4000 6202
465 277 571 334 787

1741 269 1802 324 Β.
1840 260 2148 321 JOANNIB
2184 255 2603 313 DAMASCENI

3708 260 3795 314 788

473 408 599 478 ipse
644 407 854 459 Pastor
884 399 1098 471 induit,
1133 398 1562 470 seductumque
1587 395 1749 452 illius
1789 389 1983 464 specie
2015 387 2114 444 ad-

2229 378 2379 442 νιδος
2409 379 2470 435 τὸ
2503 376 2700 436 κώδιον
2731 380 2758 436 6
2791 380 3010 454 Ποιμήν
3069 380 3098 434 6
3155 376 3328 441 καλὸς
3382 380 3654 450 περιεθετο,
3677 379 3728 436 δι’
3750 386 3799 440 οὗ

474 495 821 562 versarium,
866 499 923 548 et
971 509 1143 548 cruce
1195 495 1618 564 expugnatum,
1671 482 2006 558 tyrannide,
2051 484 2119 534 ut

465 588 698 660 justum
731 590 876 652 erat,
911 584 1087 655 ejecit
1115 599 1128 648 ;
1160 587 1364 653 utpote
1388 579 1487 651 qui
1511 595 1617 652 per
1640 591 1933 632 summam
1961 571 2116 660 inju-

471 659 647 744 riam,
677 680 929 730 mortem
959 671 1034 726 ad
1068 671 1357 727 ultionem
1390 667 1616 741 peccati
1649 667 1970 729 decretam,
2012 659 2116 716 ad-

473 782 677 822 versus
708 764 880 818 illum
910 762 1294 828 instruxerat,
1330 759 1430 830 qui
1481 775 1516 814 a
1561 759 1802 830 peccato
1834 750 2119 809 immunis

476 860 650 913 esset.
680 855 805 908 Non
839 853 998 907 enim
1030 851 1238 906 mortis
1269 867 1456 922 pmnaa
1475 854 1533 904 et
1561 847 1836 902 vindictaa
1868 846 1995 900 erat
2014 839 2122 895 ob-

473 945 708 1011 noxius,
741 942 842 1016 qui
873 945 1183 1015 peccatum
1212 939 1459 996 minime
1490 940 1843 1010 gustaverat.

545 1056 598 1108 5.
617 1051 1013 1118 Quamobrem
1035 1050 1137 1106 ille
1155 1050 1256 1124 qui
1274 1049 1494 1122 injuste
1517 1047 1822 1103 hominem
1845 1041 2120 1116 peremit,

472 1142 731 1200 vicissim
759 1141 884 1213 ipse
909 1141 1045 1213 jure
1067 1139 1452 1212 perimendus
1476 1137 1607 1205 erit,
1629 1141 1685 1190 et
1706 1152 1851 1207 quas
1870 1132 2121 1206 conqui-

474 1234 652 1290 sierat
671 1249 812 1303 opes
829 1231 1157 1286 amissurus
1177 1234 1284 1288 est.
1300 1228 1466 1284 Illius
1483 1227 1703 1283 etenim
1717 1223 2119 1295 interemptio,

469 1321 780 1396 potestatis
803 1319 1045 1376 amissio
1070 1324 1129 1374 et
1149 1317 1363 1391 ejectio
1391 1321 1483 1372 est
1506 1332 1518 1370 :
1541 1315 1878 1370 daemonum
1903 1311 2122 1384 quippe

475 1427 661 1484 genus
696 1408 1036 1464 immortale
1069 1406 1374 1462 conditum
1405 1421 1437 1460 a
1468 1405 1585 1458 Deo
1616 1402 1746 1458 fuit.
1780 1401 1890 1456 Sed
1924 1405 1982 1455 et
2011 1400 2122 1456 Do-

476 1501 676 1556 minus
709 1515 823 1570 quo
855 1512 1065 1570 passus
1097 1502 1187 1552 est
1217 1500 1506 1566 tempore,
1539 1492 1768 1549 aiebat:
1809 1492 2125 1562 Veniprin-

476 1605 599 1659 ceps
627 1588 820 1643 mundi
851 1587 1034 1658 hujus,
1059 1592 1112 1641 et
1142 1588 1201 1640 in
1227 1601 1311 1641 me
1335 1599 1445 1639 non
1471 1583 1710 1637 inveniet
1727 1580 2029 1652 quidquam
2051 1579 2119 1634 ’3:

478 1678 591 1734 hoc
623 1682 712 1732 est
743 1676 976 1732 nullum
1008 1689 1250 1748 germen
1274 1688 1478 1731 eorum
1511 1689 1641 1744 qua:
1664 1669 1994 1737 seminavit,
2021 1672 2125 1725 aut

479 1766 705 1840 peccati
721 1765 1054 1839 vestigium,
1070 1763 1446 1828 autodorem,
1463 1759 1798 1818 autumbrae
1818 1758 2124 1814 indicium.

481 1858 651 1925 Nam,
685 1859 751 1910 ut
779 1871 915 1912 cum
948 1853 1240 1927 propheta
1256 1851 1466 1924 loquar
1491 1866 1503 1904 :
1536 1852 1826 1909 Peccatum
1845 1865 1954 1903 non
1972 1849 2128 1917 fecit,

481 1963 578 2001 nec
609 1946 762 2000 dolus
789 1944 1040 2000 inventus
1073 1947 1149 1998 est
1179 1943 1237 1996 in
1268 1957 1359 1997 ove
1385 1940 1503 2010 ejus
1519 1937 1583 1994 ’3.
1609 1939 1893 2007 Quocirca
1914 1939 2128 1993 iterum

482 2035 718 2090 dicebat
754 2050 766 2089 :
800 2035 953 2089 Nunc
995 2032 1276 2102 judicium
1305 2036 1381 2084 est
1430 2028 1643 2097 mundi,
1693 2044 1838 2083 nunc
1867 2027 2129 2098 princeps

481 2124 646 2193 hujus
694 2122 888 2179 mundi
937 2122 1193 2192 ejicielur
1235 2122 1395 2188 foras
1443 2115 1529 2185 M;
1581 2117 1700 2172 sive
1753 2116 2128 2188 tyrannidem

489 2212 743 2278 amittet,
779 2216 838 2265 et
861 2208 1297 2266 amandabitur.
1332 2207 1446 2262 Sua
1467 2206 1646 2279 igitur
1670 2205 2125 2272 resurrectione,

474 2300 737 2355 humana
766 2315 963 2354 massa
997 2301 1293 2369 reparata,
1324 2301 1558 2351 sanctos
1582 2294 1861 2368 deinceps
1892 2302 2127 2368 aposto-

490 2390 582 2446 los
600 2390 662 2446 in
683 2387 941 2444 universi
965 2392 1258 2442 terrarum
1281 2384 1442 2440 orbis
1466 2385 1602 2441 ﬁnis
1625 2385 1862 2453 emittit,
1883 2391 1944 2440 ut
1977 2385 2127 2442 salu-

474 2483 664 2534 tarem
699 2476 1188 2550 praedicationem
1209 2473 1552 2530 hominibus
1580 2475 1958 2539 annuntient,
1983 2480 2040 2530 et
2055 2473 2127 2530 ad

483 2584 658 2623 suum
689 2566 983 2622 reducant
1012 2570 1337 2632 auctorem,
1379 2564 1751 2636 Spiritusque
1801 2563 2128 2637 fulgoribus

479 2657 805 2727 impietatis
837 2655 1112 2710 tenebras
1150 2653 1494 2723 dissolvant,
1543 2669 1805 2708 errorem
1849 2654 2129 2710 extermi-

481 2746 960 2814 nent,veritatem
976 2744 1248 2799 doceant.
1265 2743 1429 2811 Inde,
1452 2743 1952 2814 quemadmodum
1974 2744 2128 2817 ignis

479 2835 893 2907 copiosissima
933 2833 1421 2906 amplissimaque
1453 2832 1747 2904 lignorum
1781 2838 1941 2889 strue
1989 2851 2127 2890 cor-

479 2931 667 2996 cepta,
702 2924 1016 2979 celerrime
1048 2922 1357 2978 elatiorem
1406 2921 1468 2976 in
1499 2922 1802 2978 ﬂammam
1847 2925 2124 2995 exsurgit,

480 3013 717 3084 aliaque
749 3029 820 3067 ex
851 3012 984 3067 aliis
1015 3011 1207 3066 vicina
1237 3011 1595 3082 depascitur,
1618 3028 1811 3082 neque
1833 3012 1983 3068 lucis
2007 3030 2126 3068 suae

480 3102 595 3158 vim
648 3102 713 3158 in
742 3101 896 3158 898
945 3099 1161 3172 angulo
1211 3104 1408 3173 potest
1454 3099 1694 3164 abdere,
1745 3100 1849 3155 sed
1897 3102 2127 3158 cunctis

474 3191 652 3248 etiam
677 3188 1094 3245 remotissimis
1122 3189 1506 3262 conspicuam
1531 3189 1723 3244 reddit
1748 3206 1761 3244 :
1787 3189 1871 3245 sic
1892 3189 2124 3248 divinus

472 3280 574 3336 ille
609 3280 784 3352 ignis,
816 3295 993 3351 quem
1026 3284 1092 3334 ut
1135 3279 1398 3334 mitteret
1443 3279 1506 3334 in
1553 3284 1794 3351 terram,
1845 3279 2126 3338 Dominus

479 3385 658 3441 supra
688 3374 906 3422 terram
933 3366 1203 3422 ascendit
1241 3366 1308 3434 ³⁵,
1342 3365 1464 3438 ille,
1499 3367 1767 3439 inquam,
1800 3367 1901 3441 qui
1947 3385 2122 3426 omne

470 3475 578 3530 pec
589 3463 806 3524 catum,
829 3473 1186 3528 omnemque
1204 3472 1450 3530 pravum
1470 3461 1528 3512 et
1541 3461 1842 3511 terrenum
1856 3455 2124 3514 habitum

476 3552 534 3602 et
565 3547 937 3602 allectionem
957 3546 1218 3602 absumit
1247 3549 1306 3600 et
1333 3545 1551 3615 abolet,
1576 3562 1681 3619 per
1702 3545 2002 3617 apostolos
2026 3563 2123 3602 eo-

478 3652 732 3706 rumque
766 3650 1159 3700 successores,
1191 3633 1252 3689 in
1276 3634 1588 3690 hominum
1619 3635 1849 3691 animos
1878 3635 2126 3692 commi-

476 3741 653 3797 grans
681 3741 694 3791 ;
721 3739 819 3778 eos
842 3724 1084 3794 quidem
1107 3729 1400 3795 quotquot
1417 3723 1584 3779 lenes
1603 3729 1774 3780 erant
1792 3725 2123 3800 mollesque

477 3812 962 3868 etreformationi
994 3811 1215 3878 idonei,
1249 3829 1541 3884 suumque
1573 3820 1898 3883 auctorem,
1944 3821 2122 3887 atque

485 3919 517 3959 a
546 3903 880 3975 captivitate
912 3901 1006 3956 cui
1037 3901 1258 3958 addicti
1299 3907 1490 3972 erant,
1533 3902 1976 3975 redemptorem
2024 3922 2121 3960 ex-

476 3991 846 4066 spectabant,
877 3990 1189 4046 confestlm
1221 3990 1504 4046 abstersis
1526 3997 1904 4066 peccatorum
1929 3993 2116 4050 sordi-

473 4083 587 4140 bus
618 4087 677 4138 et
706 4080 1063 4149 emundatis,
1097 4079 1347 4148 divinos,
1381 4079 1612 4136 lucidos
1645 4086 1704 4135 et
1733 4081 1925 4136 claros
1957 4082 2123 4138 ador-

474 4172 635 4229 navit
659 4187 672 4239 ;
699 4170 834 4225 illos
863 4176 1059 4225 autem
1084 4169 1185 4241 qui
1209 4169 1531 4242 impietatis
1555 4169 1752 4226 labem
1771 4170 1886 4226 alte
1908 4172 2121 4227 hause-

475 4266 632 4327 rant,
665 4277 731 4316 ac
759 4259 1243 4332 vespertilionum
1274 4275 1461 4329 more,
1505 4276 1578 4313 ne
1610 4259 1849 4315 lucente
1882 4261 2123 4334 quidem

475 4352 599 4408 sole
631 4350 752 4406 suis
781 4349 1047 4422 ipsorum
1083 4347 1273 4404 oculis
1312 4347 1632 4404 micantem
1668 4348 1863 4406 lucem
1917 4350 2124 4406 inferri

477 4439 868 4510 sustinebant,
903 4438 1004 4495 sed
1035 4439 1096 4494 in
1137 4437 1398 4494 tenebris
1427 4444 1711 4512 perpetuo
1757 4455 1927 4512 agere
1979 4445 2037 4494 et
2062 4441 2124 4496 in

482 4549 648 4588 cceno
681 4529 931 4584 volutari
974 4528 1330 4593 maluerant,
1380 4533 1644 4584 extremo
1689 4529 1977 4602 gehennm
2010 4530 2128 4604 igni

479 4622 724 4690 addixit,
745 4637 854 4678 ceu
880 4620 981 4696 qui
1005 4624 1214 4693 sponte
1236 4619 1939 4679 insanabiliterlaborare
1962 4621 2123 4698 cupi-

475 4714 687 4770 verint.

2228 471 2319 526 τὸν
2352 467 2620 526 ἀντίδικον
2650 466 2931 542 δελεάσας,
2979 467 3071 525 καί
3119 468 3196 542 τῷ
3247 469 3465 544 σταυρῷ
3502 477 3801 545 καταγωνισά-

2231 580 2408 634 μενος,
2445 557 2667 621 δικαίως
2717 565 2819 629 τῆς
2871 556 3184 631 τυραννίδος
3239 552 3584 627 ἐκϐέϐληκεν,
3635 560 3694 622 ὡς
3714 560 3801 618 iii.

2226 670 2338 713 κως
2364 653 2445 720 τῷ
2479 649 2746 726 ἁμαρτίας
2775 649 3012 725 ἃπείρῳ,
3043 649 3160 703 καθ’
3190 645 3257 718 ἤν
3315 648 3345 702 6
3403 648 3612 710 θάνατος
3637 651 3801 722 ὥριστο,

2225 739 2316 794 τὸν
2352 739 2579 802 θάνατον
2631 735 3024 817 ὶφοπλίσαντα.
3083 737 3160 795 Οὐ
3219 736 3324 814 γάρ
3387 735 3601 801 θανάτου
3626 738 3806 807 εὐθύναις

2225 825 2317 881 καὶ
2375 825 2674 899 ἐπιτιμίοις
2761 826 3034 900 ὑπέκειτο,
3097 825 3126 882 6
3195 825 3468 901 ἁμαρτίας
3546 826 3806 883 παντάπασιν

2229 911 2508 990 ἄγευστος.

2301 1027 2357 1079 ε’.
2410 1023 2465 1076 Ὀ
2519 1019 2697 1080 τοίνυν
2755 1026 2950 1078 τοῦτον
3007 1019 3213 1086 ἀδίκως
3270 1021 3580 1098 ἀνῃρηκὼς,
3643 1020 3803 1087 ἐνδίκως

2228 1111 2758 1188 ἀνταναιρεθτςσεται,
2816 1112 2906 1168 καὶ
2967 1112 3029 1168 οὗ
3086 1111 3350 1183 ἐκέκτητο
3396 1108 3805 1189 alto-$109,012?»

2231 1207 2472 1276 θήσεται.
2531 1205 2776 1264 Ἐκείνου
2847 1205 2946 1282 γάρ
3037 1203 3332 1278 ἀναίρεσις,
3393 1204 3428 1273 ἡ
3493 1206 3586 1272 τῆς
3631 1205 3806 1276 ἐξουσίας

2229 1294 2370 1352 ἐστὶν
2403 1290 2608 1377 ἐκϐολῇ
2668 1295 2758 1351 καὶ
2813 1293 3102 1358 ἔκπτωσις·
3161 1294 3432 1349 ἀθάνατον
3464 1295 3561 1371 γάρ
3588 1297 3641 1350 τὸ
3668 1293 3808 1371 61:314-

2228 1406 2341 1440 νιον
2375 1382 2547 1463 φῦλον
2600 1384 2703 1440 ὑπὸ
2759 1388 2856 1439 τοῦ
2912 1382 3142 1441 Κτίστου
3202 1380 3808 1459 δεδημιο·5ργηται.1ἰιιῖὁ

2229 1475 2431 1550 Κύριος
2481 1473 2583 1551 γὰρ
2644 1475 2792 1550 παρά
2849 1475 2940 1529 τὸν
2997 1478 3095 1530 τοῦ
3152 1472 3365 1536 πάθους
3423 1474 3599 1550 καιρὸν
3626 1470 3808 1553 ἕσασκεν·

2230 1565 2490 1640 Ἔρχεται
2551 1565 2736 1642 ἅρχων
2793 1567 2892 1620 τοῦ
2944 1563 3158 1638 κόσμου
3216 1562 3445 1632 τούτου,
3500 1564 3584 1619 καὶ
3632 1563 3675 1618 ἐν
3722 1564 3809 1635 ἐμοὶ

2229 1652 2448 1725 εὑρήσει
2527 1651 2702 1709 οὐδὲν·
2778 1653 3046 1724 τουτέστι,
3103 1657 3210 1708 τῶν
3293 1650 3500 1707 ἐκείνου
3555 1652 3807 1730 σπερμάτων

2158 1774 2206 1841 Β
2233 1745 2525 1820 γεώργιον,
2559 1743 2594 1815 ἢ
2627 1743 2894 1821 ἁμαρτίας
2926 1743 3103 1822 ἴχνος,
3134 1744 3170 1813 ἢ
3204 1743 3413 1818 ὄσμήν,
3513 1744 3808 1816 ἀποσκίασμα.

2236 1833 2530 1911 ’Δμαρτίαν
2589 1834 2688 1913 γὰρ
2751 1833 2851 1889 οὐκ
2923 1832 3199 1907 ἐποίησεν,

2238 1921 2364 1980 οὐδὲ
2420 1921 2584 1990 δόλος
2639 1922 2830 1999 εὖρέθη
2889 1922 2941 1979 ἐν
2999 1927 3078 1997 τῷ
3137 1921 3373 1998 στόματι
3431 1924 3602 1979 αὐτοῦ.
3653 1925 3809 1978 Διὸκαῖ

2235 2015 2399 2072 πάλιν
2434 2013 2635 2093 ἔλεγεν,
2685 2019 2798 2071 Νῦν
2852 2015 3029 2092 κρίσις
3077 2019 3175 2070 τοῦ
3230 2013 3445 2088 κόσμου
3493 2013 3666 2068 τούτου
3693 2013 3808 2070 ἐστίν’

2236 2109 2322 2160 νῦν
2367 2105 2394 2160 6
2437 2102 2624 2183 ἅρχων
2679 2107 2776 2162 τοῦ
2830 2100 3040 2179 κόσμου
3095 2102 3299 2161 τούτου
3330 2101 3698 2175 ἐκϐληθήσεται
3724 2101 3810 2176 ἔξω,

2236 2194 2384 2269 ἤτοι,
2415 2203 2515 2267 τῆς
2562 2192 2878 2272 τυραννίδος
2937 2195 3270 2265 ἐκπεσεῖται,
3326 2195 3415 2250 καὶ
3476 2197 3812 2268 μεταστήσεται.

2239 2287 2336 2342 Διά
2389 2288 2486 2356 τῆς
2544 2286 2734 2342 ἑαυτοῦ
2788 2283 3080 2363 τοιγαροῦν
3142 2283 3480 2347 ἀναστάσεως
3527 2283 3583 2338 τὸ
3610 2284 3812 2357 ἡμέτερον

2239 2376 2601 2438 ἀνασκευάσας
2630 2376 2721 2431 καὶ
2765 2377 3207 2450 ἀνανεωσάμενος
3256 2377 3500 2451 φύραμα,
3551 2372 3815 2445 τοὺςίεροῦς

2236 2464 2432 2524 λοιπον
2463 2463 2810 2526 ἀποστόλους
2841 2465 2976 2521 κατά
3031 2467 3208 2538 πάσης
3247 2463 3513 2539 ἐκπέμπει
3541 2470 3628 2534 τῆς
3673 2463 3814 2517 τρίχου-

2240 2555 2493 2630 μένηςτά
2521 2555 2747 2628 πέρατα,
2791 2555 2854 2610 τὸ
2889 2557 3159 2631 σωτήριον
3203 2559 3330 2618 τοῖς
3386 2554 3590 2630 βροτοῖς
3617 2549 3812 2627 διαγγέλ·

2238 2643 2432 2707 λοντας
2461 2646 2743 2721 κήρυγμα,
2773 2644 2864 2700 καὶ
2905 2646 3041 2722 πρὸς
3095 2642 3190 2700 τὸν
3249 2641 3389 2699 ἴδιον
3422 2643 3637 2715 ποιητὴν
3665 2639 3813 2696 ἐπανεί-

2236 2755 2453 2810 γοντας,
2485 2735 2575 2792 καὶ
2603 2741 2704 2805 τῆς
2751 2730 2934 2799 ἀθεΐας
2989 2733 3080 2789 τὸν
3139 2733 3337 2790 σκότον
3368 2739 3481 2796 τοῖς
3511 2737 3600 2788 τοῦ
3627 2730 3810 2802 ave-Su:-

2233 2843 2326 2884 τος
2357 2821 2735 2899 ἀμαρύγμασιν
2797 2818 3137 2893 διαλύοντας,
3196 2823 3292 2878 καὶ
3350 2823 3448 2892 τήν
3501 2818 3685 2892 πλάνην
3725 2817 3810 2889 EE:-

2236 2911 2574 2990 φανίζοντας,
2621 2911 2712 2966 καὶ
2771 2910 3096 2988 θεογνωσίαν
3172 2908 3538 2975 διδάσκοντας.
3599 2906 3806 2971 Ἐντεῦθεν

2237 2999 2417 3077 ὥσπερ
2473 2999 2809 3074 πολυξῦλου,
2868 3000 2957 3055 καὶ
3038 2998 3522 3079 ἀμφιλαφεστάτης
3574 2998 3690 3068 ὅλης
3734 3000 3807 3072 πῦρ

2234 3086 2682 3166 ἐπιδραξάμενον,
2739 3092 2979 3166 τάχιστα
3033 3089 3109 3152 εἷς
3167 3089 3486 3166 ἐπηρμένην
3526 3085 3811 3168 φλόγιίπαί-

2157 3151 2199 3216 C
2235 3200 2403 3255 ρεται,
2434 3179 2524 3235 καὶ
2559 3178 2636 3244 εἷς
2686 3178 2754 3236 τά
2809 3187 3060 3258 προσεχῆ
3125 3178 3502 3256 μεταϐατικῶς
3557 3175 3808 3234 διαδίδοται·

2232 3269 2321 3324 καὶ
2351 3270 2450 3339 τήν
2485 3265 2837 3342 Λαμπηδόνα,
2895 3269 2984 3325 καὶ
3045 3270 3314 3346 ἐνέργειαν
3375 3271 3475 3327 οὐκ
3519 3269 3567 3325 ἐν
3593 3274 3658 3341 τῷ
3681 3286 3810 3341 παρι-

2233 3354 2414 3432 ϐὖστῳ
2467 3359 2716 3436 κατέχειν
2779 3356 3022 3434 δύναται,
3083 3359 3210 3416 ἀλλ’
3273 3358 3508 3432 ἔκδηλον
3562 3361 3716 3424 ἅπασι,
3747 3354 3810 3409 καὶ

2230 3455 2348 3513 τοῖς
2405 3449 2613 3523 μακρὰν
2675 3449 3085 3524 ἀπῳκισμένοις
3157 3449 3502 3521 καθίσσησιν.
3559 3447 3718 3508 Οὕτως
3760 3441 3807 3513 δὴ

2234 3537 2428 3596 λοιπὸν
2461 3538 2551 3595 καὶ
2580 3537 2642 3592 τὸ
2674 3543 2816 3602 θεῖον
2850 3542 2978 3613 πῦρ,
3013 3539 3043 3594 6'
3076 3537 3266 3614 βαλεῖν
3323 3539 3410 3595 ἐπὶ
3447 3546 3541 3610 τῆς
3565 3545 3672 3613 γῆς,
3695 3535 3717 3589 ὁ
3740 3539 3809 3601 τῆς

2232 3631 2336 3705 γῆς
2385 3630 2587 3695 ἀνωθεν
2644 3631 3084 3706 καταπεφοίτηκε
3143 3629 3373 3708 Κύριος,
3432 3630 3492 3686 τὸ
3539 3625 3805 3685 ἀναλωτικὸν

2232 3717 2444 3791 ἀπάσης
2477 3720 2764 3794 ἁμαρτίας,
2808 3720 2896 3776 καὶ
2955 3725 3275 3797 μοχθηρᾶς,
3325 3720 3412 3776 καὶ
3449 3716 3668 3779 ὑλώδους
3691 3713 3807 3785 ’ἑξεώς

2229 3829 2310 3878 τε,
2340 3810 2426 3866 καὶ
2479 3806 2766 3874 διαθέσεως
2815 3807 2905 3866 διά
2951 3814 3058 3866 τῶν
3109 3810 3458 3880 ἀποστόλων,
3490 3808 3688 3864 καὶτῶν
3711 3803 3807 3872 10?:-

2229 3920 2338 3956 των
2372 3896 2670 3975 διαδόχων,
2721 3899 2797 3963 εἰς
2844 3899 2946 3955 τάσ
2991 3899 3338 3975 ἀνθρωπίνας
3367 3894 3624 3956 διαϐαῖνον
3651 3891 3805 3969 ψυχάς.

2233 3989 2334 4049 Καὶ
2365 3991 2460 4052 τὰς
2495 3991 2612 4064 μὶν,
2670 3990 2789 4046 ’ὁσαι
2848 3990 2993 4046 λεῖαι
3051 4011 3110 4046 τε
3164 3991 3329 4061 ἦσαν,
3378 3991 3465 4047 καὶ
3519 3986 3712 4055 ἁπαλαί,
3743 3980 3804 4037 καὶ

2230 4081 2365 4157 πρὸς
2398 4079 2698 4137 ἀνάπλασιν
2731 4077 3062 4152 ἐπιτήδειαι,
3121 4080 3211 4138 καὶ
3269 4081 3362 4136 τὸν
3412 4084 3598 4136 ἑαυτῶν
3626 4073 3805 4144 ποιητήν

2229 4171 2318 4225 καὶ
2354 4168 2638 4246 λυτρωτὴν
2697 4169 2756 4226 ἐκ
2803 4177 2907 4242 τῆς
2965 4168 3304 4246 συνεχούσης
3350 4166 3700 4247 αἰχμαλωσίας
3721 4162 3807 4217 ἐπι-

2233 4261 2518 4330 ποθοῦσαι,
2579 4260 2666 4316 καὶ
2729 4259 3114 4333 ἀναμένουσαι,
3163 4260 3361 4316 αὐτίκα
3406 4267 3501 4329 τῆς
3537 4263 3629 4311 τῶν
3673 4256 3807 4325 ἀμαρ-

2231 4351 2490 4425 τημάτων
2568 4347 2800 4422 κηλίδος
2886 4350 3243 4426 ἀποσμῆχον,
3328 4351 3415 4405 καὶ
3497 4345 3805 4414 ἆνακαθαῖρον,

2233 4437 2506 4511 θεοειδεῖς,
2539 4441 2628 4494 καὶ
2689 4439 2974 4512 φωτεινάς,
3033 4439 3124 4494 καὶ
3183 4438 3440 4517 λαμπράς
3469 4435 3803 4509 ἀπετὸρνευσενο

2162 4533 2207 4596 D
2235 4528 2362 4592 τοὺς
2395 4526 2451 4584 δὲ
2481 4550 2541 4606 γε
2571 4529 2708 4584 κατά
2763 4525 2932 4605 βάθος
2983 4515 3354 4604 δεδεγμένους
3372 4528 3466 4596 τήν
3496 4533 3587 4594 τῆς
3612 4515 3800 4577 ἀσεϐείας

2237 4618 2501 4682 ἑκουσίως
2558 4619 2850 4690 ποιότητα,
2905 4617 2995 4672 καὶ
3054 4615 3383 4694 νυκτερίδων
3425 4615 3569 4686 δίκην
3601 4608 3802 4687 μήτετοῦ

2234 4706 2402 4780 ἡλίου
2432 4708 2755 4783 λάμψαντος
2805 4705 2868 4763 τὸ
2927 4705 3128 4786 φέγγος
3184 4713 3300 4770 τοῖς
3344 4708 3533 4766 tamen
3563 4696 3804 4781 dellzlpoi:

3289 1838 3627 1911 προφητικῶς
3672 1834 3809 1900 εἰπεῖν,

480 4800 854 4879 βουλομένους
906 4795 1266 4874 εἰσδέχεσθαι,
1325 4794 1454 4852 ἀλλ’
1520 4795 1573 4852 ἐν
1632 4795 1810 4852 σκότει
1867 4793 2093 4874 διάγειν,
2146 4797 2236 4854 καὶ
2292 4802 2371 4870 τῷ
2431 4791 2686 4874 βορϐόρῳ
2772 4793 3210 4872 έγκαλινδεῖσθαι
3272 4794 3525 4870 διηνεκῶς
3572 4805 3803 4868 προαιρου-

474 4891 692 4968 μένους,
722 4893 800 4963 τῷ
821 4885 1120 4961 τελευταίῳ
1148 4893 1248 4958 τῆς
1278 4884 1497 4964 γεέννης
1526 4886 1657 4963 πυρὶ
1688 4887 2060 4965 παρέπεμπεν,
2095 4887 2166 4951 ὡς

542 5025 594 5078 6.
633 5023 850 5076 Verum
881 5015 1175 5089 ejusmodi
1205 5032 1324 5073 non
1346 5015 1459 5072 fuit
1488 5015 1894 5072 celeberrimas
1918 5016 2130 5074 Barba-

463 5131 546 5168 τω
567 5108 1001 5167 sacratissimus
1015 5106 1447 5178 acpurissimus
1462 5106 1720 5162 animus.
1759 5107 1913 5172 Quin
1931 5107 2128 5177 potius

469 5201 607 5258 ﬁdei
635 5198 951 5270 Splendore
984 5201 1282 5267 suscepto,
1311 5201 1369 5250 et
1393 5196 1653 5252 tenebris
1679 5213 1814 5251 cum
1844 5196 1978 5251 luce
1999 5196 2122 5251 col-

471 5289 632 5350 latis,
650 5289 1005 5341 immensum
1024 5285 1289 5340 intereas
1310 5283 1632 5340 discrimen
1655 5285 2050 5356 comperiens,
2069 5289 2128 5339 et

474 5380 763 5450 quantum
795 5375 895 5429 Dei
940 5375 1152 5428 notitia
1196 5374 1491 5429 idolorum
1537 5373 1724 5430 erorri
1775 5379 1834 5428 et
1882 5374 2122 5445 caligini

477 5462 880 5531 antecelleret,
915 5464 1131 5530 statim,
1166 5479 1275 5518 ceu
1297 5469 1454 5519 terra
1475 5463 1630 5519 bona
1653 5468 1712 5520 et
1731 5463 1988 5536 pinguis,
2013 5479 2124 5518 caa-

551 5625 601 5662 ²²
628 5624 793 5680 Joan.
826 5639 934 5690 XIV,
968 5624 1054 5677 30.
1089 5620 1136 5655 ³³
1165 5623 1274 5678 Isa.
1309 5641 1361 5694 ν,
1395 5626 1447 5692 3,
1479 5628 1531 5683 9,
1564 5626 1609 5661 ²⁴
1637 5627 1802 5681 Joan,
1836 5641 1934 5695 xu,
1966 5626 2053 5678 31,
2085 5623 2132 5658 ³⁵

2148 4909 2168 4951 ς
2201 4887 2391 4943 ἀνίατα
2419 4891 2592 4943 νοσεῖν
2622 4883 2950 4952 ἐθελουσίως
2979 4887 3352 4958 ποθήσαντας.

2310 5019 2369 5084 ζ.
2402 5013 2561 5071 Ἀλλ’
2621 5011 2684 5068 οὐ
2739 5010 2964 5084 τοιαύτη
3023 5019 3127 5082 τῆς
3195 5013 3539 5089 πανευφήμου
3593 5006 3804 5089 μάρτυρος

2237 5099 2522 5180 Βαρϐάρας
2553 5105 2587 5173 ἡ
2633 5100 2888 5178 πανίερος
2942 5101 3032 5158 καὶ
3091 5084 3442 5178 καθαρωτάτη
3499 5095 3651 5173 ψυχὴ,
3695 5084 3803 5144 δεδι-

2233 5195 2406 5270 γμένη
2442 5191 2499 5248 δὲ
2532 5191 2747 5266 μᾶλλον
2775 5193 2874 5261 τήν
2907 5189 3110 5267 αἴγλην
3151 5199 3252 5261 τῆς
3278 5191 3515 5255 πίστεως,
3544 5185 3620 5240 κπῖ
3646 5182 3694 5270 τδ
3719 5180 3799 5256 φῶς

2231 5286 2311 5354 τῷ
2339 5285 2489 5360 ζόφῳ
2519 5279 2869 5356 συγκρίνασα,
2926 5279 3017 5335 καὶ
3074 5280 3136 5335 τὸ
3196 5280 3509 5356 ἀσύγκριτον
3547 5274 3651 5330 ὅσον
3681 5269 3799 5337 ὑπερ-

2233 5379 2441 5445 οχικῶς
2500 5369 2711 5442 ἱδοῦσα,
2782 5365 3086 5440 κεκτημένη
3177 5371 3274 5439 τήν
3363 5373 3496 5432 θείαν
3574 5362 3793 5434 ἐπίγνωσιν

2230 5459 2366 5536 πρὸς
2423 5461 2523 5530 τῆν
2574 5460 2680 5515 τῶν
2746 5455 3139 5533 βδελυγμάτων
3197 5457 3399 5529 πλάνην
3449 5453 3532 5511 καί
3583 5447 3790 5505 σκὸτασιν,

2161 5623 2297 5682 Luc.
2330 5639 2429 5693 xu,
2462 5624 2550 5677 49·
