  <div class='ocr_page' id='page_1' title='image "/cluster/home/n/w/nwhite01/storage/ocr_20150623/96/hvd.32044073502122/401.png"; bbox 0 0 4000 6202; ppageno 0'>
   <div class='ocr_carea' id='block_1_1' title="bbox 458 300 561 355">
    <p class='ocr_par' dir='ltr' id='par_1_1' title="bbox 458 300 561 355">
     <span class='ocr_line' id='line_1_1' title="bbox 458 300 561 355; baseline 0.01 -1"><span class='ocrx_word' id='word_1_1' title='bbox 458 300 561 355; x_wconf 86' lang='grc'>791</span> 
     </span>
    </p>
   </div>
   <div class='ocr_carea' id='block_1_2' title="bbox 1751 296 2614 354">
    <p class='ocr_par' dir='ltr' id='par_1_2' title="bbox 1751 296 2614 354">
     <span class='ocr_line' id='line_1_2' title="bbox 1751 296 2614 354; baseline -0.002 0"><span class='ocrx_word' id='word_1_2' title='bbox 1751 301 1813 354; x_wconf 83' lang='lat'>8.</span> <span class='ocrx_word' id='word_1_3' title='bbox 1852 296 2156 354; x_wconf 75' lang='lat' dir='ltr'>JOANNIS</span> <span class='ocrx_word' id='word_1_4' title='bbox 2195 297 2614 353; x_wconf 74' lang='lat' dir='ltr'>DAMASCBNI</span> 
     </span>
    </p>
   </div>
   <div class='ocr_carea' id='block_1_3' title="bbox 3699 296 3781 352">
    <p class='ocr_par' dir='ltr' id='par_1_3' title="bbox 3699 296 3781 352">
     <span class='ocr_line' id='line_1_3' title="bbox 3699 296 3781 352; baseline 0.037 -3"><span class='ocrx_word' id='word_1_5' title='bbox 3699 296 3781 352; x_wconf 82' lang='lat'>792</span> 
     </span>
    </p>
   </div>
   <div class='ocr_carea' id='block_1_4' title="bbox 469 410 2126 493">
    <p class='ocr_par' dir='ltr' id='par_1_4' title="bbox 469 420 2109 483">
     <span class='ocr_line' id='line_1_4' title="bbox 469 420 2109 483; baseline -0.002 -4"><span class='ocrx_word' id='word_1_6' title='bbox 469 422 805 480; x_wconf 87' lang='lat' dir='ltr'>chritudine</span> <span class='ocrx_word' id='word_1_7' title='bbox 861 420 1206 483; x_wconf 81' lang='lat' dir='ltr'>formosam.</span> <span class='ocrx_word' id='word_1_8' title='bbox 1238 424 1298 476; x_wconf 92' lang='lat' dir='ltr'>et</span> <span class='ocrx_word' id='word_1_9' title='bbox 1325 435 1561 477; x_wconf 90' lang='lat' dir='ltr'>morum</span> <span class='ocrx_word' id='word_1_10' title='bbox 1600 422 1912 477; x_wconf 77' lang='lat' dir='ltr'>honestate</span> <span class='ocrx_word' id='word_1_11' title='bbox 1960 420 2109 477; x_wconf 90' lang='lat' dir='ltr'>insi-</span> 
     </span>
    </p>
   </div>
   <div class='ocr_carea' id='block_1_5' title="bbox 2236 410 3794 493">
    <p class='ocr_par' dir='ltr' id='par_1_5' title="bbox 2236 410 3794 493">
     <span class='ocr_line' id='line_1_5' title="bbox 2236 410 3794 493; baseline 0.001 -21"><span class='ocrx_word' id='word_1_12' title='bbox 2236 412 2388 493; x_wconf 71' lang='grc' dir='ltr'>Ξάραν</span> <span class='ocrx_word' id='word_1_13' title='bbox 2419 418 2668 491; x_wconf 88' lang='grc' dir='ltr'>όνόματι,</span> <span class='ocrx_word' id='word_1_14' title='bbox 2698 414 2941 479; x_wconf 81' lang='grc' dir='ltr'>κάλλους</span> <span class='ocrx_word' id='word_1_15' title='bbox 2972 414 3275 491; x_wconf 83' lang='grc' dir='ltr'>ὡραιότητι</span> <span class='ocrx_word' id='word_1_16' title='bbox 3315 410 3703 487; x_wconf 74' lang='grc' dir='ltr'>διαπρέπουσαν,</span> <span class='ocrx_word' id='word_1_17' title='bbox 3724 418 3794 473; x_wconf 72' lang='grc' dir='ltr'>καὶ</span> 
     </span>
    </p>
   </div>
   <div class='ocr_carea' id='block_1_6' title="bbox 464 510 2112 586">
    <p class='ocr_par' dir='ltr' id='par_1_6' title="bbox 464 510 2112 586">
     <span class='ocr_line' id='line_1_6' title="bbox 464 510 2112 586; baseline -0.002 -18"><span class='ocrx_word' id='word_1_18' title='bbox 464 530 661 586; x_wconf 84' lang='lat' dir='ltr'>gnem.</span> <span class='ocrx_word' id='word_1_19' title='bbox 693 511 1086 577; x_wconf 88' lang='lat' dir='ltr'>Quamobrem</span> <span class='ocrx_word' id='word_1_20' title='bbox 1120 516 1416 566; x_wconf 86' lang='lat' dir='ltr'>exstructa</span> <span class='ocrx_word' id='word_1_21' title='bbox 1445 511 1593 565; x_wconf 90' lang='lat' dir='ltr'>turri</span> <span class='ocrx_word' id='word_1_22' title='bbox 1624 510 1833 580; x_wconf 87' lang='lat' dir='ltr'>alta,in</span> <span class='ocrx_word' id='word_1_23' title='bbox 1861 511 2112 582; x_wconf 86' lang='lat' dir='ltr'>eavirgi-</span> 
     </span>
    </p>
   </div>
   <div class='ocr_carea' id='block_1_7' title="bbox 465 599 2113 671">
    <p class='ocr_par' dir='ltr' id='par_1_7' title="bbox 465 599 2113 671">
     <span class='ocr_line' id='line_1_7' title="bbox 465 599 2113 671; baseline -0.001 -15"><span class='ocrx_word' id='word_1_24' title='bbox 465 618 705 668; x_wconf 90' lang='lat' dir='ltr'>nem,ne</span> <span class='ocrx_word' id='word_1_25' title='bbox 725 601 1035 655; x_wconf 86' lang='lat' dir='ltr'>hominum</span> <span class='ocrx_word' id='word_1_26' title='bbox 1054 599 1391 671; x_wconf 81' lang='lat' dir='ltr'>aspectibus</span> <span class='ocrx_word' id='word_1_27' title='bbox 1422 606 1671 671; x_wconf 85' lang='lat' dir='ltr'>pateret,</span> <span class='ocrx_word' id='word_1_28' title='bbox 1692 600 1764 654; x_wconf 90' lang='lat' dir='ltr'>ob</span> <span class='ocrx_word' id='word_1_29' title='bbox 1798 601 2113 655; x_wconf 84' lang='lat' dir='ltr'>florentem</span> 
     </span>
    </p>
   </div>
   <div class='ocr_carea' id='block_1_8' title="bbox 463 688 2116 764">
    <p class='ocr_par' dir='ltr' id='par_1_8' title="bbox 463 688 2116 764">
     <span class='ocr_line' id='line_1_8' title="bbox 463 688 2116 764; baseline -0.001 -19"><span class='ocrx_word' id='word_1_30' title='bbox 463 691 1035 764; x_wconf 74' lang='lat' dir='ltr'>praafulgentemque</span> <span class='ocrx_word' id='word_1_31' title='bbox 1050 689 1377 745; x_wconf 78' lang='lat' dir='ltr'>venustatis</span> <span class='ocrx_word' id='word_1_32' title='bbox 1410 689 1739 744; x_wconf 75' lang='lat' dir='ltr'>claritatem</span> <span class='ocrx_word' id='word_1_33' title='bbox 1764 695 1822 745; x_wconf 91' lang='lat' dir='ltr'>et</span> <span class='ocrx_word' id='word_1_34' title='bbox 1842 688 2116 760; x_wconf 89' lang='lat' dir='ltr'>splendo-</span> 
     </span>
    </p>
   </div>
   <div class='ocr_carea' id='block_1_9' title="bbox 462 778 2114 851">
    <p class='ocr_par' dir='ltr' id='par_1_9' title="bbox 462 778 2114 851">
     <span class='ocr_line' id='line_1_9' title="bbox 462 778 2114 851; baseline -0.002 -15"><span class='ocrx_word' id='word_1_35' title='bbox 462 787 591 836; x_wconf 82' lang='lat' dir='ltr'>rem</span> <span class='ocrx_word' id='word_1_36' title='bbox 623 778 1079 844; x_wconf 68' lang='lat' dir='ltr'>conclusit.Quaa</span> <span class='ocrx_word' id='word_1_37' title='bbox 1097 779 1369 834; x_wconf 90' lang='lat' dir='ltr'>cumillic</span> <span class='ocrx_word' id='word_1_38' title='bbox 1400 784 1660 851; x_wconf 83' lang='lat' dir='ltr'>ageret,a</span> <span class='ocrx_word' id='word_1_39' title='bbox 1690 778 1892 835; x_wconf 66' lang='lat' dir='ltr'>seaculi</span> <span class='ocrx_word' id='word_1_40' title='bbox 1912 794 2114 833; x_wconf 91' lang='lat' dir='ltr'>rerum</span> 
     </span>
    </p>
   </div>
   <div class='ocr_carea' id='block_1_10' title="bbox 465 868 2114 941">
    <p class='ocr_par' dir='ltr' id='par_1_10' title="bbox 465 868 2114 941">
     <span class='ocr_line' id='line_1_10' title="bbox 465 868 2114 941; baseline -0.002 -16"><span class='ocrx_word' id='word_1_41' title='bbox 465 869 820 925; x_wconf 92' lang='lat' dir='ltr'>tumultibus</span> <span class='ocrx_word' id='word_1_42' title='bbox 833 885 1068 937; x_wconf 91' lang='lat' dir='ltr'>vacans,</span> <span class='ocrx_word' id='word_1_43' title='bbox 1107 869 1325 940; x_wconf 82' lang='lat' dir='ltr'>pietate</span> <span class='ocrx_word' id='word_1_44' title='bbox 1356 868 1565 941; x_wconf 89' lang='lat' dir='ltr'>plenas</span> <span class='ocrx_word' id='word_1_45' title='bbox 1580 868 1967 941; x_wconf 86' lang='lat' dir='ltr'>cogitationes</span> <span class='ocrx_word' id='word_1_46' title='bbox 1980 868 2114 923; x_wconf 58' lang='lat' dir='ltr'>ani-</span> 
     </span>
    </p>
   </div>
   <div class='ocr_carea' id='block_1_11' title="bbox 464 958 2116 1028">
    <p class='ocr_par' dir='ltr' id='par_1_11' title="bbox 464 958 2116 1028">
     <span class='ocr_line' id='line_1_11' title="bbox 464 958 2116 1028; baseline -0.002 -13"><span class='ocrx_word' id='word_1_47' title='bbox 464 977 560 1015; x_wconf 91' lang='lat' dir='ltr'>mo</span> <span class='ocrx_word' id='word_1_48' title='bbox 574 958 1089 1028; x_wconf 88' lang='lat' dir='ltr'>versabat,easque</span> <span class='ocrx_word' id='word_1_49' title='bbox 1107 958 1339 1014; x_wconf 90' lang='lat' dir='ltr'>colebat</span> <span class='ocrx_word' id='word_1_50' title='bbox 1353 963 1411 1014; x_wconf 90' lang='lat' dir='ltr'>et</span> <span class='ocrx_word' id='word_1_51' title='bbox 1440 958 1756 1015; x_wconf 89' lang='lat' dir='ltr'>alebat.Sic</span> <span class='ocrx_word' id='word_1_52' title='bbox 1772 959 1933 1014; x_wconf 90' lang='lat' dir='ltr'>enim</span> <span class='ocrx_word' id='word_1_53' title='bbox 1950 974 2116 1013; x_wconf 90' lang='lat' dir='ltr'>com-</span> 
     </span>
    </p>
   </div>
   <div class='ocr_carea' id='block_1_12' title="bbox 462 1048 2114 1122">
    <p class='ocr_par' dir='ltr' id='par_1_12' title="bbox 462 1048 2114 1122">
     <span class='ocr_line' id='line_1_12' title="bbox 462 1048 2114 1122; baseline -0.001 -17"><span class='ocrx_word' id='word_1_54' title='bbox 462 1055 736 1122; x_wconf 90' lang='lat' dir='ltr'>paratum</span> <span class='ocrx_word' id='word_1_55' title='bbox 769 1054 951 1119; x_wconf 89' lang='lat' dir='ltr'>est,ut</span> <span class='ocrx_word' id='word_1_56' title='bbox 980 1049 1237 1105; x_wconf 87' lang='lat' dir='ltr'>solitudo</span> <span class='ocrx_word' id='word_1_57' title='bbox 1256 1048 2114 1121; x_wconf 71' lang='lat' dir='ltr'>subtiliumetpraamagniﬁco-</span> 
     </span>
    </p>
   </div>
   <div class='ocr_carea' id='block_1_13' title="bbox 460 1140 2115 1214">
    <p class='ocr_par' dir='ltr' id='par_1_13' title="bbox 460 1140 2115 1214">
     <span class='ocr_line' id='line_1_13' title="bbox 460 1140 2115 1214; baseline -0.001 -18"><span class='ocrx_word' id='word_1_58' title='bbox 460 1157 595 1196; x_wconf 89' lang='lat' dir='ltr'>rum</span> <span class='ocrx_word' id='word_1_59' title='bbox 627 1141 988 1214; x_wconf 86' lang='lat' dir='ltr'>cogitatuum</span> <span class='ocrx_word' id='word_1_60' title='bbox 1015 1157 1233 1213; x_wconf 89' lang='lat' dir='ltr'>parens</span> <span class='ocrx_word' id='word_1_61' title='bbox 1264 1142 1359 1196; x_wconf 90' lang='lat' dir='ltr'>sit.</span> <span class='ocrx_word' id='word_1_62' title='bbox 1394 1143 1476 1196; x_wconf 79' lang='lat' dir='ltr'>Ac</span> <span class='ocrx_word' id='word_1_63' title='bbox 1523 1141 1766 1212; x_wconf 88' lang='lat' dir='ltr'>quidem</span> <span class='ocrx_word' id='word_1_64' title='bbox 1817 1140 2115 1195; x_wconf 87' lang='lat' dir='ltr'>idolorum</span> 
     </span>
    </p>
   </div>
   <div class='ocr_carea' id='block_1_14' title="bbox 462 1231 2115 1301">
    <p class='ocr_par' dir='ltr' id='par_1_14' title="bbox 462 1231 2115 1301">
     <span class='ocr_line' id='line_1_14' title="bbox 462 1231 2115 1301; baseline -0.001 -14"><span class='ocrx_word' id='word_1_65' title='bbox 462 1248 724 1287; x_wconf 89' lang='lat' dir='ltr'>errorem</span> <span class='ocrx_word' id='word_1_66' title='bbox 756 1237 815 1287; x_wconf 94' lang='lat' dir='ltr'>et</span> <span class='ocrx_word' id='word_1_67' title='bbox 843 1232 1173 1298; x_wconf 82' lang='lat' dir='ltr'>cultum,ut</span> <span class='ocrx_word' id='word_1_68' title='bbox 1193 1232 1293 1301; x_wconf 89' lang='lat' dir='ltr'>qui</span> <span class='ocrx_word' id='word_1_69' title='bbox 1321 1231 1395 1285; x_wconf 91' lang='lat' dir='ltr'>ad</span> <span class='ocrx_word' id='word_1_70' title='bbox 1426 1232 1645 1286; x_wconf 86' lang='lat' dir='ltr'>inferni</span> <span class='ocrx_word' id='word_1_71' title='bbox 1678 1232 1958 1301; x_wconf 88' lang='lat' dir='ltr'>laqueum</span> <span class='ocrx_word' id='word_1_72' title='bbox 1989 1236 2115 1285; x_wconf 86' lang='lat' dir='ltr'>tru-</span> 
     </span>
    </p>
   </div>
   <div class='ocr_carea' id='block_1_15' title="bbox 464 1320 2116 1388">
    <p class='ocr_par' dir='ltr' id='par_1_15' title="bbox 464 1320 2116 1388">
     <span class='ocr_line' id='line_1_15' title="bbox 464 1320 2116 1388; baseline -0.002 -12"><span class='ocrx_word' id='word_1_73' title='bbox 464 1322 651 1388; x_wconf 88' lang='lat' dir='ltr'>deret,</span> <span class='ocrx_word' id='word_1_74' title='bbox 703 1322 1156 1377; x_wconf 81' lang='lat' dir='ltr'>exsecrabatur:</span> <span class='ocrx_word' id='word_1_75' title='bbox 1190 1338 1386 1376; x_wconf 83' lang='lat' dir='ltr'>veram</span> <span class='ocrx_word' id='word_1_76' title='bbox 1418 1326 1616 1375; x_wconf 89' lang='lat' dir='ltr'>autem</span> <span class='ocrx_word' id='word_1_77' title='bbox 1645 1320 2116 1374; x_wconf 87' lang='lat' dir='ltr'>Christianorum</span> 
     </span>
    </p>
   </div>
   <div class='ocr_carea' id='block_1_16' title="bbox 466 1408 2119 1480">
    <p class='ocr_par' dir='ltr' id='par_1_16' title="bbox 466 1408 2119 1480">
     <span class='ocr_line' id='line_1_16' title="bbox 466 1408 2119 1480; baseline -0.002 -16"><span class='ocrx_word' id='word_1_78' title='bbox 466 1410 1016 1480; x_wconf 72' lang='lat' dir='ltr'>ﬁdem,sanctmque</span> <span class='ocrx_word' id='word_1_79' title='bbox 1051 1415 1108 1463; x_wconf 90' lang='lat' dir='ltr'>et</span> <span class='ocrx_word' id='word_1_80' title='bbox 1136 1409 1664 1465; x_wconf 89' lang='lat' dir='ltr'>consubstantialis</span> <span class='ocrx_word' id='word_1_81' title='bbox 1680 1408 1982 1463; x_wconf 85' lang='lat' dir='ltr'>Trinitatis</span> <span class='ocrx_word' id='word_1_82' title='bbox 2020 1424 2119 1461; x_wconf 92' lang='lat' dir='ltr'>ve-</span> 
     </span>
    </p>
   </div>
   <div class='ocr_carea' id='block_1_17' title="bbox 467 1496 2116 1568">
    <p class='ocr_par' dir='ltr' id='par_1_17' title="bbox 467 1496 2116 1568">
     <span class='ocr_line' id='line_1_17' title="bbox 467 1496 2116 1568; baseline -0.002 -15"><span class='ocrx_word' id='word_1_83' title='bbox 467 1500 793 1553; x_wconf 86' lang='lat' dir='ltr'>nerandam</span> <span class='ocrx_word' id='word_1_84' title='bbox 827 1499 1295 1561; x_wconf 84' lang='lat' dir='ltr'>confessionem,</span> <span class='ocrx_word' id='word_1_85' title='bbox 1321 1515 1430 1552; x_wconf 91' lang='lat' dir='ltr'>ceu</span> <span class='ocrx_word' id='word_1_86' title='bbox 1457 1515 1587 1568; x_wconf 74' lang='lat' dir='ltr'>quae</span> <span class='ocrx_word' id='word_1_87' title='bbox 1618 1498 1679 1551; x_wconf 90' lang='lat' dir='ltr'>in</span> <span class='ocrx_word' id='word_1_88' title='bbox 1711 1498 1889 1552; x_wconf 65' lang='lat' dir='ltr'>caelos</span> <span class='ocrx_word' id='word_1_89' title='bbox 1913 1496 2116 1551; x_wconf 90' lang='lat' dir='ltr'>subve-</span> 
     </span>
    </p>
   </div>
   <div class='ocr_carea' id='block_1_18' title="bbox 467 1588 2118 1660">
    <p class='ocr_par' dir='ltr' id='par_1_18' title="bbox 467 1588 2118 1660">
     <span class='ocr_line' id='line_1_18' title="bbox 467 1588 2118 1660; baseline -0.001 -17"><span class='ocrx_word' id='word_1_90' title='bbox 467 1589 1010 1655; x_wconf 87' lang='lat' dir='ltr'>heret,confovebat</span> <span class='ocrx_word' id='word_1_91' title='bbox 1065 1594 1124 1643; x_wconf 92' lang='lat' dir='ltr'>et</span> <span class='ocrx_word' id='word_1_92' title='bbox 1180 1588 1755 1660; x_wconf 87' lang='lat' dir='ltr'>amplexabatur;ac</span> <span class='ocrx_word' id='word_1_93' title='bbox 1785 1588 2118 1643; x_wconf 87' lang='lat' dir='ltr'>doctrinam</span> 
     </span>
    </p>
   </div>
   <div class='ocr_carea' id='block_1_19' title="bbox 467 1676 2116 1748">
    <p class='ocr_par' dir='ltr' id='par_1_19' title="bbox 467 1676 2116 1748">
     <span class='ocr_line' id='line_1_19' title="bbox 467 1676 2116 1748; baseline -0.001 -15"><span class='ocrx_word' id='word_1_94' title='bbox 467 1679 538 1733; x_wconf 93' lang='lat' dir='ltr'>de</span> <span class='ocrx_word' id='word_1_95' title='bbox 566 1677 749 1732; x_wconf 89' lang='lat' dir='ltr'>animi</span> <span class='ocrx_word' id='word_1_96' title='bbox 783 1677 1327 1744; x_wconf 88' lang='lat' dir='ltr'>immortalitate,de</span> <span class='ocrx_word' id='word_1_97' title='bbox 1355 1694 1537 1748; x_wconf 90' lang='lat' dir='ltr'>regno</span> <span class='ocrx_word' id='word_1_98' title='bbox 1570 1676 1876 1743; x_wconf 60' lang='lat' dir='ltr'>caelorum,</span> <span class='ocrx_word' id='word_1_99' title='bbox 1912 1676 1984 1731; x_wconf 92' lang='lat' dir='ltr'>de</span> <span class='ocrx_word' id='word_1_100' title='bbox 2017 1693 2116 1748; x_wconf 88' lang='lat' dir='ltr'>pe-</span> 
     </span>
    </p>
   </div>
   <div class='ocr_carea' id='block_1_20' title="bbox 465 1764 2120 1837">
    <p class='ocr_par' dir='ltr' id='par_1_20' title="bbox 465 1764 2120 1837">
     <span class='ocr_line' id='line_1_20' title="bbox 465 1764 2120 1837; baseline -0.002 -14"><span class='ocrx_word' id='word_1_101' title='bbox 465 1767 638 1823; x_wconf 91' lang='lat' dir='ltr'>renni</span> <span class='ocrx_word' id='word_1_102' title='bbox 669 1766 1212 1833; x_wconf 82' lang='lat' dir='ltr'>beat1tate,necnon</span> <span class='ocrx_word' id='word_1_103' title='bbox 1227 1764 1297 1820; x_wconf 92' lang='lat' dir='ltr'>de</span> <span class='ocrx_word' id='word_1_104' title='bbox 1330 1766 1974 1837; x_wconf 73' lang='lat' dir='ltr'>gehenna,aaternoque</span> <span class='ocrx_word' id='word_1_105' title='bbox 1997 1765 2120 1819; x_wconf 90' lang='lat' dir='ltr'>illic</span> 
     </span>
    </p>
   </div>
   <div class='ocr_carea' id='block_1_21' title="bbox 467 1854 2118 1926">
    <p class='ocr_par' dir='ltr' id='par_1_21' title="bbox 467 1854 2118 1926">
     <span class='ocr_line' id='line_1_21' title="bbox 467 1854 2118 1926; baseline -0.001 -16"><span class='ocrx_word' id='word_1_106' title='bbox 467 1855 797 1926; x_wconf 89' lang='lat' dir='ltr'>supplicio;</span> <span class='ocrx_word' id='word_1_107' title='bbox 850 1855 1095 1925; x_wconf 86' lang='lat' dir='ltr'>insuper</span> <span class='ocrx_word' id='word_1_108' title='bbox 1150 1871 1287 1909; x_wconf 90' lang='lat' dir='ltr'>vero</span> <span class='ocrx_word' id='word_1_109' title='bbox 1342 1859 1863 1926; x_wconf 88' lang='lat' dir='ltr'>temporanearum</span> <span class='ocrx_word' id='word_1_110' title='bbox 1918 1854 2118 1909; x_wconf 71' lang='lat' dir='ltr'>saiculi</span> 
     </span>
    </p>
   </div>
   <div class='ocr_carea' id='block_1_22' title="bbox 467 1944 2119 2016">
    <p class='ocr_par' dir='ltr' id='par_1_22' title="bbox 467 1944 2119 2016">
     <span class='ocr_line' id='line_1_22' title="bbox 467 1944 2119 2016; baseline -0.001 -17"><span class='ocrx_word' id='word_1_111' title='bbox 467 1962 667 1999; x_wconf 91' lang='lat' dir='ltr'>rerum</span> <span class='ocrx_word' id='word_1_112' title='bbox 701 1944 1044 1999; x_wconf 89' lang='lat' dir='ltr'>instabilem</span> <span class='ocrx_word' id='word_1_113' title='bbox 1076 1944 1441 2015; x_wconf 89' lang='lat' dir='ltr'>labilemque</span> <span class='ocrx_word' id='word_1_114' title='bbox 1488 1944 1860 2016; x_wconf 86' lang='lat' dir='ltr'>vertiginem,</span> <span class='ocrx_word' id='word_1_115' title='bbox 1919 1945 2119 1999; x_wconf 89' lang='lat' dir='ltr'>animo</span> 
     </span>
    </p>
   </div>
   <div class='ocr_carea' id='block_1_23' title="bbox 463 2032 2121 2105">
    <p class='ocr_par' dir='ltr' id='par_1_23' title="bbox 463 2032 2121 2105">
     <span class='ocr_line' id='line_1_23' title="bbox 463 2032 2121 2105; baseline 0.001 -18"><span class='ocrx_word' id='word_1_116' title='bbox 463 2032 745 2105; x_wconf 80' lang='lat' dir='ltr'>pingebat</span> <span class='ocrx_word' id='word_1_117' title='bbox 766 2049 832 2087; x_wconf 89' lang='lat' dir='ltr'>ac</span> <span class='ocrx_word' id='word_1_118' title='bbox 862 2033 1150 2099; x_wconf 83' lang='lat' dir='ltr'>volvebat,</span> <span class='ocrx_word' id='word_1_119' title='bbox 1187 2034 1508 2088; x_wconf 87' lang='lat' dir='ltr'>instructas</span> <span class='ocrx_word' id='word_1_120' title='bbox 1542 2033 1683 2087; x_wconf 87' lang='lat' dir='ltr'>item</span> <span class='ocrx_word' id='word_1_121' title='bbox 1744 2032 2121 2103; x_wconf 86' lang='lat' dir='ltr'>lampadibus</span> 
     </span>
    </p>
   </div>
   <div class='ocr_carea' id='block_1_24' title="bbox 465 2122 2123 2193">
    <p class='ocr_par' dir='ltr' id='par_1_24' title="bbox 465 2122 2123 2193">
     <span class='ocr_line' id='line_1_24' title="bbox 465 2122 2123 2193; baseline 0.001 -18"><span class='ocrx_word' id='word_1_122' title='bbox 465 2123 740 2193; x_wconf 82' lang='lat' dir='ltr'>virgines,</span> <span class='ocrx_word' id='word_1_123' title='bbox 793 2122 1234 2193; x_wconf 90' lang='lat' dir='ltr'>incorruptibili</span> <span class='ocrx_word' id='word_1_124' title='bbox 1290 2139 1507 2193; x_wconf 91' lang='lat' dir='ltr'>sponso</span> <span class='ocrx_word' id='word_1_125' title='bbox 1538 2123 1770 2177; x_wconf 87' lang='lat' dir='ltr'>Christo</span> <span class='ocrx_word' id='word_1_126' title='bbox 1804 2122 1865 2177; x_wconf 88' lang='lat' dir='ltr'>in</span> <span class='ocrx_word' id='word_1_127' title='bbox 1898 2122 2123 2177; x_wconf 72' lang='lat' dir='ltr'>cmlesti</span> 
     </span>
    </p>
   </div>
   <div class='ocr_carea' id='block_1_25' title="bbox 469 2209 2122 2279">
    <p class='ocr_par' dir='ltr' id='par_1_25' title="bbox 469 2209 2122 2279">
     <span class='ocr_line' id='line_1_25' title="bbox 469 2209 2122 2279; baseline 0.001 -15"><span class='ocrx_word' id='word_1_128' title='bbox 469 2209 729 2264; x_wconf 89' lang='lat' dir='ltr'>thalamo</span> <span class='ocrx_word' id='word_1_129' title='bbox 760 2210 1151 2279; x_wconf 88' lang='lat' dir='ltr'>copulatas,et</span> <span class='ocrx_word' id='word_1_130' title='bbox 1172 2209 1473 2264; x_wconf 91' lang='lat' dir='ltr'>interioris</span> <span class='ocrx_word' id='word_1_131' title='bbox 1489 2215 1790 2264; x_wconf 71' lang='lat' dir='ltr'>etarcanm</span> <span class='ocrx_word' id='word_1_132' title='bbox 1821 2209 2122 2265; x_wconf 87' lang='lat' dir='ltr'>felicitatis</span> 
     </span>
    </p>
   </div>
   <div class='ocr_carea' id='block_1_26' title="bbox 472 2297 2123 2369">
    <p class='ocr_par' dir='ltr' id='par_1_26' title="bbox 472 2297 2123 2369">
     <span class='ocr_line' id='line_1_26' title="bbox 472 2297 2123 2369; baseline 0.002 -19"><span class='ocrx_word' id='word_1_133' title='bbox 472 2297 703 2352; x_wconf 89' lang='lat' dir='ltr'>deliciis</span> <span class='ocrx_word' id='word_1_134' title='bbox 734 2298 1051 2368; x_wconf 91' lang='lat' dir='ltr'>potientes,</span> <span class='ocrx_word' id='word_1_135' title='bbox 1073 2303 1359 2369; x_wconf 87' lang='lat' dir='ltr'>perpetuo</span> <span class='ocrx_word' id='word_1_136' title='bbox 1393 2298 1506 2352; x_wconf 91' lang='lat' dir='ltr'>sibi</span> <span class='ocrx_word' id='word_1_137' title='bbox 1542 2299 2023 2369; x_wconf 80' lang='lat' dir='ltr'>repraasentabat,</span> <span class='ocrx_word' id='word_1_138' title='bbox 2056 2316 2123 2354; x_wconf 90' lang='lat' dir='ltr'>ac</span> 
     </span>
    </p>
   </div>
   <div class='ocr_carea' id='block_1_27' title="bbox 471 2385 2124 2459">
    <p class='ocr_par' dir='ltr' id='par_1_27' title="bbox 471 2385 2124 2459">
     <span class='ocr_line' id='line_1_27' title="bbox 471 2385 2124 2459; baseline 0.001 -20"><span class='ocrx_word' id='word_1_139' title='bbox 471 2385 819 2441; x_wconf 88' lang='lat' dir='ltr'>beatissima</span> <span class='ocrx_word' id='word_1_140' title='bbox 849 2386 953 2440; x_wconf 91' lang='lat' dir='ltr'>illa</span> <span class='ocrx_word' id='word_1_141' title='bbox 984 2393 1139 2441; x_wconf 87' lang='lat' dir='ltr'>sorte</span> <span class='ocrx_word' id='word_1_142' title='bbox 1171 2386 1694 2458; x_wconf 84' lang='lat' dir='ltr'>inexplicabilique</span> <span class='ocrx_word' id='word_1_143' title='bbox 1725 2388 2036 2459; x_wconf 89' lang='lat' dir='ltr'>gaudio,et</span> <span class='ocrx_word' id='word_1_144' title='bbox 2056 2404 2124 2442; x_wconf 90' lang='lat' dir='ltr'>ea</span> 
     </span>
    </p>
   </div>
   <div class='ocr_carea' id='block_1_28' title="bbox 474 2475 2125 2550">
    <p class='ocr_par' dir='ltr' id='par_1_28' title="bbox 474 2475 2125 2550">
     <span class='ocr_line' id='line_1_28' title="bbox 474 2475 2125 2550; baseline 0.001 -21"><span class='ocrx_word' id='word_1_145' title='bbox 474 2475 662 2547; x_wconf 82' lang='lat' dir='ltr'>gloria</span> <span class='ocrx_word' id='word_1_146' title='bbox 692 2492 870 2546; x_wconf 91' lang='lat' dir='ltr'>quam</span> <span class='ocrx_word' id='word_1_147' title='bbox 902 2491 1097 2530; x_wconf 91' lang='lat' dir='ltr'>sermo</span> <span class='ocrx_word' id='word_1_148' title='bbox 1149 2475 1350 2530; x_wconf 89' lang='lat' dir='ltr'>nullus</span> <span class='ocrx_word' id='word_1_149' title='bbox 1408 2476 1741 2546; x_wconf 92' lang='lat' dir='ltr'>eloquatur,</span> <span class='ocrx_word' id='word_1_150' title='bbox 1777 2476 1955 2550; x_wconf 87' lang='lat' dir='ltr'>digna</span> <span class='ocrx_word' id='word_1_151' title='bbox 1994 2476 2125 2532; x_wconf 80' lang='lat' dir='ltr'>fieri</span> 
     </span>
    </p>
   </div>
   <div class='ocr_carea' id='block_1_29' title="bbox 473 2562 1621 2638">
    <p class='ocr_par' dir='ltr' id='par_1_29' title="bbox 473 2562 1621 2638">
     <span class='ocr_line' id='line_1_29' title="bbox 473 2562 1621 2638; baseline 0.002 -21"><span class='ocrx_word' id='word_1_152' title='bbox 473 2563 777 2638; x_wconf 78' lang='lat' dir='ltr'>gliscebat,</span> <span class='ocrx_word' id='word_1_153' title='bbox 805 2562 1203 2633; x_wconf 87' lang='lat' dir='ltr'>desiderabat,</span> <span class='ocrx_word' id='word_1_154' title='bbox 1237 2569 1296 2619; x_wconf 90' lang='lat' dir='ltr'>et</span> <span class='ocrx_word' id='word_1_155' title='bbox 1324 2562 1621 2619; x_wconf 81' lang='lat' dir='ltr'>exorabat.</span> 
     </span>
    </p>
   </div>
   <div class='ocr_carea' id='block_1_30' title="bbox 540 2846 2122 2920">
    <p class='ocr_par' dir='ltr' id='par_1_30' title="bbox 540 2846 2122 2920">
     <span class='ocr_line' id='line_1_30' title="bbox 540 2846 2122 2920; baseline 0.002 -18"><span class='ocrx_word' id='word_1_156' title='bbox 540 2850 591 2902; x_wconf 91' lang='lat'>8.</span> <span class='ocrx_word' id='word_1_157' title='bbox 627 2848 783 2902; x_wconf 90' lang='lat' dir='ltr'>Dum</span> <span class='ocrx_word' id='word_1_158' title='bbox 808 2846 1069 2919; x_wconf 89' lang='lat' dir='ltr'>prudens</span> <span class='ocrx_word' id='word_1_159' title='bbox 1089 2852 1319 2903; x_wconf 87' lang='lat' dir='ltr'>etcasta</span> <span class='ocrx_word' id='word_1_160' title='bbox 1344 2847 1503 2920; x_wconf 86' lang='lat' dir='ltr'>virgo</span> <span class='ocrx_word' id='word_1_161' title='bbox 1535 2848 1829 2920; x_wconf 88' lang='lat' dir='ltr'>ejusmodi</span> <span class='ocrx_word' id='word_1_162' title='bbox 1850 2849 2122 2905; x_wconf 80' lang='lat' dir='ltr'>conside-</span> 
     </span>
    </p>
   </div>
   <div class='ocr_carea' id='block_1_31' title="bbox 472 2936 2128 3010">
    <p class='ocr_par' dir='ltr' id='par_1_31' title="bbox 472 2936 2128 3010">
     <span class='ocr_line' id='line_1_31' title="bbox 472 2936 2128 3010; baseline 0.001 -17"><span class='ocrx_word' id='word_1_163' title='bbox 472 2936 806 2993; x_wconf 89' lang='lat' dir='ltr'>rationibus</span> <span class='ocrx_word' id='word_1_164' title='bbox 850 2937 1117 2992; x_wconf 86' lang='lat' dir='ltr'>animum</span> <span class='ocrx_word' id='word_1_165' title='bbox 1141 2938 1524 3009; x_wconf 89' lang='lat' dir='ltr'>constiparet,</span> <span class='ocrx_word' id='word_1_166' title='bbox 1574 2938 1763 2994; x_wconf 82' lang='lat' dir='ltr'>adfuit</span> <span class='ocrx_word' id='word_1_167' title='bbox 1819 2944 1989 3010; x_wconf 88' lang='lat' dir='ltr'>pater</span> <span class='ocrx_word' id='word_1_168' title='bbox 2022 2955 2035 2994; x_wconf 88' lang='lat'><strong>:</strong></span> <span class='ocrx_word' id='word_1_169' title='bbox 2069 2944 2128 2994; x_wconf 90' lang='lat' dir='ltr'>et</span> 
     </span>
    </p>
   </div>
   <div class='ocr_carea' id='block_1_32' title="bbox 470 3026 2125 3099">
    <p class='ocr_par' dir='ltr' id='par_1_32' title="bbox 470 3026 2125 3099">
     <span class='ocr_line' id='line_1_32' title="bbox 470 3026 2125 3099; baseline 0.001 -18"><span class='ocrx_word' id='word_1_170' title='bbox 470 3027 675 3082; x_wconf 89' lang='lat' dir='ltr'>multis</span> <span class='ocrx_word' id='word_1_171' title='bbox 687 3026 1032 3098; x_wconf 88' lang='lat' dir='ltr'>proceribus</span> <span class='ocrx_word' id='word_1_172' title='bbox 1046 3027 1462 3098; x_wconf 84' lang='lat' dir='ltr'>profitentibus</span> <span class='ocrx_word' id='word_1_173' title='bbox 1478 3028 1665 3099; x_wconf 91' lang='lat' dir='ltr'>pluris</span> <span class='ocrx_word' id='word_1_174' title='bbox 1680 3045 1741 3083; x_wconf 90' lang='lat' dir='ltr'>se</span> <span class='ocrx_word' id='word_1_175' title='bbox 1758 3028 1951 3084; x_wconf 90' lang='lat' dir='ltr'>facere</span> <span class='ocrx_word' id='word_1_176' title='bbox 1963 3028 2125 3084; x_wconf 89' lang='lat' dir='ltr'>illius</span> 
     </span>
    </p>
   </div>
   <div class='ocr_carea' id='block_1_33' title="bbox 470 3116 2127 3188">
    <p class='ocr_par' dir='ltr' id='par_1_33' title="bbox 470 3116 2127 3188">
     <span class='ocr_line' id='line_1_33' title="bbox 470 3116 2127 3188; baseline 0.001 -17"><span class='ocrx_word' id='word_1_177' title='bbox 470 3118 707 3188; x_wconf 84' lang='lat' dir='ltr'>nuptias</span> <span class='ocrx_word' id='word_1_178' title='bbox 726 3123 783 3171; x_wconf 89' lang='lat' dir='ltr'>et</span> <span class='ocrx_word' id='word_1_179' title='bbox 798 3116 1185 3173; x_wconf 89' lang='lat' dir='ltr'>connubium.</span> <span class='ocrx_word' id='word_1_180' title='bbox 1189 3117 1363 3188; x_wconf 91' lang='lat' dir='ltr'>jubet</span> <span class='ocrx_word' id='word_1_181' title='bbox 1377 3116 1568 3188; x_wconf 89' lang='lat' dir='ltr'>ipsam</span> <span class='ocrx_word' id='word_1_182' title='bbox 1590 3118 1738 3173; x_wconf 84' lang='lat' dir='ltr'>votis</span> <span class='ocrx_word' id='word_1_183' title='bbox 1760 3121 2127 3174; x_wconf 82' lang='lat' dir='ltr'>annuere.At</span> 
     </span>
    </p>
   </div>
   <div class='ocr_carea' id='block_1_34' title="bbox 2222 502 3797 582">
    <p class='ocr_par' dir='ltr' id='par_1_34' title="bbox 2222 502 3797 582">
     <span class='ocr_line' id='line_1_34' title="bbox 2222 502 3797 582; baseline -0.001 -20"><span class='ocrx_word' id='word_1_184' title='bbox 2222 507 2427 582; x_wconf 82' lang='grc' dir='ltr'>τρόπου</span> <span class='ocrx_word' id='word_1_185' title='bbox 2456 506 2751 580; x_wconf 72' lang='grc' dir='ltr'>σεμνότητι</span> <span class='ocrx_word' id='word_1_186' title='bbox 2785 502 3227 578; x_wconf 84' lang='grc' dir='ltr'>διαλάμπουσαν.</span> <span class='ocrx_word' id='word_1_187' title='bbox 3264 503 3469 579; x_wconf 77' lang='grc' dir='ltr'>Πύργον</span> <span class='ocrx_word' id='word_1_188' title='bbox 3500 504 3583 559; x_wconf 85' lang='grc' dir='ltr'>οὐν</span> <span class='ocrx_word' id='word_1_189' title='bbox 3635 504 3797 579; x_wconf 75' lang='grc' dir='ltr'>ὑψηλὸν</span> 
     </span>
    </p>
   </div>
   <div class='ocr_carea' id='block_1_35' title="bbox 2223 591 3800 670">
    <p class='ocr_par' dir='ltr' id='par_1_35' title="bbox 2223 591 3800 670">
     <span class='ocr_line' id='line_1_35' title="bbox 2223 591 3800 670; baseline 0.001 -19"><span class='ocrx_word' id='word_1_190' title='bbox 2223 594 2575 670; x_wconf 79' lang='grc' dir='ltr'>δειμάμενος,</span> <span class='ocrx_word' id='word_1_191' title='bbox 2634 597 2806 651; x_wconf 85' lang='grc' dir='ltr'>ἐκεῖσε</span> <span class='ocrx_word' id='word_1_192' title='bbox 2844 594 2946 664; x_wconf 75' lang='grc' dir='ltr'>τὴν</span> <span class='ocrx_word' id='word_1_193' title='bbox 2995 594 3261 670; x_wconf 73' lang='grc' dir='ltr'>παρθένον</span> <span class='ocrx_word' id='word_1_194' title='bbox 3316 591 3658 663; x_wconf 73' lang='grc' dir='ltr'>κατέκλεισεν,</span> <span class='ocrx_word' id='word_1_195' title='bbox 3698 596 3800 652; x_wconf 78' lang='grc' dir='ltr'>ὥστε</span> 
     </span>
    </p>
   </div>
   <div class='ocr_carea' id='block_1_36' title="bbox 2226 680 3799 763">
    <p class='ocr_par' dir='ltr' id='par_1_36' title="bbox 2226 680 3799 763">
     <span class='ocr_line' id='line_1_36' title="bbox 2226 680 3799 763; baseline -0.003 -20"><span class='ocrx_word' id='word_1_196' title='bbox 2226 688 2303 761; x_wconf 82' lang='grc' dir='ltr'>μὴ</span> <span class='ocrx_word' id='word_1_197' title='bbox 2336 688 2559 763; x_wconf 78' lang='grc' dir='ltr'>ὁρᾶσθαι</span> <span class='ocrx_word' id='word_1_198' title='bbox 2590 685 2759 755; x_wconf 74' lang='grc' dir='ltr'>αὐτὴν</span> <span class='ocrx_word' id='word_1_199' title='bbox 2797 685 2901 741; x_wconf 84' lang='grc' dir='ltr'>ὑπὸ</span> <span class='ocrx_word' id='word_1_200' title='bbox 2931 688 3039 739; x_wconf 93' lang='grc' dir='ltr'>τῶν</span> <span class='ocrx_word' id='word_1_201' title='bbox 3073 684 3400 757; x_wconf 86' lang='grc' dir='ltr'>ἀνθρώπων,</span> <span class='ocrx_word' id='word_1_202' title='bbox 3454 680 3540 737; x_wconf 72' lang='grc' dir='ltr'>διὰ</span> <span class='ocrx_word' id='word_1_203' title='bbox 3570 684 3654 751; x_wconf 73' lang='grc' dir='ltr'>τὴν</span> <span class='ocrx_word' id='word_1_204' title='bbox 3682 683 3799 739; x_wconf 77' lang='grc' dir='ltr'>ἐπανο</span> 
     </span>
    </p>
   </div>
   <div class='ocr_carea' id='block_1_37' title="bbox 2223 771 3800 850">
    <p class='ocr_par' dir='ltr' id='par_1_37' title="bbox 2223 771 3800 850">
     <span class='ocr_line' id='line_1_37' title="bbox 2223 771 3800 850; baseline -0.001 -18"><span class='ocrx_word' id='word_1_205' title='bbox 2223 781 2417 841; x_wconf 80' lang='grc' dir='ltr'>θοῦσαν</span> <span class='ocrx_word' id='word_1_206' title='bbox 2459 776 2549 831; x_wconf 70' lang='grc' dir='ltr'>καὶ</span> <span class='ocrx_word' id='word_1_207' title='bbox 2604 773 3091 850; x_wconf 83' lang='grc' dir='ltr'>ἀπαστράπτουσαν</span> <span class='ocrx_word' id='word_1_208' title='bbox 3144 777 3242 829; x_wconf 74' lang='grc' dir='ltr'>τοῦ</span> <span class='ocrx_word' id='word_1_209' title='bbox 3296 771 3535 835; x_wconf 81' lang='grc' dir='ltr'>κάλλους</span> <span class='ocrx_word' id='word_1_210' title='bbox 3586 772 3800 850; x_wconf 58' lang='grc' dir='ltr'>φανός-ητα</span> 
     </span>
    </p>
   </div>
   <div class='ocr_carea' id='block_1_38' title="bbox 2222 859 3799 940">
    <p class='ocr_par' dir='ltr' id='par_1_38' title="bbox 2222 859 3799 940">
     <span class='ocr_line' id='line_1_38' title="bbox 2222 859 3799 940; baseline -0.003 -19"><span class='ocrx_word' id='word_1_211' title='bbox 2222 865 2312 921; x_wconf 84' lang='grc' dir='ltr'>καὶ</span> <span class='ocrx_word' id='word_1_212' title='bbox 2343 865 2731 940; x_wconf 86' lang='grc' dir='ltr'>λαμπρότητα.</span> <span class='ocrx_word' id='word_1_213' title='bbox 2766 862 2966 927; x_wconf 88' lang='grc' dir='ltr'>Δύτόθι</span> <span class='ocrx_word' id='word_1_214' title='bbox 3025 863 3118 918; x_wconf 84' lang='grc' dir='ltr'>οὗν</span> <span class='ocrx_word' id='word_1_215' title='bbox 3177 859 3532 935; x_wconf 69' lang='grc' dir='ltr'>διαιτωμένη,</span> <span class='ocrx_word' id='word_1_216' title='bbox 3577 861 3684 937; x_wconf 81' lang='grc' dir='ltr'>ἀτερ</span> <span class='ocrx_word' id='word_1_217' title='bbox 3723 868 3799 919; x_wconf 77' lang='grc' dir='ltr'>τῶν</span> 
     </span>
    </p>
   </div>
   <div class='ocr_carea' id='block_1_39' title="bbox 2224 949 3801 1031">
    <p class='ocr_par' dir='ltr' id='par_1_39' title="bbox 2224 949 3801 1031">
     <span class='ocr_line' id='line_1_39' title="bbox 2224 949 3801 1031; baseline -0.002 -20"><span class='ocrx_word' id='word_1_218' title='bbox 2224 954 2413 1027; x_wconf 77' lang='grc' dir='ltr'>ἔξωθεν</span> <span class='ocrx_word' id='word_1_219' title='bbox 2474 950 2721 1029; x_wconf 75' lang='grc' dir='ltr'>θορύϐων</span> <span class='ocrx_word' id='word_1_220' title='bbox 2781 953 3202 1031; x_wconf 75' lang='grc' dir='ltr'>ἀφησυχάσασα,</span> <span class='ocrx_word' id='word_1_221' title='bbox 3264 949 3565 1027; x_wconf 80' lang='grc' dir='ltr'>λογισμοὺς</span> <span class='ocrx_word' id='word_1_222' title='bbox 3629 952 3801 1009; x_wconf 74' lang='grc' dir='ltr'>ἀνεκίνει</span> 
     </span>
    </p>
   </div>
   <div class='ocr_carea' id='block_1_40' title="bbox 2225 1037 3800 1118">
    <p class='ocr_par' dir='ltr' id='par_1_40' title="bbox 2225 1037 3800 1118">
     <span class='ocr_line' id='line_1_40' title="bbox 2225 1037 3800 1118; baseline -0.002 -18"><span class='ocrx_word' id='word_1_223' title='bbox 2225 1038 2519 1112; x_wconf 75' lang='grc' dir='ltr'>θεοσεϐεῖς,</span> <span class='ocrx_word' id='word_1_224' title='bbox 2550 1043 2641 1099; x_wconf 90' lang='lat' dir='ltr'>xui</span> <span class='ocrx_word' id='word_1_225' title='bbox 2670 1040 2898 1105; x_wconf 78' lang='grc' dir='ltr'>τούτους</span> <span class='ocrx_word' id='word_1_226' title='bbox 2954 1040 3230 1117; x_wconf 81' lang='grc' dir='ltr'>ἐγεώργει,</span> <span class='ocrx_word' id='word_1_227' title='bbox 3283 1040 3375 1095; x_wconf 80' lang='grc' dir='ltr'>καὶ</span> <span class='ocrx_word' id='word_1_228' title='bbox 3434 1037 3652 1118; x_wconf 74' lang='grc' dir='ltr'>ἔτρεφεν·</span> <span class='ocrx_word' id='word_1_229' title='bbox 3703 1040 3800 1097; x_wconf 77' lang='grc' dir='ltr'>οἶδεν</span> 
     </span>
    </p>
   </div>
   <div class='ocr_carea' id='block_1_41' title="bbox 2223 1128 3802 1209">
    <p class='ocr_par' dir='ltr' id='par_1_41' title="bbox 2223 1128 3802 1209">
     <span class='ocr_line' id='line_1_41' title="bbox 2223 1128 3802 1209; baseline -0.003 -21"><span class='ocrx_word' id='word_1_230' title='bbox 2223 1133 2334 1209; x_wconf 33' lang='grc' dir='ltr'>γάρ.</span> <span class='ocrx_word' id='word_1_231' title='bbox 2387 1132 2590 1208; x_wconf 82' lang='grc' dir='ltr'>ἐρημία</span> <span class='ocrx_word' id='word_1_232' title='bbox 2645 1131 2862 1188; x_wconf 80' lang='grc' dir='ltr'>ἐννοιῶν</span> <span class='ocrx_word' id='word_1_233' title='bbox 2914 1132 3121 1207; x_wconf 79' lang='grc' dir='ltr'>ἰσχνῶν</span> <span class='ocrx_word' id='word_1_234' title='bbox 3182 1130 3272 1185; x_wconf 83' lang='grc' dir='ltr'>καὶ</span> <span class='ocrx_word' id='word_1_235' title='bbox 3350 1128 3802 1206; x_wconf 71' lang='grc' dir='ltr'>μεγαλοφυεστάτων</span> 
     </span>
    </p>
   </div>
   <div class='ocr_carea' id='block_1_42' title="bbox 2229 1216 3806 1297">
    <p class='ocr_par' dir='ltr' id='par_1_42' title="bbox 2229 1216 3806 1297">
     <span class='ocr_line' id='line_1_42' title="bbox 2229 1216 3806 1297; baseline -0.003 -20"><span class='ocrx_word' id='word_1_236' title='bbox 2229 1224 2413 1297; x_wconf 88' lang='grc' dir='ltr'>μήτηρ</span> <span class='ocrx_word' id='word_1_237' title='bbox 2444 1222 2817 1284; x_wconf 87' lang='grc' dir='ltr'>καθίστασθαι.</span> <span class='ocrx_word' id='word_1_238' title='bbox 2850 1220 2948 1275; x_wconf 80' lang='grc' dir='ltr'>Καὶ</span> <span class='ocrx_word' id='word_1_239' title='bbox 2978 1220 3079 1288; x_wconf 81' lang='grc' dir='ltr'>τήν</span> <span class='ocrx_word' id='word_1_240' title='bbox 3118 1220 3210 1292; x_wconf 77' lang='grc' dir='ltr'>μὶν</span> <span class='ocrx_word' id='word_1_241' title='bbox 3269 1223 3377 1274; x_wconf 89' lang='grc' dir='ltr'>τῶν</span> <span class='ocrx_word' id='word_1_242' title='bbox 3429 1216 3654 1273; x_wconf 82' lang='grc' dir='ltr'>εἰδώλων</span> <span class='ocrx_word' id='word_1_243' title='bbox 3703 1219 3806 1273; x_wconf 73' lang='grc' dir='ltr'>πλά-</span> 
     </span>
    </p>
   </div>
   <div class='ocr_carea' id='block_1_43' title="bbox 2225 1305 3805 1385">
    <p class='ocr_par' dir='ltr' id='par_1_43' title="bbox 2225 1305 3805 1385">
     <span class='ocr_line' id='line_1_43' title="bbox 2225 1305 3805 1385; baseline -0.004 -19"><span class='ocrx_word' id='word_1_244' title='bbox 2225 1333 2324 1382; x_wconf 89' lang='grc' dir='ltr'>νην</span> <span class='ocrx_word' id='word_1_245' title='bbox 2355 1311 2445 1366; x_wconf 85' lang='grc' dir='ltr'>καὶ</span> <span class='ocrx_word' id='word_1_246' title='bbox 2500 1309 2776 1385; x_wconf 79' lang='grc' dir='ltr'>λατρείαν,</span> <span class='ocrx_word' id='word_1_247' title='bbox 2838 1311 2913 1371; x_wconf 88' lang='grc' dir='ltr'>ὡς</span> <span class='ocrx_word' id='word_1_248' title='bbox 2970 1308 3047 1370; x_wconf 80' lang='grc' dir='ltr'>εἷς</span> <span class='ocrx_word' id='word_1_249' title='bbox 3103 1305 3233 1379; x_wconf 71' lang='grc' dir='ltr'>ᾅδου</span> <span class='ocrx_word' id='word_1_250' title='bbox 3293 1306 3557 1377; x_wconf 77' lang='grc' dir='ltr'>πέταυρον</span> <span class='ocrx_word' id='word_1_251' title='bbox 3597 1309 3805 1382; x_wconf 70' lang='grc' dir='ltr'>κατάγουο</span> 
     </span>
    </p>
   </div>
   <div class='ocr_carea' id='block_1_44' title="bbox 2227 1395 3808 1470">
    <p class='ocr_par' dir='ltr' id='par_1_44' title="bbox 2227 1395 3808 1470">
     <span class='ocr_line' id='line_1_44' title="bbox 2227 1395 3808 1470; baseline -0.003 -15"><span class='ocrx_word' id='word_1_252' title='bbox 2227 1422 2319 1455; x_wconf 90' lang='grc' dir='ltr'>σαν</span> <span class='ocrx_word' id='word_1_253' title='bbox 2348 1395 2725 1465; x_wconf 76' lang='grc' dir='ltr'>ἐϐδελύττετο,</span> <span class='ocrx_word' id='word_1_254' title='bbox 2751 1399 2849 1467; x_wconf 73' lang='grc' dir='ltr'>τὴν</span> <span class='ocrx_word' id='word_1_255' title='bbox 2884 1395 2930 1452; x_wconf 87' lang='grc' dir='ltr'>δ’</span> <span class='ocrx_word' id='word_1_256' title='bbox 2962 1396 3143 1468; x_wconf 81' lang='grc' dir='ltr'>ἀληθῆ</span> <span class='ocrx_word' id='word_1_257' title='bbox 3201 1401 3311 1451; x_wconf 91' lang='grc' dir='ltr'>τῶν</span> <span class='ocrx_word' id='word_1_258' title='bbox 3370 1401 3680 1470; x_wconf 72' lang='grc' dir='ltr'>Χριστιανῶν</span> <span class='ocrx_word' id='word_1_259' title='bbox 3724 1398 3808 1451; x_wconf 73' lang='grc' dir='ltr'>τίσι</span> 
     </span>
    </p>
   </div>
   <div class='ocr_carea' id='block_1_45' title="bbox 2224 1484 3809 1564">
    <p class='ocr_par' dir='ltr' id='par_1_45' title="bbox 2224 1484 3809 1564">
     <span class='ocr_line' id='line_1_45' title="bbox 2224 1484 3809 1564; baseline -0.006 -18"><span class='ocrx_word' id='word_1_260' title='bbox 2224 1512 2329 1563; x_wconf 89' lang='grc' dir='ltr'>τιν,</span> <span class='ocrx_word' id='word_1_261' title='bbox 2361 1490 2453 1545; x_wconf 86' lang='grc' dir='ltr'>καὶ</span> <span class='ocrx_word' id='word_1_262' title='bbox 2484 1490 2583 1558; x_wconf 74' lang='grc' dir='ltr'>τὴν</span> <span class='ocrx_word' id='word_1_263' title='bbox 2616 1491 2712 1558; x_wconf 70' lang='grc' dir='ltr'>τῆς</span> <span class='ocrx_word' id='word_1_264' title='bbox 2742 1488 2896 1564; x_wconf 89' lang='grc' dir='ltr'>ἀγίας</span> <span class='ocrx_word' id='word_1_265' title='bbox 2925 1487 3011 1542; x_wconf 84' lang='grc' dir='ltr'>καὶ</span> <span class='ocrx_word' id='word_1_266' title='bbox 3057 1485 3356 1560; x_wconf 84' lang='grc' dir='ltr'>ὁμοουσίου</span> <span class='ocrx_word' id='word_1_267' title='bbox 3388 1484 3613 1560; x_wconf 83' lang='grc' dir='ltr'>Τριάδος</span> <span class='ocrx_word' id='word_1_268' title='bbox 3658 1487 3809 1553; x_wconf 74' lang='grc' dir='ltr'>σεπτήν</span> 
     </span>
    </p>
   </div>
   <div class='ocr_carea' id='block_1_46' title="bbox 2228 1574 3811 1655">
    <p class='ocr_par' dir='ltr' id='par_1_46' title="bbox 2228 1574 3811 1655">
     <span class='ocr_line' id='line_1_46' title="bbox 2228 1574 3811 1655; baseline -0.003 -21"><span class='ocrx_word' id='word_1_269' title='bbox 2228 1578 2548 1655; x_wconf 72' lang='grc' dir='ltr'>ὁμολογίαν,</span> <span class='ocrx_word' id='word_1_270' title='bbox 2592 1578 2666 1639; x_wconf 87' lang='grc' dir='ltr'>ὡς</span> <span class='ocrx_word' id='word_1_271' title='bbox 2716 1576 2792 1639; x_wconf 85' lang='grc' dir='ltr'>είς</span> <span class='ocrx_word' id='word_1_272' title='bbox 2853 1574 3118 1651; x_wconf 74' lang='grc' dir='ltr'>οὐρανοὺς</span> <span class='ocrx_word' id='word_1_273' title='bbox 3175 1576 3498 1651; x_wconf 82' lang='grc' dir='ltr'>ἀνάγουσαν,</span> <span class='ocrx_word' id='word_1_274' title='bbox 3546 1574 3811 1649; x_wconf 75' lang='grc' dir='ltr'>περιὲθαλπε</span> 
     </span>
    </p>
   </div>
   <div class='ocr_carea' id='block_1_47' title="bbox 2227 1662 3814 1741">
    <p class='ocr_par' dir='ltr' id='par_1_47' title="bbox 2227 1662 3814 1741">
     <span class='ocr_line' id='line_1_47' title="bbox 2227 1662 3814 1741; baseline -0.004 -18"><span class='ocrx_word' id='word_1_275' title='bbox 2227 1668 2315 1723; x_wconf 88' lang='lat' dir='ltr'>xui</span> <span class='ocrx_word' id='word_1_276' title='bbox 2345 1666 2625 1741; x_wconf 87' lang='grc' dir='ltr'>προσίετο·</span> <span class='ocrx_word' id='word_1_277' title='bbox 2657 1664 2785 1728; x_wconf 87' lang='grc' dir='ltr'>τούς</span> <span class='ocrx_word' id='word_1_278' title='bbox 2816 1686 2874 1720; x_wconf 93' lang='grc' dir='ltr'>τε</span> <span class='ocrx_word' id='word_1_279' title='bbox 2909 1665 3032 1741; x_wconf 85' lang='grc' dir='ltr'>περὶ</span> <span class='ocrx_word' id='word_1_280' title='bbox 3067 1663 3359 1728; x_wconf 85' lang='grc' dir='ltr'>ἀθανασίας</span> <span class='ocrx_word' id='word_1_281' title='bbox 3409 1666 3589 1739; x_wconf 80' lang='grc' dir='ltr'>ψυχῆς</span> <span class='ocrx_word' id='word_1_282' title='bbox 3643 1662 3814 1737; x_wconf 73' lang='grc' dir='ltr'>λόγους,</span> 
     </span>
    </p>
   </div>
   <div class='ocr_carea' id='block_1_48' title="bbox 2228 1752 3813 1833">
    <p class='ocr_par' dir='ltr' id='par_1_48' title="bbox 2228 1752 3813 1833">
     <span class='ocr_line' id='line_1_48' title="bbox 2228 1752 3813 1833; baseline -0.004 -21"><span class='ocrx_word' id='word_1_283' title='bbox 2228 1757 2350 1833; x_wconf 89' lang='grc' dir='ltr'>περί</span> <span class='ocrx_word' id='word_1_284' title='bbox 2382 1778 2439 1812; x_wconf 91' lang='grc' dir='ltr'>τε</span> <span class='ocrx_word' id='word_1_285' title='bbox 2485 1754 2765 1832; x_wconf 82' lang='grc' dir='ltr'>βασιλείας</span> <span class='ocrx_word' id='word_1_286' title='bbox 2816 1753 3078 1831; x_wconf 82' lang='grc' dir='ltr'>οὐρανῶν,</span> <span class='ocrx_word' id='word_1_287' title='bbox 3126 1752 3215 1809; x_wconf 79' lang='grc' dir='ltr'>καὶ</span> <span class='ocrx_word' id='word_1_288' title='bbox 3268 1758 3372 1820; x_wconf 81' lang='grc' dir='ltr'>τῆς</span> <span class='ocrx_word' id='word_1_289' title='bbox 3432 1757 3535 1808; x_wconf 90' lang='grc' dir='ltr'>τῶν</span> <span class='ocrx_word' id='word_1_290' title='bbox 3590 1752 3813 1827; x_wconf 75' lang='grc' dir='ltr'>ἀκηράτων</span> 
     </span>
    </p>
   </div>
   <div class='ocr_carea' id='block_1_49' title="bbox 2230 1840 3817 1921">
    <p class='ocr_par' dir='ltr' id='par_1_49' title="bbox 2230 1840 3817 1921">
     <span class='ocr_line' id='line_1_49' title="bbox 2230 1840 3817 1921; baseline -0.004 -19"><span class='ocrx_word' id='word_1_291' title='bbox 2230 1845 2610 1914; x_wconf 83' lang='grc' dir='ltr'>ἀπολαύσεως,</span> <span class='ocrx_word' id='word_1_292' title='bbox 2630 1842 2756 1921; x_wconf 88' lang='grc' dir='ltr'>περί</span> <span class='ocrx_word' id='word_1_293' title='bbox 2791 1863 2848 1898; x_wconf 92' lang='grc' dir='ltr'>τε</span> <span class='ocrx_word' id='word_1_294' title='bbox 2878 1844 3122 1919; x_wconf 80' lang='grc' dir='ltr'>γεέννης,</span> <span class='ocrx_word' id='word_1_295' title='bbox 3154 1842 3245 1898; x_wconf 85' lang='grc' dir='ltr'>καὶ</span> <span class='ocrx_word' id='word_1_296' title='bbox 3274 1849 3382 1912; x_wconf 79' lang='grc' dir='ltr'>τῆς</span> <span class='ocrx_word' id='word_1_297' title='bbox 3434 1841 3595 1897; x_wconf 67' lang='grc' dir='ltr'>ἐκεῖσε</span> <span class='ocrx_word' id='word_1_298' title='bbox 3646 1840 3817 1896; x_wconf 77' lang='grc' dir='ltr'>ἀτελευ-</span> 
     </span>
    </p>
   </div>
   <div class='ocr_carea' id='block_1_50' title="bbox 2228 1929 3815 2008">
    <p class='ocr_par' dir='ltr' id='par_1_50' title="bbox 2228 1929 3815 2008">
     <span class='ocr_line' id='line_1_50' title="bbox 2228 1929 3815 2008; baseline -0.004 -17"><span class='ocrx_word' id='word_1_299' title='bbox 2228 1938 2395 2007; x_wconf 80' lang='grc' dir='ltr'>τήτου</span> <span class='ocrx_word' id='word_1_300' title='bbox 2425 1933 2729 2003; x_wconf 75' lang='grc' dir='ltr'>κολάσεως,</span> <span class='ocrx_word' id='word_1_301' title='bbox 2762 1934 2897 2008; x_wconf 86' lang='grc' dir='ltr'>πρὸς</span> <span class='ocrx_word' id='word_1_302' title='bbox 2926 1933 3143 1997; x_wconf 84' lang='grc' dir='ltr'>τούτοις</span> <span class='ocrx_word' id='word_1_303' title='bbox 3175 1929 3253 2004; x_wconf 76' lang='grc' dir='ltr'>δέ,</span> <span class='ocrx_word' id='word_1_304' title='bbox 3310 1933 3403 1987; x_wconf 84' lang='lat' dir='ltr'>xui</span> <span class='ocrx_word' id='word_1_305' title='bbox 3447 1933 3542 2000; x_wconf 74' lang='grc' dir='ltr'>τήν</span> <span class='ocrx_word' id='word_1_306' title='bbox 3570 1934 3664 1985; x_wconf 90' lang='grc' dir='ltr'>τῶν</span> <span class='ocrx_word' id='word_1_307' title='bbox 3688 1951 3815 2006; x_wconf 81' lang='grc' dir='ltr'>προσ-</span> 
     </span>
    </p>
   </div>
   <div class='ocr_carea' id='block_1_51' title="bbox 2228 2020 3819 2098">
    <p class='ocr_par' dir='ltr' id='par_1_51' title="bbox 2228 2020 3819 2098">
     <span class='ocr_line' id='line_1_51' title="bbox 2228 2020 3819 2098; baseline -0.004 -19"><span class='ocrx_word' id='word_1_308' title='bbox 2228 2024 2433 2098; x_wconf 88' lang='grc' dir='ltr'>καίρων</span> <span class='ocrx_word' id='word_1_309' title='bbox 2462 2028 2562 2078; x_wconf 83' lang='grc' dir='ltr'>τοῦ</span> <span class='ocrx_word' id='word_1_310' title='bbox 2595 2023 2807 2095; x_wconf 84' lang='grc' dir='ltr'>κόσμου</span> <span class='ocrx_word' id='word_1_311' title='bbox 2836 2021 3034 2077; x_wconf 89' lang='grc' dir='ltr'>τούτου</span> <span class='ocrx_word' id='word_1_312' title='bbox 3063 2020 3405 2097; x_wconf 81' lang='grc' dir='ltr'>πραγμάτων</span> <span class='ocrx_word' id='word_1_313' title='bbox 3442 2024 3652 2076; x_wconf 76' lang='grc' dir='ltr'>ἄστατον</span> <span class='ocrx_word' id='word_1_314' title='bbox 3702 2041 3819 2095; x_wconf 83' lang='grc' dir='ltr'>περι-</span> 
     </span>
    </p>
   </div>
   <div class='ocr_carea' id='block_1_52' title="bbox 2232 2106 3819 2191">
    <p class='ocr_par' dir='ltr' id='par_1_52' title="bbox 2232 2106 3819 2191">
     <span class='ocr_line' id='line_1_52' title="bbox 2232 2106 3819 2191; baseline -0.004 -23"><span class='ocrx_word' id='word_1_315' title='bbox 2232 2112 2401 2191; x_wconf 68' lang='grc' dir='ltr'>φοράν</span> <span class='ocrx_word' id='word_1_316' title='bbox 2486 2110 2576 2167; x_wconf 82' lang='grc' dir='ltr'>καὶ</span> <span class='ocrx_word' id='word_1_317' title='bbox 2646 2106 2901 2167; x_wconf 70' lang='grc' dir='ltr'>ἀϐέϐαιον</span> <span class='ocrx_word' id='word_1_318' title='bbox 2983 2112 3122 2165; x_wconf 86' lang='grc' dir='ltr'>κατά</span> <span class='ocrx_word' id='word_1_319' title='bbox 3176 2115 3303 2166; x_wconf 74' lang='grc' dir='ltr'>νοῦν</span> <span class='ocrx_word' id='word_1_320' title='bbox 3395 2110 3695 2187; x_wconf 64' lang='grc' dir='ltr'>ἐζωγράφει,</span> <span class='ocrx_word' id='word_1_321' title='bbox 3758 2110 3819 2163; x_wconf 76' lang='grc' dir='ltr'>καὶ</span> 
     </span>
    </p>
   </div>
   <div class='ocr_carea' id='block_1_53' title="bbox 2230 2196 3824 2275">
    <p class='ocr_par' dir='ltr' id='par_1_53' title="bbox 2230 2196 3824 2275">
     <span class='ocr_line' id='line_1_53' title="bbox 2230 2196 3824 2275; baseline -0.004 -18"><span class='ocrx_word' id='word_1_322' title='bbox 2230 2199 2551 2257; x_wconf 88' lang='grc' dir='ltr'>ἀνείλιττεν·</span> <span class='ocrx_word' id='word_1_323' title='bbox 2606 2200 2697 2256; x_wconf 85' lang='grc' dir='ltr'>καὶ</span> <span class='ocrx_word' id='word_1_324' title='bbox 2752 2200 2850 2262; x_wconf 84' lang='grc' dir='ltr'>τάς</span> <span class='ocrx_word' id='word_1_325' title='bbox 2905 2196 3385 2275; x_wconf 81' lang='grc' dir='ltr'>λαμπαδηφόρους</span> <span class='ocrx_word' id='word_1_326' title='bbox 3431 2200 3716 2275; x_wconf 73' lang='grc' dir='ltr'>παρθένους,</span> <span class='ocrx_word' id='word_1_327' title='bbox 3756 2197 3824 2258; x_wconf 70' lang='grc' dir='ltr'>τὶς</span> 
     </span>
    </p>
   </div>
   <div class='ocr_carea' id='block_1_54' title="bbox 2229 2287 3821 2369">
    <p class='ocr_par' dir='ltr' id='par_1_54' title="bbox 2229 2287 3821 2369">
     <span class='ocr_line' id='line_1_54' title="bbox 2229 2287 3821 2369; baseline -0.004 -23"><span class='ocrx_word' id='word_1_328' title='bbox 2229 2296 2309 2363; x_wconf 78' lang='grc' dir='ltr'>τῷ</span> <span class='ocrx_word' id='word_1_329' title='bbox 2339 2289 2594 2369; x_wconf 71' lang='grc' dir='ltr'>ἀφθάρτῳ</span> <span class='ocrx_word' id='word_1_330' title='bbox 2623 2289 2846 2366; x_wconf 78' lang='grc' dir='ltr'>νυμφίῳ</span> <span class='ocrx_word' id='word_1_331' title='bbox 2888 2290 3106 2364; x_wconf 87' lang='grc' dir='ltr'>Χριστῷ</span> <span class='ocrx_word' id='word_1_332' title='bbox 3156 2288 3206 2343; x_wconf 82' lang='grc' dir='ltr'>ἐν</span> <span class='ocrx_word' id='word_1_333' title='bbox 3262 2291 3334 2362; x_wconf 77' lang='grc' dir='ltr'>τῇ</span> <span class='ocrx_word' id='word_1_334' title='bbox 3396 2287 3677 2363; x_wconf 73' lang='grc' dir='ltr'>ἐπουρανίῳ</span> <span class='ocrx_word' id='word_1_335' title='bbox 3719 2306 3821 2340; x_wconf 84' lang='grc' dir='ltr'>πασ-</span> 
     </span>
    </p>
   </div>
   <div class='ocr_carea' id='block_1_55' title="bbox 2230 2372 3824 2453">
    <p class='ocr_par' dir='ltr' id='par_1_55' title="bbox 2230 2372 3824 2453">
     <span class='ocr_line' id='line_1_55' title="bbox 2230 2372 3824 2453; baseline -0.004 -18"><span class='ocrx_word' id='word_1_336' title='bbox 2230 2378 2352 2435; x_wconf 84' lang='grc' dir='ltr'>τάδι</span> <span class='ocrx_word' id='word_1_337' title='bbox 2385 2379 2820 2452; x_wconf 80' lang='grc' dir='ltr'>συναπτομένας,</span> <span class='ocrx_word' id='word_1_338' title='bbox 2849 2381 2939 2432; x_wconf 84' lang='grc' dir='ltr'><strong>καί</strong></span> <span class='ocrx_word' id='word_1_339' title='bbox 2996 2383 3096 2447; x_wconf 78' lang='grc' dir='ltr'>τῆς</span> <span class='ocrx_word' id='word_1_340' title='bbox 3156 2372 3307 2432; x_wconf 78' lang='grc' dir='ltr'>ἔνδον</span> <span class='ocrx_word' id='word_1_341' title='bbox 3375 2376 3670 2453; x_wconf 74' lang='grc' dir='ltr'>ἀποῤῥήτου</span> <span class='ocrx_word' id='word_1_342' title='bbox 3700 2395 3824 2429; x_wconf 82' lang='grc' dir='ltr'>κατα-</span> 
     </span>
    </p>
   </div>
   <div class='ocr_carea' id='block_1_56' title="bbox 2232 2464 3820 2545">
    <p class='ocr_par' dir='ltr' id='par_1_56' title="bbox 2232 2464 3820 2545">
     <span class='ocr_line' id='line_1_56' title="bbox 2232 2464 3820 2545; baseline -0.005 -21"><span class='ocrx_word' id='word_1_343' title='bbox 2232 2470 2520 2545; x_wconf 73' lang='grc' dir='ltr'>τρυφώσας</span> <span class='ocrx_word' id='word_1_344' title='bbox 2574 2468 2998 2543; x_wconf 75' lang='grc' dir='ltr'>μακαριότητος,</span> <span class='ocrx_word' id='word_1_345' title='bbox 3058 2466 3136 2523; x_wconf 84' lang='grc' dir='ltr'>ἀεὶ</span> <span class='ocrx_word' id='word_1_346' title='bbox 3199 2465 3545 2541; x_wconf 67' lang='grc' dir='ltr'>ἐφαντάζετο.</span> <span class='ocrx_word' id='word_1_347' title='bbox 3618 2464 3706 2522; x_wconf 84' lang='grc' dir='ltr'>Καὶ</span> <span class='ocrx_word' id='word_1_348' title='bbox 3748 2470 3820 2531; x_wconf 77' lang='grc' dir='ltr'>τῆς</span> 
     </span>
    </p>
   </div>
   <div class='ocr_carea' id='block_1_57' title="bbox 2233 2553 3820 2632">
    <p class='ocr_par' dir='ltr' id='par_1_57' title="bbox 2233 2553 3820 2632">
     <span class='ocr_line' id='line_1_57' title="bbox 2233 2553 3820 2632; baseline -0.005 -18"><span class='ocrx_word' id='word_1_349' title='bbox 2233 2553 2536 2615; x_wconf 70' lang='grc' dir='ltr'>πανολϐίου</span> <span class='ocrx_word' id='word_1_350' title='bbox 2569 2556 2778 2627; x_wconf 81' lang='grc' dir='ltr'>ἐκείνης</span> <span class='ocrx_word' id='word_1_351' title='bbox 2810 2555 3005 2631; x_wconf 85' lang='grc' dir='ltr'>μοίρας</span> <span class='ocrx_word' id='word_1_352' title='bbox 3033 2556 3123 2611; x_wconf 79' lang='grc' dir='ltr'>καὶ</span> <span class='ocrx_word' id='word_1_353' title='bbox 3157 2562 3451 2632; x_wconf 77' lang='grc' dir='ltr'>χαρμονῆς</span> <span class='ocrx_word' id='word_1_354' title='bbox 3502 2555 3820 2629; x_wconf 64' lang='grc' dir='ltr'>ἀνικοράστου,</span> 
     </span>
    </p>
   </div>
   <div class='ocr_carea' id='block_1_58' title="bbox 2232 2641 3821 2719">
    <p class='ocr_par' dir='ltr' id='par_1_58' title="bbox 2232 2641 3821 2719">
     <span class='ocr_line' id='line_1_58' title="bbox 2232 2641 3821 2719; baseline -0.006 -15"><span class='ocrx_word' id='word_1_355' title='bbox 2232 2648 2322 2704; x_wconf 89' lang='grc' dir='ltr'>καὶ</span> <span class='ocrx_word' id='word_1_356' title='bbox 2353 2646 2732 2717; x_wconf 85' lang='grc' dir='ltr'>ἀνεκλαλήτου</span> <span class='ocrx_word' id='word_1_357' title='bbox 2779 2643 2964 2718; x_wconf 77' lang='grc' dir='ltr'>δόξης,</span> <span class='ocrx_word' id='word_1_358' title='bbox 3012 2645 3419 2716; x_wconf 80' lang='grc' dir='ltr'>καταξιωθῆναι</span> <span class='ocrx_word' id='word_1_359' title='bbox 3464 2643 3713 2719; x_wconf 69' lang='grc' dir='ltr'>ἐγλίχετο,</span> <span class='ocrx_word' id='word_1_360' title='bbox 3755 2641 3821 2697; x_wconf 80' lang='grc' dir='ltr'>καὶ</span> 
     </span>
    </p>
   </div>
   <div class='ocr_carea' id='block_1_59' title="bbox 2234 2734 2899 2811">
    <p class='ocr_par' dir='ltr' id='par_1_59' title="bbox 2234 2734 2899 2811">
     <span class='ocr_line' id='line_1_59' title="bbox 2234 2734 2899 2811; baseline 0 -19"><span class='ocrx_word' id='word_1_361' title='bbox 2234 2736 2514 2811; x_wconf 79' lang='grc' dir='ltr'>ἐπεθύμει,</span> <span class='ocrx_word' id='word_1_362' title='bbox 2547 2736 2637 2792; x_wconf 83' lang='grc' dir='ltr'>καὶ</span> <span class='ocrx_word' id='word_1_363' title='bbox 2670 2734 2899 2811; x_wconf 71' lang='grc' dir='ltr'>ηὔχετο.</span> 
     </span>
    </p>
   </div>
   <div class='ocr_carea' id='block_1_60' title="bbox 2305 2839 3824 2916">
    <p class='ocr_par' dir='ltr' id='par_1_60' title="bbox 2305 2839 3824 2916">
     <span class='ocr_line' id='line_1_60' title="bbox 2305 2839 3824 2916; baseline -0.007 -16"><span class='ocrx_word' id='word_1_364' title='bbox 2305 2850 2377 2913; x_wconf 89' lang='grc' dir='ltr'>η’.</span> <span class='ocrx_word' id='word_1_365' title='bbox 2410 2846 2500 2900; x_wconf 83' lang='grc' dir='ltr'>Ἐν</span> <span class='ocrx_word' id='word_1_366' title='bbox 2523 2848 2641 2905; x_wconf 88' lang='grc' dir='ltr'>τοῖς</span> <span class='ocrx_word' id='word_1_367' title='bbox 2667 2841 2943 2905; x_wconf 90' lang='grc' dir='ltr'>τοιούτοις</span> <span class='ocrx_word' id='word_1_368' title='bbox 3004 2839 3095 2897; x_wconf 78' lang='grc' dir='ltr'>οὖν</span> <span class='ocrx_word' id='word_1_369' title='bbox 3146 2843 3469 2916; x_wconf 84' lang='grc' dir='ltr'>θεωρήμασι</span> <span class='ocrx_word' id='word_1_370' title='bbox 3517 2848 3610 2911; x_wconf 78' lang='grc' dir='ltr'>τῆς</span> <span class='ocrx_word' id='word_1_371' title='bbox 3657 2840 3824 2915; x_wconf 65' lang='grc' dir='ltr'>σώφρο-</span> 
     </span>
    </p>
   </div>
   <div class='ocr_carea' id='block_1_61' title="bbox 2232 2928 3821 3008">
    <p class='ocr_par' dir='ltr' id='par_1_61' title="bbox 2232 2928 3821 3008">
     <span class='ocr_line' id='line_1_61' title="bbox 2232 2928 3821 3008; baseline -0.001 -19"><span class='ocrx_word' id='word_1_372' title='bbox 2232 2954 2321 2996; x_wconf 90' lang='grc' dir='ltr'>νος</span> <span class='ocrx_word' id='word_1_373' title='bbox 2346 2932 2437 2989; x_wconf 83' lang='grc' dir='ltr'>καὶ</span> <span class='ocrx_word' id='word_1_374' title='bbox 2470 2934 2641 3008; x_wconf 79' lang='grc' dir='ltr'>ἁγνῆς</span> <span class='ocrx_word' id='word_1_375' title='bbox 2698 2932 2968 3008; x_wconf 74' lang='grc' dir='ltr'>παρθένου</span> <span class='ocrx_word' id='word_1_376' title='bbox 3044 2932 3144 3000; x_wconf 74' lang='grc' dir='ltr'>τήν</span> <span class='ocrx_word' id='word_1_377' title='bbox 3218 2933 3413 3006; x_wconf 73' lang='grc' dir='ltr'>ψυχὴν</span> <span class='ocrx_word' id='word_1_378' title='bbox 3492 2928 3821 2999; x_wconf 45' lang='grc' dir='ltr'>πυκναζοπς,</span> 
     </span>
    </p>
   </div>
   <div class='ocr_carea' id='block_1_62' title="bbox 2234 3014 3825 3098">
    <p class='ocr_par' dir='ltr' id='par_1_62' title="bbox 2234 3014 3825 3098">
     <span class='ocr_line' id='line_1_62' title="bbox 2234 3014 3825 3098; baseline -0.006 -20"><span class='ocrx_word' id='word_1_379' title='bbox 2234 3021 2511 3098; x_wconf 71' lang='grc' dir='ltr'>ἐφίσταται</span> <span class='ocrx_word' id='word_1_380' title='bbox 2542 3023 2571 3077; x_wconf 84' lang='grc' dir='ltr'>ό</span> <span class='ocrx_word' id='word_1_381' title='bbox 2602 3023 2804 3095; x_wconf 84' lang='grc' dir='ltr'>πατήρ.</span> <span class='ocrx_word' id='word_1_382' title='bbox 2860 3017 3367 3079; x_wconf 84' lang='grc' dir='ltr'>Ἀναδιδασκόντων</span> <span class='ocrx_word' id='word_1_383' title='bbox 3426 3018 3482 3076; x_wconf 74' lang='grc' dir='ltr'>δὲ</span> <span class='ocrx_word' id='word_1_384' title='bbox 3535 3019 3674 3074; x_wconf 85' lang='grc' dir='ltr'>αὐτὸν</span> <span class='ocrx_word' id='word_1_385' title='bbox 3720 3014 3825 3070; x_wconf 79' lang='grc' dir='ltr'>πολ-</span> 
     </span>
    </p>
   </div>
   <div class='ocr_carea' id='block_1_63' title="bbox 2240 3103 3825 3187">
    <p class='ocr_par' dir='ltr' id='par_1_63' title="bbox 2240 3103 3825 3187">
     <span class='ocr_line' id='line_1_63' title="bbox 2240 3103 3825 3187; baseline -0.006 -20"><span class='ocrx_word' id='word_1_386' title='bbox 2240 3110 2352 3167; x_wconf 92' lang='grc' dir='ltr'>λῶν</span> <span class='ocrx_word' id='word_1_387' title='bbox 2382 3109 2743 3187; x_wconf 80' lang='grc' dir='ltr'>μεγιστάνων,</span> <span class='ocrx_word' id='word_1_388' title='bbox 2764 3110 2854 3165; x_wconf 80' lang='grc' dir='ltr'>καὶ</span> <span class='ocrx_word' id='word_1_389' title='bbox 2886 3110 3010 3186; x_wconf 78' lang='grc' dir='ltr'>περὶ</span> <span class='ocrx_word' id='word_1_390' title='bbox 3042 3108 3258 3166; x_wconf 76' lang='grc' dir='ltr'>πολλοῦ</span> <span class='ocrx_word' id='word_1_391' title='bbox 3316 3115 3587 3174; x_wconf 85' lang='grc' dir='ltr'>ποιεῖσθαι</span> <span class='ocrx_word' id='word_1_392' title='bbox 3626 3107 3709 3175; x_wconf 75' lang='grc' dir='ltr'>τήν</span> <span class='ocrx_word' id='word_1_393' title='bbox 3731 3103 3825 3161; x_wconf 81' lang='grc' dir='ltr'>ταύ-</span> 
     </span>
    </p>
   </div>
   <div class='ocr_carea' id='block_1_64' title="bbox 472 3177 2126 3280">
    <p class='ocr_par' dir='ltr' id='par_1_64' title="bbox 472 3206 2126 3280">
     <span class='ocr_line' id='line_1_64' title="bbox 472 3206 2126 3280; baseline 0.002 -20"><span class='ocrx_word' id='word_1_394' title='bbox 472 3206 579 3261; x_wconf 89' lang='lat' dir='ltr'>illa</span> <span class='ocrx_word' id='word_1_395' title='bbox 595 3222 900 3261; x_wconf 89' lang='lat' dir='ltr'>sermones</span> <span class='ocrx_word' id='word_1_396' title='bbox 919 3206 1213 3278; x_wconf 89' lang='lat' dir='ltr'>ejusmodi</span> <span class='ocrx_word' id='word_1_397' title='bbox 1230 3212 1511 3277; x_wconf 89' lang='lat' dir='ltr'>tanquam</span> <span class='ocrx_word' id='word_1_398' title='bbox 1529 3224 1714 3280; x_wconf 81' lang='lat' dir='ltr'>nugas</span> <span class='ocrx_word' id='word_1_399' title='bbox 1735 3213 1795 3262; x_wconf 92' lang='lat' dir='ltr'>et</span> <span class='ocrx_word' id='word_1_400' title='bbox 1812 3206 1923 3262; x_wconf 89' lang='lat' dir='ltr'>sibi</span> <span class='ocrx_word' id='word_1_401' title='bbox 1942 3208 2126 3263; x_wconf 85' lang='lat' dir='ltr'>mole-</span> 
     </span>
    </p>
   </div>
   <div class='ocr_carea' id='block_1_65' title="bbox 2236 3177 3824 3280">
    <p class='ocr_par' dir='ltr' id='par_1_65' title="bbox 2239 3177 3824 3279">
     <span class='ocr_line' id='line_1_65' title="bbox 2239 3177 3824 3279; baseline -0.004 -21"><span class='ocrx_word' id='word_1_402' title='bbox 2239 3224 2339 3273; x_wconf 89' lang='grc' dir='ltr'>της</span> <span class='ocrx_word' id='word_1_403' title='bbox 2394 3177 2647 3279; x_wconf 63' lang='grc' dir='ltr'>συξυγίαν</span> <span class='ocrx_word' id='word_1_404' title='bbox 2702 3223 2785 3272; x_wconf 91' lang='grc' dir='ltr'>τε,</span> <span class='ocrx_word' id='word_1_405' title='bbox 2836 3201 2926 3257; x_wconf 87' lang='grc' dir='ltr'>καὶ</span> <span class='ocrx_word' id='word_1_406' title='bbox 2984 3204 3120 3277; x_wconf 86' lang='grc' dir='ltr'>πρὸς</span> <span class='ocrx_word' id='word_1_407' title='bbox 3171 3204 3418 3276; x_wconf 72' lang='grc' dir='ltr'>γαμικὴν</span> <span class='ocrx_word' id='word_1_408' title='bbox 3468 3200 3669 3275; x_wconf 76' lang='grc' dir='ltr'>ὁμιλίαν</span> <span class='ocrx_word' id='word_1_409' title='bbox 3710 3198 3824 3252; x_wconf 77' lang='grc' dir='ltr'>συνά-</span> 
     </span>
    </p>
   </div>
   <div class='ocr_carea' id='block_1_66' title="bbox 477 3296 2134 3370">
    <p class='ocr_par' dir='ltr' id='par_1_66' title="bbox 477 3296 2134 3370">
     <span class='ocr_line' id='line_1_66' title="bbox 477 3296 2134 3370; baseline 0.002 -20"><span class='ocrx_word' id='word_1_410' title='bbox 477 3304 599 3352; x_wconf 91' lang='lat' dir='ltr'>stos</span> <span class='ocrx_word' id='word_1_411' title='bbox 622 3313 930 3367; x_wconf 91' lang='lat' dir='ltr'>spernens,</span> <span class='ocrx_word' id='word_1_412' title='bbox 959 3296 1112 3351; x_wconf 91' lang='lat' dir='ltr'>irato</span> <span class='ocrx_word' id='word_1_413' title='bbox 1135 3296 1298 3352; x_wconf 89' lang='lat' dir='ltr'>vultu</span> <span class='ocrx_word' id='word_1_414' title='bbox 1322 3303 1553 3369; x_wconf 86' lang='lat' dir='ltr'>patrem</span> <span class='ocrx_word' id='word_1_415' title='bbox 1577 3298 2134 3370; x_wconf 86' lang='lat' dir='ltr'>inspiciens,perni-</span> 
     </span>
    </p>
   </div>
   <div class='ocr_carea' id='block_1_67' title="bbox 474 3386 2131 3459">
    <p class='ocr_par' dir='ltr' id='par_1_67' title="bbox 474 3386 2131 3459">
     <span class='ocr_line' id='line_1_67' title="bbox 474 3386 2131 3459; baseline 0.001 -18"><span class='ocrx_word' id='word_1_416' title='bbox 474 3387 699 3441; x_wconf 90' lang='lat' dir='ltr'>ciosam</span> <span class='ocrx_word' id='word_1_417' title='bbox 723 3387 875 3441; x_wconf 90' lang='lat' dir='ltr'>hanc</span> <span class='ocrx_word' id='word_1_418' title='bbox 898 3386 1100 3441; x_wconf 91' lang='lat' dir='ltr'>animo</span> <span class='ocrx_word' id='word_1_419' title='bbox 1118 3387 1591 3443; x_wconf 90' lang='lat' dir='ltr'>cohortationem</span> <span class='ocrx_word' id='word_1_420' title='bbox 1624 3405 1871 3459; x_wconf 90' lang='lat' dir='ltr'>prorsus</span> <span class='ocrx_word' id='word_1_421' title='bbox 1888 3388 2131 3443; x_wconf 88' lang='lat' dir='ltr'>submo-</span> 
     </span>
    </p>
   </div>
   <div class='ocr_carea' id='block_1_68' title="bbox 472 3474 2129 3549">
    <p class='ocr_par' dir='ltr' id='par_1_68' title="bbox 472 3474 2129 3549">
     <span class='ocr_line' id='line_1_68' title="bbox 472 3474 2129 3549; baseline 0.002 -21"><span class='ocrx_word' id='word_1_422' title='bbox 472 3491 539 3531; x_wconf 91' lang='lat' dir='ltr'>ve</span> <span class='ocrx_word' id='word_1_423' title='bbox 553 3474 1033 3545; x_wconf 90' lang='lat' dir='ltr'>t,denuntiatque</span> <span class='ocrx_word' id='word_1_424' title='bbox 1056 3491 1181 3529; x_wconf 91' lang='lat' dir='ltr'>rem</span> <span class='ocrx_word' id='word_1_425' title='bbox 1197 3475 1493 3544; x_wconf 88' lang='lat' dir='ltr'>ejusmodi</span> <span class='ocrx_word' id='word_1_426' title='bbox 1514 3492 1823 3547; x_wconf 89' lang='lat' dir='ltr'>nunquam</span> <span class='ocrx_word' id='word_1_427' title='bbox 1838 3482 2129 3549; x_wconf 86' lang='lat' dir='ltr'>suggerat.</span> 
     </span>
    </p>
   </div>
   <div class='ocr_carea' id='block_1_69' title="bbox 484 3563 2131 3638">
    <p class='ocr_par' dir='ltr' id='par_1_69' title="bbox 484 3563 2131 3638">
     <span class='ocr_line' id='line_1_69' title="bbox 484 3563 2131 3638; baseline 0.001 -19"><span class='ocrx_word' id='word_1_428' title='bbox 484 3563 820 3619; x_wconf 83' lang='lat' dir='ltr'>Ridiculum</span> <span class='ocrx_word' id='word_1_429' title='bbox 840 3564 998 3619; x_wconf 91' lang='lat' dir='ltr'>enim</span> <span class='ocrx_word' id='word_1_430' title='bbox 1021 3580 1382 3635; x_wconf 89' lang='lat' dir='ltr'>prorsusque</span> <span class='ocrx_word' id='word_1_431' title='bbox 1404 3564 1727 3620; x_wconf 89' lang='lat' dir='ltr'>absurdum</span> <span class='ocrx_word' id='word_1_432' title='bbox 1744 3566 1903 3638; x_wconf 88' lang='lat' dir='ltr'>virgo</span> <span class='ocrx_word' id='word_1_433' title='bbox 1926 3582 2131 3621; x_wconf 87' lang='lat' dir='ltr'>cense-</span> 
     </span>
    </p>
   </div>
   <div class='ocr_carea' id='block_1_70' title="bbox 486 3651 2130 3720">
    <p class='ocr_par' dir='ltr' id='par_1_70' title="bbox 486 3651 2130 3720">
     <span class='ocr_line' id='line_1_70' title="bbox 486 3651 2130 3720; baseline 0.002 -15"><span class='ocrx_word' id='word_1_434' title='bbox 486 3651 605 3717; x_wconf 86' lang='lat' dir='ltr'>bat,</span> <span class='ocrx_word' id='word_1_435' title='bbox 640 3667 770 3720; x_wconf 75' lang='lat' dir='ltr'>qum</span> <span class='ocrx_word' id='word_1_436' title='bbox 790 3668 851 3706; x_wconf 93' lang='lat' dir='ltr'>se</span> <span class='ocrx_word' id='word_1_437' title='bbox 876 3651 1060 3705; x_wconf 89' lang='lat' dir='ltr'>semel</span> <span class='ocrx_word' id='word_1_438' title='bbox 1080 3652 1303 3706; x_wconf 68' lang='lat' dir='ltr'>caelesti</span> <span class='ocrx_word' id='word_1_439' title='bbox 1326 3653 1731 3709; x_wconf 90' lang='lat' dir='ltr'>etimmortali</span> <span class='ocrx_word' id='word_1_440' title='bbox 1766 3655 1996 3709; x_wconf 87' lang='lat' dir='ltr'>Christo</span> <span class='ocrx_word' id='word_1_441' title='bbox 2027 3654 2130 3709; x_wconf 89' lang='lat' dir='ltr'>ad-</span> 
     </span>
    </p>
   </div>
   <div class='ocr_carea' id='block_1_71' title="bbox 489 3739 2132 3811">
    <p class='ocr_par' dir='ltr' id='par_1_71' title="bbox 489 3739 2132 3811">
     <span class='ocr_line' id='line_1_71' title="bbox 489 3739 2132 3811; baseline 0.003 -18"><span class='ocrx_word' id='word_1_442' title='bbox 489 3739 737 3793; x_wconf 83' lang='lat' dir='ltr'>dixisset</span> <span class='ocrx_word' id='word_1_443' title='bbox 757 3754 824 3793; x_wconf 89' lang='lat' dir='ltr'>ac</span> <span class='ocrx_word' id='word_1_444' title='bbox 855 3739 1211 3810; x_wconf 88' lang='lat' dir='ltr'>copulasset,</span> <span class='ocrx_word' id='word_1_445' title='bbox 1236 3740 1309 3795; x_wconf 93' lang='lat' dir='ltr'>iis</span> <span class='ocrx_word' id='word_1_446' title='bbox 1336 3741 1437 3811; x_wconf 93' lang='lat' dir='ltr'>qui</span> <span class='ocrx_word' id='word_1_447' title='bbox 1485 3743 1775 3797; x_wconf 91' lang='lat' dir='ltr'>vermium</span> <span class='ocrx_word' id='word_1_448' title='bbox 1835 3744 2023 3798; x_wconf 90' lang='lat' dir='ltr'>instar</span> <span class='ocrx_word' id='word_1_449' title='bbox 2070 3743 2132 3798; x_wconf 90' lang='lat' dir='ltr'>iu</span> 
     </span>
    </p>
   </div>
   <div class='ocr_carea' id='block_1_72' title="bbox 486 3827 2132 3902">
    <p class='ocr_par' dir='ltr' id='par_1_72' title="bbox 486 3827 2132 3902">
     <span class='ocr_line' id='line_1_72' title="bbox 486 3827 2132 3902; baseline 0.004 -22"><span class='ocrx_word' id='word_1_450' title='bbox 486 3827 724 3881; x_wconf 91' lang='lat' dir='ltr'>cenosis</span> <span class='ocrx_word' id='word_1_451' title='bbox 753 3843 814 3881; x_wconf 92' lang='lat' dir='ltr'>se</span> <span class='ocrx_word' id='word_1_452' title='bbox 844 3828 1236 3883; x_wconf 89' lang='lat' dir='ltr'>volutantium</span> <span class='ocrx_word' id='word_1_453' title='bbox 1261 3829 1507 3884; x_wconf 91' lang='lat' dir='ltr'>lacubus</span> <span class='ocrx_word' id='word_1_454' title='bbox 1532 3830 1593 3885; x_wconf 90' lang='lat' dir='ltr'>in</span> <span class='ocrx_word' id='word_1_455' title='bbox 1636 3832 1984 3902; x_wconf 87' lang='lat' dir='ltr'>gentilitatis</span> <span class='ocrx_word' id='word_1_456' title='bbox 2010 3832 2132 3888; x_wconf 93' lang='lat' dir='ltr'>luto</span> 
     </span>
    </p>
   </div>
   <div class='ocr_carea' id='block_1_73' title="bbox 487 3915 2135 3993">
    <p class='ocr_par' dir='ltr' id='par_1_73' title="bbox 487 3915 2135 3993">
     <span class='ocr_line' id='line_1_73' title="bbox 487 3915 2135 3993; baseline 0.004 -22"><span class='ocrx_word' id='word_1_457' title='bbox 487 3915 1491 3981; x_wconf 79' lang='lat' dir='ltr'>versabantur,obsecundare.900</span> <span class='ocrx_word' id='word_1_458' title='bbox 1504 3920 1788 3983; x_wconf 89' lang='lat' dir='ltr'>Quocirca</span> <span class='ocrx_word' id='word_1_459' title='bbox 1802 3922 2015 3992; x_wconf 73' lang='lat' dir='ltr'>puellm</span> <span class='ocrx_word' id='word_1_460' title='bbox 2038 3938 2135 3993; x_wconf 87' lang='lat' dir='ltr'>pa-</span> 
     </span>
    </p>
   </div>
   <div class='ocr_carea' id='block_1_74' title="bbox 484 4005 2134 4078">
    <p class='ocr_par' dir='ltr' id='par_1_74' title="bbox 484 4005 2134 4078">
     <span class='ocr_line' id='line_1_74' title="bbox 484 4005 2134 4078; baseline 0.003 -17"><span class='ocrx_word' id='word_1_461' title='bbox 484 4006 811 4072; x_wconf 92' lang='lat' dir='ltr'>rens,omni</span> <span class='ocrx_word' id='word_1_462' title='bbox 828 4005 1134 4078; x_wconf 89' lang='lat' dir='ltr'>diligentia</span> <span class='ocrx_word' id='word_1_463' title='bbox 1154 4005 1435 4061; x_wconf 89' lang='lat' dir='ltr'>balneum</span> <span class='ocrx_word' id='word_1_464' title='bbox 1448 4013 1968 4077; x_wconf 89' lang='lat' dir='ltr'>construens,cum</span> <span class='ocrx_word' id='word_1_465' title='bbox 1987 4010 2134 4066; x_wconf 89' lang='lat' dir='ltr'>duas</span> 
     </span>
    </p>
   </div>
   <div class='ocr_carea' id='block_1_75' title="bbox 484 4094 2137 4167">
    <p class='ocr_par' dir='ltr' id='par_1_75' title="bbox 484 4094 2137 4167">
     <span class='ocr_line' id='line_1_75' title="bbox 484 4094 2137 4167; baseline 0.003 -17"><span class='ocrx_word' id='word_1_466' title='bbox 484 4095 775 4150; x_wconf 82' lang='lat' dir='ltr'>fenestras</span> <span class='ocrx_word' id='word_1_467' title='bbox 798 4094 870 4149; x_wconf 92' lang='lat' dir='ltr'>ad</span> <span class='ocrx_word' id='word_1_468' title='bbox 884 4095 1399 4166; x_wconf 90' lang='lat' dir='ltr'>austrum,quibus</span> <span class='ocrx_word' id='word_1_469' title='bbox 1420 4096 1623 4152; x_wconf 90' lang='lat' dir='ltr'>lumen</span> <span class='ocrx_word' id='word_1_470' title='bbox 1648 4098 2137 4167; x_wconf 86' lang='lat' dir='ltr'>induceretur,fa-</span> 
     </span>
    </p>
   </div>
   <div class='ocr_carea' id='block_1_76' title="bbox 483 4183 2138 4257">
    <p class='ocr_par' dir='ltr' id='par_1_76' title="bbox 483 4183 2138 4257">
     <span class='ocr_line' id='line_1_76' title="bbox 483 4183 2138 4257; baseline 0.004 -19"><span class='ocrx_word' id='word_1_471' title='bbox 483 4184 605 4238; x_wconf 89' lang='lat' dir='ltr'>bris</span> <span class='ocrx_word' id='word_1_472' title='bbox 628 4184 1067 4255; x_wconf 90' lang='lat' dir='ltr'>imperasset,in</span> <span class='ocrx_word' id='word_1_473' title='bbox 1080 4183 1275 4239; x_wconf 90' lang='lat' dir='ltr'>locum</span> <span class='ocrx_word' id='word_1_474' title='bbox 1291 4185 1608 4256; x_wconf 91' lang='lat' dir='ltr'>quemdam</span> <span class='ocrx_word' id='word_1_475' title='bbox 1631 4187 1931 4257; x_wconf 86' lang='lat' dir='ltr'>profectus</span> <span class='ocrx_word' id='word_1_476' title='bbox 1948 4192 2138 4246; x_wconf 84' lang='lat' dir='ltr'>est.At</span> 
     </span>
    </p>
   </div>
   <div class='ocr_carea' id='block_1_77' title="bbox 482 4274 2137 4349">
    <p class='ocr_par' dir='ltr' id='par_1_77' title="bbox 482 4274 2137 4349">
     <span class='ocr_line' id='line_1_77' title="bbox 482 4274 2137 4349; baseline 0.004 -21"><span class='ocrx_word' id='word_1_477' title='bbox 482 4274 783 4329; x_wconf 89' lang='lat' dir='ltr'>Trinitatis</span> <span class='ocrx_word' id='word_1_478' title='bbox 805 4274 1024 4329; x_wconf 87' lang='lat' dir='ltr'>ancilla</span> <span class='ocrx_word' id='word_1_479' title='bbox 1049 4290 1383 4346; x_wconf 86' lang='lat' dir='ltr'>sponsaque</span> <span class='ocrx_word' id='word_1_480' title='bbox 1415 4275 1961 4349; x_wconf 88' lang='lat' dir='ltr'>Barbara,dispecto</span> <span class='ocrx_word' id='word_1_481' title='bbox 1993 4279 2137 4334; x_wconf 72' lang='lat' dir='ltr'>aedi-</span> 
     </span>
    </p>
   </div>
   <div class='ocr_carea' id='block_1_78' title="bbox 483 4364 2135 4440">
    <p class='ocr_par' dir='ltr' id='par_1_78' title="bbox 483 4364 2135 4440">
     <span class='ocr_line' id='line_1_78' title="bbox 483 4364 2135 4440; baseline 0.004 -22"><span class='ocrx_word' id='word_1_482' title='bbox 483 4364 638 4434; x_wconf 80' lang='lat' dir='ltr'>ficio,</span> <span class='ocrx_word' id='word_1_483' title='bbox 673 4364 995 4435; x_wconf 88' lang='lat' dir='ltr'>operarios,</span> <span class='ocrx_word' id='word_1_484' title='bbox 1029 4369 1096 4419; x_wconf 92' lang='lat' dir='ltr'>ut</span> <span class='ocrx_word' id='word_1_485' title='bbox 1125 4370 1244 4419; x_wconf 90' lang='lat' dir='ltr'>tres</span> <span class='ocrx_word' id='word_1_486' title='bbox 1271 4364 1565 4421; x_wconf 80' lang='lat' dir='ltr'>fenestras</span> <span class='ocrx_word' id='word_1_487' title='bbox 1617 4371 1928 4422; x_wconf 65' lang='lat' dir='ltr'>structura:</span> <span class='ocrx_word' id='word_1_488' title='bbox 1960 4373 2135 4440; x_wconf 85' lang='lat' dir='ltr'>apta-</span> 
     </span>
    </p>
   </div>
   <div class='ocr_carea' id='block_1_79' title="bbox 480 4454 2136 4530">
    <p class='ocr_par' dir='ltr' id='par_1_79' title="bbox 480 4454 2136 4530">
     <span class='ocr_line' id='line_1_79' title="bbox 480 4454 2136 4530; baseline 0.004 -22"><span class='ocrx_word' id='word_1_489' title='bbox 480 4460 634 4521; x_wconf 92' lang='lat' dir='ltr'>rent,</span> <span class='ocrx_word' id='word_1_490' title='bbox 669 4454 975 4525; x_wconf 90' lang='lat' dir='ltr'>compulit.</span> <span class='ocrx_word' id='word_1_491' title='bbox 1008 4456 1154 4509; x_wconf 92' lang='lat' dir='ltr'>Tum</span> <span class='ocrx_word' id='word_1_492' title='bbox 1184 4471 1438 4525; x_wconf 85' lang='lat' dir='ltr'>reversa,</span> <span class='ocrx_word' id='word_1_493' title='bbox 1472 4473 1607 4511; x_wconf 91' lang='lat' dir='ltr'>cum</span> <span class='ocrx_word' id='word_1_494' title='bbox 1640 4473 1703 4512; x_wconf 89' lang='lat' dir='ltr'>se</span> <span class='ocrx_word' id='word_1_495' title='bbox 1731 4456 1947 4513; x_wconf 90' lang='lat' dir='ltr'>iterum</span> <span class='ocrx_word' id='word_1_496' title='bbox 1994 4476 2136 4530; x_wconf 91' lang='lat' dir='ltr'>spe-</span> 
     </span>
    </p>
   </div>
   <div class='ocr_carea' id='block_1_80' title="bbox 481 4544 2139 4618">
    <p class='ocr_par' dir='ltr' id='par_1_80' title="bbox 481 4544 2139 4618">
     <span class='ocr_line' id='line_1_80' title="bbox 481 4544 2139 4618; baseline 0.003 -19"><span class='ocrx_word' id='word_1_497' title='bbox 481 4544 640 4600; x_wconf 89' lang='lat' dir='ltr'>ciosa</span> <span class='ocrx_word' id='word_1_498' title='bbox 668 4544 826 4616; x_wconf 87' lang='lat' dir='ltr'>virgo</span> <span class='ocrx_word' id='word_1_499' title='bbox 871 4544 931 4598; x_wconf 91' lang='lat' dir='ltr'>in</span> <span class='ocrx_word' id='word_1_500' title='bbox 975 4545 1184 4599; x_wconf 90' lang='lat' dir='ltr'>turrim</span> <span class='ocrx_word' id='word_1_501' title='bbox 1218 4562 1387 4601; x_wconf 91' lang='lat' dir='ltr'>suam</span> <span class='ocrx_word' id='word_1_502' title='bbox 1420 4546 1765 4618; x_wconf 89' lang='lat' dir='ltr'>recepisset,</span> <span class='ocrx_word' id='word_1_503' title='bbox 1819 4547 2139 4605; x_wconf 90' lang='lat' dir='ltr'>simulacra</span> 
     </span>
    </p>
   </div>
   <div class='ocr_carea' id='block_1_81' title="bbox 478 4633 2134 4710">
    <p class='ocr_par' dir='ltr' id='par_1_81' title="bbox 478 4633 2134 4710">
     <span class='ocr_line' id='line_1_81' title="bbox 478 4633 2134 4710; baseline 0.005 -23"><span class='ocrx_word' id='word_1_504' title='bbox 478 4633 635 4688; x_wconf 82' lang='lat' dir='ltr'>videt</span> <span class='ocrx_word' id='word_1_505' title='bbox 657 4650 790 4705; x_wconf 62' lang='lat' dir='ltr'>qua:</span> <span class='ocrx_word' id='word_1_506' title='bbox 808 4639 977 4705; x_wconf 89' lang='lat' dir='ltr'>pater</span> <span class='ocrx_word' id='word_1_507' title='bbox 998 4634 1445 4701; x_wconf 89' lang='lat' dir='ltr'>colebat,animi</span> <span class='ocrx_word' id='word_1_508' title='bbox 1472 4653 1803 4708; x_wconf 89' lang='lat' dir='ltr'>sensusque</span> <span class='ocrx_word' id='word_1_509' title='bbox 1823 4639 2089 4710; x_wconf 84' lang='lat' dir='ltr'>expertia</span> <span class='ocrx_word' id='word_1_510' title='bbox 2120 4657 2134 4696; x_wconf 90' lang='lat'><strong>:</strong></span> 
     </span>
    </p>
   </div>
   <div class='ocr_carea' id='block_1_82' title="bbox 479 4722 2140 4799">
    <p class='ocr_par' dir='ltr' id='par_1_82' title="bbox 479 4722 2140 4799">
     <span class='ocr_line' id='line_1_82' title="bbox 479 4722 2140 4799; baseline 0.003 -21"><span class='ocrx_word' id='word_1_511' title='bbox 479 4740 617 4778; x_wconf 80' lang='lat' dir='ltr'>mox</span> <span class='ocrx_word' id='word_1_512' title='bbox 640 4722 860 4794; x_wconf 90' lang='lat' dir='ltr'>Spiritu</span> <span class='ocrx_word' id='word_1_513' title='bbox 884 4730 1087 4779; x_wconf 88' lang='lat' dir='ltr'>sancto</span> <span class='ocrx_word' id='word_1_514' title='bbox 1110 4724 1358 4795; x_wconf 89' lang='lat' dir='ltr'>repleta,</span> <span class='ocrx_word' id='word_1_515' title='bbox 1393 4724 1772 4797; x_wconf 90' lang='lat' dir='ltr'>divinamque</span> <span class='ocrx_word' id='word_1_516' title='bbox 1796 4743 1863 4782; x_wconf 91' lang='lat' dir='ltr'>ac</span> <span class='ocrx_word' id='word_1_517' title='bbox 1895 4728 2140 4799; x_wconf 68' lang='lat' dir='ltr'>praefer-</span> 
     </span>
    </p>
   </div>
   <div class='ocr_carea' id='block_1_83' title="bbox 477 4812 2135 4887">
    <p class='ocr_par' dir='ltr' id='par_1_83' title="bbox 477 4812 2135 4887">
     <span class='ocr_line' id='line_1_83' title="bbox 477 4812 2135 4887; baseline 0.004 -23"><span class='ocrx_word' id='word_1_518' title='bbox 477 4812 673 4866; x_wconf 90' lang='lat' dir='ltr'>vidam</span> <span class='ocrx_word' id='word_1_519' title='bbox 704 4812 1148 4867; x_wconf 73' lang='lat' dir='ltr'>mmulationem</span> <span class='ocrx_word' id='word_1_520' title='bbox 1181 4816 1593 4882; x_wconf 88' lang='lat' dir='ltr'>assumens,in</span> <span class='ocrx_word' id='word_1_521' title='bbox 1628 4832 1833 4870; x_wconf 90' lang='lat' dir='ltr'>eorum</span> <span class='ocrx_word' id='word_1_522' title='bbox 1867 4815 2135 4887; x_wconf 86' lang='lat' dir='ltr'>despica-</span> 
     </span>
    </p>
   </div>
   <div class='ocr_carea' id='block_1_84' title="bbox 481 4901 2136 4975">
    <p class='ocr_par' dir='ltr' id='par_1_84' title="bbox 481 4901 2136 4975">
     <span class='ocr_line' id='line_1_84' title="bbox 481 4901 2136 4975; baseline 0.004 -20"><span class='ocrx_word' id='word_1_523' title='bbox 481 4901 633 4956; x_wconf 90' lang='lat' dir='ltr'>biles</span> <span class='ocrx_word' id='word_1_524' title='bbox 663 4901 856 4957; x_wconf 87' lang='lat' dir='ltr'>vultus</span> <span class='ocrx_word' id='word_1_525' title='bbox 888 4903 1183 4974; x_wconf 83' lang='lat' dir='ltr'>conspuit.</span> <span class='ocrx_word' id='word_1_526' title='bbox 1218 4909 1550 4975; x_wconf 90' lang='lat' dir='ltr'>opportune</span> <span class='ocrx_word' id='word_1_527' title='bbox 1598 4904 1945 4960; x_wconf 91' lang='lat' dir='ltr'>Davidicum</span> <span class='ocrx_word' id='word_1_528' title='bbox 1976 4906 2136 4973; x_wconf 82' lang='lat' dir='ltr'>illud</span> 
     </span>
    </p>
   </div>
   <div class='ocr_carea' id='block_1_85' title="bbox 484 4989 2135 5063">
    <p class='ocr_par' dir='ltr' id='par_1_85' title="bbox 484 4989 2135 5063">
     <span class='ocr_line' id='line_1_85' title="bbox 484 4989 2135 5063; baseline 0.004 -20"><span class='ocrx_word' id='word_1_529' title='bbox 484 4989 674 5044; x_wconf 87' lang='lat' dir='ltr'>melos</span> <span class='ocrx_word' id='word_1_530' title='bbox 694 5006 989 5060; x_wconf 87' lang='lat' dir='ltr'>usurpans</span> <span class='ocrx_word' id='word_1_531' title='bbox 1012 5008 1024 5044; x_wconf 88' lang='lat'>:</span> <span class='ocrx_word' id='word_1_532' title='bbox 1048 4992 1264 5047; x_wconf 80' lang='lat' dir='ltr'>Similes</span> <span class='ocrx_word' id='word_1_533' title='bbox 1285 4991 1449 5047; x_wconf 88' lang='lat' dir='ltr'>vobis</span> <span class='ocrx_word' id='word_1_534' title='bbox 1487 4996 1624 5063; x_wconf 79' lang='lat' dir='ltr'>ﬁant</span> <span class='ocrx_word' id='word_1_535' title='bbox 1647 4994 1745 5063; x_wconf 84' lang='lat' dir='ltr'>qui</span> <span class='ocrx_word' id='word_1_536' title='bbox 1774 4996 1991 5062; x_wconf 83' lang='lat' dir='ltr'>faciunt</span> <span class='ocrx_word' id='word_1_537' title='bbox 2012 5011 2135 5061; x_wconf 86' lang='lat' dir='ltr'>vos,</span> 
     </span>
    </p>
   </div>
   <div class='ocr_carea' id='block_1_86' title="bbox 484 5080 2138 5150">
    <p class='ocr_par' dir='ltr' id='par_1_86' title="bbox 484 5080 2138 5150">
     <span class='ocr_line' id='line_1_86' title="bbox 484 5080 2138 5150; baseline 0.003 -17"><span class='ocrx_word' id='word_1_538' title='bbox 484 5084 534 5134; x_wconf 80' lang='lat' dir='ltr'>et</span> <span class='ocrx_word' id='word_1_539' title='bbox 550 5096 731 5134; x_wconf 87' lang='lat' dir='ltr'>omnes</span> <span class='ocrx_word' id='word_1_540' title='bbox 750 5082 848 5150; x_wconf 85' lang='lat' dir='ltr'>qui</span> <span class='ocrx_word' id='word_1_541' title='bbox 867 5082 1147 5149; x_wconf 78' lang='lat' dir='ltr'>conﬁdunt</span> <span class='ocrx_word' id='word_1_542' title='bbox 1184 5084 1243 5136; x_wconf 88' lang='lat' dir='ltr'>in</span> <span class='ocrx_word' id='word_1_543' title='bbox 1270 5080 1435 5137; x_wconf 91' lang='lat' dir='ltr'>vobis</span> <span class='ocrx_word' id='word_1_544' title='bbox 1455 5080 1521 5137; x_wconf 74' lang='lat'>“.</span> <span class='ocrx_word' id='word_1_545' title='bbox 1548 5084 1591 5138; x_wconf 92' lang='grc' dir='ltr'><strong>Ο</strong></span> <span class='ocrx_word' id='word_1_546' title='bbox 1638 5082 1871 5138; x_wconf 88' lang='lat' dir='ltr'>beatam</span> <span class='ocrx_word' id='word_1_547' title='bbox 1915 5099 2047 5138; x_wconf 89' lang='lat' dir='ltr'>vere</span> <span class='ocrx_word' id='word_1_548' title='bbox 2081 5088 2138 5138; x_wconf 90' lang='lat' dir='ltr'>et</span> 
     </span>
    </p>
   </div>
   <div class='ocr_carea' id='block_1_87' title="bbox 481 5167 2135 5243">
    <p class='ocr_par' dir='ltr' id='par_1_87' title="bbox 481 5167 2135 5243">
     <span class='ocr_line' id='line_1_87' title="bbox 481 5167 2135 5243; baseline 0.004 -23"><span class='ocrx_word' id='word_1_549' title='bbox 481 5167 821 5239; x_wconf 83' lang='lat' dir='ltr'>religiosam</span> <span class='ocrx_word' id='word_1_550' title='bbox 854 5170 1115 5225; x_wconf 81' lang='lat' dir='ltr'>animum</span> <span class='ocrx_word' id='word_1_551' title='bbox 1143 5170 1155 5225; x_wconf 83' lang='grc' dir='ltr'>ί</span> <span class='ocrx_word' id='word_1_552' title='bbox 1182 5172 1224 5226; x_wconf 94' lang='grc' dir='ltr'><strong>Ο</strong></span> <span class='ocrx_word' id='word_1_553' title='bbox 1246 5171 1360 5226; x_wconf 82' lang='lat' dir='ltr'>ﬁde</span> <span class='ocrx_word' id='word_1_554' title='bbox 1382 5170 1704 5226; x_wconf 88' lang='lat' dir='ltr'>ferventem</span> <span class='ocrx_word' id='word_1_555' title='bbox 1729 5172 2135 5243; x_wconf 66' lang='lat' dir='ltr'>puellamﬁde</span> 
     </span>
    </p>
   </div>
   <div class='ocr_carea' id='block_1_88' title="bbox 485 5257 2134 5333">
    <p class='ocr_par' dir='ltr' id='par_1_88' title="bbox 485 5257 2134 5333">
     <span class='ocr_line' id='line_1_88' title="bbox 485 5257 2134 5333; baseline 0.005 -25"><span class='ocrx_word' id='word_1_556' title='bbox 485 5261 753 5311; x_wconf 85' lang='lat' dir='ltr'>ornatam</span> <span class='ocrx_word' id='word_1_557' title='bbox 776 5257 787 5311; x_wconf 85' lang='grc' dir='ltr'>ί</span> <span class='ocrx_word' id='word_1_558' title='bbox 804 5258 847 5313; x_wconf 94' lang='grc' dir='ltr'>Ο</span> <span class='ocrx_word' id='word_1_559' title='bbox 860 5258 1369 5315; x_wconf 84' lang='lat' dir='ltr'>adolescentulam</span> <span class='ocrx_word' id='word_1_560' title='bbox 1390 5259 1589 5315; x_wconf 92' lang='lat' dir='ltr'>divino</span> <span class='ocrx_word' id='word_1_561' title='bbox 1606 5277 1784 5315; x_wconf 89' lang='lat' dir='ltr'>sensu</span> <span class='ocrx_word' id='word_1_562' title='bbox 1802 5278 1869 5316; x_wconf 91' lang='lat' dir='ltr'>ac</span> <span class='ocrx_word' id='word_1_563' title='bbox 1883 5261 2134 5333; x_wconf 90' lang='lat' dir='ltr'>pruden-</span> 
     </span>
    </p>
   </div>
   <div class='ocr_carea' id='block_1_89' title="bbox 487 5344 2135 5420">
    <p class='ocr_par' dir='ltr' id='par_1_89' title="bbox 487 5344 2135 5420">
     <span class='ocr_line' id='line_1_89' title="bbox 487 5344 2135 5420; baseline 0.005 -24"><span class='ocrx_word' id='word_1_564' title='bbox 487 5344 567 5397; x_wconf 90' lang='lat' dir='ltr'>tia</span> <span class='ocrx_word' id='word_1_565' title='bbox 588 5345 771 5414; x_wconf 87' lang='lat' dir='ltr'>patris</span> <span class='ocrx_word' id='word_1_566' title='bbox 790 5346 1083 5403; x_wconf 88' lang='lat' dir='ltr'>insaniam</span> <span class='ocrx_word' id='word_1_567' title='bbox 1103 5349 1585 5420; x_wconf 89' lang='lat' dir='ltr'>dementiamque</span> <span class='ocrx_word' id='word_1_568' title='bbox 1604 5350 1949 5404; x_wconf 87' lang='lat' dir='ltr'>irridentem</span> <span class='ocrx_word' id='word_1_569' title='bbox 1970 5350 1980 5404; x_wconf 82' lang='grc' dir='ltr'>ί</span> <span class='ocrx_word' id='word_1_570' title='bbox 2005 5351 2047 5405; x_wconf 91' lang='grc' dir='ltr'><strong>Ο</strong></span> <span class='ocrx_word' id='word_1_571' title='bbox 2070 5350 2135 5404; x_wconf 77' lang='lat' dir='ltr'>il-</span> 
     </span>
    </p>
   </div>
   <div class='ocr_carea' id='block_1_90' title="bbox 487 5432 2136 5504">
    <p class='ocr_par' dir='ltr' id='par_1_90' title="bbox 487 5432 2136 5504">
     <span class='ocr_line' id='line_1_90' title="bbox 487 5432 2136 5504; baseline 0.005 -17"><span class='ocrx_word' id='word_1_572' title='bbox 487 5432 626 5487; x_wconf 91' lang='lat' dir='ltr'>liam</span> <span class='ocrx_word' id='word_1_573' title='bbox 651 5434 915 5504; x_wconf 88' lang='lat' dir='ltr'>parentis</span> <span class='ocrx_word' id='word_1_574' title='bbox 937 5438 1062 5492; x_wconf 65' lang='lat' dir='ltr'>Eva:</span> <span class='ocrx_word' id='word_1_575' title='bbox 1089 5438 1259 5492; x_wconf 83' lang='lat' dir='ltr'>firmo</span> <span class='ocrx_word' id='word_1_576' title='bbox 1284 5455 1461 5494; x_wconf 92' lang='lat' dir='ltr'>sensu</span> <span class='ocrx_word' id='word_1_577' title='bbox 1482 5444 1857 5495; x_wconf 87' lang='lat' dir='ltr'>revocantem</span> <span class='ocrx_word' id='word_1_578' title='bbox 1895 5438 2136 5495; x_wconf 87' lang='lat' dir='ltr'>fatuita-</span> 
     </span>
    </p>
   </div>
   <div class='ocr_carea' id='block_1_91' title="bbox 559 5629 1061 5701">
    <p class='ocr_par' dir='ltr' id='par_1_91' title="bbox 559 5629 1061 5701">
     <span class='ocr_line' id='line_1_91' title="bbox 559 5629 1061 5701; baseline -0.002 -13"><span class='ocrx_word' id='word_1_579' title='bbox 559 5632 600 5667; x_wconf 84' lang='grc'>³¹</span> <span class='ocrx_word' id='word_1_580' title='bbox 635 5629 791 5687; x_wconf 87' lang='lat' dir='ltr'>Psal.</span> <span class='ocrx_word' id='word_1_581' title='bbox 825 5648 974 5701; x_wconf 84' lang='lat' dir='ltr'>cxm,</span> <span class='ocrx_word' id='word_1_582' title='bbox 1007 5634 1061 5688; x_wconf 91' lang='lat'>8.</span> 
     </span>
    </p>
   </div>
   <div class='ocr_carea' id='block_1_92' title="bbox 2242 3286 3819 3370">
    <p class='ocr_par' dir='ltr' id='par_1_92' title="bbox 2242 3286 3819 3370">
     <span class='ocr_line' id='line_1_92' title="bbox 2242 3286 3819 3370; baseline -0.004 -23"><span class='ocrx_word' id='word_1_583' title='bbox 2242 3313 2415 3370; x_wconf 78' lang='grc' dir='ltr'>φειαν,</span> <span class='ocrx_word' id='word_1_584' title='bbox 2466 3292 2543 3356; x_wconf 85' lang='grc' dir='ltr'>είς</span> <span class='ocrx_word' id='word_1_585' title='bbox 2596 3296 2758 3347; x_wconf 79' lang='grc' dir='ltr'>τοῦτο</span> <span class='ocrx_word' id='word_1_586' title='bbox 2816 3290 2984 3360; x_wconf 78' lang='grc' dir='ltr'>αὐτὴν</span> <span class='ocrx_word' id='word_1_587' title='bbox 3042 3290 3318 3347; x_wconf 76' lang='grc' dir='ltr'>ἐπινεῦσαι</span> <span class='ocrx_word' id='word_1_588' title='bbox 3380 3292 3730 3367; x_wconf 66' lang='grc' dir='ltr'>προυτρέπετο.</span> <span class='ocrx_word' id='word_1_589' title='bbox 3775 3286 3819 3341; x_wconf 83' lang='grc' dir='ltr'>Ἡ</span> 
     </span>
    </p>
   </div>
   <div class='ocr_carea' id='block_1_93' title="bbox 2244 3374 3824 3456">
    <p class='ocr_par' dir='ltr' id='par_1_93' title="bbox 2244 3374 3824 3456">
     <span class='ocr_line' id='line_1_93' title="bbox 2244 3374 3824 3456; baseline -0.003 -19"><span class='ocrx_word' id='word_1_590' title='bbox 2244 3380 2302 3437; x_wconf 77' lang='grc' dir='ltr'>δὶ</span> <span class='ocrx_word' id='word_1_591' title='bbox 2330 3381 2458 3444; x_wconf 78' lang='grc' dir='ltr'>τούς</span> <span class='ocrx_word' id='word_1_592' title='bbox 2488 3381 2770 3444; x_wconf 89' lang='grc' dir='ltr'>τοιούτους</span> <span class='ocrx_word' id='word_1_593' title='bbox 2817 3379 3019 3456; x_wconf 92' lang='grc' dir='ltr'>λόγους</span> <span class='ocrx_word' id='word_1_594' title='bbox 3068 3380 3142 3444; x_wconf 87' lang='grc' dir='ltr'>ὠς</span> <span class='ocrx_word' id='word_1_595' title='bbox 3176 3379 3409 3455; x_wconf 80' lang='grc' dir='ltr'>λήρους,</span> <span class='ocrx_word' id='word_1_596' title='bbox 3460 3381 3548 3435; x_wconf 83' lang='grc' dir='ltr'>καὶ</span> <span class='ocrx_word' id='word_1_597' title='bbox 3603 3374 3824 3453; x_wconf 62' lang='grc' dir='ltr'>ὀχληροὺς</span> 
     </span>
    </p>
   </div>
   <div class='ocr_carea' id='block_1_94' title="bbox 2245 3463 3823 3547">
    <p class='ocr_par' dir='ltr' id='par_1_94' title="bbox 2245 3463 3823 3547">
     <span class='ocr_line' id='line_1_94' title="bbox 2245 3463 3823 3547; baseline -0.002 -20"><span class='ocrx_word' id='word_1_598' title='bbox 2245 3470 2598 3543; x_wconf 86' lang='grc' dir='ltr'>διαπτύσασα,</span> <span class='ocrx_word' id='word_1_599' title='bbox 2662 3474 2777 3545; x_wconf 87' lang='grc' dir='ltr'>μετ’</span> <span class='ocrx_word' id='word_1_600' title='bbox 2820 3470 2991 3547; x_wconf 77' lang='grc' dir='ltr'>όργῆς</span> <span class='ocrx_word' id='word_1_601' title='bbox 3038 3473 3118 3544; x_wconf 77' lang='grc' dir='ltr'>τῷ</span> <span class='ocrx_word' id='word_1_602' title='bbox 3190 3471 3535 3547; x_wconf 80' lang='grc' dir='ltr'>γεγεννηκότι</span> <span class='ocrx_word' id='word_1_603' title='bbox 3609 3463 3823 3543; x_wconf 74' lang='grc' dir='ltr'>ἐμὸρίθως</span> 
     </span>
    </p>
   </div>
   <div class='ocr_carea' id='block_1_95' title="bbox 2245 3555 3824 3636">
    <p class='ocr_par' dir='ltr' id='par_1_95' title="bbox 2245 3555 3824 3636">
     <span class='ocr_line' id='line_1_95' title="bbox 2245 3555 3824 3636; baseline -0.006 -19"><span class='ocrx_word' id='word_1_604' title='bbox 2245 3561 2549 3631; x_wconf 84' lang='grc' dir='ltr'>ἀτενίσασα,</span> <span class='ocrx_word' id='word_1_605' title='bbox 2605 3562 2706 3631; x_wconf 74' lang='grc' dir='ltr'>τὴν</span> <span class='ocrx_word' id='word_1_606' title='bbox 2768 3555 3105 3635; x_wconf 74' lang='grc' dir='ltr'>ψυχοϐλαόῆ</span> <span class='ocrx_word' id='word_1_607' title='bbox 3154 3561 3359 3633; x_wconf 86' lang='grc' dir='ltr'>ταύτην</span> <span class='ocrx_word' id='word_1_608' title='bbox 3412 3560 3694 3636; x_wconf 88' lang='grc' dir='ltr'>παραίνεσιν</span> <span class='ocrx_word' id='word_1_609' title='bbox 3726 3576 3824 3610; x_wconf 70' lang='lat' dir='ltr'>mv-</span> 
     </span>
    </p>
   </div>
   <div class='ocr_carea' id='block_1_96' title="bbox 2242 3646 3825 3723">
    <p class='ocr_par' dir='ltr' id='par_1_96' title="bbox 2242 3646 3825 3723">
     <span class='ocr_line' id='line_1_96' title="bbox 2242 3646 3825 3723; baseline -0.003 -17"><span class='ocrx_word' id='word_1_610' title='bbox 2242 3648 2420 3713; x_wconf 83' lang='grc' dir='ltr'>τελῶς</span> <span class='ocrx_word' id='word_1_611' title='bbox 2454 3648 2783 3719; x_wconf 83' lang='grc' dir='ltr'>ἀποσείεται,</span> <span class='ocrx_word' id='word_1_612' title='bbox 2818 3650 3014 3723; x_wconf 65' lang='grc' dir='ltr'>μηκέτι</span> <span class='ocrx_word' id='word_1_613' title='bbox 3077 3651 3303 3723; x_wconf 87' lang='grc' dir='ltr'>μνήμην</span> <span class='ocrx_word' id='word_1_614' title='bbox 3355 3648 3599 3705; x_wconf 79' lang='grc' dir='ltr'>τοιούτου</span> <span class='ocrx_word' id='word_1_615' title='bbox 3634 3646 3825 3722; x_wconf 64' lang='grc' dir='ltr'>πρᾶγμα·</span> 
     </span>
    </p>
   </div>
   <div class='ocr_carea' id='block_1_97' title="bbox 2242 3731 3822 3815">
    <p class='ocr_par' dir='ltr' id='par_1_97' title="bbox 2242 3731 3822 3815">
     <span class='ocr_line' id='line_1_97' title="bbox 2242 3731 3822 3815; baseline -0.004 -20"><span class='ocrx_word' id='word_1_616' title='bbox 2242 3760 2334 3801; x_wconf 91' lang='grc' dir='ltr'>τος</span> <span class='ocrx_word' id='word_1_617' title='bbox 2363 3739 2501 3813; x_wconf 72' lang='grc' dir='ltr'>αὐτῇ</span> <span class='ocrx_word' id='word_1_618' title='bbox 2532 3738 2827 3813; x_wconf 83' lang='grc' dir='ltr'>προσάγειν</span> <span class='ocrx_word' id='word_1_619' title='bbox 2858 3740 3308 3815; x_wconf 84' lang='grc' dir='ltr'>παρεγγυήσασα.</span> <span class='ocrx_word' id='word_1_620' title='bbox 3370 3736 3585 3794; x_wconf 89' lang='grc' dir='ltr'>Γελοῖον</span> <span class='ocrx_word' id='word_1_621' title='bbox 3636 3737 3723 3811; x_wconf 78' lang='grc' dir='ltr'>γὰρ</span> <span class='ocrx_word' id='word_1_622' title='bbox 3762 3731 3822 3786; x_wconf 76' lang='grc' dir='ltr'>καὶ</span> 
     </span>
    </p>
   </div>
   <div class='ocr_carea' id='block_1_98' title="bbox 2244 3826 3823 3903">
    <p class='ocr_par' dir='ltr' id='par_1_98' title="bbox 2244 3826 3823 3903">
     <span class='ocr_line' id='line_1_98' title="bbox 2244 3826 3823 3903; baseline -0.005 -19"><span class='ocrx_word' id='word_1_623' title='bbox 2244 3830 2421 3898; x_wconf 86' lang='grc' dir='ltr'>πάσης</span> <span class='ocrx_word' id='word_1_624' title='bbox 2504 3827 2733 3892; x_wconf 87' lang='grc' dir='ltr'>ἀτοπίας</span> <span class='ocrx_word' id='word_1_625' title='bbox 2807 3829 3107 3901; x_wconf 83' lang='grc' dir='ltr'>ἀνάμεστον</span> <span class='ocrx_word' id='word_1_626' title='bbox 3194 3830 3228 3898; x_wconf 79' lang='grc' dir='ltr'>ἡ</span> <span class='ocrx_word' id='word_1_627' title='bbox 3308 3830 3567 3903; x_wconf 67' lang='grc' dir='ltr'>παρθένος</span> <span class='ocrx_word' id='word_1_628' title='bbox 3617 3826 3823 3902; x_wconf 72' lang='grc' dir='ltr'>ἡγήσατο,</span> 
     </span>
    </p>
   </div>
   <div class='ocr_carea' id='block_1_99' title="bbox 2243 3911 3825 3991">
    <p class='ocr_par' dir='ltr' id='par_1_99' title="bbox 2243 3911 3825 3991">
     <span class='ocr_line' id='line_1_99' title="bbox 2243 3911 3825 3991; baseline -0.004 -17"><span class='ocrx_word' id='word_1_629' title='bbox 2243 3918 2488 3989; x_wconf 78' lang='grc' dir='ltr'>καθάπαξ</span> <span class='ocrx_word' id='word_1_630' title='bbox 2532 3918 2725 3987; x_wconf 79' lang='grc' dir='ltr'>ἐαυτήν</span> <span class='ocrx_word' id='word_1_631' title='bbox 2783 3921 2864 3989; x_wconf 78' lang='grc' dir='ltr'>τῷ</span> <span class='ocrx_word' id='word_1_632' title='bbox 2922 3915 3159 3991; x_wconf 78' lang='grc' dir='ltr'>οὐρανίῳ</span> <span class='ocrx_word' id='word_1_633' title='bbox 3214 3916 3306 3972; x_wconf 83' lang='lat' dir='ltr'>xui</span> <span class='ocrx_word' id='word_1_634' title='bbox 3369 3917 3609 3987; x_wconf 84' lang='grc' dir='ltr'>ἀθανάτῳ</span> <span class='ocrx_word' id='word_1_635' title='bbox 3658 3911 3825 3987; x_wconf 60' lang='grc' dir='ltr'>νυμσίφ</span> 
     </span>
    </p>
   </div>
   <div class='ocr_carea' id='block_1_100' title="bbox 2247 4000 3822 4081">
    <p class='ocr_par' dir='ltr' id='par_1_100' title="bbox 2247 4000 3822 4081">
     <span class='ocr_line' id='line_1_100' title="bbox 2247 4000 3822 4081; baseline -0.006 -18"><span class='ocrx_word' id='word_1_636' title='bbox 2247 4007 2498 4063; x_wconf 86' lang='grc' dir='ltr'>ἀναθεῖσά</span> <span class='ocrx_word' id='word_1_637' title='bbox 2524 4028 2584 4063; x_wconf 89' lang='grc' dir='ltr'>τε</span> <span class='ocrx_word' id='word_1_638' title='bbox 2621 4006 2709 4062; x_wconf 89' lang='lat' dir='ltr'>xui</span> <span class='ocrx_word' id='word_1_639' title='bbox 2740 4005 3039 4081; x_wconf 77' lang='grc' dir='ltr'>συνάψασα,</span> <span class='ocrx_word' id='word_1_640' title='bbox 3099 4004 3150 4061; x_wconf 79' lang='grc' dir='ltr'>εἷ’</span> <span class='ocrx_word' id='word_1_641' title='bbox 3194 4012 3316 4069; x_wconf 88' lang='grc' dir='ltr'>τοῖς</span> <span class='ocrx_word' id='word_1_642' title='bbox 3378 4003 3665 4077; x_wconf 83' lang='grc' dir='ltr'>σκωλήκων</span> <span class='ocrx_word' id='word_1_643' title='bbox 3712 4000 3822 4067; x_wconf 75' lang='grc' dir='ltr'>δίκην</span> 
     </span>
    </p>
   </div>
   <div class='ocr_carea' id='block_1_101' title="bbox 2247 4088 3824 4173">
    <p class='ocr_par' dir='ltr' id='par_1_101' title="bbox 2247 4088 3824 4173">
     <span class='ocr_line' id='line_1_101' title="bbox 2247 4088 3824 4173; baseline -0.006 -18"><span class='ocrx_word' id='word_1_644' title='bbox 2247 4098 2508 4155; x_wconf 83' lang='grc' dir='ltr'>ίλυώδεσι</span> <span class='ocrx_word' id='word_1_645' title='bbox 2538 4098 2800 4173; x_wconf 75' lang='grc' dir='ltr'>τέλμασιν</span> <span class='ocrx_word' id='word_1_646' title='bbox 2850 4098 3247 4172; x_wconf 73' lang='grc' dir='ltr'>ῗλυσπωμὲνων</span> <span class='ocrx_word' id='word_1_647' title='bbox 3304 4097 3580 4170; x_wconf 76' lang='grc' dir='ltr'>ἐλληνικῷ</span> <span class='ocrx_word' id='word_1_648' title='bbox 3631 4088 3824 4172; x_wconf 74' lang='grc' dir='ltr'>βορϐόρῳ</span> 
     </span>
    </p>
   </div>
   <div class='ocr_carea' id='block_1_102' title="bbox 2250 4176 3823 4264">
    <p class='ocr_par' dir='ltr' id='par_1_102' title="bbox 2250 4176 3823 4264">
     <span class='ocr_line' id='line_1_102' title="bbox 2250 4176 3823 4264; baseline -0.007 -19"><span class='ocrx_word' id='word_1_649' title='bbox 2250 4190 2529 4263; x_wconf 79' lang='grc' dir='ltr'>ὑπείξειεν.</span> <span class='ocrx_word' id='word_1_650' title='bbox 2560 4190 2621 4247; x_wconf 85' lang='grc' dir='ltr'>Ὀ</span> <span class='ocrx_word' id='word_1_651' title='bbox 2650 4188 2830 4244; x_wconf 90' lang='grc' dir='ltr'>τοίνυν</span> <span class='ocrx_word' id='word_1_652' title='bbox 2888 4189 3091 4259; x_wconf 86' lang='grc' dir='ltr'>ταύτης</span> <span class='ocrx_word' id='word_1_653' title='bbox 3143 4189 3326 4264; x_wconf 68' lang='grc' dir='ltr'>πατήρ</span> <span class='ocrx_word' id='word_1_654' title='bbox 3362 4186 3635 4264; x_wconf 85' lang='grc' dir='ltr'>βαλανεῖον</span> <span class='ocrx_word' id='word_1_655' title='bbox 3666 4176 3823 4250; x_wconf 79' lang='grc' dir='ltr'>σπουδῇ</span> 
     </span>
    </p>
   </div>
   <div class='ocr_carea' id='block_1_103' title="bbox 2244 4265 3824 4353">
    <p class='ocr_par' dir='ltr' id='par_1_103' title="bbox 2244 4265 3824 4353">
     <span class='ocr_line' id='line_1_103' title="bbox 2244 4265 3824 4353; baseline -0.005 -20"><span class='ocrx_word' id='word_1_656' title='bbox 2244 4279 2437 4353; x_wconf 77' lang='grc' dir='ltr'>πολλῇ</span> <span class='ocrx_word' id='word_1_657' title='bbox 2466 4278 2529 4335; x_wconf 89' lang='grc' dir='ltr'>τὸ</span> <span class='ocrx_word' id='word_1_658' title='bbox 2559 4282 2857 4349; x_wconf 74' lang='grc' dir='ltr'>τηνικαῦτα</span> <span class='ocrx_word' id='word_1_659' title='bbox 2918 4275 3258 4352; x_wconf 80' lang='grc' dir='ltr'>οίκοδομῶν,</span> <span class='ocrx_word' id='word_1_660' title='bbox 3314 4277 3557 4349; x_wconf 81' lang='grc' dir='ltr'>ἐπιτάξας</span> <span class='ocrx_word' id='word_1_661' title='bbox 3590 4280 3688 4334; x_wconf 89' lang='grc' dir='ltr'>τοῖς</span> <span class='ocrx_word' id='word_1_662' title='bbox 3710 4265 3824 4343; x_wconf 76' lang='grc' dir='ltr'>τεχνί</span> 
     </span>
    </p>
   </div>
   <div class='ocr_carea' id='block_1_104' title="bbox 2244 4364 3826 4445">
    <p class='ocr_par' dir='ltr' id='par_1_104' title="bbox 2244 4364 3826 4445">
     <span class='ocr_line' id='line_1_104' title="bbox 2244 4364 3826 4445; baseline -0.006 -21"><span class='ocrx_word' id='word_1_663' title='bbox 2244 4390 2361 4431; x_wconf 88' lang='grc' dir='ltr'>ταις</span> <span class='ocrx_word' id='word_1_664' title='bbox 2389 4368 2524 4423; x_wconf 89' lang='grc' dir='ltr'>κατά</span> <span class='ocrx_word' id='word_1_665' title='bbox 2552 4367 2708 4423; x_wconf 90' lang='grc' dir='ltr'>νότον</span> <span class='ocrx_word' id='word_1_666' title='bbox 2765 4366 2860 4423; x_wconf 88' lang='grc' dir='ltr'>δύο</span> <span class='ocrx_word' id='word_1_667' title='bbox 2911 4364 3131 4441; x_wconf 83' lang='grc' dir='ltr'>θυρίδας</span> <span class='ocrx_word' id='word_1_668' title='bbox 3191 4368 3557 4445; x_wconf 74' lang='grc' dir='ltr'>φωταγωγούς</span> <span class='ocrx_word' id='word_1_669' title='bbox 3597 4378 3826 4419; x_wconf 76' lang='grc' dir='ltr'>κατασκευ-</span> 
     </span>
    </p>
   </div>
   <div class='ocr_carea' id='block_1_105' title="bbox 2246 4444 3828 4532">
    <p class='ocr_par' dir='ltr' id='par_1_105' title="bbox 2246 4444 3828 4532">
     <span class='ocr_line' id='line_1_105' title="bbox 2246 4444 3828 4532; baseline -0.004 -19"><span class='ocrx_word' id='word_1_670' title='bbox 2246 4460 2393 4527; x_wconf 85' lang='grc' dir='ltr'>άσαι,</span> <span class='ocrx_word' id='word_1_671' title='bbox 2426 4455 2778 4531; x_wconf 76' lang='grc' dir='ltr'>ἀπεδήμησεν</span> <span class='ocrx_word' id='word_1_672' title='bbox 2816 4456 2891 4519; x_wconf 80' lang='grc' dir='ltr'>είς</span> <span class='ocrx_word' id='word_1_673' title='bbox 2916 4456 3102 4532; x_wconf 86' lang='grc' dir='ltr'>χώραν</span> <span class='ocrx_word' id='word_1_674' title='bbox 3134 4444 3277 4513; x_wconf 86' lang='grc' dir='ltr'>τινά.</span> <span class='ocrx_word' id='word_1_675' title='bbox 3311 4457 3374 4515; x_wconf 87' lang='grc' dir='ltr'>Ἡ</span> <span class='ocrx_word' id='word_1_676' title='bbox 3437 4455 3492 4512; x_wconf 77' lang='grc' dir='ltr'>δέ</span> <span class='ocrx_word' id='word_1_677' title='bbox 3535 4458 3625 4518; x_wconf 80' lang='grc' dir='ltr'>τῆς</span> <span class='ocrx_word' id='word_1_678' title='bbox 3648 4444 3828 4526; x_wconf 71' lang='grc' dir='ltr'>Τριάδος</span> 
     </span>
    </p>
   </div>
   <div class='ocr_carea' id='block_1_106' title="bbox 2171 4512 3827 4622">
    <p class='ocr_par' dir='ltr' id='par_1_106' title="bbox 2171 4512 3827 4622">
     <span class='ocr_line' id='line_1_106' title="bbox 2171 4512 3827 4622; baseline -0.005 -19"><span class='ocrx_word' id='word_1_679' title='bbox 2171 4512 2213 4577; x_wconf 73' lang='grc' dir='ltr'>θ</span> <span class='ocrx_word' id='word_1_680' title='bbox 2249 4512 2763 4622; x_wconf 41' lang='grc' dir='ltr'>δούλῐηκαὶνύμίφη</span> <span class='ocrx_word' id='word_1_681' title='bbox 2798 4512 3072 4622; x_wconf 60' lang='grc' dir='ltr'>Βαρξάρα,</span> <span class='ocrx_word' id='word_1_682' title='bbox 3130 4547 3193 4601; x_wconf 83' lang='grc' dir='ltr'>τὸ</span> <span class='ocrx_word' id='word_1_683' title='bbox 3248 4512 3404 4621; x_wconf 72' lang='grc' dir='ltr'>ἔργόν</span> <span class='ocrx_word' id='word_1_684' title='bbox 3436 4553 3532 4615; x_wconf 75' lang='grc' dir='ltr'>τῆς</span> <span class='ocrx_word' id='word_1_685' title='bbox 3585 4512 3827 4609; x_wconf 61' lang='grc' dir='ltr'>ξξκοὶῖομῆς</span> 
     </span>
    </p>
   </div>
   <div class='ocr_carea' id='block_1_107' title="bbox 2248 4622 3826 4714">
    <p class='ocr_par' dir='ltr' id='par_1_107' title="bbox 2248 4622 3826 4714">
     <span class='ocr_line' id='line_1_107' title="bbox 2248 4622 3826 4714; baseline -0.016 -5"><span class='ocrx_word' id='word_1_686' title='bbox 2248 4634 2675 4711; x_wconf 66' lang='grc' dir='ltr'>ἐπισκεψαμένη,</span> <span class='ocrx_word' id='word_1_687' title='bbox 2706 4641 2855 4711; x_wconf 79' lang='grc' dir='ltr'>τρεῖς</span> <span class='ocrx_word' id='word_1_688' title='bbox 2909 4633 3128 4710; x_wconf 80' lang='grc' dir='ltr'>θυρίδας</span> <span class='ocrx_word' id='word_1_689' title='bbox 3184 4634 3489 4714; x_wconf 71' lang='grc' dir='ltr'>ἐφαρμόσαι</span> <span class='ocrx_word' id='word_1_690' title='bbox 3536 4638 3609 4705; x_wconf 81' lang='grc' dir='ltr'>τῷ</span> <span class='ocrx_word' id='word_1_691' title='bbox 3659 4622 3826 4714; x_wconf 55' lang='grc' dir='ltr'>οἷκοδοξ</span> 
     </span>
    </p>
   </div>
   <div class='ocr_carea' id='block_1_108' title="bbox 2250 4712 3822 4800">
    <p class='ocr_par' dir='ltr' id='par_1_108' title="bbox 2250 4712 3822 4800">
     <span class='ocr_line' id='line_1_108' title="bbox 2250 4712 3822 4800; baseline -0.005 -19"><span class='ocrx_word' id='word_1_692' title='bbox 2250 4727 2464 4799; x_wconf 85' lang='grc' dir='ltr'>μήματι</span> <span class='ocrx_word' id='word_1_693' title='bbox 2493 4724 2625 4787; x_wconf 80' lang='grc' dir='ltr'>τοὺς</span> <span class='ocrx_word' id='word_1_694' title='bbox 2658 4724 2889 4800; x_wconf 78' lang='grc' dir='ltr'>ἐργάτας</span> <span class='ocrx_word' id='word_1_695' title='bbox 2937 4724 3263 4799; x_wconf 81' lang='grc' dir='ltr'>ἠνάγκασεν.</span> <span class='ocrx_word' id='word_1_696' title='bbox 3318 4727 3630 4783; x_wconf 83' lang='grc' dir='ltr'>Ἐπανιοῦσα</span> <span class='ocrx_word' id='word_1_697' title='bbox 3656 4718 3720 4787; x_wconf 76' lang='grc' dir='ltr'>δὲ,</span> <span class='ocrx_word' id='word_1_698' title='bbox 3758 4712 3822 4768; x_wconf 69' lang='grc' dir='ltr'>καὶ</span> 
     </span>
    </p>
   </div>
   <div class='ocr_carea' id='block_1_109' title="bbox 2245 4806 3821 4889">
    <p class='ocr_par' dir='ltr' id='par_1_109' title="bbox 2245 4806 3821 4889">
     <span class='ocr_line' id='line_1_109' title="bbox 2245 4806 3821 4889; baseline -0.003 -20"><span class='ocrx_word' id='word_1_699' title='bbox 2245 4812 2699 4887; x_wconf 83' lang='grc' dir='ltr'>παλινδρομοῦσα</span> <span class='ocrx_word' id='word_1_700' title='bbox 2731 4813 2819 4869; x_wconf 87' lang='grc' dir='ltr'>ἐπὶ</span> <span class='ocrx_word' id='word_1_701' title='bbox 2847 4815 2938 4869; x_wconf 83' lang='grc' dir='ltr'>τὸν</span> <span class='ocrx_word' id='word_1_702' title='bbox 2975 4811 3109 4868; x_wconf 75' lang='grc' dir='ltr'>ἴδιον</span> <span class='ocrx_word' id='word_1_703' title='bbox 3134 4813 3342 4889; x_wconf 84' lang='grc' dir='ltr'>πύργον</span> <span class='ocrx_word' id='word_1_704' title='bbox 3366 4816 3400 4883; x_wconf 80' lang='grc' dir='ltr'>ἡ</span> <span class='ocrx_word' id='word_1_705' title='bbox 3433 4810 3568 4881; x_wconf 80' lang='grc' dir='ltr'>καλὴ</span> <span class='ocrx_word' id='word_1_706' title='bbox 3592 4806 3821 4881; x_wconf 70' lang='grc' dir='ltr'>παρθένος.</span> 
     </span>
    </p>
   </div>
   <div class='ocr_carea' id='block_1_110' title="bbox 2247 4890 3823 4979">
    <p class='ocr_par' dir='ltr' id='par_1_110' title="bbox 2247 4890 3823 4979">
     <span class='ocr_line' id='line_1_110' title="bbox 2247 4890 3823 4979; baseline -0.006 -19"><span class='ocrx_word' id='word_1_707' title='bbox 2247 4904 2348 4979; x_wconf 81' lang='grc' dir='ltr'>ὁρᾷ</span> <span class='ocrx_word' id='word_1_708' title='bbox 2375 4905 2442 4959; x_wconf 83' lang='grc' dir='ltr'>τά</span> <span class='ocrx_word' id='word_1_709' title='bbox 2471 4902 2655 4979; x_wconf 75' lang='grc' dir='ltr'>ἄψυχα</span> <span class='ocrx_word' id='word_1_710' title='bbox 2691 4904 2781 4958; x_wconf 89' lang='lat' dir='ltr'>xui</span> <span class='ocrx_word' id='word_1_711' title='bbox 2830 4903 3126 4974; x_wconf 88' lang='grc' dir='ltr'>ἀναίσθητα</span> <span class='ocrx_word' id='word_1_712' title='bbox 3183 4900 3408 4975; x_wconf 83' lang='grc' dir='ltr'>εἷ’δωλα,</span> <span class='ocrx_word' id='word_1_713' title='bbox 3444 4904 3522 4962; x_wconf 83' lang='grc' dir='ltr'>οἷς</span> <span class='ocrx_word' id='word_1_714' title='bbox 3572 4900 3628 4955; x_wconf 85' lang='grc' dir='ltr'>τὸ</span> <span class='ocrx_word' id='word_1_715' title='bbox 3656 4890 3823 4951; x_wconf 70' lang='grc' dir='ltr'>σὲῦαξδ</span> 
     </span>
    </p>
   </div>
   <div class='ocr_carea' id='block_1_111' title="bbox 2244 4982 3828 5067">
    <p class='ocr_par' dir='ltr' id='par_1_111' title="bbox 2244 4982 3828 5067">
     <span class='ocr_line' id='line_1_111' title="bbox 2244 4982 3828 5067; baseline -0.004 -19"><span class='ocrx_word' id='word_1_716' title='bbox 2244 4994 2423 5067; x_wconf 80' lang='grc' dir='ltr'>πατὴρ</span> <span class='ocrx_word' id='word_1_717' title='bbox 2457 4992 2878 5067; x_wconf 75' lang='grc' dir='ltr'>προσεκόμιζεν,</span> <span class='ocrx_word' id='word_1_718' title='bbox 2927 4992 3018 5048; x_wconf 90' lang='lat' dir='ltr'>xui</span> <span class='ocrx_word' id='word_1_719' title='bbox 3069 4991 3134 5062; x_wconf 76' lang='grc' dir='ltr'>δὴ</span> <span class='ocrx_word' id='word_1_720' title='bbox 3173 4992 3483 5066; x_wconf 80' lang='grc' dir='ltr'>Πνεύματος</span> <span class='ocrx_word' id='word_1_721' title='bbox 3533 4988 3667 5067; x_wconf 70' lang='grc' dir='ltr'>ἁγίου</span> <span class='ocrx_word' id='word_1_722' title='bbox 3692 4982 3828 5050; x_wconf 46' lang='lat' dir='ltr'>sit?</span> 
     </span>
    </p>
   </div>
   <div class='ocr_carea' id='block_1_112' title="bbox 2251 5074 3826 5151">
    <p class='ocr_par' dir='ltr' id='par_1_112' title="bbox 2251 5074 3826 5151">
     <span class='ocr_line' id='line_1_112' title="bbox 2251 5074 3826 5151; baseline -0.004 -15"><span class='ocrx_word' id='word_1_723' title='bbox 2251 5086 2422 5150; x_wconf 84' lang='grc' dir='ltr'>θεῖσα,</span> <span class='ocrx_word' id='word_1_724' title='bbox 2482 5081 2575 5137; x_wconf 88' lang='grc' dir='ltr'>καὶ</span> <span class='ocrx_word' id='word_1_725' title='bbox 2631 5080 2798 5151; x_wconf 80' lang='grc' dir='ltr'>ζῆλον</span> <span class='ocrx_word' id='word_1_726' title='bbox 2860 5076 3205 5137; x_wconf 77' lang='grc' dir='ltr'>ἀναλαϐοῦσα</span> <span class='ocrx_word' id='word_1_727' title='bbox 3252 5079 3427 5137; x_wconf 80' lang='grc' dir='ltr'>ἔνθεον</span> <span class='ocrx_word' id='word_1_728' title='bbox 3481 5081 3565 5136; x_wconf 81' lang='grc' dir='ltr'>καὶ</span> <span class='ocrx_word' id='word_1_729' title='bbox 3617 5074 3826 5143; x_wconf 61' lang='grc' dir='ltr'>ἀνάπηρον</span> 
     </span>
    </p>
   </div>
   <div class='ocr_carea' id='block_1_113' title="bbox 2248 5167 3829 5247">
    <p class='ocr_par' dir='ltr' id='par_1_113' title="bbox 2248 5167 3829 5247">
     <span class='ocr_line' id='line_1_113' title="bbox 2248 5167 3829 5247; baseline -0.006 -21"><span class='ocrx_word' id='word_1_730' title='bbox 2248 5169 2325 5233; x_wconf 79' lang='grc' dir='ltr'>είς</span> <span class='ocrx_word' id='word_1_731' title='bbox 2354 5172 2421 5226; x_wconf 81' lang='grc' dir='ltr'>τά</span> <span class='ocrx_word' id='word_1_732' title='bbox 2457 5168 2626 5243; x_wconf 80' lang='grc' dir='ltr'>ἄτιμα</span> <span class='ocrx_word' id='word_1_733' title='bbox 2656 5172 2835 5226; x_wconf 90' lang='grc' dir='ltr'>αὐτῶν</span> <span class='ocrx_word' id='word_1_734' title='bbox 2890 5167 3171 5226; x_wconf 79' lang='grc' dir='ltr'>ἐνέπτυσεν</span> <span class='ocrx_word' id='word_1_735' title='bbox 3234 5171 3519 5247; x_wconf 83' lang='grc' dir='ltr'>πρόσωπα,</span> <span class='ocrx_word' id='word_1_736' title='bbox 3546 5167 3601 5223; x_wconf 91' lang='grc' dir='ltr'>τὸ</span> <span class='ocrx_word' id='word_1_737' title='bbox 3626 5168 3706 5219; x_wconf 78' lang='grc' dir='ltr'>τοῦ</span> <span class='ocrx_word' id='word_1_738' title='bbox 3730 5176 3829 5233; x_wconf 78' lang='grc' dir='ltr'>προ’</span> 
     </span>
    </p>
   </div>
   <div class='ocr_carea' id='block_1_114' title="bbox 2248 5254 3825 5337">
    <p class='ocr_par' dir='ltr' id='par_1_114' title="bbox 2248 5254 3825 5337">
     <span class='ocr_line' id='line_1_114' title="bbox 2248 5254 3825 5337; baseline -0.011 -21"><span class='ocrx_word' id='word_1_739' title='bbox 2248 5262 2424 5337; x_wconf 69' lang='grc' dir='ltr'>φήτου</span> <span class='ocrx_word' id='word_1_740' title='bbox 2458 5256 2624 5316; x_wconf 80' lang='grc' dir='ltr'>Δαϐἱδ</span> <span class='ocrx_word' id='word_1_741' title='bbox 2680 5260 2947 5335; x_wconf 81' lang='grc' dir='ltr'>εὐκαίρως</span> <span class='ocrx_word' id='word_1_742' title='bbox 3005 5260 3232 5316; x_wconf 81' lang='grc' dir='ltr'>εἰποῦσα</span> <span class='ocrx_word' id='word_1_743' title='bbox 3294 5257 3608 5333; x_wconf 80' lang='grc' dir='ltr'>μελῲδημα,</span> <span class='ocrx_word' id='word_1_744' title='bbox 3655 5254 3825 5337; x_wconf 63' lang='grc' dir='ltr'>Ὅμοιοι</span> 
     </span>
    </p>
   </div>
   <div class='ocr_carea' id='block_1_115' title="bbox 2251 5332 3824 5425">
    <p class='ocr_par' dir='ltr' id='par_1_115' title="bbox 2251 5332 3824 5425">
     <span class='ocr_line' id='line_1_115' title="bbox 2251 5332 3824 5425; baseline -0.003 -21"><span class='ocrx_word' id='word_1_745' title='bbox 2251 5350 2400 5423; x_wconf 82' lang='grc' dir='ltr'>ὑμῶν</span> <span class='ocrx_word' id='word_1_746' title='bbox 2458 5350 2704 5425; x_wconf 81' lang='grc' dir='ltr'>γένοιντο</span> <span class='ocrx_word' id='word_1_747' title='bbox 2765 5351 2819 5404; x_wconf 79' lang='grc' dir='ltr'>οἱ</span> <span class='ocrx_word' id='word_1_748' title='bbox 2868 5354 3155 5411; x_wconf 71' lang='grc' dir='ltr'>ποιοῦντες</span> <span class='ocrx_word' id='word_1_749' title='bbox 3215 5349 3371 5422; x_wconf 74' lang='grc' dir='ltr'>ὑμᾶς,</span> <span class='ocrx_word' id='word_1_750' title='bbox 3446 5349 3533 5402; x_wconf 86' lang='grc' dir='ltr'>καί</span> <span class='ocrx_word' id='word_1_751' title='bbox 3585 5345 3745 5399; x_wconf 81' lang='grc' dir='ltr'>πάντες</span> <span class='ocrx_word' id='word_1_752' title='bbox 3788 5332 3824 5387; x_wconf 61' lang='grc' dir='ltr'>οῖ</span> 
     </span>
    </p>
   </div>
   <div class='ocr_carea' id='block_1_116' title="bbox 2246 5425 3827 5518">
    <p class='ocr_par' dir='ltr' id='par_1_116' title="bbox 2246 5425 3827 5518">
     <span class='ocr_line' id='line_1_116' title="bbox 2246 5425 3827 5518; baseline 0.001 -24"><span class='ocrx_word' id='word_1_753' title='bbox 2246 5438 2565 5502; x_wconf 86' lang='grc' dir='ltr'>πεποιθότες</span> <span class='ocrx_word' id='word_1_754' title='bbox 2600 5437 2683 5518; x_wconf 73' lang='grc' dir='ltr'>ἐφ’</span> <span class='ocrx_word' id='word_1_755' title='bbox 2717 5439 2877 5513; x_wconf 80' lang='grc' dir='ltr'>ὑμᾶς,</span> <span class='ocrx_word' id='word_1_756' title='bbox 2911 5445 2979 5494; x_wconf 83' lang='grc' dir='ltr'>’Ὢ</span> <span class='ocrx_word' id='word_1_757' title='bbox 3038 5438 3303 5515; x_wconf 87' lang='grc' dir='ltr'>μακαρίας</span> <span class='ocrx_word' id='word_1_758' title='bbox 3348 5435 3536 5508; x_wconf 76' lang='grc' dir='ltr'>ὅντως,</span> <span class='ocrx_word' id='word_1_759' title='bbox 3586 5432 3661 5489; x_wconf 67' lang='grc' dir='ltr'>καὶ</span> <span class='ocrx_word' id='word_1_760' title='bbox 3704 5425 3827 5502; x_wconf 78' lang='grc' dir='ltr'>φίλ⁰⁸</span> 
     </span>
    </p>
   </div>
  </div>
