3952 6202
178 310 289 366 793
1336 312 1706 369 LAUDATIO

2032 313 2197 368 ABE
2235 313 2456 368 MART.
3479 320 3591 378 794

178 436 304 501 θέου
336 436 563 510 ψυχῆςί
593 441 660 488 Ὤ
717 429 961 497 νεάνιδος
1018 433 1198 490 πίστει
1255 434 1503 507 ζεοόσης,
1535 433 1711 490 πίστει

2025 452 2066 491 n
2099 453 2167 492 ac
2197 436 2605 509 deceptionem
2633 436 2646 492 ί
2679 436 2806 507 Illa,
2829 435 2990 493 nuda
3010 438 3196 495 hostis
3214 444 3586 515 suggestione

176 522 543 599 κοσμημένης
574 526 586 581 ι
622 526 683 579 ’Θ
732 524 904 597 κόρης
967 522 1172 579 συνέσει
1232 526 1350 597 θείᾳ
1378 526 1475 593 τήν
1502 528 1600 580 τοῦ
1631 545 1737 579 πατ

2029 532 2245 598 scepta,
2282 527 2594 581 confestim
2627 544 2831 583 eversa
2863 534 2992 582 est:
3036 528 3160 583 haec
3191 546 3324 585 vero
3357 539 3590 591 austera

184 616 603 689 μυκτηρισάσης
630 614 943 692 ἀφροσύνην
999 634 1058 669 τε
1108 614 1198 667 καὶ
1259 617 1553 689 παράνοιαν
1584 614 1597 669 ί
1629 619 1697 667 ’Ὠ
1743 626 1745 645 ⁴

2025 616 2249 681 avitate,
2271 633 2393 671 non
2414 616 2585 671 modo
2609 616 2769 671 illius
2792 617 3103 673 illecebras
3126 620 3371 689 respuit,
3387 638 3586 678 verum

176 706 401 781 γατρὸς,
464 706 564 773 τήν
642 710 743 772 τῆς
818 705 1179 778 προμητορος
1240 700 1381 765 Εὔας
1440 702 1687 774 εὐήθειαν

2034 707 2094 761 in
2128 707 2256 777 ejus
2288 706 2534 773 vultum,
2568 725 2673 779 per
2704 707 3022 763 simulacra
3047 709 3339 778 conspuit.
3361 711 3505 765 Nam
3528 712 3586 767 in

173 795 411 866 ἀπάτην,
470 798 551 865 τῷ
603 792 811 869 στερρῷ
864 796 962 848 τοῦ
1016 795 1372 870 φρονήματος
1428 791 1731 848 ἀνακαλεσα

2025 796 2240 850 ilorum
2255 801 2424 849 aucto
2434 812 2558 850 rem
2572 798 2687 866 .qui
2703 814 2807 868 per
2819 798 2944 852 haec
2960 797 3586 870 agebat,hominesque

171 905 269 954 νης
299 886 312 941 ί
348 885 565 953 Ἐκείνη
598 876 921 958 προσϐολὴν
953 879 1125 955 ψιλήν
1171 886 1267 937 τοῦ
1312 880 1515 957 ἐχθροῦ
1546 879 1732 955 δεξαμέ

2026 884 2301 955 cipiebat,
2318 885 2472 955 sputi
2492 884 2775 956 injuriam
2791 885 3067 953 intendit,
3088 886 3306 952 emisit,
3330 888 3587 943 intorsit.

173 974 330 1037 εὐθὺς
364 971 706 1046 ἀνετρέπετο·
736 970 870 1042 αὕτη
908 969 986 1041 δὲ,
1019 971 1081 1025 οὐ
1118 970 1279 1044 μόνον
1308 972 1375 1026 τά
1402 970 1598 1027 τούτου
1630 972 1929 1047 θελκτήρια
1958 971 2242 1046 αὐστηρῶς
2276 970 2561 1046 αὐστηρῶς
2591 972 2982 1045 ἀπεκρούσατο,
3014 971 3161 1028 ἀλλά
3188 975 3274 1028 καὶ
3313 974 3480 1029 αὐτοῦ
3508 980 3589 1048 τῷ

173 1063 463 1138 προσώπῳ
518 1058 608 1116 διὰ
660 1065 770 1116 τῶν
829 1057 1075 1116 εἰδώλων
1128 1059 1427 1118 ἐνέπτυσεν.
1489 1061 1633 1135 Πρὸς
1679 1060 1781 1136 γὰρ
1831 1060 1923 1115 τὸν
1979 1058 2049 1115 δι’
2098 1060 2270 1116 αὐτῶν
2324 1061 2647 1138 ἐνεργοῦντα
2692 1062 2782 1116 καὶ
2826 1062 3112 1117 ἀπατῶντα
3159 1062 3461 1139 ἀρχέκακον
3492 1068 3589 1119 τοῦ

175 1150 536 1226 έμπτῦματος
567 1151 665 1219 τήν
700 1144 855 1226 ὕϐριν
898 1148 1167 1223 ἐξέτεινεν,
1199 1148 1288 1204 καὶ
1319 1148 1636 1225 ἐξέπεμψεν,
1668 1150 1757 1205 καὶ
1785 1148 2191 1219 κατηκόντισεν.

246 1261 310 1318 0'.
344 1257 839 1328 Ἐπαναζεόξαντος
898 1254 956 1312 δὲ
1011 1262 1111 1327 τῆς
1172 1253 1471 1329 ἐπιδημίας
1511 1260 1609 1313 τοῦ
1638 1256 1806 1327 ταότη

2025 1263 2071 1315 9.
2106 1262 2355 1315 Reverso
2388 1266 2553 1332 patre
2586 1278 2657 1317 ex
2688 1277 2757 1317 ea
2781 1278 2959 1333 quam
3005 1266 3347 1333 susceperat
3393 1261 3586 1333 profe-

170 1350 539 1424 γεννήτορας,
568 1348 660 1403 καὶ
690 1347 778 1403 ἐπὶ
812 1346 1148 1421 παραλλάξει
1182 1354 1282 1417 τῆς
1328 1347 1519 1403 ἑαυτοῦ
1551 1344 1731 1420 διατάξ

2032 1366 2165 1415 one,
2194 1365 2261 1403 ac
2292 1350 2684 1405 structoribus
2726 1351 3068 1423 indignante
3113 1352 3271 1422 quod
3303 1352 3592 1423 imperata

168 1444 287 1500 τοῖς
343 1434 676 1511 οῗκοδόμοις
746 1435 1164 1512 χαλεπῄναντος
1221 1436 1311 1491 καὶ
1371 1438 1729 1511 ἀγανακτήσω

2028 1456 2056 1493 a
2069 1445 2699 1511 mutassent,aagreque
2713 1440 3031 1495 fenestram
3048 1440 3280 1495 tertiam
3296 1441 3589 1512 adjectam

177 1526 264 1584 διὰ
321 1529 427 1596 τὴν
486 1529 708 1603 τριττῆς
766 1524 984 1601 Θυρίὸος
1040 1524 1350 1601 πρόσθεσιν,
1396 1525 1609 1594 έπὶτήν
1641 1530 1738 1581 τοῦ

2025 1534 2194 1595 -οηιθ,
2228 1528 2316 1582 illi
2347 1529 2408 1583 in
2438 1529 2574 1583 tilia)
2598 1529 2929 1600 jussionem
2966 1546 3202 1584 causam
3234 1531 3586 1585 retulerunt.

176 1616 449 1693 Θυγατρὸς
479 1615 725 1670 κέλευσιν
773 1615 871 1683 τήν
929 1613 1101 1669 αἰτίαν
1162 1616 1498 1689 μετήγαγον.
1533 1615 1593 1670 Ὀ
1625 1610 1681 1668 δί
1711 1634 1737 1668 τι

2028 1633 2097 1670 ιω
2132 1633 2200 1671 ex
2231 1617 2356 1672 filia
2397 1623 2800 1689 percontatur,
2826 1618 2966 1688 quid
3016 1635 3207 1673 causa:
3258 1618 3438 1673 fuerit
3485 1636 3589 1674 cur

177 1705 350 1774 αὐτῆς
382 1705 486 1773 τήν
519 1710 620 1773 τῆς
650 1702 891 1774 τριπλῆς
949 1704 1207 1782 ἀφορμὴν
1260 1701 1482 1779 Θυρίδος
1512 1702 1738 1776 πυθόμεη

2023 1707 2182 1761 rtiam
2214 1706 2377 1761 illam
2397 1707 2718 1761 fenestram
2744 1706 2871 1761 fieri
2902 1708 3299 1779 praecepisset.
3325 1709 3469 1763 Tum
3494 1708 3584 1763 in-

173 1794 439 1869 εὖγαίρου
498 1797 534 1862 ὴ
594 1791 950 1870 πανεόφημος
1006 1789 1315 1866 δραξαμένη
1356 1791 1704 1868 προφάσεως,

2029 1802 2104 1851 rta
2115 1796 2275 1869 virgo
2289 1796 2839 1851 commodissimum
2852 1802 3265 1869 argumentum
3284 1803 3457 1852 nacta
3471 1797 3590 1853 Tri-

170 1881 408 1959 Τριάδος
441 1879 747 1959 διαρρήδην
807 1882 905 1949 τήν
970 1879 1123 1955 δόξαν
1184 1881 1485 1958 ἐθεολόγει,
1528 1881 1605 1945 εἷς
1656 1882 1731 1936 πίε

2026 1887 2149 1941 ;atis
2162 1886 2408 1958 gloriam
2434 1885 2895 1950 etdivinitatem,
2914 1886 3288 1941 incredulum
3310 1886 3383 1941 ad
3408 1887 3587 1943 ﬁdem

166 1973 261 2028 τὸν
315 1975 553 2027 ἄπιστον
606 1970 1029 2045 προτρεπομένη
1092 1972 1387 2045 σωτήριον.
1424 1994 1451 2022 ‹‹
1489 1971 1611 2039 Ναὶ,
1646 1992 1719 2049 φη

2025 1977 2287 2043 hortans,
2317 1975 2515 2046 palam
2547 1974 2926 2047 praedicabat.
2958 1997 2985 2023 «
3020 1976 3189 2043 Sane,
3210 1977 3427 2047 inquit:
3447 1994 3586 2034 nam

164 2064 254 2119 καὶ
284 2065 391 2139 γάρ
426 2065 465 2132 ἡ
498 2064 673 2136 Τριάς
725 2060 949 2138 φωτίζει
1006 2059 1181 2116 πάντα
1211 2058 1493 2136 ἄνθρωπον
1528 2060 1725 2136 ἐρχόμε

2027 2068 2198 2122 initas
2254 2067 2535 2121 illuminat
2586 2083 2796 2121 omnem
2844 2067 3115 2121 hominem
3170 2070 3472 2121 venientem
3528 2069 3588 2121 in

170 2153 245 2213 εἷς
274 2154 369 2207 τὸν
404 2152 640 2225 κόσμον.
689 2151 766 2207 Τὸ
817 2150 919 2225 γάρ
978 2149 1232 2221 αἰσθητὸν
1287 2154 1449 2206 τοῦτο
1483 2154 1620 2228 φῶς,
1651 2154 1731 2205 τοῐ

2026 2174 2088 2212 nc
2103 2159 2369 2212 mundum
2392 2157 2459 2213 ⁸⁵.
2477 2157 2597 2211 Hoc
2611 2156 2831 2227 quippe
2854 2156 3057 2211 lumen
3076 2156 3233 2227 quod
3251 2173 3431 2211 sensu
3453 2174 3587 2228 per-

167 2242 344 2319 τρισὶν
380 2239 575 2311 ἡλίοις
604 2240 897 2316 ἐχομένοις
924 2238 1194 2310 ἀλλήλων
1218 2238 1519 2315 νοουμένου
1542 2240 1631 2295 καὶ
1664 2260 1728 2315 πρ

2029 2247 2181 2311 titur,
2213 2263 2362 2301 veraa
2390 2244 2554 2300 illius
2585 2245 2755 2315 lucis,
2775 2261 2907 2316 qum
2930 2245 2989 2299 in
3010 2244 3258 2315 triplicis
3281 2245 3423 2300 solis
3445 2261 3590 2300 con-

169 2333 518 2405 κυνουμένου
577 2331 777 2409 φωτὸς,
837 2329 1095 2406 τυγχάνει
1152 2330 1357 2405 κτίσμα
1411 2331 1501 2385 καὶ
1559 2329 1730 2403 δημιο

2027 2338 2250 2392 actione
2272 2336 2625 2408 intelligitur
2645 2341 2705 2390 et
2719 2334 3289 2404 adoratur,creatum
3312 2352 3459 2407 opus
3478 2339 3588 2405 est,

170 2445 350 2500 γημα,
383 2428 483 2477 καῖ
507 2419 882 2495 ἀμυδρότατον
940 2422 1030 2476 καὶ
1084 2420 1328 2495 ἀμαυρὸν
1377 2421 1717 2494 ὲξεικόνισμα

2031 2444 2194 2497 isque
2217 2425 2601 2499 perexiguum
2618 2429 2676 2479 et
2691 2423 3183 2479 obscurissimum
3207 2424 3592 2480 simulacrum

169 2512 553 2586 ἀποσκίασμα.
586 2536 614 2564 ››
644 2512 707 2568 Ὀ
766 2509 824 2565 δὲ
874 2517 975 2581 τῆς
1029 2505 1278 2574 ἀσεϐείας
1318 2509 1714 2585 τεθραμμένος,

2033 2517 2430 2573 adumbratio.
2465 2538 2494 2565 »
2530 2517 2705 2571 Pater
2730 2514 3034 2586 impietate
3068 2514 3373 2582 educatus,
3398 2532 3466 2571 ac
3504 2521 3590 2570 te-

167 2607 266 2658 τοῦ
321 2601 561 2664 σκότους
641 2602 962 2677 συνήγορος,
1050 2599 1231 2676 ὥσπερ
1306 2604 1374 2674 τῇ
1428 2600 1677 2675 ἀστραπῇ

2029 2607 2269 2661 brarum
2295 2611 2603 2677 patronus,
2636 2604 2951 2675 perspicua
2980 2609 3303 2675 apertaque
3354 2605 3590 2675 inclyta:

169 2692 561 2769 τρισσοφώτου
591 2689 878 2759 θεότητος,
936 2688 1027 2745 διὰ
1077 2692 1184 2755 τῆς
1242 2696 1441 2766 τρανῆς
1497 2689 1587 2745 καὶ
1626 2690 1730 2743 ἀπα

2034 2694 2162 2748 clla:
2194 2693 2587 2759 confessione,
2623 2692 2802 2746 veluti
2836 2694 3006 2747 ttinaa
3040 2692 3189 2747 lucis
3222 2691 3458 2748 deitatis
3479 2694 3592 2747 ful-

171 2782 467 2837 καλύπτου
494 2787 598 2850 τῆς
627 2776 958 2853 πανενδόξου
1012 2780 1183 2855 κόρης
1243 2777 1568 2853 ὁμολογίας,
1608 2778 1706 2846 τήν

2034 2799 2085 2837 re
2116 2782 2485 2853 perstrictus,
2514 2781 2712 2835 furore
2744 2781 3028 2851 repletus,
3053 2797 3120 2835 ac
3151 2796 3331 2850 supra
3350 2781 3595 2837 modum

173 2873 369 2945 ψυχῆς
403 2866 530 2943 ὄψιν
564 2866 821 2944 πληγεὶς,
853 2869 941 2923 καὶ
1001 2872 1080 2940 τῷ
1137 2867 1344 2944 στεῤῥῷ
1382 2870 1479 2922 τοῦ
1508 2866 1726 2942 ἀμαρόγ

2036 2877 2230 2937 tuans,
2258 2888 2374 2941 qua
2400 2870 2653 2942 caligine
2682 2869 3007 2936 laborabat,
3036 2868 3240 2923 stricto
3289 2868 3485 2940 gladio
3530 2870 3592 2925 in

174 2980 269 3022 τος
308 2957 529 3031 μᾶλλον
563 2956 933 3033 ἀμαυρωθεὶς,
999 2956 1188 3030 μανίας
1238 2957 1527 3032 γενόμενος
1558 2949 1735 3028 ἔμπλε

2036 2963 2222 3035 igenaa
2256 2961 2394 3015 ﬁlim
2426 2977 2548 3015 sum
2570 2975 2777 3014 necem
2811 2959 3002 3026 irruit,
3038 2958 3278 3030 pietatis
3327 2957 3505 3012 simul
3535 2964 3594 3013 et

178 3048 270 3104 καὶ
304 3052 388 3119 τῷ
424 3051 585 3121 θυμῷ
616 3046 932 3122 ὑπερζέσας,
991 3047 1055 3102 τὸ
1111 3046 1262 3125 ξίφος
1322 3046 1685 3118 σπασάμενος,
1722 3048 1739 3100 ὁ

2032 3056 2177 3106 tura:
2209 3051 2358 3105 fines
2391 3048 2706 3115 excedens,
2734 3047 2891 3119 quod
2916 3064 2984 3103 ea
3012 3048 3124 3118 ipsi
3156 3047 3288 3101 vita;
3320 3046 3592 3101 semitam

179 3159 356 3212 μησεν
392 3137 424 3191 ὁ
455 3135 837 3209 ἑσκοτισμένος
892 3136 955 3191 τὸ
1015 3136 1300 3212 μονογενὶς
1356 3132 1685 3212 κατασφάξαι

2033 3143 2472 3197 bmonslrasset.
2506 3138 2599 3193 Sic
2631 3138 2808 3210 plane
2840 3154 2901 3192 se
2933 3154 3028 3192 res
3052 3137 3249 3203 habet,
3282 3142 3348 3191 ut
3372 3152 3493 3190 non
3524 3152 3594 3191 ex

171 3231 427 3302 γάτριον,
483 3232 585 3294 τῆς
644 3220 916 3287 εὐσεϐείας
976 3225 1117 3297 ὁμοῦ
1173 3224 1264 3279 καὶ
1319 3230 1419 3293 τῆς
1468 3224 1732 3301 φ·5σεο›ςτ

2033 3233 2193 3287 inosa
2223 3230 2415 3286 solum
2448 3229 2631 3300 stirpe
2660 3232 2909 3283 venusta
2936 3244 3071 3282 rosa
3089 3225 3594 3297 fragrantissima-

186 3272 427 3302 |-'r"'!
494 3272 583 3294 *τι*
644 3272 915 3287 --νν-*·ν-ν
980 3272 1114 3297 'r'"
1175 3272 1263 3279 -ννν
1331 3272 1418 3293 vn
1475 3272 1679 3301 Ῐ-νννντ
1720 3272 1736 3278 -

178 3316 349 3391 ὅρους
408 3309 743 3384 ἐκϐεϐηκὼς,
800 3312 883 3369 ὅτι
944 3312 1092 3385 αὐτῷ
1149 3312 1249 3381 τήν
1305 3318 1406 3383 τῆς
1465 3316 1610 3382 ζωῆς
1652 3311 1738 3386 τρί

2032 3272 2193 3287 ...νη
2223 3272 2415 3286 πω...
2448 3272 2631 3300 "ur-
2672 3272 2909 3283 ωηεν-..
2939 3272 3564 3297 .--..-...D-..----------..

2032 3338 2069 3376 .e
2110 3320 2376 3393 prodeat,
2405 3318 2507 3373 sed
2527 3324 2590 3373 ut
2606 3318 2783 3373 etiam
2803 3333 2874 3371 ex
2890 3317 3072 3388 impia
3100 3316 3299 3371 radice
3320 3330 3439 3370 non
3462 3330 3593 3369 raro

181 3402 477 3475 ὑπέδειξεν.
510 3405 719 3465 Ὄντως
750 3403 813 3458 οῦ
848 3404 1015 3477 μόνον
1047 3400 1096 3475 ἐξ
1153 3398 1429 3465 ἀνθώδους
1461 3405 1650 3480 φυτοῦ,
1684 3400 1742 3476 βό

2035 3410 2191 3465 atatis
2220 3409 2447 3464 fructus
2478 3407 2688 3463 edatur
2716 3422 2729 3460 :
2763 3406 2935 3478 cujus
2967 3405 3134 3461 testis
3179 3411 3270 3460 est
3298 3403 3596 3459 Abraham

182 3496 393 3569 ὡραῖον
452 3493 544 3548 καὶ
603 3490 969 3548 εὐωδέστατον
1026 3489 1235 3567 φύεται,
1268 3488 1415 3545 ἀλλά
1445 3490 1533 3546 ναὶ
1566 3490 1625 3546 ἐκ
1655 3488 1845 3546 δυσσε-
1951 3496 2906 3572 ρᾶιι-ίδι-οὴει,ειίάοίιιοοεθῃίὶῃω,
2927 3494 3253 3566 quwﬁdem
3268 3494 3595 3565 ejusmmu-

182 3579 318 3647 ϐοῦς
380 3583 537 3660 ῥίζης
590 3583 799 3655 καρπὸς
850 3579 1125 3643 πολλάκις
1184 3575 1461 3644 εὐσεϐείας
1515 3577 1743 3636 ἀναδίδοε

2036 3591 2756 3660 itur,paternuncupatus,
2773 3584 3002 3656 primus
3018 3600 3053 3638 a
3070 3588 3315 3654 paterna
3334 3581 3597 3653 plurium

184 3673 290 3728 Καὶ
326 3674 535 3746 μάρτυς
568 3667 825 3747 Ἀϐραὰμ
884 3672 912 3725 ὁ
970 3671 1343 3745 πατριάρχης,
1404 3669 1492 3725 καὶ
1552 3666 1640 3724 διὰ
1681 3690 1743 3724 το

2041 3680 2270 3734 minum
2302 3676 2725 3749 superstitione
2756 3680 2934 3745 atque
2956 3674 3256 3744 impietate
3288 3671 3595 3727 recedens.

180 3765 293 3818 τῶν
328 3763 498 3817 ἐθνῶν
535 3763 741 3835 πατὴρ,
772 3766 879 3815 τῶν
927 3762 1026 3829 τῆν
1077 3760 1243 3815 αὐτοῦ
1272 3757 1453 3814 πίστιν
1482 3758 1741 3829 ἐζηλωκόι

2039 3786 2101 3824 re
2132 3770 2193 3823 in
2226 3768 2335 3823 hoc
2368 3782 2603 3839 quoque
2634 3763 2951 3820 Salvatoris
2981 3762 3168 3817 nostri
3198 3763 3332 3816 Jesu
3379 3760 3598 3816 Christi

178 3851 434 3922 κληθεὶς,
477 3856 697 3926 πρῶτος
756 3856 1028 3925 πατρικῆς
1084 3848 1461 3928 ἀποφοιτήσας
1528 3848 1739 3913 πολυθε

2038 3858 2151 3913 νίηθ.
2182 3857 2427 3929 impleta
2451 3854 2755 3928 prasdictio
2787 3857 2896 3914 est,
2926 3869 3058 3923 qua:
3086 3851 3269 3906 ﬁliam
3295 3854 3353 3905 et
3381 3864 3599 3904 nurum

178 3943 269 3997 καὶ
329 3941 654 4010 ἀθεότητος.
722 3940 934 4002 Ὄντως
986 3939 1350 4013 πεπλήρωται
1408 3936 1500 3993 καὶ
1559 3936 1611 3993 ἐν
1665 3959 1739 3993 τοι

2037 3963 2232 4002 versus
2264 3952 2515 4018 patrem,
2548 3949 2922 4013 matremque
2955 3946 3014 3995 et
3042 3957 3277 3995 socrum
3300 3939 3515 3994 excitat
3531 3936 3598 4008 ³³,

177 4035 280 4087 τοῦ
316 4037 584 4104 Σωτῆρος
644 4030 806 4102 ἡμῶν
868 4029 1049 4099 Ἰησοῦ
1106 4027 1344 4105 Χριστοῦ
1375 4029 1410 4097 ἢ
1445 4027 1559 4081 Θεία
1596 4026 1736 4104 πρόρ

2037 4052 2221 4108 vaque
2254 4040 2315 4091 et
2343 4034 2605 4090 recentia
2634 4033 2915 4089 adversus
2944 4035 3141 4085 vetera
3170 4034 3227 4083 et
3262 4028 3450 4083 delira
3478 4033 3598 4081 sta-

182 4142 291 4191 σις,
324 4118 596 4195 θυγατέρα
625 4118 715 4173 καὶ
776 4118 993 4195 νύμφην
1049 4117 1185 4172 κατά
1233 4117 1458 4192 πατρὸς,
1488 4118 1575 4172 καὶ
1614 4137 1743 4191 μητξ

2035 4145 2149 4192 ens,
2181 4126 2339 4198 quod
2366 4125 2750 4192 deteriusest,
2770 4122 2842 4177 ab
2859 4138 2927 4177 eo
2962 4119 3120 4192 quod
3150 4118 3347 4189 potius
3370 4121 3476 4180 est,
3507 4130 3596 4169 re-

179 4211 273 4266 καὶ
302 4210 571 4283 πενθερᾶς
607 4207 942 4280 ἐξανιστᾶσα,
999 4207 1064 4262 τά
1122 4208 1214 4262 νέα
1270 4207 1361 4261 καὶ
1393 4206 1697 4284 πρόσφατα,
1728 4210 1844 4269 τοῖς
1953 4205 2131 4256 secat.

181 4299 446 4359 παλαιοῖς
490 4298 583 4353 καὶ
643 4294 941 4371 ληρώδεσι*
1002 4296 1092 4351 καὶ
1151 4294 1530 4372 διχοτομοῦσα
1558 4296 1621 4350 τὸ
1652 4302 1841 4373 χεῖρον

180 4390 290 4445 ἀπὸ
319 4391 422 4443 τοῦ
451 4388 790 4460 κρείττονος.

260 4504 308 4555 ι’.
369 4495 439 4552 Τί
498 4492 616 4561 οῦν,
674 4496 710 4563 ἡ
768 4490 1105 4562 πανευκλεῆς
1163 4487 1457 4570 Βαρϐάρας
1500 4497 1598 4547 τοῦ
1638 4493 1821 4569 πατρὸι

2038 4488 2168 4544 μοι
2207 4488 2290 4541 10.
2314 4483 2465 4551 Quid
2488 4481 2685 4555 igitur,
2712 4474 3119 4533 illustrissima
3142 4471 3396 4527 Barbara
3422 4470 3433 4525 !
3460 4487 3599 4525 con-

180 4590 367 4659 ὁρῶσα
399 4586 460 4641 τὸ
520 4561 843 4659 παμμίαρον
904 4581 1158 4658 ὅρμημα,
1221 4561 1434 4656 μᾶλλον
1469 4580 1525 4638 δὲ
1554 4590 1653 4653 τῆς
1689 4604 1741 4656 με

2038 4582 2153 4632 acto
2182 4575 2369 4647 patris
2405 4568 2862 4629 sceleratissimo
2900 4564 3148 4621 assultu.
3173 4561 3439 4632 quinimo
3473 4561 3599 4631 ejus

182 4633 367 4659 'u"""
410 4633 458 4641 "
528 4633 836 4659 ""r'r""r"
910 4633 1158 4658 'rr'u—*v
1221 4633 1425 4656 r"""'
1476 4633 1524 4638 "
1567 4633 1652 4653 "av
1689 4633 1741 4656 Γ·

180 4681 379 4760 φονίας
424 4680 620 4732 τοῦτον
690 4674 1017 4749 οἷκτείρασα,
1079 4674 1149 4728 δι’
1206 4674 1380 4749 εὐχῆς
1436 4674 1739 4747 παρακειμέ

2040 4671 2198 4721 serta
2212 4662 2609 4730 saavitianusa
2626 4652 3238 4732 prece,praagrandem
3262 4668 3393 4724 qum
3406 4651 3599 4706 vicina

186 4743 453 4847 μεγίστην
508 4768 707 4839 πέτραν
767 4743 1030 4836 διοίξασα,
1098 4760 1188 4820 διὰ
1247 4743 1419 4837 μέσης
1470 4743 1746 4835 ταύτηςνπ

2037 4761 2081 4811 ιι
2106 4771 2311 4827 rupem
2328 4751 2745 4824 aperiens,per
2761 4763 2891 4803 eam
2913 4743 3245 4800 mediamin
3268 4743 3598 4813 appositam

177 4834 488 4933 τὸ’ἓτερον
546 4834 711 4931 μέρος
766 4834 1105 4929 1075‘0900:
1187 4834 1567 4927 μεθώρμησεν.
1627 4854 1693 4907 Ὠ

2035 4865 2202 4903 eram
2234 4845 2456 4908 montis
2487 4846 2715 4914 partem
2748 4844 3116 4909 transgressa
3156 4838 3265 4889 est.
3300 4834 3444 4887 Rem
3478 4834 3596 4885 mi-

184 4922 508 5021 Θαῦματοςί
546 4922 739 5021 ’πέτρα
792 4922 1098 5020 σχισθεῖσα,
1160 4922 1448 5018 ἐγκόλπίον
1497 4943 1597 5011 τὴν
1634 4944 1736 5016 άμν

2040 4955 2079 4991 n
2102 4937 2113 4991 ί
2148 4938 2322 4991 Petra
2340 4934 2527 4989 scissa
2550 4947 2653 4985 suo
2677 4944 2889 5000 agnam
2913 4923 3135 4998 gremio
3164 4922 3399 4992 excipit,
3424 4925 3479 4974 et
3503 4936 3601 4990 pa-

183 5013 518 5113 εἰσδέχεται,
546 5034 638 5090 καὶ
674 5013 722 5089 ’ὁ
781 5013 948 5089 λίδων
1009 5013 1459 5107 ἀνάισθῆτότερος
1504 5013 1744 5103 ταύτηνςι

2038 5046 2044 5057 ·
2073 5027 2229 5081 saxis
2262 5024 2469 5079 durior
2498 5038 2566 5077 ac
2593 5022 2959 5091 persecutor,
3011 5013 3311 5069 obstinato
3360 5017 3599 5081 stupore

180 5130 286 5202 τηρ
316 5100 709 5193 καὶὸιώκτης,
774 5120 986 5195 μᾶλλον
1044 5124 1115 5195 τῇ
1172 5100 1427 5197 πωρώσει
1487 5100 1741 5175 ἀπελιθοῐ

2037 5116 2139 5188 tgis
2171 5113 2476 5185 magisque
2506 5107 2879 5180 lapidescens
2928 5106 2990 5159 in
3036 5118 3273 5158 saxeam
3319 5100 3598 5155 duritiem

178 5218 269 5271 aui
312 5215 391 5270 εἰς
437 5209 694 5287 πετρώδη
755 5209 1068 5265 ἀντιτυπίαν
1133 5210 1424 5285 μετήγετο.
1459 5208 1562 5266 Καὶ
1592 5206 1719 5264 οὐδὲ

2045 5204 2259 5260 nsibat.
2281 5204 2477 5272 Neque
2494 5196 2772 5254 miraculi
2800 5200 2964 5251 tanta
2984 5193 3216 5248 novitas
3238 5192 3392 5247 hanc
3413 5188 3600 5245 animi

181 5306 461 5376 θαῦματος
514 5280 579 5356 τὸ
636 5280 943 5375 παράδοξον
997 5280 1488 5373 μαλάξαιγτοότου
1556 5296 1742 5367 δεδόνη

2037 5313 2082 5350 IS
2114 5293 2395 5349 duritiam
2419 5296 2475 5345 et
2497 5288 2934 5343 immanitatem
2958 5282 3191 5340 mollire
3217 5282 3427 5355 potuit;
3453 5280 3598 5351 quin

178 5402 278 5464 τῆς
312 5392 507 5468 ψυχῆς
535 5390 599 5445 τὸ
640 5371 881 5465 σκληρὸν
937 5371 1027 5444 καὶ
1086 5388 1473 5464 ἀπάνθρωπον,
1507 5386 1634 5444 ἀλλ’
1666 5388 1734 5442 ὑπ

2035 5386 2145 5440 tius
2164 5386 2437 5456 superato
2461 5384 2662 5435 monte
2679 5376 2921 5433 assidua
2941 5372 3387 5448 percontatione
3411 5371 3596 5425 tiliam

183 5480 281 5547 ϐάς
312 5483 381 5538 τὸ
424 5478 580 5555 ὅρος,
635 5477 836 5551 ταύτην
897 5479 1077 5551 ἐζήτει
1132 5477 1200 5535 δι’
1258 5480 1601 5554 ἰρωτήσεως.
1636 5480 1736 5535 Καὶ

2040 5474 2505 5548 ιυὶνεδαῐΩυαηι
2520 5468 2757 5525 demum
2772 5468 3070 5523 inventam
3084 5478 3419 5536 caesamque
3432 5476 3601 5517 coma

257 5679 307 5713 ³³
338 5678 505 5734 Joan.
536 5694 577 5746 ι,
610 5680 665 5731 9.
697 5674 743 5712 ³³
774 5674 976 5730 Matth.
1008 5692 1063 5743 x,
1101 5676 1188 5728 “l2-
