3952 6202
175 359 294 415 797

1336 359 1705 419 LAUDATIO
1735 359 1798 414 8⁸
1835 358 2198 415 ΒΔΒΒΑΒΒ
2234 361 2461 418 MART.

3491 373 3599 442 798

178 482 329 550 αὖθις
361 480 576 560 σπουδῇ
608 483 951 560 ὁμολογήσει
989 506 1051 541 τε
1102 485 1193 542 καὶ
1247 483 1612 560 ἀνακηρύξειι
1662 475 1828 540 Βαϐαῖ

1965 481 2248 539 sissimam
2277 484 2625 556 patientiam
2654 487 2892 560 vimque
2920 488 3360 563 tolerandi,qua
3380 494 3595 554 diabo-

176 594 270 629 σου
316 580 419 644 τῆς
477 575 867 650 γενναιοτάτης
926 575 1205 650 ὑπομονῆς
1259 576 1348 631 καὶ
1395 572 1701 651 καρτερίας
1762 568 1830 627 δι’

171 661 263 731 ἣν,
291 662 383 716 τὸν
424 662 523 734 μὲν
555 656 815 718 διάϐολον
845 665 936 719 καὶ
982 664 1112 728 τοὺς
1168 663 1474 727 ἀποστάτας
1523 663 1689 718 αὐτοῦ
1736 683 1833 718 κα-

174 750 446 822 τέπληξας
480 748 767 826 δαίμονας,
827 752 955 817 τοὺς
1011 753 1198 829 ἁγίους
1258 752 1317 810 δὲ
1370 752 1638 829 ἀγγέλους
1695 752 1832 828 πρὸς

171 843 351 914 θαῦμα
379 841 476 896 καὶ
509 841 783 919 εὐφημίαν
837 841 1114 913 ἐκίνησας·
1175 842 1243 899 δι’
1291 842 1385 915 ἤν,
1436 845 1533 914 τήν
1579 844 1673 917 μὶν
1721 846 1830 901 τῶν

170 927 423 986 εἰδώλων
453 930 669 1001 πλάνην
702 933 778 994 ὡς
810 931 1054 1008 ἀράχνην
1083 929 1359 1007 διίλυσας,
1409 934 1509 1003 τήν
1560 932 1741 1005 ἀληθῆ
1775 928 1833 989 δί

169 1018 350 1075 πίστιν
385 1019 683 1095 ἐκράτυνάς
713 1040 774 1076 τε
799 1020 890 1076 καὶ
924 1016 1255 1086 ἑϐεϐαίωσας
1283 1023 1296 1082 l

246 1109 340 1186 ιβ’.
374 1110 676 1184 Ἑωρακὼς
713 1110 806 1166 οῦν
863 1111 925 1166 τὸ
985 1111 1314 1185 ἀμετάθετον
1365 1112 1454 1169 καὶ
1512 1112 1828 1187 καρτερικὸν

171 1205 269 1268 τῆς
299 1198 460 1274 ἁγίας
491 1199 521 1254 ὃ
554 1197 813 1269 δικάζων,
839 1199 1052 1257 κελεύει
1080 1201 1218 1264 τέως
1259 1201 1311 1257 ἐν
1368 1209 1578 1278 φρουρᾷ
1624 1202 1826 1273 ταύτην

168 1284 548 1360 ἐμϐληθῆναι,
577 1287 684 1351 ἕως
715 1289 774 1343 ἃν
809 1291 1073 1364 σκέψηται
1126 1289 1308 1353 ποίαις
1357 1292 1529 1361 αὐτῆς
1578 1291 1830 1367 βασάνοις

166 1378 526 1452 πικροτέραις
557 1378 850 1454 ἐφάψηται.
883 1379 973 1436 Ἐν
1009 1376 1068 1435 δὲ
1115 1383 1186 1454 τῇ
1233 1382 1385 1436 νυκτί
1444 1379 1619 1456 ἐκείνῃ
1670 1381 1826 1454 μέσῃ,

172 1472 285 1545 φῶς
345 1468 523 1538 αὐτὴν
582 1467 972 1545 ὑπέρλαμπρον
1033 1472 1456 1546 περιήστραψεν,
1514 1469 1566 1525 ἐν
1616 1472 1765 1547 ᾧπερ
1797 1472 1825 1526 ὁ

162 1565 263 1626 τῆς
294 1554 466 1629 δόξης
496 1559 847 1637 κατεφαίνετο
897 1559 1120 1634 Κύριος,
1177 1561 1239 1615 τὸ
1294 1558 1607 1617 κατώδυνον
1656 1561 1825 1632 αὐτῆς

156 1646 243 1703 καὶ
300 1647 612 1724 περίλυπον
666 1652 737 1722 τῇ
795 1649 1077 1727 ἐπιφανείᾳ
1133 1653 1679 1726 παραμυθνουμενος,
1733 1652 1824 1708 καὶ

160 1734 356 1811 λόγοις
388 1742 818 1814 προτρεπτικοῖς
844 1740 1185 1813 θαρσοποιῶν
1238 1742 1378 1816 πρὸς
1438 1742 1646 1816 ἀγῶνας
1694 1740 1821 1804 τοὺς

164 1826 504 1901 μὲλλοντας’
537 1852 565 1879 (ι
598 1828 814 1901 Θάρσει,
868 1825 1068 1903 λέγων,
1127 1826 1395 1906 Βαρϐάρα,
1454 1830 1538 1885 ’ὁτι
1594 1829 1820 1907 μεγίστη
1855 1855 1902 1924 Β

164 1917 311 1993 χαρά
344 1916 403 1973 ἐν
440 1915 654 1992 οὖρανῷ
682 1917 772 1971 καὶ
805 1915 890 1972 ἐπὶ
924 1925 1030 1993 γῆς
1086 1917 1173 1975 ἐπὶ
1219 1924 1288 1993 τῇ
1339 1923 1407 1994 σῇ
1458 1918 1685 1991 ἀθλήσει
1732 1940 1826 1995 γε·

165 2009 423 2078 νὴεεται.
456 2009 563 2070 Τάς
621 2003 681 2062 δὶ
718 2010 817 2061 τοῦ
871 2009 1148 2081 τυμάννου
1205 2008 1432 2073 ἀπειλὰς
1494 2010 1570 2084 μὴ
1630 2005 1827 2088 φοϐοῦ,

171 2097 310 2169 μὴτε
341 2094 542 2153 δέδιθι.
571 2096 715 2172 Ἐγὼ
734 2096 839 2172 γάρ
873 2097 989 2170 εἶμι
1026 2099 1162 2170 μετά
1189 2102 1308 2166 σοῦ,
1367 2101 1456 2155 καὶ
1501 2103 1689 2155 πασῶν
1739 2114 1827 2154 σοι

166 2191 272 2241 τῶν
359 2186 772 2260 ἐπιφερομένων
844 2184 1084 2261 πληγῶν
1145 2186 1583 2265 ἐκλυτρώσομαι.
1641 2214 1669 2242 n
1730 2190 1824 2245 Καὶ

168 2274 371 2339 εὐθέως
402 2275 624 2350 ἀφανεῖς
664 2276 718 2330 αὶ
775 2274 990 2351 πληγαί
1049 2276 1154 2332 ἀπὸ
1209 2282 1306 2333 τοῦ
1358 2277 1525 2348 αὐτῆς
1580 2277 1828 2354 ἐγίνοντο

174 2365 463 2436 σώματος.
510 2363 616 2420 Καὶ
668 2366 839 2421 ταῦτα
894 2364 1083 2437 εῗπών,
1144 2367 1221 2429 εἶς
1279 2366 1539 2443 οὐρανούς
1590 2366 1742 2433 αὖθις
1799 2369 1827 2423 ὁ

178 2457 286 2508 τῶν
337 2452 592 2528 οὐρανῶν
646 2454 1045 2533 ἀναπεφοίτηκε
1123 2455 1347 2531 Κύριος.
1433 2458 1713 2532 Ἐγεγήθει
1771 2455 1829 2512 δὲ

169 2545 455 2623 μεγάλως,
487 2546 579 2601 καὶ
610 2544 834 2622 πλήρης
891 2549 1111 2623 γέγονεν
1162 2547 1440 2621 εὐθυμίας,
1489 2549 1579 2604 καὶ
1625 2555 1824 2625 χαρᾶς,

161 2636 245 2689 καὶ
276 2633 675 2710 ἀγαλλιάσεως
708 2636 796 2691 ἐπὶ
848 2641 916 2711 τῇ
972 2640 1070 2693 τοῦ
1127 2639 1366 2716 Χριστοῦ
1423 2643 1732 2713 προτροπῇ,
1787 2641 1822 2708 ἠ

157 2728 251 2780 τοῦ
280 2728 542 2800 Χριστοῦ
588 2726 787 2802 γνησία
852 2725 1056 2801 μάρτυς
1108 2748 1166 2783 τε
1202 2727 1291 2782 καὶ
1351 2728 1665 2800 θεράπαινα.
1723 2728 1825 2785 Καὶ

164 2812 399 2872 rixo-zu):
435 2809 608 2878 ὅντως
663 2810 707 2868 ὥ
761 2815 899 2890 κόρη
957 2812 1262 2891 τρισόλϐιε,
1323 2817 1577 2896 ἐγὲγηθας
1607 2819 1620 2873 !
1651 2819 1686 2886 ἡ
1718 2817 1823 2894 γάρ

157 2906 255 2973 τῆς
284 2903 657 2980 χαρμοσύνης
691 2904 964 2974 ὑπόθεσις,
997 2905 1135 2979 μόνη
1169 2905 1313 2962 ἐστὶν
1373 2906 1587 2977 ἀληθὴς
1630 2905 1824 2983 εὐφρο-

161 2994 316 3066 σίνη,
351 3003 450 3049 καί
479 2991 723 3068 θυμηδία
773 2993 1153 3059 ἀναλλοίωτός
1198 3017 1259 3052 τε
1304 2996 1394 3051 καὶ
1442 2995 1821 3075 ἀναφαίρετος.

157 3083 223 3138 Ὠ
254 3081 549 3159 μακαρίων
584 3104 680 3138 σου
712 3083 786 3146 ὡς
827 3084 1052 3154 ἀληθῶς
1105 3085 1395 3159 ὀμμάτων,
1438 3086 1533 3141 τὸν
1578 3088 1680 3155 τῆς
1727 3084 1822 3141 δό-

161 3170 253 3245 ξης
284 3172 498 3248 Κῦριον
534 3170 666 3228 ίόεἶν
713 3172 1056 3247 ἠξιωμένων,
1106 3175 1151 3250 ᾧ
1200 3175 1546 3249 ἀτενίσαιζοῦ
1593 3175 1820 3249 τολμῶ-

154 3281 232 3316 σιν
294 3260 359 3317 ἑν
425 3261 639 3337 οὖραδῷ
696 3262 763 3317 τά
814 3258 1122 3337 Χερουϐὶμ,
1181 3264 1267 3319 καὶ
1328 3264 1395 3319 τά
1447 3263 1818 3339 πολυόμματα

157 3350 460 3427 τάγμα-ταί
492 3352 559 3406 Ὠ
587 3346 902 3408 πανολϐίων
959 3356 1137 3423 ῶτων,
1195 3356 1304 3408 τῶν
1359 3355 1511 3429 ἠχὴν
1566 3359 1674 3411 τῶν
1720 3358 1817 3410 τοῦ

154 3444 293 3496 Θεοῦ
359 3439 628 3517 ῥημάτιον
688 3439 1104 3519 είσδεδεγμὲνων
1135 3444 1148 3499 ί
1180 3437 1225 3497 ὤ
1255 3446 1443 3519 ψυχῆς
1491 3443 1817 3519 ἀξιαγάστου

146 3525 759 3607 καίτρισευῦαίμονος,
812 3531 883 3602 ἥν
923 3538 1264 3606 προτροπαῖς
1317 3532 1519 3588 οίκείου
1567 3554 1817 3608 παρεμυ-

146 3621 359 3690 θήσατο
394 3621 686 3693 στόματος,
718 3623 747 3677 ὁ
779 3621 1050 3694 οὐρανίων
1102 3621 1193 3678 καὶ
1256 3621 1513 3697 ἐπιγείων
1569 3623 1658 3679 καὶ
1719 3643 1817 3677 κα-

145 3709 471 3786 ταχθονίων
503 3707 803 3781 δεσπόζων,
833 3710 928 3766 καὶ
956 3712 1088 3774 Θεὸς
1137 3713 1315 3781 πάσης
1368 3710 1768 3786 παρακλήσεως
1803 3711 1816 3769 ί

151 3799 227 3852 Συ
254 3799 355 3855 καὶ
393 3797 446 3852 ἐν
478 3798 637 3874 σαρκὶ
680 3797 834 3869 οὖσα,
891 3800 983 3855 τὸν
1037 3795 1330 3878 ἀρραϐῶνα
1374 3808 1479 3871 τῆς
1540 3799 1821 3877 βασιλείας

146 3892 255 3943 τῶν
290 3889 568 3964 οὐρανῶν,
600 3890 636 3959 ἡ
665 3893 764 3944 τοῦ
793 3893 1037 3965 Χριστοῦ
1066 3888 1272 3968 νύμφη,
1306 3890 1381 3953 ὡς
1408 3897 1510 3960 τῆς
1552 3889 1690 3961 ὅλης
1721 3910 1817 3946 σου

148 3979 391 4053 προικὸς
419 3978 715 4053 ἐμφάνειαν
745 3975 970 4050 δέδεξαι.
1025 3978 1123 4035 Διά
1177 3978 1340 4035 τοῦτο
1394 3985 1499 4036 τῶν
1563 3981 1659 4055 μὶν
1717 3978 1816 4036 ἀλ-

147 4071 349 4141 γεινῶν
382 4067 487 4136 τήν
516 4071 733 4142 πεῖραν,
765 4068 838 4129 ὡς
870 4069 1085 4138 νηπίων
1139 4068 1301 4145 βὲλη,
1331 4070 1366 4139 ἢ
1399 4067 1628 4143 ψύλλων
1679 4067 1816 4144 δηγ-

150 4156 287 4226 pob;
348 4154 564 4230 ἥγησαι
622 4155 713 4211 καὶ
770 4153 1074 4237 λελόγισαι·
1131 4162 1211 4231 τῷ
1285 4155 1343 4212 δὲ
1396 4162 1492 4213 τοῦ
1560 4158 1816 4237 φανέντος

142 4241 308 4315 ἓρωτι
362 4244 685 4319 Θελχθεῖσα,
736 4245 829 4301 καὶ
886 4247 986 4316 τὴν
1043 4248 1229 4324 ψυχὴν
1289 4247 1670 4324 στεῤῥωθεῖσα,
1728 4247 1819 4312 Τίς

145 4355 234 4406 με,
263 4332 477 4410 ἔλεγες,
512 4335 747 4410 χωρίσει
808 4334 915 4390 ἀπὸ
959 4339 1062 4401 τῆς
1125 4335 1339 4411 ἀγάπης
1385 4340 1484 4391 τοῦ
1530 4338 1812 4410 Χριστοῦ;

143 4422 389 4498 Θλῖψιςς
435 4422 473 4493 ἤ
526 4423 918 4501 στενοχωρίας
978 4421 1016 4494 ἤ
1093 4422 1299 4498 λιμός;
1357 4424 1395 4496 ἤ
1459 4422 1758 4502 διωγμόςς
1815 4426 1853 4497 ἤ
1930 4427 2224 4501 μάστιγεςς

1944 571 2566 647 lum,desertoresque
2624 577 2930 635 daemones
2977 578 3106 651 ejus
3148 580 3481 651 perculisti,
3530 602 3598 645 ac

1943 667 2182 718 sanctos
2207 665 2446 737 angelos
2474 666 2550 723 ad
2578 667 2935 723 miraculum
2968 673 3026 723 et
3045 670 3413 740 prmconium
3445 675 3597 728 exci-

1943 752 2101 822 tasti,
2133 770 2251 824 qua
2280 754 2735 812 simulacrorum
2768 773 2965 815 errore
2998 774 3219 815 aranea
3246 758 3426 815 veluti
3479 761 3597 819 tela

1942 856 2165 912 everso,
2197 858 2394 901 veram
2426 843 2604 903 ﬁdem
2635 845 3001 905 conﬁrmasti
3033 851 3092 904 et
3112 846 3483 909 stabilivistil

2013 1112 2098 1168 i2.
2128 1110 2312 1169 Judex
2340 1109 2539 1183 itaque
2569 1112 2923 1173 indomitam
2946 1120 3166 1175 sanctae
3189 1120 3586 1180 constantiam

1938 1215 2208 1268 cernens,
2242 1201 2306 1257 in
2327 1217 2625 1261 carcerem
2648 1220 2778 1261 eam
2801 1205 3017 1278 conjici
3042 1206 3465 1278 imperat,dum
3494 1206 3588 1266 di-

1937 1289 2453 1361 spexissetquibus
2471 1292 2635 1349 illam
2657 1295 2968 1351 tormentis
2979 1297 3369 1354 atrocioribus
3380 1315 3586 1372 aggre-

1937 1376 2292 1435 deretur.Ad
2303 1381 2494 1436 noctis
2507 1399 2642 1437 vero
2656 1384 2918 1439 medium
2932 1384 3033 1440 lux
3049 1402 3178 1442 eam
3192 1387 3589 1445 circumfulsit

1936 1467 2438 1539 splendidissima,
2471 1471 2531 1526 in
2563 1487 2678 1542 qua
2707 1489 2767 1527 se
2784 1474 3069 1530 Dominus
3091 1476 3293 1548 gloriae
3317 1485 3588 1549 spectan-

1934 1557 2075 1613 dum
2099 1556 2391 1629 prmbens,
2414 1562 2734 1630 praesentia
2753 1562 3020 1619 dolorem
3042 1565 3370 1637 mitigabat,
3395 1567 3586 1625 lenie-

1932 1645 2150 1716 batque
2173 1647 2493 1713 tristitiam,
2524 1654 2583 1705 et
2596 1650 2671 1706 ad
2686 1650 2886 1709 futura
2901 1653 3227 1710 certamina
3242 1655 3587 1712 adhortato-

1930 1736 2037 1793 riis
2061 1735 2254 1792 verbis
2286 1737 2610 1794 animabat.
2665 1760 2693 1791 ‹‹
2724 1741 2986 1809 Conﬁde,
3041 1743 3143 1810 ait,
3194 1744 3464 1814 Barbara,
3515 1763 3586 1802 ex

1931 1825 2102 1897 cujus
2123 1826 2283 1881 lucta
2301 1827 2625 1883 maximum
2645 1828 2706 1883 in
2735 1830 2880 1887 coelo
2900 1831 3183 1902 gaudium
3202 1832 3280 1887 sit
3294 1832 3584 1906 futurum,

1941 1930 2009 1971 ac
2038 1931 2216 1986 super
2244 1919 2484 1972 terram.
2518 1918 2773 1988 Tyranni
2807 1919 3000 1975 minas
3028 1937 3101 1977 ne
3149 1920 3580 1993 formidaveris,

1938 2022 2049 2061 nec
2066 2007 2588 2064 timueris.Tecum
2610 2009 2771 2063 enim
2793 2026 2897 2082 ego
2919 2027 3072 2079 sum,
3101 2016 3275 2083 teque
3298 2013 3369 2069 ab
3387 2015 3584 2071 omni-

1937 2094 2048 2149 bus
2071 2112 2202 2165 quaa
2235 2094 2340 2149 tibi
2372 2095 2710 2151 inferuntur
2738 2097 2928 2169 plagis
2968 2098 3254 2155 liberabo.
3282 2120 3309 2152 ιι
3353 2103 3481 2156 Mox
3513 2120 3584 2158 ex

1939 2185 2071 2255 ejus
2100 2203 2347 2257 corpore
2376 2186 2623 2243 vulnera
2653 2194 3054 2244 evanuerunt:
3085 2190 3296 2262 hisque
3324 2192 3497 2247 dictis
3520 2193 3583 2248 in

1938 2274 2150 2331 malum
2169 2291 2375 2330 rursus
2388 2277 2673 2332 Dominus
2685 2277 3367 2351 caalorumrediiLAtqui
3385 2281 3585 2336 laetata

1937 2364 2260 2437 plurimum
2277 2370 2367 2423 est
2382 2382 2518 2421 vera
2533 2366 2749 2423 Christi
2773 2373 3000 2440 martyr
3014 2374 3074 2423 et
3093 2369 3312 2426 ancilla
3332 2387 3402 2426 ea
3416 2370 3587 2425 Chri-

1939 2456 2014 2510 sti
2034 2455 2463 2523 cohortatione,
2498 2471 2566 2511 ac
2593 2456 2974 2529 jucunditate
3024 2459 3231 2526 animi,
3281 2460 3494 2531 gaudio
3528 2464 3587 2515 et

1937 2545 2330 2600 exsultatione
2352 2545 2688 2616 repleta.Ac
2709 2548 2920 2603 merito
2941 2548 3118 2620 plane
3138 2550 3334 2622 gavisa
3350 2550 3585 2618 es,bea-

1936 2634 2167 2689 tissima
2196 2634 2415 2705 puella.
2449 2635 2656 2690 Gaudii
2688 2637 2909 2709 quippe
2938 2638 3109 2704 ratio,
3129 2655 3265 2694 vera
3296 2639 3584 2697 duntaxat

1936 2723 2251 2779 oblectatio
2277 2724 3585 2794 est,animiquejucunditasindemutabiliset

1933 2811 2361 2868 inviolabilis.0
2384 2827 2519 2867 vere
2543 2811 2745 2866 beatos
2767 2813 2971 2869 oculos
2989 2816 3583 2886 tuos,quiDominum

1932 2901 2134 2974 glorim
2161 2900 2359 2955 videre
2388 2902 2756 2968 meruerunt,
2790 2902 2851 2956 in
2881 2917 3058 2972 quem
3091 2903 3408 2958 Cherubim
3440 2921 3581 2959 ocu-

1933 2993 2126 3064 lisque
2148 2992 2309 3064 pleni
2331 2990 2574 3047 ordines
2589 2992 2778 3046 aciem
2802 2992 2980 3064 ﬁgere
2994 3009 3115 3051 non
3134 2993 3374 3049 audent!
3398 3012 3431 3049 ο
3449 3012 3582 3051 vere

1930 3082 2134 3138 beatas
2148 3098 2341 3148 aures,
2367 3097 2499 3152 qum
2517 3080 2828 3136 verborum
2854 3080 2959 3136 Dei
2972 3098 3185 3137 sonum
3201 3084 3579 3155 exceperunt!

1931 3189 1965 3228 ο
1979 3169 2370 3229 admiratione
2382 3169 2619 3242 dignam
2635 3170 2894 3225 animam
2919 3175 3125 3242 terque
3138 3171 3369 3229 felicem
3381 3217 3390 3237 ,
3401 3189 3581 3243 quam

1932 3261 2052 3318 oris
2065 3260 2155 3316 sui
2168 3258 2756 3316 adhortamentisille
2777 3259 3000 3315 solatus
3012 3260 3229 3332 est,qui
3248 3261 3578 3319 cmlestium

1928 3351 2301 3407 terrestrium
2324 3354 2385 3404 et
2406 3349 2777 3405 infernarum
2801 3353 2890 3404 est
2907 3348 3209 3419 Dominus,
3235 3366 3305 3406 ac
3319 3352 3473 3407 Deus
3493 3356 3578 3407 to-

1929 3441 2048 3497 tius
2065 3438 2491 3495 consolationis
2516 3438 2597 3492 “!
2630 3440 2712 3493 Tu
2738 3438 2920 3505 enim,
2954 3455 3090 3494 cum
3122 3439 3316 3496 adhuc
3333 3457 3576 3497 carnem

1926 3529 2380 3605 gestares,regni
2399 3528 2680 3584 cmlorum
2693 3528 3110 3595 arrhabonem,
3128 3530 3343 3585 Christi
3359 3547 3578 3602 sponsa

1926 3626 2211 3691 tanquam
2230 3619 2409 3674 totius
2430 3618 2584 3674 dotis
2611 3619 2912 3691 specimen
2935 3619 3234 3690 accepisti.
3266 3620 3430 3675 Unde
3445 3620 3577 3676 illa-

1928 3714 2019 3765 tos
2050 3709 2153 3765 tibi
2188 3707 2503 3776 cruciatus,
2535 3708 2917 3780 parvulorum
2947 3707 3129 3765 veluti
3186 3709 3428 3782 sagittas
3475 3714 3580 3765 aut

1927 3799 2189 3873 pulicum
2204 3813 2438 3853 morsus
2452 3797 3065 3870 contempsisti,atque
3083 3795 3240 3852 illius
3254 3815 3431 3870 quem
3445 3815 3579 3855 con-

1929 3890 2193 3965 spexisti,
2218 3904 2418 3944 amore
2437 3894 2626 3960 capta,
2649 3893 2709 3943 et
2745 3888 2944 3943 animo
2975 3886 3279 3944 roborata:
3313 3891 3441 3954 Quis
3468 3905 3573 3957 me,

1926 3980 2149 4049 aiebas,
2172 3979 2450 4050 separabit
2479 3995 2514 4033 a
2542 3978 2817 4033 charitate
2854 3978 3106 4035 Christi?
3133 3978 3419 4033 tribulatio
3444 3982 3473 4034 ?
3501 3994 3573 4033 an

1925 4070 2228 4140 angustia?
2255 4069 2426 4124 Certa
2454 4070 2597 4123 enim
2624 4083 2763 4137 sum,
2794 4068 2945 4138 quod
2997 4082 3174 4137 neque
3217 4069 3351 4134 rita,
3399 4084 3574 4137 neque

1924 4176 2090 4222 mors,
2120 4172 2298 4229 neque
2317 4157 2563 4228 angelus,
2594 4174 2770 4228 neque
2799 4155 3089 4221 instantia,
3138 4171 3312 4224 neque
3350 4159 3568 4223 futura,

1924 4265 2100 4319 neque
2129 4248 2244 4303 alia
2272 4253 2527 4303 creatura
2560 4249 2773 4317 poterit
2824 4262 2908 4301 me
2952 4261 3210 4315 separare
3239 4261 3273 4299 α
3302 4244 3570 4300 charitate

1928 4340 2136 4396 Christi
2163 4339 2229 4391 ³⁸.

2311 4423 2348 4493 ἢ
2432 4420 2720 4491 κίνδυνοι;
2804 4421 3102 4493 πέπεισμαι
3172 4420 3300 4495 γὰρ,
3377 4418 3453 4484 ὡς
3508 4416 3569 4473 οὗ

142 4512 285 4583 ζωή,
347 4512 414 4566 οὐ
469 4511 717 4581 θάνατος,
773 4511 873 4567 οὐκ
931 4509 1187 4588 ἅγγελος,
1247 4512 1345 4569 οὐκ
1392 4513 1676 4588 ἐνεστῶτα,
1726 4514 1788 4575 οὐ
1842 4514 2142 4590 μέλλοντα,
2201 4508 2328 4568 οὕτε
2380 4532 2462 4574 τις
2530 4510 2702 4573 κτίσις
2759 4510 2937 4586 ἒτίρα,
2984 4516 3085 4580 τῆς
3166 4511 3264 4564 τοῦ
3332 4508 3571 4584 Χριστοῦ

148 4620 214 4672 με
244 4600 466 4677 ἀγάπης
501 4600 740 4678 χωρίσαι
774 4598 1082 4672 δυνήσεται.

212 4691 307 4764 ιγ’.
348 4690 574 4768 Πρωΐας
608 4687 703 4744 οῦν
732 4690 1055 4765 γενομένης,
1084 4688 1239 4768 ἤχθη
1292 4693 1432 4768 πρὸς
1480 4695 1544 4750 τὸ
1591 4696 1747 4771 βῆμα
1775 4696 1811 4765 ἠ

1997 4698 2081 4750 13.
2117 4696 2283 4749 Mane
2315 4693 2493 4766 igitur
2519 4691 2696 4762 facto,
2719 4691 2989 4765 jubente,
3021 4689 3293 4764 praeside,
3344 4692 3570 4760 martyr

148 4778 381 4854 μάρτυς,
412 4784 510 4835 τοῦ
540 4777 811 4859 ἄρχοντος
839 4784 1002 4835 τοῦτο
1071 4782 1483 4857 προστάξαντος.
1536 4785 1632 4839 Καὶ
1682 4781 1811 4840 ἰδὼν

139 4869 317 4940 αὐτῆς
350 4869 482 4931 τοὺς
512 4868 801 4943 μώλωπας
832 4870 1075 4948 ἀφανεῖς,
1104 4872 1192 4927 καὶ
1247 4873 1311 4927 τὸ
1358 4877 1519 4946 σῶμα
1565 4873 1811 4947 ὁλόκλη-

140 4978 235 5035 ρον
261 4959 362 5013 καὶ
394 4957 676 5035 ἀκέραιον,
733 4959 873 5031 μήτε
932 4960 994 5014 τὸ
1039 4960 1208 5037 τυχὸν
1260 4954 1388 5037 ἕχον
1440 4964 1755 5038 σπάραγμα,
1785 4964 1812 5018 ὁ

138 5044 562 5127 φρενοϐλαϐὴς,
592 5049 750 5127 φησί,
808 5049 900 5104 καὶ
964 5049 1369 5127 φρενόληπτος,
1420 5075 1449 5103 ‹‹
1481 5049 1644 5120 Ἴδες,
1693 5057 1811 5116 πῶς

135 5140 189 5193 οἱ
222 5138 346 5203 θεοῖ
375 5140 807 5209 ἀντιποιοῦνται,
841 5138 932 5192 καὶ
989 5139 1272 5214 ἀγαπῶσιν
1322 5160 1403 5209 σε,
1449 5138 1532 5196 ὅτι
1577 5141 1666 5196 καὶ
1714 5142 1811 5205 τάς

135 5227 368 5303 πληγάς
429 5248 529 5283 σου
590 5227 836 5283 ἱάσαντο.
872 5251 899 5278 »
958 5229 1023 5284 Ἡ
1079 5227 1137 5284 δὲ
1193 5229 1397 5306 μάρτυς
1446 5237 1547 5301 τῆς
1606 5231 1811 5287 ἐκείνου

133 5316 561 5392 καταγελάσασα
616 5316 1046 5394 παραφροσύνης
1118 5318 1210 5374 καὶ
1271 5315 1670 5395 ἱμϐροντησίας
1720 5322 1810 5379 καὶ

136 5404 560 5482 παραπληξίας,
637 5405 1086 5482 ἀνταπεκρίνατο·
1174 5432 1202 5461 ‹‹
1266 5409 1332 5467 Οἳ
1398 5411 1492 5483 μὲν
1549 5409 1639 5464 σοὶ
1696 5412 1807 5467 θεοὶ

138 5494 344 5569 ὅμοιοί
370 5495 464 5551 σού
494 5494 623 5566 εἶσι,
661 5492 841 5573 κωφοί
887 5494 977 5552 καὶ
1035 5495 1259 5573 τυφλοὶ,
1317 5500 1411 5558 καὶ
1469 5499 1809 5572 ἀναίσθητοι,

210 5711 266 5748 ³⁵
297 5711 355 5766 II
381 5712 508 5769 Cor.
541 5728 588 5782 ι,
615 5714 668 5770 3.
749 5713 793 5749 ⁸⁸
826 5715 994 5772 Rom.
1030 5731 1146 5785 vni,
1181 5717 1270 5785 35,
1306 5718 1395 5773 38.

1926 4785 1999 4842 ad
2031 4784 2295 4839 tribunal
2327 4783 2505 4837 ducta
2537 4788 2643 4838 est.
2673 4782 2851 4853 Cujus
2877 4781 2939 4836 in
2971 4796 3236 4852 corpore,
3270 4794 3404 4833 cum
3455 4793 3567 4832 nec

1922 4876 2230 4949 plagarum
2255 4878 2487 4929 exstare
2507 4871 2772 4944 vestigia,
2797 4870 2899 4927 sed
2920 4871 3216 4942 integrum
3242 4867 3390 4923 illud
3409 4867 3565 4922 908

1925 4971 1983 5020 et
2011 4965 2286 5032 illaesum,
2315 4962 2416 5021 ille
2447 4962 2665 5017 mentis
2695 4961 2886 5033 inaps,
2912 4976 3016 5016 seu
3036 4964 3236 5014 mente
3258 4964 3463 5030 captus
3484 4957 3566 5014 vi~

1923 5054 2130 5117 disset,
2169 5077 2188 5102 ι
2216 5053 2411 5119 Vides,
2441 5052 2542 5117 ait,
2576 5048 2874 5122 quomodo
2897 5049 3001 5105 tibi
3031 5049 3115 5122 pii
3147 5065 3322 5120 opem
3350 5048 3564 5116 ferant,

1920 5158 1989 5197 ac
2010 5147 2067 5197 te
2090 5141 2364 5213 diligant;
2386 5156 2605 5212 quippe
2624 5139 2724 5211 qui
2746 5138 2990 5194 vulnera
3007 5143 3108 5194 tua
3148 5137 3505 5193 sanaverint.
3537 5159 3566 5187 »

1920 5233 2008 5289 Ad
2038 5246 2215 5304 quem
2248 5236 2490 5303 martyr,
2517 5231 2625 5286 viri
2658 5229 3018 5285 dementiam
3049 5230 3421 5301 nimiumque
3443 5235 3565 5284 stu-

1919 5339 2124 5395 porem
2153 5321 2451 5385 deridens,
2484 5342 2513 5370 ‹‹
2546 5321 2635 5375 Dii
2667 5320 2773 5387 tui,
2797 5320 3012 5392 inquit,
3046 5319 3131 5375 tul
3152 5320 3378 5376 similes
3402 5331 3561 5378 sunt.

1922 5411 2083 5467 surdi
2115 5428 2182 5466 ac
2212 5409 2387 5466 caeci:
2419 5409 2731 5479 omnisque
2761 5425 2971 5465 sensus
2990 5415 3048 5465 et
3078 5413 3270 5466 motus
3291 5415 3564 5481 expertes

1918 5518 2052 5558 cum
2078 5502 2216 5569 sint,
2241 5500 2351 5555 sibi
2369 5498 2481 5571 ipsi
2494 5499 2765 5557 auxiliari
2785 5516 2905 5557 non
2934 5501 3150 5558 valent.
3185 5500 3437 5567 Quinam
3467 5515 3562 5555 me
