3952 6202
396 370 503 427 799

398 509 602 552 curare
624 491 962 563 potuerunt,
987 503 1118 557 qum
1139 484 1457 540 vanitatem
1476 482 1886 552 ipsorum,qua
1906 473 2030 546 ple-
2064 511 2074 538 λ

2186 461 2237 517 αὶ
2285 459 2552 528 ἀκίνητοι,

2212 555 2237 563 _
2312 547 2326 563 ς
2380 548 2395 562 .
2443 557 2459 563 _

396 586 529 639 bem
552 581 861 644 seducunt,
884 574 1290 649 pessundem?
1318 574 1423 639 Qui
1451 576 1651 626 autem
1684 583 1779 623 me
1806 564 2050 630 curavit,

399 675 565 727 Iesus
618 670 885 724 Christus
916 672 1026 733 est,
1058 666 1244 721 Filius
1286 664 1386 719 Dei
1419 662 1551 725 vivi,
1584 675 1761 731 quem
1793 654 2055 729 profanis

404 760 590 817 oculis
611 760 727 814 tuis
758 757 1176 826 obcmcatoque
1207 753 1406 808 animo
1430 765 1673 807 cernere
1701 748 1912 819 dignus
1935 759 2055 798 non

403 867 485 904 es.
514 871 540 898 »
564 849 664 903 His
686 846 880 903 verbis
905 844 1364 900 scelestissimus
1388 840 1569 896 veluti
1592 838 1791 893 bellua
1810 850 2056 890 succen-

404 955 505 993 sus
533 938 639 1007 ira,
653 936 896 1008 virginis
916 934 1103 989 latera
1119 933 1501 987 vehementer
1513 922 2056 999 scalpijubet,igni-

404 1033 614 1098 tasque
630 1026 786 1080 faces
801 1024 971 1079 lateri
986 1021 1371 1089 admoveri,et
1386 1019 1601 1075 malleo
1620 1014 1854 1072 incudis
1872 1013 2060 1067 instar

405 1121 584 1188 caput
615 1114 802 1169 tundi.
838 1116 912 1167 At
941 1112 1045 1167 illa
1075 1110 1321 1166 intentis
1352 1110 1413 1163 in
1444 1108 1660 1164 cmlum
1689 1102 2017 1160 luminibus
2043 1117 2057 1155 :

406 1228 433 1257 υ
458 1207 541 1260 Tu
559 1208 694 1271 scis,
720 1201 1209 1271 Domine,ait,qui
1229 1199 1502 1254 omnium
1516 1195 1697 1252 corda
1713 1193 1867 1249 nosti
1882 1189 2059 1262 ,quod

406 1295 491 1349 tui
523 1294 820 1349 desiderio
846 1292 918 1346 ad
952 1298 1006 1346 te
1032 1290 1410 1355 accesserim,
1442 1304 1515 1342 ne
1539 1302 1633 1341 me
1680 1283 2060 1351 derelinquas

406 1401 596 1456 usque
629 1384 689 1438 in
730 1384 932 1438 finem.
969 1403 995 1429 »ι
1022 1383 1186 1435 Hunc
1219 1395 1356 1451 ergo
1381 1378 1558 1433 etiam
1582 1381 1825 1429 strenua
1846 1369 2061 1425 Christi

410 1480 634 1545 martyr
664 1478 906 1527 strenue
938 1470 1076 1525 tulit
1106 1469 1473 1533 cruciatum;
1508 1480 1643 1520 cum
1691 1477 1903 1532 nempe
1940 1476 2063 1513 non

410 1562 689 1619 muliebri
723 1560 915 1615 solum
947 1559 1317 1621 infirmitate,
1368 1555 1472 1610 sed
1521 1555 1781 1608 humana
1828 1565 2064 1621 quoque

408 1653 543 1723 ipsa
569 1658 782 1705 natura
814 1649 1178 1705 excessisset.
1212 1649 1335 1713 Quo
1366 1644 1588 1700 etenim
1631 1646 1800 1714 pacto
1831 1644 1917 1694 tot
1945 1644 2065 1692 tan-

412 1748 590 1812 taque
620 1740 884 1809 verbera,
924 1744 1163 1808 tamque
1189 1742 1417 1791 atroces
1444 1739 1501 1789 et
1524 1749 1689 1788 acres
1712 1745 1915 1802 poenas
1938 1744 2066 1782 sus-

412 1831 711 1897 tinuisset,
742 1829 855 1884 nisi
886 1826 1242 1883 humilitatis
1261 1841 1475 1897 corpus
1489 1835 1872 1894 supergressa
1889 1821 2066 1883 esset;
2098 1839 2145 1904 Β

415 1922 599 1978 divini
633 1922 823 1993 ipsam
854 1920 1107 1991 Spiritus
1130 1916 1413 1973 invisibili
1440 1913 1756 1970 roborante
1778 1914 1836 1965 et
1859 1907 2071 1965 confir-

414 2018 615 2069 mante
646 2010 909 2082 potentia
935 2009 963 2064 ?

491 2262 579 2315 15.
615 2261 847 2314 Atcum
891 2256 1019 2312 haec
1077 2256 1161 2311 ita
1215 2254 1514 2319 cederent,
1575 2255 1666 2307 sat
1719 2248 1908 2304 visum
1961 2266 2072 2303 sae-

426 2349 601 2403 viisse
632 2346 853 2402 diaboli
886 2345 1159 2400 ministro
1192 2349 1246 2398 et
1296 2348 1566 2415 patrono,
1600 2339 1745 2411 quin
1794 2338 1867 2393 ad
1923 2336 2073 2392 illud

422 2436 704 2493 tormenti
735 2451 921 2507 genus
944 2434 1214 2489 animum
1245 2431 1526 2502 nequitim
1558 2429 1782 2485 fontem
1822 2444 2073 2483 conver—

424 2528 517 2591 tit,
552 2542 687 2580 cum
717 2525 778 2579 in
813 2540 873 2579 se
905 2523 1264 2578 insidentem
1296 2520 1541 2575 haberet
1562 2519 1878 2574 draconem
1903 2517 2071 2571 illum

422 2615 619 2671 omnis
649 2614 890 2669 malitim
920 2618 1240 2676 auctorem,
1275 2616 1584 2683 parentem
1609 2614 1666 2663 et
1683 2609 2071 2671 inventorem,

419 2706 592 2760 illum
616 2703 967 2759 homicidam
992 2702 1064 2757 ab
1093 2700 1669 2770 initio,bumanique
1693 2696 1927 2770 generis
1946 2712 2075 2766 per-

422 2812 677 2851 osorem.
731 2792 913 2849 Jussit
967 2808 1187 2864 praeses
1240 2806 1381 2847 ense
1440 2788 1735 2861 amputari
1796 2784 2073 2856 martyris

420 2885 625 2940 ubera.
660 2883 883 2948 Quibus
905 2881 1178 2948 exsectis,
1230 2878 1449 2935 Christi
1480 2878 1711 2934 ovicula
1741 2877 1802 2931 in
1859 2874 2073 2931 cmlum

425 2975 757 3046 suscipiens
780 2989 795 3028 :
828 2975 903 3028 Ne
926 2973 1197 3043 projicias
1225 2988 1328 3037 me,
1362 2971 1610 3039 Domine,
1630 2967 1846 3033 aiebat,
1878 2984 1911 3021 a
1930 2966 2075 3034 facie

427 3072 524 3119 tua
555 3071 607 3119 et
636 3065 909 3134 Spiritum
937 3068 1187 3117 sanctum
1215 3077 1284 3115 ne
1332 3062 1553 3128 auferas
1596 3075 1629 3112 a
1654 3074 1737 3112 me
1766 3056 1831 3111 ³⁷.
1884 3058 2073 3124 Atque

426 3154 579 3209 hanc
610 3169 845 3223 quoque
895 3151 1129 3223 plagam
1181 3154 1406 3219 martyr
1450 3162 1734 3220 generoso
1785 3150 1961 3214 atque
2010 3142 2071 3196 in

1670 356 1730 409 ε.
1769 347 2072 407 JOANNIS
2107 335 2523 397 DAMABCENI
3659 317 3745 371 300

2624 453 2837 511 ἑαυτοῖς
2896 448 3168 519 βοηθῆσαι
3226 442 3295 497 οὐ
3352 438 3633 512 δυνάμενοι⁹
3677 437 3754 493 καὶ

2162 555 2281 615 πῶς
2309 547 2407 621 ἐμὲ
2438 542 2749 620 θεραπεύειν
2783 535 3077 608 ἠδύναντο,
3132 533 3233 601 τὴν
3294 529 3463 587 αὐτῶν
3518 528 3760 603 ἀφανίζου-

2164 666 2257 700 σαν
2296 641 2586 708 λαοπλανῆ
2650 632 3031 710 ματαιότητα,
3085 630 3146 685 Ὀ
3206 624 3265 682 δί
3316 625 3413 698 ἐμὲ
3466 622 3766 698 θεραπεύσας,

2162 736 2375 806 Ἰησοῦς
2435 730 2575 785 ἐστιν
2610 728 2639 782 ὁ
2668 724 2923 796 Χριστὸς,
2957 721 2985 776 ὁ
3018 719 3137 781 υἱὸς
3193 720 3292 771 τοῦ
3349 717 3482 769 Θεοῦ
3531 716 3612 766 τοῦ
3658 715 3771 780 ζῶν-

2162 801 2280 891 τος,
2326 821 2385 876 δν
2447 819 2509 874 σὺ
2573 810 2835 893 βεϐήλοις
2890 805 3224 888 ὀφθαλμοῖς,
3260 804 3379 893 ,καὶ
3436 801 3769 876 πεπωρωμένη

2355 907 2487 965 ἲδεῖν
2517 888 2584 962 οὐ
2606 905 2846 983 πέφυκας
2890 898 3060 973 ἄξιος.
3114 897 3204 957 Ὠς
3254 892 3312 949 δὶ
3366 891 3549 989 θηρίρν
3591 888 3773 949 τούτοις

2166 977 2411 1080 έξάφθεῖς
2442 1002 2520 1069 τῷ
2563 977 2720 1067 θυμῷ
2774 996 2894 1054 τοῖς
2945 988 3181 1066 ῥήμασιν
3240 984 3292 1080 ὁ.
3324 977 3669 1080 παμμίαροςζ
3697 999 3773 1032 κε-

2167 1065 2313 1148 λεύει
2344 1088 2438 1152 τὰς
2462 1084 2700 1158 πλευρὰς
2728 1082 2897 1149 αὐτῆς
2954 1076 3185 1137 εὐτόνως
3245 1072 3478 1146 ξὲεσθαι,
3527 1068 3607 1124 καὶ
3651 1065 3775 1140 λαμ-

2167 1178 2342 1241 παῖδας
2368 1176 2538 1250 πυρὸς
2568 1178 2686 1234 ταῖς
2725 1172 2972 1244 πληγαῖς
3028 1163 3455 1241 προσφέρεσθαι,
3505 1159 3587 1213 καὶ
3634 1156 3782 1234 cois;

2168 1268 2305 1325 κατᾶ
2332 1269 2431 1335 τῆς
2455 1262 2697 1340 κεφαλῆς
2749 1261 2824 1323 ὡς
2882 1256 2970 1313 ἐπὶ
3030 1254 3271 1328 ἄκμονος
3319 1249 3623 1304 τύπτεσθαι.
3652 1248 3709 1302 Ἠ
3738 1243 3782 1299 ει

2169 1358 2453 1415 ἀτενίσασα
2491 1352 2570 1415 εἷς
2625 1350 2717 1406 τὸν
2778 1346 3031 1424 οὐρανὸν,
3090 1346 3255 1398 εἶπεν·
3319 1364 3348 1391 ‹‹
3385 1338 3460 1393 Σὺ
3513 1338 3781 1412 γινώσκεις,

2170 1444 2587 1521 καρδιογνῶστα
2618 1439 2802 1515 Κύριε,
2852 1437 2938 1492 ’ὁτι
2993 1432 3241 1489 ποθοῦσά
3294 1428 3352 1484 σὲ
3409 1448 3496 1483 σοι
3547 1423 3783 1501 προσελή-

2172 1513 2331 1605 λυθα,
2479 1552 2547 1604 με
2576 1513 2971 1606 ἐγκαταλείπῃς
2999 1518 3102 1587 ἕως
3141 1520 3357 1581 τέλους.
3392 1541 3421 1568 »ι
3477 1515 3569 1571 Καὶ
3611 1513 3783 1580 ταύτην

2173 1624 2265 1681 οὖν
2318 1624 2417 1692 τὴν
2478 1621 2706 1697 βάσανον
2764 1619 2801 1686 ἡ
2861 1614 3076 1690 γενναία
3129 1614 3227 1666 τοῦ
3308 1609 3543 1684 Χριστοῦ
3614 1602 3789 1676 μάρτδς

2172 1712 2435 1791 γενναίως
2474 1712 2793 1783 ὑπήνεγκεν,
2826 1704 2892 1760 οὐ
2945 1709 3049 1773 τῆς
3104 1700 3352 1772 θηλυκῆς
3412 1693 3672 1755 ἀσθενείας
3722 1691 3793 1745 καὶ

2176 1784 2455 1877 ἀνανδρίας
2488 1801 2677 1872 μόνον,
2736 1795 2886 1852 ἀλλὰ
2940 1794 3033 1849 καὶ
3076 1798 3176 1861 τῆς
3218 1787 3563 1865 ἀνθρωπίνης
3608 1784 3793 1859 φύσεως

2174 1893 2276 1964 ἔξω
2306 1872 2576 1968 γεγονυῖα.
2611 1890 2736 1949 Πῶς
2765 1884 2868 1960 γὰρ
2918 1880 2979 1938 ἄν
3026 1878 3290 1940 τοσαύτας
3339 1876 3543 1943 αἰκίας,
3588 1872 3673 1928 καὶ
3718 1892 3797 1925 πι-

2173 1962 2331 2057 κρὰς,
2359 1962 2448 2036 καὶ
2484 1976 2752 2051 ὀδυνηρὰς
2782 1970 3056 2047 τιμωρίας
3106 1968 3489 2057 ἑκαρτὲρησεν,
3536 1964 3608 2037 μὴ
3656 1962 3799 2057 ὑπερ-

2176 2067 2313 2127 ϐἇσα
2340 2071 2403 2125 τὸ
2431 2073 2592 2141 σῶμα
2618 2072 2721 2135 τῆς
2774 2060 3176 2129 ταπεινώσεως,
3231 2061 3299 2131 τῇ
3359 2054 3601 2126 ἀοράτως
3654 2049 3798 2116 αὐτὴν

2173 2158 2456 2235 νευρούσῃ,
2488 2158 2577 2212 καὶ
2610 2150 2936 2227 ἰνισχυούσῃ
2966 2147 3306 2221 δυνάμειτοῦ
3334 2145 3676 2217 Πνεύματοςς

2359 2248 2518 2303 Ἀλλ’
2551 2241 2679 2300 οὐδὶ
2706 2243 2915 2299 τούτων
2942 2239 3307 2316 γιγνομὲνων,
3362 2233 3527 2309 κόρον
3573 2233 3666 2299 τῆς
3709 2250 3797 2301 μα-

2176 2337 2291 2402 νίας
2314 2332 2507 2394 ἔλαϐεν
2539 2336 2567 2390 ὁ
2594 2337 2690 2389 τοῦ
2722 2325 2989 2387 διαϐόλου
3040 2327 3320 2402 ὑπηρέτης
3348 2344 3408 2379 τε
3454 2321 3545 2376 καὶ
3587 2322 3797 2393 συνήγο-

2179 2447 2293 2506 ρος⁸
2326 2426 2407 2504 ἐφ’
2438 2421 2619 2500 ἕτερον
2653 2420 2711 2477 δὲ
2742 2416 3173 2496 βασανιστηρίων
3228 2412 3367 2475 εἶδος
3418 2413 3518 2476 τὴν
3572 2413 3668 2475 τῆς
3710 2427 3803 2461 κο-

2175 2497 2377 2591 νηρίας
2425 2497 2665 2589 πηγαίαν
2723 2508 2965 2565 διάνοιαν
3046 2500 3292 2577 ἔτρεπτεν
3374 2497 3524 2557 ἔνδον
3598 2497 3802 2574 ἐγκαθή-

2182 2626 2341 2679 μενον
2402 2598 2547 2678 ἔχων
2603 2601 2696 2655 τὸν
2752 2605 2855 2667 τῆς
2909 2595 3088 2666 πάσης
3138 2591 3327 2654 κακίας
3388 2589 3654 2665 ἀρχηγὸν,
3730 2583 3805 2639 καὶ

2176 2677 2492 2771 γεννήτορά,
2540 2689 2632 2745 καὶ
2685 2689 2968 2764 εὑρήμονα
3026 2680 3315 2759 δράκοντα,
3373 2680 3468 2735 τὸν
3526 2679 3575 2751 ἐξ
3651 2677 3808 2751 ἀρχῆς

2178 2781 2622 2861 ἀνθρωποκτόνον
2676 2763 2764 2833 καὶ
2848 2776 3265 2849 μισάνθρωπον.
3344 2766 3654 2826 Ἐκὲλευσεν
3710 2763 3808 2829 οὖν,

2178 2858 2367 2953 φησὶν,
2398 2875 2426 2928 ὁ
2456 2870 2676 2947 ἡγεμὼν
2710 2868 2846 2946 ξίφει
2900 2865 3200 2933 ἐκκοπῆναι
3250 2860 3377 2923 τούς
3443 2858 3675 2933 μαστοὺς
3725 2860 3809 2922 τῆς

2181 2951 2477 3039 μάρτυρος.
2537 2954 2990 3030 Ἐκκοπτομὲνων
3055 2951 3113 3009 δὶ
3164 2951 3397 3022 τούτων,
3456 2952 3492 3019 ἠ
3546 2952 3641 3003 τοῦ
3687 2952 3806 3019 Χρι-

2178 3057 2305 3109 στοῦ
2368 3050 2548 3124 ἀμνὰς
2607 3049 2683 3111 εἷς
2740 3044 2971 3120 οὐρανὸν
3057 3041 3235 3117 ἔλεγεν
3313 3033 3677 3111 ἀναϐλέψασα.
3731 3033 3808 3098 Μὴ

2178 3141 2493 3217 ἀποῤῥιψης
2576 3159 2642 3212 με
2730 3137 2833 3191 ἀπὸ
2912 3133 3212 3210 προσώπου
3296 3151 3414 3198 σου,
3504 3127 3689 3201 Κύριε,
3737 3123 3812 3178 καὶ

424 3244 747 3313 gratiarum
779 3241 1010 3296 actione
1041 3241 1227 3295 effuso
1258 3238 1457 3294 animo
1488 3236 1734 3307 accepit.
1759 3236 1908 3290 Num
1937 3232 2066 3301 tibi,

2182 3207 2497 3303 τὸ
2557 3207 2652 3283 σου
2708 3226 2772 3281 τὸ
2830 3207 2985 3299 ἅγιον
3048 3222 3125 3295 μὴ
3177 3217 3476 3293 ἆντανὲλῃς
3524 3216 3617 3271 ἀπ’
3672 3213 3809 3285 ἐμοῦ.

424 3332 789 3404 nequissime
802 3327 1366 3396 daemon,crudelius
1380 3326 1540 3382 aliud
1555 3324 1857 3381 cruciandi
1873 3324 2068 3378 inven-

424 3428 549 3476 tum
582 3421 699 3476 alto
731 3424 968 3492 pectore
999 3417 1374 3474 reconditum
1398 3416 1535 3471 est?
1552 3414 1791 3470 aliudne
1812 3420 2071 3468 tormen-

426 3516 621 3565 torum
652 3526 838 3581 genus
870 3507 1148 3563 muliebri
1183 3506 1348 3562 sexui
1380 3504 1674 3573 acerbius,
1707 3508 1811 3560 aut
1843 3501 2075 3573 excogi—

427 3602 636 3665 tatum,
670 3604 772 3651 aut
800 3596 1074 3650 relictum
1108 3594 1243 3649 est?
1273 3594 1542 3649 Nondum
1575 3593 1881 3664 fatigatum
1912 3591 2075 3661 inge-

428 3685 594 3738 nium
619 3690 709 3738 est
728 3686 789 3738 in
812 3683 1179 3753 reperiendis
1201 3683 1273 3737 ad
1290 3683 1653 3737 smviendum
1674 3683 1735 3737 in
1755 3688 2075 3751 martyrem

430 3771 738 3841 suppliciis
766 3772 793 3826 ‘I
822 3771 1007 3838 Adde,
1041 3771 1089 3825 si
1122 3771 1285 3840 libet,
1310 3772 1488 3825 etiam
1520 3771 1669 3826 alia:
1699 3771 2077 3826 adamantem

428 3859 715 3926 offendes,
743 3860 1011 3930 quinimo
1043 3860 1354 3914 infractam
1388 3860 1570 3914 animi
1602 3860 1737 3928 vim,
1764 3861 2078 3915 adamante

429 3950 557 4022 ipso
572 3950 1263 4014 llrmiorem,induratam
1276 3949 1711 4021 incudem,qum
1726 3952 2078 4005 malleorum

430 4045 665 4095 tuorum
688 4040 838 4095 ictus
860 4038 1010 4094 ferat
1034 4055 1048 4093 :
1069 4040 1307 4110 {Durum
1336 4046 1412 4094 est
1448 4040 1550 4093 tibi
1578 4045 1771 4095 contra
1799 4040 2081 4094 stimulum

433 4129 724 4186 calcitrare
744 4130 808 4184 ³⁸.
829 4131 1124 4194 Quantum
1151 4128 1310 4184 enim
1343 4128 1635 4199 supplicia
1664 4144 1925 4199 aggeras,
1949 4134 2083 4183 tan-

436 4227 563 4277 tum
594 4219 858 4291 martyri,
896 4225 954 4274 et
978 4218 1322 4275 clarissimae
1338 4216 1796 4274 adolescentulm
1821 4217 2081 4272 velinvi-

438 4316 531 4367 tus
562 4326 811 4366 coronas
840 4308 1094 4374 auxeris,
1126 4308 1513 4379 victricesque
1547 4307 1778 4379 palmas
1799 4306 1942 4362 velis
1964 4324 2081 4363 no-

434 4401 509 4456 lis
542 4398 968 4473 procuraveris.
994 4398 1118 4453 Tibi
1156 4403 1354 4454 autem
1386 4396 1488 4468 qui
1519 4413 1877 4468 unaquaque
1922 4397 2085 4453 lucta

435 4497 493 4546 et
521 4489 939 4562 congressione
971 4489 1221 4544 vinceris
1253 4488 1509 4551 etcadis,
1534 4488 1901 4559 supinusque
1929 4504 2083 4542 ever-

435 4581 596 4645 teris,
625 4580 935 4651 multiplex
959 4578 1063 4633 tibi
1087 4578 1369 4650 probrum
1393 4578 1682 4634 accersis:
1716 4578 1917 4649 plures
1947 4594 2074 4633 vero

2186 4577 2276 4633 καὶ
2336 4573 2694 4648 λαμπρότερα
2772 4571 2840 4625 τά
2918 4569 3217 4639 νικητήρια

433 4675 491 4724 et
532 4669 899 4725 immortales
943 4684 1166 4740 pmnas,
1237 4668 1507 4741 ignisque
1562 4668 1850 4723 carbones
1907 4668 2070 4723 inex-

433 4758 791 4831 stinguibilis
806 4758 867 4812 in
890 4756 1325 4828 nequissimum
1342 4762 1517 4828 caput
1530 4763 1697 4812 tuum
1711 4758 2071 4814 accumulas.

2186 3321 2289 3379 Καὶ
2321 3319 2521 3389 ταύτην
2566 3316 2656 3372 οὖν
2710 3315 2811 3384 τὴν
2854 3312 3078 3389 πληγὴν
3133 3312 3169 3380 ἡ
3235 3307 3442 3384 μάρτυς
3504 3306 3811 3382 καρτερικῶς

2182 3420 2273 3474 καὶ
2306 3414 2646 3490 εὐχαρίστως
2675 3408 2910 3482 ἐδέξατο.
2974 3407 3115 3482 Ἀρά
3168 3425 3274 3473 σοι,
3333 3401 3666 3476 παμπόνηρε
3715 3395 3816 3490 δαῖ-

2190 3528 2311 3580 μον,
2370 3485 2529 3575 {riga
2587 3498 2898 3576 μοχθηρίας
2968 3496 3179 3551 ἐπίνοια
3219 3492 3421 3563 ταύτης
3478 3485 3816 3580 χαλεπωτέρα

2186 3576 2237 3651 ἓν
2268 3598 2349 3667 τῷ
2382 3593 2534 3668 βάθει
2564 3598 2664 3661 τῆς
2719 3592 2906 3665 ψυχῆς
2936 3586 3323 3659 τεταμίευται;
3375 3580 3478 3658 ἆρά
3529 3601 3614 3635 σοι
3659 3576 3816 3650 ἕτερον

2187 3666 2453 3755 αἰκισμῶν
2515 3676 2656 3741 εἶδος
2715 3674 3107 3750 ὀδυνηρότερον
3191 3676 3260 3746 τῇ
3334 3668 3617 3747 γυναικείᾳ
3687 3666 3816 3743 φύσει

2190 3770 2545 3842 ὑπείληπται,
2685 3765 3122 3834 ὑποκελειπταις
3173 3762 3274 3817 οὐκ
3326 3760 3603 3831 ἀπέκαμεν
3668 3778 3754 3811 σου
3794 3754 3815 3806 ὁ

2188 3867 2313 3925 νοῦς
2339 3861 2405 3916 τὰ
2460 3859 2597 3914 κατά
2650 3864 2749 3927 τῆς
2809 3856 3082 3932 μάρτυρος
3136 3850 3450 3926 ἐξευρίσκων
3517 3849 3818 3925 βασανιστη-

2191 3974 2278 4031 ρια
2313 3971 2327 4021 ;
2361 3949 2616 4026 Πρόσθες,
2650 3947 2693 4002 εί
2727 3943 2879 4001 δοκεῖ
2927 3965 3035 4013 σοι,
3082 3943 3173 3998 καὶ
3220 3938 3398 4016 ἕτερα·
3449 3941 3698 4016 εὑρήσεις
3736 3935 3817 4011 γὰρ

2190 4024 2493 4113 ἀδάμαντα,
2557 4033 2771 4110 μᾶλλον
2836 4030 2895 4087 δὲ
2949 4031 3136 4106 ψυχὴν
3196 4027 3429 4105 ἀρραγῆ,
3516 4026 3607 4081 καὶ
3682 4024 3820 4077 αὐτοῦ

2190 4128 2540 4206 στερροτέραν
2609 4122 2936 4197 ἀδάμαντος,
3014 4116 3354 4189 ἐπανήλατον
3445 4113 3658 4189 ἃκμονα
3730 4116 3819 4165 τῶν

2192 4200 2578 4297 σῶννσφυρῶν
2658 4214 2931 4291 ἐπιφέρειν
3017 4210 3084 4265 τὰ
3163 4206 3504 4297 κρούσματα·
3587 4200 3817 4275 Σκληρὸν

2192 4330 2277 4364 σοι
2335 4293 2470 4383 πρὸς
2517 4304 2710 4377 κέντρα
2768 4301 3061 4371 λακτίζειν.
3135 4300 3286 4370 ’Ὁσῳ
3361 4296 3465 4372 γὰρ
3548 4293 3823 4365 πληθύνεις

2191 4398 2287 4461 τὰς
2318 4397 2615 4472 τιμωρίας,
2646 4392 2904 4449 τοσοῦτον
2950 4393 3017 4463 τῇ
3071 4389 3165 4462 μὶν
3226 4387 3459 4462 μάρτυρι
3507 4385 3600 4439 καὶ
3652 4401 3824 4438 πανευο

2194 4489 2367 4567 φήμῳ
2390 4482 2591 4541 νεάνιδι
2631 4480 2759 4544 τοὺς
2818 4481 3135 4558 στεφάνους,
3193 4478 3281 4531 καὶ
3342 4477 3488 4530 ἄκων
3534 4472 3822 4544 αὐξήσειας,

3308 4559 3555 4641 βραδεῖα,
3621 4560 3707 4616 καὶ
3755 4559 3819 4631 μή

2186 4664 2528 4743 βουλόμενος
2586 4661 2994 4738 προξενήσειας.
3050 4659 3246 4727 Σαυτῷ
3308 4651 3365 4709 δὲ
3427 4654 3532 4743 τὰςΔ
3576 4648 3821 4725 air/ﬁn:

2183 4754 2503 4826 πληθύνεις,
2535 4737 2640 4817 καθ
2705 4751 2933 4820 ἑκάστην
2974 4745 3157 4814 πάλην
3207 4744 3299 4800 καὶ
3355 4737 3681 4821 προσϐολήν
3736 4741 3820 4807 ἡτ-

431 4848 700 4918 τώμενος,
732 4845 822 4902 καὶ
879 4844 1115 4916 πίπτων,
1171 4843 1260 4900 καὶ
1318 4842 1506 4905 ὕπτιος
1563 4843 2021 4919 ἀνατρεπόμενος,
2078 4843 2338 4907 πλείονας
2398 4841 2457 4899 δὲ
2514 4841 2605 4897 καὶ
2664 4838 2757 4902 τάς
2816 4836 3210 4908 ἀτελευτήτους
3262 4833 3517 4895 κολάσεις
3576 4830 3667 4887 καὶ
3711 4825 3818 4887 τούς

434 4934 820 5011 φλογιστικοὺς
852 4930 1141 4997 ἀσϐέστους
1172 4931 1437 5009 ἃνθρακας
1465 4937 1535 5008 τῇ
1566 4934 1917 5009 παγκακίστῳ
1949 4939 2015 5009 σῇ
2049 4934 2398 5011 ἑπισωρεύεις
2427 4929 2665 5007 κεφαλῇ,

510 5030 595 5085 15.
631 5027 740 5083 Sed
772 5028 899 5099 ejus
931 5043 1167 5098 quoque
1200 5026 1301 5098 qui
1331 5026 1561 5081 beatam
1622 5042 1799 5081 carne
1845 5026 2085 5097 quidem

438 5122 799 5186 susceperat,
830 5116 1087 5173 alienam
1122 5114 1449 5171 secundum
1481 5115 1755 5186 spiritum
1784 5132 1819 5171 a
1848 5116 2085 5188 pietatis

439 5220 616 5258 sensu
630 5205 1060 5261 humanitatem
1084 5207 1477 5275 etl‘eratosque
1492 5211 1819 5271 mores,eta
1841 5211 2088 5277 paterna

440 5291 748 5347 affectione
779 5296 1236 5363 remotissimos,
1269 5295 1473 5351 mirari
1508 5294 1685 5350 subit.
1718 5296 1875 5350 904
1904 5296 2084 5353 Plane

442 5376 602 5447 ipsas
624 5394 857 5450 quoque
878 5384 1128 5439 rationis
1142 5390 1411 5455 expertes
1433 5383 1607 5451 feras,
1633 5384 1880 5439 immitis
1897 5390 2085 5456 pater,

443 5464 790 5522 crudelitate
821 5475 878 5523 et
907 5470 1340 5529 inhumanitate
1372 5472 1685 5545 superasti.
1737 5476 1902 5545 Nam,
1951 5490 2087 5529 cum

510 5669 554 5705 ³⁷
580 5667 734 5723 Psal.
767 5685 819 5737 L,
859 5670 946 5724 31.
1024 5669 1069 5705 ³⁸
1099 5672 1224 5726 Act.
1257 5688 1337 5743 ix,
1369 5676 1422 5733 5.

2270 5024 2348 5082 ιε’.
2403 5006 2576 5080 Ἀλλά
2633 5041 2726 5094 μοι
2784 5018 2873 5073 καὶ
2930 5020 3027 5073 τοῦ
3082 5021 3185 5085 τῆς
3237 5012 3503 5087 μακαρίας
3558 5012 3690 5067 κατᾶ
3746 5006 3824 5080 μὲν

2195 5116 2367 5186 σάρκα
2421 5113 2752 5188 γεννήτορος
2810 5105 3104 5181 ἀλλότριον
3186 5108 3303 5162 ιτοῦ
3376 5097 3630 5163 εὐσεϐοῦς
3712 5097 3824 5153 κατὰ

2196 5207 2407 5276 πνεῦμα
2466 5202 2820 5279 φρονήματος
2889 5196 2953 5251 τὸ
3031 5193 3393 5268 ἀπάνθρωπον
3466 5190 3559 5246 καί
3622 5189 3821 5255 ἐκτεθηο

2198 5292 2453 5368 ριομένον
2505 5293 2603 5345 τοῦ
2660 5289 2889 5363 τρόπου,
2949 5286 3040 5340 καὶ
3120 5281 3309 5360 πόρρω
3392 5287 3495 5350 τῆς
3576 5282 3822 5351 πατρικῆς

2198 5364 2516 5449 διαθέσεως,
2575 5378 2870 5451 θαυμάζειν
2925 5373 3233 5449 ἐπέρχεται.
3291 5372 3502 5435 Ὄντως
3569 5369 3655 5424 καὶ
3712 5364 3823 5420 αὐτὶ

2193 5471 2260 5528 τὰ
2291 5470 2468 5547 ἄλογα
2500 5470 2665 5546 θηρία
2720 5465 3041 5542 ἂσπλαγχνε
3097 5462 3288 5539 πάτερ,
3337 5464 3409 5536 τῇ
3459 5460 3705 5535 ὠμότητι
3747 5453 3819 5510 καὶ
