3952 6202
229 419 344 475 801

1393 420 1761 476 ΙιΔῠῡΔἸἸΟ
1795 422 1854 475 Β.
1892 420 2259 489 ΒΔΒΒᾼΒΑΕ
2296 424 2525 477 MART.

3556 433 3666 491 802

228 544 313 616 τῇ
364 539 730 615 ἀπανθρωπίᾳ
788 539 1154 616 ὑπερήλασας.
1213 540 1429 596 Ἐκεῖνα
1508 539 1612 617 γὰρ
1669 541 1735 595 τά
1799 536 1853 616 ἔγ

2006 543 2125 598 illm
2159 544 2355 615 proles
2387 562 2522 600 suas
2554 545 2677 601 ulla
2715 546 2936 619 injuria
2979 547 3189 603 violari
3227 549 3504 618 viderint,
3554 574 3659 626 pro

226 651 369 707 γονα
428 651 611 685 αυτων
663 631 752 708 υφ’
801 651 929 685 οτου
961 632 1287 705 θεωρουνται
1325 629 1698 705 βλαπτομενα,
1734 651 1899 708 μεκφι

236 720 478 783 θανάτου
524 721 701 774 αύτῶν
770 720 1207 795 ὑπερμάχονταιο
1263 718 1326 773 σὺ
1380 718 1437 775 δὶ
1489 721 1552 775 τὸ
1613 717 1750 775 ἴδιον
1809 721 1901 774 καὶ

233 810 535 884 μονογενὲς
593 810 883 887 θυγάτριον
961 809 1035 871 ὡς
1107 807 1159 864 έν
1219 808 1482 883 μακέλλῳ
1535 806 1773 887 ἀφειδῶς
1834 810 1904 865 τὰ

225 904 520 973 γυναικεῖα
577 896 967 975 γαλακτοφόρα
1026 896 1167 971 μέλη
1228 898 1427 977 ξίφεσιν
1490 899 1765 971 θεώμενος
1815 897 1900 952 έκ-

228 987 581 1062 κοπτόμενα,
634 984 759 1043 οὐδὲ
814 985 910 1042 κᾶν
965 988 1064 1058 τήν
1132 984 1287 1061 ὕϐριν
1345 987 1583 1063 ᾐδέσθης
1642 994 1746 1057 τῆς
1802 988 1900 1065 φύ-

230 1099 397 1147 σεως,
461 1075 591 1132 οὐδὲ
642 1077 783 1153 πρὸς
840 1078 934 1140 τὰς
1002 1077 1265 1140 τοσαύτας
1325 1075 1541 1153 πληγὰς
1595 1076 1899 1150 ἐκάμφθης,

239 1171 320 1231 ὡς
349 1171 455 1239 τήν
489 1165 713 1241 καρδίαν
774 1166 1019 1240 λιθώδης
1085 1190 1144 1224 ἰε
1200 1169 1290 1224 καὶ
1344 1168 1685 1240 ἀναίσθητος.
1717 1166 1902 1224 Ἀλλά

226 1260 287 1314 τί
321 1260 700 1332 θαυμάζομεν,
734 1256 985 1337 ἀδελφοὶ,
1016 1257 1143 1321 τοὺς
1194 1258 1263 1333 τῇ
1304 1258 1487 1334 πλάνῃ
1519 1266 1619 1328 τῆς
1651 1253 1897 1321 ἀσεϐείας

224 1349 566 1422 μεθύοντας,
624 1348 715 1401 xui
771 1352 842 1422 τῇ
902 1352 999 1403 τοῦ
1058 1352 1271 1403 Σατανᾶ
1329 1348 1495 1422 μανίᾳ
1532 1342 1898 1422 ἐκϐεϐακχευ-

224 1438 473 1510 μένουςς
535 1444 737 1513 Ὥσπερ
789 1436 893 1512 γὰρ
962 1438 1015 1492 οἱ
1099 1436 1411 1493 καλλίνικοι
1493 1436 1761 1513 μάρτυρες
1817 1440 1896 1509 τῷ

217 1526 349 1602 περῖ
408 1528 643 1601 Χριστὸν
698 1524 915 1605 φίλτρῳ
978 1531 1085 1599 τῷ“
1134 1525 1264 1600 θείῳ
1318 1528 1604 1603 γενόμενοι
1663 1527 1891 1601 κάτοχοι

217 1615 534 1689 Πνεύματι,
566 1619 666 1687 τήν
714 1617 872 1695 φύσιν
928 1619 1248 1685 νικήσαντες
1294 1617 1385 1671 καὶ
1445 1610 1891 1691 ὑπεραναδάντες,

216 1703 275 1759 ἓν
309 1712 437 1769 τοῖς
496 1707 629 1783 ὑπὲρ
688 1707 844 1785 φύσιν
902 1707 1212 1783 γεγόνασιν,
1267 1706 1413 1762 οὕτω
1472 1704 1539 1775 δὴ
1590 1705 1683 1760 καὶ
1714 1706 1766 1760 οἱ
1795 1709 1891 1760 τοῦ

212 1796 471 1869 Χριστοῦ
501 1796 592 1851 καὶ
638 1795 850 1852 τούτων
911 1794 1161 1869 διῶκται,
1217 1800 1315 1852 τοῦ
1377 1799 1624 1871 πονηροῦ
1652 1794 1886 1871 πλήρεις

211 1886 675 1960 χρηματίζοντες
725 1885 1057 1960 πνεύματος,
1115 1887 1207 1941 καὶ
1263 1890 1333 1960 τῇ
1395 1887 1731 1959 ἀποστατικῇ
1764 1884 1886 1939 ἑαυ-

208 1974 354 2038 τοὺς
409 1972 635 2048 δυνάμει
692 1973 1227 2046 καταδουλώσαντες,
1285 1973 1387 2045 ἔξω
1443 1973 1534 2031 καὶ
1592 1973 1746 2029 αὐτοὶ
1786 1976 1886 2043 τῆς

206 2062 465 2141 φύσεως,
498 2064 597 2119 οὑκ
628 2063 703 2128 εἷς
729 2070 1000 2140 κρεῖττον,
1034 2062 1160 2120 ἀλλ’
1210 2062 1287 2126 εἷς
1340 2064 1404 2119 τὸ
1439 2069 1628 2139 χεῖρον
1669 2060 1885 2117 ἀπώλι-

208 2166 376 2223 σοον,
408 2155 503 2208 xui
559 2152 824 2227 ἐξέπεσον.
887 2155 989 2213 Καὶ
1050 2154 1232 2229 ὣσπερ
1294 2153 1490 2210 ἐκεῖνοι
1523 2155 1634 2207 ἄνω
1661 2159 1761 2222 τῆς
1791 2152 1884 2206 ἀν-

200 2243 509 2318 θρωπίνης
570 2243 999 2319 ὑπερυψώθησαν
1059 2243 1456 2312 καταστάσεως,
1503 2245 1755 2297 τοσοῦτοι
1788 2240 1881 2295 xui

202 2331 371 2385 οὗτοι
432 2332 727 2408 κατωτέρω
809 2333 1010 2405 ταύτης
1093 2329 1565 2401 κατεκλύσθησαν,
1616 2330 1704 2384 καὶ
1765 2332 1883 2392 τοῖς

200 2418 690 2495 ἀνθρωποκτόνοις
734 2420 1013 2498 γεγόνασιν
1064 2419 1315 2494 δαίμοσιν
1358 2420 1572 2493 ὃμοιοι·
1605 2416 1695 2473 καὶ
1730 2416 1879 2490 μάλα

199 2508 469 2572 εἰκότως.
532 2510 599 2566 Οἱ
662 2508 762 2586 γὰρ
848 2512 1069 2585 Χριστῷ
1152 2510 1578 2586 προσεχόμενοι,
1638 2509 1878 2582 Χριστοῦ

204 2616 465 2668 μιμηται
499 2593 589 2650 διὰ
615 2603 713 2666 τῆς
754 2596 925 2666 αὐτῆς
979 2597 1176 2672 ἀρετῆς
1231 2596 1596 2651 καθίστανταιο
1630 2594 1682 2649 οἱ
1710 2592 1767 2649 δὲ
1794 2597 1875 2665 τῷ

195 2690 299 2739 τοὺ
368 2679 655 2741 διαϐόλου
697 2690 841 2761 ζυγῷ
894 2685 1120 2749 ἑαυτοὺς
1208 2687 1616 2759 ὑποζεύξαντες,
1677 2681 1875 2755 έκείνῳ

2014 633 2137 688 illis
2167 634 2240 689 ad
2271 641 2521 690 mortem
2552 653 2739 707 usque
2771 645 3037 709 pugnant
3063 655 3076 693 :
3111 643 3173 694 tu
3222 656 3359 695 vero
3392 646 3575 710 tuam,
3604 650 3661 699 et

2014 740 2193 794 quam
2224 724 2460 779 unicam
2493 726 2805 797 suscepisti
2838 727 3043 797 ﬁliam,
3080 733 3366 799 tanquam
3413 730 3474 785 in
3525 748 3657 787 ma-

2012 814 2184 881 cello,
2221 814 2390 870 lactis
2440 816 2694 870 vasculis
2742 817 3064 872 crudeliter
3104 818 3263 874 ferro
3314 822 3657 891 amputatis,

2013 902 2465 958 dehonestatam
2497 904 2722 971 videns,
2774 922 2848 959 ne
2879 912 3106 961 natura:
3158 908 3397 978 quidem
3432 908 3660 965 illatam

2012 990 2295 1062 injuriam
2312 1008 2373 1047 es
2399 993 2683 1048 reveritus
2710 1010 2849 1049 :nec
2866 994 2940 1049 ad
2967 1001 3159 1051 tantas
3181 997 3381 1069 plagas
3403 999 3660 1054 inﬂexus

2012 1096 2095 1147 es,
2131 1084 2415 1151 tanquam
2449 1098 2660 1137 saxeus
2694 1100 2876 1150 esses,
2905 1084 3190 1155 omnique
3215 1104 3397 1142 sensu
3418 1088 3664 1144 destitu-

2010 1174 2125 1224 tus.
2157 1171 2371 1225 Verum
2402 1172 2544 1241 quid
2577 1173 2883 1243 miramur,
2916 1174 3150 1240 fratres,
3186 1192 3287 1230 eos
3304 1177 3405 1247 qui
3443 1178 3652 1250 impie-

2008 1259 2145 1313 tatis
2176 1276 2373 1314 errore
2406 1261 2553 1315 ebrii
2588 1268 2743 1329 sunt,
2779 1264 3007 1318 Satanae
3040 1282 3275 1335 quoque
3319 1266 3517 1322 furore
3550 1268 3654 1323 de-

2006 1347 2281 1403 bacchari
2304 1349 2850 1413 ?Quemadmodum
2874 1353 3029 1407 enim
3046 1354 3313 1424 prmclari
3340 1361 3649 1428 martyres,

2005 1435 2203 1490 divino
2234 1438 2418 1493 afflati
2450 1439 2692 1509 Spiritu,
2726 1440 2952 1496 devicta
2981 1448 3195 1497 natura
3243 1450 3301 1499 et
3351 1452 3647 1516 superata,

2005 1541 2185 1596 supra
2214 1532 2487 1581 naturam
2504 1534 2817 1583 evaserunt
2842 1546 2855 1582 :
2890 1530 2972 1585 sic
2988 1548 3222 1602 quoque
3239 1534 3337 1602 qui
3352 1535 3651 1589 Christum

2006 1614 2209 1669 etillos
2230 1618 3065 1688 persequuntur,nequissimo
3081 1621 3295 1690 spiritu
3314 1622 3497 1692 pleni,
3518 1640 3653 1677 cum

2004 1719 2066 1757 se
2099 1702 2405 1760 desertrici
2435 1705 2635 1760 virtuti
2667 1707 3088 1778 manciparint,
3136 1710 3247 1779 ipsi
3280 1711 3455 1765 etiam
3489 1718 3654 1766 extra

1999 1798 2228 1848 natura:
2258 1795 2549 1849 rationem
2583 1796 2956 1863 excedentes,
2976 1814 3096 1851 non
3127 1798 3199 1853 ad
3232 1797 3291 1852 id
3322 1799 3478 1869 quod
3500 1817 3649 1871 prae-

1999 1883 2256 1938 stantius
2288 1883 2382 1950 sit,
2417 1884 2521 1939 sed
2548 1885 2609 1939 in
2662 1885 2721 1939 id
2753 1884 2911 1955 quod
2949 1885 3211 1942 deterius
3242 1894 3646 1959 proruerunt:

1997 1988 2066 2027 ac
2099 1972 2251 2027 sicut
2280 1972 2368 2026 illi
2415 1990 2593 2044 supra
2634 1974 2958 2030 humanam
3008 1976 3413 2032 conditionem
3464 1979 3647 2034 evecti

1998 2064 2156 2129 sunt,
2182 2060 2265 2115 ita
2289 2061 2459 2115 etisti
2484 2062 2639 2117 infra
2661 2080 2789 2118 eam
2814 2064 3072 2119 demersi
3092 2064 3277 2135 fuere,
3302 2066 3650 2121 homicidis-

1996 2166 2109 2221 que
2135 2150 2478 2205 hominibus
2500 2151 2728 2206 similes
2751 2152 2889 2207 facti
2915 2169 2927 2206 :
2953 2152 3131 2223 idque
3155 2154 3366 2208 merito
3386 2172 3649 2225 prorsus.

1993 2239 2101 2304 Qui
2136 2239 2295 2294 enim
2327 2256 2389 2294 se
2420 2240 2651 2296 Christo
2682 2240 3037 2313 adjungunt,
3070 2240 3289 2298 virtute
3312 2260 3419 2299 sua
3434 2244 3651 2300 Christi

1991 2327 2322 2384 imitatores
2345 2329 2688 2385 efﬁciuntur
2713 2346 2725 2385 :
2746 2331 2847 2400 qui
2868 2347 3003 2385 vero
3028 2330 3249 2385 diaboli
3269 2332 3484 2405 sejugo
3507 2333 3649 2388 sub-

1991 2416 2293 2485 diderunt,
2327 2418 2412 2473 illi
2428 2419 2675 2491 perinde
2695 2419 2983 2474 simillimi
3013 2426 3071 2474 et
3091 2437 3265 2492 pares
3286 2420 3637 2476 redduntur.

1988 2508 2209 2563 Verum
2268 2507 2572 2564 videamus
2633 2507 2775 2580 quid
2826 2508 3108 2580 deinceps
3164 2510 3534 2566 adversarius
3583 2514 3642 2565 et

1986 2596 2241 2651 aemulus
2273 2614 2380 2668 per
2410 2597 2699 2652 satellites
2732 2614 2869 2653 suos
2900 2598 3179 2653 adversus
3202 2600 3509 2656 honestam
3541 2616 3638 2655 ca-

1988 2690 2260 2755 stamque
2293 2686 2578 2758 virginem
2610 2687 2899 2757 excogitet
2930 2692 2990 2741 et
3019 2688 3412 2744 machinetur.

199 2771 490 2845 δήπουθεν
550 2774 791 2849 γίνονται
844 2780 1217 2852 παρεμφερεῖς
1262 2776 1352 2831 καὶ
1402 2772 1727 2851 ἐφάμιλλοι.
1790 2769 1953 2827 Ἀλλ’
2010 2769 2212 2844 ἴδωμεν
2271 2774 2324 2826 τί
2377 2770 2543 2827 πάλιν
2577 2773 2604 2827 ὁ
2654 2771 2926 2836 ἀντίδικος
2967 2773 3056 2828 καὶ
3089 2773 3380 2835 ἀντίπαλος
3411 2772 3499 2828 διὰ
3525 2778 3635 2829 τῶν

197 2862 369 2919 ἰδίων
404 2865 753 2920 ὑπασπιστῶν
787 2867 923 2921 κατά
951 2873 1051 2935 τῆς
1081 2872 1285 2939 σεμνῆς
1312 2868 1401 2920 καὶ
1432 2864 1713 2942 σώφρονος
1745 2862 2026 2935 Παρθένου
2058 2859 2284 2933 ἐπινοεῖ,
2314 2861 2402 2916 καὶ
2432 2863 2781 2919 τεκταίνεται.

276 2960 367 3023 ιζ’.
438 2950 592 3010 Ἰδὼν
648 2955 751 3030 γὰρ
808 2953 891 3009 ὅτι
946 2955 1045 3017 τὰς
1103 2958 1199 3010 τοῦ
1257 2953 1486 3027 σέματος
1547 2951 1723 3013 αἰκίας
1783 2949 1872 3005 ἀν-

201 3039 415 3117 δρείως
449 3042 702 3121 ὑποφέρει
744 3065 803 3100 τε
858 3043 949 3098 καὶ
1011 3042 1319 3121 ὑφίσταται,
1348 3047 1417 3117 τῇ
1449 3045 1604 3118 ψυχῇ
1640 3042 1869 3118 βάσανον

2058 2954 2143 3006 16.
2176 2952 2320 3007 Cum
2352 2969 2607 3023 namque
2636 2952 3019 3023 perspiceret,
3050 2953 3285 3009 fortiter
3314 2971 3445 3009 eam
3476 2955 3627 3011 tole-

1981 3056 2112 3097 rare
2142 3046 2200 3096 et
2231 3042 2523 3097 sustinere
2571 3043 2835 3114 corporis
2887 3044 3205 3111 cruciatus,
3256 3049 3621 3099 tormentum

197 3130 526 3203 ἱπιτηδεύει
569 3132 867 3209 ἀφόρητον,
911 3132 1001 3187 καὶ
1050 3133 1318 3209 αἰσχύνης
1368 3130 1537 3203 ἄξιον,
1570 3131 1644 3192 ὡς
1673 3126 1853 3187 οἷέται⁴

201 3228 235 3240 ον
282 3221 297 3239 \
360 3219 389 3240 ν
586 3220 600 3240 1
704 3220 748 3240 ΨΧ
812 3226 875 3240 ,ο
1111 3223 1125 3240 I
1350 3220 1365 3240 ἱ
1462 3225 1489 3236 υ
1641 3239 1645 3240 ,
1732 3218 1743 3240 Ι

1991 3130 2224 3185 molitur
2253 3130 2648 3199 intolerabile,
2684 3136 2761 3200 et,
2812 3136 2878 3186 ut
2927 3132 3243 3200 existimat,
3298 3131 3623 3205 ignominia

1991 3219 2214 3240 J!~______
2291 3223 2349 3240 Δ-
2389 3221 2554 3240 _l____
2604 3220 2885 3240 _!_-A__s_j'
2924 3226 3000 3240 και
3057 3226 3117 3240 Δι
3162 3228 3280 3240 ,dns
3330 3221 3341 3232 ’
3427 3239 3433 3240 ,

200 3221 300 3276 Καὶ
359 3219 510 3277 ἔστιν
571 3220 645 3283 ὡς
693 3220 917 3292 ἀληθῶς
972 3223 1224 3292 τοιαύτη,
1277 3220 1366 3276 καί
1422 3225 1530 3275 τῶν
1586 3218 1864 3295 προτέρων

200 3308 603 3386 χαλεπωτέρα.
663 3308 838 3368 Ἀλλά
897 3308 985 3366 διὰ
1055 3312 1290 3386 Χριστὸν
1349 3311 1601 3385 πάσχειν,
1657 3308 1753 3364 κᾶν
1810 3330 1864 3364 τι

196 3397 361 3455 δοκεῖ
426 3397 789 3455 ἐπονείδιστον
855 3395 1002 3476 ἔχειν
1046 3401 1138 3455 καὶ
1194 3398 1470 3475 ἄσχημον,
1527 3398 1674 3468 πλὴν
1718 3395 1865 3453 ἀλλά

192 3490 408 3551 παντὸς
467 3487 935 3564 καλλωπίσματός
992 3488 1130 3546 ἐστιν
1192 3489 1512 3563 σεμνότερόν
1558 3509 1617 3543 τε
1659 3487 1751 3542 καὶ
1778 3486 1863 3542 εύ-

196 3580 687 3654 σχημυνὲστερον,
739 3581 830 3635 καὶ
879 3579 1277 3656 κοσμιώτερον.
1332 3576 1554 3637 Κελεύει
1597 3576 1721 3654 γὰρ,
1756 3598 1865 3654 φη-

196 3669 305 3739 σὶν,
364 3670 396 3723 ὁ
458 3668 682 3745 ἡγεμὼν
742 3672 960 3745 γυμνήν
1016 3673 1402 3744 πομπευθῆναι
1459 3668 1627 3737 αὑτὴν
1688 3672 1859 3723 πᾶσαν

191 3760 294 3827 τήν
330 3758 656 3834 περίχωρον
686 3758 918 3831 ἐκείνην,
977 3760 1067 3816 καὶ
1121 3759 1364 3835 πληγαῖς
1424 3758 1724 3837 ἀφορήτοις
1756 3780 1863 3831 μα-

196 3848 506 3917 στίζεσοαι.
539 3850 680 3905 Ἵστε
729 3847 787 3904 δὲ
840 3852 1080 3922 πάντως,
1138 3849 1428 3925 ἀγαπητοὶ,
1463 3847 1594 3920 ὅσην
1624 3849 1687 3903 τὸ
1720 3853 1861 3923 πρᾶ-

194 3959 313 4011 γμα
346 3935 505 4013 φέρει
556 3942 678 3999 ταῖς
736 3938 1026 4014 παρθένοις
1080 3937 1349 4015 αἰσχύνην
1408 3937 1496 3993 καὶ
1555 3935 1711 4009 αἰδὼ,
1768 3936 1857 3992 καὶ

202 4025 453 4098 μάλιστα
482 4032 603 4088 ταῖς
632 4026 768 4081 κατᾶ
818 4028 918 4097 τήν
974 4026 1121 4083 ὁσίαν
1178 4027 1380 4098 ταύτην
1410 4027 1603 4103 κόρην,
1636 4029 1701 4095 ἧς
1734 4023 1858 4081 οὐδὲ

198 4115 377 4184 ἣλιος
433 4114 513 4177 είς
569 4136 755 4187 κορον,
815 4118 889 4179 ὡς
963 4116 1155 4186 εἰπεῖν,
1214 4116 1519 4172 ἀπολαῦσαι
1570 4113 1855 4185 δεδύνηται

195 4205 493 4279 πρότερον.
546 4205 643 4259 Καὶ
699 4206 763 4260 ού
823 4206 986 4280 μόνον
1051 4205 1177 4279 μίαν
1228 4205 1429 4283 ἀγοράν
1460 4205 1549 4261 καὶ
1575 4204 1855 4275 πλατεῖαν,

191 4291 227 4363 ἤ
284 4291 549 4366 δευτέραν
603 4295 876 4369 περιάγειν
935 4294 1254 4372 ἠνάγκαζεν,
1314 4293 1459 4351 ἀλλά
1513 4292 1604 4349 καὶ
1656 4291 1853 4369 χωρία,

189 4383 279 4436 καὶ
344 4380 535 4451 ἄστεα,
611 4383 702 4437 καὶ
787 4381 1000 4458 δήμους
1083 4380 1433 4458 ἀμείϐουσαν.
1496 4389 1673 4441 Πᾶσαν
1729 4382 1853 4458 γὰρ,

194 4471 523 4548 φησὶν,τὴν
584 4471 901 4548 περίχωρον
957 4473 1190 4545 ἐκείνην.
1248 4476 1469 4538 νοντως
1516 4472 1693 4543 πάσης
1721 4469 1854 4527 καύ-

194 4580 335 4625 σεως
364 4562 454 4615 καὶ
497 4562 775 4635 μαστίγων
835 4559 1050 4635 ὀδύνης,
1105 4563 1261 4626 οὗτος
1319 4564 1347 4618 ὁ
1402 4562 1702 4638 πειρασμὸς
1731 4564 1851 4622 ταῖς

191 4648 605 4723 αἲσχυντηλαῖς
657 4650 746 4705 καὶ
806 4656 1026 4724 σεμναῖς
1081 4650 1292 4727 κόραις,
1350 4648 1741 4726 χαλεπώτερός
1792 4668 1849 4703 τε

190 4739 281 4793 καὶ
312 4738 744 4814 ἐπαχθέστερος.
775 4738 938 4795 Ἀλλ’
968 4738 1121 4813 ὅμως
1175 4740 1262 4794 καὶ
1295 4739 1493 4809 ταύτην
1523 4741 1622 4808 τήν
1654 4735 1849 4813 αἰσχύ-

192 4847 292 4897 νην
357 4827 647 4900 ὑπέμεινεν
709 4824 799 4882 διὰ
853 4829 915 4883 τὸ
996 4828 1134 4904 πρὸς
1191 4828 1419 4899 Χριστὸν
1475 4826 1700 4901 φίλτρον
1760 4825 1848 4880 καὶ

192 4912 393 4989 ἔρωτα,
424 4915 487 4977 δς
518 4914 589 4971 δι’
621 4918 769 4990 ἡμᾶς
826 4918 1051 4994 σταυρὸν
1111 4917 1419 4991 ὑπέμεινεν,
1459 4915 1724 4992 αἰσχύνης
1748 4936 1849 4970 κα-

189 5008 564 5083 ταφρονήσας.
623 5007 730 5063 Τὸν
788 5006 889 5083 γάρ
948 5006 1180 5062 παλαιὸν
1240 5005 1519 5081 ἄνθρωπον
1582 5004 1673 5060 σὺν
1729 5009 1848 5067 τοῖς

191 5098 541 5169 παθήμασιν,
598 5096 674 5151 ὧν
728 5095 817 5151 xui
876 5098 911 5167 ἡ
969 5096 1194 5167 τοιαύτη
1264 5094 1497 5171 αἰσχύνη
1557 5094 1851 5170 ἐνυπάρχει

186 5191 291 5252 τῆς
321 5183 570 5255 ἐσθῆτος,
600 5187 636 5255 ἠ
669 5184 933 5260 παρθένος
990 5183 1384 5261 προεκδύσασα,
1418 5181 1507 5239 διὰ
1535 5188 1693 5239 τοῦτο
1727 5182 1852 5238 οὐδὶ

194 5273 543 5349 ἀσχημονεῖν
578 5273 884 5351 ἰλογίζετο·
946 5273 1074 5330 ἀλλ’
1130 5274 1311 5352 ὥσπερ
1343 5274 1395 5329 oi
1425 5271 1848 5348 πρωτόπλαστοι

195 5360 249 5415 ἰν
282 5368 366 5436 τῷ
396 5362 715 5438 παραδείσῳ
753 5366 861 5441 πρὸ
917 5369 1025 5420 τῶν
1082 5369 1270 5430 παθῶν
1324 5370 1424 5434 τῆς
1458 5362 1724 5439 ἁμαρτίας
1752 5384 1853 5438 γυ-

197 5454 323 5523 μνοὶ
356 5452 518 5524 ἦσαν,
550 5452 639 5508 xui
674 5452 771 5509 οὑκ
823 5453 1154 5530 ᾐσχύνοντο,
1211 5451 1371 5524 ἡνίκα
1414 5449 1471 5507 δὲ
1500 5449 1589 5507 διὰ
1617 5458 1717 5523 τῆς
1744 5471 1848 5506 πα-

197 5549 412 5617 ρακοῆς
457 5543 525 5599 τά
581 5547 724 5618 πάθη
780 5544 833 5601 ἰν
894 5546 1079 5610 αὐτοῖς
1126 5544 1472 5618 ἰκινήθησαν,
1505 5544 1846 5620 ἀσχημονεῖν

257 5725 310 5763 ⁸³
341 5724 516 5783 Hebr.
550 5744 655 5798 xu,
689 5730 741 5787 2.
822 5728 867 5765 ‘°
899 5727 1123 5785 Coloss.
1156 5746 1237 5802 ιη,
1265 5732 1317 5787 9.
1396 5728 1439 5766 ιι
1476 5728 1619 5785 Gen.
1654 5744 1713 5783 ιι.
1745 5730 1834 5783 25.

1977 3219 2243 3292 dignum.
2276 3223 2357 3275 Ac
2388 3221 2562 3291 plane
2595 3220 2887 3292 ejusmodi
2916 3226 3024 3287 est,
3056 3226 3124 3276 ut
3153 3221 3451 3277 anteriora
3484 3240 3615 3294 gra-

1970 3310 2147 3364 vitate
2179 3310 2441 3364 excedat.
2477 3311 2689 3364 Verum
2712 3310 2925 3364 Christi
2943 3310 3131 3382 gratia
3159 3311 3301 3382 pati,
3326 3311 3616 3382 quidquid

1974 3398 2177 3470 probri
2216 3404 2274 3453 et
2300 3398 2607 3454 dedecoris
2636 3398 2853 3454 habere
2888 3398 3178 3467 videatur,
3225 3401 3336 3455 hoc
3366 3418 3613 3471 prorsus

1973 3493 2247 3543 ornatum
2265 3505 2503 3543 omnem
2528 3488 2856 3543 honestatis
2879 3488 3090 3544 decore
3113 3494 3171 3543 et
3198 3490 3464 3545 castitate
3489 3489 3617 3545 vin-

1971 3577 2070 3633 cit.
2101 3577 2294 3645 Jubet,
2327 3578 2543 3649 inquit,
2575 3595 2795 3650 prmses
2825 3594 2955 3633 eam
2989 3578 3211 3633 nudam
3242 3596 3347 3651 per
3377 3596 3617 3636 omnem

1968 3666 2244 3721 viciniam
2273 3667 2663 3739 ignominiose
2696 3667 2947 3733 traduci,
2979 3673 3039 3723 et
3058 3667 3256 3741 flagris
3288 3668 3615 3726 intoleran-

1969 3756 2058 3812 dis
2091 3756 2255 3812 caedi.
2290 3756 2462 3811 Scitis
2490 3756 2756 3822 omnino,
2794 3757 3156 3823 charissimi,
3207 3764 3496 3830 quantum
3547 3776 3616 3816 ea

1969 3862 2065 3901 res
2095 3845 2417 3918 virginibus
2440 3846 2726 3917 pudorem
2749 3864 2815 3902 ac
2836 3846 3255 3903 verecundiam
3278 3848 3515 3915 inferat,
3539 3848 3613 3903 il-

1967 3934 2160 4005 lisque
2195 3935 2447 3989 maxime
2481 3952 2612 4005 qua:
2635 3941 2899 3990 sanctam
2923 3936 3077 3991 hanc
3098 3936 3359 4008 puellam
3384 3937 3616 3994 imitan-

1968 4030 2083 4089 tur,
2138 4024 2311 4096 cujus
2361 4040 2435 4079 ne
2485 4024 2573 4079 sol
2622 4025 2866 4095 quidem
2925 4027 3008 4094 (ut
3056 4026 3138 4082 ita
3188 4026 3420 4098 loquar)
3470 4027 3614 4083 satis

1966 4119 2207 4185 aspectu
2238 4113 2351 4168 frui
2383 4114 2693 4185 potuisset.
2728 4115 2843 4170 Nec
2873 4132 3009 4170 vero
3049 4114 3215 4170 illam
3246 4133 3432 4171 unum
3468 4115 3615 4171 dun-

1966 4208 2146 4271 taxat,
2180 4209 2283 4259 aut
2319 4203 2572 4258 alterum
2622 4204 2947 4275 compitum
2979 4205 3031 4259 ei
3061 4204 3320 4276 plateam
3370 4204 3609 4258 funesto

1966 4293 2302 4364 spectaculo
2317 4292 2567 4348 circuire
2590 4292 2835 4364 cogebat
2861 4311 2873 4360 ;
2900 4292 3001 4349 sed
3027 4299 3083 4347 et
3104 4292 3327 4364 Oppida
3350 4298 3407 4347 et
3428 4292 3610 4361 vicos,

1963 4383 2284 4454 urbesque,
2330 4389 2387 4437 et
2436 4382 2584 4438 alios
2624 4389 2800 4453 atque
2844 4383 2991 4438 alios
3037 4382 3307 4453 populos.
3361 4384 3610 4437 Omnem

1968 4473 2149 4539 enim,
2170 4472 2384 4543 inquit,
2405 4471 2682 4527 viciniam
2706 4472 2892 4526 illam.
2922 4470 3091 4526 Omni
3114 4488 3315 4526 revera
3332 4471 3608 4526 incendio

1886 4546 1929 4614 Ι)
1963 4568 2021 4618 et
2050 4560 2359 4616 verberum
2392 4560 2680 4630 cruciatu,
2714 4561 2962 4615 tentatio
2981 4561 3108 4617 haac
3136 4560 3485 4615 verecundis
3507 4578 3602 4615 ca~

1960 4651 2186 4721 stisque
2216 4649 2432 4721 puellis
2460 4649 2690 4722 gravior
2719 4648 2793 4704 ad
2839 4648 3045 4704 durior
3093 4656 3199 4705 est.
3230 4650 3448 4704 Verum
3493 4649 3607 4704 hoc

1961 4756 2199 4812 quoque
2213 4738 2497 4811 probrum
2518 4738 2783 4809 pertulit,
2798 4745 3039 4810 propter
3058 4740 3470 4794 vehementem
3494 4755 3610 4809 quo

1960 4828 2206 4886 ardebat
2236 4843 2372 4899 erga
2397 4826 2694 4881 Christum
2743 4843 3029 4893 amorem,
3065 4828 3167 4898 qui
3200 4826 3387 4882 nostri
3430 4842 3612 4882 causa

1961 4919 2245 4974 sustinuit
2274 4934 2532 4984 crucem,
2565 4916 2914 4973 confusione
2956 4922 3298 4989 contempta
3345 4916 3413 4972 3°.
3463 4919 3609 4972 Cum

1959 5008 2119 5062 enim
2151 5008 2308 5079 virgo
2338 5011 2594 5061 veterem
2625 5006 2929 5062 hominem
2971 5023 3104 5061 cum
3136 5005 3448 5062 affectibus
3483 5006 3605 5061 suis

1961 5099 2055 5168 (ex
2084 5095 2301 5166 quibus
2335 5100 2426 5149 est
2455 5095 2555 5149 ille
2586 5095 2836 5149 vestium
2870 5095 3082 5167 pudor)
3130 5095 3360 5168 pridem
3410 5094 3605 5151 exuis-

1959 5190 2050 5241 set
2078 5183 2162 5238 ‘0:
2196 5183 2415 5238 idcirco
2447 5183 2595 5237 nihil
2628 5200 2755 5238 rem
2787 5184 2898 5239 sibi
2923 5184 3266 5240 indecoram
3298 5184 3601 5241 censebat.

1961 5272 2072 5329 Sed
2104 5272 2257 5327 sicut
2284 5272 2463 5344 primi
2493 5277 2769 5343 parentes
2800 5273 2860 5327 in
2892 5273 3167 5345 paradiso
3200 5280 3337 5329 ante
3378 5273 3607 5346 peccati

1959 5362 2305 5420 affectiones
2335 5360 2479 5416 nudi
2512 5367 2700 5426 erant,
2737 5378 2845 5419 nec
2878 5363 3316 5420 erubuscebant
3364 5365 3434 5435 ",
3484 5363 3606 5419 illis

1959 5459 2159 5509 autem
2190 5468 2295 5522 per
2319 5450 2794 5509 inobedientiam
2827 5452 2888 5508 in
2916 5470 2977 5509 se
3008 5454 3238 5522 excitis,
3288 5452 3403 5509 hoc
3435 5458 3606 5526 turpe

1962 5543 2276 5608 duxerunt,
2310 5540 2426 5595 nisi
2460 5540 2556 5596 ﬁci
2586 5540 2747 5599 foliis
2778 5543 3109 5601 nuditatem
3149 5560 3317 5602 suam
3348 5544 3609 5601 obtexis-
