4000 6202
413 405 519 466 803

1701 402 1760 454 Β.
1800 397 2102 454 JOANNIB
2136 397 2562 451 DAMASCENI
3675 404 3754 461 30g

413 540 546 592 sent
574 535 655 588 "z
683 532 766 587 sic
798 545 1032 602 quoque
1065 527 1222 599 virgo
1259 526 1407 592 haec,
1459 526 1533 582 ad
1581 526 1905 598 pristinum
1954 521 2053 594 qui

2177 514 2582 593 ὓπελάμϐανον,
2636 519 2682 573 εἱ
2744 521 2819 593 μὴ
2861 518 3047 598 φύλλα
3106 525 3272 592 συκῆς
3329 522 3515 591 ἑαυτὴν
3568 525 3651 592 τὴν
3686 528 3763 602 γύ-

415 619 946 692 transgressionem
979 621 1036 670 et
1066 620 1370 686 peccatum
1404 619 1810 686 prmcesserat,
1845 617 2062 668 statum

417 711 687 767 restituta
715 709 864 764 905
901 723 1034 761 cum
1068 704 1316 775 reliquis
1346 704 1678 773 affectibus,
1704 702 1902 775 probri
1928 718 2062 756 sen-

417 817 545 856 sum
581 805 840 854 exuerat.
876 797 1092 851 Verum
1122 811 1198 849 ne
1231 795 1449 866 impuri
1479 795 1751 849 homines
1788 791 2062 848 sacratis-

417 890 633 946 simum
658 903 870 958 corpus
883 887 999 941 alio
1015 890 1192 956 atque
1206 885 1322 939 alio
1339 885 1695 940 circumiens
1711 885 2062 938 contuentes

413 978 664 1034 irridere
679 977 1039 1041 viderentur,
1069 975 1131 1028 in
1155 974 1366 1029 caelum
1390 974 1730 1040 intendens,
1758 973 1841 1027 ait
1867 988 1878 1026 :
1904 994 1930 1021 ς(
1957 973 2062 1026 Do-

415 1067 573 1123 mine
606 1067 780 1136 Deus,
815 1065 915 1137 qui
949 1064 1206 1119 nubibus
1237 1064 1450 1120 coelum
1477 1065 1693 1135 operis,
1747 1078 1945 1117 meum
1977 1065 2064 1114 te-

414 1174 484 1231 ge
518 1173 735 1228 corpus
785 1155 870 1210 tui
913 1171 1090 1210 causa
1137 1154 1449 1218 nudatum,
1482 1169 1557 1208 ne
1606 1154 1818 1207 horum
1850 1149 2062 1221 impio.

419 1264 552 1302 rum
567 1244 902 1317 aspectibus
921 1248 1135 1316 pateat.
1160 1266 1187 1294 ››
1216 1245 1347 1298 Hmc
1373 1243 1473 1298 illa
1491 1244 1737 1312 dixerat,
1762 1241 2066 1309 missoque

417 1334 704 1389 Dominus
736 1332 968 1405 angelo,
1003 1333 1154 1386 stola
1185 1331 1438 1386 candida
1478 1347 1608 1386 eam
1657 1328 2062 1385 circumtexit:

419 1439 485 1479 ac
517 1422 868 1478 circumibat
899 1421 1076 1476 veluti
1115 1437 1333 1492 sponsa
1364 1427 1574 1475 ornata
1599 1425 1657 1473 et
1703 1419 1999 1482 decorata,
2035 1432 2065 1470 e

417 1517 670 1584 paterna
699 1511 873 1566 domo
907 1511 978 1565 ad
1010 1509 1160 1565 bene
1193 1516 1463 1582 paratum
1496 1508 1823 1580 nuptialem
1873 1506 2064 1560 thala-

414 1617 580 1656 mum
607 1616 954 1670 properans.
990 1599 1556 1654 Circumducebatur
1587 1598 1787 1667 itaque
1828 1597 2064 1666 stipata,

415 1694 471 1745 et
485 1706 617 1745 cum
634 1706 849 1761 pompa
864 1687 1208 1761 precedens,
1221 1689 1484 1760 martyrii
1501 1689 1696 1743 cincta
1709 1686 2064 1754 diademate,

415 1784 472 1834 et
503 1777 802 1833 athleticis
833 1782 1075 1848 propter
1094 1777 1392 1832 Christum
1418 1777 1528 1830 sibi
1554 1775 1860 1847 impressis
1883 1773 2062 1842 notis,

416 1866 842 1938 sanguinisque
867 1883 1130 1938 purpura
1150 1866 1484 1932 honestata,
1519 1881 1585 1920 ac
1619 1881 1797 1935 supra
1827 1877 2064 1918 omnem
2100 1897 2147 1964 Β

414 1957 731 2024 unionum,
767 1955 1238 2027 smaragdorum,
1263 1954 1744 2025 hyacinthorum.
1776 1953 2068 2023 pretioso-

415 2061 666 2116 rumque
688 2044 1053 2115 lapillorum,
1083 2049 1141 2098 et
1161 2060 1477 2098 aureorum
1501 2043 1800 2112 torquium
1825 2041 2061 2095 clarita-

416 2139 538 2188 tem
569 2132 945 2204 prazfulgens.
979 2133 1022 2186 Ο
1047 2132 1400 2186 miraculum
1427 2131 1438 2185 ί
1465 2130 1804 2187 Libidinosi.
1835 2129 2061 2199 spurci-

417 2238 550 2293 que,
588 2227 643 2276 et
674 2221 1072 2291 impudentes,
1107 2237 1173 2275 ac
1197 2219 1598 2291 procacissimi
1623 2219 1914 2282 homines,
1940 2222 2061 2272 toto

421 2327 666 2381 corpore
693 2309 948 2363 nudatas
979 2317 1269 2381 martyres
1301 2308 1694 2380 exponebant,
1727 2313 1790 2362 ut
1841 2323 1960 2374 eas,
1996 2311 2064 2360 ut

421 2397 859 2461 existimabant,
893 2398 1053 2452 velut
1074 2398 1374 2468 triumpho
1398 2398 1778 2453 traducerent
1803 2413 1815 2461 ;
1844 2401 1909 2450 ut
1929 2411 2061 2449 vero

422 2489 600 2544 etiam
632 2487 966 2559 impudicos
997 2487 1535 2543 ocnloslibidinose
1561 2503 1669 2542 ceu
1700 2485 1860 2541 lauto
1886 2485 2060 2556 epulo

419 2582 750 2650 pascerent:
766 2581 825 2632 at
844 2577 1110 2630 Christus
1127 2577 1326 2648 gratim
1348 2577 1568 2632 amictu
1591 2581 1774 2631 totam
1802 2575 2061 2646 pugilem

421 2683 586 2722 suam
603 2671 824 2738 tegens,
849 2665 1117 2728 lubricis,
1143 2666 1455 2733 salacibus,
1481 2666 1804 2733 sceleratis,
1830 2669 2062 2735 specta-

421 2759 620 2814 culum
636 2756 847 2812 clausit
872 2761 1077 2827 ;atque
1095 2757 1397 2812 inventum
1422 2757 1567 2812 illud
1585 2758 1762 2812 inane
1786 2754 2059 2826 reddens,

424 2846 862 2916 exspectatione
894 2845 1029 2900 illos
1061 2846 1382 2901 frustravit.

2177 630 2379 682 μνωσιν
2440 607 2833 685 περιέστειλανι
2897 609 3066 674 οὓτως
3125 613 3214 666 καὶ
3269 614 3304 682 ἡ
3365 613 3612 686 παρθένος
3639 617 3763 689 aii-an

2172 699 2248 762 είς
2303 699 2510 771 ἐκείνην
2563 698 2932 764 ἐπανελθοῦσα
2985 703 3086 770 τήν
3147 703 3252 778 πρὸ
3311 709 3411 772 τῆς
3468 700 3765 773 παραϐάσεως

2174 789 2442 864 ἁμαρτίας
2497 791 2843 862 κατάστασιν,
2916 792 3016 861 τήν
3098 791 3364 866 αἷσχύνην
3422 797 3536 855 τοῖς
3589 791 3766 859 λοιποῖς

2174 881 2665 957 συναπημιριάσατο
2723 880 2968 938 πάθεσιν.
3030 881 3190 937 Ἀλλ’
3241 884 3398 954 ὅμως
3476 881 3562 937 ’ίνα
3629 887 3692 957 μὴ
3729 889 3767 941 οἱ

2176 967 2366 1044 μιαιροί
2419 969 2483 1024 τὸ
2540 968 2798 1044 πανίερον
2857 971 3030 1041 αὐτῆς
3096 970 3534 1048 ἀπερικάλυπτον
3587 995 3766 1048 περιπο-

2175 1057 2331 1112 λεῦον
2364 1063 2523 1131 σῶμα
2555 1059 2846 1131 Θεώμενοι,
2911 1059 3210 1136 καταγελᾷν
3273 1059 3516 1134 δόξωσιν,
3547 1061 3771 1119 ἀτενίσασα

2174 1143 2251 1208 εἵς
2307 1147 2399 1201 τὸν
2450 1147 2677 1221 οὐρανὸν
2743 1147 2918 1204 δῖπενο
2987 1173 3014 1204 ι
3048 1149 3208 1224 Κύριε
3257 1151 3286 1205 ὁ
3319 1151 3472 1218 Θεὸς,
3505 1152 3530 1206 ὁ
3560 1147 3770 1226 περιϐαλ-

2175 1233 2289 1291 λων
2318 1233 2411 1290 τόν
2473 1236 2702 1312 οὐρανὸν
2760 1236 2814 1293 ἐν
2863 1238 3150 1313 πεφὲλαις,
3207 1239 3470 1294 σκεπασόν
3515 1260 3610 1312 μου
3634 1241 3686 1294 τὸ
3709 1237 3774 1294 διὰ

2177 1325 2236 1378 σὲ
2290 1327 2708 1399 γεγυμνωμένον
2767 1331 2948 1400 σῶμα,
3009 1326 3101 1383 ’ίνα
3179 1334 3255 1400 μὴ
3318 1327 3506 1403 ὁρᾶται
3563 1330 3652 1384 ὑπὸ
3694 1335 3772 1384 τῶν

2175 1409 2383 1469 ἀσεϐῶν
2443 1414 2676 1474 τούτων.
2726 1417 2830 1474 Καὶ
2882 1422 3047 1473 ταῦτα
3103 1416 3368 1487 εἶ’πούσης
3443 1419 3617 1487 αὐτῆς,
3673 1419 3774 1474 ἀπο·

2176 1500 2394 1567 στείλας
2424 1506 2451 1559 ὁ
2487 1504 2681 1580 Κύριος
2737 1504 2994 1582 ἄγγελον,
3056 1507 3229 1581 στολῇ
3292 1505 3467 1581 λευκῇ
3517 1506 3663 1577 αὐτὴν
3704 1528 3775 1562 πι-

2177 1591 2526 1667 ριεκάλυψεν⁶
2586 1595 2676 1650 καὶ
2733 1597 2944 1668 περιείη
3007 1599 3246 1672 καθάπερ
3307 1596 3496 1676 νύμφη
3551 1617 3778 1670 κεκοσμη-

2181 1679 2314 1752 μένη
2348 1683 2440 1736 καὶ
2469 1681 2996 1758 κεκαλλωπισμένη,
3057 1685 3117 1740 ἐκ
3171 1690 3270 1740 τοῦ
3329 1689 3588 1760 πατρικοῦ
3643 1682 3778 1756 δόμου

2180 1768 2268 1825 ἐπὶ
2325 1771 2422 1840 τὴν
2511 1771 2932 1848 εὐτρεπισμὲνην
3019 1779 3297 1854 νυμφικήν
3358 1772 3612 1845 παστάδα,
3655 1795 3774 1849 περι-

2178 1860 2420 1934 αγομὲνη
2450 1882 2512 1916 τε
2537 1862 2629 1916 καὶ
2681 1859 3130 1942 δορυφορουμὲνη
3190 1865 3281 1919 καὶ
3343 1865 3780 1936 πομπεύουσα,τῷ

2181 1955 2497 2024 μαρτυρικῷ
2582 1953 2987 2026 κατεστεμμένη
3070 1975 3130 2008 τε
3191 1951 3512 2026 διαδήματι,
3561 1953 3640 2007 καὶ
3688 1957 3776 2014 τοῖς

2177 2037 2309 2112 ὑπὲρ
2341 2042 2586 2112 Χριστοῦ
2617 2039 2946 2111 ἀθλητικοῖς
2990 2043 3278 2116 στίγμασι,
3315 2043 3405 2097 καὶ
3435 2045 3502 2115 τῇ
3529 2046 3616 2096 τοῦ
3643 2041 3775 2112 αἳμα-

2169 2146 2262 2188 τος
2319 2127 2614 2204 πορφυρίδι
2670 2130 3070 2204 σεμνυνομένη,
3125 2131 3214 2186 καὶ
3277 2129 3631 2206 διαπρέπουσα
3673 2131 3775 2204 ὑπὲρ

2171 2221 2344 2270 πᾶσαν
2409 2225 2782 2293 μαργαριτῶν,
2843 2219 3168 2295 σμαράγδων
3253 2242 3317 2276 τε
3395 2221 3483 2276 καὶ
3547 2221 3777 2289 ὑακίνθων,

2169 2305 2259 2360 καὶ
2298 2304 2622 2380 πολυτίμων
2681 2308 2874 2379 λίθων,
2929 2315 3147 2386 χρυσῶν
3203 2331 3267 2366 τε
3323 2306 3771 2382 ἀποπεπλεγμένων

2172 2395 2467 2472 φανότητα.
2503 2399 2569 2452 Ὤ
2597 2403 2696 2453 τοῦ
2756 2399 3071 2472 θαύματοςί
3131 2401 3186 2454 οἱ
3243 2399 3526 2472 ἐμπαθεῖς,
3567 2399 3772 2471 xxii-.911.-

2170 2481 2384 2553 ήδονοι,
2418 2484 2652 2550 ἀναιδεῖς
2680 2509 2739 2543 τε
2766 2490 2856 2543 καὶ
2899 2488 3022 2544 λίαν
3071 2488 3450 2564 ἀναίσχυντοι,
3483 2488 3772 2562 ὁλογῦμνους

2169 2573 2265 2634 τὰς
2313 2571 2403 2628 διὰ
2466 2578 2694 2651 Χριστὸν
2774 2577 3042 2640 ἀθλούσας
3123 2580 3470 2654 περι⁵ιστανον
3526 2580 3773 2651 μάρτυρας,

2164 2658 2256 2715 ’ίνα
2284 2664 2504 2736 ταύτας,
2536 2667 2612 2728 ὡς
2670 2663 2868 2739 ᾤοντο,
2931 2663 3402 2743 θριαμϐεύσωσιν,
3465 2664 3572 2739 ἅμα
3620 2663 3668 2720 δὲ
3705 2664 3774 2719 καὶ

2170 2755 2272 2822 τὴν
2325 2752 2624 2810 ἀκόλαστον
2686 2756 2860 2812 αὐτῶν
2917 2755 3102 2832 ὅρασιν
3163 2757 3429 2830 ἐμπαθῶς
3485 2755 3772 2811 ἑστιάσωσιν.

2169 2844 2234 2899 Ὁ
2264 2840 2321 2897 δὲ
2351 2845 2583 2918 Χριστὸς
2613 2846 2839 2921 χάριτος
2867 2841 3142 2920 περιϐολῇ
3174 2847 3318 2918 ὃλην
3355 2844 3671 2922 περιστείλας
3695 2844 3771 2910 τὴν

418 2932 619 2988 οἰκείαν
676 2932 995 3008 ἆθλήτριαν,
1052 2934 1154 3002 τὴν
1209 2928 1330 2989 θέαν
1383 2938 1501 2998 τοῖς
1555 2933 1834 3010 αῖσχροῖς,
1892 2929 1981 2986 καὶ
2039 2928 2312 3006 ἀσελγέσι,
2369 2933 2460 2988 καὶ
2522 2941 2786 3011 μυσαροῖς
2833 2933 3173 3011 διετείχισεν,
3217 2938 3312 2992 καὶ
3345 2935 3604 3011 ἄπρακτον
3633 2933 3770 2988 αὐτῶν

412 3022 514 3093 τὴν
547 3022 784 3078 ἐπίνοιαν
819 3020 1081 3099 δέδειχεν,
1113 3023 1202 3078 καὶ
1232 3029 1331 3093 τῆς
1361 3021 1691 3095 προσδοκίας
1722 3019 2088 3099 παρέσφηλεν.

488 3135 575 3189 l7.
612 3134 760 3188 Dum
791 3137 988 3188 autem
1022 3149 1127 3204 per
1159 3137 1341 3188 totam
1370 3134 1534 3189 illam
1577 3133 1878 3206 regionem
1929 3145 2059 3185 eam
2092 3129 2134 3196 C

417 3220 950 3291 circumducerent,
967 3221 1025 3276 in
1043 3221 1340 3293 quoddam
1361 3223 1645 3294 oppidum
1663 3223 1881 3293 tragica
1894 3237 2060 3293 pom-

413 3329 488 3383 pa
502 3309 754 3366 deducta
777 3316 884 3378 est,
908 3311 1007 3366 ubi
1032 3312 1209 3366 etiam
1233 3313 1544 3384 prmsidem
1569 3316 1936 3384 repererunt.
1955 3309 2062 3375 Qui

417 3401 635 3457 dubius
667 3401 809 3473 quid
839 3418 1077 3456 rursum
1110 3401 1332 3457 faceret
1362 3403 1515 3472 (cum
1557 3401 1846 3473 quidquid
1873 3400 2066 3454 fuerat

418 3491 815 3555 machinatus,
849 3491 1221 3545 frustaneum
1246 3496 1304 3546 et
1333 3491 1544 3546 inutile
1563 3491 1862 3546 redditum
1888 3495 2064 3557 esset,

416 3596 483 3634 ac
516 3584 722 3634 contra
754 3596 919 3650 spem
953 3581 1268 3643 evenisset)
1301 3581 1418 3636 lata
1451 3581 1746 3636 sententia
1771 3578 1970 3646 edicit,
2003 3583 2070 3632 ut

417 3665 735 3737 multiplici
764 3668 1086 3723 certamine
1119 3669 1343 3740 inclyta
1374 3676 1598 3741 martyr
1627 3669 1870 3742 capitali
1895 3685 2068 3740 poena

417 3755 592 3809 vitam
629 3755 816 3810 ﬁniat.
849 3758 994 3810 Tum
1024 3763 1195 3828 pater
1225 3759 1449 3829 ingenti
1484 3759 1680 3812 furore
1716 3765 1773 3813 et
1804 3759 2069 3814 satanica

418 3843 798 3898 aemulatione
813 3842 1046 3914 plenus,
1069 3845 1357 3917 illumque
1372 3848 1442 3901 al)
1467 3848 1634 3901 initio
1652 3845 2068 3903 homicidam“

416 3931 717 3988 diabolum
733 3933 914 3988 animi
930 3939 1099 3988 utero
1113 3937 2068 4008 gestans,utsimulacris(quorum

419 4021 690 4077 addictus
724 4022 1013 4093 obsequio
1048 4028 1194 4092 erat)
1223 4031 1280 4078 et
1311 4025 1853 4081 abominationibus
1882 4027 2064 4097 perfe-

417 4115 576 4166 ctum
593 4110 814 4166 cultum
831 4111 1112 4168 adhibere
1128 4112 1424 4168 videretur
1446 4115 1713 4186 quinimo
1728 4115 2068 4170 amantibus

415 4218 521 4272 per
540 4217 606 4256 ea
633 4200 1018 4271 aequissimis
1039 4202 1344 4273 spiritibus
1362 4221 1425 4258 ac
1448 4203 1836 4269 (Immonibus,
1864 4205 2066 4260 stricto

416 4293 637 4368 gladio,
652 4311 834 4349 manu
851 4295 978 4366 ipse
1003 4313 1128 4359 sua,
1145 4297 1323 4352 caadis
1338 4297 1464 4369 ipse
1483 4304 1688 4353 auctor
1711 4315 1838 4353 esse
1858 4315 2064 4369 percu-

418 4383 609 4455 piens,
635 4384 696 4439 in
722 4392 988 4440 montem
1014 4403 1142 4441 eam
1165 4387 1336 4459 rapit.
1363 4389 1615 4443 Pulchra
1638 4407 1769 4443 vero
1794 4389 2068 4444 columba

421 4477 596 4544 atque
611 4474 894 4544 perfecta,
911 4493 1116 4531 necem
1141 4494 1275 4531 cum
1299 4478 1510 4549 gaudio
1527 4479 1736 4533 Christi
1753 4495 1930 4533 causa
1944 4497 2063 4533 sus-
2099 4497 2142 4564 Ι)

420 4563 669 4636 cipiens,
694 4563 768 4620 ad
799 4581 1003 4635 preces
1043 4567 1660 4640 supplicationemque
1684 4569 2064 4623 convertitur.

419 4651 762 4707 Festinabat
785 4654 945 4707 enim
977 4653 1050 4709 ad
1073 4655 1338 4711 bravium
1365 4675 1634 4728 supernae
1659 4658 1980 4713 vocationis
2003 4659 2066 4726 “,

424 4746 483 4796 et
507 4740 580 4795 ad
613 4741 931 4797 sublimem
983 4743 1041 4797 in
1075 4744 1287 4798 cmlum
1339 4762 1652 4801 ascensum
1696 4746 2066 4818 preperabat.

420 4829 600 4902 Atqui
632 4830 782 4886 nihil
814 4837 989 4901 vetat,
1024 4834 1166 4904 quin
1201 4834 1328 4906 ipsa
1359 4852 1600 4906 precum
1651 4837 1828 4891 verba
1868 4836 2070 4892 audia-

421 4936 578 4987 mus,
613 4937 683 4976 ex
715 4921 930 4993 quibus
955 4923 1326 4978 sanctitatem
1357 4925 1583 4979 auditui
1615 4926 2029 4981 condiscamus
2055 4941 2067 4981 :

427 5031 454 5058 ι(
485 5011 744 5080 ΑΞιεπ-ηει,
779 5011 946 5066 nulla
985 5011 1297 5067 hominum
1346 5032 1526 5069 manu
1559 5020 1715 5070 texta
1746 5023 2071 5088 martyrum

427 5115 666 5169 corona,
686 5101 932 5156 Domine
954 5102 1088 5158 Jesu
1111 5101 1359 5168 Christe,
1381 5103 1480 5174 qui
1503 5104 1716 5159 cmlum
1733 5105 2069 5174 extendisti,

423 5203 492 5241 ac
523 5193 744 5244 terram
775 5189 1038 5246 fundasti
1072 5190 1156 5259 ⁴⁶;
1192 5192 1293 5264 qui
1327 5193 1672 5249 conclusisti
1723 5194 1969 5266 abyssos
2019 5201 2074 5251 et

425 5291 589 5330 mare
605 5277 782 5332 veluti
810 5297 977 5335 muro
1000 5281 1343 5353 obsepivisti
1369 5281 1416 5316 ⁴⁶
1440 5300 1453 5351 ;
1479 5301 1610 5354 qua:
1633 5285 1987 5356 praecepisti,
2010 5291 2077 5340 ut

424 5363 616 5419 nubes
643 5365 934 5423 imbribus
966 5369 1094 5425 feta;
1123 5372 1401 5443 pluerent
1431 5389 1607 5444 super
1638 5373 1824 5428 bonos
1870 5381 1926 5429 et
1950 5392 2073 5431 ma—

422 5450 513 5506 los
540 5454 584 5488 δ’
609 5471 622 5509 ;
648 5456 748 5508 oui
783 5474 961 5529 super
993 5476 1156 5516 mare
1187 5461 1365 5517 veluti
1400 5479 1578 5536 super
1609 5463 1800 5519 solum
1824 5465 2072 5522 minime

492 5650 540 5685 δ’
571 5651 714 5706 Gen.
759 5667 839 5718 ιιι,
874 5655 925 5706 7.

427 5741 481 5795 ν,
516 5726 606 5782 22.
683 5722 728 5759 ιτ
753 5724 955 5795 Matth,
983 5743 1034 5793 ν,
1065 5729 1155 5796 45,

1003 5653 1048 5688 ⁴⁸
1071 5655 1238 5735 Joan.
1271 5673 1388 5727 vm,
1422 5660 1509 5714 44.
1585 5659 1632 5695 4‘
1662 5662 1918 5735 Philipp.
1954 5680 2037 5733 ιιι,

2237 5663 2283 5697 ⁸⁵
2315 5659 2468 5717 Psal.
2501 5673 2619 5725 cm,
2651 5657 2704 5724 2,
2756 5658 2807 5710 55.

2247 3129 2329 3199 ιζ’.
2393 3129 2819 3207 Περιαγαγόντες
2878 3129 2937 3188 δὲ
2993 3133 3160 3202 αὐτὴν
3220 3139 3398 3190 πᾶσαν
3457 3131 3648 3203 ἐκείνην
3693 3131 3770 3197 τὴν

2173 3219 2508 3295 περίχωρον,
2564 3219 2769 3296 ἤγαγον
2825 3221 2913 3277 ἐπὶ
2968 3243 3089 3278 τινα
3145 3223 3369 3296 κώμην,
3430 3221 3548 3288 ἔνθα
3598 3220 3768 3277 καὶτὸν

2173 3309 2412 3381 ἡγεμόνα
2441 3307 2765 3368 κατέλαϐον.
2819 3312 3131 3388 Ἀποργξσας
3185 3312 3278 3367 οὗν
3345 3313 3376 3368 ὁ
3430 3313 3639 3388 ἡγεμὼν
3660 3309 3710 3365 τὸ
3731 3306 3771 3362 τί

2173 3398 2339 3452 πάλιν
2364 3401 2666 3470 ποιήσειεν·
2698 3406 2840 3455 πᾶσα
2896 3402 2998 3478 γὰρ
3058 3403 3224 3458 αὐτοῦ
3281 3405 3322 3472 ἡ
3385 3401 3586 3456 ἐπίνοια
3617 3401 3772 3468 ἀνήνυ-

2173 3508 2266 3551 τος
2291 3487 2379 3542 xui
2438 3488 2701 3560 ἀνόνητος
2754 3488 3124 3561 ἀπεδείκνυτο,
3183 3492 3274 3546 καὶ
3326 3497 3436 3547 τῶν
3476 3488 3687 3547 ἐλπίδων
3714 3487 3774 3556 EE-

2175 3578 2415 3633 ἐπιπτεν⁶
2471 3577 2738 3658 ἀπόφασιν
2799 3581 2935 3635 κατὰ
3011 3587 3111 3650 τῆς
3161 3581 3492 3646 πολυαθλου
3550 3581 3773 3655 μάρτυρος

2179 3666 2517 3744 ἐξενήνοχεν,
2575 3676 2880 3745 κεφαΑικῆς
2931 3671 3205 3746 τιμωρίας
3259 3671 3552 3744 ὑπομεῖναι
3582 3665 3776 3740 nepa-iw-

2180 3777 2284 3814 σιν.
2315 3757 2448 3812 Τότε
2477 3758 2504 3811 ὁ
2533 3757 2735 3828 ταύτης
2793 3760 2971 3834 πατήρ
3031 3761 3206 3833 θυμοῦ
3274 3758 3496 3814 πολλοῦ
3540 3754 3776 3826 πληεῦεἷς.

2177 3846 2267 3901 καὶ
2301 3849 2474 3917 ζήλου
2508 3851 2816 3916 σατανικοῦ,
2849 3849 2940 3902 καὶ
2989 3849 3151 3903 αὐτὸν
3202 3848 3574 3925 ἐγκυμονήσας
3601 3845 3680 3902 τὸν
3705 3841 3771 3897 ἀπ’

2177 3936 2358 4012 ἀρχῆς
2415 3937 2866 4012 ἀνθρωποκτόνον
2925 3933 3206 4006 διάϐολον,
3281 3936 3380 3993 ἵνα
3434 3935 3632 3994 τελείαν
3683 3931 3778 4003 δόξῃ

2179 4024 2430 4099 λατρείαν
2481 4026 2835 4102 προσενὲγκαι
2891 4031 3009 4088 τοῖς
3073 4027 3162 4081 ὑπ’
3235 4026 3408 4083 αὐτοῦ
3463 4022 3778 4100 θεραπευομέ-

2175 4134 2290 4176 νοις
2341 4113 2597 4176 εῗδώλοις
2651 4114 2741 4169 καὶ
2805 4112 3191 4190 βδελύγμασιν,
3259 4115 3475 4188 μᾶλλον
3525 4112 3577 4169 δὲ
3603 4116 3698 4170 τοῖς
3723 4106 3775 4161 δι’

2177 4203 2395 4259 ἐκείνων
2455 4203 2727 4280 ἐνεργοῦσι
2798 4211 2900 4273 τῆς
2975 4204 3246 4278 πονηρίας
3307 4203 3568 4277 πνεύμασί
3614 4221 3663 4256 τε
3705 4195 3771 4252 καὶ

2178 4291 2418 4366 δαίμοσι,
2481 4293 2632 4371 ξίφος
2688 4293 3051 4366 σπασάμενος,
3113 4290 3372 4348 ἀνέλαϐεν
3431 4294 3590 4361 αὐτὴν
3638 4284 3774 4342 ἐπὶτό

2178 4379 2324 4459 ὅρος,
2357 4382 2614 4458 αὐτόχειρ
2670 4382 2760 4437 καὶ
2821 4382 3121 4458 αὐτουργὸς
3173 4391 3274 4453 τῆς
3331 4381 3630 4461 μιαιφονίας
3657 4374 3776 4452 γενὲ-

2178 4485 2295 4537 σθαι
2329 4472 2605 4544 ἐπιθυμῶν
2665 4470 2755 4526 καὶ
2816 4470 3118 4547 ἐφιέμενος.
3176 4478 3500 4548 ΙΙεριχαρῶς
3529 4469 3580 4526 δὲ
3606 4472 3636 4538 ἡ
3664 4462 3774 4528 καλῆ

2176 4560 2264 4617 καὶ
2322 4559 2507 4616 τελεία
2563 4561 2855 4635 περιστερᾶ
2909 4562 3013 4628 τήν
3070 4561 3201 4636 ὑπὲρ
3263 4564 3499 4638 Χριστοῦ
3548 4553 3774 4632 δεχομένη

2180 4651 2414 4728 σφαγὴν,
2450 4650 2526 4715 εἷς
2555 4651 2872 4725 προσευχήν
2904 4650 2994 4704 καὶ
3044 4651 3246 4706 ἱκεσίαν
3289 4649 3555 4726 ἐτρέπετο.
3585 4653 3778 4701 ’Ἐπευ-

2182 4739 2267 4796 δεν
2300 4741 2404 4816 γὰρ
2437 4738 2523 4794 ἐπὶ
2553 4741 2616 4794 τὸ
2651 4734 2904 4815 βραϐεῖον
2963 4747 3064 4808 τῆς
3123 4739 3235 4795 ἄνω
3265 4740 3534 4811 κλήσεως,
3563 4736 3641 4792 καὶ
3670 4731 3776 4804 πρὸς

2179 4831 2278 4898 τήν
2339 4829 2416 4894 είς
2471 4829 2698 4905 οὐρανὸν
2758 4829 3011 4903 ἠπείγετο
3076 4829 3363 4902 μεταρσίαν
3416 4817 3777 4884 ἀνάϐασιν.Οῶ

2183 4919 2267 4976 δὶν
2302 4916 2359 4974 δὲ
2387 4918 2591 4975 κωλύει
2645 4918 2821 4973 αὐτῶν
2874 4925 2977 4987 τῆς
3036 4920 3212 4994 εὐχῆς
3266 4925 3374 4974 τῶν
3431 4917 3669 4990 ῥημάτων
3705 4908 3776 4963 ἐπ’

2182 5009 2406 5065 ακοῦσαι
2435 5016 2536 5078 τῆς
2568 5009 2863 5083 μάρτυρος,
2893 5008 2985 5062 ’ἱνα
3016 5006 3084 5062 δι’
3117 5010 3297 5064 αὐτῶν
3339 5009 3437 5079 τήν
3463 5005 3620 5072 ἀκοήν
3646 4999 3774 5074 ἁγιά-

2185 5120 2386 5173 σωμεν.
2427 5122 2453 5152 ι
2483 5100 2746 5173 Ἀναρχε,
2807 5096 3201 5172 ᾶχειροποίητε
3260 5096 3542 5173 μαρτύρων
3574 5090 3772 5173 oriens,

2185 5189 2349 5264 Κύριε
2405 5190 2580 5259 Ἰησοῦ
2632 5187 2848 5261 Χριστὶ,
2910 5188 2940 5241 ὁ
2995 5187 3086 5242 τὸν
3144 5185 3368 5261 οὐρανὸν
3431 5183 3662 5246 ἐκτείνας,
3703 5172 3772 5231 καὶ

2181 5281 2281 5348 τήν
2339 5284 2442 5352 γῆν
2501 5275 2860 5349 θεμελιώσας’
2921 5276 2949 5330 ὁ
3002 5277 3098 5338 τὰς
3156 5271 3426 5337 ἀϐύσσους
3479 5269 3772 5352 συγκλεῖσις,

2183 5365 2273 5422 καὶ
2320 5368 2419 5436 τὴν
2470 5365 2738 5421 θάλασσαν
2791 5364 3059 5440 τειχίσας·
3093 5366 3120 5419 ὁ
3154 5365 3458 5441 προστάξας
3484 5364 3572 5422 τὰς
3608 5350 3772 5441 ὄμϐρος

2191 5462 2376 5520 τόκους
2406 5451 2632 5535 νεφέλας
2667 5455 2886 5532 βρέχειν
2947 5453 3036 5509 ἐπὶ
3093 5455 3369 5530 πονηροὺς
3397 5452 3484 5509 καὶ
3513 5437 3772 5526 ἀγαθο·5ς·δ

2887 5657 2930 5690 ⁸⁸
2978 5656 3140 5711 Prov.
3198 5673 3316 5721 vm,
3367 5654 3557 5716 27-29;
3599 5649 3769 5703 Jerem.
