3952 6202
141 384 232 440 805

144 507 214 564 ἐπὶ
265 505 535 578 θαλάσσης
594 506 968 583 περιπατήσας
1029 505 1104 569 ὡς
1161 505 1245 564 ἐπ’
1329 507 1582 590 ἐδάφους,

142 596 250 660 τοὺς
278 593 443 658 πόδας
481 596 556 669 μή
593 595 807 671 βρέξας⁸
843 596 871 651 ὁ
931 592 1262 669 ἐπιτιμήσας
1321 602 1400 671 τῷ
1431 596 1616 673 ἀνέμῳ
1672 596 1761 654 καὶ

142 690 199 762 τῇ
225 682 471 760 θαλάσσῃ,
521 686 611 740 καὶ
645 683 723 748 εἷς
752 683 1003 762 γαλήνην
1061 681 1406 760 μεταϐαλών·
1436 689 1611 744 πάντα
1664 689 1764 762 γάρ

145 775 396 845 ὑπακούει,
429 772 598 851 Κύριὲ
631 796 738 848 μου
769 774 957 846 Ἰησοῦ
1004 776 1225 853 Χριστὶ,
1256 780 1336 851 τῷ
1393 781 1471 851 σῷ
1526 777 1768 852 προστά-

143 887 307 943 γματι,
364 863 445 920 ὅτι
532 865 826 937 ποιήματά
911 862 1007 920 σοῦ
1062 864 1226 921 ἐστιν·
1286 865 1582 942 Παράσχου
1646 886 1764 940 μοι,

145 953 432 1029 Κῦριε,τὴν
486 954 701 1024 αἴτησιν
761 953 984 1027 ταύτην,
1016 951 1106 1009 καὶ
1167 952 1258 1017 δὸς
1314 958 1383 1030 τῇ
1443 952 1613 1030 δούλῃ
1672 976 1767 1009 σου

146 1046 308 1120 χάριν,
335 1044 423 1098 ἳνα
444 1042 592 1106 ὅστις
624 1042 943 1117 μνημονεύῃ
999 1064 1105 1116 μου
1158 1041 1210 1098 ἐν
1267 1048 1346 1116 τῷ
1386 1041 1617 1118 ὀνόματί
1671 1064 1767 1098 σου

143 1136 215 1204 τῷ
266 1132 410 1208 ἁγίῳ,
470 1131 559 1188 καὶ
606 1134 744 1206 ποιῇ
790 1132 891 1202 τὴν
957 1134 1183 1205 μνήμην
1234 1135 1342 1187 τῶν
1388 1132 1612 1207 ἡμερῶν
1666 1134 1767 1198 τῆς

149 1220 419 1297 μαρτυρίας
450 1241 578 1295 μου,
610 1220 800 1296 Κύριε,
872 1220 948 1294 μὴ
1012 1222 1259 1295 μνησθῇς
1313 1224 1423 1276 τῶν
1483 1221 1764 1295 ἁμαρτιῶν

146 1309 299 1366 αὐτῶν
328 1309 378 1366 ἐν
423 1309 605 1385 ἡμέρᾳ
634 1309 886 1385 κρίσεως,
945 1308 1074 1365 ἀλλ’
1122 1308 1293 1372 ἵλεως
1340 1313 1501 1385 γενοῦ
1556 1310 1766 1371 αὐτοῖς.

144 1399 408 1464 Γινώσκεις
453 1398 582 1475 γάρ,
643 1398 831 1472 Κύριε,
908 1398 990 1453 ὅτι
1050 1398 1175 1475 σάρξ
1231 1396 1323 1453 καὶ
1388 1400 1528 1471 αἷμά
1583 1397 1767 1472 ἐσμεν,

145 1490 345 1564 ποίημα
369 1493 476 1544 τῶν
504 1487 795 1564 ἀχράντων
829 1488 1035 1564 χειρῶν
1085 1507 1203 1544 σου.
1256 1509 1283 1538 »
1314 1487 1416 1545 Καὶ
1449 1488 1769 1562 ἀναπεμψά-

146 1598 229 1649 σης
266 1579 434 1649 αὐτῆς
487 1579 576 1646 τὸ,
637 1578 841 1651 ’Δμήν,
890 1577 1057 1632 πάλιν
1084 1576 1454 1651 προσηύξατο,
1514 1576 1767 1653 λέγουσα·

149 1692 173 1720 ι
197 1665 346 1744 Κύριε
374 1668 402 1723 ὁ
428 1666 563 1730 Θεὸς
591 1663 893 1740 δυνάμεων,
927 1665 955 1720 ὁ
984 1667 1163 1737 πάσης
1213 1673 1390 1736 πνοῆς
1434 1665 1525 1721 καὶ
1572 1665 1770 1740 σαρκὸς

147 1753 480 1834 δημιουργὸς,
542 1756 571 1811 6
619 1756 916 1829 ’ἰασάμενος
971 1761 1144 1811 πᾶσαν
1203 1756 1386 1823 νόσον,
1444 1754 1534 1810 καὶ
1597 1757 1771 1809 πᾶσαν

150 1849 418 1921 μαλακίαν,
446 1848 836 1922 παράσχου-τῇ
868 1844 1041 1922 δούλῃ
1097 1867 1192 1901 σου
1252 1847 1437 1922 χάριν,
1504 1844 1594 1901 καὶ
1651 1846 1771 1901 ὅσοι

146 1934 194 1991 ἄν
247 1935 613 2013 προσέλθωσιν
670 1939 750 2008 τῷ
804 1935 960 2010 τόπῳ
1022 1934 1146 1991 ἔνθα
1224 1937 1290 1991 τὸ
1346 1933 1601 2010 λείψανόν
1667 1956 1773 2009 μου

146 2025 424 2094 ἀπόκειται,
471 2025 563 2081 καὶ
620 2024 723 2080 εἶσὶ
781 2027 851 2080 τά
906 2024 1216 2100 ἡγιασμὲνα
1272 2022 1461 2095 ὕδατα,
1522 2022 1768 2101 δώρησαι

144 2114 306 2178 αὐτοῖς
336 2112 472 2170 ἴασιν
505 2117 696 2191 ψυχῆς
742 2115 834 2170 καὶ
894 2116 1173 2187 σώματος,
1204 2113 1293 2169 ἳνα
1322 2113 1413 2170 καὶ
1468 2113 1522 2170 ὲν
1553 2114 1773 2179 τούτοις

146 2199 405 2276 δοξάζηται
462 2205 526 2260 τὸ
580 2205 840 2281 πανάγιον
902 2202 1079 2278 ὄνομά
1124 2224 1243 2274 σου,
1301 2204 1414 2277 ἅμα
1463 2206 1546 2277 τῷ
1603 2202 1773 2280 Πατρὶ

144 2294 218 2347 καὶ
242 2298 317 2367 τῷ
356 2294 498 2370 ἁγίῳ
558 2292 853 2367 Ιίνεόματι.
915 2316 943 2345 ››
1003 2292 1100 2348 Καὶ
1156 2293 1552 2367 ἀναπεμψάσης
1602 2291 1771 2363 αὐτῆς

144 2382 421 2456 τὸ,’Λμὲν,
453 2382 665 2459 ἐγένετο
715 2383 869 2462 φωνῆ
930 2381 991 2438 ἐκ
1044 2386 1142 2437 τοῦ
1209 2382 1467 2458 οὐρανοῦ,
1520 2379 1772 2458 λέγουσιν

147 2474 375 2546 «Δεῦρο,
429 2470 735 2548 ἡγιασμένη
802 2490 907 2543 μου
967 2467 1307 2543 ἆθληφόρος,
1362 2468 1643 2524 ἀναπαύου
1697 2469 1773 2531 εἷς

144 2558 203 2612 τά
224 2565 439 2633 ταμιεῖα
464 2564 564 2615 τοῦ
596 2558 808 2634 Πατρός
843 2580 949 2632 μου
995 2558 1094 2614 τοῦ
1147 2557 1202 2613 ἐν
1262 2557 1533 2635 οὐρανοῖς.
1594 2560 1777 2614 Πάντα

147 2643 641 2723 δὶὸσαᾶνῇτήσω,
680 2645 990 2724 δεδώρηται
1049 2667 1132 2702 σοι
1190 2648 1320 2723 παρ’
1377 2646 1535 2720 ἐμοῦ.
1593 2670 1621 2700 ››
1678 2649 1772 2704 Καὶ

146 2740 295 2790 ταῦτα
354 2732 627 2793 ἀκούσασα
681 2738 717 2806 ἢ
780 2737 1021 2813 μακαρία
1080 2737 1287 2813 μάρτυς
1357 2740 1454 2791 τοῦ
1513 2738 1776 2813 Χριστου,

145 2824 292 2893 ἦλθεν
350 2825 438 2882 ἐπὶ
487 2827 584 2882 τὸν
642 2827 835 2899 τόπον,
893 2826 984 2881 καὶ
1038 2827 1326 2899 ἀπετμήθη
1385 2827 1485 2895 τὴν
1531 2825 1772 2904 κεφαλὴν

148 2911 237 2968 ὑπὸ
260 2917 353 2969 τοῦ
385 2914 572 2992 ξίφους
598 2918 696 2969 τοῦ
725 2910 929 2990 πατρὸς
962 2913 1151 2983 αὐτῆς,
1185 2912 1277 2968 σὺν
1332 2916 1399 2987 τῇ
1460 2914 1587 2988 ἁγίᾳ
1642 2915 1771 2970 Ἰου-

1254 387 1622 444 LAUDATIO
1661 388 1721 442 Β.
1760 387 2123 443 BARBARE
2159 390 2385 444 MART.

3412 400 3521 459 806

1669 508 1758 564 καὶ
1791 511 1843 579 Α
1875 511 2077 569 tinctis
2105 512 2688 584 pedibusambulasti
2709 514 2773 550 ‘7'
2797 532 2810 570 :
2831 515 3266 589 quiincrepasti
3281 530 3521 583 ventum

1878 605 2066 655 etmai
2082 618 2132 670 e,
2150 605 2207 656 et
2227 601 2285 655 in
2311 600 2701 673 tranquillum
2716 603 2955 660 mutasti
2968 603 3033 673 ⁸⁸)
3054 608 3255 662 omnia
3281 610 3525 683 quippe,

1880 688 2131 745 Domine
2149 690 2227 744 mi
2241 691 2378 745 .lesu
2396 691 2644 757 Christe,
2664 698 2958 765 praecepto
2974 694 3390 767 obtemperant
3405 705 3525 772 tuo,

1879 778 2018 850 quia
2034 784 2087 834 te
2103 784 2341 834 auctore
2356 780 2788 855 conditasunt),
2804 781 3000 854 praebe
3016 784 3159 839 mihi
3176 785 3525 857 petitionem

1879 866 2053 937 hanc,
2080 868 2349 935 Domine,
2385 874 2442 924 et
2471 869 2545 924 da
2575 870 2808 925 ancillae
2836 877 2950 926 tua:
2968 874 3240 945 gratiam,
3274 881 3338 930 ut
3369 877 3528 948 quis-

1879 955 2012 1027 quis
2044 956 2158 1011 mei
2190 957 2251 1011 in
2283 962 2488 1012 sancto
2512 959 2753 1014 nomine
2779 965 2875 1015 tuo
2898 961 3260 1027 meminerit,
3288 965 3522 1037 meique

1880 1046 2148 1117 martyrii
2161 1045 2391 1101 dierum
2406 1049 2755 1103 memoriam
2770 1050 2974 1122 egerit,
2999 1057 3080 1113 tu.
3092 1053 3360 1121 Domine,
3385 1072 3520 1126 pec-

1879 1136 2144 1187 catorum
2178 1134 2307 1204 ejus
2338 1150 2457 1189 non
2492 1137 2897 1193 reminiscaris
2938 1137 3000 1193 in
3041 1139 3388 1211 diejudicii,
3419 1143 3522 1199 sed

1878 1220 1928 1275 ei
1950 1222 2240 1292 propitius
2262 1223 2390 1278 fias.
2418 1224 2540 1280 Scis
2562 1226 2742 1289 enim,
2760 1227 2915 1282 906
2939 1227 3205 1297 Domine,
3233 1230 3372 1301 quia
3388 1246 3524 1287 caro

1879 1312 1938 1364 et
1967 1310 2205 1381 sanguis
2240 1326 2467 1380 sumus,
2503 1330 2652 1385 opus
2699 1315 3187 1373 intaminatarum
3238 1334 3527 1376 manuum

1880 1402 2139 1454 tuarum.
2176 1420 2203 1449 ››
2237 1400 2681 1473 Submissoque,
2714 1406 2910 1472 Amen,
2956 1406 3171 1461 iterum
3223 1409 3410 1463 oravit
3439 1410 3526 1464 di~

1879 1501 2061 1542 cens:
2095 1510 2122 1538 ‹‹
2175 1490 2420 1544 Domine
2461 1492 2613 1546 Deus
2665 1492 2967 1559 virtutum,
3012 1494 3185 1550 ﬂatus
3230 1498 3425 1553 omnis
3471 1501 3528 1553 et

1880 1577 2077 1631 carnis
2090 1578 2487 1650 conditor,qui
2502 1581 2771 1636 morbum
2785 1598 3022 1637 omnem
3036 1587 3530 1656 omnemquelan-

1880 1679 2126 1740 guorem
2158 1669 2379 1724 sanasti
2404 1668 2468 1736 ‘9,
2492 1670 2689 1741 praebe
2710 1669 2944 1726 ancillas
2971 1677 3086 1727 tua)
3104 1674 3351 1745 gratiam
3372 1674 3526 1732 hanc

1882 1760 1951 1811 ut
1979 1758 2197 1823 cuncti,
2229 1756 2330 1829 qui
2364 1758 2478 1813 huc
2510 1758 2624 1814 loci
2646 1760 2746 1814 ubi
2768 1760 3035 1832 reliquiae
3054 1779 3201 1817 mea:
3221 1763 3528 1835 deponen-

1805 1886 1849 1953 Β
1885 1850 1998 1953 tur,
2033 1852 2288 1953 suntque
2308 1848 2619 1948 sanctitate
2639 1849 2930 1906 salutares
2952 1866 3140 1922 aqum,
3161 1853 3452 1922 venerint,
3472 1859 3528 1910 te

1883 1934 2247 2008 indulgente,
2282 1937 2467 1992 animi
2499 1941 2558 1992 et
2587 1940 2849 2010 corporis
2872 1940 3184 1995 sanitatem
3215 1942 3527 2015 recipiant,

1881 2031 1949 2081 ut
1970 2025 2033 2080 in
2061 2026 2154 2080 his
2185 2042 2421 2097 quoque
2448 2026 2814 2098 gloriﬁcetur
2843 2030 3285 2085 sanctissimum
3306 2048 3528 2089 nomen

1882 2121 2073 2182 tuum,
2104 2130 2227 2170 una
2255 2131 2388 2170 cum
2420 2118 2592 2172 Patre
2624 2122 2682 2172 et
2707 2118 2925 2188 Spiritu
2958 2124 3184 2174 sancto.
3216 2140 3245 2169 »
3276 2122 3359 2176 Ac
3392 2121 3530 2176 sub-

1877 2204 2057 2276 jecto,
2092 2203 2286 2270 Amen,
2316 2204 2469 2260 facta
2497 2220 2603 2260 vox
2635 2211 2724 2261 est
2752 2206 2823 2261 de
2852 2207 3000 2262 coelo
3028 2206 3233 2263 dicens
3260 2225 3273 2262 :
3297 2231 3325 2260 (ι
3363 2210 3528 2278 Veni,

1888 2299 2093 2349 sancta
2111 2308 2245 2349 mea
2264 2294 2488 2363 victrix,
2505 2294 2810 2366 requiesce
2832 2296 2893 2350 in
2916 2297 3107 2352 Patris
3131 2298 3246 2353 mei
3271 2298 3529 2355 caelestis

1886 2382 2186 2437 thalamis.
2217 2384 2356 2448 Qum
2389 2384 2721 2455 postulasti,
2763 2386 2968 2442 omnia
3015 2403 3051 2441 a
3098 2402 3192 2442 me
3243 2404 3531 2446 concessa

1889 2478 2047 2527 sunt.
2082 2494 2109 2521 »
2141 2472 2365 2537 Quibus
2395 2473 2612 2529 auditis
2642 2473 2815 2530 beata
2844 2475 3059 2531 Christi
3093 2481 3318 2550 martyr
3348 2478 3421 2534 ad
3453 2477 3534 2533 lo-

1888 2577 2021 2616 cum
2048 2562 2226 2626 venit,
2257 2560 2656 2633 abscissisque
2696 2569 2944 2633 paterno
2993 2580 3135 2620 ense
3183 2566 3530 2635 cervicibus,

1889 2666 2024 2705 cum
2055 2654 2260 2705 sancta
2285 2650 2518 2706 Iuliana
2549 2650 2760 2706 eodem
2792 2651 2922 2707 loco
2965 2653 3198 2708 cecidit.
3250 2655 3529 2711 Dioscoro

1890 2743 2085 2791 autem
2103 2742 2268 2808 patre
2290 2740 2463 2807 ejuse
2486 2745 2688 2794 monte
2709 2739 3128 2807 descendente,
3153 2740 3307 2813 ignis
3328 2758 3359 2796 e
3383 2742 3529 2797 ccelo

1889 2824 2526 2896 ceciditsicqueipsum
2548 2826 2861 2895 devoravit,
2887 2833 2954 2882 ut
2973 2844 3048 2883 ne
3065 2828 3263 2884 favilla
3287 2830 3531 2901 quidem

1888 2919 2220 2986 appareret,
2252 2920 2354 2969 aut
2380 2920 2738 2972 occurreret.

149 2999 289 3078 λιανῇ
318 3004 370 3059 ἐν
398 3009 479 3078 τῷ
504 3009 654 3078 αυτῷ
683 2998 857 3077 τόπῳ.
893 3004 1317 3079 Κατερχομὲνου
1375 3000 1433 3057 δὶ
1492 3003 1788 3078 Διοσκόρου
1842 3006 1941 3058 τοῦ
1997 3000 2204 3075 πατρὸς
2258 3002 2431 3073 αὐτῆς
2487 3004 2592 3058 ἀπὸ
2642 3008 2742 3059 τοῦ
2772 2999 2957 3079 ὅρους,
2990 3008 3095 3080 πῦρ
3126 3000 3313 3062 ἔπεσεν
3344 3005 3405 3062 ἐκ
3432 3010 3530 3062 τοῦ

149 3091 377 3166 οὐρανοῦ,
406 3094 493 3149 καὶ
525 3095 822 3173 κατὲοραγεν
855 3092 1038 3164 αὐτὸν,
1070 3091 1208 3147 ὣστε
1243 3094 1381 3166 μήτε
1408 3090 1500 3146 τὸν
1529 3095 1666 3167 χοῦν
1696 3092 1995 3170 φαίνεσθαι,
2026 3091 2062 3161 ἢ
2091 3090 2395 3166 εὑρεθῆναι.

216 3203 298 3271 ιη’.
330 3200 512 3258 Καλὸν
546 3196 620 3263 ὦς
649 3199 874 3269 ἀληθῶς
905 3203 975 3275 τῇ
1005 3198 1234 3272 ἀθλήσει
1263 3198 1327 3254 τὸ
1381 3196 1539 3261 τέλος
1569 3200 1603 3269 ἡ
1638 3204 1778 3274 μάρ-
1806 3204 1849 3270 C

154 3309 233 3352 τυς
257 3289 544 3348 ἐπέθεικεν.
594 3286 909 3365 Εὖχήνγᾶρ
963 3292 1071 3344 τῶν
1126 3286 1308 3352 οἱθλων
1367 3287 1418 3342 ὲν
1476 3292 1555 3361 τῷ
1583 3288 1779 3364 πύργῳ

149 3379 457 3452 προσάξασα,
488 3378 660 3454 εὐχὴν
685 3376 901 3440 τοῦτοις
930 3375 1020 3432 καί
1076 3378 1179 3447 τήν
1238 3373 1516 3452 κορωνίδα
1566 3374 1778 3446 ἐνέστη⁶

153 3486 245 3523 σεν.
274 3470 367 3532 Τίς
401 3466 461 3525 δὲ
491 3472 591 3534 τῆς
618 3469 935 3545 προσευχῆς
984 3464 1020 3537 ἦ
1082 3463 1310 3541 δύναμις
1343 3482 1355 3535 ;
1384 3465 1630 3540 ᾐτήσατο
1687 3466 1778 3520 τὸν

148 3552 272 3612 ἴδιον
300 3559 533 3638 νυμφίον
563 3558 828 3634 Χριστὸν,
860 3552 1027 3611 ἵλεων
1082 3561 1201 3620 τοῖς
1257 3555 1423 3626 αὐτῆς
1477 3555 1579 3624 τὴν
1640 3555 1781 3629 μνή-

155 3666 248 3717 μην
279 3646 619 3704 ἐπιτελοῦσιν
678 3644 947 3723 γενέσθαι,
977 3648 1085 3701 τῶν
1140 3645 1235 3720 μὲν
1269 3643 1782 3719 πλημμελημάτων

150 3736 235 3805 τήν
265 3734 473 3816 ἄφεσιν,
502 3741 611 3792 τῶν
663 3732 720 3791 δὲ
772 3734 1100 3808 νοσημάτων
1153 3735 1253 3805 τὴν
1309 3733 1477 3790 ἳασιν.
1508 3734 1565 3788 ’0
1598 3731 1654 3789 δὶ
1683 3733 1780 3803 τήν

152 3823 336 3881 ἱκεσίαν
369 3825 685 3901 δεξάμενος,
744 3824 822 3888 εἷς
878 3826 1044 3900 πέρας
1098 3822 1240 3899 ἄγειν
1280 3822 1624 3900 ὑπισχνεῖται
1682 3823 1783 3893 τήν

152 3907 333 3989 ἔσεσιν,
362 3918 457 3974 καὶ
490 3914 562 3972 δι’
593 3915 795 3978 οῖκείας
826 3921 1012 3994 φωνῆς
1044 3915 1246 3985 ταύτην
1273 3910 1646 3991 πληροφορεῖ,
1692 3914 1785 3968 καὶ

153 4007 360 4083 παρέχει
399 4008 501 4077 τήν
534 4004 819 4062 πῖστωσιν,
856 4005 951 4062 Καὶ
983 4006 1018 4075 ἡ
1061 4004 1155 4077 μὲν
1187 4004 1277 4059 τὸν
1310 4002 1513 4079 αὐχένα
1540 4007 1618 4076 τῷ
1647 4002 1786 4081 ξίφει

154 4091 434 4173 ὁλοψῦχως
469 4097 799 4173 προέτεινεψ
844 4095 871 4150 ὁ
926 4092 984 4150 δὲ
1029 4092 1380 4157 τεκνοκτόνος
1433 4093 1636 4167 πατὴρ,
1685 4093 1785 4160 τήν

153 4180 360 4260 πληγὴν
387 4186 766 4262 ἀσπλάγχνως
796 4184 1087 4263 ἐπήγαγεν.
1119 4182 1217 4255 Καὶ
1255 4185 1289 4253 ἡ
1326 4183 1422 4256 μὲν
1454 4181 1588 4256 πρὸς
1625 4180 1792 4251 οὖρα-

154 4270 284 4337 νῐους
315 4273 551 4350 δόμους,
581 4277 673 4330 καὶ
723 4274 1163 4350 ηὐτρεπισμένην
1224 4268 1606 4350 ἐδορυφορεῖτο
1664 4269 1788 4324 ἀνά-

152 4380 353 4435 παυσιν,
384 4365 414 4420 ὁ
445 4363 525 4434 δῖε,
559 4364 638 4428 εἷς
668 4361 801 4435 ᾅδου
829 4365 1135 4438 ταρτάρους
1173 4360 1407 4437 μυχοὺς,
1453 4359 1540 4415 καὶ
1594 4357 1793 4438 ζοφερᾶ

154 4458 379 4526 ταμιεῖα,
414 4459 508 4511 καὶ
543 4453 620 4517 εἷς
652 4454 1068 4527 ἡτοιμασμένην
1095 4451 1360 4527 κατήγετο
1410 4446 1657 4506 κόλασιν.
1693 4448 1792 4503 Καὶ

155 4540 187 4609 ἢ
214 4543 302 4614 μὶν
330 4544 604 4621 ἀγγέλους
633 4545 781 4618 εἶχεν
810 4539 1070 4620 φαιδροὺς
1103 4537 1475 4615 ποῖηγοῦντας
1508 4539 1643 4614 πρὸς
1690 4539 1792 4607 τὴν

157 4626 418 4704 ἀνάϐασιν,
455 4635 484 4689 ὁ
522 4629 602 4699 δί,
638 4630 900 4706 δαὲμονας
962 4628 1202 4704 ἀμειδεῖς
1259 4650 1317 4684 τε
1369 4624 1460 4683 καὶ
1509 4623 1795 4707 φοϐεροὺς,

156 4716 397 4787 ’ἕλκοντας
431 4721 708 4784 ἀκουσίως
741 4722 876 4795 πρὸς
899 4722 997 4791 τὴν
1029 4714 1343 4776 κατάϐασιν.
1379 4719 1446 4773 Ὠ
1475 4723 1591 4780 πῶς
1625 4718 1684 4773 ἆν
1717 4739 1801 4782 τις

158 4807 305 4879 ἀξίως
339 4815 691 4887 θρηνήσειεν,
724 4809 989 4876 πανάθλιε
1018 4810 1108 4865 καὶ
1139 4810 1460 4884 ταλαίπωρε
1493 4808 1507 4864 l
1552 4811 1671 4871 πῶς
1701 4806 1801 4862 οὐκ

158 4896 358 4977 ἕοριξας
385 4905 490 4971 τὴν
528 4899 687 4976 ἁγίαν
722 4898 1015 4973 ἀποτεμεῖν
1045 4905 1145 4969 τῆς
1208 4898 1479 4973 μάρτυρος
1508 4893 1752 4973 κεφαλήν
1786 4896 1798 4951 l

161 4992 265 5051 πῶς
314 5012 412 5047 σου
470 4994 509 5063 ἡ
562 4992 688 5068 χεὶρ
750 4990 851 5046 οὐκ
907 4988 1220 5063 ἐνάρκησεν,
1283 4991 1352 5061 τῇ
1414 4983 1527 5058 ἱδῖᾳ
1580 4986 1799 5062 θυγατρὶ

159 5074 491 5156 ἀναιρετικὴν
529 5081 820 5157 ἆπενέγκαι
858 5078 1038 5155 τομήν
1079 5096 1092 5147 ;
1125 5076 1279 5135 Ἀλλ’
1336 5071 1507 5138 ὅντως
1562 5074 1807 5149 ταχυτά-

156 5185 243 5237 την
293 5167 568 5241 ἁνηλεοῦς
654 5169 1048 5243 ἀπανθρωπίας
1107 5165 1349 5238 ἐκομίσω
1406 5166 1472 5220 τὰ
1530 5162 1802 5238 ἐπίχειρα,

160 5256 239 5312 καὶ
288 5262 395 5315 τῶν
461 5262 727 5335 πονηρῶν
789 5253 1110 5331 σπερμάτων
1198 5254 1542 5329 πονηρότερα
1595 5250 1807 5326 ἐδρέψω

161 5344 223 5399 τὰ
274 5340 581 5427 δράγματα,
638 5347 729 5404 καὶ
782 5348 817 5417 ἡ
872 5350 968 5403 τοῦ
1027 5342 1302 5421 προδότου
1350 5362 1410 5398 σε
1457 5338 1629 5400 Ἰούδα
1690 5341 1809 5411 ἀξία

172 5436 422 5509 μετῆλθεν
453 5437 754 5510 ἐκδῖκησις.
791 5437 1045 5505 Σκηπτὸς
1101 5435 1202 5509 γὰρ
1235 5434 1525 5513 οὐρανόθεν
1573 5429 1810 5506 ἐνεχθεὶς

168 5531 432 5604 κεραυνὸς,
465 5528 630 5604 σῶμά
677 5550 773 5585 σου
828 5529 891 5584 τὸ
948 5525 1142 5602 μικρὸν
1196 5524 1551 5603 ὲξετέιρρωσεν
1603 5522 1693 5578 καὶ
1744 5522 1807 5578 τὸ

241 5725 307 5763 ⁴⁴¹⁹
335 5730 541 5786 Matth.
574 5746 690 5802 vni,
723 5731 912 5785 23-27.
991 5728 1035 5763 ‘3
1065 5728 1203 5784 Luc.
1236 5741 1350 5794 vui,
1383 5725 1572 5779 22-25.

1961 3203 2045 3256 18.
2080 3201 2388 3276 Egregium
2419 3200 2596 3274 plane
2628 3202 2809 3257 finem
2841 3200 3151 3259 certamini
3178 3202 3537 3278 martyrim-

1888 3291 2106 3363 posuit.
2139 3291 2283 3346 Cum
2328 3289 2487 3346 enim
2533 3291 2596 3345 in
2644 3289 2793 3346 turri
2842 3290 3055 3363 posita,
3104 3292 3278 3347 luctm
3327 3309 3534 3365 preces

1887 3378 2295 3452 prmmisisset,
2328 3379 2382 3434 ei
2413 3394 2647 3452 quoque
2680 3396 2885 3451 preces
2925 3379 3273 3436 coronidem
3305 3382 3531 3438 statuit.

1890 3469 2172 3534 Quaenam
2196 3484 2332 3524 vero
2364 3468 2449 3525 vis
2480 3468 2840 3541 precationis
2890 3466 3050 3525 fuit?
3097 3470 3387 3541 Sponsum
3436 3486 3533 3527 ro-

1891 3558 2066 3630 gavit,
2097 3563 2161 3613 ut
2192 3559 2542 3615 memoriam
2564 3558 2750 3631 ipsius
2774 3556 3213 3615 celebrantibus
3244 3560 3537 3631 propitius

1889 3645 2063 3715 foret,
2096 3647 2313 3703 delicta
2340 3648 2689 3714 remitteret,
2724 3646 2966 3704 morbos
2998 3653 3255 3705 sanaret.
3280 3649 3409 3720 Ille,
3440 3648 3539 3705 ad-

1892 3737 2077 3793 missa
2091 3736 2545 3810 supplicatione,
2560 3743 2828 3793 votorum
2844 3744 3178 3810 compotem
3198 3738 3391 3811 ipsam
3412 3738 3537 3796 fore

1892 3826 2229 3899 pollicetur,
2264 3844 2487 3899 suaque
2511 3824 2696 3899 ipsius
2716 3843 2854 3883 voce
2886 3828 3199 3884 certiorem
3226 3829 3387 3899 facit,
3412 3829 3539 3886 dat-

1895 3934 2009 3988 que
2043 3917 2442 3974 securitatem.
2478 3918 2558 3973 Ac
2589 3916 2828 3988 quidem
2863 3921 2985 3973 toto
3014 3918 3214 3974 animo
3252 3920 3541 3976 cervicem

1896 4005 2091 4079 gladio
2121 4007 2280 4078 virgo
2319 4004 2638 4079 protendit,
2692 4006 2957 4062 carnifex
3000 4023 3134 4063 vero
3184 4026 3305 4064 sum
3354 4008 3540 4080 prolis

1896 4102 2066 4168 pater
2095 4095 2340 4151 immani
2366 4096 2596 4153 feritate
2628 4097 2813 4152 ictum
2845 4097 3059 4169 adegit.
3085 4100 3274 4168 Atque
3296 4096 3398 4151 illa
3415 4096 3542 4167 qui-

1900 4185 2033 4240 dem
2056 4186 2129 4240 ad
2150 4186 2417 4241 cmlestes
2439 4185 2645 4241 domos
2666 4192 2722 4241 et
2742 4185 3091 4257 adornatam
3117 4185 3385 4256 requiem
3408 4199 3542 4239 cum

1901 4273 2529 4345 pompadeducebatur
2556 4274 2676 4340 ;hic
2699 4279 2896 4329 autem
2920 4272 2996 4328 ad
3019 4277 3304 4327 tartarcos
3323 4263 3544 4327 inferni

1902 4362 2067 4416 sinus
2099 4360 2465 4432 obscuraque
2495 4360 2627 4415 loca
2660 4365 3008 4431 etparatum
3042 4360 3401 4431 supplicium
3424 4366 3546 4415 tru-

1902 4451 2166 4509 debatur.
2200 4452 2309 4508 Illa
2322 4451 2562 4524 angelos
2578 4451 2828 4507 habebat
2847 4450 3015 4506 laetos
3029 4450 3102 4506 ad
3115 4466 3426 4505 ascensum
3440 4450 3546 4505 du-

1907 4559 2004 4598 ces
2028 4558 2041 4597 :
2068 4542 2163 4597 hic
2179 4542 2486 4596 tetricosos
2508 4540 2967 4611 tremendosque
2995 4541 3141 4596 dmin
3153 4555 3295 4595 ones
3319 4540 3391 4594 ad
3413 4539 3548 4595 des-

1909 4630 2346 4687 censuminvite
2360 4628 2684 4686 trahentes.
2709 4629 2752 4685 Ο
2778 4629 3074 4700 quomodo
3100 4629 3230 4701 quis
3254 4628 3428 4701 digne
3452 4627 3552 4683 de-

1910 4719 2485 4789 ﬂeat,infelicissime
2498 4736 2564 4774 ac
2578 4718 3271 4784 miserabilileuomodo
3286 4734 3404 4773 non
3420 4717 3555 4771 hor-

1908 4810 2102 4873 ruisti,
2136 4815 2204 4865 ut
2233 4813 2497 4865 sanctam
2516 4807 2794 4881 martyris
2816 4807 3100 4863 cervicem
3134 4805 3552 4862 abscinderesl

1912 4900 2216 4966 Quomodo
2231 4917 2350 4955 non
2363 4898 3022 4971 obtorpuitdextera,ne
3042 4897 3177 4951 tiliae
3193 4896 3445 4969 proprim
3460 4897 3555 4953 1e-

1913 4990 2093 5047 talem
2124 4989 2306 5044 ictum
2338 4988 2635 5043 inferres?
2682 4988 2896 5042 Verum
2938 4986 3313 5042 celerrimam
3361 4986 3562 5060 reipsa

1914 5078 2250 5134 mercedem
2289 5077 2539 5131 immitis
2584 5074 3037 5131 inhumanitatis
3067 5076 3408 5148 reportasti,
3443 5072 3562 5131 ini-

1916 5182 2289 5238 quorumque
2306 5164 2602 5220 seminum
2626 5164 2947 5235 nequiores
2975 5164 3311 5237 manipulos
3333 5163 3561 5238 carpsi-

1918 5255 2011 5321 sti,
2046 5259 2220 5326 teque
2252 5253 2413 5309 Iudae
2443 5252 2768 5325 proditoris
2801 5252 2980 5327 digna
3002 5253 3264 5311 vindicta
3293 5256 3565 5312 insecuta

1919 5349 2026 5401 est.
2059 5344 2102 5397 E
2132 5343 2278 5399 ccelo
2310 5343 2470 5399 enim
2491 5341 2788 5398 demissus
2809 5342 3078 5399 fulminis
3100 5360 3346 5415 cuneus,
3371 5345 3561 5417 impu-

1918 5450 2051 5489 rum
2077 5450 2291 5505 corpus
2328 5438 2495 5488 tuum
2540 5433 2602 5487 in
2650 5432 2882 5488 favillas
2930 5432 3196 5503 redegit;
3247 5439 3423 5506 atque
3468 5432 3566 5490 hic

1920 5522 2163 5595 quidem
2193 5530 2249 5579 te
2280 5520 2677 5579 Sodomiticus
2696 5521 2850 5595 ignis
2880 5522 3065 5596 feriit,
3100 5522 3225 5581 illic
3248 5530 3446 5582 autem
3469 5540 3568 5597 ge-

1647 5720 1695 5759 ⁴⁹
1719 5721 1921 5779 Matth.
1956 5738 2031 5791 IV,
2055 5722 2145 5791 23,
