3952 6202
458 414 565 469 807

1731 410 1793 464 Β.
1834 409 2137 464 JOANNIS
2175 410 2587 466 DAMASCBNI
3721 417 3799 474 803

446 540 656 593 hennaa
690 540 744 591 te
778 534 1020 589 ﬂamma
1072 531 1325 605 excipiet
1383 532 1908 605 inexstinguibilis.
1960 533 2072 587 Not

2205 531 2300 603 μὲν
2337 528 2702 605 Σοδομιτικὸν
2738 533 2964 607 ἐνταῦθά
3005 557 3064 590 σε
3101 540 3207 612 πῦρ
3266 536 3640 614 ἐκεραύνωσεν,
3688 543 3714 610 ἡ
3758 540 3800 597 εὶ

446 628 602 681 enim
636 626 847 697 dignus
877 624 1041 679 luisti
1093 625 1192 694 qui
1252 624 1312 678 in
1362 623 1503 677 vivis
1556 628 1855 694 superstes
1912 639 2094 690 esses,

446 734 522 771 ne
564 715 743 787 digito
777 714 1219 769 demonstratus
1258 713 1535 785 martyris
1592 719 1761 785 pater
1791 712 2094 769 dicereris.

442 808 569 861 Non
603 811 657 859 te
689 804 949 875 amplius
976 803 1134 859 aedes
1174 809 1289 859 tum
1322 804 1588 875 recipere
1646 802 1969 869 sustinent,
2026 819 2097 858 ex

439 894 657 965 quibus
690 894 999 966 virginem,
1035 910 1286 964 eamque
1319 891 2093 963 clarissimamjexturbasti.

515 1093 597 1148 19.
634 1094 717 1148 Tu
742 1110 877 1149 vero
909 1092 1080 1161 mihi,
1110 1092 1324 1148 Christi
1368 1092 1618 1161 ovicula,
1679 1090 1974 1158 columba,
2038 1094 2096 1145 et

437 1200 756 1254 sponsa,ac
791 1183 838 1237 si
855 1182 1011 1253 quod
1025 1182 1246 1237 bonum
1263 1200 1481 1238 nomen
1500 1188 1609 1250 est,
1624 1182 2091 1254 gratiosumque,

438 1279 495 1326 et
526 1272 1163 1343 praestans,salve,quaz
1189 1272 1448 1327 stadium
1471 1278 1710 1326 strenue
1742 1286 1986 1325 emensa
2008 1286 2091 1324 es.

434 1361 622 1428 Salve,
641 1379 772 1432 qua;
792 1362 969 1433 digna
991 1360 1303 1415 certamini
1328 1361 1577 1431 praamia
1592 1359 1871 1415 retulisti.
1904 1358 2091 1424 Salve,

434 1452 873 1523 cui,multiplici
908 1469 1092 1525 agone
1126 1451 1758 1522 desudato,multiplex
1782 1449 1980 1523 palma
1995 1450 2095 1505 de-

433 1543 627 1597 betur.
664 1544 985 1614 Salve,quaa
1008 1542 1497 1614 corporissensus
1530 1543 1590 1597 in
1611 1542 1863 1613 juvenili
1896 1546 2091 1606 aatate,

430 1632 604 1685 senili
640 1632 1036 1702 prudentique
1081 1632 1235 1687 907
1299 1647 1467 1686 more
1529 1631 1849 1703 castigasti.
1902 1630 2089 1699 Salve,

434 1738 565 1791 qua)
591 1721 997 1793 virginitatem
1033 1720 1288 1784 Christo,
1315 1721 1493 1775 etiam
1542 1726 1680 1775 ante
1714 1721 2086 1792 martyrium,

431 1809 853 1865 intemeratam
880 1816 1059 1880 atque
1094 1809 1468 1881 impollutam
1490 1810 1716 1865 vovisti.
1752 1809 2085 1880 Salve,quaa

2205 627 2307 689 τῆς
2336 623 2558 695 γεέννης
2589 644 2647 678 σε
2691 620 2828 701 φλὸξ
2890 620 3152 692 ἄσϐεστος
3211 627 3323 682 ἐκεῖ
3383 625 3696 686 ὑποδέκεται.
3742 634 3801 688 Οό

2205 710 2305 785 γὰρ
2336 706 2418 765 ἔτι
2472 707 2757 767 ἐπιϐιῶναι
2813 712 3107 790 ἐτύγχανες
3167 714 3337 786 ἄξιος,
3395 717 3484 772 ἳνα
3539 720 3610 791 μή
3654 716 3799 775 Eax-m-

2207 796 2663 874 λοδεικτοόμενος
2692 804 2873 879 πατὴρ
2898 804 3174 875 κληθῆναι
3206 813 3306 876 τῆς
3339 808 3621 881 μάρτυρος.
3651 809 3797 866 Οὖκέτι

2206 907 2264 941 σε
2293 887 2321 941 ὁ
2348 888 2439 952 σὸς
2468 888 2617 951 οἶκος
2649 890 2895 965 ἀνέχεται
2959 889 3232 963 δέξασθαι,
3295 894 3386 971 ἀφ’
3443 894 3503 949 οὗ
3554 916 3683 959 τινος
3723 899 3793 965 τήν

2204 976 2493 1052 παρθένον,
2524 980 2613 1034 καὶ
2648 980 3010 1056 πανεόφημον
3047 981 3328 1057 έξῴκισας.

2279 1087 2356 1143 ιϐ’.
2394 1084 2468 1140 Σὺ
2502 1083 2559 1141 δέ
2614 1108 2708 1161 μοι
2760 1089 2796 1158 ἡ
2857 1090 3098 1164 Χριστοῦ
3152 1089 3347 1163 ἀμνὰς,
3407 1092 3498 1147 καὶ
3548 1096 3798 1169 περιστερὰ,

2201 1173 2292 1228 καὶ
2323 1174 2536 1254 νύμφη,
2562 1178 2650 1232 καὶ
2686 1182 2787 1232 πᾶν
2821 1176 2923 1233 εἴτι
2985 1180 3077 1234 οὖν
3136 1176 3311 1254 ὄνομα
3362 1182 3553 1252 καλὸν,
3598 1184 3677 1238 καὶ
3725 1204 3800 1259 χα-

2206 1266 2453 1341 ρίεν,καί
2509 1268 2721 1342 τίμιον,
2776 1276 2959 1346 χαῖρε,
3012 1276 3269 1348 γεννικῶς
3325 1278 3436 1328 τῶν
3494 1273 3694 1349 ἀγώνων
3740 1274 3800 1330 δια

2204 1352 2485 1431 δραμοῦσα
2508 1357 2600 1411 τὸν
2635 1354 2882 1414 δίαυλον.
2908 1361 3109 1435 Χαῖρε,
3129 1364 3235 1414 τῶν
3270 1358 3452 1425 ἄθλων
3475 1360 3652 1433 ἐπάξια
3678 1384 3801 1436 κομι-

2204 1444 2407 1518 σάμένη
2440 1448 2507 1502 τὰ
2534 1444 2764 1507 ἔπαθλα.
2798 1449 3126 1525 Καῖρε,ᾔπερ
3159 1450 3345 1506 πολλά
3375 1453 3443 1506 τὰ
3474 1448 3685 1528 βραϐεῖα
3705 1454 3802 1524 ὑπὲρ

2200 1533 2428 1590 πολλῶν
2458 1540 2567 1591 τῶν
2623 1537 3024 1611 ἀγωνισμάτων
3092 1540 3390 1617 ὀφείλεται.
3442 1542 3683 1618 Χαῖρε,ἡ
3725 1547 3803 1597 τῶν

2199 1620 2455 1697 ἕμπαθῶν
2487 1629 2590 1691 τῆς
2646 1627 2845 1702 σαρκὸς
2905 1630 3291 1703 σκιρτημάτων
3345 1629 3598 1706 λογισμῷ
3622 1630 3803 1705 ἐπικρα-

2196 1715 2405 1784 τήσασα
2436 1715 2692 1793 σώφρονι.
2729 1722 2920 1785 Χαῖρε,
2954 1720 2989 1788 ἡ
3048 1719 3145 1782 τὰς
3191 1723 3287 1773 τοῦ
3344 1718 3597 1793 σώματος
3648 1722 3803 1791 uico):-

2197 1823 2307 1865 σεις
2340 1802 2391 1859 ἐν
2451 1802 2674 1875 ἡλικίας
2713 1806 2930 1877 νεότητι
2987 1802 3363 1883 πρεσϐυτικῶς
3419 1811 3509 1864 καὶ
3559 1809 3801 1886 ἐμφρόνως

430 1900 694 1970 corporis
708 1900 960 1955 formam
986 1900 1171 1954 nullis
1189 1900 1607 1955 affectionibus
1624 1898 2072 1970 inquinasti.sec'

2194 1890 2673 1971 παιδαγωγήσασα.
2706 1897 2893 1972 Χαῖρε,
2924 1898 2959 1966 ἡ
2990 1899 3089 1967 τήν
3123 1899 3440 1972 παρθενίαν,
3473 1899 3562 1955 καὶ
3608 1900 3797 1974 πρὸτοῦ

434 1990 718 2046 intactam
750 1991 1049 2047 Conditori
1083 1992 1443 2046 consecrasti
1462 1996 1521 2046 et
1551 1989 2085 2059 exhibuisti.Salve,

434 2096 563 2149 qua)
596 2079 656 2133 in
690 2079 837 2134 turri
870 2080 1031 2134 velut
1060 2078 1121 2133 in
1152 2079 1451 2150 prmsidio,
1487 2084 1546 2133 et
1572 2078 1866 2149 virginum
1890 2084 2083 2133 orato-

431 2168 520 2221 ria
546 2168 745 2237 domo,
796 2168 1035 2223 crebras
1089 2174 1148 2222 et
1204 2169 1467 2223 sinceras
1517 2185 1723 2239 preces
1769 2168 2081 2238 oﬁerebas,

428 2261 708 2326 certaque
722 2274 920 2312 rerum
943 2257 1446 2327 contemplatione
1461 2257 1535 2311 ad
1554 2264 1855 2313 auctorem
1879 2274 2081 2313 assur-

434 2346 801 2415 gens,solius
830 2363 964 2400 vere
995 2346 1134 2400 boni
1157 2352 1214 2401 et
1241 2346 1517 2401 amabilis
1548 2346 1778 2402 deliciis
1810 2347 1938 2402 sine
1987 2364 2082 2402 sa-

427 2434 629 2489 tietate
652 2434 965 2491 fruebaris.
1002 2436 1327 2507 Salve.quas
1358 2436 1419 2491 in
1450 2436 1663 2491 balneo
1695 2436 2079 2509 detergendis

427 2541 743 2596 corporum
770 2525 1043 2581 sordibus
1072 2532 1708 2596 comparato,sanctam
1731 2526 2080 2581 Trinitatem

427 2614 584 2669 trina
600 2631 706 2686 per
729 2615 1019 2671 fenestras
1051 2615 1447 2670 illustratione
1481 2616 1949 2687 reprassentasti,
1982 2616 2082 2671 tri-

427 2704 687 2775 plicique
702 2706 1038 2761 animorum
1054 2705 1495 2761 illuminatione
1518 2707 1832 2778 mysticum
1851 2712 1907 2761 et
1921 2706 2078 2762 salu-

427 2798 553 2848 tare
584 2793 881 2865 baptisma
909 2794 1247 2850 delineasti.
1309 2794 1498 2862 Salve,
1569 2812 1701 2866 qua:
1752 2796 1881 2851 sine
1913 2813 2079 2851 mora

427 2884 952 2939 consubstantialis
1000 2884 1300 2940 Trinitatis
1335 2884 1512 2940 (idem
1558 2884 1887 2957 theologico
1913 2903 2075 2941 more

429 2972 703 3028 confessa
736 2990 816 3029 es.
852 2973 1039 3042 Salve,
1062 2991 1193 3047 qua:
1252 2990 1437 3030 unum
1470 2991 1500 3029 e
1533 2980 1737 3030 sancta
1794 2974 2076 3031 Trinitate

425 3068 666 3133 propter
686 3068 951 3119 nostram
991 3064 1243 3120 salutem
1270 3064 1577 3119 hominem
1616 3064 1835 3120 factum
1861 3064 2073 3135 praedi-

426 3152 594 3208 casti.
627 3152 812 3224 Salve,
846 3171 977 3225 quae
1013 3153 1269 3222 divitias,
1305 3153 1693 3226 deliciasque,
1754 3170 1821 3209 ac
1882 3158 2072 3208 vestes

2197 1983 2754 2064 μαρτυρίου,φυλάξαι
2784 1991 2863 2059 τῷ
2892 1991 3117 2063 Χριστῷ
3144 1990 3604 2065 καθυποσχομένη
3633 1992 3796 2065 ἄχραν-

2190 2094 2282 2128 τον
2318 2074 2405 2129 καῖ
2463 2075 2751 2148 ἀμίαντον.
2812 2078 3000 2151 Χαῖρε,
3060 2077 3095 2146 ἡ
3153 2078 3215 2132 τὸ
3274 2080 3585 2151 σωματικὸν
3631 2079 3798 2143 κάλλος

2188 2168 2310 2226 τοῖς
2336 2162 2527 2227 πάθεσι
2559 2165 2636 2239 μὴ
2671 2164 2986 2241 ρυπώσασα,
3019 2163 3145 2222 ἀλλ’
3202 2166 3473 2245 ἀνέπαφον
3528 2173 3603 2241 τῷ
3630 2171 3798 2240 ποιητῇ

2191 2252 2442 2308 ἀναθεῖσα
2471 2253 2561 2308 καὶ
2592 2257 2910 2328 παραθεῖσα.
2974 2257 3169 2330 Χαῖρε,
3231 2259 3266 2327 ἡ
3320 2255 3375 2312 ἐν
3432 2262 3511 2329 τῷ
3544 2265 3719 2334 πύργῳ
3743 2259 3799 2318 ὡς

2189 2338 2241 2395 ἐν
2292 2342 2524 2418 ἀσφαλεῖ
2582 2345 2847 2422 φρουρίῳ,
2907 2345 2998 2399 καὶ
3057 2348 3335 2422 παρθένων
3390 2346 3672 2422 εὖκτηρίῳ,
3722 2368 3798 2401 πυ-

2188 2433 2337 2503 κνάς,
2394 2432 2484 2487 καὶ
2543 2434 2854 2511 ἀκραιφνεῖς
2906 2438 2988 2507 τῷ
3046 2440 3164 2507 Θεῷ
3212 2437 3521 2509 προσευχὰς
3596 2436 3797 2509 ἀναπέμ-

2187 2542 2386 2593 πουσα,
2414 2521 2503 2577 καὶ
2536 2526 2603 2596 τῇ
2636 2522 2867 2578 ἀπλανεῖ
2920 2528 3028 2578 τῶν
3088 2522 3259 2580 δντων
3310 2527 3512 2601 Θεωρία
3558 2526 3681 2602 πρὸς
3726 2526 3798 2581 τὸν

2186 2613 2424 2682 ποιητὴν
2456 2612 2771 2687 ἀναχθεῖσα,
2800 2613 2892 2667 καὶ
2950 2618 3047 2668 τοῦ
3109 2613 3280 2687 μόνου
3329 2611 3503 2680 ὄντως
3546 2616 3705 2671 καλοῦ
3751 2636 3799 2671 τε

2186 2699 2275 2754 καὶ
2307 2700 2537 2776 ἐραστοῦ
2593 2698 2893 2773 ἀπλήστως
2946 2706 3422 2782 κατατρυφήσασα,
3457 2707 3703 2780 Χαῖρε,ἡ
3754 2702 3796 2758 ὲν

2186 2794 2264 2860 τῷ
2289 2795 2389 2845 τοῦ
2421 2795 2737 2865 σωματικοῦ
2784 2790 2958 2867 ῥύπου
3015 2793 3369 2869 καθαρτηρίῳ
3430 2792 3644 2871 λουτρῷ
3681 2814 3793 2864 συμ-

2186 2874 2427 2943 ϐολικῶς
2460 2882 2558 2950 τὴν
2612 2878 2823 2956 Τριάδα
2876 2879 2964 2936 διά
3009 2885 3110 2948 τῆς
3163 2887 3271 2938 τῶν
3320 2881 3551 2958 θυρίδων
3592 2882 3798 2955 τριπλῆς

2185 2969 2544 3047 φωταγωγίας
2588 2970 2975 3042 ἐξεικονίσασα,
3029 2972 3121 3027 καὶ
3169 2974 3230 3027 τὸ
3285 2976 3354 3047 τῇ
3404 2977 3591 3049 τριττῇ
3638 2993 3791 3046 9mm-

2184 3055 2341 3130 δοσίᾳ
2368 3062 2561 3134 ψυχῶν
2621 3062 2878 3133 μυστικὸν
2932 3059 3023 3115 καὶ
3081 3064 3355 3136 σωτήριον
3413 3068 3649 3124 τυπικῶς
3697 3059 3795 3115 δια-

2180 3149 2435 3223 γράψασα
2469 3148 2771 3223 βάπτισμα.
2818 3154 3010 3223 Χαῖρε,
3069 3150 3103 3220 ἠ
3161 3149 3322 3213 εὐθὺς
3374 3152 3668 3226 τρανότατα
3712 3151 3793 3217 τήν

429 3242 669 3310 sericas,
702 3260 837 3298 cum
868 3244 1029 3298 omni
1063 3243 1325 3315 corporis
1357 3250 1415 3299 et
1442 3243 1833 3314 formositate,
1867 3248 1925 3298 et
1955 3248 2070 3298 ter-

2188 3240 2281 3302 τῆς
2314 3236 2610 3309 ὁμοουσίου
2642 3236 2877 3313 Τριάδος
2915 3237 3095 3293 πίστιν
3148 3236 3453 3314 Θεολογικῴ
3492 3237 3792 3312 διομολογή·

424 3347 707 3387 renorum
758 3332 1328 3388 oblectamentorum
1353 3333 1729 3405 jucunditate
1758 3331 2065 3404 despuisti,

426 3418 639 3490 hisque
660 3427 883 3477 mterna
911 3422 1341 3478 etimmortalia
1364 3422 1520 3479 bona
1533 3422 2069 3493 commutasti,quae

428 3509 738 3563 oculorum
766 3509 990 3577 lumen,
1025 3510 1262 3566 auditus
1294 3511 1795 3582 vim,omnemque
1828 3526 2068 3565 sensum

424 3600 481 3648 et
509 3596 777 3651 auditum
811 3605 1109 3669 superant.
1134 3599 1320 3666 Salve,
1338 3617 1469 3670 qua:
1497 3600 1811 3655 delicatam
1834 3605 2068 3655 mtatem

423 3687 482 3735 et
510 3682 863 3738 muliebrem
904 3686 1377 3742 imbecillitatem
1436 3694 1674 3745 strenue
1718 3695 1776 3744 et
1824 3690 2072 3744 viriliter

424 3775 703 3825 contento
732 3772 915 3827 animi
943 3791 1122 3829 sensu
1144 3776 1457 3830 roborasti.
1493 3778 1819 3849 Salve,qum
1851 3780 2069 3834 crucia-

425 3863 591 3913 tuum
634 3859 1168 3918 dehonestamenta
1205 3880 1327 3918 non
1361 3867 1665 3937 expavisti,
1698 3869 1842 3938 quin
1873 3869 2068 3939 potius

423 3948 706 4004 audacter
728 3955 782 4004 te
807 3951 1003 4005 omnis
1035 3952 1269 4024 generis
1325 3954 1636 4025 suppliciis
1668 3961 1726 4009 et
1757 3957 2068 4012 tormentis

425 4037 729 4094 dedidisti.
764 4040 1089 4112 Salve,quaa
1124 4041 1183 4095 in
1206 4058 1383 4097 carne
1406 4058 1609 4115 agens,
1632 4044 1847 4098 Christi
1868 4045 2067 4101 videre

422 4128 750 4185 claritatem
786 4130 1080 4198 meruisti,
1112 4131 1271 4186 haud
1312 4148 1485 4187 secus
1515 4138 1692 4204 atque
1760 4133 1821 4188 in
1864 4142 2067 4189 monte

420 4219 688 4291 primarii
721 4219 996 4293 discipuli
1021 4237 1034 4289 ;
1051 4221 1189 4292 quia
1212 4237 1340 4276 eam
1358 4238 1493 4279 cum
1508 4222 1635 4276 Elia
1651 4224 1911 4295 etMoyse
1926 4241 2066 4279 con-

417 4326 683 4380 spexere,
705 4310 844 4382 jure
875 4309 1032 4366 beati
1076 4311 1218 4366 dicti
1269 4318 1408 4367 sunt
1431 4310 1501 4367 ⁵ο.
1550 4312 1737 4379 Salve,
1773 4329 1902 4382 quae
1935 4329 2065 4367 ver-

416 4396 624 4455 berum
659 4399 983 4469 cruciatus,
1032 4401 1196 4468 ferri,
1229 4402 1698 4473 asperrimorum
1739 4401 2067 4457 ciliciorum

413 4488 891 4559 perfricationes,
927 4491 1232 4563 sanguinis
1289 4491 1659 4563 proﬂuentes
1702 4493 1879 4558 rivos,
1911 4492 2066 4565 ignis

412 4584 685 4635 vorantes
717 4579 1011 4645 ﬂammas,
1046 4588 1283 4636 exsecta
1312 4582 1603 4651 membra,
1656 4583 1829 4638 nudae
1862 4583 2065 4638 tradu-

2182 3346 2319 3383 σασα
2348 3326 2600 3400 στόματι.
2631 3327 2819 3398 Χαῖρε,
2852 3327 2886 3397 ἡ
2946 3327 3036 3381 τὸν
3096 3323 3192 3382 ἕνα
3245 3335 3347 3398 τῆς
3406 3328 3563 3403 ἁγίας
3592 3326 3792 3403 Τριάδος

2181 3410 2272 3469 διά
2323 3416 2422 3484 τὴν
2501 3417 2772 3491 ἡμετέραν
2849 3414 3339 3490 ἐνανθρωπήσαντα
3424 3416 3703 3491 σωτηρίαν,
3750 3415 3791 3469 ἐν

2177 3503 2460 3580 παῤῥησίᾳ
2488 3505 2783 3579 κηρόεασα.
2818 3510 3011 3579 Χαῖρε,
3062 3506 3098 3575 ἡ
3153 3504 3393 3561 πλοῦτον
3452 3508 3540 3561 καὶ
3593 3506 3791 3583 τρυφὴν,

2176 3593 2267 3647 καὶ
2300 3598 2482 3667 σηρῶν
2512 3595 2772 3667 νημάτων
2808 3594 3115 3671 ὑφάσματα,
3147 3595 3237 3649 καὶ
3293 3592 3465 3650 λίθων
3510 3595 3790 3667 πολυτιμή-

2175 3704 2307 3753 των,
2366 3684 2455 3737 καὶ
2510 3681 2855 3758 μαργαρίτων
2916 3682 3414 3757 χρυσοκολλήτων,
3502 3686 3591 3739 καὶ
3644 3690 3789 3738 πᾶσαν

2178 3772 2493 3845 σωματικὴν
2555 3771 2847 3845 εὐκοσμίαν
2889 3775 2977 3826 καὶ
3040 3771 3375 3847 ὡραιότητα,
3408 3773 3495 3829 καὶ
3542 3778 3646 3829 τῶν
3696 3773 3789 3828 Em-

2175 3864 2339 3936 γείων
2409 3862 2788 3937 τερπνοτάτων
2903 3859 3205 3916 ἀπόλαυσιν
3297 3858 3653 3930 διαπτόσασα,
3725 3862 3796 3917 καὶ

2176 3951 2381 4007 τούτων
2442 3948 2893 4023 ἀνταλλαξαμένη
2951 3949 3148 4005 αἰώνια
3190 3950 3363 4028 ἀγαθά
3420 3952 3512 4007 καὶ
3565 3954 3803 4023 ἀκήρατα,

2175 4042 2242 4095 τά
2299 4038 2566 4113 ὀμμάτων
2626 4038 2839 4112 ὅρασιν,
2896 4040 2983 4095 καὶ
3039 4038 3193 4095 ὥτων
3254 4040 3449 4110 ἀκοήν,
3508 4042 3599 4097 καὶ
3652 4046 3801 4095 πᾶσαν

2175 4128 2424 4200 αἴσθησίν
2482 4149 2541 4183 τε
2597 4128 2687 4183 καὶ
2745 4127 2934 4200 νὸησιν
2996 4128 3379 4205 ὑπεραίροντα,
3428 4133 3619 4207 Χαῖρε,
3670 4135 3702 4201 ἡ
3751 4129 3803 4184 τὸ

2173 4223 2273 4285 τῆς
2302 4216 2526 4289 ἡλικίας
2576 4218 2863 4295 τρυφερὸν,
2922 4218 3012 4273 καὶ
3063 4219 3127 4273 τὸ
3182 4224 3280 4273 τοῦ
3337 4220 3559 4291 θήλεως
3618 4221 3805 4285 ἀσθενὲς

2174 4313 2431 4385 γεννικῶς
2488 4308 2579 4363 καὶ
2634 4304 2903 4382 ἀνδρικῶς
2962 4308 3302 4379 στερεώσασα
3357 4310 3599 4384 συντόνῳ
3622 4311 3813 4389 φρονή-

2180 4420 2331 4474 ματι.
2381 4401 2569 4475 Χαῖρε,
2622 4400 2657 4468 ἡ
2690 4399 2828 4473 πρὸς
2884 4396 3011 4460 τοὺς
3064 4403 3172 4453 τῶν
3225 4397 3505 4455 κολάσεων
3539 4398 3811 4472 αἰκισμοὺς

2180 4490 2255 4560 μὴ
2315 4484 2768 4561 δειλανδρήσασα,
2827 4483 3142 4559 θαρσαλέως
3225 4484 3286 4542 δὲ
3358 4488 3575 4560 μᾶλλον
3638 4489 3817 4557 ἕαυτήν

2178 4575 2437 4633 ἐπιδοῦσα
2466 4574 2748 4640 παντοίοις
2808 4575 3240 4652 βασανιστηρίων
3302 4575 3472 4632 εἴδεσι
3531 4577 3624 4634 καὶ
3680 4598 3813 4653 στρε-

413 4667 911 4740 ctionem,capitis
943 4644 1005 4725 et
1028 4670 1159 4724 vita)
1184 4644 1627 4741 ademptionem
1654 4672 1869 4727 Christi
1889 4689 2067 4728 causa

2188 4662 2434 4723 ἵλώσεσι.
2493 4668 2681 4739 Χαῖρε,
2740 4667 2775 4734 ἡ
2837 4662 2889 4721 ἐν
2946 4665 3103 4741 σαρκὶ
3161 4661 3547 4741 διατρίϐουσα,
3594 4670 3810 4741 Χριστοῦ

413 4758 1136 4831 sustinuisti,utdeinceps
1152 4759 1486 4815 immortale
1517 4777 1731 4833 corpus
1748 4761 2063 4833 reciperes,

411 4850 535 4901 tum
568 4848 1034 4920 incorruptionis
1092 4848 1274 4904 radiis
1310 4848 1622 4921 effulgens,
1676 4855 1733 4905 et
1775 4850 2062 4907 claritatis

412 4934 721 4991 inductum
756 4937 1116 5010 stola,quam
1148 4937 1318 4993 nulla
1362 4938 1448 4993 vis
1480 4938 1773 4993 sermonis
1806 4940 2061 5011 explica-

410 5026 560 5079 verit
588 5033 689 5082 aut
712 5029 1060 5084 narraverit.

2171 4759 2270 4829 τὴν
2296 4755 2451 4827 δόξαν
2485 4754 2617 4811 ἰδεῖν
2660 4756 2963 4827 ἠξιωμένη,
3017 4756 3093 4819 ὡς
3139 4754 3190 4811 ἓν
3245 4761 3326 4829 τῷ
3387 4755 3504 4833 ὄρει
3553 4765 3663 4814 τῶν
3721 4777 3808 4830 μα-

2173 4851 2353 4920 θητῶν
2388 4847 2441 4901 oi
2470 4845 2782 4922 πρόκριτοι,
2814 4843 2906 4898 σὺν
2941 4844 3103 4916 Ἥλίᾳ
3158 4845 3249 4900 καὶ
3308 4848 3491 4921 Μωσῇ
3569 4846 3807 4920 τεθεαμέ-

2169 4958 2281 5007 νοι,
2360 4935 2756 5011 προσηκόντως
2839 4931 3301 5008 ἐμακαρίσθησαν.
3354 4940 3565 5012 Χαῖρε,
3623 4940 3656 5007 ἡ
3712 4939 3804 4990 τῶν

2173 5024 2452 5101 μαστίγων
2499 5024 2596 5086 τὰς
2644 5019 2974 5099 ἀλγηδόνας,
3033 5023 3123 5078 καὶ
3183 5022 3424 5100 σιδήριον
3484 5027 3797 5098 καταξέσεις,

406 5109 495 5195 καὶ
550 5114 903 5188 τραχυτάτων
964 5115 1229 5193 τριχίνων
1286 5116 1614 5195 ὑφασμάτων
1676 5114 1971 5192 ἐκτρίψεις,
2027 5119 2116 5174 καὶ
2177 5117 2425 5191 αἷμάτων
2489 5112 2641 5189 ῥοὰς,
2697 5111 2787 5167 καὶ
2841 5112 3011 5186 πυρὸς
3067 5111 3437 5191 φλογισμοὺς,
3471 5116 3563 5171 καὶ
3600 5114 3801 5190 μελλῶν

410 5190 661 5268 ἐκτομὰς,
693 5203 781 5256 καὶ
813 5190 1028 5279 γυμνὴν
1060 5190 1452 5281 ἓκπόμπευσιν,
1482 5204 1571 5260 καὶ
1600 5190 1955 5283 κεφαλῆςκαῖ
1991 5212 2135 5278 ζωῆς
2171 5206 2445 5283 ὑφαίρεσιν
2474 5201 2564 5257 διὰ
2592 5202 2821 5276 Χριστὸν
2854 5201 3313 5275 ὑπομείνασα,²ίνα
3344 5203 3408 5260 τὸ
3442 5211 3603 5279 σῶμα
3624 5203 3801 5261 λοιπὸν

413 5279 936 5375 ξάδθςᾲάθάνατον,
993 5279 1293 5375 ἀφθαρσίας
1356 5279 1725 5374 μαμμαρυγάς
1785 5279 2224 5375 ἀπαστράπτονρ
2257 5279 2349 5353 καὶ
2437 5293 2597 5367 δόξης
2664 5290 3039 5372 ἠμφιεσμένον
3098 5294 3302 5365 στολὴν
3388 5293 3660 5375 ἄφραστον
3724 5289 3801 5348 καὶ

412 5370 796 5446 ἀνεκλάλητον.

482 5483 568 5539 20.
603 5486 678 5539 Te
702 5487 838 5557 jure
870 5493 1065 5548 mirati
1099 5503 1239 5553 sunt
1278 5498 1554 5553 homines
1606 5496 1679 5552 ob
1714 5502 1875 5554 tuam
1908 5516 2052 5555 con-

409 5574 691 5633 stantiam
716 5591 729 5630 :
762 5580 952 5649 angeli
975 5588 1275 5641 certamen
1291 5586 1572 5653 tuum,uti
1595 5604 1702 5657 par
1724 5589 2054 5661 est,plausu

475 5763 525 5802 5°
554 5760 761 5821 Matth.
791 5774 922 5827 xvii,
957 5760 982 5813 1
1020 5775 1184 5832 seqq.

2233 5497 2299 5555 κ’.
2366 5495 2437 5550 Σὶ
2491 5490 2716 5557 δικαίως
2758 5498 2859 5561 τῆς
2910 5492 3199 5568 καρτερίας
3254 5490 3560 5565 ἐθαύμασαν
3612 5493 3793 5565 ἂνθρω-

2163 5608 2283 5661 ποι,
2308 5581 2533 5662 ἄγγελοι
2566 5579 2623 5638 δὶ
2676 5580 2903 5645 εἰκότως
2960 5581 3060 5651 τήν
3116 5579 3348 5653 ἄθλησιν
3409 5583 3696 5659 ἐκράτησάν
3745 5598 3795 5633 τε
