4000 6202
200 403 306 459 809

1348 403 1713 461 LAUDATIO
1748 406 1809 460 Β.
1846 404 2209 464 ΒΔΒΒΔΜ
2247 411 2469 468 MART.

3506 423 3619 479 810

193 524 284 578 καὶ
316 522 591 595 ὕμνησαν,
636 522 688 576 οἱ
747 519 804 577 δὲ
860 518 1145 595 δαίμονες,
1195 524 1293 592 τὴν
1357 524 1454 592 σήν
1490 520 1766 595 ὑμνῳδίαν
1801 544 1859 577 τε

1981 532 2029 582 et
2059 529 2298 599 hymnis
2320 534 2696 591 celebrarunt
2719 552 2732 590 :
2764 536 3065 592 daemones
3086 541 3185 593 tua
3205 538 3451 594 laudum
3476 558 3618 596 can-

205 612 295 667 καὶ
349 610 597 666 ἔνστασιν
675 607 914 688 ἔφριξαν,
1001 612 1091 667 καὶ
1160 612 1450 686 αἰσχύνην,
1510 613 1600 667 καὶ
1654 608 1861 675 ὄνειδος

204 700 430 755 αἰώνιον
464 700 836 776 ἧμφιάσαντο.
895 700 983 762 Ὠς
1039 699 1103 755 τό
1156 700 1392 770 θηλυκὸν
1435 702 1524 755 καὶ
1555 707 1860 775 γυναικεῖον

199 790 376 868 φύλον
441 788 928 863 ἐγκαλκωπίζεται,
1009 789 1100 844 καὶ
1175 788 1510 863 σεμνύνεται,
1583 791 1673 845 καὶ
1726 790 1864 863 πρός

201 876 492 953 εὐανδρίαν
548 883 666 933 τοῖς
725 883 842 940 σοῖς
898 876 1089 940 ἄθλοις
1150 880 1581 951 θαρσοποιεῖται,
1634 881 1725 934 καὶ
1767 877 1865 933 ἐπ-

196 966 484 1044 αλιίφεται
518 968 530 1022 l
567 968 653 1023 ’Ev
716 966 801 1020 σοὶ
851 966 1180 1043 προσφόρως
1239 969 1273 1036 ἡ
1332 971 1637 1041 προμήτωρ
1671 967 1864 1043 ἐγκαυο

199 1060 394 1132 χᾶται,
452 1054 542 1110 καὶ
607 1055 855 1129 γέγηθεν,
918 1055 995 1116 ὡς
1051 1056 1337 1131 θυγάτριον
1391 1056 1726 1129 κτησαμένη,
1771 1056 1861 1109 τὸν

202 1144 413 1213 ἐκείνην
471 1142 953 1199 καταπαλαίσαντα
1023 1145 1321 1200 ἀντίπαλον
1382 1142 1647 1221 δράκοντα
1711 1144 1862 1207 αὖθις

199 1233 608 1303 ἀναπαλαῖσαν,
662 1234 753 1288 καὶ
814 1232 1132 1307 ἀνατρέψαν,
1191 1235 1281 1289 καὶ
1337 1236 1436 1302 τήν
1476 1234 1632 1306 νίκην
1666 1236 1863 1289 ἀνακα-

202 1322 534 1396 λεσάμενον,
594 1324 682 1377 καὶ
743 1322 975 1399 λαμπρά
1027 1325 1145 1378 κατ’
1198 1324 1364 1379 αὐτοῦ
1418 1324 1685 1397 ἀράμενον
1734 1326 1863 1399 τρό-

197 1436 359 1472 παια.
397 1416 469 1470 Σὶ
495 1417 529 1484 ἡ
562 1418 670 1469 τῶν
722 1414 892 1489 ἁγίων
937 1415 1061 1490 ἀγία
1110 1416 1373 1477 Θεοτόκος
1405 1417 1494 1470 καὶ
1528 1416 1859 1490 προμήτωρ,

197 1502 473 1575 παρθένος
506 1502 593 1557 καὶ
647 1504 971 1576 Θεομήτωρ,
1004 1504 1038 1572 ἡ
1072 1502 1132 1557 τὸ
1191 1500 1332 1571 θῆλυ
1363 1505 1458 1574 μέν
1488 1502 1645 1577 γένος
1669 1504 1860 1575 πρώτη

196 1593 290 1647 καὶ
332 1593 476 1665 μόνη
513 1589 801 1661 δοξάσασα,
858 1592 1072 1645 πάντων
1116 1589 1172 1645 δὲ
1223 1591 1461 1667 ἀρρένων
1494 1596 1584 1646 καί
1616 1589 1862 1661 θηλύων,

199 1682 477 1757 οὐρανίως
536 1702 593 1736 τε
648 1681 738 1736 καὶ
799 1680 1054 1756 ἐπιγείων
1104 1681 1427 1751 ἀνάσσουσα,
1487 1683 1562 1743 ὡς
1610 1686 1707 1736 τοῦ
1738 1682 1865 1735 παν-

197 1792 315 1827 των
371 1769 734 1838 δεσπόζοντος
797 1771 982 1843 μήτηρ
1041 1769 1449 1845 χρηματίσασα,
1484 1768 1535 1824 ἐν
1569 1770 1862 1845 γυναικείῳ

196 1858 298 1913 καὶ
333 1857 606 1931 μειρακίῳ
636 1857 861 1929 σαρκίῳ,
920 1859 1013 1912 τὸν
1069 1857 1144 1920 εἰς
1199 1859 1267 1913 τά
1318 1860 1524 1933 ἄμετρα
1567 1860 1861 1932 καυχώμε-

194 1968 321 2015 νον,
355 1947 448 2000 καὶ
478 1948 578 2014 τὴν
628 1944 899 2010 θάλασσαν
946 1944 1267 2022 ἐξαλείφειν,
1318 1948 1406 2002 καὶ
1455 1949 1556 2017 τὴν
1600 1948 1855 2019 οἰκουμέ-

190 2057 301 2105 νην
358 2037 435 2099 ὡς
482 2036 666 2089 νοσιάν
715 2031 1162 2109 περιδράττεσθαι
1222 2037 1647 2112 φρυαττόμενον,
1698 2056 1863 2090 κατα-

191 2121 484 2179 ϐαλοῦσαν
545 2120 756 2193 ἴδοῦσα,
834 2124 925 2177 καὶ
1000 2125 1335 2199 κατακράτος
1387 2126 1859 2194 καταπατήσασαν.

192 2213 304 2268 Καὶ
356 2217 475 2274 ταῖς
526 2213 801 2285 ἀρεταῖσα,
859 2219 1167 2290 τερφθεῖσα,
1226 2211 1455 2275 ὠλέναις
1487 2208 1859 2288 προλαϐοῦσα,

191 2304 451 2374 πλησίον
507 2303 720 2367 ἐκάθισε
776 2305 867 2358 καὶ
924 2302 1264 2378 καθίδρυσεν,
1326 2306 1416 2360 καὶ
1473 2313 1572 2375 τῆς
1606 2304 1861 2360 ἀνωτάτω

188 2398 374 2468 τιμῆς
432 2395 523 2449 καὶ
584 2393 889 2469 παρρησίας
952 2392 1278 2466 μετέδωκεν,
1332 2396 1419 2450 καὶ
1476 2400 1554 2467 τῷ
1585 2393 1864 2467 Βασιλικῷ

193 2485 391 2561 θρόνῳ
422 2483 725 2560 ἐνεφάνισεν
755 2484 847 2538 καὶ
876 2485 1235 2559 παρέστησεν.

268 2703 580 2764 κα’.”Απας
630 2700 721 2756 οὗν
768 2701 853 2757 ἐπὶ
908 2703 992 2757 σοὶ
1042 2702 1211 2778 λογος
1262 2702 1693 2779 ἐγκωμιαστικὸς
1737 2725 1865 2758 κατ-

197 2789 685 2867 ευγλωττισμένος
734 2791 821 2846 καὶ
881 2793 1134 2867 περιττὸς
1198 2791 1412 2867 ίλιγγᾷ,
1472 2792 1563 2847 καὶ
1604 2790 1866 2855 δεδοικὼς

196 2883 517 2957 προσιέναι,
621 2880 996 2941 συστέλλεται.
1082 2883 1294 2955 Ὑμνεῖν
1373 2883 1474 2959 γὰρ

199 2972 477 3049 ἀδρανὴς.
560 2973 896 3046 πανύμνητε,
975 2973 1066 3029 καὶ
1144 2974 1435 3045 ἀξιέπαινε,
1510 2975 1569 3029 ἂν
1623 2974 1707 3044 εἴη
1762 2980 1869 3030 τῶν

202 3064 551 3138 ἀξιαγάστων
607 3084 704 3117 σου
760 3062 963 3137 ἀρετῶν
1019 3063 1084 3117 τά
1145 3064 1386 3138 ὑπερφυῆ
1455 3066 1867 3137 προτερήματα.

203 3154 397 3228 Τέχνη
437 3152 532 3224 μὲν
581 3153 684 3226 γάρ
738 3151 1035 3228 ῥητορικῆς
1087 3151 1442 3229 εὐγλωττίας,
1476 3150 1546 3207 δι’
1570 3152 1868 3229 εὐστρόφου

1576 2888 1869 2957 προσφυῶς

1978 619 2093 674 tica
2141 627 2199 674 et
2245 623 2645 679 resistentiam
2704 627 3159 691 exhorruerunt,
3211 644 3277 681 ac
3328 628 3618 697 pudorem

1974 708 2375 781 probrumque
2409 715 2838 784 sempiternum
2863 716 3207 771 induerunt.
3236 717 3419 781 Quam
3454 717 3621 772 deco-

1972 803 2137 852 ratur
2168 805 2226 853 et
2257 800 2606 857 honestatur
2634 803 2927 859 femineus
2971 821 3038 859 ac
3086 805 3395 859 muliebris
3424 822 3619 871 sexus,

1972 887 2207 957 tuisque
2240 891 2665 947 certaminibus
2700 892 2773 947 ad
2811 893 3042 947 virilem
3073 894 3485 949 fortitudinem
3518 911 3624 949 au-

1973 974 2149 1031 daces
2175 979 2406 1033 animos
2447 981 2716 1049 assumit,
2765 987 2823 1036 et
2873 983 3209 1038 animatur!
3246 985 3309 1037 In
3343 990 3398 1038 te
3431 985 3625 1054 prima

1972 1068 2205 1136 generis
2236 1084 2449 1138 parens
2509 1087 2764 1142 congrue
2815 1071 3100 1142 gloriatur
3142 1089 3207 1126 ac
3260 1074 3452 1143 gestit,
3487 1091 3624 1128 cum

1973 1153 2162 1209 ﬁlium
2195 1155 2409 1227 adepta
2439 1159 2533 1223 sit,
2570 1177 2700 1229 qua)
2733 1159 3155 1228 adversarium,
3181 1177 3213 1214 a
3247 1178 3362 1230 quo
3396 1161 3501 1215 illa
3524 1162 3623 1217 de-

1970 1243 2123 1299 victa
2171 1252 2565 1317 superataque
2608 1254 2752 1315 erat,
2804 1249 2964 1304 lucta
3012 1267 3247 1304 rursum
3304 1250 3532 1316 vicerit,
3567 1258 3626 1305 et

1973 1334 2267 1397 everterit,
2329 1335 2775 1408 instaurataque
2833 1339 3097 1406 victoria,
3154 1339 3315 1394 clara
3375 1338 3446 1393 de
3493 1340 3622 1410 ipso

1973 1428 2195 1493 tropaaa
2218 1425 2437 1481 tulerit.
2462 1428 2536 1479 Te
2559 1433 2763 1481 sancta
2781 1434 3117 1481 sanctorum
3140 1430 3408 1498 Deipara,
3433 1430 3625 1499 prima

1974 1512 2143 1583 Virgo
2176 1529 2412 1583 parens,
2437 1519 2495 1568 et
2517 1515 2616 1569 Dei
2648 1521 2857 1583 mater,
2884 1534 3014 1586 qua)
3039 1516 3389 1570 muliebrem
3416 1534 3620 1572 sexum

1972 1600 2165 1670 prima
2195 1601 2438 1672 solaque
2488 1602 2854 1665 clariﬁcavit,
2883 1610 3354 1674 cunctorumque
3386 1621 3622 1659 mascu~

1972 1688 2165 1743 lorum
2215 1707 2281 1744 ac
2327 1690 2708 1753 feminarum.
2760 1693 3089 1747 caelestium
3132 1709 3199 1747 ac
3250 1694 3625 1747 terrestrium

1973 1778 2193 1849 Regina
2224 1784 2332 1847 est,
2367 1784 2651 1850 tanquam
2685 1781 2813 1852 ejus
2844 1788 3035 1836 mater
3070 1782 3170 1851 qui
3208 1782 3489 1836 omnibus
3520 1782 3623 1836 do-

1975 1866 2271 1934 minatur;
2306 1869 2366 1923 in
2399 1870 2677 1924 muliebri
2710 1876 2769 1925 et
2794 1871 3042 1940 puellari
3078 1871 3452 1941 corpusculo,
3486 1888 3622 1926 eum

1971 1972 2006 2010 a
2036 1961 2089 2011 te
2116 1974 2389 2012 eversum
2420 1975 2487 2013 ac
2518 1964 2792 2029 potenter
2822 1960 3232 2030 proculcatum
3263 1960 3491 2027 videns,
3523 1961 3623 2031 qui

1970 2045 2032 2099 in
2064 2045 2425 2101 immensum
2456 2047 2835 2119 gloriabatur,
2891 2049 3044 2102 908
3092 2049 3487 2119 superbiaque
3519 2066 3627 2103 sua

1964 2134 2230 2205 jactabat
2254 2135 2399 2200 fore,
2433 2141 2501 2189 ut
2530 2141 2587 2189 et
2618 2153 2779 2191 mare
2806 2136 3124 2202 desolaret,
3168 2142 3227 2190 et
3255 2137 3459 2191 orbem
3490 2138 3625 2191 uni-

1972 2239 2205 2277 versum
2254 2223 2432 2277 veluti
2481 2223 2691 2277 nidum
2742 2224 3315 2294 comprehenderet:
3379 2230 3628 2295 tumque

1973 2311 2119 2366 adeo
2149 2312 2427 2366 virtutum
2462 2316 2696 2367 tuarum
2722 2312 2851 2367 luce
2870 2312 3179 2375 delectata,
3202 2312 3361 2367 ulnis
3385 2318 3439 2367 te
3462 2330 3629 2367 com-

1972 2400 2240 2471 plectens
2302 2401 2411 2455 sibi
2460 2402 2793 2472 proximam
2845 2401 3177 2466 collocavit,
3228 2418 3625 2473 supremoque

1972 2490 2198 2544 honore
2230 2495 2287 2543 et
2316 2490 2511 2545 favore
2543 2491 2843 2558 donatam,
2867 2490 3027 2562 regio
3056 2490 3267 2545 throno
3300 2507 3625 2561 repraesen-

1976 2579 2119 2633 tavit
2150 2584 2209 2633 et
2237 2579 2522 2633 exhibuit.

2046 2706 2132 2757 21.
2158 2704 2223 2756 In
2256 2706 2311 2756 te
2338 2702 2671 2757 laudatoria
2696 2703 2889 2757 omnis
2917 2704 3102 2758 oratio
3127 2702 3369 2768 diserta,
3392 2709 3625 2770 ornata,

1978 2796 2036 2847 et
2066 2790 2318 2845 afﬂuens
2350 2792 2554 2858 haeret,
2579 2796 2753 2862 atque
2778 2791 3058 2845 accedere
3083 2797 3355 2846 metuens
3389 2809 3625 2863 compe-

1979 2880 2182 2947 scitur,
2216 2897 2322 2934 ceu
2355 2897 2485 2949 quas
2509 2880 2586 2934 sit
2615 2880 2992 2948 imbecillior,
3019 2896 3196 2950 quam
3218 2886 3285 2935 ut
3308 2881 3628 2952 stupenda-

1977 2986 2110 3025 rum
2140 2969 2425 3024 virtutum
2458 2974 2691 3024 tuarum
2726 2970 2973 3024 eximias
3021 2970 3454 3041 praecellentias
3486 2987 3626 3024 con-

1978 3059 2302 3125 venienter,
2328 3076 2359 3113 ο
2383 3059 2851 3113 celebratissima
2883 3075 2950 3113 ac
2976 3058 3629 3125 laudatissima,canere

1982 3147 2257 3203 sufﬁciat.
2292 3147 2575 3203 Oratoriee
2604 3147 2846 3217 quidem
2896 3146 3189 3201 facundiae
3221 3164 3338 3215 ars,
3370 3148 3631 3203 versatili

207 3242 487 3318 ῥημάτων
537 3242 833 3311 συνθήκης,
885 3242 972 3296 καὶ
1021 3242 1475 3315 κεκομψευμένης
1524 3242 1615 3296 καὶ
1662 3261 1865 3317 τροχα-

1981 3237 2289 3291 verborum
2307 3237 3126 3307 compositione,comptaque
3149 3242 3203 3290 et
3226 3238 3479 3292 rotunda
3504 3255 3635 3308 pro-

203 3331 319 3398 λῆς
378 3331 771 3402 πειθανότητος
830 3332 1038 3397 κάλλος
1100 3334 1410 3406 σωματικὸν
1468 3333 1722 3402 ἐπαινεῖν,
1780 3340 1869 3393 καὶ

204 3422 483 3499 σαρκικήν
545 3421 877 3496 ὡραιότητα,
946 3423 1064 3491 ἣτις
1140 3420 1199 3477 ἐκ
1277 3427 1459 3494 μελῶν
1538 3424 1874 3499 συμμετρίας

208 3512 335 3585 μετ’
372 3510 638 3584 εὐχροίας
666 3510 1006 3581 συνέστησεν.
1042 3512 1186 3586 Πρὸς
1233 3508 1290 3565 δὲ
1337 3511 1425 3566 καὶ
1484 3510 1677 3587 ῥώμην
1731 3513 1874 3569 πολ-

203 3601 397 3669 λακις,
456 3598 737 3663 εὐπάθειάν
796 3621 856 3655 τε
930 3601 1017 3654 καὶ
1093 3602 1292 3669 θνητῆς
1351 3600 1616 3677 εὐγενείας
1673 3604 1871 3675 σεμνό-

204 3712 378 3761 τητα,
443 3685 729 3764 περιφανές
786 3711 865 3761 τε,
926 3690 971 3746 εἰ
1027 3689 1217 3765 τύχοι,
1276 3691 1513 3764 ἀξίωμα,
1562 3692 1744 3746 καὶτὸ
1772 3700 1875 3763 τῆς

205 3776 481 3851 πατρίδος
530 3777 822 3851 ἐπίσημον,
880 3779 971 3833 καὶ
1028 3778 1273 3834 πλούτου
1332 3777 1615 3853 δαψιλείαν
1651 3780 1874 3856 ῥέουσαν

205 3891 267 3925 τε
318 3868 412 3923 καὶ
473 3865 906 3938 ὄλισθαίνουσαν,
966 3869 1056 3923 καὶ
1115 3868 1356 3944 εὐχερῶς
1413 3869 1872 3941 μεταπίπτουσαν.

208 3962 393 4033 "Ai-rep
456 3959 568 4030 ἅμα
651 3955 1129 4032 συνδεδραμηκότα
1211 3958 1289 4031 τῷ
1348 3957 1500 4034 λόγῳ
1559 3961 1872 4015 ὑποκεῖσθαι

210 4048 357 4122 πρὸς
410 4046 703 4125 εὐφημίαν,
763 4045 1120 4120 δυσπόριστόν
1183 4069 1243 4103 τε
1299 4049 1387 4103 καὶ
1447 4047 1870 4123 ἐργωδέστατόν·

211 4136 371 4205 πλὴν
404 4135 617 4191 ’ἅπαντα
648 4135 747 4191 ὅσα
781 4138 897 4191 κατ’
941 4133 1084 4201 εἶδος
1129 4138 1157 4191 ὁ
1205 4135 1372 4213 λόγος
1398 4136 1754 4206 διεστείλατο,
1784 4138 1873 4192 καὶ

208 4223 531 4295 κατέλεξεν,
580 4224 654 4285 ὡς
706 4223 866 4288 ἄνθος
917 4225 1123 4299 χόρτου
1178 4228 1572 4300 μαραινόμενον
1602 4226 1690 4280 καὶ
1724 4237 1874 4299 φθει-

209 4315 480 4391 ρόμενον,
511 4314 602 4367 καὶ
655 4314 727 4374 ὡς
760 4319 1019 4388 χρηστῶν
1081 4314 1304 4390 ὀνείρων
1364 4313 1621 4384 ἀπατηλὴ
1653 4314 1741 4369 καὶ
1774 4335 1875 4369 ωα-

208 4399 519 4477 σματώδης
549 4396 695 4477 ὄψις,
746 4404 859 4475 ἅμα
918 4403 1218 4477 φαινομένη
1281 4406 1369 4459 καὶ
1432 4403 1873 4480 παρατρέχουσα,

207 4495 409 4546 θᾶττον
440 4489 531 4545 καί
581 4491 632 4545 ἐν
692 4491 892 4565 βραχεῖ
942 4490 1050 4547 ἔσθ’
1101 4493 1192 4548 ’ὀτε
1240 4495 1325 4548 καὶ
1385 4498 1464 4564 τῷ
1495 4494 1681 4568 χρόνῳ
1710 4514 1874 4547 κατα-

204 4580 464 4650 λυόμενά
491 4599 549 4632 τε
591 4579 681 4633 καὶ
731 4578 1126 4652 ἀλλοιούμενα,
1188 4580 1545 4653 συγκαταλὺει
1597 4579 1882 4649 καταλλή-

214 4666 339 4730 λως
384 4668 478 4721 καὶ
526 4666 845 4731 ἀκολούθως
892 4674 1001 4723 τῶν
1051 4669 1341 4745 ἐγκωμίων
1370 4672 1470 4739 τήν
1501 4670 1876 4743 ἐκπεπονημέ-

208 4782 314 4831 νην
367 4758 637 4833 ἁρμονίαν
688 4759 777 4814 καὶ
850 4760 1176 4833 σὺμπλεξιν.
1246 4761 1343 4816 Σοὶ
1415 4759 1492 4829 δὲ,
1551 4760 1594 4816 ὦ
1650 4760 1880 4836 παρθένε

212 4849 381 4915 σευνή
438 4846 529 4901 καὶ
589 4849 845 4925 σώφρων,
910 4850 1004 4904 καὶ
1042 4850 1247 4926 μάρτυς
1272 4852 1646 4928 τροπαιοφόρε
1702 4871 1761 4905 τε
1789 4850 1878 4905 καὶ

215 4938 485 5007 ἀήττητε,
577 4938 793 5011 εὑρήσει
879 4950 973 5011 μεν
1030 4940 1057 4992 ὁ
1118 4940 1282 5013 Λόγος
1363 4939 1715 5015 εὐπορώτατα
1790 4938 1877 4994 καὶ

213 5025 434 5099 ἀκμητὶ
492 5023 661 5100 ἄρδην
748 5029 1142 5100 σεσωρευμένα,
1219 5029 1309 5083 καὶ
1394 5029 1877 5107 συμπεφορημένα,

214 5115 245 5169 ἃ
277 5120 371 5169 νῦν
427 5114 864 5187 κατωνόμασται,
923 5116 1014 5170 καὶ
1070 5119 1434 5188 θαυμάζουσι,
1491 5117 1578 5172 καὶ
1642 5116 1876 5191 μακαρί-

212 5212 407 5274 ζουσιν
462 5205 766 5279 ἄνθρωποι,
807 5206 896 5259 καὶ
946 5205 1213 5276 ἀξιόδηλα
1260 5207 1519 5262 τίθενται’
1567 5205 1628 5260 οὐ
1683 5208 1788 5279 μὴν
1822 5203 1879 5261 δὲ

209 5292 605 5367 ἀπολλύμενα,
658 5295 749 5348 καὶ
811 5292 1073 5367 λυόμενα,
1135 5296 1225 5350 καὶ
1275 5296 1405 5357 τοὺς
1456 5294 1708 5356 ἐπαίνους
1758 5294 1879 5363 είκῆ

211 5389 429 5459 χωρεῖν
483 5383 559 5446 εἷς
609 5380 740 5457 ἀέρα
788 5383 1280 5457 παρασκευάζοντα.
1346 5385 1407 5439 Ἡ
1479 5384 1581 5459 γὰρ
1629 5390 1728 5453 τῆς
1778 5390 1877 5453 σῆς

210 5471 483 5534 θειώδους
514 5474 699 5547 ψυχῆς
727 5474 914 5545 ἀρετὴ,
962 5474 1052 5527 καὶ
1108 5475 1142 5543 ἡ
1198 5474 1329 5550 πρὸς
1374 5475 1467 5528 τὸν
1520 5472 1760 5543 Κτίστην
1793 5474 1876 5527 οἱ·

207 5560 463 5629 κείωσις,
526 5560 832 5638 συνέσφιγξέ
898 5581 983 5614 σοι
1060 5563 1144 5615 καὶ
1227 5564 1585 5637 συνετήρησε,
1656 5561 1747 5615 καὶ
1812 5562 1878 5615 τά

210 5649 495 5725 προσόντα
522 5648 668 5705 καλά
713 5651 803 5704 καὶ
855 5648 1139 5725 ἐγκόσμια,
1189 5651 1278 5705 καὶ
1326 5654 1395 5724 τῇ
1455 5652 1649 5725 μνήμῃ
1695 5649 1876 5704 ἀνεπί-

214 5737 423 5809 ληστα,
454 5738 543 5792 καὶ
592 5742 671 5809 τῷ
713 5738 874 5793 παντὶ
922 5737 1080 5792 αἰῶνι
1131 5736 1541 5814 συνδολιχεύειν
1585 5736 1872 5808 πεποίηκε’

509 5858 778 5919 Panos.
828 5858 939 5919 Gn.
985 5856 1193 5921 XCVI.

1980 3326 2197 3381 habilis
2230 3326 2521 3380 sermonis
2555 3326 2910 3391 elocutione,
2944 3326 3209 3396 corporis
3240 3327 3636 3397 pulchritudi-

1981 3433 2118 3471 nem
2132 3415 2399 3470 etcarnis
2412 3421 2967 3477 venustatem,certa
2980 3415 3385 3469 membrorum
3399 3434 3639 3488 propor-

1982 3505 2142 3559 tione
2174 3520 2308 3559 cum
2362 3505 2577 3559 coloris
2636 3505 2919 3559 suavitate
2975 3511 3366 3569 constantem,
3401 3505 3625 3561 laudat.

1983 3595 2134 3658 Quin
2158 3594 2336 3648 etiam
2360 3610 2479 3647 non
2498 3610 2631 3649 raro
2648 3594 3189 3663 robur,bonamque
3204 3594 3631 3665 valetudinem,

1983 3700 2049 3737 ac
2096 3683 2367 3737 mortalis
2437 3683 2819 3754 ingenuitatis
2870 3683 3283 3754 majestatem;
3338 3683 3630 3739 illustrem

1984 3772 2161 3826 etiam
2186 3771 2541 3841 quandoque
2566 3772 2912 3843 dignitatem
2940 3788 3005 3825 ac
3035 3771 3237 3841 patria)
3261 3772 3594 3827 claritatem
3618 3791 3633 3840 ;

1984 3860 2253 3931 copiosas
2284 3876 2425 3931 opes
2459 3878 2588 3930 quas
2621 3859 2813 3914 fluunt
2845 3878 2913 3915 ac
2956 3860 3322 3929 dilabuntur,
3354 3862 3635 3934 facilique

1984 3950 2217 4022 negotio
2248 3950 2591 4004 concidunt.
2617 3952 2754 4014 Quae
2777 3956 2845 4004 ut
2869 3951 3046 4004 simul
3069 3951 3430 4007 laudationis
3463 3969 3636 4025 argu-

1983 4046 2184 4095 mento
2207 4045 2584 4103 concurrant,
2608 4040 2854 4094 difficile
2879 4057 3315 4111 operosumque
3341 4045 3639 4096 est.Ca3te-

1982 4146 2136 4195 rum,
2166 4145 2534 4199 quaecunque
2566 4129 2767 4182 omnia
2816 4129 2944 4183 haec
2993 4129 3335 4200 singulatim
3367 4130 3637 4186 distinxit

1984 4234 2051 4272 ac
2083 4217 2425 4289 percensuit
2467 4218 2676 4284 oratio,
2710 4222 2994 4286 tanquam
3042 4217 3163 4271 feni
3196 4217 3306 4271 llos
3339 4224 3497 4285 sunt,
3532 4220 3631 4289 qui

1984 4308 2296 4362 marcescit
2328 4312 2383 4359 et
2414 4306 2639 4371 interit,
2671 4311 2773 4359 aut
2818 4305 2977 4359 velut
3006 4306 3374 4377 egregiorum
3405 4308 3633 4361 insom-

1987 4397 2225 4450 niorum
2253 4394 2511 4449 mendax
2541 4401 2599 4447 et
2628 4399 2857 4464 spectro
2890 4392 3104 4447 ludens
3135 4401 3508 4465 conspectus,
3533 4398 3635 4466 qui

1988 4501 2124 4539 mox
2149 4489 2215 4537 ut
2242 4482 2535 4553 apparuit,
2585 4481 2818 4552 diffugit
2844 4498 2855 4534 :
2909 4482 3049 4550 quia
3080 4482 3255 4536 citius
3286 4500 3353 4537 ac
3382 4483 3636 4540 breviori

1990 4572 2313 4643 aliquando
2348 4589 2513 4626 mora
2543 4577 2935 4642 pessumeunt
2966 4577 3023 4625 et
3049 4578 3376 4637 mutantur,
3403 4590 3638 4643 unaque

1989 4661 2134 4716 adeo
2168 4678 2370 4716 secum
2404 4666 2804 4715 consentanee
2851 4666 2909 4714 et
2957 4662 3224 4731 apposite
3268 4661 3639 4717 elaboratum

1988 4750 2399 4806 laudationum
2415 4755 2770 4805 concentum
2786 4755 2843 4804 et
2856 4750 3327 4821 complexionem
3348 4758 3635 4806 evertunt.

1989 4842 2053 4894 In
2088 4846 2142 4895 te
2174 4845 2394 4907 autem,
2430 4858 2461 4894 ο
2494 4839 2651 4911 virgo
2684 4844 2847 4893 casta
2889 4844 2947 4893 et
2977 4839 3262 4910 prudens,
3296 4845 3638 4911 martyrque

1990 4936 2209 5001 tropaeo
2259 4930 2479 5000 inclyta
2526 4935 2584 4983 et
2616 4929 2853 4998 invicta,
2888 4934 3101 4983 cuncta
3150 4929 3276 4983 haec
3322 4930 3633 5001 facillime,

1989 5020 2273 5089 nulloque
2304 5019 2528 5085 labore,
2563 5024 2843 5089 congesta
2901 5023 2959 5071 et
3009 5018 3468 5089 conglomerata,
3503 5037 3636 5090 qum

1990 5126 2147 5164 nunc
2180 5107 2474 5163 recensita
2504 5112 2662 5171 sunt,
2694 5108 3087 5178 hominesque
3120 5108 3436 5177 mirantur,
3468 5109 3639 5166 beata

1980 5197 2277 5269 jactitant,
2336 5196 2630 5265 dignaque
2692 5196 2823 5249 luce
2882 5202 3147 5263 censent,
3209 5198 3382 5252 verba
3411 5199 3636 5254 facturo

1988 5292 2333 5353 occurrent;
2361 5302 2470 5340 nec
2494 5292 2693 5340 tamen
2717 5288 3032 5359 ejusmodi,
3057 5294 3121 5342 ut
3150 5297 3399 5359 pereant
3427 5308 3493 5346 ac
3516 5291 3637 5348 dis-

1990 5378 2309 5443 solvantur,
2330 5375 2666 5446 frustraque
2686 5375 2891 5430 laudes
2916 5377 2974 5430 in
2996 5394 3194 5432 acrem
3211 5379 3374 5435 abire
3394 5380 3634 5439 faciant.

1988 5467 2179 5522 Divini
2213 5464 2373 5519 enim
2406 5465 2590 5518 animi
2629 5465 2712 5518 tui
2742 5465 2951 5530 virtus,
2976 5472 3034 5521 et
3061 5483 3194 5522 cum
3218 5470 3493 5526 Creatore
3525 5487 3634 5526 ne-

1988 5553 2467 5622 cessitudo,bona
2490 5554 2705 5623 quibus
2727 5560 2935 5609 ornata
2953 5556 3289 5628 es,ipsaque
3308 5560 3631 5629 mundana,

1990 5645 2095 5701 tibi
2126 5643 2401 5699 astrinxit
2431 5647 2489 5697 et
2519 5644 2901 5713 conservavit,
2933 5646 3269 5716 effecitque,
3302 5655 3367 5703 ut
3397 5666 3507 5704 nec
3532 5666 3631 5703 eo-

1984 5751 2117 5792 rum
2149 5732 2439 5788 memoria
2494 5730 2815 5800 deleretur,
2876 5740 3053 5805 atque
3112 5736 3173 5790 in
3232 5754 3407 5793 omne
3446 5752 3631 5793 mvum

3277 5853 3357 5912 26
