4000 6202
428 429 528 483 811

1702 414 1762 467 8.
1801 407 2082 467 JOANNIE

2194 402 2341 458 ΔΜΑ
2348 397 2561 457 BCBNI
3670 393 3748 449 812

428 552 649 625 pariter
669 550 1080 605 excurrerent:
1101 543 1367 616 quinimo
1394 541 1569 611 longe
1588 538 1765 593 etiam
1784 532 2076 605 multipli—

2194 525 2405 599 μᾶλλον
2439 521 2497 578 δὲ
2540 522 2630 578 καὶ
2681 516 3115 596 ὗπερεπλασίασε
3162 515 3253 570 καὶ
3302 512 3763 589 finemilium-To?)

428 623 579 699 cavit
637 645 695 694 et
750 635 1083 710 aggeravit:
1143 631 1347 687 Fidelis
1404 629 1625 699 quippe
1656 643 1762 681 esse
1813 623 2077 678 mundum

429 738 602 787 totum
633 730 978 790 divitiarum,
1040 723 1276 791 inﬁdelis
1326 736 1472 784 vero,
1530 734 1597 772 ne
1640 732 1811 770 unum
1841 712 2075 778 obolum,

429 820 746 891 Scripturae
766 813 1169 888 pronuntiavit
1190 806 1720 865 oraculums‘J‘iam
1738 800 2076 875 praesentia,

431 916 490 966 et
513 909 731 973 futura,
753 912 811 960 et
827 910 1060 970 cuncta,
1086 918 1339 973 quorum
1363 906 1496 953 tuus
1516 912 1769 968 sponsus
1793 891 2079 947 Dominus

429 1002 540 1061 est,
573 997 634 1050 in
665 994 819 1050 dotis
847 998 1077 1065 partem
1103 990 1385 1045 munifice
1410 987 1516 1041 tibi
1545 1000 1829 1040 concessa
1859 986 1998 1037 sunt
2024 982 2083 1033 et

431 1088 672 1144 donata.

502 1181 590 1232 22.
612 1178 755 1231 Cum
776 1174 954 1246 igitur
971 1173 1249 1228 adversus
1274 1171 1564 1224 humanas
1594 1164 1800 1220 laudes
1822 1161 2083 1233 palmam

430 1267 712 1337 utrinque
746 1265 989 1329 referas,
1018 1268 1141 1315 tum
1174 1260 1402 1315 scilicet
1433 1254 1733 1310 saecularis
1755 1251 1883 1305 vita:
1907 1248 2084 1305 clari-

430 1361 707 1421 tate,tum
729 1353 950 1425 insigni
969 1351 1151 1407 animi
1175 1350 1378 1404 dotum
1401 1344 1740 1417 splendore,
1757 1357 1886 1411 quae
1908 1337 2082 1393 ambo

431 1443 702 1516 martyrii
737 1441 1016 1497 ﬁrmitate
1050 1438 1411 1507 robustaque
1426 1426 2084 1489 constantiaillustrasti

434 1539 493 1588 et
525 1514 737 1588 eximie
771 1529 1085 1595 decorasti,
1122 1527 1218 1581 abi
1270 1526 1396 1596 jam
1430 1522 1694 1595 gaudens
1717 1518 1791 1573 ad
1822 1514 2085 1571 ccelestia

432 1637 564 1692 quae
584 1620 809 1675 crebris
827 1618 1074 1674 canticis
1094 1619 1436 1686 personant,
1454 1604 2085 1675 tabernacula,relictis

432 1710 533 1781 qui
569 1708 792 1764 carnali
818 1725 887 1762 ex
912 1724 1011 1762 ore
1041 1704 1339 1777 prodeunt
1363 1699 1657 1773 politioris
1686 1697 1829 1752 artis
1861 1710 2087 1750 sermo—

431 1799 630 1865 nibus,
665 1798 891 1868 quique
924 1812 985 1850 se
1018 1796 1203 1850 victos
1251 1792 1473 1847 diserta
1515 1806 1651 1844 voce
1699 1786 2083 1842 conﬁtentur.

433 1890 579 1945 Cum
611 1888 769 1942 enim
803 1885 1084 1956 przeclare
1109 1888 1408 1953 gestorum
1433 1879 1619 1951 gloria
1649 1882 1708 1931 et
1736 1870 2084 1945 approbatio

440 1936 579 1945 η---
1064 1936 1077 1938 ι
1109 1936 1140 1953 η
1196 1936 1199 1937 ν
1433 1936 1465 1951 U
1778 1936 1791 1945 _
1816 1936 1833 1945 -

433 1994 613 2049 supra
642 1976 945 2030 hominem
978 1968 1543 2041 exsistat,quomodo
1568 1981 1827 2037 congrua
1858 1977 2086 2017 eorum-
2116 1936 2163 2001 Β

433 2067 563 2122 dem
600 2065 861 2120 laudatio
889 2065 1209 2117 humanam
1241 2065 1503 2114 mentem
1530 2073 1650 2111 non
1684 2052 1927 2109 excedat
1945 2049 2083 2104 ‘?Abi

433 2172 592 2223 ergo,
623 2160 804 2217 casta,
837 2150 1216 2213 venerabilis,
1242 2154 1299 2202 et
1322 2147 1608 2218 prmclara
1636 2144 1887 2214 virgo,ut
1917 2155 2086 2209 supe-

436 2243 695 2298 rioribus
740 2242 963 2296 mundo
1016 2239 1277 2309 prmmiis
1327 2235 1591 2307 potiaris.
1642 2233 1771 2299 Abi,
1819 2230 1917 2284 ubi
1951 2228 2088 2281 silet

436 2332 646 2396 oratio,
682 2347 887 2385 eorum
921 2346 1050 2398 quae
1074 2325 1357 2381 orationis
1378 2325 1493 2377 vim
1517 2318 2084 2390 exceduntgloriam

441 2422 593 2477 909
629 2420 839 2474 diffuse
873 2418 1071 2488 eloqui
1119 2433 1237 2470 non
1268 2415 1489 2469 valens.
1523 2412 1653 2479 Abi,
1687 2412 1948 2466 sinceras
1978 2408 2083 2461 bo-

440 2525 655 2565 norum
680 2526 810 2579 qua:
836 2506 1252 2578 cogitationem
1276 2506 1580 2574 superant,
1608 2500 1850 2555 delicias
1884 2513 2087 2568 perce-

437 2605 632 2669 ptura,
665 2597 765 2651 ubi
800 2594 1125 2651 intellectio
1159 2594 1353 2648 omnis
1378 2609 1447 2646 ex
1469 2588 1923 2662 particularihus
1946 2586 2085 2641 visis

431 2687 830 2760 cognitionem
852 2684 1387 2757 colligens,otiatur
1403 2688 1461 2736 et
1477 2686 1643 2735 vacat
1664 2680 1897 2733 intenta
1914 2683 2087 2731 mter-

430 2794 575 2832 num
609 2782 807 2830 mente
832 2776 892 2829 in
917 2776 1133 2829 eximia
1156 2773 1258 2827 illa
1281 2787 1460 2843 supra
1486 2776 1761 2824 naturam
1784 2774 1842 2822 et
1864 2766 2087 2820 intelli-

430 2865 651 2939 gibilia.
689 2864 819 2931 Abi,
850 2864 949 2917 ubi
996 2879 1198 2918 rerum
1248 2860 1645 2925 sensibilium,
1680 2872 2086 2925 sensuumque

434 2956 699 3027 ipsorum
744 2954 1040 3007 multiﬁda
1072 2951 1338 3022 deceptio
1374 2956 1432 3004 et
1462 2948 1679 3019 vertigo
1712 2946 1912 3011 desiit,
1944 2945 2087 3000 abo-

431 3044 657 3115 litaque
685 3049 792 3099 est.
830 3044 1041 3114 Recipe
1090 3042 1363 3096 victrices
1409 3039 1637 3111 palmas
1686 3042 1816 3091 tuas
1848 3041 1905 3090 et
1934 3052 2087 3106 pras-

432 3133 749 3205 magniﬁca
772 3132 1254 3202 prwmiaﬁecipe
1282 3135 1378 3184 tua
1404 3127 1649 3199 praemia
1669 3131 1725 3181 et
1750 3130 2084 3192 stemmata,

430 3239 562 3294 quas
594 3221 734 3289 illis,
761 3221 862 3291 qui
887 3220 1100 3275 Christi
1129 3236 1308 3274 causa
1330 3216 1762 3273 decertaverint
1787 3230 1853 3270 ac
1881 3214 2084 3269 decer-

2187 616 2290 690 γάρ
2348 617 2563 681 πιστοῦ,
2622 611 2756 673 ὅλος
2816 610 2843 662 6
2900 606 3110 679 κόσμος
3167 610 3273 659 τῶν
3348 603 3643 677 χρημάτων,
3688 612 3761 660 τοῦ

2189 702 2247 759 δὲ
2298 703 2551 773 ἀπίστου,
2599 696 2728 755 οὐδὲ
2785 699 2862 760 εἷς
2923 690 3146 762 ὀϐολὸς,
3204 694 3266 747 τὸ
3319 692 3566 769 γραφικὸν
3602 692 3765 771 ἀπειρή-

2187 812 2314 847 νατο
2346 786 2561 866 λόγίον.
2610 789 2695 845 Τὰ
2748 784 3013 841 ἐνεστῶτα
3042 783 3169 858 γὰρ,
3200 781 3291 836 καὶ
3318 782 3385 835 τὰ
3414 778 3675 853 μέλλοντα,
3698 784 3762 836 καὶ

2188 880 2404 937 πάντων
2437 881 2511 934 ὢν
2544 879 2571 932 6
2603 878 2696 940 σὸς
2743 873 2991 944 δεσπόζει
3050 870 3304 947 νυμφίος,
3362 870 3447 924 σοὶ
3503 869 3573 932 εἷς
3617 876 3767 944 προῖκα

2187 970 2509 1046 κεχάρισται
2541 969 2630 1024 καὶ
2664 954 2994 1042 δεδώρηται.

2261 1150 2367 1226 κβ’.
2402 1149 2550 1206 Ἐπεὶ
2589 1145 2647 1202 δὶ
2672 1146 2853 1201 τοίνυν
2872 1143 3257 1222 ἀμφοτέρωθεν
3282 1140 3420 1196 κατά
3436 1145 3536 1195 τῶν
3559 1140 3769 1215 ἀνθρωπι-

2190 1262 2297 1294 νων
2323 1237 2555 1294 ἐπαίνων
2578 1238 2644 1293 τά
2668 1237 2961 1309 νικητήρια
2976 1236 3257 1303 κέκτησαι,
3279 1234 3349 1305 τῇ
3370 1252 3427 1285 τε
3449 1235 3540 1284 τοῦ
3558 1235 3771 1302 κοσμικοῦ

2197 1328 2319 1404 βίου
2341 1327 2626 1402 φανότητι,
2651 1326 2740 1380 καὶ
2761 1328 2830 1399 τῇ
2853 1328 2961 1378 τῶν
2984 1322 3119 1378 κατά
3135 1322 3319 1396 ψυχήν
3345 1319 3773 1390 πλεονεκτημάτων

2194 1416 2572 1492 λαμπρότητι,
2605 1416 2739 1489 ἅπερ
2774 1413 2937 1490 ἄμφω
2984 1415 3052 1485 τῇ
3081 1415 3178 1465 τοῦ
3211 1408 3506 1485 μαρτυρίου
3533 1410 3775 1481 κατήστρι·

2193 1511 2295 1581 ψας
2376 1506 2467 1560 καὶ
2523 1501 2897 1578 κατηγλάϊσας
2974 1500 3315 1577 στερρότητι,
3377 1499 3523 1553 ἄπιθι
3572 1496 3778 1571 χαίρουσα

2194 1597 2330 1673 πρὸς
2363 1593 2644 1669 οὐρανίους
2696 1590 3049 1665 ὑμνοπόλους
3104 1590 3333 1660 σκηνάς,
3385 1585 3782 1663 καταγείψασαὲιι

2195 1684 2449 1761 σαρκίνης
2504 1682 2950 1759 προφερομένους
3024 1679 3283 1754 γλώττης
3335 1675 3779 1751 ἐκτετορνευμένους

2196 1774 2419 1849 λόγους.
2473 1772 2562 1828 καί
2619 1773 2718 1841 την
2777 1773 2940 1840 ἧτταν
3002 1772 3156 1847 φωνῇ
3209 1764 3779 1841 καθομολογοῦντας.Εί

2194 1864 2296 1940 γὰρ
2353 1862 2483 1937 ὑπὲρ
2541 1860 2824 1934 ἄνθρωπον
2910 1864 3013 1914 τῶν
3069 1858 3477 1930 ἀριπευμάτων
3533 1858 3564 1924 ἡ
3617 1851 3780 1908 εὐδοκία

2198 1973 2384 2025 μησις,
2433 1956 2551 2015 πῶς
2597 1951 2707 2024 οὐχ
2760 1950 2891 2024 ὑπὲρ
2937 1946 3143 2003 ἔννοιαν
3202 1944 3539 2020 ἀνθρωπίνην
3584 1944 3611 1998 ἀ
3652 1942 3782 2018 πρόσ-

2194 2061 2361 2117 φορος
2420 2038 2680 2107 ἕπαινοςς
2760 2040 2952 2101 ’Ἄπιθι
3038 2038 3248 2105 τοίνυν,
3312 2036 3483 2106 σεμνὴ
3533 2029 3786 2104 καλλιπαρ-

2192 2131 2327 2199 θὲνε,
2377 2134 2484 2183 τῶν
2547 2126 2926 2202 ὑπερκοσμίων
2980 2129 3152 2202 γερῶν
3215 2121 3581 2178 ἀπολαύουσα.
3621 2123 3784 2188 Ἄπιθι,

2194 2216 2319 2282 ἔνθα
2347 2213 2512 2292 λόγος
2568 2222 2710 2291 σιγᾷ,
2767 2220 2874 2270 τῶν
2935 2215 3069 2290 ὑπὲρ
3128 2212 3295 2288 λόγον
3357 2213 3456 2280 την
3488 2209 3626 2280 δόξαν
3655 2206 3784 2277 διεξο-

2196 2308 2359 2369 δικῶς
2420 2307 2588 2361 εἰπεῖν
2648 2306 2711 2359 οὐ
2764 2303 3078 2376 δυνάμενος.
3139 2309 3338 2365 ’Ἄπιθι
3410 2305 3514 2354 τῶν
3569 2299 3682 2370 ὑπὲρ
3724 2295 3784 2350 ἐν·

2196 2395 2431 2468 θύμησιν
2491 2395 2701 2471 ἀγαθῶν
2770 2391 2975 2463 ἡδονῆς
3042 2398 3142 2461 τῆς
3216 2391 3455 2463 ἀκράτου
3530 2386 3784 2460 μεθέξουσα,

2196 2482 2322 2549 ἔνθα
2376 2486 2560 2550 νόησις
2620 2483 2799 2537 ’ἁπασα
2856 2481 2916 2536 ἐκ
2971 2486 3078 2536 τῶν
3134 2484 3377 2553 μερικῶν
3456 2478 3789 2556 φαντασμάτων

2193 2576 2292 2643 τήν
2324 2578 2521 2649 γνῶσιν
2580 2571 2906 2644 ἀθροίζουσα
2963 2572 3117 2647 ἀργεῖ
3172 2569 3261 2624 καὶ
3328 2566 3581 2643 σχολάζει
3622 2563 3789 2629 ἁπλῶς,

2193 2668 2288 2719 τοῦ
2317 2668 2413 2718 νοῦ
2446 2663 2683 2725 αἶωνίως
2714 2667 2830 2723 τοῖς
2883 2661 3175 2738 ὑπερφυὲσι
3223 2659 3317 2713 καὶ
3369 2663 3577 2729 νοητοῖς
3604 2648 3787 2709 ἐπιϐάλ-

2196 2752 2409 2815 λοντος.
2469 2753 2681 2824 ’¹Απιοι,
2732 2745 2854 2806 ἔνθα
2901 2754 3009 2805 τῶν
3055 2750 3333 2818 αἰσθητῶν
3362 2748 3449 2803 καὶ
3484 2745 3742 2814 αἴσθηςεων
3764 2743 3790 2809 ἦ

2194 2839 2549 2918 πολυσχιδής
2607 2842 2809 2911 ἀπάτη,
2864 2841 2953 2895 καὶ
3012 2838 3279 2916 περιφορά
3343 2835 3598 2892 πέπαυταί
3640 2854 3687 2887 τε
3723 2830 3790 2884 καί

2193 2934 2555 3006 κατηργησαι.
2587 2924 2864 2987 Ἀπόλαῦἑ
2915 2950 3010 2983 σου
3065 2928 3134 2983 τὰ
3189 2927 3449 2996 νικητικά
3482 2916 3789 3001 βραδεῖα,καὶ

2197 3020 2564 3096 ὑπὲρλαμπρα
2592 3019 2725 3094 γέρα
2773 3020 2864 3073 καὶ
2921 3017 3149 3082 ἔπαθλα.
3215 3011 3491 3073 Ἀπόλαϐἐ
3522 3035 3607 3068 σου
3640 3015 3727 3065 τῶν
3750 3009 3793 3062 ὲκ

2191 3115 2307 3171 τοῖς
2335 3109 2645 3182 σκάμμασιν
2704 3105 2952 3182 ἱδρώτων
3012 3106 3101 3161 καὶ
3160 3104 3345 3159 πόνων
3380 3104 3477 3172 τήν
3508 3102 3791 3170 καθήκουσιν

2194 3196 2502 3254 ἀνάπαυλαν
2537 3197 2627 3252 καὶ
2659 3196 2935 3271 ἀνάψυξιν.
2972 3189 3251 3253 Ἀπόλαϐὲ
3309 3214 3407 3248 σου
3456 3194 3521 3247 τὰ
3553 3185 3791 3264 ἐποφειλό-

426 3280 577 3378 tant,
611 3280 998 3383 opp'ig‘nerata
1019 3314 1176 3363 sunt.
1206 3308 1531 3363 Laetissima
1557 3305 1767 3377 Sponsi
1800 3303 1996 3375 specie
2021 3306 2077 3357 et

2196 3309 2329 3361 μενα
2356 3292 2473 3350 τοῖς
2535 3285 2623 3341 διὰ
2677 3287 2914 3361 Χριστὸν
2974 3282 3243 3355 ἀθλήσασι
3280 3282 3373 3338 καί
3407 3280 3643 3337 ἀθλοῦσιν
3667 3298 3793 3344 νικη-

426 3406 733 3455 venustate
764 3400 981 3463 fruere,
1003 3416 1133 3469 quae
1166 3415 1275 3452 nec
1295 3397 1486 3451 verbis
1512 3396 1729 3461 efferri,
1757 3410 1865 3448 nec
1886 3397 2085 3447 mente

430 3490 660 3561 concipi
692 3493 904 3559 potest.
940 3489 1156 3542 Fruere
1182 3503 1401 3541 arcana
1427 3492 1483 3540 et
1506 3485 1755 3555 mystica
1788 3483 1849 3537 in
1881 3497 2086 3552 super-

430 3580 654 3635 crelesti
694 3578 954 3632 thalamo
990 3575 1474 3630 confabulatione
1521 3581 1579 3629 et
1627 3571 2086 3637 consuetudine,

434 3684 553 3737 qua
582 3667 757 3736 plane
789 3665 943 3719 nihil
972 3665 1207 3720 felicius
1238 3664 1589 3733 beatiusque
1622 3669 1729 3717 est.
1766 3662 1922 3715 Nihil
1956 3659 2082 3728 tibi,

432 3772 652 3826 sponsa
682 3755 921 3819 Christi,
955 3770 1024 3808 ex
1056 3754 1357 3824 przeclaris
1398 3753 1760 3807 facinoribus
1793 3750 2084 3821 virginum

429 3845 733 3915 lampades
763 3845 1145 3915 gestantium.
1168 3844 1241 3898 ad
1275 3844 1653 3913 splendorem
1686 3841 2081 3907 desideratur;

426 3942 492 3988 ut
522 3952 652 4005 qum
676 3934 975 3988 Christum
1000 3950 1287 4003 sponsum
1312 3951 1488 4003 supra
1513 3932 1755 3987 modum
1779 3930 2083 3995 dilexeris,

424 4023 708 4094 illiusque
736 4023 955 4077 amoris
976 4022 1272 4077 illecebris
1294 4028 1466 4093 capta
1485 4022 1598 4076 sis:
1626 4026 1863 4091 prooter
1883 4035 2082 4089 quem,

427 4128 549 4168 non
582 4111 774 4166 solum
807 4113 1010 4165 omnia
1058 4110 1345 4165 arbitrata
1376 4128 1438 4165 es
1470 4110 1553 4164 uti
1590 4114 1851 4162 stercora
1880 4106 1946 4173 δῖ,
1981 4105 2084 4161 sed

430 4208 488 4257 et
508 4202 760 4273 propriae
784 4202 915 4255 vita)
940 4206 998 4255 et
1020 4201 1236 4256 animm
1258 4201 1453 4272 ipsum
1478 4200 1648 4269 cujus
1670 4196 1965 4252 desiderio
1991 4212 2085 4250 ar-

428 4291 632 4357 debas,
655 4290 1003 4345 antetulisti.
1031 4293 1214 4355 Quam
1240 4290 1501 4362 legitime
1523 4286 1842 4342 admodum
1861 4285 2084 4339 bonum

426 4386 729 4436 certamen
762 4380 1022 4449 certasti,
1052 4386 1227 4450 atque
1271 4380 1577 4433 immotam
1613 4376 1792 4432 (idem
1825 4373 2082 4429 mutabi-

428 4469 588 4525 libus
637 4470 1110 4540 periculosisque
1162 4468 1532 4539 temporibus
1562 4464 1843 4522 servastil
1899 4466 2083 4528 Quam

427 4558 595 4613 valde
628 4559 938 4623 inoffense,
964 4576 1029 4613 ac
1057 4559 1184 4613 sine
1210 4557 1538 4625 obstaculo,
1572 4555 1809 4626 pietatis
1842 4570 2083 4608 cursum

428 4646 894 4702 consummasti!
931 4649 1116 4711 Quam
1148 4646 1403 4700 multum
1436 4645 1671 4709 acerba,
1703 4644 1993 4712 duraque,
2014 4657 2083 4696 ac
2116 4672 2161 4735 Β

428 4753 607 4808 supra
632 4735 972 4790 mortalium
997 4735 1338 4790 facultatem
1362 4734 1590 4787 inﬂicta
1621 4732 1724 4786 tibi
1759 4730 1832 4786 ob
1865 4729 2079 4784 Christi

428 4824 811 4879 dilectionem
847 4830 1144 4878 tormenta
1175 4829 1295 4876 toto
1328 4823 1551 4885 animo,
1579 4836 1930 4889 summaque
1957 4818 2083 4873 ala—

426 4914 567 4968 crita
581 4919 633 4967 te
653 4912 1015 4968 sustinuisti!
1044 4912 1437 4977 Quamobrem
1455 4910 1707 4980 justitiaa
1732 4909 1834 4962 tibi
1863 4923 2083 4962 corona

424 5004 686 5073 reposita
716 5008 823 5061 est.
858 5019 1034 5073 quam
1062 5018 1195 5055 eum
1231 5001 1405 5071 digne
1438 4999 1834 5062 contexueris,
1868 4998 1926 5050 in
1962 5012 2080 5050 cm-

426 5091 673 5146 lestibus
705 5098 986 5146 coronata
1021 5108 1083 5146 es
1110 5091 1172 5145 ‘2.
1210 5092 1279 5145 At
1314 5106 1386 5143 ne
1420 5089 1517 5142 hic
1543 5087 1783 5158 quidem
1814 5085 2080 5139 Christus

426 5180 669 5250 praemio
696 5186 747 5234 te
773 5198 1010 5235 vacuam
1036 5180 1299 5250 reliquit:
1322 5179 1538 5248 quippe
1558 5178 1658 5247 qui
1682 5175 1916 5230 dixerit:
1946 5175 2080 5228 Vivo

429 5284 545 5336 ego,
580 5268 673 5321 sed
714 5271 1080 5337 gloriﬁcantes
1116 5287 1197 5323 me
1222 5268 1540 5337 glori/icabo
1562 5266 1628 5319 53.
1658 5262 2077 5330 Quamobrem,

431 5354 585 5408 sicut
615 5358 971 5425 promissum
1005 5364 1112 5423 est,
1147 5359 1207 5411 in
1240 5364 1339 5412 tuo
1371 5357 1624 5424 lavacro,
1658 5354 1760 5409 ubi
1784 5353 1963 5409 etiam
1993 5366 2082 5405 re-

431 5442 634 5512 liquiae
669 5449 782 5499 tua)
816 5451 972 5511 sunt,
998 5446 1057 5500 in
1095 5446 1299 5501 fideles
1333 5446 1432 5517 qui
1468 5444 1540 5499 ad
1574 5445 1734 5515 ipsas
1764 5440 2077 5506 accedunt,

455 5530 708 5586 aticibus
739 5534 1098 5604 copiosores,
1132 5536 1327 5591 omnis
1357 5535 1591 5607 generis
1623 5531 2078 5605 aegrotationum

2197 3378 2336 3456 φόροι
2368 3377 2672 3449 στέμματα,
2703 3375 2793 3430 καὶ
2846 3373 3149 3448 μαρτυρικά
3202 3369 3537 3444 διαδήματα.
3569 3365 3793 3423 Ἀπόλαυε

2192 3473 2295 3536 τῆς
2383 3470 2480 3521 τοῦ
2574 3464 2830 3542 Νυμφίου
2927 3462 3298 3540 ἀνεκφράστου
3367 3462 3456 3516 καὶ
3522 3456 3793 3524 ἀνεννοήτου

2197 3554 2427 3630 ἀγλαίας
2455 3555 2541 3609 καὶ
2606 3554 2968 3627 ὡραιότητος.
3026 3551 3306 3607 Ἀπόλαυι
3356 3557 3453 3619 τῆς
3487 3549 3535 3603 ἐν
3560 3552 3631 3618 τῷ
3660 3545 3793 3614 ὑπερ-

2196 3644 2433 3719 ουρανίῳ
2487 3647 2731 3720 νυμφῶνι
2785 3641 3103 3717 ἀπορρήτου
3153 3638 3243 3692 καὶ
3310 3643 3570 3710 μυστικῆς
3618 3629 3793 3704 ὁμιλίας

2194 3732 2623 3809 καὶσυναφείας,
2676 3734 2741 3800 ἧς
2792 3725 2962 3793 ὅντως
3019 3725 3175 3782 οὐδὲν
3232 3722 3567 3799 ὀλϐιώτερον
3612 3721 3795 3790 καὶμασ

2193 3823 2525 3898 καριώτερον
2557 3820 2807 3898 πέφυκεν.
2869 3815 3036 3875 Οὐδὲν
3097 3839 3180 3871 σοι
3234 3821 3342 3870 τῶν
3401 3811 3646 3888 ὑπερλίαν
3676 3804 3795 3863 £680-

2192 3910 2511 3985 κιμηκότων
2599 3906 3128 3983 ἀνδραγαθημάτων,
3215 3909 3322 3958 τῶν
3397 3897 3793 3975 λαμπαδηφόρων

2193 4001 2497 4076 παρθένων,
2530 3996 2574 4051 ὦ
2606 3998 2791 4075 νύμφη
2854 3997 3112 4071 Χριστοῦ,
3171 3995 3310 4065 πρὸς
3372 3990 3606 4047 εὔκλειαν
3636 3983 3797 4041 ἀπολέ-

2194 4088 2434 4156 λειπται,
2490 4088 2563 4150 ὡς
2627 4086 2891 4161 ὑπεράγαν
2949 4086 3041 4139 τὸν
3096 4082 3333 4159 νυμφίον
3370 4081 3592 4154 Χριστὸν
3622 4074 3795 4151 ἀγαπή-

2191 4201 2346 4247 σασα,
2378 4177 2465 4233 καὶ
2497 4176 2692 4232 τούτου
2740 4174 3177 4248 καταθελχθεῖσα
3227 4168 3414 4246 ἔρωτι.
3448 4172 3523 4224 Δι’
3552 4168 3609 4222 αὗ
3639 4165 3688 4219 οὐ
3715 4160 3791 4235 μά·

2191 4292 2283 4325 νον
2316 4270 2523 4323 ἅπαντα
2580 4266 2868 4341 λελόγισαι
2931 4259 3193 4332 σκύϐαλα,
3251 4262 3401 4317 ἀλλά
3457 4259 3543 4315 καὶ
3572 4263 3656 4326 τῆς
3684 4249 3793 4311 ἰδίας

2195 4365 2340 4429 ζωῆς
2392 4357 2480 4411 καὶ
2530 4359 2716 4431 ψυχῆς
2747 4355 2838 4409 τὸν
2897 4354 3238 4427 ποθούμενον
3296 4342 3793 4426 προτετίμηκας.Ὠς

2193 4446 2316 4503 λίαν
2380 4446 2625 4519 ἐννύμῶς
2683 4445 2775 4498 τὸν
2836 4442 3003 4498 καλὸν
3065 4442 3247 4519 ἀγῶνα
3276 4433 3669 4517 ἡγώνισαι,καὶ
3715 4429 3794 4495 τὴν

2192 4539 2371 4592 πίστιν
2425 4536 2733 4608 τετήρηκας
2792 4529 3078 4607 ἄτρεπτον,
3141 4532 3192 4585 ἐν
3247 4535 3462 4604 καιροῖς
3506 4525 3727 4599 τρεπτοῖς
3754 4534 3797 4569 τε

2191 4628 2279 4681 καὶ
2339 4620 2735 4680 κινδυνώδεσιί
2796 4622 2884 4683 Ὠς
2945 4620 3065 4676 λίαν
3123 4619 3520 4694 ἀπροσκόπτως
3546 4612 3628 4668 καὶ
3670 4608 3797 4677 ἀνεμ-

2195 4712 2466 4775 ποδίστως
2503 4712 2593 4766 τὸν
2655 4708 2860 4783 δρόμον
2920 4716 3020 4779 τῆς
3079 4703 3351 4769 εὐσεϐείας
3408 4697 3793 4762 τετὲλεκαςίὩς

2193 4803 2313 4860 λίαν
2347 4802 2570 4876 ἀλγεινά
2620 4800 2710 4854 καὶ
2773 4797 3036 4873 ὀδυνηρά,
3092 4799 3181 4852 καὶ
3242 4797 3373 4868 ὑπὲρ
3432 4788 3790 4864 δύναμινβρο-

2189 4893 2335 4947 τείαν
2374 4892 2609 4959 ὑπέστης
2666 4889 2734 4943 τὰ
2778 4886 3131 4963 ἐπενεχθέντα
3191 4907 3275 4939 σοι
3331 4884 3419 4939 διὰ
3474 4884 3568 4950 τὴν
3599 4878 3665 4937 εἷς
3696 4893 3789 4946 χει·

2191 4984 2315 5038 στὸν
2349 4980 2559 5054 ἀγάπην
2626 4961 3019 5052 βασανιστήρια
3080 4974 3379 5048 ὀλοψόχως
3435 4972 3521 5027 καὶ
3556 4961 3793 5041 προθυμόο

2190 5092 2343 5127 τατα.
2373 5067 2667 5143 Τοιγάρτοι
2700 5066 2790 5120 καὶ
2832 5067 2859 5120 6
2914 5072 3013 5135 τῆς
3049 5062 3391 5133 δικαιοσύνης
3426 5082 3507 5115 σοι
3555 5056 3790 5112 ἀπόκειται

2193 5163 2475 5237 στέφανος,
2533 5158 2691 5228 ὅνπερ
2753 5153 2916 5225 ἀξίως
2975 5150 3380 5226 ἀναδησαμένη,
3437 5149 3487 5205 ἐν
3530 5150 3632 5206 τοῖς
3662 5141 3791 5195 ἕπου·-

2194 5250 2394 5327 ρανίοις
2426 5247 2769 5318 κατὲστεῲαι.
2804 5243 2954 5301 Ἀλλ’
3016 5241 3131 5298 οὐδ’
3190 5241 3433 5307 ἐνταῦθα,
3466 5231 3720 5292 κατέλιπέν
3746 5244 3788 5327 ξε

2191 5314 2419 5412 ξίριστὸς
2448 5314 2764 5411 ἀγέραστον.
2828 5338 2913 5405 Ζῷ
2959 5332 3060 5407 γὰρ
3117 5330 3245 5406 ἐγὼ,
3304 5328 3485 5407 φησὶν,
3540 5322 3670 5378 ἀλλά
3692 5314 3792 5372 τοὺς

2194 5407 2513 5499 δοξάζοντας
2548 5407 2643 5495 νμε
2703 5420 2934 5493 δοξάσω.
3015 5420 3184 5488 Διότι,
3248 5418 3425 5483 καθὼς
3483 5407 3790 5499 ἐπήγγελται.

2192 5520 2247 5576 ἓν
2388 5513 2467 5586 σῷ
2524 5505 2816 5584 κολύμϐῳ,
2878 5508 3003 5576 ἔνθα
3052 5510 3139 5566 καὶ
3195 5510 3262 5563 τά
3317 5506 3448 5581 τίμά
3489 5524 3577 5559 σου
3604 5498 3791 5569 λειψανα

506 5745 551 5782 ⁸1
583 5746 754 5801 Prov.
788 5762 923 5816 xvn,
954 5746 1008 5813 6,
1041 5760 1159 5801 sec.
1191 5745 1353 5801 LXX.
1388 5747 1432 5781 ⁸³
1468 5746 1725 5818 Philipp.
1758 5760 1842 5813 ιιι,
1875 5744 1927 5798 8.
1963 5741 2082 5794 ενι

2194 5736 2307 5792 'im.
2339 5748 2416 5805 Iv,
2446 5734 2501 5801 7,
2533 5732 2588 5788 8.
2621 5728 2667 5766 ⁸³
2695 5727 2722 5782 Ι
2752 5726 2892 5799 Reg.
2923 5741 2983 5794 ιι,
3016 5726 3104 5781 30.
