3952 6202
186 452 271 507 813
1258 443 1625 501 LAUDATIO
1660 447 1719 501 Β.

1961 449 2123 503 ABE
2162 451 2386 506 MART.
3420 455 3522 511 814

178 574 270 631 τοῖς
293 567 477 624 πιστοῖς
504 557 1005 637 προσπελάζουσιν,
1039 559 1170 631 ὑπὲρ
1228 562 1441 634 νάματα
1495 561 1647 637 βρύει
1699 584 1739 618 τι

1966 567 2167 623 Ἱὶῐᾶῐθε
2212 568 2566 632 scaturiunt,
2626 569 2929 642 pestisque
2987 569 3309 638 ulceribus,
3344 571 3527 627 aliove

181 663 265 713 τῶν
304 649 631 710 παντοδαπῶν
689 648 1137 725 άρῥιυστημάτων
1221 650 1459 721 ἱάματα,
1518 652 1607 704 καὶ
1658 655 1742 705 τῶι

1972 656 2090 712 »ι’δο
2122 657 2477 725 laborantia,
2505 659 2757 731 aliisque
2787 661 2974 731 plagis
3005 660 3273 715 confecta
3299 666 3357 714 et
3378 660 3533 715 tabe-

179 744 325 802 ἕλκεσι
352 743 638 814 λοιμικοῖς,
669 740 703 808 ἢ
737 740 892 813 ἑτέρᾳ
934 737 1080 811 νόσιῤ
1137 739 1477 811 καμνόντων,
1535 741 1625 793 καὶ
1659 740 1740 795 ἑτέ

1967 747 2112 801 entia
2142 764 2407 817 corpora,
2434 748 2781 804 salutarium
2814 766 3101 820 aquarum
3134 753 3376 817 attactu,
3411 750 3528 803 exi-

186 854 278 910 ροις
306 829 519 904 μώλωψι
566 828 1058 902 κατοτρυχομὲνων
1105 828 1174 882 τά
1226 829 1475 901 σώματα,
1530 834 1633 883 τῶν
1664 850 1747 883 σω·

1969 835 2008 889 li
2034 837 2387 906 quantocius
2414 837 2619 892 morbo
2640 838 3073 910 absterguntur.
3100 840 3317 908 Estque
3342 838 3526 903 locus,

178 922 348 996 τηρίων
376 916 572 974 ὑδάτων
599 916 868 991 ἁψάμενα,
901 918 1092 970 θᾶττον
1147 916 1430 989 θανασίμῳ
1480 916 1739 972 ἀπονίπτε

1966 942 2007 980 n
2038 926 2269 994 vicinis,
2301 932 2424 981 tum
2456 928 2699 982 remotis
2727 928 2999 989 illustris,
3031 944 3097 982 ac
3129 926 3527 982 celebratissi-

176 1032 245 1065 ται
269 1011 530 1081 νοσήματι.
594 1007 697 1063 Καὶ
746 1003 889 1060 ἔστιν
948 1011 1066 1067 τοῖς
1114 1006 1448 1082 περιοίκοις,
1506 1008 1596 1063 καὶ
1656 1014 1737 1063 toi

1962 1030 2014 1068 IS
2043 1014 2161 1069 illis
2195 1021 2285 1070 est
2314 1016 2413 1086 qui
2447 1017 2753 1071 curatione
2786 1016 3072 1087 indigent.
3102 1017 3215 1070 Nec
3248 1016 3351 1069 illo
3374 1015 3523 1069 dun-

178 1099 348 1173 μακράν
378 1118 472 1151 που
502 1095 907 1168 ἀπῳκισμένοις
945 1096 973 1149 ὁ
1001 1096 1171 1156 τόπος
1229 1096 1502 1168 ἐπίσημός
1566 1119 1622 1152 τε
1678 1120 1739 1154 κα

1969 1108 2041 1158 :at
2060 1104 2189 1159 loco
2214 1122 2497 1161 concessa
2520 1106 2625 1159 tibi
2648 1106 2885 1160 claritas
2918 1110 2974 1159 et
3006 1106 3323 1159 sanitatum
3343 1104 3530 1177 gratia

176 1183 439 1257 διαϐόητος,
471 1185 562 1240 καὶ
601 1184 738 1259 πρὸς
769 1182 1051 1257 θεραπείαν
1106 1189 1224 1246 τοῖς
1286 1185 1556 1259 χεῄζουσι
1614 1208 1737 1261 περι

1966 1193 2129 1248 finita
2160 1200 2286 1261 est;
2322 1195 2425 1249 sed
2452 1200 2510 1249 et
2535 1196 2607 1250 iis
2635 1195 2811 1249 etiam
2836 1194 2933 1265 qui
2968 1194 3109 1249 orbe
3144 1200 3260 1248 toto
3283 1194 3527 1249 ferventi

175 1272 480 1336 σπούδαστος.
514 1274 621 1331 Καὶ
653 1272 751 1328 οὐκ
809 1272 858 1328 ἐν
920 1272 1108 1346 ἐκείνῳ
1170 1272 1334 1347 μόνον
1390 1280 1470 1347 τῷ
1522 1275 1736 1352 χώρῳ⁴

1966 1300 1995 1336 e
2028 1288 2084 1337 te
2112 1284 2350 1352 adeunt,
2390 1284 2590 1355 tuique
2636 1284 2986 1338 memoriam
3048 1284 3359 1338 annuatim
3426 1300 3526 1337 co-

173 1385 238 1419 σοι
264 1361 597 1440 δεδωρημὲνη
629 1362 901 1433 καλλονή,
932 1361 1021 1416 καὶ
1081 1362 1244 1437 χάρις
1294 1363 1557 1435 ἷαματική
1613 1388 1734 1442 περι

1965 1377 2032 1438 1t,
2066 1371 2316 1444 benigne
2368 1378 2650 1428 curantur
2688 1374 2871 1444 pestis
2902 1373 3178 1438 vulnera;
3214 1372 3526 1442 omnisque

171 1451 442 1527 γέγραπται,
472 1450 621 1506 ἀλλὰ
677 1449 767 1506 καὶ
820 1456 935 1513 τοῖς
991 1458 1240 1526 πανταχῆ
1299 1454 1399 1521 τῆς
1440 1453 1732 1527 οἰκουμένη

1963 1462 2068 1516 atis
2089 1462 2279 1533 gravis
2311 1463 2617 1517 calamitas
2653 1468 2709 1515 et
2729 1462 3000 1516 molestia
3031 1461 3274 1533 aufugit,
3308 1477 3375 1515 ac
3406 1461 3524 1514 daa-

170 1542 277 1615 μετᾶ
302 1544 494 1618 θερμῆς
526 1563 616 1597 σοι
650 1546 939 1616 προσιοῦσι
996 1547 1097 1609 τῆς
1154 1542 1408 1611 πίστεως,
1440 1544 1530 1597 καὶ
1585 1544 1648 1599 τὸ
1681 1546 1731 1599 σὲ

1962 1567 2125 1605 mum
2156 1551 2416 1605 assultus
2447 1550 3015 1605 comminationibus
3049 1550 3166 1604 tuis
3204 1549 3483 1620 fugantur
3511 1565 3523 1616 ;

167 1630 340 1700 ἐτήσιον
396 1630 674 1687 ἐκτελοῦσι
738 1629 1111 1703 μνημόσυνον,
1170 1631 1236 1685 τὰ
1296 1630 1552 1704 λοιμώδη
1609 1644 1728 1708 θερο

1963 1638 2042 1692 ini
2078 1637 2333 1709 denique
2366 1638 2629 1710 periculo
2663 1644 2722 1693 et
2750 1638 2993 1693 adverso
3013 1654 3151 1692 casu
3169 1637 3524 1701 liberantur,

163 1719 344 1775 πεύεται
370 1720 671 1795 τραύματα,
720 1719 810 1774 καὶ
869 1720 1047 1790 πάσης
1105 1719 1328 1789 ἡλικίας
1362 1724 1397 1790 ἡ
1458 1719 1634 1792 ἇηδής
1663 1744 1724 1799 φο

1466 1719 1634 1792 ὶηδής
1663 1744 1766 1799 φυ-
1880 1728 1980 1797 qui
2016 1733 2176 1782 tuam
2206 1728 2501 1783 vindicem
2534 1744 2706 1799 opem
2738 1728 3027 1782 invocant.

164 1806 399 1884 γαδεύεται
457 1813 662 1883 σκῆψις
713 1809 804 1864 καὶ
866 1805 1127 1884 ὄχλησις,
1207 1808 1467 1884 ἐνέργειαί
1528 1832 1586 1865 τε
1645 1809 2032 1885 δαιμονιώδεις
2103 1821 2221 1878 τοῖς
2307 1821 2423 1877 σοῖς
2479 1810 2898 1890 ἐμϐριμήμασιν
2978 1812 3395 1869 ἂπελαύνονται·
3460 1814 3523 1869 ού

165 1899 250 1969 μὴν
302 1898 436 1955 ἀλλά
505 1900 598 1955 καὶ
652 1900 867 1954 πάντων
927 1896 1314 1975 ἐκλυτροῦνται
1360 1897 1627 1955 κινδύνων
1692 1902 1780 1956 καὶ
1837 1903 2221 1979 περιστάσεων,
2283 1903 2334 1960 ο⁹ί
2378 1926 2433 1959 σε
2462 1906 2599 1982 πρὸς
2654 1903 2862 1979 ἃμυναν
2920 1902 3204 1981 ἐπίκουρον
3285 1925 3525 1980 προσκαο

161 1985 398 2060 λούμενοι.

212 2079 294 2153 κγ’.
348 2080 433 2147 Μή
503 2077 688 2133 τοίνυν
748 2077 964 2152 Λείπῃς,
1018 2076 1152 2152 ἆγνή
1238 2076 1575 2151 άιιπάρθενε,
1635 2078 1760 2142 τοὺς

1953 2086 2027 2138 23.
2064 2086 2143 2138 Ne
2179 2102 2374 2140 cesses
2406 2085 2604 2157 igitur,
2639 2090 2798 2140 casta
2840 2084 2901 2138 in
2954 2089 3306 2155 perpetuum
3336 2082 3514 2156 virgo,

159 2164 261 2228 σοὺς
300 2166 663 2223 ἐποπτεύουσα
719 2171 994 2239 συμπαθεῖ
1045 2171 1125 2239 τῷ
1178 2166 1456 2243 βλέμματι
1516 2168 1720 2245 πρόσφι

1964 2174 2185 2229 seranti
2217 2179 2458 2246 aspectu
2474 2191 2572 2229 eos
2604 2175 2703 2245 qui
2731 2174 2802 2229 ad
2827 2179 2882 2227 te
2907 2173 3523 2245 confugiunt,intueri,

156 2275 249 2329 γας,
280 2253 527 2313 ἀλλὰκαὶ
588 2259 681 2312 τὸν
731 2256 887 2311 τουτί
946 2277 1029 2311 σοι
1083 2256 1589 2334 προσπεφωνηκότα
1620 2258 1717 2313 εύτι

1968 2261 1982 2315 ι
2016 2268 2075 2317 et
2106 2279 2239 2318 eum
2271 2264 2373 2335 qui
2414 2264 2475 2318 in
2538 2263 2625 2318 tui
2684 2262 2943 2323 laudem.
2979 2278 3223 2334 egenam
3284 2261 3436 2316 hanc
3472 2266 3529 2316 et

156 2340 249 2413 λὶς,
275 2347 352 2399 καὶ
378 2344 633 2416 ἐξίτηλον
665 2353 764 2414 τῆς
800 2346 935 2424 εύιρη
950 2344 1077 2417 μίας
1127 2343 1429 2421 λογίδριον,
1471 2347 1717 2423 παραπο)

1963 2352 2091 2406 ilem
2107 2352 2704 2408 declamatiunculam
2723 2352 3270 2424 pronuntiavit,tuae
3286 2350 3524 2421 quidem

161 2432 236 2502 μὶν
262 2436 349 2502 τῆς
376 2442 471 2504 σῆς
504 2436 845 2511 ὑπερφεροῦς
887 2436 1038 2505 ἀξίας
1096 2433 1558 2508 ἀπολειπόμενον,
1621 2439 1722 2493 εύτε

1961 2441 2110 2495 imiae
2129 2441 2399 2513 dignitati
2415 2442 2585 2515 longe
2611 2443 2920 2513 imparem,
2954 2440 3063 2496 etsi
3098 2441 3308 2513 exiguo
3340 2440 3522 2494 animi

154 2519 261 2584 λοῦς
290 2520 342 2578 δὲ
369 2524 683 2600 προθυμίας
712 2525 812 2580 ούκ
843 2522 1066 2580 ἔλαττον
1100 2524 1245 2596 αύτῷ
1302 2528 1715 2602 πεφροντισμένε

1968 2530 2089 2585 lore
2139 2531 2326 2585 nihilo
2351 2532 2543 2586 secius
2574 2549 2678 2602 pro
2718 2531 2873 2584 virili
2901 2535 3260 2597 accuratam,
3294 2546 3399 2600 pro
3432 2546 3529 2583 vo-

154 2612 265 2682 πρὸς
311 2609 561 2686 δύναμιν,
620 2614 871 2686 ἀσμένως
925 2616 1025 2678 τῆς
1079 2614 1451 2689 προαιρέσεως
1500 2613 1715 2686 ἆποδέξι

1964 2620 2126 2674 italis
2158 2620 2369 2674 merito
2401 2621 2658 2692 benigne
2679 2620 2835 2674 9I0
2856 2619 3017 2686 audi,
3052 2618 3525 2688 clementiusque

151 2699 221 2752 καὶ
269 2704 559 2773 συμπαθῶς
627 2702 1080 2775 ἐπικαμπτομένη
1166 2704 1255 2757 καὶ
1313 2702 1650 2773 ὲπινεύουσα,
1704 2728 1712 2742 σ

1962 2708 2471 2775 lexaetannuens,
2506 2709 2893 2780 perexiguum
2936 2707 3357 2762 munusculum
3372 2707 3523 2761 acci-

152 2788 455 2864 βραχύτατον
489 2791 673 2867 δῶρον
734 2794 1021 2867 προσίεσο,
1055 2794 1128 2854 ὡς
1154 2794 1182 2848 ὁ
1216 2795 1307 2855 σός
1367 2794 1605 2872 νυμφίος
1636 2799 1709 2868 Χρ

1975 2796 2507 2867 ;quemadmodum
2552 2814 2804 2868 sponsus
2844 2802 2980 2850 tuus
3011 2796 3278 2849 Christus
3300 2795 3526 2849 minuta

146 2876 323 2939 στὸςτά
350 2876 441 2935 δύο
476 2880 657 2936 λεπτα
685 2881 830 2955 παρὰ
888 2888 990 2950 τῆς
1048 2882 1312 2957 πενιχρᾶς
1345 2885 1526 2957 χήρας
1585 2905 1707 2956 προς

1967 2901 1993 2939 o
2008 2886 2323 2956 approbavi
2335 2891 2509 2955 t,quaa
2525 2885 2887 2956 paupercula
2903 2884 3073 2939 vidua
3086 2885 3147 2937 in
3160 2884 3263 2937 Dei
3280 2900 3528 2939 munera

150 2965 313 3039 ήκατο,
345 2968 403 3023 ού
428 2974 495 3042 τῇ
540 2974 645 3024 τοῦ
705 2966 995 3042 διδομένου
1052 2970 1338 3040 ποσότητι,
1372 2978 1470 3041 τῆς
1530 2992 1708 3050 προσιρ

1966 2978 2143 3039 serat,
2172 2989 2305 3027 cum
2326 2990 2445 3027 non
2468 2972 2587 3027 dati
2639 2974 3054 3042 quantitatem,
3090 2970 3189 3025 sed
3222 2971 3525 3025 offerentis

150 3052 320 3129 ρούσῃς
352 3054 406 3112 δὲ
452 3060 689 3135 γνώμης
744 3058 1143 3134 προσεσχηκώς
1200 3064 1267 3133 τῇ
1327 3061 1602 3130 ποιότητι.
1662 3064 1711 3117 Ε

1964 3062 2062 3117 imi
2079 3064 2355 3117 allectum
2390 3062 2723 3117 attenderet
2742 3061 3111 3115 ".lnveniam
3128 3076 3262 3114 vero
3278 3064 3332 3114 te
3348 3060 3525 3113 etiam

152 3143 363 3214 ροιμιδέ
387 3168 444 3202 σε
471 3148 564 3203 καὶ
624 3153 734 3203 τῶν
787 3147 932 3220 ἐμῶν
991 3151 1242 3224 ψυχικῶν
1297 3150 1385 3203 καί
1442 3156 1713 3223 σωματικῦ

1963 3152 2093 3206 imm
2111 3153 2445 3223 etcorporis
2474 3152 2794 3207 vulnerum
2824 3151 3138 3222 benignam
3154 3149 3524 3218 curatricem,

153 3230 416 3301 μωλώπων
474 3244 728 3313 προσηνῆ
790 3238 1197 3313 θεραπεύτριαν,
1257 3238 1346 3293 καὶ
1403 3240 1600 3303 πάσαις
1651 3262 1714 3294 τοι

1966 3259 2061 3314 [ue
2093 3244 2254 3298 omni
2287 3243 2533 3297 adverso
2565 3259 2706 3297 casu
2723 3247 2780 3296 et
2802 3241 3121 3295 afflictione
3146 3239 3527 3311 promptissi-

146 3331 515 3396 περιπατικαῖς
588 3324 808 3401 θλίψεσι
867 3326 1224 3399 ἑτοιμοτάτην
1276 3326 1626 3402 προστάτιδαυ
1677 3352 1707 3384 κ

1967 3350 2036 3387 ιη]
2072 3339 2406 3404 patronam.
2434 3333 2766 3386 Alfectuum
2799 3346 3034 3401 quoque
3065 3330 3320 3400 impetus
3354 3332 3411 3382 et
3441 3327 3528 3382 la-

148 3429 235 3480 μου
259 3417 361 3467 τῶν
404 3420 595 3480 παθῶν
660 3418 882 3487 στήσοις
936 3416 1191 3493 γαληνῶς
1256 3417 1351 3479 τὰς
1425 3419 1619 3494 ὁρμάς,
1677 3440 1709 3473 κ

505 3507 528 3520 ..
734 3503 1014 3520 ..κο
1194 3504 1645 3520 ,νει-οι,

1972 3423 2198 3477 vientes
2232 3429 2429 3477 motus
2456 3419 2776 3491 tranquille
2808 3420 3001 3486 sistas,
3020 3436 3133 3490 quo
3162 3419 3337 3472 vitam
3363 3417 3436 3473 ad
3460 3434 3527 3473 ea

1284 3504 1307 3523 ν
1356 3504 1435 3523 ἐκ-

143 3504 475 3576 σκιρτήματα,
505 3507 602 3561 ἳνα
662 3505 751 3561 καὶ
802 3506 895 3560 τὸν
959 3503 1075 3582 βίον
1109 3508 1246 3580 πρὸς
1274 3504 1307 3560 ἄ
1353 3504 1435 3561 δεῖ
1479 3506 1769 3583 ῥυθμίσας,

144 3589 218 3642 καὶ
244 3593 328 3646 τὸν
358 3597 633 3668 κοσμιιιὸν
669 3594 1087 3670 άναχειμάστως
1142 3595 1449 3671 περαιώσας
1495 3594 1771 3665 κλύδωνα,

144 3678 259 3751 πρὸς
287 3684 426 3752 ζωὴν
479 3686 587 3753 τήν
648 3684 858 3757 ἀγήρω,
908 3684 998 3738 καὶ
1058 3682 1253 3756 λιμένα
1304 3687 1575 3758 σωτήριον
1604 3705 1776 3759 προσ-

149 3768 374 3839 ορμίσας⁹
402 3773 648 3850 τύχοιμι
681 3771 769 3827 διὰ
800 3777 895 3827 σοῦ
924 3771 1011 3827 ἐπὶ
1064 3778 1181 3834 τοῖς
1227 3773 1484 3849 ἀμέτροις
1515 3782 1775 3847 πλημμε·

149 3852 356 3931 λήμασι,
384 3867 483 3918 τοῦ
513 3866 708 3918 κοινοῦ
746 3862 835 3916 καὶ
882 3859 1266 3936 εύσπλάγχνου
1322 3867 1531 3935 κριτοῦ,
1591 3863 1776 3941 ἀφιέν-

145 3964 221 4007 τος
252 3951 458 4020 μᾶλλον
490 3956 587 4008 καὶ
622 3957 1042 4028 συγχωροῦντος
1076 3949 1167 4006 διὰ
1220 3955 1319 4021 τήν
1364 3949 1652 4027 πρεσϐείαν
1682 3954 1774 4008 καὶ

144 4030 366 4109 ἔντευξιν,
397 4039 510 4113 ἤδη
545 4044 653 4112 τὴν
686 4041 824 4114 ἐμὴν
879 4041 1142 4116 ῥᾳθυμίαν
1200 4040 1421 4103 ἐνδίκως
1466 4047 1777 4120 καταψηφι-

147 4130 354 4197 σαμένου
379 4133 470 4186 καὶ
506 4131 950 4207 κατακρίναντος,
1007 4136 1137 4185 πᾶσι
1196 4127 1251 4185 δὲ
1300 4136 1416 4191 τοῖς
1473 4130 1647 4186 πίστει
1680 4152 1775 4185 σου

145 4215 226 4284 τήν
250 4222 625 4298 προσηγορίαν
659 4221 931 4297 ἀγαπῶσι,
988 4219 1080 4274 καὶ
1137 4224 1363 4293 τιμῶσι,
1414 4218 1503 4273 καὶ
1568 4217 1637 4273 δι’
1681 4220 1774 4273 αἱ·-

144 4300 251 4367 δοῦς
282 4310 498 4382 ἄγουσι,
532 4311 630 4365 καὶ
682 4314 751 4383 τῇ
811 4310 1181 4381 ἀντιληπτικῇ
1242 4330 1338 4362 σου
1369 4308 1775 4386 προσφεύγουσι

142 4390 396 4470 πρισὸείᾳ,
428 4402 648 4475 γένοιο,
684 4400 729 4454 ὦ
776 4398 1052 4473 ἀθλοφόρε
1108 4394 1378 4474 Βαρϐάρα,
1433 4399 1520 4454 καὶ
1579 4396 1775 4453 καλλί-

138 4502 235 4537 νικε
285 4485 529 4563 ἀοίδιμε,
594 4489 687 4543 καὶ
746 4486 1066 4559 ἀείμνηστε,
1124 4488 1217 4541 καὶ
1266 4487 1583 4561 πανεύωημε
1639 4487 1774 4561 μάρ-

138 4588 239 4638 TK,
265 4576 349 4628 καὶ
382 4575 731 4650 ἒννομοτάτη
766 4576 1055 4651 άθλήτρια,
1090 4583 1189 4646 τῆς
1239 4580 1346 4630 τῶν
1398 4576 1642 4651 οὐρανῶν
1682 4576 1778 4648 βα·

134 4655 321 4727 σιλείας
376 4666 676 4741 πρόξενος,
735 4665 822 4719 καὶ
884 4664 937 4719 ἐν
998 4664 1144 4739 πάσῃ
1207 4662 1433 4738 λυπηρᾷ
1512 4659 1777 4737 συμϐάσει

137 4747 459 4828 ὒπὲρμαχος,
522 4754 623 4809 καὶ
709 4748 944 4827 πρέσϐυς
997 4753 1421 4828 ἆκαταίσχυντος
1498 4754 1633 4826 πρὸς
1688 4754 1780 4808 τὸν

1885 3527 2017 3580 quae
2040 3515 2273 3581 oportet
2302 3526 2687 3580 componens,
2714 3514 2771 3562 et
2791 3508 2997 3562 mundi
3030 3507 3290 3577 procella
3321 3523 3528 3561 secure

1884 3598 2336 3670 transmissa,ad
2371 3600 2545 3653 vitam
2576 3598 2721 3652 senii
2747 3601 3135 3667 expertem,et
3166 3595 3373 3650 salutis
3394 3612 3531 3666 por-

1884 3692 2010 3741 tum
2041 3688 2685 3759 appellens,perte,ego
2718 3686 3148 3740 immensorum
3180 3684 3530 3739 delictorum

1885 3794 2042 3843 reus,
2078 3793 2457 3831 communem
2492 3781 2549 3829 et
2596 3774 3043 3830 misericordem
3084 3773 3348 3843 judicem
3383 3789 3535 3827 nan-

1886 3866 2095 3933 ciscar,
2125 3867 2225 3936 qui
2258 3866 2520 3921 dimittat
2550 3865 2745 3936 potius
2778 3868 2835 3918 et
2864 3862 3187 3934 indulgeat,
3213 3863 3329 3917 tuis
3352 3862 3537 3916 inter-

1886 3955 2253 4009 cessionibus
2278 3961 2453 4025 atque
2469 3952 3006 4025 supplicationibus
3037 3958 3341 4023 permotus
3368 3967 3533 4016 ;cum

1886 4045 2091 4114 utique
2107 4045 2421 4116 segnitiem
2440 4045 2782 4115 meamjure
2798 4044 2924 4114 jam
2948 4041 3529 4101 condemnaverit,ac

1885 4135 2060 4188 modo
2089 4134 2465 4189 condemnet.
2503 4132 2612 4187 Sed
2642 4139 2700 4187 et
2747 4132 2975 4186 cunctis
2999 4130 3099 4200 qui
3126 4145 3259 4183 cum
3288 4128 3402 4181 fide
3426 4143 3529 4180 no-

1886 4239 2024 4276 men
2050 4228 2217 4277 tuum
2242 4223 2515 4295 diligunt,
2542 4222 2765 4285 colunt,
2800 4227 2858 4274 et
2878 4216 3240 4274 venerationi
3288 4214 3529 4281 habent,

1889 4312 2111 4383 quique
2130 4312 2203 4366 ad
2219 4312 2666 4366 intercessionis
2682 4316 2795 4363 tua;
2812 4307 3139 4363 subsidium
3163 4302 3533 4375 confugiunt,

1889 4407 2037 4467 esto,
2072 4418 2105 4455 o
2138 4400 2559 4473 triumphatrix
2590 4415 2657 4453 ac
2713 4396 3000 4468 praeclara
3028 4394 3257 4461 victrix,
3291 4391 3536 4461 inclyta,

1889 4489 2183 4562 dignaque
2218 4495 2440 4543 aeterna
2470 4486 2781 4551 memoria,
2813 4483 3148 4538 clarissima
3191 4486 3437 4551 martyr,
3471 4496 3539 4535 ac

1887 4577 2157 4650 legitima
2201 4595 2444 4649 prorsus
2492 4575 2653 4648 pugil
2700 4573 2971 4641 Barbara,
3028 4570 3192 4643 regni
3252 4570 3537 4625 cmlorum

1888 4666 2281 4733 conciliatrix,
2318 4666 2378 4720 in
2411 4665 2574 4720 omni
2606 4669 2815 4718 eventu
2850 4662 3001 4717 tristi
3060 4658 3421 4715 auxiliatrix.
3481 4664 3539 4712 et

1889 4755 2208 4811 inconfusa
2239 4760 2546 4825 sequestra
2560 4752 2714 4825 apud
2730 4749 3221 4823 benignissimum
3238 4747 3534 4802 Christum

129 4840 413 4915 πανάγαθον
449 4844 700 4919 Χριστὸν
725 4844 816 4898 τὸν
878 4841 1006 4898 Θεὸν
1068 4844 1249 4915 ἡμῶν,
1287 4843 1401 4914 μεθ’
1462 4843 1524 4896 οὗ
1557 4847 1635 4915 τῷ
1685 4868 1690 4894 ι

1978 4848 2203 4903 minum
2230 4852 2522 4912 nostrum,
2557 4845 2797 4915 quicum
2833 4844 2907 4898 sit
2937 4839 3450 4911 reterno,ingenito
3481 4843 3537 4892 et

130 4926 289 5003 ἀρχῳ,
320 4933 411 4987 καὶ
468 4935 783 5010 ἆγεννητῳ,
844 4932 932 4987 καὶ
987 4935 1349 5005 προσκυνητῷ
1406 4933 1602 5005 Πατρὶ,
1664 4930 1776 5005 ἃμα

126 5020 196 5088 τῷ
221 5021 530 5096 όμοουσίῳ,
566 5022 661 5078 καὶ
697 5026 993 5097 ζωαρχικῷ
1051 5021 1344 5093 Πνεύματι,
1406 5019 1553 5094 δόξα,
1612 5023 1775 5093 τιμὴ,

126 5110 510 5182 ¹προσκύνησις,
545 5116 668 5183 νῦν,
701 5112 790 5167 καὶ
822 5110 927 5184 ἀεὶ,
983 5111 1074 5167 καὶ
1122 5109 1198 5175 εἷς
1252 5109 1382 5174 τοὺς
1441 5110 1637 5173 αῗῶνας
1669 5115 1777 5165 τῶν

126 5194 337 5258 αῗώνων.
377 5203 596 5276 Ἀμήν.

183 5344 226 5378 ⁸⁸
255 5346 391 5403 Luc.
425 5364 558 5419 χιι,
590 5347 712 5403 2-4.

1887 4937 2189 4992 adorando
2222 4935 2400 4999 Patri,
2434 4952 2553 4989 una
2595 4950 2730 4987 cum
2760 4928 3248 4986 consubstantiali
3301 4944 3367 4983 ac
3398 4926 3539 4981 vivi-

1890 5028 2000 5082 flco
2031 5025 2274 5097 Spiritu,
2308 5024 2517 5094 gloria,
2579 5023 2770 5076 honor
2820 5026 2877 5075 et
2924 5018 3212 5085 adoratio,
3270 5033 3429 5072 nunc
3482 5020 3542 5071 et

1892 5130 2148 5185 semper,
2182 5118 2241 5167 et
2271 5112 2333 5168 in
2366 5112 2584 5167 saacula
2615 5109 2987 5165 saeculorum.
3024 5111 3233 5163 Amen.
