3952 6202
435 499 542 553 815

437 645 3621 670 Mm

1710 487 1771 541 Β.
1810 485 2117 541 JOANNIS
2155 486 2574 542 DAMABCENI
3712 486 3796 544 816

3624 655 3797 668 —-——

498 789 561 841 In
593 792 789 840 catena
820 784 988 852 Regia
1014 785 1070 835 in
1096 784 1292 835 Lucam
1321 780 1437 833 cod.
1470 778 1632 838 2440,
1665 776 1737 830 ad
1766 782 1931 845 caput
1968 778 2015 839 1,
2049 790 2098 828 v.
2134 775 2222 840 35,
2253 777 2627 844 fragmentum
2658 777 2755 831 hoc
2786 778 2935 847 quod
2962 780 3235 848 sequitur,
3292 781 3495 848 reperi,
3551 780 3795 848 cujusdam

430 874 638 931 scilicet
665 874 925 928 sermonis
948 873 1175 925 Joannis
1219 869 1539 924 Damasceni
1570 869 1628 919 in
1678 866 1740 919 B.
1782 865 2088 932 Virginem,
2112 864 2169 915 in
2196 879 2301 931 quo
2333 865 2519 919 eadem
2549 868 2665 933 fere
2698 866 2977 935 leguntur,
3014 884 3077 921 ac
3110 883 3231 936 qua
3280 869 3337 920 in
3361 870 3549 937 prima
3576 869 3635 922 de
3684 870 3804 939 ejus-

431 964 551 1018 dem
582 964 900 1027 Nativitate,
928 978 989 1030 p.
1020 960 1145 1025 843,
1173 960 1316 1013 unde
1354 959 1567 1013 nullum
1599 956 1734 1009 mihi
1762 959 2005 1023 superest
2038 952 2286 1019 dubium,
2319 955 2456 1022 quin
2482 971 2549 1009 ea:
2578 958 2815 1025 genuino
2842 957 3032 1027 aliquo
3064 958 3180 1027 ejus
3211 972 3375 1026 opere
3415 958 3561 1028 quod
3588 962 3800 1029 perierit,

430 1058 771 1121 assumptum
799 1051 941 1105 illud
959 1051 1148 1117 fuerit.

1036 1200 1470 1256 DAMASCENI.

505 1323 611 1388 Qui
640 1321 819 1377 cmlos
832 1318 1100 1375 condidit
1131 1323 1188 1371 et
1205 1314 2083 1383 conservat,omniumque,tam

432 1428 563 1482 quas
596 1412 656 1464 in
689 1408 934 1473 mundo,
962 1422 1139 1477 quam
1177 1422 1307 1475 quas
1356 1420 1533 1473 supra
1592 1400 1883 1457 mundum
1918 1403 2078 1465 sunt,

432 1498 857 1568 Artifex,cujus
889 1496 1037 1549 nihil
1070 1512 1140 1548 ex
1174 1494 1465 1548 universis
1492 1492 1672 1547 rebus
1704 1491 1870 1544 locus
1900 1496 2009 1551 est,
2034 1488 2083 1542 si

432 1588 609 1643 modo
642 1588 807 1641 locus
840 1584 1124 1639 deﬁnitur
1154 1583 1233 1651 (id
1265 1581 1424 1653 quod
1454 1598 1527 1636 ea
1554 1598 1684 1651 quas
1718 1580 1778 1633 in
1830 1596 1891 1633 se
1924 1584 2080 1644 sunt,

433 1676 853 1747 complectitur
883 1679 941 1726 et
972 1672 1178 1741 ambit)
1215 1690 1227 1727 :
1264 1672 1323 1726 in
1358 1677 1411 1725 te
1444 1688 1477 1725 a
1510 1671 1704 1740 seipso
1734 1669 1931 1723 infans
1955 1668 2083 1721 sine

436 1766 661 1820 semine
694 1762 1185 1831 condetur,teque
1211 1760 1567 1815 latissimum
1583 1758 1859 1814 conclave
1875 1762 2081 1811 osten-

437 1855 537 1909 det
578 1852 815 1907 deitatis
848 1867 990 1913 sua),
1024 1867 1153 1920 quas
1188 1850 1388 1904 omnia
1416 1848 1625 1919 replet,
1660 1864 1910 1917 qumque
1960 1844 2086 1899 sola

437 1940 1006 2011 circumscriptionis
1039 1945 1128 1993 est
1148 1955 1357 2009 expers
1391 1955 1403 1990 :
1441 1942 1598 1991 totus
1621 1937 1680 1990 in
1713 1942 1770 1991 te
1804 1936 1930 1990 sine
1954 1951 2085 2005 pas-

441 2033 607 2086 sione
639 2030 1017 2094 constrictus,
1074 2032 1230 2081 totus
1263 2026 1467 2080 itidem
1510 2031 1674 2080 extra
1713 2041 1982 2088 manens,
2018 2040 2085 2078 ac

438 2119 821 2187 semetipsum
854 2116 1050 2169 locum
1085 2114 1311 2169 habens
1343 2114 1441 2183 qui
1493 2113 1620 2183 capi
1655 2114 1881 2181 nequit.
1916 2114 1997 2166 Ex
2028 2117 2083 2165 te

428 2206 679 2276 justitiaa
712 2204 798 2257 sol
832 2202 1055 2257 orietur
1087 2219 1099 2267 ;
1136 2209 1363 2255 natura)
1424 2202 1578 2267 dum,
1611 2201 1749 2255 licet
1802 2200 2084 2270 Acephali

433 2294 633 2347 furore
666 2291 967 2346 insaniant
1010 2307 1021 2343 :
1056 2306 1175 2343 una
1219 2289 1571 2359 hypostasis,
1606 2294 1917 2359 rumpatur
1946 2289 2085 2343 licet

435 2380 757 2436 Nestorius.
790 2382 963 2433 Pater
994 2378 1312 2448 siquidem,
1346 2377 1611 2431 divinum
1664 2376 1841 2430 veluti
1876 2393 2081 2431 semen

436 2467 766 2539 spirituale,
799 2466 1001 2520 lumen
1034 2466 1265 2520 emittet
1295 2482 1491 2533 suum,
1529 2465 1901 2535 Verbumque
1934 2482 2003 2517 ex
2026 2471 2079 2519 te

2109 1194 2162 1259 Α

2689 1195 2822 1249 ΤΟΥ
2841 1195 3343 1252 ΔΔΜΑΣΚΙΙΝΟΥ.

2263 1307 2324 1363 Ὀ
2352 1312 2459 1362 τῶν
2495 1306 2739 1383 οὐρανῶν
2770 1306 3115 1385 δημιουργός
3146 1331 3205 1365 τε
3251 1310 3340 1365 xui
3402 1310 3683 1386 συνοχεῦς,
3732 1315 3808 1366 xxi

2192 1396 2392 1456 παντὸς
2454 1394 2756 1471 ἐγκοσμίου
2818 1398 2906 1452 καὶ
2986 1398 3354 1472 ὑπερκοσμίου
3417 1398 3683 1474 Τεχνίτης
3732 1398 3808 1469 δη-

2194 1488 2634 1561 μιουργήματος,
2669 1488 2731 1541 οῦ
2789 1489 2955 1549 τόπος
3005 1487 3182 1550 οὐδεὶς
3236 1494 3345 1543 τῶν
3402 1492 3614 1545 πάντων
3671 1489 3806 1544 ἐστίν·

2194 1573 2346 1648 εἷ’περ
2404 1576 2467 1630 τὸ
2524 1577 2782 1648 περιέχον
2837 1581 2945 1630 τῶν
3007 1576 3231 1631 ἐνόντων
3264 1576 3436 1639 τόπος
3481 1579 3724 1654 ὁρίζεται·
3775 1578 3812 1633 ἐν

2194 1663 2279 1717 σοὶ
2313 1664 2448 1737 πρὸς
2480 1666 2671 1719 ἑαυτοῦ
2723 1666 2976 1741 ἀσπόρως
3034 1666 3232 1741 βρέφος
3288 1665 3813 1743 δημιουργηθήσεται,

2192 1753 2281 1807 καί
2312 1774 2369 1808 σε
2398 1760 2625 1827 ταμεῖον
2661 1755 2981 1830 εὐρύχωρον
3016 1752 3175 1827 δείξει
3234 1763 3334 1824 τῆς
3386 1756 3453 1810 τά
3500 1758 3667 1810 πάντα
3693 1756 3815 1823 πλη-

2195 1842 2397 1918 ροόσης
2428 1843 2593 1898 αὐτοῦ
2624 1842 2715 1899 καί
2751 1846 2923 1916 μόνης
2954 1845 3335 1921 ἀπεριγράφου
3368 1844 3641 1915 θεότητος.
3671 1845 3813 1907 ’Ὀλος

2196 1932 2417 1995 ἀπαθῶς
2449 1933 2499 1988 ἐν
2533 1935 2617 1988 σοὶ
2652 1932 3113 2006 συστελλόμενος,
3144 1935 3233 1988 καὶ
3269 1934 3447 2007 μένων
3480 1934 3612 1996 ὅλος
3643 1934 3773 1995 ἐκτός
3802 1954 3814 2001 ;

2192 2023 2281 2077 xui
2310 2024 2478 2078 τόπον
2530 2020 2677 2099 ἔχων
2736 2025 2922 2080 ἑαυτὸν
2977 2023 3347 2099 ἀπερίληπτον
3381 2028 3393 2081 l
3431 2025 3491 2080 ἐκ
3520 2030 3613 2079 σοῦ
3667 2027 3692 2079 6
3738 2027 3816 2091 τῆς

2195 2111 2544 2184 δικαιοσύνης
2579 2113 2830 2169 ἀνατελεῖ
2854 2112 3045 2184 ἥλιος,
3099 2112 3194 2169 δύο
3251 2116 3434 2193 φύσεις
3495 2115 3592 2170 κᾶν
3628 2114 3819 2192 Ἀκέφα-

2194 2200 2283 2257 λοι
2320 2202 2638 2275 μαίνωνται·
2679 2204 2774 2277 μία
2836 2204 3150 2273 ὑπόστασις,
3199 2201 3294 2258 κᾶν
3359 2204 3649 2276 Νεστόριος
3690 2202 3818 2277 διαβ-

2194 2290 2517 2365 ῥηγνύηται.
2579 2294 2761 2347 Οἱονεὶ
2819 2292 2919 2367 γάρ
2981 2295 3123 2347 θεῖον
3213 2292 3415 2365 σπόρον
3478 2292 3811 2365 πνευματικὸν

2190 2380 2280 2433 τὸν
2306 2378 2501 2435 ἑαυτοῦ
2532 2382 2653 2435 Υίὸν
2702 2380 3048 2451 ἐξαποστελεῖ
3116 2382 3143 2435 6
3206 2382 3413 2456 Πατὴρ,
3473 2381 3564 2435 καὶ
3624 2381 3739 2454 σὰρξ
3790 2381 3813 2433 6

2191 2470 2366 2542 Λόγος
2427 2469 2487 2524 ἐκ
2572 2474 2668 2525 σοῦ
2724 2470 3003 2544 ἀτρέπτως
3078 2472 3415 2545 γεννήσεται.
3460 2471 3562 2527 Καὶ
3621 2472 3813 2533 ἀπαθῶς

435 2560 583 2614 citra
611 2558 1059 2612 conversionem
1093 2557 1195 2611 ﬁet
1224 2573 1380 2611 caro.
1408 2558 1475 2609 Et
1496 2558 1688 2623 Pater,
1723 2555 1821 2625 qui
1856 2556 2078 2625 impas-

2194 2560 2441 2633 γεννήσας
2496 2558 2587 2613 τὸν
2640 2559 2761 2613 Υίὸν
2824 2560 2851 2613 ὁ
2918 2561 3101 2634 Πατήρ
3144 2560 3205 2615 τὸ
3264 2560 3530 2634 πρότερον
3580 2562 3815 2636 φυσικῶς,

435 2648 592 2702 sibili
627 2647 856 2702 ratione
888 2646 1098 2700 Filium
1143 2645 1398 2700 naturali
1432 2645 1608 2699 modo
1664 2645 1830 2715 prius
1857 2645 2079 2716 genuit,

434 2738 631 2806 ipsum
648 2750 883 2805 quoque
911 2751 980 2787 ex
1004 2740 1058 2787 te
1079 2734 1295 2787 iterum
1311 2750 1415 2804 per
1428 2733 1936 2805 dispensationem
1953 2733 2081 2789 sine

432 2826 707 2897 passione
754 2823 1077 2896 generabit.
1144 2825 1285 2877 Nam
1344 2823 1429 2876 uti
1480 2823 1706 2877 concha
1750 2823 1982 2877 cmlitus
2014 2840 2083 2878 ex

434 2915 681 2970 Deitatis
713 2914 941 2984 fulgore
972 2913 1030 2965 in
1056 2917 1225 2966 utero
1259 2912 1578 2982 concipies,
1614 2913 1927 2983 pariesque
1952 2930 2081 2983 pre-

432 3004 813 3059 tiosissimam
831 3001 1847 3073 margaritamChristum,unigenam
1866 3003 2081 3070 lucem,

434 3110 565 3163 quae
600 3108 718 3145 non
753 3090 1022 3162 gignit,et
1052 3106 1287 3160 semper
1306 3095 1659 3161 generatur;
1694 3090 2081 3161 cujusperso-

433 3181 589 3235 nalis
638 3179 967 3250 pr0prietas
994 3183 1103 3244 est,
1147 3178 1303 3248 quod
1351 3185 1683 3249 generetur.
1718 3180 1865 3233 9“
1904 3182 1968 3234 In
2024 3185 2077 3235 te

432 3270 590 3341 leges
614 3284 848 3339 quoque
881 3274 1105 3322 naturas
1130 3267 1594 3333 innovabuntur,
1625 3273 1682 3321 et
1710 3284 1830 3322 una
1868 3286 2081 3323 conve-

434 3360 621 3425 nient,
650 3374 780 3427 qum
804 3356 1038 3410 misceri
1073 3362 1400 3425 nequeunt.
1435 3357 1557 3409 Erit
1590 3358 1747 3411 enim
1780 3357 2081 3429 virginitas

434 3445 938 3517 pariens,deitatis
962 3450 1139 3514 atque
1163 3445 1553 3499 humanitatis
1574 3446 1797 3511 mistio,
1830 3463 2081 3517 perpes-

434 3536 619 3589 sionis
652 3540 709 3589 et
764 3533 1283 3603 impassibilitatis,
1316 3534 1447 3587 vitae
1482 3539 1538 3587 et
1567 3536 1795 3599 mortis,
1828 3541 1893 3589 ut
1924 3536 2081 3606 quod

436 3622 697 3675 deterius
730 3627 835 3681 est.
863 3622 923 3673 in
956 3620 1234 3675 omnibus
1264 3638 1297 3675 a
1342 3623 1553 3692 potiori
1590 3629 1920 3694 superetur.
1955 3626 2080 3679 Non

438 3710 596 3761 enim
620 3708 980 3778 operationis
1016 3710 1111 3762 Dei
1148 3710 1634 3778 conceptaculum
1669 3712 1917 3778 eris,sed
1941 3713 2081 3767 sub-

436 3797 698 3851 stantiali
754 3795 950 3859 modo,
986 3796 1087 3849 Dei
1147 3797 1479 3866 hypostasis
1511 3815 1578 3853 ac
1623 3816 1911 3869 personas.
1941 3804 2080 3856 Por-

2192 2647 2412 2709 ἀπαθῶς
2441 2648 2531 2702 τὸν
2560 2648 2723 2703 αὐτὸν
2753 2651 3021 2722 γεννήσει,
3076 2648 3167 2702 καὶ
3225 2648 3288 2703 τὸ
3350 2646 3599 2721 δεύτερον
3632 2646 3817 2702 ο’χονο-

2196 2740 2392 2808 μικῶς.
2452 2739 2654 2807 Ὥσπερ
2712 2738 2814 2811 γάρ
2870 2758 2955 2798 τις
3007 2737 3213 2813 κόγχος
3279 2736 3567 2806 οὐρανόθεν
3631 2736 3688 2791 ἐκ
3735 2741 3819 2803 τῆς

2192 2824 2469 2898 ἀστραπῆς
2524 2833 2625 2893 τῆς
2680 2826 2936 2896 θεότητος
2993 2824 3044 2880 ἐν
3104 2826 3296 2899 γαστρὶ
3327 2824 3485 2896 ἕξεις,
3536 2824 3625 2879 καὶ
3677 2824 3820 2894 τέξεις

2190 2914 2282 2967 τὸν
2340 2913 2649 2986 πολύτιμον
2714 2914 3049 2991 μαργαρίτην
3108 2915 3372 2990 Χριστὸν,
3430 2916 3493 2969 τὸ
3556 2914 3818 2990 μονογενὲς

2194 3007 2330 3078 φῶς,
2358 3004 2420 3057 τὸ
2455 3004 2531 3076 μὴ
2573 3008 2795 3077 γεννῶν,
2860 3004 2939 3058 ἀεὶ
2996 3001 3050 3057 δὲ
3104 3005 3464 3078 γεννώμενον,
3500 3002 3562 3057 οῦ
3615 3004 3675 3057 τὸ
3721 3022 3818 3078 γιν-

2195 3097 2407 3159 νᾶσθαι,
2445 3094 2804 3147 ὑποστατικὸν
2840 3094 3008 3165 μόνον
3053 3090 3278 3165 ἰδίωμα,
3310 3094 3399 3147 Ἐν
3432 3094 3517 3147 σοὶ
3548 3093 3636 3147 καὶ
3681 3092 3817 3163 νόμοι

2197 3180 2404 3258 φύσεως
2459 3184 3053 3254 καινοτομηθήσονται,
3109 3182 3198 3236 καὶ
3248 3183 3314 3235 τά
3372 3182 3575 3254 ἄμικτα
3630 3176 3818 3253 συμϐή-

2197 3292 2363 3327 σεται.
2396 3272 2582 3325 ’Έσται
2614 3270 2716 3345 γαρ
2757 3271 3011 3345 παρθενία
3066 3271 3338 3326 τίκτουσα.
3400 3273 3561 3343 Μίξις
3591 3270 3821 3339 θεότητος

2192 3359 2280 3413 καὶ
2316 3360 2761 3434 ἂνθρωπότητος,
2803 3359 3007 3421 πάθους
3054 3359 3143 3414 καὶ
3204 3360 3489 3425 ἀπαθείας,
3553 3366 3694 3428 ζωῆς
3746 3359 3821 3411 καὶ

2194 3448 2445 3519 θανάτου,
2479 3449 2553 3509 ὡς
2587 3448 2645 3502 ἄν
2704 3447 2757 3503 ἐν
2807 3452 2967 3503 πᾶσιν
3026 3448 3333 3519 ἐκνικτ,θείη
3394 3450 3457 3503 τὸ
3504 3454 3687 3523 χεῖρον
3735 3445 3822 3501 ὑπό

2188 3541 2286 3590 τοῦ
2338 3537 2665 3612 κρείττονος.
2726 3537 2799 3592 Οὐ
2875 3538 2975 3613 γάρ
3036 3537 3308 3613 ἐνεργείας
3374 3542 3510 3592 Θεοῦ
3598 3537 3824 3611 ὑπάρξεις

2193 3622 2436 3700 δοχεῖον,
2469 3624 2597 3681 ἀλλ’
2628 3622 2913 3688 οὐσιωδῶς
2965 3633 3065 3695 τῆς
3120 3631 3221 3681 τοῦ
3280 3630 3417 3682 Θεοῦ
3479 3628 3821 3683 ὑποστάσεως

2190 3714 2280 3768 καὶ
2312 3720 2508 3789 μοῖραν
2543 3714 2601 3769 ἐκ
2632 3719 2728 3769 σοῦ
2785 3712 3169 3788 προσλήψεται
3225 3715 3252 3768 6
3312 3717 3687 3789 Δημιουργὸς,
3739 3714 3821 3777 τὴν

2192 3800 2449 3876 ἀπαρχήν
2503 3808 2601 3859 τοῦ
2660 3804 3006 3873 ἀνθρωπίνου
3066 3802 3384 3880 φυράματος
3444 3804 3505 3859 ἐκ
3536 3803 3823 3876 Πνενόματος

435 3886 658 3939 tionem
691 3902 761 3939 ex
786 3888 840 3937 te
872 3884 1153 3937 Conditor
1208 3901 1407 3939 rerum
1462 3894 1745 3952 assumet,
1801 3890 2077 3944 humanas

2194 3890 2371 3965 ἁγίου,
2402 3892 2493 3946 xui
2524 3897 2632 3947 τῶν
2668 3896 2773 3947 σῶν
2802 3891 3051 3966 αἲμάτων
3082 3894 3404 3968 σαρκωθείς.

433 3993 643 4032 massa)
674 3974 989 4047 primitias,
1024 3990 1092 4028 ex
1117 3974 1336 4045 Spiritu
1370 3983 1594 4044 sancto,
1657 3977 1890 4048 tuisque
1943 3996 2076 4035 san-

430 4066 705 4139 guinibus
736 4064 924 4119 factus
957 4080 1113 4119 caro.

510 4400 634 4451 Tres
652 4399 997 4468 precationes
1020 4397 1148 4449 istas
1176 4399 1302 4447 ante
1332 4393 1697 4461 sumptionem
1727 4391 1928 4445 divina
1958 4392 2320 4447 Eucharistio:
2348 4392 2680 4459 recitandas,
2712 4394 2893 4461 reperi
2921 4391 2981 4445 in
3012 4390 3308 4459 Horologio
3342 4391 3673 4451 Graecorum,
3703 4392 3749 4439 et
3777 4387 3822 4435 in

433 4488 612 4542 codice
643 4504 739 4542 ms.
774 4487 1091 4540 monasterii
1123 4486 1178 4537 S.
1217 4481 1447 4535 Taurini
1472 4481 1833 4548 Ebroicensis,
1868 4480 2024 4549 cujus
2053 4482 2193 4536 mihi
2222 4484 2434 4550 copiam
2464 4481 2531 4535 de
2562 4497 2707 4535 more
2736 4483 2867 4549 fecit
2913 4480 3241 4535 reverendus
3267 4479 3568 4533 admodum
3596 4473 3825 4531 doctissi-

432 4590 656 4648 musque
684 4578 747 4631 P.
780 4577 844 4631 D.
870 4574 1183 4628 Bernardus
1215 4573 1279 4625 de
1308 4569 1750 4638 Montefalconis.

812 4727 1061 4781 Precatio
1090 4722 1319 4778 Joannis
1352 4723 1690 4776 Damasceni.

497 4836 643 4889 [lere
681 4834 924 4889 Domine
955 4834 1090 4887 Jesu
1122 4830 1370 4893 Christe,
1406 4830 1556 4882 Deus
1588 4832 1809 4893 noster,
1845 4828 1944 4897 qui
1979 4844 2074 4881 so—

421 4924 512 4977 lus
546 4930 833 4994 potestate
868 4922 1056 4994 polles
1075 4919 1419 4975 hominibus
1446 4922 1686 4987 peccata
1706 4917 2072 4983 remittendi,

418 5018 483 5065 ut
516 5015 615 5083 qui
648 5014 837 5067 bonus
870 5030 936 5067 ac
969 5010 1433 5083 benignissimus
1478 5007 1580 5072 sis,
1606 5006 1881 5060 condona
1928 5006 2071 5060 mihi

414 5098 619 5169 lapsus
652 5098 1353 5171 meos,quoscunque,vel
1386 5095 1758 5162 scienter,vel
1792 5096 2071 5166 ignoran-

418 5192 515 5240 ter
546 5190 757 5244 admisi
785 5208 797 5256 ;
830 5208 1039 5261 meque
1073 5191 1315 5263 dignum
1366 5187 1563 5252 facito,
1598 5184 2069 5254 quidivinorum,

415 5276 837 5345 gloriosoruui,
874 5280 1415 5342 immaculatorum,
1450 5292 1515 5330 ac
1548 5274 1907 5328 vivificorum
1943 5292 2072 5346 my-

427 5365 740 5420 steriorum
763 5374 994 5421 tuorum
1030 5369 1341 5422 nullamea
1364 5364 1745 5420 damnatione
1776 5368 2073 5434 particeps

2515 4719 2673 4795 Εῦχή
2709 4718 2959 4776 Ἰωάννου
2990 4722 3085 4772 τοῦ
3118 4720 3507 4791 Δαμασκηνοῦ.

2258 4826 2499 4881 Δέσποτα
2532 4825 2693 4898 Κύριε
2723 4827 2904 4896 Ἰησοῦ
2940 4825 3160 4897 Χριστέ,
3192 4826 3220 4879 ὁ
3276 4824 3410 4887 Θεὸς
3440 4826 3625 4895 ἡμῶν,
3683 4821 3710 4873 ὁ
3744 4815 3820 4889 μό-

2184 4936 2274 4976 νος
2308 4913 2451 4989 ἔχων
2484 4914 2722 4985 ἐξουσίαν
2784 4916 3093 4989 ἀνθρώποις
3154 4913 3369 4990 ἀφιέναι
3424 4911 3711 4983 ἁμαρτίας,
3757 4907 3819 4964 ὡς

2185 5004 2385 5077 ἀγαθὸς
2438 5005 2526 5058 καὶ
2590 5004 2995 5081 φιλάνθρωπος,
3055 4998 3253 5078 πάριδέ
3286 5023 3393 5075 μου
3433 5003 3603 5055 πάντα
3661 4998 3723 5051 τὰ
3772 4991 3817 5046 ἓν

2182 5094 2381 5166 γνώσει
2413 5094 2498 5146 καὶ
2539 5092 2730 5167 ἀγνοίᾳ
2762 5093 3096 5164 πταίσματα,
3156 5092 3246 5145 καὶ
3305 5091 3537 5163 ἀξίωσόν
3600 5108 3665 5159 με
3708 5087 3815 5138 ἀκι-

2180 5184 2450 5257 τακρίτως
2508 5177 2837 5254 μεταλαϐεῖν
2897 5183 3004 5235 τῶν
3068 5180 3247 5251 θείων,
3306 5180 3398 5233 καὶ
3459 5175 3703 5246 ἐνδόξων,
3741 5170 3816 5225 καί

2183 5272 2485 5345 ἀχράντων,
2548 5270 2635 5325 καὶ
2698 5276 2983 5339 ζωοποιῶν
3036 5292 3129 5324 σου
3193 5268 3547 5341 μυστηρίων,
3622 5267 3694 5337 μή
3752 5258 3816 5316 εἷς

2180 5359 2430 5429 κόλασιν,
2524 5361 2599 5432 μὴ
2662 5360 2737 5421 εἷς
2821 5362 3141 5435 προσθήκην
3200 5360 3511 5432 ἁμαρτιῶν,
3581 5353 3703 5408 ἀλλ’
3754 5348 3816 5405 εἷς

424 5451 667 5519 efﬁciar,
702 5472 820 5510 non
844 5457 915 5510 ad
948 5474 1179 5526 pugnam
1209 5475 1274 5511 ac
1308 5454 1684 5525 supplicium,
1715 5469 1834 5505 non
1868 5451 1940 5506 ad
1963 5469 2067 5507 au-

2194 5449 2541 5523 καθαρισμὸν,
2574 5449 2663 5503 καὶ
2723 5450 3017 5523 ἀγιασμὸν,
3075 5448 3166 5502 καὶ
3226 5441 3519 5522 ἀρραϐῶνα
3548 5450 3647 5511 τῆς
3701 5435 3813 5511 μεὶς

420 5542 681 5598 ctionem
717 5545 1157 5615 culparum,svd
1190 5547 1263 5599 ad
1295 5542 2072 5605 emendationem,sanctiti-

409 5635 851 5703 cationemque,
878 5641 935 5688 et
986 5634 1196 5703 pignus
1236 5636 1445 5687 futura)
1504 5632 1634 5684 vitae
1681 5636 1738 5684 et
1770 5631 1975 5703 regni;
2009 5636 2075 5685 ut

414 5725 561 5780 mihi
598 5740 827 5789 murus,
864 5722 1489 5794 propugnaculumque
1523 5718 2072 5783 sit,etadversario-

412 5830 551 5869 rum
571 5813 822 5876 eversio,
855 5815 1030 5876 atque
1063 5809 1123 5862 in
1156 5808 1589 5861 abstersionem
1611 5807 1938 5863 multorum
1969 5809 2075 5864 de-

2186 5537 2395 5608 λούσης
2427 5544 2571 5607 ζωῆς
2601 5538 2689 5592 καὶ
2718 5537 3025 5613 βασιλείας,
3059 5537 3133 5599 εἷς
3182 5542 3400 5611 τεῖχος,
3434 5534 3523 5590 xui
3558 5533 3810 5607 βοῆθιῑπν-

2184 5628 2273 5683 xui
2335 5628 2646 5700 ἀνατροπὴν
2704 5632 2811 5681 τῶν
2890 5626 3165 5691 ἐναντίων,
3238 5624 3315 5687 εἷς
3401 5622 3668 5694 ἐξάλειψιν
3719 5617 3808 5668 τῶν

2184 5714 2412 5772 πολλῶν
2450 5736 2555 5789 μου
2584 5715 3117 5789 πλημμελημάτων.
3154 5715 3228 5770 Σὺ
3261 5716 3366 5789 γαρ
3399 5714 3448 5769 εἷ
3469 5713 3597 5772 Θεὸς
3626 5706 3808 5766 ἐλέους,

2183 5804 2275 5860 xui
2308 5805 2635 5879 οἰκτιρμῶν,
2662 5804 2753 5860 xui
2788 5803 3221 5882 φιλανθρωπίας·
3258 5803 3350 5858 καὶ
3409 5801 3493 5857 σοὶ
3546 5800 3642 5867 τήν
3672 5792 3805 5863 δόξαν
