3952 6202
162 449 255 505 817
1656 459 1745 513 CA

1866 462 2011 515 INA.
3438 474 3547 529 818

164 573 519 645 ἀναπέμπομεν
553 570 646 627 σὺν
676 576 754 645 τῷ
796 572 991 649 Ηατρὶ,
1042 575 1132 628 καὶ
1176 580 1254 647 τῷ
1296 575 1435 651 ἁγίῳ
1484 580 1745 653 Πνεύματι

1862 645 1865 652 _
1896 585 2170 642 lictorum
2202 605 2491 645 meorum.
2526 592 2606 645 Tu
2631 590 2923 662 siquidem
2948 608 3009 647 es
3030 592 3184 647 Deus
3206 593 3545 651 misericor-

164 667 242 717 νῦν
291 663 372 716 καὶ
428 662 506 717 ἀεὶ
540 708 554 735 ,
613 663 703 717 καί
766 662 842 725 εἷς
898 662 1027 729 τοὺς
1081 665 1283 729 αἱῶνας
1339 672 1446 722 τῶν
1520 669 1732 725 αἰώνων

1897 675 2028 742 ἀίω,
2057 678 2505 734 miserationum
2531 687 2589 735 et
2607 682 3024 746 humanitatis;
3050 682 3274 753 tibique
3299 683 3547 754 gloriam

166 754 321 825 ’Δμήν
1895 784 2307 837 personamus,
2344 788 2477 826 cum
2511 774 2681 827 Patre
2716 778 2772 826 et
2800 779 3003 828 sancto
3037 774 3274 844 Spiritu,
3302 790 3463 830 nunc
3493 782 3551 832 et

1898 872 2152 929 semper,
2186 866 2244 913 et
2274 861 2335 915 in
2369 862 2587 917 saecula
2612 864 2985 917 saaculorum.
3021 870 3205 917 Amen

223 958 364 1033 Εὐχή
396 957 548 1031 ἑτέρα
575 963 673 1013 τοῦ
704 958 870 1015 αὐτοῦ
905 960 1157 1017 Ἰωάννου
1185 966 1282 1017 τοῦ
1314 970 1694 1036 Δαμασκηνοῦ.

2038 977 2287 1030 Precatio
2319 978 2498 1032 altera
2528 980 2768 1047 ejusdem
2797 982 3025 1034 Joannis
3060 981 3399 1035 Damasceni.

225 1076 323 1147 Πρὸ
349 1080 452 1130 τῶν
485 1081 661 1148 θυρῶν
694 1082 790 1132 τοῦ
834 1082 963 1133 ναοῦ
1012 1099 1108 1133 σου
1156 1082 1490 1155 παρέστηκα,
1540 1083 1629 1137 καὶ
1676 1087 1745 1138 τῶ

1968 1093 2117 1147 Ante
2144 1095 2350 1165 templi
2383 1096 2466 1149 tui
2508 1096 2665 1151 fores
2714 1102 2862 1162 asto,
2896 1114 3005 1152 nec
3035 1114 3068 1152 a
3110 1100 3401 1169 perversis
3450 1116 3546 1155 co-

164 1163 327 1219 δεινῶν
380 1165 663 1240 λογισμῶν
709 1167 808 1222 οὐκ
856 1167 1175 1246 ἀφίσταμαι.
1231 1169 1405 1227 Ἀλλά
1455 1172 1541 1241 σὺ,
1592 1176 1745 1249 Χρισπ

1895 1163 2285 1254 gitationibus
2324 1186 2568 1249 absisto,
2616 1189 2698 1241 Tu
2741 1204 2896 1251 vero,
2949 1163 3175 1243 Christe
3222 1190 3394 1255 Deus,
3447 1192 3548 1260 qui

158 1258 335 1327 δΘεὸς,
366 1259 393 1312 ὁ
419 1256 667 1327 τελώνην
700 1255 1019 1330 δικαιώσας,
1052 1261 1140 1315 καὶ
1194 1262 1497 1316 Χαναναίαν
1536 1262 1745 1334 ἐλεήσας

1896 1274 2525 1346 publicanumjustitia
2544 1277 2798 1345 donasti,
2826 1284 2883 1331 et
2903 1278 3248 1332 Cbananaaze
3274 1255 3551 1333 misertus

155 1347 228 1401 καὶ
280 1351 353 1417 τῷ
410 1345 590 1421 λῃστῇ
649 1346 981 1421 παραδείσου
1037 1348 1216 1412 πύλας
1269 1352 1512 1423 ἀνοίξας,
1570 1352 1745 1426 ἅνοιξό

1897 1380 1979 1430 es,
2014 1364 2235 1434 quique
2266 1366 2525 1435 paradisi
2552 1366 2772 1437 januas
2802 1366 3019 1421 latroni
3052 1368 3357 1438 aperuisti,
3382 1370 3548 1424 beni-

160 1456 250 1507 μου
276 1437 337 1489 τὰ
385 1437 670 1511 σπλάγχνα
724 1444 826 1506 τῆς
878 1436 1293 1514 φιλανθρωπίας
1351 1462 1468 1512 σου,
1498 1443 1587 1496 καὶ
1642 1439 1745 1515 δέξο

1894 1450 2133 1521 gnitatis
2159 1457 2270 1505 tum
2304 1453 2526 1507 viscera
2548 1436 2693 1507 mihi
2718 1455 2930 1524 pande,
2956 1436 3169 1525 meque
3191 1456 3263 1511 ad
3296 1462 3352 1511 te
3381 1474 3553 1512 acce-

158 1545 214 1596 με
260 1526 695 1600 προσερχόμενον
732 1570 745 1594 ,
807 1527 896 1582 καὶ
964 1526 1268 1601 ἁπτόμενόν
1329 1551 1470 1599 σου,
1528 1532 1602 1593 ὡς
1673 1535 1739 1601 τὴ

1894 1540 2156 1606 dentem,
2191 1556 2257 1594 ac
2286 1546 2339 1595 te
2372 1547 2712 1611 tangentem
2759 1544 3012 1614 suscipe,
3057 1544 3237 1599 veluti
3271 1547 3546 1600 meretri-

154 1615 334 1702 πόρνην
362 1618 447 1671 καὶ
480 1618 582 1685 τὴν
618 1617 941 1693 αἱμόρῥουυ.
974 1624 1033 1673 Ἡ
1095 1620 1189 1691 μὶν
1246 1622 1349 1695 γὰρ
1402 1625 1499 1675 τοῦ
1552 1623 1745 1694 κρασπέ

1895 1644 2025 1682 cem
2060 1628 2225 1683 illam
2257 1635 2314 1682 et
2343 1630 2651 1702 sanguinis
2683 1631 2846 1686 ﬂuxu
2878 1632 3267 1686 laborantem.
3302 1633 3410 1687 Illa
3465 1635 3546 1688 si-

156 1701 234 1759 δου
262 1727 349 1759 σου
403 1707 680 1779 ἁψαμένη,
745 1707 990 1783 εὐχερῶς
1047 1711 1147 1778 τὴν
1210 1708 1348 1763 ἷ¹ασιν
1410 1705 1621 1765 ἔλαϐεν·
1654 1709 1745 1780 ἠδ

1896 1717 2137 1787 quidem
2163 1717 2454 1773 fimbriam
2488 1720 2836 1791 contingens
2887 1726 3069 1788 tuam,
3100 1721 3259 1775 brevi
3310 1723 3546 1793 negotio

153 1794 259 1856 τοὺς
304 1796 428 1857 σοὺς
478 1797 788 1871 ἇχράντους
846 1795 1017 1861 πόδας
1076 1801 1408 1871 κρατήσασα,
1468 1802 1567 1870 τήν
1622 1800 1745 1855 λύσι

1898 1807 2150 1861 salutem
2182 1806 2393 1877 adepta
2426 1814 2551 1863 est:
2588 1809 2732 1874 haec,
2767 1809 2865 1863 ubi
2898 1810 3313 1865 immaculatos
3366 1810 3548 1880 pedes

152 1888 243 1938 τῶν
294 1886 697 1960 ἁμαρτημάτων
753 1886 1069 1959 ἐκομίσατο.
1128 1890 1267 1964 Ἐγὼ
1327 1887 1384 1945 δὲ
1444 1891 1472 1945 ὁ
1521 1890 1745 1953 ἐλεεινὸς

1898 1901 2028 1950 tuos
2059 1896 2473 1967 apprehendit,
2515 1902 2893 1967 peccatorum
2928 1899 3359 1969 indulgentiam
3386 1904 3544 1953 retu-

153 1972 261 2028 ὅλον
291 1996 379 2030 σου
406 1978 468 2031 τὸ
528 1981 690 2049 σῶμα
746 1976 978 2034 πολλῶν
1038 1976 1307 2049 δέξασθαι,
1372 1982 1445 2053 μὴ
1498 1982 1741 2059 καταφλε

1884 1987 1972 2041 lit.
2008 1990 2122 2059 Ego
2143 2004 2277 2042 vero
2306 1989 2486 2042 miser
2507 2006 2769 2059 prorsus,
2804 1990 2903 2060 qui
2925 1996 3112 2044 totum
3132 2007 3346 2060 corpus
3375 1996 3542 2045 tuum

151 2064 336 2139 χθείην,
368 2064 510 2121 ἀλλὰ
545 2064 686 2139 δέξαι
736 2089 801 2140 με
858 2067 1041 2145 ὥσπερ
1102 2069 1329 2139 ἐκείνας,
1385 2071 1476 2125 καὶ
1537 2073 1743 2149 φώτισό

1880 2077 2145 2147 recipere
2189 2076 2398 2143 audeo,
2448 2077 2677 2132 utinam
2718 2078 2789 2132 ab
2823 2078 3097 2133 incendio
3152 2079 3434 2133 immunis
3478 2083 3538 2133 et

152 2175 240 2225 μου
265 2156 324 2210 τὰ
350 2163 446 2225 τῆς
503 2161 695 2233 ψυχῆς
749 2158 1099 2231 αἴσθητήρια,
1158 2160 1509 2238 καταφλέγων
1573 2183 1677 2233 μου
1706 2184 1745 2217 τι

1880 2166 2074 2220 salvus
2116 2166 2395 2220 evadam:
2449 2166 2553 2219 sed
2602 2183 2695 2220 me
2745 2172 2811 2221 ut
2856 2168 2987 2221 illas
3041 2168 3183 2221 olim
3217 2167 3527 2238 suscipias,

149 2249 230 2311 τῆς
282 2247 543 2321 ἁμαρτίας
604 2246 944 2323 ἐγκλήματα.
1013 2244 1329 2325 Πρεσϐείαις
1382 2257 1485 2318 τῆς
1514 2251 1739 2327 ἀσπόρω

1879 2256 2186 2327 animique
2220 2272 2433 2309 sensus
2465 2256 2789 2323 illumines,
2822 2258 3050 2311 cunctis
3091 2257 3313 2328 peccati
3351 2257 3527 2311 reati-

146 2332 373 2403 τεκούσης
405 2356 481 2407 σε,
513 2336 609 2389 καὶ
638 2340 747 2391 τῶν
805 2336 1140 2412 ἐπουρανίων
1200 2337 1502 2411 δυνάμεων
1562 2338 1644 2394 ὅτι
1676 2339 1745 2394 εὐι

1878 2344 1988 2399 bus
2018 2346 2365 2409 combustis,
2412 2345 2573 2399 illius
2617 2346 3170 2413 interventionibus,
3222 2363 3354 2416 quae
3404 2346 3531 2400 sine

149 2416 353 2495 λογῆτὸς
383 2425 429 2478 εἴ
450 2424 526 2487 εἰς
562 2424 688 2487 τοὺς
721 2426 922 2487 αἰῶνας
946 2431 1054 2481 τῶν
1086 2426 1324 2484 αῗώνων.
1356 2429 1559 2501 Ἀμήν.

1879 2437 2105 2489 semine
2136 2436 2374 2506 genuit:
2410 2435 2693 2504 quoniam
2723 2434 3071 2491 benedictus
3103 2452 3166 2491 es
3195 2436 3258 2489 in
3311 2434 3533 2489 saecula

1876 2523 2253 2578 saeculorum.
2295 2524 2505 2577 Amen.

582 2630 736 2707 Εόχή
770 2632 925 2707 ἒτὲρα
966 2636 1063 2687 τοῦ
1110 2632 1298 2689 αὐτοῦ.

2315 2637 2579 2707 Ejusdem
2601 2641 2853 2707 precatio
2883 2639 3074 2693 altera.

208 2746 552 2819 Τετρωμένος
581 2747 802 2825 καρδίαν
836 2751 947 2823 εἷμὶ
1012 2748 1137 2825 ἐγώ·
1201 2747 1409 2822 ἐξέτηξὲ
1441 2773 1508 2825 με
1538 2753 1566 2807 ὁ
1601 2752 1745 2823 ζῆλόη

1947 2753 2133 2808 Corde
2184 2752 2525 2807 vulneratus
2574 2771 2678 2825 ego
2732 2770 2901 2808 sum:
2936 2752 3235 2807 tabescere
3268 2769 3361 2807 me
3392 2754 3533 2809 fecit

152 2852 247 2901 σου,
274 2834 550 2905 ἠλλοίωσὲ
610 2859 677 2911 με
733 2841 767 2907 ἡ
823 2841 1003 2915 ἀγάπη
1061 2860 1180 2910 σου,
1233 2840 1496 2895 Δέσποτα·
1546 2839 1745 2915 δὲσμιά

1875 2842 2033 2896 zelus
2066 2847 2201 2896 tuus
2225 2847 2281 2895 et
2302 2842 2636 2897 aemulatio:
2664 2842 2997 2897 immutavit
3022 2857 3114 2893 me
3137 2840 3374 2895 dilectio
3402 2846 3522 2910 tua,

150 2923 336 2998 εἰμιτῷ
380 2925 546 3002 ἔρωτί
604 2949 723 2987 σου.
758 2928 1173 3002 Ἐμπλησθείην
1235 2952 1331 2985 σου
1388 2936 1493 2985 τῶν
1528 2937 1739 3007 σαρκῶν

1876 2932 2156 2987 Domine:
2192 2933 2421 2986 vinctus
2454 2949 2583 2985 sum
2616 2948 2720 3003 ego
2767 2947 2967 2986 amore
2997 2931 3151 2985 912
3184 2931 3287 2983 tui.
3322 2931 3526 2985 Carni-

150 3018 419 3089 κορεσθείην
470 3023 572 3075 τοῦ
634 3024 839 3093 ζωεροῦ
895 3021 984 3075 καὶ
1044 3025 1303 3085 θεοποιοῦ
1360 3020 1592 3094 αἳματός
1646 3043 1742 3077 σου

1876 3020 1986 3075 bus
2011 3022 2126 3075 tuis
2151 3020 2421 3091 implear,
2446 3036 2645 3090 quaeso
2673 3036 2685 3074 ;
2712 3020 2938 3073 vivifico
2962 3018 3292 3089 deificoque
3314 3035 3524 3075 cruore

150 3105 483 3183 ἀπολαύσαιμι
534 3133 646 3167 των
699 3111 940 3184 ἀγαθῶνο
992 3113 1469 3189 κατατρυφῆσαιμι
1516 3120 1615 3181 τῆς
1666 3120 1745 3183 σῆ.

1876 3117 1975 3166 tuo
2004 3117 2233 3165 saturer
2260 3126 2272 3163 :
2305 3109 2477 3163 bonis
2518 3108 2787 3180 perfruar
2818 3108 2951 3161 tuis.
2987 3107 3210 3161 Deitate
3242 3112 3344 3161 tua
3374 3107 3523 3162 deli-

150 3194 385 3264 θεότητος·
418 3198 562 3270 ἄξιος
596 3201 860 3276 γενοίμην
894 3199 1183 3275 ἐρχομένῳ
1218 3202 1352 3274 μετά
1382 3198 1543 3274 δόξης
1598 3202 1745 3257 ὑπαν-

1877 3201 1997 3255 cier
2022 3217 2033 3253 :
2059 3200 2272 3271 dignus
2295 3198 2540 3265 efticiar,
2566 3198 2664 3269 qui
2691 3198 2794 3252 tibi
2820 3214 2952 3252 cum
2977 3197 3164 3269 gloria
3184 3196 3522 3252 advenienti

149 3286 279 3351 τῆσαὶ
330 3310 433 3356 σοι,
491 3289 737 3363 ἒναέριος
796 3292 1053 3365 ἁρπαγεὶς
1094 3289 1144 3344 ὲν
1186 3290 1437 3368 νεφέλαις
1498 3290 1587 3345 σὺν
1634 3296 1743 3346 πᾶσ

1878 3290 2081 3344 obvius
2112 3305 2372 3361 pergam,
2406 3289 2465 3342 in
2499 3304 2696 3343 aerem
2729 3294 2930 3358 raptus
2961 3287 3021 3341 in
3075 3286 3350 3353 nubibus,
3386 3304 3521 3341 cum

148 3393 243 3436 τοις
267 3375 528 3442 ίκλεκτοῖς
564 3401 687 3449 σου,
721 3380 796 3442 ὡς
827 3380 887 3434 ἃν
950 3382 1125 3451 ὑμνῶ,
1175 3380 1267 3435 καὶ
1335 3385 1648 3455 προσκυνῶ,
1676 3402 1743 3435 κα

1878 3379 2156 3433 omnibus
2189 3377 2392 3432 electis
2426 3378 2563 3443 tuis,
2585 3382 2649 3430 ut
2680 3382 2737 3431 te
2767 3375 3027 3439 laudem,
3059 3375 3441 3445 adoremque,
3467 3380 3527 3430 et

152 3460 324 3535 δοξάζω
376 3489 429 3524 σε
498 3470 843 3545 εὐχαρίστως
898 3469 947 3525 ἐν
1000 3469 1441 3545 ἐξομολογήσει,
1518 3469 1610 3524 σὺν
1686 3476 1745 3543 τῆ

1876 3469 2220 3533 clariﬁcem,
2253 3467 2469 3539 gratias
2496 3484 2677 3539 agens
2716 3467 2778 3520 in
2811 3465 3206 3532 confessione,
3239 3482 3371 3519 cum
3421 3470 3521 3519 tuo

152 3551 340 3629 ἂνάρχω
370 3578 459 3612 σου
492 3558 670 3631 Πατρῖ
721 3559 810 3613 καὶ
856 3564 935 3630 τῷ
982 3559 1249 3635 παναγίῳ,
1298 3560 1388 3614 καὶ
1438 3560 1645 3636 ἀγαθῷ,
1675 3580 1743 3613 κα

1875 3561 2047 3613 Patre
2084 3563 2141 3611 et
2168 3557 2566 3625 sanctissimo,
2613 3557 2977 3627 Optimoque,
3013 3560 3070 3609 et
3098 3555 3228 3608 vita)
3283 3560 3522 3608 auctore

157 3646 375 3718 ζωοποιῷ
412 3668 506 3703 σου
564 3648 865 3721 Πνεύματι,
928 3652 1037 3720 νῦν,
1070 3650 1161 3703 καὶ
1219 3650 1322 3720 ἀεὶ,
1354 3650 1445 3704 καὶ
1505 3648 1580 3712 εἷς
1636 3648 1745 3705 τοὺς

1876 3648 2095 3720 Spiritu
2128 3653 2249 3714 tuo,
2282 3663 2441 3701 nunc
2469 3652 2527 3700 et
2557 3662 2812 3717 semper,
2846 3650 2904 3700 et
2934 3645 2993 3700 in
3026 3644 3243 3699 saecula
3275 3644 3524 3699 saeculo-

152 3730 313 3797 αἰῶνας
342 3741 444 3792 τῶν
477 3737 722 3796 αἰῶνων.
747 3739 948 3812 Ἀμήν.

1874 3757 2028 3795 rum.
2064 3742 2274 3794 Amen.

3096 3897 3495 3909 _-—-_

3097 3915 3495 3927 ——_————-

1473 4058 1521 4128 Α
1542 4047 2140 4135 ΟΜΟΝΙἹῚΟ.

208 4194 501 4277 Damasceni
559 4198 812 4277 carmina
850 4203 936 4277 _e_t_
962 4197 1179 4253 cantica
1225 4199 1347 4268 jam
1379 4196 1538 4277 _olim
1594 4205 1724 4252 ante
1780 4198 1966 4277 saeculi
2032 4199 2231 4277 decimi
2299 4199 2446 4251 sexti
2509 4197 2985 4277 mediumnitomra:
3039 4196 3515 4277 excusa-fuerant

150 4261 310 4345 Graec.
345 4270 765 4345 Latineque__ab_
822 4271 969 4345 Atrio
1038 4261 1309 4345 yenatio,
1346 4272 1635 4345 Romano,
1701 4272 2031 4345 earumdem
2111 4272 2441 4345 interprete,
2517 4285 2636 4322 cum
2718 4267 2844 4319 aliis
2899 4268 3159 4345 .Cosmaa.
3198 4266 3513 4345 Hierosoly-

150 4333 311 4418 mit'ani
342 4333 585 4418 ,_Marci
639 4341 980 4409 Hydruntini
1032 4342 1377 4418 Tiieophanis
1412 4384 1433 4418 ,_
1480 4349 1531 4395 et
1588 4333 1871 4418 Sicolarii‘;
1920 4333 2269 4418 arc‘isubindé
2316 4343 2535 4418 Latine_
2569 4344 2789 4418 tantum‘
2853 4335 3257 4418 abUHenrican
3291 4336 3515 4418 Gravia,

150 4405 319 4462 ordinis
372 4405 849 4490 Praedicatorurn,
908 4415 964 4465 in
1022 4405 1262 4467 editione
1338 4405 1647 4467 Coloniensi
1702 4415 1837 4490 anni
1902 4414 2055 4479 1546,
2118 4412 2683 4490 rursumqucﬁrmce
2741 4410 3040 4490 ct_Latine
3101 4410 3160 4490 in
3214 4405 3515 4490 Basileensi

149 4490 262 4556 anno
314 4484 499 4561 1575._
553 4499 621 4536 ac
675 4483 893 4561 tandem
962 4485 1047 4561 in_
1104 4486 1499 4561 Parisiensibus
1578 4485 1908 4561 editionibus
1966 4502 2035 4537 ea:
2085 4484 2275 4561 Jacolii
2336 4482 2505 4561 Biblii
2562 4480 3344 4561 interpretationemManutii
3390 4492 3512 4561 iicr-

148 4547 313 4631 3_i0'}€m
342 4596 354 4611 .
402 4554 534 4623 quia
582 4555 824 4631 verbum_
854 4571 879 4608 ε
934 4555 1094 4631 verbo
1136 4556 1387 4631 reddidit
1420 4599 1433 4622 ,
1496 4574 1523 4611 e
1570 4559 1793 4631 regione
1849 4562 2173 4631 contextus_
2219 4556 2393 4631 Gra’ci
2472 4551 2857 4631 opponendum
2925 4548 3093 4631 dumi,
3140 4551 3335 4631 paucis
3384 4548 3511 4600 hinc

150 4619 251 4672 inde
301 4619 565 4689 mutatis;
625 4632 738 4678 tum
788 4626 980 4679 deinde
1056 4628 1357 4681 Billianam
1414 4619 1605 4681 stricta
1631 4619 1921 4703 foratione
1970 4627 2357 4703 inetaplirasim
2440 4619 2694 4703 subjicio,
2774 4620 3331 4703 utpoteﬁliberiorefn
3366 4660 3378 4683 ,
3432 4634 3509 4703 Iac

147 4704 247 4775 qua:
272 4708 465 4750 sensum
495 4699 741 4751 auctoris
772 4714 833 4775 ex
868 4704 982 4775 toto
1017 4714 1131 4775 non
1190 4701 1405 4775 efferat.
1440 4702 1535 4753 His
1592 4701 1731 4775 idem
1790 4698 1983 4753 Billius
2041 4690 2257 4751 addidit
2299 4712 2463 4775 suam
2524 4690 2715 4764 prima:
2736 4694 2940 4775 fartis
2966 4692 3219 4775 Octoechi
3270 4690 3507 4775 transla-

151 4761 379 4840 τέθνηκα
409 4784 519 4837 qua
548 4784 697 4822 nunc
727 4768 935 4840 edenda
974 4761 1243 4834 abstineo,
1274 4772 1401 4823 dum
1433 4777 1576 4824 certo
1623 4772 1941 4840 dignoscere
1984 4776 2181 4839 potero
2211 4770 2436 4839 quinam
2490 4761 2671 4821 versus
2721 4765 2950 4818 Joannis
3007 4764 3327 4818 Damasceni
3376 4762 3506 4826 sint,

149 4834 334 4898 quinam
363 4834 631 4906 Anatolii,
662 4839 1037 4909 Metrophanis
1067 4848 1117 4895 et
1146 4841 1407 4895 aliorum.

262 5056 555 5115 lQANNOI‘
604 5060 740 5117 'ror
780 5059 1281 5129 ΔΑΜΑΣΚΗΝΟΥ,
1324 5060 1433 5115 ΕιΣ
1472 5064 1611 5115 rus

2004 5060 2291 5116 JOANNIS
2333 5058 2736 5114 DAMASCENI
2776 5058 2847 5112 IN
2886 5056 3363 5111 THEOGONIAM.

717 5131 1135 5187 ΘΕΟΓΟΝΙΑΝ.

672 5234 751 5293 Οὗ
772 5238 806 5306 ἡ
835 5236 1178 5312 ἀκροστιχίς.

2358 5237 2707 5305 Principium
2735 5250 3009 5290 versuum.

146 5330 333 5404 Εὖεπίης
364 5341 641 5413 μελέεσσιν
676 5342 908 5419 ἐφύμνια
938 5347 1108 5398 ταῦτα
1138 5341 1392 5419 λιγαίνει,

1930 5342 2219 5399 Jucundis
2250 5342 2525 5398 cantibus
2566 5342 2772 5413 hymni
2805 5341 2903 5396 isti
2936 5345 3159 5396 canunt

1343 5462 1389 5517 J.
1434 5463 1645 5517 BILLII
1683 5461 2264 5519 INTERPRETATIO.

148 5548 196 5600 Ι).
221 5553 425 5613 Joannis
482 5561 801 5615 Damasceni
855 5560 921 5614 de
975 5560 1181 5613 Christi
1234 5562 1544 5628 nativitate,
1578 5562 1746 5616 iambi
1929 5561 2217 5621 Christus,
2246 5559 2346 5629 qui
2380 5557 2507 5612 fieri
2540 5574 2659 5612 non
2692 5557 2980 5612 dubitavit
3002 5558 3178 5612 homo
3214 5575 3225 5611 :

196 5630 499 5701 mtastichi
522 5648 540 5684 :
587 5647 815 5700 quorum
838 5634 1043 5701 primae
1074 5632 1270 5686 litterae
1310 5635 1367 5686 in
1417 5634 1602 5688 Graeco
1634 5634 1745 5688 haec

201 5696 293 5749 duo
318 5700 562 5768 dysticha
596 5696 859 5772 efficiunt:

154 5779 385 5843 Versibus
414 5789 507 5845 his
537 5792 767 5848 canitur
796 5792 1030 5849 soboles
1054 5798 1279 5848 interna
1303 5794 1603 5862 Tonantis,
1858 5793 1957 5849 His
1986 5792 2144 5848 hunc
2176 5794 2334 5849 solve
2364 5792 2559 5862 malis,
2589 5791 2689 5863 qui
2720 5790 2880 5848 canit
2909 5791 3039 5859 ista,
3075 5792 3247 5847 Deus.

1862 5675 2120 5730 Solveret
2149 5683 2214 5730 ut
2243 5675 2445 5729 miseri
2478 5675 2739 5728 moriens
2770 5674 3148 5729 incommoda
3178 5674 3407 5729 mundi.
