3952 6202
403 489 510 546 819
1682 485 1739 538 Β.
1781 482 1964 538 JOAN

2163 478 2542 534 ’ΛΜΔΒΟΕΝῙ
3654 477 3724 532 820

403 613 618 670 Filium
650 609 772 675 Dei,
803 609 1117 664 hominum
1148 607 1336 681 gratia
1365 611 1572 663 natum

2086 605 2140 673 Α
2169 599 2267 656 Υἶά
2297 605 2452 672 Θεοῦ,
2489 601 2741 675 μερόπων
2773 597 2946 656 εἵνεκα
2972 596 3311 674 τικτόμενον.

400 706 467 760 In
499 708 672 770 terra,
709 704 768 756 et
811 698 1137 755 solventem
1198 697 1641 752 luctuosissima
1698 710 1961 750 nocume:

2168 693 2254 749 Ἐν
2290 691 2468 767 χθονὶ,
2502 692 2591 747 καὶ
2625 689 2827 748 λύοντα
2857 689 3170 746 πολύστονα
3199 692 3424 764 πήματα
3451 689 3647 764 κόσμου,

1727 783 1981 856 [mundi.

401 878 512 935 Sed
539 896 571 933 ο
604 881 746 944 Rex,
780 877 1080 931 locutores
1114 874 1301 929 libera
1331 873 1402 928 ab
1431 873 1525 927 his
1555 871 1877 927 laboribus.

1781 888 1877 926 ius.
2165 868 2322 927 Ἀλλ’
2352 871 2471 940 ἄνα,
2505 868 2748 947 ρητῆρας
2782 869 2906 947 ῥύεο
2937 867 3110 925 τῶνδε
3138 867 3342 928 πόνων.

473 968 721 1024 Salvavit
746 966 1031 1038 populum
1064 964 1217 1018 mira
1249 968 1491 1034 patrans
1517 962 1718 1027 herus,

2241 968 2450 1018 Ἕσωσε
2483 973 2616 1018 Ααον
2651 965 3081 1038 θαυματουργῶν
3118 960 3405 1035 δεσπότης,

404 1058 711 1130 Siquidam
745 1058 925 1110 maris
952 1054 1174 1109 undam
1207 1053 1513 1107 exsiccans
1541 1051 1684 1105 olim
1712 1067 1724 1104 :

2167 1053 2356 1128 Ὑγρὸν
2393 1054 2674 1124 Θαλάσσης
2701 1055 2848 1127 κύμα
2879 1054 3163 1130 χερσώσας
3194 1052 3388 1109 πάλαι.

402 1151 530 1204 Non
563 1147 783 1202 invitus
804 1149 1004 1200 autem
1029 1148 1202 1198 natus
1226 1159 1295 1196 ex
1317 1140 1540 1212 puella,
1565 1139 1779 1196 callem
1810 1156 1963 1195 acce:

1855 1138 2059 1195 ccessi-
2167 1144 2340 1201 Ἑκὼν
2373 1141 2430 1198 δὲ
2457 1143 2674 1220 τεχθεὶς
2704 1143 2764 1200 ἐκ
2791 1145 2983 1220 κόρης,
3014 1138 3210 1220 τρίϐον
3247 1143 3416 1217 βατὴν

1781 1229 1986 1300 [bilem

402 1325 528 1381 Poli
560 1325 728 1397 ponit
759 1323 955 1392 nobis,
989 1338 1165 1394 quem
1191 1319 1523 1377 secundum
1557 1319 1950 1376 substantiam

1702 1321 1950 1376 tentiam
2167 1322 2348 1379 Ιίόλον
2379 1322 2590 1393 τίθησιν
2623 1323 2783 1395 ἡμῖν,
2815 1322 2873 1379 ’ὀν
2905 1323 3023 1378 κατ’
3053 1321 3258 1391 οὐσίαν,

401 1416 706 1488 quualt-m
739 1414 894 1468 Patri
929 1419 988 1468 et
1016 1411 1370 1466 mortalibus
1402 1410 1826 1483 glorificamus.

1750 1427 1826 1464 15.
2167 1411 2306 1468 Ἰσύν
2337 1433 2393 1466 τε
2425 1413 2592 1487 Πατρὶ
2625 1412 2713 1466 καὶ
2749 1412 2972 1488 βροτοῖς
2993 1409 3311 1485 δοξάζομεν.

479 1506 737 1561 Portavit
769 1510 972 1559 venter
1003 1508 1267 1558 sacratus
1301 1501 1577 1566 Verbum,

2239 1502 2468 1577 ’Πνεγκε
2495 1502 2703 1576 γαστὴρ
2730 1501 3063 1576 ἡγιασμένη,
3096 1502 3293 1575 Λόγον,

405 1596 712 1651 Manifeste
745 1593 1120 1647 incombusto
1156 1592 1441 1662 figuratus
1471 1589 1640 1655 rubo,

2169 1597 2365 1669 Σαφως
2399 1586 2683 1669 ἀφλέκτως
2714 1591 3147 1669 ζωγραφουμὲνη
3183 1589 3355 1666 βάτῳ,

405 1686 795 1740 Commistum
828 1682 1034 1736 formas
1062 1681 1323 1745 mortali,
1361 1680 1486 1746 Dei,

2168 1680 2410 1754 Μιγὲντα
2446 1683 2630 1758 μορφῇ
2660 1684 2729 1752 τῇ
2767 1677 3054 1756 βροτησίᾳ,
3087 1683 3245 1748 Θεοῦ,

402 1778 530 1831 Ενω
563 1775 847 1829 miserum
878 1779 1144 1826 ventrem
1179 1769 1596 1825 maledictione
1631 1773 1861 1823 vetusta

1748 1773 1861 1823 ista
2166 1766 2308 1830 Εὔας
2340 1769 2595 1823 τάλαιναν
2629 1765 2796 1837 νηδύν
2830 1767 2960 1843 ἀρᾶς
2989 1775 3090 1837 τῆς
3119 1767 3309 1837 πάλαι,

403 1865 644 1919 Solvens
675 1879 899 1927 amara,
934 1861 1091 1932 quod
1125 1859 1406 1915 mortales
1447 1858 1874 1931 glorificamus.

1726 1874 1874 1913 mus.
2087 1879 2090 1882 '
2166 1857 2374 1912 Λύοντα
2402 1863 2620 1932 πικρᾶς,
2655 1857 2713 1912 ὃν
2748 1857 2936 1932 βροτοὶ
2967 1854 3287 1928 δοξάζομεν.

480 1953 750 2009 Ostendit
777 1951 951 2007 stella
981 1950 1140 2020 quod
1164 1949 1288 2003 sole
1317 1954 1406 2002 est
1439 1948 1624 2018 prius,
1653 1947 1927 2014 Verbum,

1805 1963 1927 2014 um,
2091 1982 2137 2046 Β
2177 1944 2470 2046 Justus“
2507 1947 2677 2046 ἀστὴρ
2706 1946 2799 2046 τον
2831 1947 2938 2046 πρὸ
2969 1943 3136 2046 ἡλίου
3162 1945 3363 2046 Λόγον,

405 2042 740 2098 Profectum
775 2039 848 2095 ad
877 2038 1206 2094 sedandum
1235 2044 1566 2108 peccatum,
1609 2035 1813 2107 Magis,

2091 2033 2136 2046 ”
2177 2035 2441 2093 Ἐλθόντα
2471 2040 2673 2090 παῦσαι
2705 2036 2802 2105 τὴν
2838 2035 3128 2110 ἁμαρτίαν,
3162 2033 3393 2108 Μάγοις,

412 2131 613 2186 Palam
649 2145 968 2200 pauperem
1000 2128 1062 2181 in
1104 2126 1469 2196 speluncam,
1516 2123 1973 2195 misericordem,

1841 2123 1984 2195 iem,
2178 2129 2374 2202 Σαφῶς
2401 2125 2664 2199 πενιχρὸν
2697 2123 2774 2184 εἰς
2804 2125 2966 2186 σπὲος
2993 2123 3088 2178 τὸν
3121 2128 3402 2196 συμπαθῆ,

412 2221 486 2273 Te
518 2219 716 2273 fasciis
751 2218 1118 2280 involutum;
1153 2214 1310 2284 quod
1353 2213 1531 2268 laetati

2178 2215 2249 2268 Σὲ
2281 2215 2609 2288 σπαργάνοις
2644 2211 2884 2278 ἑλικτὸν,
2909 2212 2966 2266 ’ὸν
2999 2212 3312 2288 γεγηθότες,

415 2307 702 2362 Viderunt
731 2306 908 2372 idem,
945 2310 1003 2360 et
1035 2303 1305 2367 mortale,
1339 2309 1397 2357 et
1428 2303 1771 2358 Dominum.

2175 2298 2332 2358 Εἶδον
2365 2302 2454 2356 τὸν
2487 2301 2668 2368 αὐτὸν,
2700 2300 2790 2355 καὶ
2825 2300 3044 2375 βροτὸν,
3077 2300 3166 2354 καὶ
3199 2298 3398 2373 Κύριον

481 2400 692 2450 Annue
723 2395 796 2450 ad
830 2395 1082 2465 hymnos
1115 2409 1439 2459 servorum,
1468 2392 1828 2461 benefactor,

2247 2396 2448 2450 Νεῦσον
2477 2392 2613 2466 πρὸς
2647 2389 2852 2463 ὕμνους
2883 2389 3131 2460 οἰκετῶν,
3162 2387 3433 2463 εύεργὲτα,

406 2485 639 2540 Inimici
677 2483 1002 2539 humilians
1034 2483 1252 2537 elatum
1291 2480 1698 2552 supercilium,

2175 2481 2418 2556 Ἐχθροῦ
2437 2485 2705 2535 ταπεινῶν
2734 2479 2834 2547 τήν
2867 2477 3182 2552 ἐπηρμένην
3214 2475 3404 2555 ὀφρύν.

404 2577 763 2645 Ferensque,
799 2574 899 2644 qui
934 2577 1148 2628 cuncta
1177 2571 1392 2638 cernis,
1425 2575 1665 2642 peccato

2178 2569 2364 2642 Φέρων
2395 2590 2473 2636 τε,
2497 2568 2868 2636 παντεπόπτα,
2897 2574 2998 2637 τῆς
3031 2567 3296 2640 ἁμαρτίας

410 2665 674 2734 Desuper
705 2661 1094 2717 immobiliter
1125 2661 1414 2726 firmatos,

2175 2658 2428 2731 ’Υπερθεν
2462 2655 2764 2726 άκλόνητον
2798 2655 3217 2731 ἐστηριγμένους

406 2755 448 2809 O
480 2754 671 2818 beate,
706 2756 977 2806 cantores
1012 2750 1386 2803 firmamento
1422 2747 1578 2802 fidei.

2177 2747 2393 2820 Μάκαρ,
2431 2743 2718 2819 μελῳδοὺς
2743 2748 2813 2818 τῇ
2849 2745 2999 2820 βάσει
3030 2750 3132 2812 τῆς
3163 2743 3417 2804 πίστεως.

479 2842 719 2912 Sponsze
751 2855 1020 2911 perpuraa
1052 2836 1218 2891 valde
1251 2835 1488 2890 divitem
1521 2841 1754 2907 partum

2245 2833 2485 2910 Νύμφης
2515 2832 2789 2908 πανάγνου
2817 2833 2910 2887 τὸν
2944 2827 3237 2887 πανόλϐιον
3270 2830 3453 2900 τόκον,

412 2931 619 2986 Videre
655 2945 834 3001 supra
865 2943 1106 2983 sensum
1141 2926 1354 2997 dignus
1383 2924 1574 2980 factus
1606 2926 1842 2992 chorus,

1657 2942 1842 2992 lorus,
2176 2921 2333 2980 Ἰδεῖν
2368 2925 2497 2998 ὑπὲρ
2529 2928 2654 2978 νοῦν
2688 2924 2995 2997 ἠξιωμένος
3028 2922 3218 2998 χορός,

407 3021 543 3094 Agri
577 3020 776 3075 incola
806 3017 1149 3073 movebatur
1175 3015 1435 3070 mirabili
1470 3015 1666 3082 modo,

2174 3012 2486 3087 νΑγροιυλος
2518 3012 2794 3068 ἐκλονεῖτο
2823 3016 2902 3083 τῷ
2933 3013 3068 3084 ξένῳ
3098 3011 3306 3085 τρόπῳ,

409 3109 713 3174 Ordinem,
745 3112 1198 3176 canentemque,
1234 3105 1724 3176 incorporeurum

2175 3101 2335 3174 Τάξιν
2375 3104 2726 3178 μελῳγοῦσάν
2754 3123 2813 3156 τε
2840 3105 2948 3154 τῶν
2979 3100 3308 3172 ἀσωμάτων,

415 3203 633 3273 Regem
665 3199 963 3253 Christum
995 3196 1123 3251 sine
1157 3195 1383 3249 semine
1412 3195 1806 3249 incarnatum.

2175 3192 2417 3246 Ἀνακτα
2445 3191 2701 3266 Χριστὸν,
2734 3190 2989 3265 άσπόρως
3019 3190 3408 3262 σαρκούμενον.

479 3287 826 3344 Celsitudini
852 3287 1152 3356 imperans
1175 3283 1478 3350 calorum,
1494 3283 1566 3338 ob
1587 3283 2040 3340 misericordiam

1868 3283 2058 3340 rdiam
2114 3352 2140 3356 Α
2246 3282 2446 3353 Ὕψους
2477 3281 2722 3334 ἀνάσσων
2755 3278 3021 3354 οὐρανῶν,
3053 3275 3429 3353 εὐσπλαγχνίᾳ

406 3379 608 3433 Exstat
639 3352 964 3432 secundum
997 3391 1106 3429 nos
1131 3391 1201 3429 ex
1234 3374 1483 3444 innupta
1520 3373 1769 3445 Virgine,

2101 3352 2143 3418 Ο
2179 3352 2338 3424 Τελεῖ
2365 3371 2484 3423 καθ’
2514 3372 2660 3442 ἡμᾶς
2694 3366 2746 3438 ἐξ
2777 3352 3119 3445 ἀνυμφεῦτου
3149 3352 3337 3440 κόρης,

414 3467 667 3521 Materiae
701 3481 911 3536 expers
945 3464 1204 3517 existens
1238 3468 1395 3527 ante,
1429 3461 1531 3516 sed
1565 3462 1627 3516 in
1661 3460 1941 3516 extremis

1834 3460 1941 3516 mis
2179 3459 2379 3519 ἈϋΛος
2413 3454 2485 3511 ὢν
2517 3456 2840 3531 τοπρόσθεν,
2875 3454 3004 3511 ἀλλ’
3036 3455 3120 3510 ἐπ’
3150 3454 3395 3530 ἐσχάτων

414 3555 672 3609 Verbum
715 3553 1145 3624 impinguatum
1179 3567 1382 3619 carne,
1413 3568 1589 3606 carne
1621 3550 1964 3623 prolapsum

1837 3568 1990 3624 sum,
2171 3547 2350 3622 Λόγος
2381 3545 2673 3622 παχυνθεὶς
2709 3543 2888 3619 σαρκὶ,
2920 3545 3012 3599 τὸν
3044 3544 3397 3614 πεπτωκότα,

409 3645 485 3696 Ut
510 3641 584 3695 ad
617 3658 677 3695 se
709 3641 971 3695 traheret
1003 3656 1179 3709 quem
1212 3640 1404 3709 primo
1436 3640 1812 3695 formaverat.

1786 3657 1812 3694 ι.
2172 3637 2287 3694 Ἵνα
2317 3637 2451 3710 πρὸς
2484 3636 2646 3690 αὐτὸν
2680 3633 2881 3709 ἐλκύσῃ
2915 3635 3347 3708 πρωτόκτιστον.

484 3730 725 3783 Generis
757 3727 1024 3782 mortalis
1057 3728 1539 3782 reformationem
1567 3728 1709 3783 olim

2245 3725 2439 3786 Γὲνους
2476 3723 2718 3799 βρετείου
2747 3723 2846 3792 τήν
2880 3720 3184 3778 ἀνάπλασιν
3213 3721 3409 3795 πάλαι,

409 3817 636 3872 Canens
683 3817 971 3888 propheta
1002 3815 1362 3881 Habbacum,
1397 3818 1780 3887 praenuntiat,

2179 3811 2334 3886 ᾼδων
2368 3815 2661 3891 προφήτης
2694 3807 3041 3884 Ἀϐϐακοὺμ,
3074 3811 3409 3886 προμηνύει,

408 3907 616 3962 Videre
640 3905 927 3961 ineffabili
957 3903 1130 3960 modo
1172 3903 1386 3976 dignus
1416 3905 1604 3960 factus
1653 3907 1922 3978 figuram.

1715 3923 1922 3977 guram.
2175 3902 2332 3962 Ἰδεῖν
2365 3904 2654 3978 ἀφράστως
2682 3899 2930 3972 ἀξιωθεὶς
2960 3901 3052 3955 τὸν
3085 3899 3276 3959 τύπον.

407 3995 607 4052 Novus
635 3995 835 4050 infans
865 3993 1024 4050 enim
1057 4010 1125 4047 ex
1156 3999 1360 4047 monte
1394 4010 1498 4047 seu
1531 3995 1764 4066 Virgine

2178 3994 2311 4048 Νέον
2348 3993 2544 4070 βρέφος
2571 3991 2670 4066 γὰρ
2704 3990 2754 4064 ἐξ
2787 3985 2946 4064 ὅρους
2973 3997 3073 4058 τῆς
3105 3990 3375 4063 παρθένου

409 4085 621 4151 Exivit,
653 4084 726 4139 ad
758 4082 1111 4156 populorum
1141 4081 1648 4148 reformationem,
1682 4081 1957 4137 Verbum.

1722 4081 1957 4137 ‘erbum.
2177 4082 2406 4152 Ἐξῆλοε
2438 4080 2586 4136 λαῶν
2621 4080 2695 4142 εἰς
2731 4081 3057 4146 ἀνάπλασιν,
3090 4080 3283 4154 Λόγος.

477 4178 588 4232 Par
617 4171 957 4247 processisti
988 4171 1335 4226 mortalibus
1357 4177 1587 4243 sponte,

2247 4172 2390 4232 Ἶσος
2421 4169 2698 4245 προῆλθες
2723 4173 2840 4230 τοῖς
2875 4169 3097 4243 βροτοῖς
3125 4169 3407 4242 ἑκουσίως,

1655 4324 1703 4378 J.
1746 4323 1949 4379 BILLH
1989 4323 2575 4380 INTERPRETATIO.

404 4472 569 4535 Plebi
603 4470 853 4528 salutem
889 4465 1161 4534 contulit,
1196 4467 1410 4521 mirum
1445 4467 1502 4521 in
1527 4467 1768 4522 modum
2239 4469 2469 4523 Sanctae
2502 4467 2770 4521 Parentis
2801 4465 3040 4521 divitem
3074 4470 3334 4538 partum,
3368 4469 3487 4523 Deo

405 4550 584 4602 Verso
616 4548 859 4614 repente
887 4541 1154 4614 Christus
1187 4539 1503 4614 in_siccum
1546 4540 1714 4594 mari.
2167 4541 2284 4614 Hoc
2320 4537 2977 4614 munerantexrusticus
3006 4537 3190 4614 costus
3222 4540 3450 4607 videns,

406 4624 479 4676 At
509 4635 579 4672 ex
612 4609 1036 4688 pu'ellanatus.
1072 4611 1375 4688 in_coelt_1m
1408 4611 1559 4688 viam
2090 4665 2131 4688 ἢ
2165 4613 2304 4688 §ese
2340 4611 2613 4688 movebat
2641 4609 2714 4664 ad
2748 4609 3245 4688 rei.mir‘a_cu_lum,

614 4665 1097 4754 iecl'udiitrquem
1135 4683 1249 4736 Deo
1277 4683 1428 4736 Patri
1465 4698 1686 4753 parem,
2088 4665 2133 4730 D
2165 4665 2233 4737 Et
2262 4665 2650 4754 concinentes
2690 4680 2933 4754 angelos
2965 4665 3266 4754 Christum
3295 4682 3562 4750 audiens,

409 4767 749 4829 Rursusque
783 4753 951 4810 nobis
983 4753 1282 4829 credimus
1313 4771 1444 4807 vere.
1475 4769 1704 4829 parem.
1732 4825 1744 4829 _
2165 4756 2417 4829 Carnem
2450 4753 2733 4808 induebat
2770 4753 2877 4829 qui
2899 4769 3090 4829 meam
3114 4753 3339 4823 absque
3373 4756 3616 4810 semine.

484 4822 697 4887 Venter
719 4834 1004 4891 sacratus,
1037 4827 1169 4898 igne
1201 4841 1376 4896 quem
1413 4822 1529 4898 non
1564 4825 1789 4880 torrida
2237 4827 2375 4880 Coeli
2405 4826 2747 4898 imperator,
2779 4822 3306 4898 indolensAnostris
3333 4827 3527 4894 malis,

407 4904 686 4977 Signabat
716 4902 858 4977 olim
890 4895 1349 4977 spinaigest’avit
1381 4895 1578 4977 Λόγον,
2280 4898 2553 4977 injugata
2578 4897 2808 4967 Virgine
2841 4895 3028 4949 instar
3059 4895 3125 4949 fit
3155 4896 3292 4950 mei.

407 4968 550 5030 Ctim
582 4990 758 5028 carne
778 4968 987 5044 junc’to
1020 4968 1256 5024 subdita
1286 4968 1608 5044 morti'Deo
1638 4985 1648 5022 :
2166 4968 2429 5044 lfarnque
2458 4975 2595 5022 ante
2627 4983 2803 5044 carne
2835 4982 2968 5044 cum
3002 4973 3254 5034 vacaret,
3288 4973 3497 5038 postea

407 5047 561 5102 Diris
591 5053 657 5100 ut
685 5037 813 5099 Eva;
846 5043 1099 5099 solveret
1130 5047 1412 5102 ventrem,
1447 5041 1664 5112 quibus
2166 5041 2282 5096 Hac
2314 5037 2374 5095 s'e
2409 5041 2534 5111 ipse
2567 5040 2732 5112 texit,
2766 5037 3306 5112 conditumiprimo’
3321 5047 3546 5111 patrem

405 5117 691 5172 Addictus
722 5117 864 5170 olim
895 5120 1003 5180 est,
1036 5113 1310 5168 laudibus
1342 5111 1516 5184 quem
1553 5112 1837 5167 tollimus.
2166 5113 2238 5168 Ut
2268 5113 2530 5168 traheret
2550 5111 2623 5165 ad
2655 5127 2738 5184 se,
2771 5126 2947 5180 quem
2971 5111 3175 5184 scelus
3206 5117 3614 5184 prostraverat.

481 5187 889 5256 Antiquiorem
924 5185 1048 5240 sole
1080 5181 1431 5240 monstravit
1462 5185 1642 5256 Magis
2236 5182 3078 5256 Redintegrandumpraacinit
3106 5181 3447 5256 mortalium

405 5257 573 5312 Hunc
608 5252 795 5316 stella.
828 5274 1012 5310 noxas
1068 5266 1307 5310 venerat
1338 5256 1435 5326 qui
1473 5263 1534 5310 ut
1565 5252 1817 5310 solveret
2163 5257 2457 5326 Propheta
2488 5252 2729 5308 sanctus
2761 5252 3029 5326 Habacuc
3057 5270 3265 5326 genus,
3300 5255 3382 5310 rei

407 5330 628 5382 Nostrae
663 5327 1024 5398 indolentem
1059 5327 1331 5388 miserim,
1356 5325 1463 5380 ’vili
1499 5329 1558 5381 in
1592 5344 1791 5398 specu,
2165 5325 2349 5393 Hujus
2373 5327 2621 5393 figuram
2655 5325 3010 5398 conspicans
3043 5325 3342 5380 divinitus.

410 5401 599 5466 Atque
631 5397 970 5450 obvolutum
1002 5398 1220 5460 fasciis,
1256 5399 1542 5452 laetissimi
1625 5396 1639 5398 “
2164 5400 2242 5451 Ex
2277 5405 2474 5452 monte
2507 5411 2790 5466 namque,
2823 5396 3075 5466 Virgine.
3111 5397 3376 5467 inquam.
3412 5398 3626 5468 prodiit

410 5468 721 5524 Hominem
755 5469 1056 5536 Deumque
1083 5485 1256 5537 quem
1289 5470 1489 5524 vident
1520 5469 1604 5523 illi
1639 5468 1836 5522 simul.
2162 5469 2384 5534 Infans,
2418 5485 2627 5523 cruore
2661 5484 2771 5522 nos
2797 5482 2902 5521 suo
2934 5483 3170 5521 rursum
3197 5485 3424 5522 creans.

481 5541 788 5618 Servorum
819 5538 893 5618 ad
927 5539 1178 5618 hymnos
1204 5557 1454 5603 annuas,
1484 5543 1661 5618 Deus.
1694 5557 1921 5610 precor,
2236 5539 2647 5618 Par_prodiisti
2682 5545 2890 5609 sponte
2921 5543 2982 5618 tu
3015 5539 3388 5618 mortalibus,

408 5613 602 5670 Hostis
635 5610 864 5665 cruenti
935 5608 1274 5681 deprimens
1298 5612 1658 5680 superbiam,
1699 5608 1710 5610 ”
2161 5628 2204 5681 ο
2237 5608 2484 5676 (ΣΙιιιίξςιθ,
2520 5608 2734 5680 corpus
2765 5611 3069 5664 attrahens
3101 5626 3178 5681 ex,
3205 5611 3464 5678 Virgine,

410 5687 767 5754 Nostraeque
801 5685 1031 5735 mentes
1055 5680 1564 5754 efferens-noxam
1598 5699 1794 5752 supra,
2167 5680 2466 5738 Venenum
2499 5689 2576 5754 ut
2593 5681 2812 5754 anguis,
2833 5680 3504 5754 pestilensrdepelleres,

412 5760 455 5816 Ο
485 5748 700 5814 cuncta
729 5767 976 5809 cernens
1010 5753 1067 5802 et
1095 5748 1284 5824 beate,
1320 5752 1570 5824 firmiter
1672 5748 1687 5752 ”
2161 5755 2498 5824 Omnesque
2528 5753 2600 5809 ab
2623 5748 2769 5808 atris
2793 5748 3022 5824 januis,
3055 5753 3212 5808 velut
3230 5748 3418 5820 Deus,

414 5831 573 5886 Fidei
611 5845 716 5900 per
746 5839 920 5879 omne
954 5817 1186 5872 temdus
1214 5819 1446 5870 innixus
1479 5822 1625 5889 basi,
2233 5827 2348 5880 [Evi
2382 5817 2662 5897 perennis
2691 5823 2764 5879 ad
2787 5817 2969 5896 jubar
2997 5817 3332 5882 reduceres.
