3952 6202
162 482 253 541 829

162 608 309 684 Λόγος
335 604 386 662 τί
417 624 516 678 μου
549 607 671 673 ζῶν,
702 602 790 658 καὶ
826 604 1019 679 βροτὸς
1049 602 1381 677 προμηθείᾳ,

220 699 299 752 Ἐκ
322 692 532 749 ποντίου
565 691 786 755 λέοντος
821 694 848 747 ὁ
874 693 1191 769 τριέσπερος
1222 694 1391 765 ξενος,

163 785 424 861 Προφήτης
453 780 692 858 ἐγκάτοις
717 779 1105 860 φλοιδόμενος,

165 874 304 939 Αὖθις
331 871 563 947 προῆλθε
590 878 689 941 τῆς
718 872 1153 948 παλιγγενεσίας,

164 964 409 1037 Σωτηρίαν
439 958 724 1035 δράκοντος
760 959 820 1016 ἐκ
853 960 1241 1036 βροτοκτόνου,

162 1057 271 1109 [lim
299 1049 609 1130 προφαίνων,
641 1054 751 1105 τῶν
783 1050 994 1125 χρόνων
1026 1050 1109 1105 ἐπ’
1131 1049 1397 1126 ἐσχάτων.

217 1145 510 1215 ’Δνειμὲνων
540 1141 739 1197 πόλοιο
771 1145 1043 1220 παμφαῶν
1077 1146 1327 1218 πτωχῶν,

160 1232 344 1303 litim;
371 1232 463 1305 ὁρᾷ
491 1232 624 1306 πρὸς
658 1232 866 1307 Πατρὸς
915 1229 1310 1305 ὲξικνουμενον,

160 1322 300 1379 Μενον
326 1341 378 1375 τε
401 1324 614 1393 ηνεῦμα
643 1324 721 1392 τῷ
750 1321 1113 1395 παναχράντῳ
1144 1318 1327 1395 Λόγῳ,

153 1409 374 1465 ’Βπελθὸν
400 1410 471 1471 ὠς
503 1409 722 1464 πέλειαν
758 1410 1013 1487 ἀφράστῳ
1042 1410 1254 1483 τρόπῳ,

154 1501 324 1569 Δήμοις
352 1518 404 1552 τε
432 1498 605 1575 φαίνει
637 1494 990 1574 προσδραμὸν
1023 1501 1100 1569 τῷ
1131 1497 1393 1571 Δεσπότῃ.

150 1588 335 1666 Ἕφλεξε
356 1589 547 1665 ῥείθρῳ
574 1594 683 1644 τῶν
718 1586 1026 1665 δρακόντων
1053 1588 1150 1651 τὰς
1181 1589 1375 1665 κάρας,

155 1678 204 1734 Ὁ
226 1685 309 1747 τῆς
336 1680 557 1751 καμίνου
587 1679 691 1747 τήν
729 1678 1020 1753 μετάρσιον
1052 1676 1234 1755 φλόγα

154 1766 293 1829 Νὲους
323 1768 571 1842 φέρουσαν
604 1762 845 1830 εὐσεϐεῖς
874 1767 1215 1836 κατευνάσας,

153 1859 235 1927 Τὴν
260 1855 590 1922 δυσκάθεκτον
624 1855 805 1932 ἀχλὺν
836 1856 887 1927 ἐξ
920 1856 1208 1929 ἁμαρτίας,

153 1945 296 2015 Ὀλην
323 1945 495 2001 πλύνει
528 1944 584 2001 δὲ
611 1950 682 2019 τῇ
718 1944 896 2020 δρόσῳ
924 1949 1021 1999 τοῦ
1054 1944 1387 2016 Πνεύματος.

211 2036 267 2089 Σὲ
294 2038 660 2112 ζωγραφοῦσαν
690 2036 791 2101 τὴν
820 2034 1105 2109 Ἀσσύριον
1138 2032 1343 2112 φλόγα⁹

156 2125 409 2179 Ἑκστῶσαν
431 2121 586 2191 ⁴ίττης
615 2122 691 2184 είς
720 2120 911 2196 δρόσον
944 2117 1316 2195 μετηγμένην,

153 2209 293 2285 Ὗδωρ
320 2212 426 2266 ὅθεν
456 2215 541 2265 νῦν
574 2212 881 2284 ἁμφιὲσσαο
913 2210 1141 2289 φλὲγον,

158 2302 308 2353 Σίντον
332 2300 593 2369 κάκιστον,
624 2300 845 2372 Χριστὲ,
879 2300 1016 2373 πρὸς
1044 2300 1425 2372 κεκευθμὲνον,

156 2389 265 2464 Πρὸς
290 2390 379 2457 τήν
406 2386 618 2453 ὄλισθον
653 2388 1056 2462 ἐκκαλούμενον
1087 2384 1296 2465 τρίϐον.

206 2475 591 2553 Ἀπόρῥαγέντος
621 2482 723 2534 τοῦ
754 2476 1031 2554 Ἰορδάνου
1060 2477 1253 2551 πάλαι,

156 2568 321 2639 Ἰσθμῷ
348 2572 558 2642 περᾶται
590 2566 731 2630 λαὸς
766 2567 1136 2643 Ἰσραηλίτης,

157 2656 210 2709 Σὶ
231 2657 306 2710 τὸν
334 2658 604 2732 κράτιστον
628 2656 979 2734 ἐμφοροῦντα
1000 2658 1101 2726 τὴν
1128 2656 1325 2727 κτίσιν,

157 2744 466 2821 Ἦπειγμὲνως
496 2750 584 2800 νῦν
617 2746 673 2801 ἐν
711 2746 865 2823 ῥοαῖς
899 2744 1230 2823 διαγράφων,

154 2835 265 2907 Πρὸς
285 2837 371 2903 τήν
402 2834 712 2912 ἄῤῥευστον,
734 2834 825 2891 καὶ
848 2835 1108 2908 ἀμείνονα
1134 2830 1347 2910 τρίϐον.

204 2920 353 2996 Ἶδμεν
382 2926 441 2979 τὸ
469 2929 687 2999 πρῶτον
707 2926 807 2994 τήν
834 2922 1185 2997 πανώλεθρον
1219 2923 1432 2996 κλύσιν,

154 3010 351 3086 Οίκτςῶς
379 3034 432 3068 σε
457 3013 674 3068 πάντων
706 3015 843 3089 πρὸς
873 3014 1073 3091 φθορὰν
1107 3012 1473 3089 παρεισάγειν,

151 3100 201 3154 Ὠ
220 3104 535 3178 τρισμὲγιστα
564 3102 930 3180 χρηματίζων
961 3104 1051 3158 καὶ
1084 3105 1222 3174 ξένα,

152 3192 231 3242 Νῦν
257 3187 304 3245 δὲ
328 3190 606 3262 κλύσαντα,
644 3194 859 3267 κριστὲ,
883 3193 981 3261 τὴν
1015 3191 1305 3268 ἁμαρτίαν,

153 3279 210 3331 Δι’
232 3279 482 3345 εὐπάθειαν
513 3284 601 3338 καί
639 3283 853 3358 βροτῶν
887 3282 1179 3356 σωτηρίαν,

204 3366 452 3446 Ἐλευθὲρα
484 3372 576 3445 μὲν
608 3374 643 3442 ἡ
681 3371 853 3433 κτίσις
883 3372 1224 3447 γνωρίζεται.

151 3454 239 3508 l’lol
265 3454 313 3512 δὶ
338 3460 502 3537 φωτὸς
533 3461 585 3515 οἱ
615 3459 746 3535 πρὶν
777 3459 1173 3533 ἐσκοτωμένοι·

154 3544 289 3609 Μόνος
319 3550 537 3618 στενάζει
568 3553 670 3604 τοῦ
703 3550 933 3611 σκότους
954 3548 983 3604 ό
1005 3550 1340 3625 προστάτης.

151 3636 237 3687 Νῦν
262 3635 529 3712 εὐλογείτω
560 3637 835 3700 συντόνως
863 3638 956 3693 τὸν
998 3637 1194 3707 αἴτιον,

153 3721 199 3777 ἸΙ
219 3725 323 3798 πρὶν
346 3725 561 3783 τάλαινα
588 3731 703 3783 τῶν
737 3727 905 3792 ἐθνῶν
933 3726 1271 3805 παγκληρία.

1640 484 1993 543 CABMINA.

1791 610 1844 679 Α
1873 609 2249 684 Verbumque
2282 626 2480 668 meum
2512 611 2731 680 vivens,
2760 616 2814 666 et
2845 612 3022 666 homo
3054 611 3442 684 providentia.

1942 703 2023 756 Ex
2056 703 2286 757 marino
2320 702 2507 757 leonis
2540 703 2825 773 trivesper
2854 703 3072 773 hospes

1868 791 2187 861 Propheta,
2220 792 2543 846 visceribus
2571 792 2989 860 decorticatus,

1867 881 2093 935 Rursus
2121 880 2313 948 exivit,
2346 882 2814 955 regenerationis

1867 968 2128 1024 Salutem
2164 970 2419 1025 dracone
2452 988 2521 1025 ex
2552 971 2927 1026 mortalicida

1866 1058 2151 1114 Omnibus
2183 1070 2645 1131 praemonstrans
2671 1061 3035 1133 temporibus
3066 1062 3126 1116 in
3155 1061 3403 1116 ultimis.

1935 1149 2170 1219 Apertis
2203 1150 2321 1220 poli
2355 1150 2799 1221 perillustribus
2823 1151 3048 1223 januis,

1863 1236 2200 1309 Discipulus
2230 1238 2441 1295 videta
2471 1242 2641 1295 Patre
2673 1241 3029 1305 venientem,

1863 1326 2316 1397 Manentemque
2351 1329 2632 1399 Spiritum
2664 1329 2722 1383 in
2751 1347 3004 1401 perpuro
3039 1329 3248 1397 Verbo,

1863 1415 2210 1471 Venientem
2241 1423 2305 1470 ut
2334 1418 2669 1472 columbam
2705 1418 2990 1473 ineffabili
3026 1419 3222 1485 modo,

1859 1504 2222 1576 Populisque
2255 1507 2515 1561 ostendit
2544 1514 2952 1561 accurrentem
2985 1508 3255 1562 Domino.

1932 1592 2176 1648 Adussit
2206 1594 2429 1650 ﬂuento
2462 1596 2787 1650 draconum
2819 1596 3031 1667 capita,

1859 1683 1913 1736 Is
1947 1683 2046 1753 qui
2076 1683 2332 1739 fornacis
2362 1685 2679 1739 sublimem
2712 1685 3015 1739 ﬂammam

1859 1773 2107 1827 Iuvenes
2136 1773 2425 1827 ferentem
2449 1774 2578 1844 pios
2610 1775 2842 1846 scpivit.

1858 1859 2140 1914 Difficiles
2171 1862 2604 1931 comprehensu
2637 1862 2912 1916 tenebras
2941 1878 3011 1915 ex
3037 1862 3277 1930 peccato

1776 1989 1824 2055 B
1858 1949 2054 2015 Totas,
2088 1948 2356 2019 lavatque
2387 1967 2518 2004 rose
2552 1949 2823 2021 Spiritus.

1926 2040 2001 2093 Te
2034 2038 2388 2109 ﬁgurantem
2420 2039 2721 2109 Assyriam
2753 2038 3055 2093 ﬂammam

1855 2126 2356 2197 Stupefacientem
2390 2128 2548 2182 sistis
2577 2128 2637 2181 in
2669 2143 2864 2181 rorem
2897 2126 3234 2193 deductam,

1854 2219 2084 2285 Aquam
2106 2216 2264 2271 unde
2297 2232 2456 2271 nunc
2490 2215 2733 2271 indutus
2766 2233 2827 2270 es
2857 2222 3153 2283 urentem,

1853 2304 2165 2358 Diabolum
2193 2321 2542 2375 pessnmum,
2576 2305 2824 2367 Christe,
2859 2304 3296 2374 absconditum,

1852 2393 1941 2448 Ad
1971 2393 2261 2449 lubricam
2291 2401 2633 2449 evocantem
2666 2394 2839 2449 viam.

1922 2483 2173 2537 Effracto
2205 2483 2457 2538 Iordane
2484 2484 2650 2552 olim,

1850 2571 2144 2625 Isthmum
2177 2573 2394 2627 transit
2419 2573 2673 2643 populus
2702 2574 2993 2641 Israelita,

1850 2660 1926 2714 Te
1958 2659 2351 2715 fortissimum
2382 2661 2736 2715 inferentem
2769 2668 3126 2729 creaturam,

1851 2748 2225 2803 Festinanter
2254 2765 2416 2803 nunc
2447 2749 2507 2803 in
2539 2750 2797 2804 ﬂuxibus
2829 2750 3197 2817 describens,

1849 2836 1939 2892 Ad
1967 2836 2129 2892 ﬂuxu
2160 2843 2464 2908 expertem
2497 2844 2555 2892 et
2584 2838 2894 2894 meliorem
2925 2840 3097 2894 viam.

1922 2925 2155 2981 Scimus
2185 2926 2444 2997 primum
2477 2927 2878 2998 perniciosum
2910 2927 3199 2981 diluvium

1850 3014 2059 3069 Misere
2091 3020 2146 3068 te
2177 3016 2445 3069 omnium
2477 3016 2551 3070 ad
2591 3016 3055 3071 destructionem
3089 3014 3393 3083 inducere,

1850 3105 1893 3159 Ο
1924 3121 2103 3175 quam
2136 3105 2395 3159 maxima
2426 3105 2649 3161 faciens
2673 3110 2733 3159 et
2759 3102 3170 3159 admirabilia!

1850 3195 2014 3249 Nunc
2045 3199 2242 3248 autem
2274 3195 2647 3261 obruentem,
2682 3195 2934 3257 Christe.
2966 3198 3271 3264 peccatum

1852 3280 1934 3336 Ob
1958 3282 2430 3337 misericordiam
2460 3287 2518 3337 et
2546 3282 2890 3337 mortalium
2922 3283 3197 3338 salutem.

1768 3359 1811 3426 Ο
1922 3371 2130 3425 Libera
2159 3371 2400 3441 quidem
2432 3378 2704 3427 creatura
2734 3369 3127 3442 cognoscitur,

1847 3458 2097 3529 Filiique
2128 3459 2278 3514 lucis
2311 3466 2448 3513 ante
2481 3460 2875 3526 obtenebrati,

1847 3546 2019 3601 Solus
2050 3547 2233 3617 gemit
2263 3548 2647 3603 tenebrarum
2684 3549 3019 3620 praefectus.

1847 3636 2013 3691 Nunc
2043 3635 2363 3691 benedicat
2393 3638 2568 3691 enixe
2602 3644 2927 3705 auctorem,

3412 490 3517 548 830

1848 3724 1987 3789 Quae
2019 3725 2187 3796 prius
2220 3726 2441 3781 misera
2463 3726 2577 3781 fuit
2596 3727 2861 3798 gentium
2884 3726 3079 3783 omnis
3103 3723 3427 3799 generatio.

1332 3906 1360 3960 «Ι
1370 3946 1384 3961 .
1426 3902 1635 3961 BILLII
1676 3903 2260 3962 INTERPRETATIO.

156 4026 307 4104 fanis,
333 4032 572 4104 repellas
600 4032 798 4089 noctis
827 4038 895 4089 ut
920 4033 1236 4101 caliginem

154 4098 705 4178 Ietram,_meumque
738 4105 938 4178 deleas
968 4098 1213 4176 prorsus
1243 4120 1430 4178 genus
1455 4119 1468 4171 ;

155 4168 494 4250 Illiqnedono
524 4168 760 4250 mystici
794 4168 1169 4248 baptismatis

153 4240 278 4297 Pialn
299 4262 357 4300 ex
386 4240 615 4304 ﬂuentis
652 4249 814 4304 ﬁlius
843 4240 1193 4304 Jordanicis.

202 4313 349 4393 lianc
363 4321 1052 4393 conspicatusinclytum
1084 4336 1277 4393 praeco
1308 4318 1485 4392 Λόγον

148 4380 261 4463 έίιὶε
290 4388 352 4442 ad
377 4380 573 4448 omn-es
604 4392 850 4447 vocibus
880 4380 1136 4447 clamat:
1170 4392 1336 4446 Prior

151 4453 228 4528 [lic
251 4474 329 4513 me
348 4468 463 4517 est:
497 4464 569 4519 ad
600 4464 763 4518 idem
794 4480 970 4519 carne
1008 4480 1103 4519 me
1135 4463 1453 4528 recentior,

153 4524 352 4611 Eurique
378 4532 559 4591 forma
584 4535 777 4611 fulsit,
805 4543 871 4590 ut
902 4542 1174 4611 nostrum
1204 4535 1397 4591 scelus

152 4595 336 4678 Quidvis
364 4611 590 4678 potente
618 4595 820 4661 deleat
843 4607 1127 4678 potentia.

177 4670 448 4759 γΪηῗίΙθ-δέἀ
480 4679 679 4749 ipsum
711 4670 995 4759 Pflscuum
1026 4696 1137 4759 _nos
1165 4679 1440 4743 efferens,

156 4736 377 4821 liquatur.
403 4736 556 4819 ipsos
586 4736 873 4821 anguium
909 4751 1151 4805 subiens
1183 4765 1417 4819 specus.

155 4812 349 4893 hillena
376 4812 643 4876 sternens
669 4812 907 4893 agmina
940 4822 1040 4875 Dei
1074 4812 1254 4876 Filiu's
1279 4836 1292 4873 :

156 4879 331 4962 Qnique
357 4897 485 4945 ante
512 4879 776 4962 plantam
810 4892 1158 4947 vulnerabat
1184 4892 1476 4957 omnium,

158 4949 285 5030 Hu_n'c
311 4959 421 5029 ipse
450 4949 757 5030 claudens,
783 4963 995 5018 liberat
1024 4980 1173 5030 quos
1204 4949 1491 5029 condidit,

205 5025 363 5115 Hostis
388 5032 688 5115 nigrantis,
722 5025 899 5115 atque
930 5025 1350 5115 sordidissimi,

156 5091 399 5180 ξξᾶῐηὶξηιδ
423 5091 577 5180 virus
607 5091 835 5180 depulit
860 5124 872 5160 :
907 5123 1133 5180 nosque
1165 5106 1227 5159 in
1256 5091 1407 5159 viam

156 5163 335 5249 Erroris
363 5177 547 5249 omnis
574 5163 834 5232 nesciam
878 5163 1274 5249 pervenimus,

154 5235 358 5319 Qufque
386 5246 454 5300 ad
484 5264 742 5319 perenne
772 5235 1052 5315 gau‘dium
1086 5235 1272 5317 ducit,
1300 5247 1458 5318 quod
1488 5247 1581 5305 his

156 5304 291 5392 Solis:
316 5304 563 5392 pepercit
591 5304 1042 5390 queis'Tonans,
1078 5328 1167 5376 est
1196 5304 1483 5392 pervium.

205 5380 429 5460 Cernetis
460 5390 516 5445 in
548 5380 675 5446 atia
703 5380 1306 5461 criminumicalig'ine

154 5446 375 5539 illm!“
402 5463 627 5539 .catenis
657 5446 1141 5539 Οοηᾷὲιεξίᾱὶιέὰι
1162 5446 1445 5539 Βοιωτοί,

154 5517 371 5606 Farne-ris
401 5531 453 5585 in
484 5533 667 5588 altum
700 5517 856 5589 tollit
894 5517 1229 5601 hunc—suis,
1263 5517 1417 5606 aqua

151 5589 300 5678 LP§ill§
326 5617 544 5678 omnem
576 5606 889 5661 criminum
918 5608 1109 5661 labem
1144 5589 1372 5671 eluens,

152 5660 290 5749 Primi
317 5676 557 5741 parentis
587 5692 737 5731 noxa
768 5660 1370 5749 quamicontrax’erat:

200 5734 509 5822 «iatn-mente
540 5755 756 5822 sancta,
786 5734 1156 5822 concitisque
1188 5748 1487 5822 gressibus

151 5800 345 5866 Fontem
372 5800 1388 5893 pauidasid‘éiﬁéiiiﬁ’ﬁa‘ﬁtis‘i’héiis,

1847 4029 2101 4085 Verbum
2135 4031 2459 4099 intuentes,
2492 4030 2651 4103 quod
2682 4031 2923 4103 quidem
2953 4036 3172 4087 sanctaa
3195 4032 3292 4087 siti

1848 4104 2135 4176 Haustum
2171 4104 2431 4176 levandas
2464 4105 2729 4175 porrigit.
2765 4104 3038 4160 morbum
3070 4120 3325 4176 gravem,

1847 4174 2127 4247 Mundum
2159 4175 2487 4246 occupabat
2516 4177 2617 4245 qui
2638 4174 2835 4245 prius.
2868 4176 3040 4247 longe
3071 4174 3302 4245 fugans.

1918 4246 2327 4302 Desideratum
2358 4263 2495 4302 voce
2526 4263 2660 4302 cum
2692 4246 3023 4301 clarissima

1847 4318 2022 4373 Pater
2052 4318 2354 4381 indicavit,
2390 4324 2589 4373 ventre
2622 4334 2799 4388 quem
2824 4320 3171 4372 ructaverat.

1848 4388 1973 4462 Hic,
2006 4390 2225 4461 inquit.
2251 4397 2341 4447 est
2366 4407 2475 4462 par
2496 4390 2597 4460 qui
2631 4387 2777 4462 mihi
2806 4387 3157 4454 substantia,

1847 4459 2227 4516 Illuminator
2256 4459 2481 4516 exstitit
2506 4459 2868 4525 mortalium,

1852 4533 2223 4613 Verbumque
2254 4534 2573 4613 vivensnest
2602 4547 2823 4613 meum.
2844 4530 3067 4613 dehinc
3097 4528 3296 4583 homo.

1918 4604 2039 4657 Ceti
2069 4602 2279 4658 fuisset
2307 4604 2581 4659 noctibus
2612 4604 2743 4673 pius
2786 4602 2991 4655 tribus.

1772 4671 1818 4735 D
1851 4675 1995 4729 Cum
2028 4676 2265 4730 clausus
2296 4676 2439 4730 olim
2471 4671 2630 4729 vates
2660 4675 2720 4727 in
2744 4672 3109 4743 prmcordiis,

1852 4747 2081 4801 Redivit
2109 4748 2275 4801 illinc
2301 4764 2313 4801 :
2348 4747 2575 4802 scilicet
2603 4746 2726 4800 fore
2759 4745 3051 4809 indicans,

1852 4820 2081 4873 Satanan
2114 4826 2195 4884 ut,
2230 4836 2335 4889 per
2365 4818 2553 4873 undas
2584 4817 2885 4886 mysticas,
2920 4833 2989 4871 ex
3018 4812 3289 4871 faucibus

1850 4888 2305 4971 Emergeremus
2334 4890 2566 4971 saeculis
2596 4888 2956 4971 novissimis.

1922 4959 2061 5016 Caeli
2095 4961 2341 5016 reclusis
2365 4962 2567 5031 januis
2597 4959 2983 5031 prsefulgidis,
3159 5022 3168 5029 Ι

1850 5034 1896 5086 Α
1930 5035 2099 5087 Patre
2130 5030 2379 5087 missum
2412 5031 2689 5103 Spiritum
2720 5036 2877 5085 vates
2908 5030 3082 5103 videt.

1854 5107 2037 5173 Atque
2069 5103 2434 5159 incidentem
2454 5098 2741 5157 sordibus
2772 5119 2946 5173 porro
2982 5098 3179 5173 Λόγον,

1846 5172 2041 5230 Instar
2071 5175 2359 5229 columbas
2386 5175 2575 5229 cernit
2602 5172 3311 5245 hunc,inquam,aethere

1761 5308 1769 5317 ,
1848 5248 2191 5302 Venientem
2224 5247 2295 5301 ab
2329 5246 2468 5311 alto,
2493 5251 2785 5299 monstrat
2809 5251 2867 5317 et
2892 5244 3311 5317 'praasentibus.

1920 5321 2248 5374 Draconum
2280 5318 2510 5373 adussit
2535 5317 2800 5389 mysticis
2832 5316 3093 5389 lymphis
3122 5321 3320 5387 caput,

1844 5391 2167 5471 Flammam
2200 5390 2415 5471 camini
2450 5389 2551 5459 qui
2580 5395 2809 5471 potens,
2838 5389 3174 5471 antiquitus

1840 5464 2091 5518 Iuvenes
2125 5463 2350 5517 ferebat
2379 5478 2509 5531 quas
2542 5461 2689 5531 pios.
2727 5461 3092 5516 exstinxerat
3120 5478 3133 5515 :

1840 5535 2252 5604 Tenebrasque
2284 5530 2517 5592 densas.
2548 5530 2706 5586 noxa
2739 5549 2885 5602 quas
2918 5534 3088 5588 nobis
3123 5530 3274 5599 tulit,

1840 5608 2003 5661 Nunc
2035 5622 2165 5660 rore
2198 5604 2368 5675 pellit
2393 5604 2644 5674 Spiritus
2677 5606 3058 5660 sanctissimi.

1910 5676 2289 5749 Assyriorum
2325 5676 2641 5749 reddidisti,
2668 5678 2964 5733 roscidam

1836 5747 2184 5820 Flammam,
2218 5748 2475 5820 gerebat,
2511 5748 2762 5813 Christe,
2798 5767 2927 5820 quae
2961 5755 3162 5819 typum
3196 5747 3301 5801 tui.

1838 5822 2004 5879 Unde
2037 5819 2285 5876 induisti
2318 5836 2477 5875 nune
2505 5819 2829 5877 adurentes
2856 5838 3039 5892 aquas
