3952 6202
421 450 524 508 831
1700 449 1757 501 s.
1796 442 2103 500 JOANNIB
2138 422 2560 497 nauseam
3677 445 3767 503 332

494 580 633 634 Tres
662 576 860 631 divina
886 575 1081 647 specie
1113 575 1482 645 ignescentes
1514 573 1722 641 rorati,

2105 574 2158 637 Α
2259 564 2483 639 Τριττοὶ
2518 563 2755 629 θιουδεῖς
2789 564 3051 641 ἱμπύρως
3080 563 3460 640 δροσούμενοι,

426 667 811 739 Splendidum
847 664 1034 719 tribus
1068 664 1411 718 illuminose
1441 662 1645 734 gloriis

2183 653 2471 729 Δὶγλῆντα
2497 661 2742 729 τριτταῖς
2772 659 3046 731 παμφαῶς
3080 655 3368 731 άγιστίαις,

428 762 643 831 Aperte
678 756 1062 811 manifestant
1092 755 1445 809 altissimam
1478 760 1776 814 naturam,

1762 794 1776 814 ,
2186 750 2385 822 Σαφῶς
2417 742 2649 814 ἐδήλουν
2679 746 2778 813 τήν
2810 745 3105 819 ὑπέρτατον
3140 746 3319 822 φύσιν,

428 848 760 903 Mistionem
793 846 1027 901 mortali
1072 845 1190 916 igni
1224 850 1546 898 vertentem
1580 842 1826 912 ingrore,

1800 864 1826 906 ε,
2187 834 2341 906 Μίξει
2378 834 2618 909 βροτείᾳ,
2653 833 3041 909 πυρπολοῦσαν
3077 834 3127 889 ἐν
3162 832 3361 909 δρόσῳ,

430 936 780 1008 Optabiliter
809 950 985 989 omne
1016 934 1417 1004 perniciosum
1450 937 1733 986 erratum.

2186 922 2408 985 Εὐκτῶς
2438 923 2644 977 ἃπασαν
2674 926 2773 992 τὴν
2807 922 3060 999 ἆλὲθριον
3094 925 3326 995 πΛάνην.

502 1026 649 1080 Albo
683 1024 963 1078 induatur
993 1023 1188 1076 omnis
1222 1021 1518 1075 terrestris
1558 1026 1791 1087 natura,

1743 1036 1791 1087 ἢ,
2259 1012 2702 1087 Λευχιιμονείτω
2732 1012 2877 1067 πάσα
2906 1016 3101 1087 γήϊνος
3125 1014 3304 1089 φύσις,

427 1119 511 1172 Ex
542 1132 682 1170 casu
714 1131 872 1169 nunc
905 1129 1083 1183 supra
1114 1112 1291 1167 ccelos
1323 1111 1515 1165 elata:

2188 1102 2283 1158 Ἐκ
2311 1104 2571 1164 πτώσεως
2603 1107 2693 1157 νῦν
2720 1102 2963 1177 οὐρανῶν
2998 1104 3299 1174 ἐπηρμένη.

425 1207 470 1261 Α
498 1221 612 1275 quo
648 1204 806 1257 enim
838 1202 1040 1256 omnia
1070 1207 1299 1255 servata
1329 1205 1469 1254 sunt
1501 1198 1711 1263 Verbo,

2186 1195 2253 1268 ’ῼ
2282 1190 2384 1265 γὰρ
2415 1193 2482 1245 τὰ
2502 1190 2677 1247 πάντα
2708 1194 3102 1267 συντετγςρηται
3137 1194 3320 1267 Λόγῳ,

426 1292 773 1349 Fluentibus
805 1291 1047 1345 liuentis
1080 1290 1281 1343 abluta
1311 1287 1589 1359 peccatis,

2188 1282 2393 1337 Νάουσι
2428 1280 2661 1356 ῥείθροις
2693 1280 3023 1345 ἐκπλυθεῖσα
3052 1282 3430 1354 πταισμάτων,

428 1382 566 1447 Qua)
599 1387 734 1436 ante
765 1380 913 1451 fugit
944 1377 1364 1450 persplendide
1398 1376 1541 1431 lota.

2187 1373 2305 1426 Τῶν
2334 1370 2458 1444 πρὶν
2492 1369 2724 1446 πέφευγε
2753 1375 3026 1447 παμφαῶς
3060 1369 3398 1443 λελουμένη.

504 1472 545 1525 Ο
579 1475 818 1541 propter
848 1469 1131 1522 immania
1163 1474 1365 1538 partus
1399 1465 1480 1519 tui
1514 1461 1819 1533 miracula,

2259 1459 2325 1513 Ὠ
2352 1464 2458 1513 τῶν
2495 1459 2627 1534 ὑπὲρ
2659 1463 2784 1513 νοῦν
2814 1464 2911 1514 τοῦ
2940 1459 3104 1514 τόκου
3138 1481 3233 1514 σου
3263 1461 3572 1533 θαυμάτων,

430 1561 659 1630 Sponsa
690 1574 965 1629 perpura,
1000 1559 1180 1611 Mater
1212 1554 1547 1623 benedicta,

2188 1545 2387 1619 Νὐμφη
2422 1550 2683 1623 πάναγνε,
2718 1550 2899 1619 Μῆτερ
2934 1548 3305 1622 εὐλογημένη,

432 1647 515 1703 Ob
538 1664 715 1717 quam
748 1646 1001 1700 assecuti
1036 1644 1354 1715 perfectam
1388 1642 1660 1707 salutem,

2188 1637 2266 1691 Δι’
2295 1639 2360 1705 ἧς
2388 1637 2650 1711 τυχόντες
2681 1635 2982 1701 παντελοῦς
3009 1638 3309 1712 σωτηρίας,

429 1737 682 1808 Dignum
715 1735 1053 1805 plaudimus
1080 1740 1143 1787 ut
1174 1732 1636 1792 benefactorem.

2190 1722 2439 1796 Ἐπᾶξιον
2470 1730 2772 1800 κροτοῦμεν
2807 1726 2879 1787 ὡς
2905 1726 3218 1802 εὐεργέτην,

429 1831 664 1881 Donum
695 1824 954 1879 ferentes
981 1824 1268 1893 hymnum
1299 1822 1622 1893 gratiarum
1655 1819 1923 1874 actionis.

1713 1819 1923 1873 :tionis.
2190 1820 2373 1890 Δῶρον
2408 1817 2659 1891 φέροντες
2692 1816 2862 1889 ὕμνον
2897 1817 3274 1890 εὐχαριστίας.

504 1914 732 1969 Scimus
765 1931 893 1983 quae
928 1912 1107 1983 Moysi
1140 1912 1201 1965 in
1235 1911 1383 1966 rubo
1417 1915 1655 1964 ostensa
1687 1914 1845 1978 sunt,

2117 1947 2163 2012 Β
2263 1902 2444 1976 Ἴδμεν
2476 1905 2541 1958 τὰ
2573 1906 2766 1961 Μωσεῖ
2794 1908 2863 1977 τῇ
2900 1906 3049 1978 βάτῳ
3074 1903 3421 1981 δεδειγμένα,

436 2004 541 2058 Hic
569 2003 738 2057 miris
764 2002 989 2074 legibus
1020 2000 1300 2071 perfecta.

2118 1993 2163 2012 ”
2197 1997 2363 2065 Δεῦρο
2395 1993 2566 2063 ξένοις
2598 1996 2877 2065 Θεσμοῖσιν
2908 1993 3310 2070 ἐξειργασμένα,

436 2092 529 2146 Sic
561 2093 721 2146 enim
748 2092 969 2146 salvata
1000 2095 1089 2143 est
1120 2089 1370 2159 ignifera
1404 2088 1593 2158 Virgo,

2193 2087 2276 2143 ’Θς
2311 2082 2415 2157 γὰρ
2448 2082 2685 2136 σέσωστο
2713 2086 3066 2159 πυρφοροῦσα
3089 2080 3382 2156 Παρθένος,

436 2181 787 2236 Radiantem
819 2180 991 2233 enixa
1018 2177 1480 2241 benefactorem,

2198 2171 2544 2247 Σελασφόρον
2576 2174 2804 2225 τεκοῦσα
2834 2170 2927 2225 τὸν
2959 2170 3265 2247 εὐεργέτηνς

431 2268 825 2338 Jordanisque
860 2268 1084 2322 ﬂuenta
1114 2267 1462 2337 signiﬁcata.

2197 2259 2473 2332 Ἰορδάνου
2502 2281 2559 2315 τε
2592 2260 2778 2335 ῥεῖθρα
2808 2258 3293 2337 προσδεδειγμένα.

511 2356 690 2427 Ungis
722 2356 1037 2425 perﬁciens
1068 2353 1382 2409 mortalem
1417 2353 1834 2419 substantiam,

1799 2370 1834 2419 ι,
2266 2350 2447 2420 Χρίεις
2476 2350 2701 2405 τελειῶν
2734 2352 2834 2419 τήν
2872 2351 3119 2425 βρότειον
3152 2350 3360 2421 οὐσίαν,

440 2446 563 2501 Rex
593 2443 721 2498 sine
752 2443 1068 2513 principio,
1102 2442 1350 2513 Spiritus
1382 2442 1802 2496 communione

1717 2459 1802 2496 tne
2196 2439 2362 2509 ’Άναξ
2393 2436 2616 2513 ἅναρχε,
2653 2438 2969 2510 Πνεύματος
3002 2439 3278 2511 κοινωνίᾳ,

442 2530 841 2601 Fluxibusque
874 2529 1272 2584 immaculatis
1303 2546 1657 2601 expurgans,
1691 2534 1749 2583 et
1802 2528 2003 2584 tenebr

1873 2528 2084 2598 aebris,
2194 2527 2374 2589 Ῥοαῖς
2403 2527 2699 2601 ἀχράντοις
2729 2524 3050 2599 ἐκκαθάρας,
3083 2529 3169 2581 καὶ
3207 2527 3434 2591 σκότους

440 2622 521 2675 Ac
548 2619 729 2675 robur
756 2618 1131 2689 vilipendens
1163 2618 1406 2685 elatum,

2195 2616 2377 2691 ’ἰσχὺν
2412 2611 2781 2689 θριαμϐεύσας
2808 2636 2867 2669 τε
2885 2616 2985 2683 τὴν
3006 2614 3344 2690 ἐπηρμένην,

441 2712 605 2766 Nunc
636 2709 710 2765 ad
740 2708 1183 2763 indesinentem
1216 2707 1497 2762 retribuis
1527 2707 1725 2761 vitam.

1670 2723 1725 2761 n.
2198 2708 2304 2758 Νῦν
2339 2704 2415 2766 εἷς
2448 2702 2686 2774 ἄληκτον
2717 2699 3055 2777 ἐξαμείὸαιαι
3091 2705 3231 2779 βίον.

687 2844 1006 2899 EIUSDEM
1030 2844 1107 2897 IN
1142 2843 1647 2897 PENTECOSTEN
1682 2841 1834 2912 (83):

2376 2840 2510 2895 ΤΟΥ
2541 2838 2764 2894 ΑΥΤΟΥ
2796 2839 2908 2893 ΕΙΣ
2939 2839 3081 2893 ΤΗΝ
3122 2840 3660 2907 ΠΒΝΤΗΚΟΣΤΗΝ,

831 2950 1001 3019 Cujus
1035 2951 1381 3022 pvincipium
1420 2964 1691 3003 versuum.

1681 2990 1691 3001 .
2793 2942 2869 3001 Οὗ
2900 2942 3242 3020 ἀκροστιχις.

440 3068 483 3123 Ο
515 3066 843 3139 Deigenum
876 3064 1152 3129 Verbum,
1186 3064 1468 3136 Spiritum
1500 3062 1848 3119 advocatum
1879 3080 2001 3119 rure

2196 3061 2465 3135 Θειογενὶς
2499 3058 2659 3135 Λόγε,
2695 3063 2915 3132 Πνεῦμα
2944 3059 3298 3135 παράκλητον
3328 3060 3493 3117 πάλιν
3524 3061 3702 3130 ἄλλον,

1756 3152 1961 3224 [alium

510 3246 593 3299 Ex
622 3243 905 3316 genitoris
938 3242 1167 3297 sinibus
1200 3244 1411 3298 misisti
1444 3243 1823 3298 terrestribus

2266 3240 2363 3293 Ἐκ
2392 3239 2612 3313 γενέτου
2642 3237 2865 3293 κόλπων
2898 3240 3035 3308 ἧκας
3070 3239 3428 3315 ἐπιχθονίοις.

435 3335 503 3390 In
536 3335 721 3406 igneae
754 3330 968 3404 linguae
998 3332 1192 3403 specie
1223 3333 1513 3387 ferentem
1546 3333 1787 3387 Deitatis
1817 3336 1996 3387 mater

1967 3332 2084 3386 πίω
2115 3327 2159 3395 C
2197 3329 2299 3387 Οἷα
2328 3329 2499 3402 πυρὸς
2532 3326 2817 3402 γλώσσῃσι
2847 3327 3007 3405 φέρον
3042 3329 3300 3399 Θεότητος
3334 3327 3528 3401 ἀΰλου,

1716 3421 1997 3493 [expertis

504 3514 746 3585 Signum
775 3516 890 3566 tua:
910 3512 1332 3583 generationis,
1359 3518 1417 3567 et
1436 3512 1687 3583 gratiam
1720 3510 2059 3567 cantoribus

1966 3528 2080 3566 Jus.
2270 3513 2435 3579 Σῆμα
2462 3513 2565 3576 τῆς
2594 3503 2829 3583 φύτλης,
2851 3504 2938 3560 καὶ
2970 3526 3131 3581 χαριν
3167 3507 3527 3582 ὑμνοπόΛοις.

1685 3686 1733 3740 J.
1770 3684 1979 3739 BILLII
2018 3682 2598 3738 INTERPRETATIO.

434 3819 993 3893 Adversushostem
1024 3819 1316 3893 dimicans
1345 3822 1786 3891 absconditum,
2196 3822 2261 3876 Vi
2293 3838 2551 3893 namque
2584 3822 2779 3888 Verbi,
2809 3821 2966 3893 quod
2998 3827 3199 3878 tuetur
3224 3823 3449 3890 omnia,

436 3893 556 3947 lter
585 3891 981 3965 attrahentem
1015 3891 1220 3965 fraude
1252 3910 1359 3947 nos
1390 3895 1462 3948 ad
1496 3894 1809 3951 lubricum.
2194 3895 2378 3949 Puras
2408 3891 2511 3964 per
2541 3894 2733 3948 undas
2761 3891 2993 3965 mystici
3027 3894 3403 3965 baptismatis

507 3961 779 4018 Iordanis
811 3962 953 4039 olim
986 3963 1217 4039 coalitus
1248 3966 1437 4039 ruptis
1458 3967 1661 4039 aquis,
2192 3961 2421 4039 Turpes
2446 3965 2707 4035 priorum
2742 3961 3058 4039 criminum
3085 3961 3369 4039 abstergit
3400 3971 3593 4021 notas.

434 4034 629 4108 Illaasa
662 4033 1075 4108 transit_(mira
1107 4046 1220 4093 res)
1254 4033 1421 4106 plebs
1453 4033 1655 4102 lsrael,
2266 4033 2512 4108 Captum
2544 4038 3091 4093 antecellitmentis
3124 4033 3400 4092 humanae
3434 4045 3595 4106 tuus,

436 4108 541 4180 Tui
574 4107 821 4178 ﬁguram
854 4106 1201 4180 sic_gerens,
1233 4108 1347 4180 cito
1381 4108 1535 4180 pede
1706 4178 1712 4180 Α
2194 4108 2237 4163 Ο
2270 4106 2461 4180 Virgo,
2498 4115 2724 4179 partus.
2758 4116 2815 4163 et
2845 4126 3059 4179 parens
3091 4110 3503 4165 sanctissima:

436 4179 545 4244 Qui
578 4177 687 4233 nes
717 4194 822 4249 per
851 4177 1040 4232 undas
1073 4177 1347 4234 lustricas
1378 4177 1751 4250 baptismatis
2194 4180 2306 4233 Per
2336 4177 2513 4249 quam
2547 4181 2799 4235 salutem
2828 4177 3127 4235 consecuti
3160 4181 3418 4246 C(Blitus,

436 4252 623 4306 Fluxu
656 4256 917 4323 canente
936 4250 1194 4323 collocas
1225 4250 1285 4304 in
1318 4251 1548 4305 semita.
1713 4322 1718 4323 γ
2193 4251 2269 4304 Te
2302 4250 2474 4306 laude
2506 4269 2740 4307 summa
2770 4252 3036 4307 tollimus
3058 4254 3193 4322 jure
3224 4253 3474 4323 optimo,

509 4324 585 4377 Te
616 4322 835 4376 scimus
867 4322 1030 4387 olim,
1065 4322 1291 4375 Christe
1324 4339 1445 4387 rex,
1480 4328 1539 4377 et
1568 4322 1825 4376 maxima
2120 4386 2133 4387 ί
2194 4324 2404 4377 Munus
2434 4323 2695 4378 ferentes
2728 4324 2921 4379 laudis
2953 4322 3445 4379 Eucharisticam.

435 4396 737 4467 Planeque
768 4393 919 4447 mira
948 4386 1319 4467 perpetrans,
1354 4386 1597 4467 cunctos
1628 4395 1799 4467 aquis
2115 4386 2162 4451 D
2212 4466 2219 4467 ί
2268 4395 2565 4467 Hicmore
2594 4396 2747 4450 facta
2777 4402 2917 4450 sunt
2946 4412 3117 4461 novo,
3151 4412 3283 4467 quas
3318 4396 3615 4450 maximus

435 4466 647 4522 Orbem
682 4482 786 4535 per
810 4482 1047 4520 omnem
1080 4465 1410 4536 perdidisse
1442 4465 1757 4520 ultricibus
1784 4482 1796 4518 :
2194 4465 2500 4530 Quondam
2533 4466 2809 4521 indicavit
2840 4468 2899 4521 in
2932 4467 3077 4522 rubo
3111 4465 3248 4521 Mosi
3273 4469 3449 4521 Deus.

437 4539 653 4610 Contra
683 4536 950 4610 obruisse
981 4554 1140 4610 nunc
1172 4538 1341 4602 aquis
1369 4545 1635 4591 nostrum
1668 4537 1883 4604 scelus,
2194 4537 2285 4591 Sic
2316 4554 2573 4607 namque
2609 4539 2776 4610 Virgo
2809 4539 2891 4593 nil
2928 4539 3067 4593 mali
3100 4540 3307 4604 sensit,
3343 4539 3543 4593 ferens

438 4609 630 4665 Nostri
657 4609 935 4681 misertus
963 4608 1103 4663 dum
1137 4610 1312 4663 saluti
1346 4610 1654 4680 prospicis.
2193 4610 2416 4681 Ignem,
2449 4608 2767 4664 micantem
2799 4610 3012 4664 Filium
3045 4627 3179 4664 cum
3210 4612 3479 4681 protulit.

507 4682 633 4736 Jam
664 4680 816 4734 liber
846 4681 1041 4734 omnis
1073 4687 1161 4734 est
1190 4681 1405 4735 chorus
1438 4681 1801 4747 mortalium,
2192 4680 2414 4751 Typum
2446 4681 2687 4752 gerebat
2716 4688 2772 4735 et
2804 4682 2986 4736 rubus
3016 4680 3410 4752 baptismatis.

438 4754 685 4823 Natique
719 4752 899 4824 lucis,
922 4758 1057 4805 ante
1092 4753 1192 4822 qui
1226 4769 1468 4822 prorsus
1502 4753 1675 4824 nigri.
2265 4754 2496 4807 .Eterne
2529 4753 2824 4824 princeps.
2848 4759 2972 4807 tum
3006 4754 3255 4807 chorum
3282 4752 3626 4809 mortalium

438 4822 722 4896 Princeps
749 4822 1022 4897 gemiscit
1052 4824 1263 4897 unicus
1298 4822 1589 4897 caliginis:
1680 4894 1689 4897 _
2194 4825 2486 4897 Peragens
2510 4822 2753 4897 j’ungis;
2771 4825 3020 4896 Spiritus
3052 4826 3433 4897 commercio,

435 4894 695 4967 Hujusce
728 4894 976 4950 summis
1009 4895 1187 4967 igitur
1218 4902 1518 4950 auctorem
1552 4894 1715 4967 boni,
2193 4894 2366 4950 Puris
2386 4894 2944 4952 ﬂuentis'abluéns:
2982 4912 3047 4951 ac
3072 4896 3143 4951 de
3176 4896 3325 4952 duce

433 4966 661 5049 Misera:
694 4974 830 5049 ante
864 4966 1069 5049 gentes
1102 4966 1375 5049 Laudibus
1406 4983 1565 5049 nunc
1599 4966 1868 5049 egebant.
1920 5043 1929 5049 _
2194 4968 2356 5049 Χίοιο
2388 4968 2722 5049 trimphans
2748 4968 3003 5049 horridas
3024 4968 3316 5040 caliginis,

508 5041 665 5105 Tres,
700 5040 850 5120 roris
874 5038 1338 5120 instarﬁamma
1364 5039 1533 5120 queis
1566 5038 1781 5093 ardens
1811 5043 1958 5104 erat,
2193 5039 2356 5093 Nunc
2386 5056 2495 5094 nos
2522 5039 2593 5094 ad
2626 5056 2814 5094 aevum
2846 5040 3012 5094 ducis
3045 5038 3255 5111 expers
3296 5040 3560 5094 termini.

439 5108 550 5182 Per
581 5111 924 5165 sanctitates
956 5111 1219 5182 triplices
1252 5108 1581 5165 clarissime
2203 5157 2447 5182 mum,”
2503 5156 2564 5182 Α,
2631 5161 2939 5182 "mh"-.-
2996 5108 3167 5182 _,___;:
3221 5159 3556 5182 ,ψη-ΜΛ,

440 5178 740 5234 Summam
768 5156 1109 5237 indicaba'nt
1140 5183 1405 5236 numinis
1440 5181 1852 5248 substantiam,

2247 5157 2451 5240 fusdem
2498 5156 2601 5248 de“
2624 5161 2967 5248 Pentecoste)
2996 5158 3167 5248 ἰσωρί
3197 5159 3576 5248 ‘pe‘ntasticllz‘i,
3613 5169 3808 5248 quartam

440 5227 1852 5324 98285;.i‘ét5‘55é3‘i“ﬁ'ésiiiéiig‘iéii815?""‘""’
2256 5230 2454 5324 me
2513 5227 2709 5282 ιίιεετεε
2766 5228 2877 5283 haec
2930 5228 3037 5282 duo
3091 5228 3344 5296 ἀνετίοιια
3392 5232 3451 5283 ίη
3503 5232 3684 5287 Graeco
3711 5228 3810 5294 em-

438 5317 504 5372 Ῑῐι
526 5306 665 5401 ,τέω
690 5338 843 5401 Ρη,νο
872 5306 1211 5401 φοιιοιέρὶὲιὲιι
1226 5306 1481 5396 arma;
1496 5306 1725 5380 scelus.
2266 5306 2434 5355 ciunt.

510 5389 655 5444 Alba
688 5389 967 5464 induatur
998 5404 1154 5449 veste
1188 5389 1345 5451 nunc
1381 5398 1723 5451 mortalium
2192 5398 2444 5463 Christe,
2478 5398 2817 5453 Paracletus
2848 5414 3006 5453 nunc
3038 5398 3211 5453 nobis
3245 5400 3506 5454 mittitur
3534 5400 3691 5464 alter,

440 5459 681 5529 Natura,
718 5462 884 5532 lapsu
906 5467 1033 5535 jam
1066 5468 1316 5523 excitata
1347 5469 1662 5541 Olympico.
2264 5472 2306 5524 E
2335 5459 2559 5543 gremio
2590 5470 2837 5525 veniens
2869 5470 3059 5525 Patris
3090 5470 3163 5525 ab
3196 5487 3331 5526 arce
3366 5472 3515 5542 poli.

486 5689 623 5820 .(83)
654 5689 896 5820 ἰῐῖίὲειῐιῐιὶει
926 5692 1113 5745 nostri
1146 5693 1491 5749 Damasceni
1525 5713 1645 5751 non
1678 5712 1807 5751 esse
1851 5696 2093 5768 quidam
2136 5702 2382 5769 putant:
2436 5714 2545 5753 nec
2594 5697 2833 5770 injuria.
2872 5696 3013 5754 Vide
3057 5696 3343 5769 Allatium
3370 5699 3434 5755 in
3466 5698 3803 5770 Prolegome-

486 5784 533 5820 IS
611 5807 623 5820 .
732 5804 745 5817 .

440 5781 533 5822 ms
566 5782 623 5821 ll.
658 5781 745 5820 Ἰν.
