4000 6202
161 465 255 522 883

229 589 355 661 Θείῳ
383 587 666 667 καλυφθείς
701 590 728 644 ὁ
765 588 1190 667 βραδύγλωσσος
1219 591 1428 670 γνόφῳ,

170 678 530 755 Ἐῤῥητόρευσε
556 678 649 732 τὸν
683 679 984 757 θεόγραφον
1016 682 1210 754 νόμον.

170 767 293 825 Ἰλὺν
320 767 417 841 γὰρ
446 765 719 837 ὲκτινάξας
754 763 1004 841 ὄμματος
1033 770 1181 839 νόου,

171 861 285 933 Ὀρᾷ
309 859 394 912 τὸν
426 856 572 926 ὄντα,
602 859 692 911 καὶ
730 865 943 930 μυεῖται
971 860 1281 933 Πνεύματος

168 952 346 1009 Γνῶσις
374 946 635 1022 γεραίρων
668 946 873 1011 ἐνθέοις
902 955 1021 1011 τοῖς
1052 947 1304 1023 ᾅσμασιν.

228 1038 354 1113 Ἔφη
385 1036 447 1089 τὸ
476 1036 668 1089 σεπτὸν
708 1038 801 1091 καὶ
833 1032 1130 1111 σεϐάσμιον
1164 1038 1361 1111 στόμα,

165 1125 454 1202 Νοσφισμὸς
487 1125 615 1197 ὑμῖν
648 1124 710 1179 οὐ
740 1128 1047 1201 γενήσεται,
1077 1128 1252 1204 φίλοι.

228 1215 353 1287 Ἐγὼ
383 1212 482 1287 γάρ
515 1213 591 1275 εἷς
622 1218 876 1288 πατρῷον
908 1214 1133 1288 ὕψιστον
1168 1216 1359 1291 θρόνον

169 1300 533 1375 Συνεδριάζων,
564 1300 745 1377 ἔκχεῶ
772 1309 869 1357 τοῦ
906 1304 1217 1377 Πνεύματος

169 1393 367 1463 Λάμψαι
395 1394 624 1453 ποθοῦσι
649 1392 750 1459 τήν
780 1393 943 1465 χάριν
974 1394 1075 1460 τήν
1105 1389 1358 1471 ἄφθονον.

224 1481 373 1554 Ὄρος
406 1473 657 1553 βεϐηκὼς
691 1479 1073 1551 ἁτρεκὲστατος
1105 1483 1298 1557 Λόγος,

168 1565 568 1644 Γαληνόμορφον
598 1565 809 1623 ἐκτελεῖ
837 1570 937 1637 τὴν
967 1566 1188 1643 καρδίαν

166 1659 339 1730 Ἐργον
368 1658 465 1730 γὰρ
498 1656 795 1732 ἐκπεράνας
820 1654 1045 1734 ιῧφρανε
1079 1657 1300 1735 φίλους,

170 1748 296 1819 Πνοῇ
329 1745 491 1821 βιαίᾳ,
522 1747 615 1800 καὶ
647 1749 817 1822 πυρὸς
851 1747 1242 1822 γλωττήμασι,

171 1836 352 1906 Νιίμας
380 1835 441 1889 τὸ
473 1840 693 1908 υνεῦμα
725 1837 976 1911 Χριστὸς,
1004 1837 1075 1900 ὡς
1108 1837 1397 1911 ὑπέσχετο.

226 1922 441 2000 Ἐῤῥηξε
468 1924 704 1999 γαστρὸς
724 1926 1109 1997 ἠτεκνῶμένης
1132 1922 1323 1992 πέδας,

162 2006 321 2085 Ὕϐριν
350 2033 405 2067 τε
436 2010 801 2078 δυσκάθεκτον
830 2013 1275 2087 εὖτεκνουμὲνης,

168 2100 307 2171 Μόνη
337 2104 621 2179 προσευχὴ
650 2110 749 2173 τῆς
778 2100 1121 2181 προφήτιδος
1151 2103 1347 2169 πάλαι,

165 2192 337 2259 "Aw-qq
366 2191 637 2267 φερούσης
668 2196 879 2265 πνεῦμα
909 2190 1389 2267 συντετριμμένον,

168 2279 292 2354 Ηρὸς
319 2282 405 2335 τὸν
439 2278 733 2351 δυνάστην,
763 2282 853 2336 καὶ
886 2282 1013 2337 Θεὸν
1046 2286 1151 2336 τῶν
1178 2281 1454 2355 γνώσεων.

232 2368 483 2439 Ἀληπτός
517 2368 667 2424 ἐστιν
690 2373 724 2439 ἡ
759 2370 1196 2445 θεαρχικωτάτη.

174 2458 400 2533 Ῥτςτορας
428 2459 525 2533 γὰρ
558 2458 934 2529 ἰξέφηνετοὺς
966 2458 1382 2533 ἀγραμμάτους,

171 2544 307 2607 ’Δλις
336 2548 600 2621 σοφιστὰς
628 2548 1057 2619 συστομίζοντας
1086 2546 1260 2623 λόγῳ,

176 2634 257 2687 Καὶ
282 2641 375 2703 τῆς
408 2636 633 2709 βαθείας
661 2637 853 2697 νυκτὸς
884 2635 1324 2709 ἐξαιρουμένους,

178 2722 327 2785 Λαοὺς
356 2723 616 2798 ἀπείρους
649 2714 895 2796 ἀστραπῆ
926 2729 1024 2779 τοῦ
1058 2724 1401 2797 Πνεόματος.

234 2813 317 2866 Ἦν
348 2812 674 2887 ἐκποριυστὸν
709 2814 759 2883 ἐξ
795 2814 1092 2888 ἀγιννήτου
1124 2815 1315 2891 φάους,

173 2900 232 2954 Τὸ
256 2901 833 2979 πανσθενουρ-γόφωτον
858 2900 1081 2980 ἄφθιτον
1115 2900 1298 2971 σέλας,

174 2990 238 3047 Οὗ
262 2992 351 3059 τὴν
379 2988 443 3045 δι’
475 2994 617 3046 1⁸ἱοῦ
648 2997 926 3065 [ἰατρικῆς
956 2991 1218 3065 ἐξουσίας,

182 3082 268 3132 Νῦν
297 3078 565 3155 ἐμφανίζει
601 3088 826 3157 συμφυῆ
862 3082 1227 3159 φρυκτωρίαν,

180 3167 415 3240 Πυρώδης
443 3172 592 3246 ἦχος
629 3171 686 3226 ἐν
723 3172 863 3226 Σιὼν
896 3176 1013 3233 τοῖς
1046 3168 1272 3229 ἔθνεσιν.

236 3257 376 3331 Ἀναξ
407 3260 652 3315 ἀνάκτων
692 3261 802 3322 οἶος
835 3260 887 3331 ἐξ
918 3260 1038 3315 οἷόυ
1073 3260 1259 3333 μόνος,

182 3345 329 3419 Λόγος
358 3347 647 3422 προεληὼν
687 3350 893 3423 Πατρὸς
922 3348 974 3419 ἐξ
1006 3349 1270 3418 ἀναιτίου,

182 3433 435 3498 ’ἰσοσθενές
466 3458 561 3492 σου
594 3442 820 3511 Πνεῦμα
846 3443 964 3500 τοῖς
998 3437 1349 3499 ἀποστόλοις.

182 3525 430 3597 Νημερτὶς
456 3522 806 3599 ἐξέλαυμψας
839 3527 914 3589 ὡς
944 3527 1253 3603 εὐεργέτης.

183 3608 376 3667 ’Δὸουσι
408 3612 563 3688 δόξαν
591 3619 677 3687 τῷ
707 3617 894 3689 κράτει
928 3637 1045 3684 σου,
1081 3615 1266 3690 Κύριέ.

240 3705 457 3777 Λουτρόν
486 3706 553 3760 τὸ
587 3710 737 3770 θεῖον
771 3712 871 3774 τῆς
900 3704 1339 3780 παλιγγενεσίας,

189 3789 319 3865 Λόγῳ
344 3797 599 3868 χεραννὺς
634 3797 1015 3869 συντεθειμένῃ
1046 3797 1223 3872 φύσει,

188 3876 588 3953 Ὀμόροϐλυτεῖς
624 3906 721 3959 μοι
759 3884 971 3959 ῥεῖθρον
1000 3885 1050 3955 ἐξ
1080 3886 1377 3959 ἀκηράτου,

186 3968 496 4047 Νενυγμὲνης
529 3996 627 4029 σου
664 3972 923 4049 πλευρᾶς,
956 3972 1001 4027 ὦ
1032 3977 1166 4030 Θεοῦ
1195 3973 1359 4048 Δόγε,

187 4056 585 4139 ’Βκισφραγίζων
612 4065 689 4137 τῇ
721 4062 857 4133 ζέσει
888 4068 986 4119 τοῦ
1020 4061 1359 4137 Ηνεύματος.

1660 467 2018 524 οΑιιωΝΑ.
3437 477 3543 535 εει

1815 592 1867 659 Α
1972 593 2173 649 Divina
2204 597 2394 649 tectus
2424 595 2800 668 tardilinguis
2827 598 3067 664 nebula,

1897 684 2175 737 Elocutus
2208 690 2297 738 est
2326 700 2359 738 a
2391 685 2507 739 Deo
2540 687 2818 757 scriptam
2847 688 3035 759 legem
3064 704 3077 741 :

1896 773 2137 827 Materia
2168 773 2325 827 enim
2358 774 2609 844 abjecta,
2646 776 2833 830 oculis
2865 777 3081 831 mentis

1899 860 2108 916 Videre
2141 878 2274 916 eum
2310 862 2408 932 qui
2445 868 2534 916 est
2564 862 2760 927 discit,
2795 865 3046 934 Spiritus

1895 950 2304 1022 Cognitionem
2339 950 2592 1006 laudans
2625 952 2844 1007 divinis
2875 952 3171 1009 cantibus.

1968 1040 2124 1093 Dixit
2155 1056 2423 1094 severum
2457 1046 2514 1094 et
2543 1041 2947 1097 venerandum
2980 1059 3067 1113 os,

1897 1128 2114 1183 Divisio
2140 1128 2304 1183 vobis
2336 1145 2456 1183 non
2488 1129 2609 1193 fiet,
2644 1146 2675 1183 ο
2708 1130 2881 1184 amici
2914 1146 2926 1183 :

1896 1218 2013 1288 Ego
2043 1218 2202 1271 enim
2234 1218 2307 1273 ad
2342 1224 2655 1288 paternum
2688 1219 2987 1273 excelsum
3024 1219 3304 1277 thronum

1896 1305 2215 1360 Confidens
2248 1306 2549 1361 effundam
2583 1307 2834 1377 Spiritus

1898 1394 2221 1465 Splendere
2252 1395 2727 1450 desiderantibus
2758 1398 3007 1469 gratiam
3050 1400 3368 1456 infinitam.

1969 1484 2277 1538 Terminus
2304 1484 2601 1555 perfectus
2628 1486 3003 1541 verissimum
3033 1489 3287 1544 Verbum

1895 1572 2258 1643 Tranquillus
2290 1572 2494 1627 formas
2525 1574 2734 1644 implet
2768 1591 2905 1628 cor:

1900 1664 2087 1734 Opere
2120 1664 2278 1718 enim
2310 1664 2542 1734 expleto
2576 1665 2893 1719 laetificavit
2924 1667 3147 1722 amicos

1898 1752 2066 1807 Flatu
2095 1752 2370 1819 violento,
2407 1758 2466 1805 et
2491 1752 2643 1824 ignis
2674 1752 3046 1823 glossematis

1901 1843 2043 1897 Dato
2075 1841 2315 1913 Spiritu,
2351 1841 2618 1895 Christus
2650 1848 2715 1895 ut
2748 1842 3051 1912 pollicitus
3078 1849 3186 1901 est.

1817 1950 1865 2015 Β
1972 1930 2211 2002 Effregit
2240 1929 2459 1983 ventris
2492 1929 2711 1983 sterilis
2742 1930 2997 1997 vincula,

1898 2019 2307 2090 Injuriamque
2339 2017 2776 2072 intolerabilem
2808 2017 3076 2075 fecundas

1902 2106 2037 2161 Sola
2061 2106 2248 2160 oratio
2281 2106 2667 2176 prophetissae
2698 2105 2840 2160 olim

1901 2198 2111 2260 Annae,
2143 2194 2390 2249 ferentis
2425 2194 2699 2264 spiritum
2733 2195 3057 2251 contritum

1902 2283 1988 2339 Ad
2019 2289 2319 2354 potentem
2354 2288 2411 2337 et
2437 2284 2619 2337 Deum
2643 2283 3053 2339 scientiarum.

1971 2372 2600 2443 Incomprehensibilis
2623 2377 2714 2426 est
2733 2372 3137 2427 divinissimus
3160 2374 3548 2445 principatus.

1902 2463 2187 2517 Rhetores
2218 2462 2376 2515 enim
2411 2460 2835 2515 demonstravit
2862 2461 3221 2531 illitteratos,

1903 2551 2056 2605 Satis
2088 2550 2387 2621 sophistas
2418 2549 2635 2604 mutire
2666 2549 2937 2604 faciendo
2970 2568 3266 2618 sermone,

1905 2642 1975 2694 Et
2003 2656 2036 2694 a
2066 2638 2362 2709 profunda
2392 2643 2562 2692 nocte
2591 2638 2956 2693 extrahendo

1906 2729 2160 2799 Populos
2192 2728 2459 2781 infinitos
2490 2727 2687 2795 fulgur
2718 2728 2989 2797 Spiritus.

1977 2818 2115 2870 Erat
2145 2816 2471 2886 procedens
2494 2833 2565 2869 ex
2597 2816 2861 2886 ingenita
2886 2814 3017 2869 luce

1905 2906 2357 2976 Omnipotenter
2400 2905 2669 2959 luciﬁcus
2718 2904 3215 2974 incorruptusque
3248 2903 3551 2976 splendor,

1906 2994 2086 3065 Cujus
2118 3010 2223 3066 per
2247 2994 2376 3047 Filii
2408 3000 2714 3065 paternam
2750 2992 3145 3048 substantiam

1908 3084 2072 3138 Nunc
2102 3081 2443 3137 manifestat
2472 3087 2781 3153 cognatam
2813 3081 3003 3136 facem

1904 3171 2107 3243 Ignata
2137 3187 2245 3225 vox
2274 3171 2336 3224 in
2367 3170 2503 3224 Sion
2535 3170 2831 3242 gentibus.

1981 3263 2099 3315 Rex
2132 3277 2359 3333 regum,
2393 3259 2553 3315 solus
2586 3276 2654 3314 ex
2682 3260 2828 3325 solo,
2863 3259 3055 3314 solum

1981 3310 2098 3315 ---κ
2133 3310 2359 3333 --ο---Ἴ
2393 3310 2549 3315 ---η
2592 3310 2654 3314 -_
2683 3310 2828 3325 πη,
2863 3310 3055 3314 _-___

1825 3310 1869 3377 Ο
1912 3350 2166 3405 Verbum
2198 3350 2526 3421 procedens
2557 3367 2589 3404 a
2619 3351 2789 3404 Patre
2822 3366 3013 3403 causa)
3045 3353 3305 3420 experte,

1910 3439 2385 3509 Equipotentem
2420 3445 2583 3493 tuum
2607 3438 2888 3509 Spiritum
2920 3438 3205 3508 apostolis

1917 3529 2058 3583 Vere
2090 3528 2445 3582 illustrando
2478 3527 2715 3592 misisti,
2748 3532 2812 3580 ut
2844 3526 3186 3582 benefactor

1914 3616 2300 3671 Cantantibus
2332 3617 2611 3688 potentia;
2645 3622 2756 3670 tum
2787 3615 3059 3687 gloriam,
3095 3633 3127 3670 ο
3162 3615 3429 3671 Domine.

1988 3706 2273 3761 Balneum
2305 3706 2566 3761 divinum
2593 3706 3063 3773 regenerationis

1918 3793 2105 3847 Verbo
2139 3794 2395 3848 miscens
2426 3792 2769 3864 compositas
2802 3797 3049 3858 naturas,

1916 3881 2268 3952 Suppeditas
2300 3882 2445 3937 mihi
2481 3898 2696 3952 aquam
2729 3897 2797 3935 ex
2830 3880 3173 3952 incorrupto

1919 3971 2236 4027 Vulnerato
2270 3977 2368 4026 tuo
2392 3972 2597 4039 latere,
2632 3988 2664 4025 ο
2697 3970 2800 4027 Dei
2824 3970 3102 4042 Verbum,

1918 4059 2194 4131 Sigillans
2226 4060 2454 4116 fervore
2488 4060 2762 4133 Spiritus.

1406 4263 1454 4317 ι.
1489 4260 1698 4316 BILLII
1734 4258 2319 4314 INTERPRETATIO.

194 4435 434 4513 Numinis
467 4441 761 4498 indicium
790 4442 1007 4513 linguis
1037 4443 1481 4499 flammantibus
1503 4442 1597 4499 edi

192 4508 305 4585 Ipse
331 4513 435 4585 sui,
470 4516 695 4569 sanctis
728 4508 960 4569 vatibus
993 4520 1168 4585 atque
1197 4516 1367 4570 favet.

252 4580 438 4657 Divina
468 4594 715 4656 opertus
748 4586 926 4650 nube,
963 4580 1162 4657 lingua
1192 4588 1439 4653 tardior,

194 4650 354 4729 ξίφεος
381 4650 661 4711 Tonantis
693 4657 942 4729 protulit
972 4650 1159 4729 legem
1194 4659 1335 4713 suis.

197 4720 284 4811 Eis
312 4740 553 4807 namque
589 4720 811 4783 mentis
838 4720 1410 4811 lunlerffxpurgans
1441 4745 1583 4795 sum,

196 4792 374 4871 gruem
407 4792 694 4863 intuetur,
730 4801 1035 4853 notionem
1067 4792 1318 4871 Spirith

197 4862 497 4945 Discitque,
520 4862 825 4945 honoraris
858 4862 1129 4945 cantibus
1160 4874 1273 4943 piis
1309 4876 1509 4925 Deum.

221 4936 392 5015 .Dixit
419 4942 1021 5015 cobortemChristus
1052 4944 1125 4997 ad
1157 4936 1395 4998 charam
1428 4958 1617 5008 suam,

198 5005 301 5085 5°“
330 5025 442 5074 νοῦν
476 5015 678 5078 ειωίοί.
712 5014 1003 5079 deseram,
1042 5016 1187 5069 mihi
1221 5015 1442 5070 credite
1474 5032 1487 5071 :

198 5076 428 5160 Eamque
461 5076 802 5160 inpaterno
827 5076 1133 5160 confidens
1162 5105 1264 5160 ego
1298 5087 1531 5153 throno,

199 5146 378 5229 Paucis
408 5146 624 5229 adhinc
658 5157 867 5229 diebus
900 5156 958 5211 in
993 5174 1090 5213 vos
1126 5146 1377 5229 Spiritus

198 5216 462 5297 Immmensa
490 5228 652 5283 dona
686 5228 927 5297 prodiga
948 5216 1189 5284 fundani
1225 5246 1424 5284 manu.

257 5292 557 5353 Subvectus
584 5292 771 5354 altum
805 5292 1071 5355 Christus
1105 5302 1163 5355 in
1196 5308 1459 5355 montem
1496 5297 1656 5364 Sion.

199 5359 621 5443 Iranquillitate
661 5372 837 5425 corda
869 5372 1171 5440 perfundit
1202 5374 1315 5443 pia.

201 5430 519 5505 Perfunctus
548 5458 730 5505 opera
761 5430 899 5496 nam
933 5459 1057 5505 sua,
1092 5430 1350 5498 oblectat
1381 5459 1520 5497 suos

566 5460 730 5567 Hiera
761 5460 899 5496 nam
933 5460 1057 5505 sua,
1092 5460 1350 5498 onlectat
1381 5460 1495 5497 suo:

610 5520 731 5579 atu,
766 5520 823 5567 et
856 5512 1042 5583 igneis
1074 5515 1291 5585 linguis
1334 5516 1495 5579 item,

201 5571 522 5658 ῘΠῚ-ρβΐῐῇεξηιξ
551 5586 643 5639 his
673 5571 996 5658 Spiritum,
1018 5594 1083 5639 ut
1124 5571 1496 5658 promiserat:

204 5502 531 5565 Vehemente

266 5648 407 5729 Uteri
426 5648 919 5729 inferacis-fregit
949 5648 1087 5711 Olim
1118 5648 1431 5729 compedes
1458 5673 1470 5710 :

204 5714 649 5799 Quntraferacis
669 5714 1250 5799 fregituinsolentiam

208 5784 309 5843 Vox
337 5795 456 5852 sola
484 5784 957 5870 supplex,UAnna
987 5784 1171 5871 quam,
1209 5799 1569 5873 profuderat,

1924 4440 2135 4493 Pectus
2167 4435 2370 4490 dolore
2397 4434 2670 4489 deferens
2700 4434 2953 4489 fractum
2984 4435 3141 4505 gravi

1924 4510 2012 4565 Ad
2043 4511 2754 4578 Praepotentem,numen
2786 4513 2844 4560 et
2874 4505 3158 4560 scientia}.

1994 4577 2240 4650 Captum
2275 4577 2574 4632 antecedit
2607 4580 2820 4631 mentis
2854 4579 3128 4650 humanm
3161 4578 3336 4631 Deus.

1924 4649 2267 4706 Illitteratos
2299 4650 2567 4703 rhetoras
2598 4667 2733 4704 nam
2764 4649 3021 4703 reddidit
3047 4666 3059 4703 :

1843 4710 1888 4775 D
1922 4725 2241 4780 Doctorum
2269 4728 2328 4774 at
2351 4738 2453 4774 ora
2486 4722 2738 4791 perculit
2766 4721 3056 4792 loquacia.

1925 4800 2006 4851 Ac
2036 4800 2208 4849 nocte
2241 4793 2425 4847 densa
2456 4794 2707 4862 Spiritus
2738 4793 2937 4863 fulgur
2967 4792 3139 4852 sacri.

1926 4870 2081 4934 Quas
2112 4882 2287 4919 nemo
2319 4870 2522 4935 gentes
2556 4864 2915 4935 supputarit,
2943 4864 3175 4917 liberat.

1999 4940 2079 4991 Ex
2110 4937 2239 4991 luce
2266 4932 2857 5017 n‘on_genita:pote.ns
2891 4952 3088 5017 rerum
3120 4932 3410 5000 omnium,

1928 5012 2267 5077 Parensque
2299 5006 2447 5059 lucis
2474 5006 2693 5075 prodiit
2720 5008 2943 5060 micans
2966 5007 3167 5075 jubar,

1927 5082 2106 5151 Cujus
2138 5085 2396 5148 paternae
2430 5093 2495 5131 ac
2530 5078 2658 5151 Filii
2692 5077 3038 5151 substantiae

1928 5147 2344 5219 Parem’atque
2397 5148 2667 5220 eamdem
2726 5166 2885 5202 nunc
2942 5149 3129 5203 facem
3162 5163 3344 5220 sonus
3368 5147 3575 5220 igneus

1928 5223 2092 5278 Haud
2126 5225 2417 5275 monstrat
2448 5219 2695 5274 obscure
2730 5221 2789 5273 in
2822 5220 2995 5274 Sione
3029 5219 3323 5278 gentibus.

1999 5237 2092 5277 tua
2126 5237 2417 5275 monsrrat
2448 5237 2695 5274 onscure
2730 5237 2789 5273 In
2823 5237 2995 5274 mone
3068 5237 3323 5273 enunus.

1999 5295 2237 5347 Summe
2272 5290 2627 5357 dominator,
2661 5292 2821 5345 solus
2853 5308 2922 5345 ex
2953 5237 3102 5357 θρίξ),
3128 5289 3323 5364 Λόγος,

1930 5368 2280 5436 Progressus
2311 5379 2343 5415 a
2376 5368 2619 5431 parente
2634 5380 2843 5436 causa
2875 5364 3099 5425 nescio,

1927 5434 2170 5507 Equale
2202 5437 2463 5507 Pneuma
2488 5434 2649 5507 quod
2687 5434 2787 5507 tibi
2822 5440 2911 5487 est
2936 5434 3218 5504 potentia,

1930 5504 2073 5562 Vere
2106 5506 2319 5561 dedisti
2354 5504 2661 5574 discipulis
2692 5506 2884 5559 charis
2919 5507 3055 5569 tuis.

1927 5582 2129 5642 Tuam,
2166 5582 2377 5648 potens
2412 5577 2811 5648 rex,7gloriam
2852 5576 3222 5631 canentibus.

2000 5653 2083 5705 Tu
2116 5647 2589 5721 regenerationis
2619 5648 2900 5703 balneum
2934 5665 3170 5721 sacrum

1930 5719 2215 5778 Sermone
2244 5719 2502 5774 miscens
2536 5736 2641 5789 per
2664 5720 2810 5775 duas
2842 5736 2934 5774 res
2966 5720 3254 5791 dispares,

1928 5796 2010 5851 Ex
2040 5792 2349 5849 vulnerato
2382 5790 2565 5846 latere
2597 5798 2686 5847 ter
2718 5798 2920 5847 sancto
2950 5790 3070 5860 tuo,
