4000 6202
499 416 608 475 335
1775 411 1837 465 ε.
1874 406 2178 464 JOANNIB
2216 406 2634 468 DAMASCBNI

568 541 840 597 Flectunt
868 535 1070 593 omnia
1099 533 1456 592 consolatori
1489 548 1665 607 genu,

497 631 765 701 Filioque
798 629 1007 697 Patris,
1041 626 1199 682 Patri
1232 624 1678 697 cognatissimo.

496 722 562 775 In
594 718 864 791 personis
897 716 1054 771 enim
1088 715 1248 769 novit
1280 714 1467 768 tribus
1501 711 1896 768 substantiam

498 811 643 865 Vere
676 804 1171 869 inaccessibilem,
1208 803 1486 873 temporis
1520 806 1833 872 exsortem,
1872 815 2072 854 unam.

494 899 700 955 Illuxit
730 898 888 952 enim
921 895 1125 950 lumen
1156 893 1343 965 gratia
1374 892 1644 964 Spiritus.

571 987 808 1042 Servitis
831 1000 1039 1040 omnes
1070 982 1442 1037 divinissimo
1475 979 1858 1053 principatui,

494 1079 646 1142 Quot
677 1076 826 1130 servi
858 1074 1001 1129 estis
1035 1072 1359 1127 triluminis
1393 1070 1761 1126 substantia.

496 1163 1039 1237 Supernaturaliter
1070 1162 1228 1217 enim
1263 1160 1493 1232 perﬁcit
1522 1165 1586 1214 ut
1616 1157 1977 1225 benefactor,

494 1257 565 1309 Et
594 1256 828 1327 igneam
856 1253 1109 1309 formam
1134 1250 1400 1317 Christus
1433 1249 1532 1303 dat
1562 1250 1622 1302 in
1656 1246 1929 1313 salutem,

494 1345 699 1399 Totam
734 1343 1041 1415 porrigens
1072 1340 1320 1412 gratiam
1354 1337 1625 1409 Spiritus.

566 1431 890 1489 Solubilem
925 1429 1335 1502 purgationem
1361 1426 1702 1493 criminum,

494 1523 752 1594 Ignitum
783 1518 1031 1589 accipite
1065 1516 1315 1589 Spiritus
1347 1531 1567 1581 rorem,

495 1612 537 1666 Ο
572 1610 677 1664 ﬁlii
711 1608 1055 1663 luciformes
1075 1604 1392 1659 Ecclesia:

492 1700 657 1755 Nunc
684 1697 844 1751 enim
878 1713 948 1749 ex
983 1694 1121 1749 Sion
1153 1693 1331 1747 exivit
1360 1692 1476 1760 lex,

487 1792 678 1863 Ignea
712 1788 926 1859 lingua
951 1786 1162 1851 forma,
1200 1784 1455 1856 Spiritus
1485 1783 1693 1856 gratia.

2174 531 2223 599 Α

2328 530 2578 605 Κάμπτει
2608 537 2675 591 τὰ
2700 538 2873 592 πάντα
2900 541 2980 610 τῷ
3016 534 3364 610 Παρακλήτῳ
3395 536 3540 614 γόνυ,

2258 620 2409 694 Γόνῳ
2434 644 2491 678 τε
2523 626 2731 700 Πατρὸς
2760 627 2930 697 ΙῙατρὶ
2966 628 3383 699 συμωυιστάτῳ.

2257 710 2345 766 Ἐν
2373 713 2475 787 γὰρ
2506 716 2824 787 προσώποις
2855 713 2968 770 οἶδε
2997 716 3201 791 τρίτοις
3235 716 3422 770 οὐσίαν

2256 805 2336 869 Νη
2351 803 2541 873 μερτὶς
2572 803 2891 876 ἀπρόσιτον,
2925 805 3183 880 ἄχρονον⁹
3221 807 3374 878 μίαν.

2254 888 2506 963 Ἐλαμψε
2535 896 2651 968 φῶς
2680 894 2806 968 γὰρ,
2840 895 2875 963 ἡ
2910 894 3071 969 χάρις
3099 898 3196 948 τοῦ
3228 895 3560 967 ΙΙνεύματος.

2327 977 2587 1044 Τελιῖσθε
2617 983 2813 1044 πάντες
2844 986 2913 1056 τῇ
2945 984 3382 1059 θεαρχικωτέτῃ,

2253 1070 2409 1124 Ὀσοι
2444 1066 2731 1143 λατρευταὶ
2761 1078 3183 1149 τρισσοφεγγοῦς
3213 1075 3426 1138 οὐσίας,

2254 1157 2564 1235 ’Υπερφυῶς
2594 1158 2744 1215 τελεῖ
2771 1162 2869 1235 γὰρ
2906 1162 2981 1225 ὡς
3007 1162 3321 1237 εὐεργὲτης,

2256 1244 2358 1300 Καὶ
2390 1254 2778 1326 πυρσομορφοῖ
2802 1250 3032 1324 Χριστὸς
3068 1250 3144 1313 εἷς
3178 1254 3480 1328 σωτηρίαν,

2252 1332 2430 1405 ’Όλην
2462 1334 2704 1411 πορίζων
2736 1338 2835 1407 τὴν
2869 1340 3031 1413 χάριν
3057 1343 3154 1393 τοῦ
3178 1340 3512 1415 Πνεόματος.

2324 1425 2595 1499 Λυτήριον
2628 1422 2885 1498 κάθαρσιν
2913 1425 3397 1501 ἀμπλακημάτων,

2256 1512 2563 1583 Πυρίπνοον
2591 1511 2807 1587 δέξασθε
2838 1514 3154 1588 Πνεόματος
3187 1514 3410 1593 δρόσον,

2251 1601 2319 1655 Ὠ
2347 1602 2505 1655 τέχνα
2536 1604 2879 1682 ῳωτόμορφα
2906 1607 3004 1667 τῆς
3038 1604 3394 1677 Ἐκκλησίας.

2253 1696 2362 1747 Νῦν
2396 1691 2447 1763 ἐξ
2481 1694 2623 1748 Σιὼν
2655 1694 2758 1770 γὰρ
2790 1694 3112 1768 ἐξελήλυθεν
3145 1697 3341 1770 νόμος,

2252 1780 2317 1836 Ἦ
2348 1780 2963 1864 γλωσσοπυρσόμορφος
2998 1785 3316 1859 Πνεόματος
3349 1790 3531 1865 χάρις.

562 1879 724 1933 Sicut
752 1877 999 1949 dignum
1030 1873 1220 1947 patuit
1251 1878 1459 1944 sponte
1492 1889 1597 1927 sua
1627 1869 1973 1936 liberaliter,

1823 1869 1973 1936 liter,
2174 1901 2221 1966 Β
2253 1960 2264 1966 -
2290 1965 2293 1966 ν
2325 1870 2514 1966 liueat):
2544 1893 2644 1948 περ
2663 1871 2980 1966 ,ηὐδόκησεν
3015 1873 3403 1948 αὐτεξουσίως,

490 1968 742 2023 Domino
776 1982 983 2021 carens
1016 1963 1325 2018 descendit
1354 1962 1607 2033 Spiritus
1634 1978 1667 2015 a
1698 1963 1892 2026 Patre,

1821 1976 1892 2026 .‘e,
2176 1956 2218 1966 ”
2253 1956 2578 2015 Ἀδὲσποτον
2612 1959 2817 2016 κάτεισι
2848 1964 3070 2036 Πνεῦμα
3102 1967 3401 2041 Πατρόθεν.

490 2056 797 2127 Sapientes
828 2054 1052 2108 faciens
1083 2053 1144 2105 in
1178 2051 1395 2123 linguis
1428 2049 1746 2121 apostolos,

2252 2048 2480 2126 Σοφίξον
2511 2047 2564 2103 ἐν
2589 2049 2873 2127 γλώσσῃσι
2903 2052 3029 2115 τοὺς
3059 2053 3433 2129 ἀποστόλους,

490 2145 766 2217 Sigillans
799 2143 860 2196 in
891 2142 1011 2195 illis
1043 2140 1368 2194 vitaferum
1407 2138 1681 2205 Verbum,

2252 2138 2669 2215 Ἐπισφραγίζον
2694 2141 2786 2195 τὸν
2815 2137 3097 2218 φερέσϐιον
3134 2144 3341 2220 Λόγον,

491 2236 538 2289 Α
570 2235 741 2287 Patre
773 2230 1133 2296 acutiformi,
1171 2228 1327 2299 quod
1363 2230 1535 2281 Pater
1564 2227 1730 2281 dixit.

2250 2229 2519 2301 Πατρόθιν
2550 2227 2883 2307 όξόμορφον,
2916 2231 2973 2286 ὅν
3009 2234 3193 2306 Πατήρ
3230 2232 3359 2311 ἔφη.

563 2320 818 2375 Curabat
843 2323 1072 2373 mentes
1105 2316 1347 2387 quidem
1377 2332 1410 2370 a
1437 2321 1677 2387 peccato

2320 2316 2465 2384 ’[ῆτο
2494 2316 2588 2378 τὰς
2618 2318 2811 2392 φρένας
2842 2320 2935 2392 μὲν
2970 2319 3019 2393 ἐξ
3052 2322 3349 2398 ἁμαρτίας,

494 2411 564 2464 Et
594 2408 704 2463 sibi
737 2407 1059 2479 apparabat
1090 2404 1516 2477 apostolorum,

2251 2403 2443 2475 Χαότῷ
2472 2407 2844 2477 κατεσκεύαζε,
2874 2413 2980 2463 τῶν
3016 2409 3367 2478 ὰποστόλων,

495 2500 649 2553 Deus
669 2495 1217 2563 Verbum,omnium
1237 2491 1927 2565 princeps,immaculata
1943 2491 2075 2547 dom

1872 2496 1927 2546 ta
1943 2491 2138 2547 domo:
2252 2494 2379 2555 Θεὸς
2411 2494 2607 2570 Λόγος,
2636 2495 2949 2572 πάνταρχος
2979 2499 3241 2573 ἀχράντῳ
3275 2498 3452 2575 δόμῳ·

494 2586 818 2658 Αέίιιιεὼίιίε
850 2586 1079 2639 roboris
1107 2590 1303 2638 autem
1335 2588 1395 2637 et
1415 2580 1961 2648 consubstantialis,

1741 2580 1961 2648 ntialis,
2249 2582 2617 2655 Ὁμοσθενοῦς
2648 2581 2704 2639 δὲ
2733 2585 2821 2639 καὶ
2854 2590 3321 2661 συνουσιωμένου,

494 2680 660 2732 Nunc
691 2676 1046 2729 informatur
1076 2673 1329 2744 Spiritus
1361 2672 1587 2727 lumen.

2253 2672 2359 2725 Νῦν
2392 2670 2820 2746 ἐγκατοικίζεται
2854 2675 3163 2747 Πνεύματος
3197 2677 3365 2755 φάος.

563 2764 909 2835 Propitiatio
943 2763 1136 2827 nobis,
1168 2761 1421 2827 Christe,
1457 2765 1515 2815 et
1540 2759 1700 2816 salus

491 2857 763 2909 Prasens
796 2852 1044 2906 illuxisti
1079 2868 1149 2904 ex
1183 2850 1437 2921 Virgine,

492 2947 585 3011 Ut,
618 2950 900 3013 tanquam
934 2942 1283 3013 prophetam
1318 2957 1387 2994 ex
1418 2939 1559 2993 fera
1591 2939 1835 2994 marina

492 3032 836 3088 Pectoribus
867 3032 1096 3095 Jonam,
1130 3046 1163 3083 a
1193 3028 1569 3099 corruptione
1597 3029 1858 3099 eriperes

492 3124 699 3178 Totum
732 3121 919 3175 Adam
951 3137 1085 3174 cum
1118 3119 1282 3174 omni
1315 3134 1529 3190 genere
1557 3116 1891 3172 cadentem.

564 3211 971 3267 Desideratum
1004 3209 1175 3263 nobis
1206 3213 1435 3262 rectum
1468 3207 1529 3261 in
1558 3206 1942 3261 interioribus

488 3303 724 3355 Eterne
756 3297 1046 3353 habituris
1077 3297 1359 3368 Spiritum
1392 3296 1657 3364 innoves,

489 3391 537 3444 A
568 3391 739 3443 Patre
770 3386 1187 3459 procedentem
1222 3384 1483 3455 undique
1512 3382 1874 3455 copulatum,

492 3478 747 3531 Materia
780 3476 1039 3531 inimica
1070 3474 1486 3529 combustilem
1520 3472 2018 3543 inquinationem,

493 3566 812 3636 Sordisque
845 3565 1043 3619 omnis
1074 3564 1467 3634 purgativum,
1502 3579 1535 3616 o
1568 3562 1967 3633 omnipotens.

562 3653 915 3724 Appetibilis
946 3652 1201 3723 dignitas
1232 3651 1517 3723 apostolis

492 3741 899 3807 Sionensibus,
933 3741 1411 3810 exspectantibus
1438 3746 1597 3795 tuam
1629 3741 2030 3813 prasentiam,

490 3832 656 3893 Nota,
692 3829 941 3899 Spiritus
971 3828 1152 3900 geniti
1186 3845 1217 3883 a
1250 3830 1419 3882 Patre
1457 3829 1648 3895 Verbi,

2247 3829 2561 3903 Γνώρισμα,
2596 3834 2832 3903 Πνεῦμα,
2866 3835 3273 3908 πατρογενήτου
3315 3834 3507 3911 Λόγου,

490 3921 681 3990 Nugas
715 3917 982 3971 inﬁcetas
1013 3916 1441 3970 blanditiarum
1473 3917 1738 3987 gentium

2247 3919 2468 3993 Λέσχην
2500 3918 2682 3989 ἀπηνῆ
2719 3919 2883 3974 ἐθνῶν
2915 3924 3359 3995 ποππυσμάτων,

489 4008 770 4063 Celeriter
802 4012 1160 4071 monstrans,
1186 4006 1245 4059 in
1278 4005 1397 4059 illis
1431 4005 1617 4059 instar
1642 4006 1793 4078 ignis
1818 4006 2064 4063 insides.

1769 4024 1793 4060 s
1818 4006 2064 4063 insides.
2248 4008 2473 4062 Ὠκιστα
2504 4004 2715 4071 δεικνὺς
2741 4010 3032 4085 πυρπνόως
3063 4010 3349 4089 καθιδρόῃ.

560 4098 817 4151 Concors
848 4094 1121 4149 clamavit
1146 4094 1679 4149 instrumentorum
1713 4102 1940 4163 cantus,

1829 4102 1940 4163 tus,
2321 4096 2626 4174 Σόμφωνον
2648 4098 2903 4173 ἐθρόησεν
2934 4099 3177 4175 ὀργάνων
3213 4101 3403 4173 μέλος,

486 4185 749 4244 Adorare
780 4200 1021 4240 auream
1045 4184 1376 4240 inanimam
1409 4184 1752 4257 imaginem.

2251 4182 2463 4257 Σὲϐειν,
2493 4188 2555 4241 τὸ
2589 4187 2986 4263 χρυσότευκτον
3019 4185 3233 4265 ἄψυχον
3271 4192 3458 4266 βρέτας

2325 2758 2582 2833 Ἰλασμὸς
2614 2763 2771 2834 ἡμῖν,
2804 2764 3023 2838 Χριστὶ,
3053 2766 3145 2819 καὶ
3176 2767 3443 2841 σωτηρία,

2249 2851 2311 2906 Ὁ
2342 2847 2609 2918 δεσπότης
2639 2846 2892 2925 ἔλαμψᾶς
2924 2851 2983 2907 ἐκ
3012 2861 3110 2923 τῆς
3141 2858 3446 2927 Παρθένου,

2250 2938 2343 2994 Ἵν⁹
2375 2939 2449 3000 ὡς
2482 2941 2771 3016 προφήτην
2797 2942 2963 3016 θηρὸς
2997 2941 3056 2996 ἐκ
3087 2940 3406 3017 θαλαττίου,

2254 3027 2488 3096 Στένων,
2521 3035 2619 3097 τῆς
2651 3030 2856 3105 φθορᾶς
2886 3026 3207 3105 διαρπάσῃς,

2250 3112 2421 3173 ’Όλον
2445 3116 2536 3171 τὸν
2568 3114 2766 3190 Ἀδὰμ,
2799 3127 3037 3193 παγγενῆ
3069 3124 3421 3180 πεπτωκότα.

2320 3207 2560 3281 Ἱμερτὸν
2594 3208 2731 3278 ἡμῖν
2761 3208 2912 3271 εὐθὶς
2948 3208 2998 3262 ἐν
3030 3216 3147 3273 τοῖς
3177 3211 3426 3287 ἐγκάτοῖς

2170 3269 2213 3335 C
2250 3269 2499 3355 Αῗωνίως
2530 3290 2713 3364 ’ἕξουσι
2746 3300 2965 3369 Πνεῦμα
2990 3269 3285 3371 καινίσοίς,

2250 3377 2761 3457 Πατριπροῦλήτως
2790 3384 3050 3449 πάντοθεν
3084 3388 3457 3461 συνημμένον,

2247 3470 2418 3542 Ὕλης
2444 3471 2719 3547 ἆπεχθοῦς
2748 3475 3034 3530 καυστικὸν
3067 3475 3464 3551 μολυσμάτων,

2246 3559 2446 3616 Ῥύπου
2477 3582 2534 3616 τε
2564 3562 2762 3625 παντὸς
2797 3561 3080 3639 ῥυπτικὸν,
3104 3568 3503 3643 παντοκράτορ,

2318 3650 2572 3726 Ὀρεκτὸν
2606 3651 2820 3725 ἀξίωμα
2850 3658 2965 3715 τοῖς
2999 3654 3335 3719 ἀποστόλοις

2249 3738 2536 3799 Σιωνίταις
2574 3739 2836 3813 μίμνουσι
2870 3763 2965 3796 σου
2996 3746 3323 3818 παρουσίαν,

1736 4343 1782 4397 J.
1819 4342 2026 4397 BILLII
2067 4344 2649 4400 INTEBPRETATIO.

2174 4471 2219 4534 Ι)
2329 4468 2497 4523 Venit
2528 4467 2818 4524 arbitratu
2850 4485 2955 4539 pro
2989 4485 3118 4535 suo,
3152 4485 3223 4524 ac
3252 4469 3565 4536 liberrime,

2254 4540 2473 4609 Suique
2498 4540 2677 4611 juris.
2711 4557 2744 4595 a
2776 4542 3027 4594 Parente
3060 4541 3335 4611 Spiritus.

2246 4612 2544 4683 Docetque
2578 4611 2799 4683 linguis
2831 4612 3020 4682 igneis
3047 4613 3373 4683 apostolos,

484 4468 706 4525 Fundis
733 4469 877 4524 mihi
910 4467 1121 4533 undas,
1153 4485 1185 4521 ο
1222 4467 1326 4522 Dei
1363 4466 1564 4538 proles
1596 4483 1783 4535 sacra,

484 4542 730 4597 Fervore
764 4541 1005 4613 signans
1038 4540 1290 4613 Spiritus
1324 4538 1709 4613 sanctissimi.

556 4612 647 4667 Nil
681 4618 789 4677 est,
822 4609 976 4683 genu
1008 4609 1166 4681 quod
1192 4610 1643 4683 nonParacleto
1677 4627 1849 4665 suum

483 4684 728 4749 Flectat,
763 4682 1070 4752 Patrisque
1104 4682 1253 4735 Filio
1286 4682 1617 4735 simillimo.

1101 4682 1253 4761 filio
1286 4682 1638 4761 simillimos
2248 4682 2435 4761 Vitale
2468 4682 2723 4761 Verbum
2756 4684 2951 4761 signat
2981 4690 3039 4761 et
3070 4682 3273 4749 simul,
3309 4686 3477 4761 Pater

483 4760 744 4809 Persona
774 4771 1034 4823 namque
1067 4753 1143 4806 sit
1174 4752 1311 4806 licet
1343 4752 1590 4826 triplex:
1625 4757 1824 4826 tamen
2250 4754 2466 4826 Satum
2487 4754 2641 4824 quod
2676 4771 2743 4808 ex
2777 4752 2839 4808 se
2871 4755 3121 4817 dictitat.
3158 4772 3266 4826 par
3298 4762 3356 4809 et
3387 4754 3510 4810 sibi.

483 4828 779 4905 Duntaxat
810 4843 927 4905 una
960 4841 1200 4905 prﬂorsus
1232 4831 1321 4905 est
1353 4823 1703 4905 substantia.
2268 4898 2277 4905 Δ
2320 4823 2832 4905 .llgrismedelam
2866 4823 3531 4905 mentibusdonaverat,

484 4901 628 4953 Nam
656 4898 807 4952 fudit
836 4895 979 4951 almi
1014 4896 1266 4975 Spiritus
1298 4895 1489 4949 lucem
1523 4895 1739 4949 charis.
2248 4895 2439 4966 Atque
2472 4904 2717 5013 apparat
2748 4896 3031 4968 disciplos
3063 4898 3332 4953 Christus
3372 4914 3503 4952 suos

558 4972 669 5013 Vna
701 4970 1033 5013 manninnte
1066 4974 1338 5013 nrntlmls
1372 4982 1603 5013 summa
1638 4967 1775 5013 Dan-
2251 4968 2477 5013 Snnntm
2511 5005 2520 5013 .
2550 4969 2704 5013 mnis:
2736 4968 2887 5013 labis
2921 4970 2977 5013 in
3012 4986 3154 5013 nnrn
3188 4969 3381 5013 dnnin-

558 4972 669 5024 Vos
700 4970 1033 5038 mancipate
1066 4967 1338 5037 protinus
1372 4982 1603 5021 summo
1635 4967 1776 5039 Deo,
2251 4968 2477 5022 Sancta
2511 4967 2704 5023 Sionis
2736 4967 2980 5023 lahisin
3012 4986 3161 5039 pura
3188 4969 3382 5023 donio.

481 5042 715 5095 Cultum
749 5040 1039 5095 exhibetis
1071 5039 1170 5107 qui
1207 5038 1402 5091 triluci
1431 5038 1725 5093 essentia.

478 5114 624 5167 Nam
653 5113 831 5168 corda
863 5112 1010 5166 mire
1042 5110 1276 5180 perlicit
1308 5109 1649 5163 mortalium
1678 5127 1689 5163 :

481 5186 671 5253 Atque
700 5184 773 5238 ad
805 5184 1058 5237 salutem
1090 5182 1357 5253 Christus
1389 5181 1665 5253 ardentes
1687 5180 1848 5247 facit,

482 5251 633 5308 Duin
662 5272 899 5324 prorsus
930 5270 1169 5324 omnem
1198 5252 1452 5323 Spiritus
1493 5252 1717 5323 prabet
1742 5251 1974 5308 charin.

559 5325 630 5379 Ut
658 5323 847 5379 i'estra
868 5326 1031 5380 vobis
1056 5323 1371 5378 deleantur
1400 5324 1670 5389 crimina,

485 5395 725 5467 Haurite
760 5413 959 5466 quaso
996 5395 1248 5465 Spiritus
1280 5412 1475 5449 rorem
1510 5396 1772 5467 igneum,

486 5466 553 5531 Ο,
586 5466 930 5521 luciformes
963 5483 1113 5537 quos
1144 5468 1375 5537 peperit
1404 5466 1688 5522 Ecclesia.

486 5484 553 5531 υ,
586 5484 930 5521 iucuormes
963 5484 1113 5537 quos
1144 5484 1215 5537 pe
1263 5484 1375 5520 erit
1405 5484 1688 5522 molesta.

484 5537 651 5592 Nunc
680 5553 937 5608 namque
967 5541 1173 5592 sancta
1204 5484 1275 5590 (fe
1310 5538 1447 5592 Sion
1477 5537 1570 5593 lex
1602 5539 1764 5606 exiit,

480 5608 672 5681 Ignita
696 5607 911 5679 nempe
936 5607 1189 5681 Spiritus
1215 5608 1432 5680 lingua
1454 5610 1670 5665 charis.

2251 5042 2416 5093 Nunc
2448 5056 2655 5094 rursus
2687 5057 2858 5109 aqua
2889 5041 3120 5110 praditi
3154 5040 3496 5104 substantia,

2250 5110 2621 5180 Roboreque,
2657 5111 2717 5165 in
2750 5108 3151 5182 illis—Spiritus
3193 5113 3390 5167 lumen
3424 5108 3589 5182 sedet.

2320 5184 2401 5236 Tu
2428 5183 2599 5237 venia
2630 5188 2811 5243 certa.
2846 5180 3095 5249 Christe,
3130 5183 3301 5238 nobis
3333 5189 3389 5238 et
3416 5180 3580 5247 salus,

2249 5256 2330 5308 Ex
2359 5253 2492 5327 labe
2524 5270 2672 5327 pura
2702 5254 2975 5327 prodiisti
3011 5255 3283 5327 Virgine:

2250 5327 2340 5391 Ut,
2374 5324 2655 5379 belluinis
2686 5324 2956 5380 faucibus
2985 5324 3193 5381 Ionam
3227 5324 3400 5388 velut,

2246 5396 2430 5478 Primi
2463 5397 2747 5478 parentis
2762 5398 2845 5451 sic
2874 5413 3061 5478 genus
3091 5397 3250 5467 quod
3280 5394 3514 5478 corruit,

2247 5471 2294 5523 Α
2322 5466 2699 5541 Ῑξώοξῐηοιτιὶδ
2733 5466 2990 5541 horrida
3023 5466 3235 5541 potens
3264 5466 3477 5523 trahas.

2320 5538 3047 5612 DesideratumSpiritum
3080 5546 3303 5596 rectum
3335 5544 3511 5612 tuum,

2252 5610 2296 5666 Ο
2326 5610 2579 5680 Christe,
2613 5610 2786 5667 nobis
2807 5609 3038 5668 'innova
3066 5612 3127 5668 in
3156 5609 3508 5685 praecordiis,

551 5738 661 5810 (84)
684 5736 779 5794 Sic
796 5732 982 5792 Aldus
1003 5732 1299 5789 Manutius
1318 5733 1819 5791 edidit.Basileen.
1833 5733 2051 5809 βλὲτας,
2066 5733 2224 5793 male
2241 5752 2253 5790 :
2273 5752 2379 5808 pro
2394 5752 2511 5809 quo
2525 5753 2839 5810 perperam
2856 5737 3065 5795 Billius
3079 5735 3390 5813 legendum
3406 5727 3607 5791 censuit
3623 5718 3786 5801 βλέποίι
