3952 6202
493 429 600 487 839
1773 424 1834 477 8.
1873 420 2181 478 JOANNIS
2219 418 2635 475 DAMASCENI
3703 419 3780 475 840

558 553 744 616 Salve,
776 548 1017 625 Regina,
1052 545 1536 621 matrivirginalis
1567 544 1775 619 gloria,

2165 559 2219 623 Α
2318 538 2569 614 Χαίροις,
2598 536 2819 611 ἄνασσα,
2856 537 3301 613 μητροπάρθενον
3329 533 3495 599 κλίος.

485 647 669 699 Omne
697 642 856 697 enim
888 638 1324 705 benevolubile,
1359 638 1509 691 bene
1547 636 1801 707 loquens
1831 652 1897 690 os

1792 653 1801 690 ι
1831 652 1897 690 os
2245 630 2420 685 Ἀπαν
2449 628 2550 704 γὰρ
2584 626 2860 697 εὐδίνητον
2894 625 3131 683 εὕλαλον
3160 625 3353 697 στόμα,

486 731 842 788 Rhethorica
871 736 995 785 arte
1028 746 1147 783 non
1175 732 1370 799 potest
1400 732 1456 781 te
1488 726 1728 781 laudare
1760 724 1957 796 digne.

1882 740 1957 781 ie.
2248 719 2596 812 :Pntopeﬁov,
2635 716 2696 771 οὐ
2731 715 2901 771 σθὲνει
2921 737 2980 771 σε
3014 716 3242 789 μὲλπειν
3269 715 3443 789 ἀξίως.

486 822 711 892 Caligat
738 824 937 874 autem
968 834 1139 873 mens
1169 816 1366 871 omnis
1397 815 1470 871 ad
1507 821 1673 870 tuum
1706 819 1939 885 partum

1787 819 1939 868 rtum
2251 800 2479 881 ’ἰλιγγιᾷ
2511 804 2567 859 δὲ
2595 809 2722 867 νοῦς
2755 806 2894 867 ἅπας
2925 826 3022 860 σου
3046 805 3138 860 τὸν
3166 800 3344 864 τόκον.

489 891 998 982 Cognoscendum.
1016 906 1171 961 unde
1192 912 1245 961 te
1259 921 1392 960 cum
1410 904 1704 960 desiderio
1718 903 1860 975 glori
1872 902 2050 957 ticam

1770 902 2137 958 ,oriﬁcamus.
2250 899 2435 962 Νοιῖν,
2467 891 2587 956 ὅθεν
2621 912 2679 946 σε
2709 895 2801 946 σὺν
2831 891 2986 965 πόθῳ
3018 891 3331 965 δοξάζομεν.

560 1000 808 1054 Cantare
837 997 1006 1053 decet
1036 1002 1310 1052 naturam
1341 995 1739 1049 vivificantem
1763 992 2025 1063 puellam
2054 1007 2066 1045 :

1784 992 2025 1047 mellam
2054 1007 2066 1045 :
2322 985 2507 1060 ’ᾼδειν
2541 986 2685 1042 ἔοικε
2711 988 2811 1056 τήν
2846 986 3115 1065 φυσίζωον
3157 984 3345 1060 κόρην.

491 1088 626 1143 Sola
657 1088 817 1142 enim
850 1086 911 1141 in
941 1086 1255 1158 profundis
1286 1084 1602 1140 occultavit
1634 1082 1912 1151 Verbum,

1789 1098 1912 1151 um,
2250 1077 2408 1146 Μόνη
2437 1075 2538 1151 γὰρ
2570 1074 2620 1130 ἐν
2653 1073 2832 1150 δίνῃσι
2860 1075 3117 1153 χεκρύφει
3150 1073 3347 1149 Λόγον,

488 1177 807 1250 ASgrotanti
842 1176 1087 1231 medens
1114 1174 1456 1230 mortalium
1488 1178 1715 1229 natura:
1742 1189 1754 1226 :

2252 1165 2533 1222 Νοσοῦσαν
2563 1163 2889 1229 ἀλθαίνοντα
2916 1164 3016 1232 τήν
3054 1164 3264 1238 βροτῶν
3298 1162 3467 1239 φύσιν.

490 1248 654 1331 Quod
684 1266 904 1320 dextris
937 1264 1179 1319 sedibus
1205 1280 1363 1317 nunc
1396 1262 1610 1317 sedens

2251 1256 2348 1315 ‘Oc
2384 1251 2578 1325 δεξιοῖς
2611 1251 2900 1325 κλισμοῖσι
2933 1256 3025 1306 νῦν
3060 1248 3346 1327 ἱδρυμένος

493 1357 704 1424 Patris,
740 1357 901 1410 misit
930 1355 1175 1427 gratiam
1210 1354 1482 1424 Spiritus.

2255 1342 2488 1416 Ηατρὸς,
2513 1342 2770 1418 πέπομφε
2798 1342 2896 1410 τὴν
2930 1342 3092 1416 χάριν
3123 1344 3219 1395 τοῦ
3254 1339 3565 1411 Ηνεύματος.

566 1448 960 1514 Quoscunque
994 1442 1304 1513 inspiravit
1335 1441 1553 1496 deiflua
1584 1440 1773 1513 gratia

2323 1434 2513 1493 ’Όσοις
2544 1428 2794 1486 ἔπνευσαν
2828 1432 2860 1500 ή
2889 1429 3180 1506 Θεόῤῥυτος
3215 1428 3392 1503 χάρις,

494 1533 904 1605 Splendenies,
940 1532 1327 1603 fulgurantes,
1371 1529 1715 1600 permutati,

2256 1521 2590 1593 Δάμποντες,
2625 1520 3043 1591 ἀστράπτοντες,
3076 1516 3445 1590 ἠλλιωμένοι,

497 1624 847 1678 Hesternam
879 1620 1403 1691 permutationem,
1428 1617 1933 1684 decentissimam,

1710 1617 1933 1684 simam,
2257 1610 2493 1675 Ὀθνείαν
2528 1609 2846 1680 ἀλλοίωσιν⁹
2882 1610 3271 1685 εὐπρεστάτην,

493 1711 993 1781 .ﬁquipotentem,
1014 1708 1433 1763 indivisibilem
1453 1710 1876 1779 cognoscentes
1901 1702 2050 1776 [cam

1791 1710 1876 1759 tes
1901 1702 2147 1776 [camus.
2258 1700 2682 1767 Ἰσοσθενοῦσαν,
2714 1698 2813 1766 τὴν
2842 1700 3085 1770 ἄτμητον
3119 1695 3342 1767 εἰδότες,

491 1800 852 1873 Sapientem,
875 1798 1126 1870 triplicis
1149 1797 1483 1869 splendoris
1506 1794 1898 1852 substantiam
1925 1792 2052 1866 glor

1787 1794 1898 1848 iam
1925 1791 2149 1866 gloriﬂ-
2261 1788 2466 1864 Σοφήν,
2496 1787 2791 1863 τρίφεγγον
2824 1785 3006 1841 οὐσίαν
3033 1783 3348 1859 δοξάζομεν.

1739 2007 1765 2060 J
1774 2047 1787 2059 .
1830 2004 2037 2060 BILLII
2075 2003 2661 2059 INTERPRETATIO.

499 2208 571 2261 Ut
600 2212 661 2259 tu
694 2206 1043 2273 increatum,
1078 2220 1183 2274 par
1214 2204 1339 2267 tibi,
1375 2220 1575 2257 rerum
1610 2220 1847 2273 parens,
2181 2204 2228 2268 Β
2260 2202 2447 2270 Egris
2477 2202 2773 2257 medelam
2806 2202 2906 2272 qui
2940 2202 3077 2256 tulit
3108 2202 3459 2256 mortalibus
3488 2218 3500 2254 :

499 2277 679 2330 Mittis
710 2276 1020 2330 colendum
1048 2272 1311 2345 praeditis
1343 2274 1458 2327 fide
1484 2272 1639 2327 viris.
1718 2344 1721 2345 ν
2265 2274 2610 2344 Dextrisque
2641 2274 2741 2345 qui
2775 2290 2932 2327 nunc
2961 2274 3201 2329 sedibus
3231 2274 3420 2328 Patris
3448 2272 3655 2339 sedens,

570 2348 811 2417 Regina.
845 2346 1027 2406 salve.
1049 2344 1251 2399 ’mater
1281 2351 1339 2399 et
1366 2344 1524 2417 virgo
1555 2344 1732 2399 simul
2260 2346 2667 2401 Desideratam
2699 2345 2959 2417 Spiritus,
2984 2346 3154 2400 misit
3182 2346 3415 2400 charin.

498 2414 680 2472 Nulla
702 2417 947 2488 reperiri
977 2416 1177 2488 lingua
1210 2423 1327 2471 tam
1359 2414 1633 2471 volubilis
2331 2419 2466 2482 Nos,
2501 2418 2671 2487 queis
2701 2414 2964 2488 supremi
2995 2417 3273 2471 numinis
3306 2416 3465 2472 flavit
3494 2414 3685 2484 charis,

500 2490 718 2569 Potest.
743 2495 915 2569 tuum
938 2505 1068 2559 quas
1102 2489 1379 2569 concinat
1410 2488 1586 2560 digne
1613 2488 1818 2569 decus.
2260 2490 2386 2569 1am
2410 2488 2961 2569 charitatepraaditi
2994 2495 3337 2569 summa,_et
3367 2504 3511 2569 novo

500 2560 1169 2641 Ilienslanguetom‘nis,
1204 2561 1471 2641 cogitans
1498 2566 1734 2641 partum
1768 2566 1959 2614 tuum.
2262 2560 3018 2641 atqueelegantiprorsus
3047 2560 3268 2641 inversi
3298 2560 3490 2627 modo,

500 2631 725 2703 Cupido
757 2648 893 2703 ergo
927 2631 1160 2686 laudem
1197 2631 1451 2703 dicimus
1477 2631 1587 2703 tibi
1606 2636 1865 2702 pectore.
2263 2631 2875 2686 Divisiénis’Trinitati
2908 2631 3145 2697 nesciae,

576 2701 719 2756 Vitae
744 2701 1009 2775 parentis
1043 2702 1295 2774 Virginis
1328 2702 1534 2775 laudes
1559 2701 1730 2757 decet
2264 2703 2566 2775 Cujusque
2596 2702 2680 2757 vis
2710 2708 2802 2758 est
2831 2718 3002 2773 aqua.
3038 2701 3299 2757 Laudem
3332 2701 3596 2757 dicimus.

500 2773 771 2828 Cantare.
806 2773 942 2829 Sola
961 2773 1163 2829 ventre
1187 2790 1318 2828 nam
1348 2773 1562 2829 clausit
1592 2778 1790 2848 Λογον,

938 3293 1263 3351 EIUSDEM
1299 3292 1721 3349 DAMASCENI

2623 3292 2760 3348 ΤΟΥ
2798 3292 3028 3349 ΑΥΤΟΥ
3068 3290 3556 3348 ΔΑΜΑΣΚΠΝΟΥ

964 3436 1027 3488 In
1068 3434 1412 3491 Dominicam
1456 3434 1685 3490 Pascha.

2620 3432 2713 3494 Εἷς
2741 3433 2840 3501 τήν
2888 3435 3165 3508 Κυριακὴν
3198 3439 3301 3489 τοῦ
3351 3434 3557 3509 Πάσχα.

572 3576 1044 3631 Resurrectionis
1093 3577 1221 3631 dies
1265 3596 1277 3632 :
1338 3578 1846 3649 splendescamus,
1899 3577 2133 3649 populi,

2333 3575 2710 3637 Ἀναστάσεως
2758 3574 2958 3651 ἡμέρα,
3022 3575 3471 3650 λαμπρυνθῶμεν
3524 3573 3657 3640 λαοὶ,
3700 3570 3836 3639 Dial!

500 3665 726 3718 Pascha
776 3664 1032 3727 Domini,
1076 3667 1319 3721 Pascha.
1358 3669 1400 3720 E
1431 3674 1618 3722 morte
1650 3669 1806 3723 enim
1840 3667 1912 3723 ad
1944 3668 2057 3722 vita

2274 3663 2486 3739 Κυρίου,
2542 3663 2752 3739 Πάσχα.
2816 3665 2911 3720 Ἐκ
2959 3665 3061 3741 γὰρ
3122 3668 3361 3729 θανάτου
3418 3665 3551 3740 πρὸς
3603 3661 3739 3731 ζωῆνι
3776 3651 3835 3741 καῖ

500 3757 558 3805 et
587 3768 657 3805 ex
688 3757 845 3805 terra
874 3751 943 3805 ad
978 3721 1212 3817 cmlum,
1246 3721 1513 3811 Christus
1545 3721 2061 3812 Deuisinosvtradui

2271 3751 2322 3808 ἐκ
2348 3721 2449 3828 Ivi]:
2472 3721 2615 3827 πρὸς
2661 3721 2915 3824 ’δ’ὗρανὸν,
2972 3721 3207 3828 aiam};
3240 3756 3269 3809 ὁ
3302 3755 3432 3816 Θεὸς
3462 3721 3627 3825 ,ἡμᾶς
3651 3721 3832 3804 Stabis:-

500 3838 805 3893 victoriam
829 3847 1132 3894 canentes.

2260 3864 2370 3913 σεν,
2404 3841 2667 3896 ἐπινίκιον
2701 3839 2948 3913 ᾅδοντας.

568 3945 974 4016 Expurgemur
995 3946 1292 4016 sensibus,
1319 3953 1377 4002 et
1399 3948 1727 4005 videbimus
1755 3951 2129 4007 inaccessibil

2333 3951 2703 4025 Καθαρθῶμεν
2786 3949 2881 4010 τὰς
2966 3949 3248 4020 αἰσθήσεις
3288 3995 3302 4020 ,
3362 3952 3449 4005 καὶ
3512 3947 3724 4022 ὀψόμεθα
3782 3942 3831 4007 τῷ

494 4034 953 4090 resurrectionis
985 4034 1116 4090 luce
1150 4036 1448 4091 Christum
1480 4039 1882 4111 effulgentem,
1918 4046 1976 4094 et
2007 4057 2055 4113 gi

2275 4037 2540 4114 ἰπροσίτῳ
2570 4037 2708 4114 φωτὶ
2758 4043 2859 4106 τῆς
2921 4038 3263 4103 ἀναστάσεως
3324 4038 3552 4114 Χριστὸν
3606 4030 3836 4105 ἐξαστράπ-

499 4124 671 4179 dete:
724 4123 1021 4179 dicentem
1069 4130 1271 4196 aperte
1318 4126 1650 4196 audiemus,
1708 4128 2011 4184 victoriam
2054 4153 2060 4180 ‹

2277 4148 2459 4197 ποντα,
2521 4128 2608 4181 καὶ
2667 4125 2906 4202 χαίρετε’
2968 4126 3245 4202 φάσκοντα
3298 4133 3503 4206 τρανῶς
3552 4119 3838 4193 ἀκουσόμεθκι

503 4217 735 4269 nentes.

2260 4216 2525 4272 ἐπινίκιον
2547 4213 2785 4287 ᾅδοντες.

569 4320 709 4375 ϐωΙὶ
744 4319 985 4391 quidem
1012 4320 1185 4393 digne
1219 4322 1514 4393 laetentur,
1547 4329 1703 4380 terra
1732 4330 1931 4380 autem
1956 4324 2130 4380 exsuli

2332 4321 2567 4397 Οὖρανοὶ
2667 4321 2759 4393 μὲν
2840 4318 3069 4390 ἐπαξίως
3148 4320 3644 4398 εὐφραινέσθωσαν,
3704 4316 3759 4388 γῆ
3803 4306 3841 4362 δὲ

498 4414 617 4463 tet:
648 4409 866 4464 festum
900 4415 1034 4482 agat
1064 4417 1261 4466 autem
1281 4412 1562 4478 mundus,
1596 4419 1721 4468 tum
1754 4414 2001 4469 visibilis
2024 4432 2055 4469 o

2280 4410 2638 4487 ἱγαλλιάσθω·
2674 4408 2973 4484 ἒορταζὲτω
3009 4406 3065 4464 δὲ
3116 4411 3357 4483 κόσμος,
3419 4408 3601 4487 ὁρατός
3649 4426 3698 4460 τε
3722 4403 3841 4461 ἅπας.

498 4498 614 4565 nis,
647 4504 774 4553 tum
826 4498 1185 4555 invisibilis:
1250 4502 1515 4557 Christus
1573 4504 1732 4559 enim
1794 4505 1893 4575 qui
1945 4504 2059 4559 lieti

2277 4501 2350 4555 ιαὶ
2405 4500 2655 4575 ἀόρατος.
2733 4500 2961 4575 Χριστὸς
3043 4500 3144 4576 γὰρ
3210 4499 3552 4576 ἐγήγερται,
3605 4489 3838 4569 εὐφροσύνη

500 4588 863 4658 sempiterna
894 4593 1003 4655 est,
1038 4589 1112 4643 ad
1141 4590 1318 4644 vitam
1348 4590 1544 4646 rediit.

948 4593 1003 4655 it,
1038 4589 1112 4643 ad
1141 4590 1318 4644 vitam
1348 4590 1544 4646 rediit.
2260 4588 2509 4650 αἰώνιος.

573 4694 759 4766 Agite,
794 4696 1092 4765 potionem
1128 4696 1400 4751 bibamus
1444 4714 1670 4765 novam,
1722 4716 1843 4753 non
1892 4716 1959 4753 ex
2011 4715 2134 4753 saxc

2333 4698 2490 4749 Δεῦτε
2520 4694 2674 4766 πόμα
2704 4692 2916 4765 πίωμεν
2946 4691 3155 4764 καινὸν,
3202 4693 3303 4749 οὐκ
3353 4694 3414 4750 ὲκ
3464 4697 3649 4768 πέτρας
3697 4686 3840 4759 ἀγόνου

502 4783 690 4839 sterili
724 4783 1058 4856 prodigiose
1092 4784 1390 4847 eductam,
1415 4786 1517 4839 sed
1542 4787 2003 4857 incorruptionis
2026 4788 2063 4841 ft

2280 4804 2849 4857 ςετρατουργουμενον,
2885 4782 3010 4837 ἀλλ’
3061 4783 3366 4858 ἀφθαρσίας
3424 4783 3599 4858 πηγὴν
3629 4779 3679 4835 ὲκ
3718 4774 3841 4831 τάΰῦυ

504 4878 623 4927 tem
656 4888 685 4926 e
720 4874 989 4943 sepulcro
1015 4873 1255 4943 pluente
1277 4875 1530 4942 Christo,
1564 4876 1625 4929 in
1656 4892 1772 4945 quo
1801 4876 2065 4931 solidam]

1935 4876 2148 4931 lamur.
2261 4869 2643 4946 ὀμϐρήσαντος
2669 4876 2924 4945 Χριστοῦ,
2959 4870 3011 4926 ἐν
3035 4872 3080 4943 ᾧ
3107 4873 3496 4947 στερεούμεοα.

574 4978 739 5031 Nunc
771 4978 971 5032 omnia
1000 4978 1228 5049 repleta
1259 4985 1395 5034 sunt
1427 4979 1676 5048 lumine,
1729 4982 2062 5053 ccelumque
2094 4992 2135 5037 ei

2334 4981 2442 5037 Νῦν
2474 4977 2649 5033 πάντα
2704 4976 3065 5051 πεπλήρωται
3124 4980 3333 5055 φωτὸς,
3398 4977 3615 5055 οὐρανός
3665 4992 3730 5036 τι.
3772 4965 3837 5022 ιιιῖ

502 5069 659 5120 terra
690 5071 747 5119 et
781 5068 1085 5122 terreti'ia:
1120 5068 1365 5122 ferietur
1394 5076 1591 5123 autem
1635 5072 1830 5125 omnis
1880 5078 2063 5127 creati

2281 5074 2353 5143 (ἦ,
2385 5068 2475 5121 καὶ
2532 5068 2597 5121 τὰ
2655 5068 3007 5141 καταχθόνια.
3058 5054 3401 5143 Ἐορταζίτω
3460 5066 3515 5124 δὲ
3563 5054 3842 5129 timidng-

499 5153 945 5210 susoitationem
972 5158 1209 5220 Christi,
1238 5158 1297 5212 in
1330 5176 1445 5228 quo
1479 5159 1735 5215 solidata
1766 5166 1873 5217 est.

2188 5150 2224 5159 ν
2262 5178 2346 5219 σις
2376 5158 2472 5224 τήν
2506 5150 2712 5231 ἔγερσιν
2746 5157 2997 5230 Χριστοῦ,
3030 5155 3080 5211 ἐν
3114 5157 3160 5227 ᾦ
3190 5156 3537 5233 ἐστερέωται.

572 5259 706 5311 Heri
738 5277 856 5315 una
879 5269 1073 5317 tecum
1109 5265 1474 5329 tumulubar,
1494 5267 1721 5323 Christe
1752 5285 1763 5335 ;
1791 5286 2133 5342 conresurgc

2333 5264 2474 5327 Χθὲς
2534 5261 2944 5335 συνεθαπτὸμην
3005 5283 3133 5333 σοι,
3207 5264 3413 5339 Χριστὲ
3448 5309 3461 5333 ,
3527 5270 3839 5342 οηδνεγειρομα-

504 5344 680 5399 hodie
714 5352 901 5404 tecum
932 5362 1295 5426 resurgente.
1353 5358 1475 5411 Una
1524 5358 1909 5429 cruciﬁgebar
1958 5364 2065 5414 tecr

2275 5355 2500 5428 τήμερον
2561 5351 2831 5405 ἁναστὲντι
2892 5372 3021 5417 σοι,
3078 5352 3561 5428 συνεσταυρούμην
3615 5369 3683 5403 σοι
3731 5338 3836 5418 χθές·

506 5432 631 5487 heri
658 5452 669 5488 :
702 5434 825 5504 ipse
858 5455 950 5493 me
985 5446 1177 5496 tecum
1208 5445 1396 5513 gloria
1420 5444 1611 5512 attice,
1648 5446 1931 5514 Salvator,
1966 5447 2026 5502 in
2058 5465 2067 5501 ι

2260 5442 2420 5503 αὐτός
2453 5462 2520 5514 με
2548 5437 2870 5511 συνδόξασον
2906 5441 3125 5514 Σωτὴρ,
3157 5440 3211 5496 ἐν
3240 5446 3313 5515 τῇ
3352 5440 3599 5515 βασιλείᾳ
3626 5459 3719 5492 σου.

506 5538 619 5594 gno
654 5527 775 5578 tuo.

572 5630 638 5683 In
669 5628 870 5685 divina
920 5632 1188 5690 custodia
1231 5637 1631 5709 diviniloquus
1664 5642 2002 5699 Uabbacum
2038 5647 2133 5697 stel

2331 5637 2451 5696 Ἐπὶ
2508 5643 2607 5706 τῆς
2668 5636 2811 5699 θείας
2869 5634 3119 5711 φυλακῆς
3175 5638 3202 5691 ὁ
3258 5639 3531 5715 θεηγόρος
3593 5623 3836 5715 Ἀὄϐακοὺμ

500 5720 839 5788 nobiscum,
860 5724 916 5773 et
936 5722 1209 5779 ostendat
1239 5726 1546 5782 luciferum
1577 5732 1856 5803 angelum
1879 5733 2035 5788 clare
2058 5760 2061 5778 ι

2275 5730 2442 5800 πτήτω
2499 5728 2614 5799 μεθ’
2645 5726 2834 5799 ἡμῶν,
2864 5726 2953 5782 καὶ
3013 5723 3274 5781 δεικνύτω
3334 5712 3626 5805 φαεσφόρον
3666 5712 3836 5793 ἄγγελον
