3952 6202
151 359 229 416 841
1609 353 1967 409 ΟΔΒΜῘΝΔ.

3388 366 3496 421 842

152 488 437 562 διαπρυσιως
491 481 740 558 λέγοντα*
803 481 1057 556 Σήμερον
1098 479 1343 555 σωτηρία
1397 483 1476 552 τῷ
1517 476 1730 552 κόσμῳ,

1905 488 2082 540 antem
2115 504 2129 543 :
2164 484 2346 541 Hodie
2404 486 2566 543 salus
2624 484 2875 556 mundo,
2926 486 3210 558 quoniam
3244 494 3502 549 surrexit

153 577 218 634 ὅτι
246 576 410 646 ἀνέστη
437 572 682 643 Χριστὸς,
717 569 791 633 ὡς
823 566 1264 643 παντοδύναμος.

208 668 371 742 Ἀρσεν
404 665 512 736 μὲν,
571 661 647 724 ὡς
708 658 981 730 διανοίξας
1031 660 1131 729 τήν
1181 656 1606 732 παρθενεύουσαν
1637 676 1737 725 νη-

151 753 244 824 δὺν,
268 741 450 831 πέφηνε
479 750 736 827 Χριστὸς,
770 748 845 811 ὡς
883 749 1082 825 βροτὸς
1142 745 1200 803 δὶ
1258 747 1429 821 ἀμνὸς
1459 741 1740 822 προσηγὸ-

151 863 315 921 ρευται.
342 846 596 914 Ἅμωμος
630 837 710 911 δὲ,
770 837 847 900 ὠς
879 838 1139 912 ἄγευστος
1178 834 1429 905 κηλίδος,
1481 838 1544 890 τὸ
1600 832 1740 907 ἠμὲ-

145 953 270 1008 τερον
298 934 485 1006 πάσχω
517 928 606 984 καὶ
638 927 714 992 ὠς
744 928 873 990 Θεὸς
907 926 1142 997 ἀληθὴς,
1194 923 1404 988 τὲλειος
1461 923 1736 981 λέλεκται.

196 1115 265 1171 Ὡς
294 1107 540 1172 ἐνιαύσιος
569 1107 740 1181 ἀμνὸς
772 1105 801 1160 ὁ
834 1104 1234 1182 εύλογούμενος
1292 1107 1427 1178 ἡμῖν
1479 1105 1734 1180 στέφανος

143 1199 333 1271 Χριστὸς
370 1197 626 1261 ἑκουσίως
684 1196 817 1272 ὑπὲρ
873 1200 1087 1250 παντων
1143 1190 1381 1263 τέθυται,
1434 1195 1622 1269 πάσχα
1674 1193 1736 1248 τὸ

136 1289 467 1363 καθαρτήριον.
496 1286 594 1342 Καὶ
613 1283 764 1348 αὖθις
779 1285 840 1341 ἐκ
852 1288 950 1341 τοῦ
963 1286 1136 1361 τάφου
1153 1283 1355 1361 ὡραῖος
1389 1280 1737 1353 δικαιοσύνης

136 1379 245 1450 ἡμῖν
272 1372 488 1450 ἔλαμψεν
511 1373 697 1446 ἥλιος.
900 1370 903 1373 ’

190 1466 238 1519 Ὀ
257 1468 526 1542 Θεοπάτωρ
566 1466 664 1538 μὲν
693 1459 861 1520 Δαϐἱδ
913 1463 1021 1539 πρὸ
1072 1470 1174 1532 τῆς
1241 1460 1509 1526 σκιώδους
1564 1458 1734 1517 κιϐω-

132 1560 226 1627 τοῦ,
255 1555 413 1625 ἥλατο
442 1560 696 1630 σκιρτῶν·
732 1555 759 1609 ὁ
792 1551 924 1616 λαὸς
960 1550 1015 1608 δὶ
1062 1556 1159 1608 τοῦ
1191 1556 1327 1608 Θεοῦ
1361 1553 1388 1607 ὁ
1421 1550 1600 1627 ἅγιος,
1632 1552 1731 1621 τήν

134 1646 221 1696 τῶν
246 1637 518 1715 συμϐόλων
551 1637 771 1697 ἔκϐασιν
800 1642 1056 1717 ὁρῶντες,
1088 1640 1474 1717 εύφρανθωμεν
1517 1641 1732 1712 ἐνθὲως,

132 1732 198 1785 ὅτι
224 1732 393 1803 ἀνέστη
423 1732 655 1805 Χριστὸς
686 1732 759 1794 ὡς
790 1728 1227 1804 παντοδύναμος.

1851 573 2117 630 Christus
2149 582 2214 630 ut
2243 577 2641 647 omnipotens.

1923 663 1993 717 Ut
2010 665 2310 720 masculus
2326 665 2565 737 quidem
2578 666 2871 737 ,aperiens
2890 666 3219 740 virgineum
3238 675 3498 739 uterum,

1849 754 2123 823 apparuit
2151 755 2418 810 Christus
2443 772 2455 809 :
2480 762 2546 810 ut
2571 756 2839 811 mortalis
2862 764 3274 830 autem,agnus
3297 760 3498 831 appel-

1848 840 2002 896 latus
2036 848 2159 898 est:
2192 844 2609 899 immaculatus
2641 850 2933 911 autem,ut
2964 846 3113 902 labis
3145 865 3495 918 expers,no-

1848 934 2037 985 strum
2069 932 2296 987 Pascha
2328 950 2341 988 :
2377 940 2435 987 et
2489 938 2554 988 ut
2609 935 2764 989 Deus
2814 951 3007 1005 verus,
3066 936 3362 1007 perfectus
3406 938 3496 994 di-

1847 1025 1975 1074 ctus
2003 1026 2110 1075 est.

1920 1110 1990 1163 Ut
2018 1110 2336 1166 anniculus
2367 1129 2712 1185 agnus,quze
2744 1112 3299 1170 benediciturnobis
3325 1133 3496 1172 coro-

1845 1214 1942 1265 na,
1975 1199 2240 1255 Christus
2274 1207 2483 1272 sponte
2516 1219 2620 1273 pro
2666 1203 2944 1257 omnibus
2987 1204 3352 1259 sacrificatus
3384 1211 3491 1272 est,

1845 1288 2071 1343 Pascha
2105 1290 2520 1361 expiatorium,
2555 1295 2613 1345 et
2642 1309 2850 1347 rursus
2873 1309 2942 1347 ex
2965 1293 3236 1364 sepulcro
3269 1296 3493 1366 specio-

1846 1393 1944 1431 sus
1968 1377 2219 1448 justitim
2254 1379 2428 1434 nobis
2459 1380 2764 1451 splenduit
2787 1381 2895 1435 sol.

1917 1466 2016 1521 Dei
2050 1468 2223 1521 Pater
2250 1468 2491 1539 quidem
2522 1470 2703 1523 David
2736 1475 2874 1524 ante
2919 1470 3261 1526 umbrosam
3294 1489 3492 1529 arcam

1843 1554 2073 1609 saltavit
2107 1557 2451 1622 exsultans;
2480 1558 2735 1628 populus
2767 1564 2962 1613 autem
2997 1560 3099 1614 Dei
3136 1566 3397 1631 sanctus,
3416 1564 3493 1617 si-

1840 1659 2089 1715 gnorum
2105 1650 2378 1699 eventum
2397 1646 2965 1713 videntes,leetemur
2987 1648 3494 1719 divine,quoniam

1840 1734 2097 1788 surrexit
2119 1735 2385 1789 Christus
2414 1741 2477 1789 ut
2506 1736 2860 1806 omipotens.

187 1821 527 1895 Ὀρθρίσωμεν
560 1817 763 1896 ὄρθρου
797 1819 1026 1896 βαθέως,
1080 1819 1170 1873 καὶ
1233 1818 1351 1873 ἀντὶ
1415 1820 1589 1892 μύρου
1636 1819 1726 1874 τὸν

1909 1823 2230 1894 Vigilemus
2261 1841 2434 1879 mane
2467 1824 2846 1895 profunde,et
2874 1844 2980 1896 pro
2999 1832 3301 1899 unguento
3319 1827 3487 1898 hym-

129 1908 262 1976 ὕμνον
283 1910 655 1984 προσοίσωμεν
688 1914 769 1982 τῷ
827 1911 1095 1984 Δεσπότῃ,
1156 1908 1246 1963 καὶ
1306 1909 1534 1983 Χριστὸν
1569 1908 1726 1982 ὀψώ-

130 2009 257 2068 μεθα,
287 1997 626 2070 δικαιοσύνης
658 1998 846 2068 ἣλιον,
876 2004 1005 2053 πᾶσι
1057 1999 1201 2067 ζωὴν
1233 1995 1620 2053 ἀνατέλλοντα.

178 2104 272 2172 Τὴν
301 2102 524 2181 ἅμετρόν
584 2125 684 2159 σου
742 2103 1148 2179 εὐσπλαγχνίαν
1191 2105 1243 2158 οἱ
1295 2109 1413 2165 ταῖς
1440 2107 1539 2159 τοῦ
1596 2098 1726 2173 ᾅδου

130 2199 297 2267 σειραῖς
370 2194 754 2269 συνεχόμενοι,
834 2190 1173 2268 δεδορκότες,
1259 2192 1397 2268 πρὸς
1462 2193 1525 2248 τὸ
1612 2196 1729 2266 φῶς

131 2281 398 2357 ἠπείγοντο,
434 2284 660 2360 Χριστὶ,
721 2279 1093 2358 ἀγαλλομένῳ
1139 2279 1289 2352 ποδὶ,
1350 2283 1545 2357 Πάσχα
1597 2302 1728 2356 κρο-

128 2374 307 2433 τοῦντες
333 2372 576 2429 αῒώνιον.

181 2460 545 2535 Προσὲλθωμεν
602 2458 1034 2537 λαμπαδηφόροι
1079 2465 1159 2533 τῷ
1214 2460 1459 2532 προιόντι
1502 2461 1727 2536 Χριστῷ

126 2548 171 2604 ἐκ
212 2556 295 2606 τοῦ
350 2555 660 2626 μνήματος,
722 2552 794 2614 ὠς
869 2551 1111 2630 νυμφίῳ,
1192 2552 1283 2607 καὶ
1354 2552 1728 2629 συνεορτάσω-

127 2659 203 2709 μεν
271 2647 380 2705 ταῖς
458 2640 779 2719 φιλεόρτοις
856 2643 1060 2713 τάξεσι,
1143 2643 1336 2717 Πάσχα
1408 2647 1729 2718 κροτοῦντες

126 2748 329 2787 αιωνιον.

178 2819 426 2889 Κατῆλθες
483 2822 537 2878 ἐν
601 2826 726 2883 τοῖς
777 2823 1111 2885 κατωτάτοις
1165 2824 1264 2891 τῆς
1320 2828 1426 2896 γῆς
1455 2821 1548 2876 καὶ
1577 2821 1728 2875 συνέ-

118 2910 275 2979 τριψας
319 2909 566 2985 μοχλοὺς
624 2908 899 2978 αἰωνίους,
947 2909 1242 2985 κατόχους,
1300 2907 1729 2981 πεπεδημένους,

123 2998 306 3067 Χριστὶ,
333 3000 419 3054 καὶ
448 3001 784 3076 τριήμερος,
802 2997 877 3062 ὠς
907 2997 966 3053 ἐκ
985 3001 1184 3070 κήτους
1216 2999 1425 3069 Ἰωνᾶς,
1453 2996 1731 3068 ἐξανέστης

118 3087 194 3137 τοῦ
218 3087 393 3165 τάφου.

176 3174 396 3247 Φυλάξας
442 3180 509 3233 τά
536 3180 830 3253 σήμαντρα
859 3181 995 3245 σῶα,
1057 3177 1271 3252 Χριστὶ,
1306 3174 1599 3252 ἐξηγέρθης
1632 3180 1729 3230 τοῦ

120 3260 359 3339 τάτου.’0
387 3267 482 3331 τάς
538 3266 704 3329 κλεῖς
755 3272 855 3335 τῆς
907 3265 1182 3342 Παρθένου
1234 3266 1309 3339 μή
1344 3263 1728 3338 λυμηνάμενος

120 3346 160 3401 ἒν
184 3356 248 3423 τῷ
272 3354 410 3429 τόκῳ
442 3377 565 3426 σου,
617 3355 710 3410 καὶ
768 3354 1011 3428 ἠνέῳξας
1070 3356 1205 3427 ἡμῖν
1254 3351 1581 3429 παραδείσου
1635 3354 1730 3416 τὰς

119 3436 277 3503 πύλας,

174 3532 332 3606 Σῶτὲρ
372 3555 498 3606 μου,
560 3534 633 3589 τὸ
692 3538 797 3603 ζῶν
852 3553 934 3600 τε,
986 3532 1077 3587 καὶ
1135 3531 1328 3595 ἃθυτον
1382 3531 1603 3605 ἱερεῖον,
1656 3530 1731 3593 ὡς

120 3617 219 3679 Θεὸς
259 3620 433 3677 ἑαυτὸν
495 3622 767 3684 ἑκουσίως
814 3622 1171 3697 προσαγαγὼν
1230 3625 1308 3692 τῷ
1366 3620 1559 3695 ΙῙατρὶ,
1609 3641 1731 3674 συν-

117 3706 366 3779 ανέστησας
440 3714 698 3789 παγγενῆ
781 3716 873 3767 τὸν
925 3709 1125 3785 Ἀδάμ,
1208 3710 1435 3771 ἀναστὰς
1520 3708 1581 3765 ἐκ
1634 3714 1731 3765 τοῦ

117 3811 254 3870 τάφου
262 3840 272 3853 .

170 3884 221 3940 Ὀ
272 3888 460 3955 παῖδας
518 3891 581 3945 ὲκ
644 3891 878 3963 καμίνου
932 3887 1233 3964 ῥυσάμενος
1286 3886 1580 3962 γενόμενος
1633 3888 1729 3942 ἂν·

120 3980 320 4044 Θρωπος,
350 3978 551 4035 πάσχει
587 3977 668 4038 ὠς
700 3989 915 4048 θνητος,
942 3975 1033 4031 καὶ
1084 3974 1174 4031 διὰ
1229 3976 1456 4045 πάθους,
1486 3978 1548 4031 τὸ
1606 3989 1732 4047 0w;-

114 4062 185 4116 τὸν
206 4065 481 4143 ἄφθαρσίας
515 4068 702 4126 ἐνδύει
748 4068 1087 4141 εὐπρέπειαν,
1122 4068 1151 4122 ὁ
1213 4067 1376 4142 μόνος
1430 4065 1730 4143 εὺλογητὸς

116 4154 201 4204 τῶν
222 4158 449 4234 πατέρων
484 4160 649 4227 Θεὸς,
680 4156 770 4212 καὶ
803 4154 1174 4230 ὑπερένδοξος.

173 4271 394 4334 Γυναῖκες
423 4274 563 4346 μετὰ
602 4270 791 4345 μύρων
823 4269 1134 4347 θεόφρονες,
1192 4268 1370 4324 ὀπίσω
1426 4290 1521 4324 σου
1578 4263 1732 4345 ἔδρα-

118 4373 215 4420 μον·
241 4357 292 4410 δν
331 4357 386 4415 δὲ
415 4361 490 4425 ὠς
551 4360 753 4431 θνητὸν
815 4361 949 4433 μετὰ
1008 4356 1253 4435 δακρύων
1310 4356 1532 4429 ἐξήτουν
1562 4379 1735 4434 προσ-

113 4443 334 4516 ικῦνησαν
367 4452 675 4528 χαίρουσαι
711 4454 884 4519 ζῶντα
914 4448 1065 4506 Θεύν.
1098 4448 1197 4503 Καὶ
1256 4448 1449 4503 Πάσχα
1476 4448 1539 4503 τὸ
1600 4468 1734 4521 μυσ-

111 4535 234 4589 τικὸν
260 4543 368 4603 τοῖς
392 4545 646 4616 Χριστοῦ
674 4542 943 4614 μαθηταῖς
972 4536 1412 4616 εὖηγγελίσαντο.

170 4718 388 4775 Θανάτου
416 4723 777 4798 ἑορτάσωμεν
809 4721 1092 4796 νέκρωσιν,
1144 4716 1275 4790 ᾃὸου
1329 4720 1429 4788 τήν
1483 4717 1738 4793 καθαίρε-

116 4820 199 4874 σιν,
237 4804 405 4881 ἅλλης
443 4813 651 4888 βιοτῆς
680 4817 781 4880 τῆς
839 4809 1065 4864 αἰωνίου
1121 4808 1402 4883 ἀπαρχῆς,
1451 4805 1541 4862 καί
1588 4828 1737 4882 σκιρ-

111 4896 280 4959 tanta;
308 4898 571 4974 ὑμνῶμεν
606 4899 699 4954 τὸν
738 4898 933 4967 αἴτιον,
964 4900 1057 4953 τὸν
1111 4897 1277 4971 μόνον
1306 4896 1606 4971 εύλογητὸν
1634 4901 1741 4951 τῶν

114 4985 325 5058 πατέρων
354 4992 483 5045 Θεὸν
513 4990 613 5045 καὶ
651 4985 1021 5064 ὑπερὲνδοεον.

165 5073 242 5135 Ὠς
271 5074 442 5141 ὅντως
475 5080 605 5155 ἱερά
629 5078 720 5133 καί
750 5074 1047 5151 πανέορτος
1079 5075 1213 5147 αὕτη
1246 5079 1282 5146 ἡ
1321 5076 1594 5148 σωτήριος
1627 5073 1740 5146 νὺξ,

112 5160 523 5243 καὶφωταυγής,
578 5173 683 5236 τῆς
717 5165 1119 5244 λαμπροφόρου
1176 5165 1388 5240 ἡμέρας
1442 5170 1541 5233 τῆς
1594 5161 1743 5237 ἐγέρ-

111 5268 218 5313 mu:
246 5255 379 5312 οὖσα
410 5255 802 5331 προάγγελος,
835 5255 889 5310 ὲν
921 5254 955 5329 ᾖ
1006 5256 1068 5310 τὸ
1128 5254 1368 5329 ἄχρονον
1411 5257 1525 5331 φῶς
1559 5251 1618 5307 ἐκ
1645 5254 1741 5305 τά-

108 5357 189 5411 sou
210 5352 536 5417 σωματικῶς
573 5351 737 5400 πᾶσιν
767 5344 1101 5418 ἐπέλαμψεν.

158 5431 294 5505 Αὖτη
326 5440 363 5506 ἡ
396 5434 593 5506 κλητή
628 5436 718 5489 καὶ
750 5436 879 5511 ἁγία
903 5431 1105 5508 ἡμέρα,
1141 5436 1175 5505 ἡ
1212 5432 1306 5508 μία
1358 5437 1467 5487 τῶν
1527 5424 1743 5486 Σαϐϐά-

108 5526 277 5594 των,ἡ
312 5525 538 5601 βασιλὶς
600 5526 692 5579 καὶ
748 5523 930 5599 κυρία,
991 5524 1192 5599 ἑορτῶν
1253 5522 1440 5599 ἑορτὴ,
1491 5521 1582 5576 καὶ
1639 5541 1745 5574 πα-

108 5611 295 5687 νήγυρίς
318 5615 430 5672 ἐστὶ
462 5612 861 5691 πανηγύρεων,
915 5612 968 5669 ἐν
1024 5614 1061 5687 ᾗ
1115 5611 1449 5691 εὐλογοῦμεν
1508 5610 1742 5687 Χριστὸν

111 5697 170 5759 εἷς
196 5703 313 5767 τοὺς
342 5706 575 5769 αἰῶνας.

396 5829 682 5889 Pax-non.
728 5825 839 5889 Gn.
884 5822 1089 5889 XCVI.

1764 4590 1811 4655 D

1838 1928 1982 1966 num
2013 1914 2335 1968 afferamus
2368 1914 2707 1981 Domino,et
2736 1916 3035 1970 Christum
3066 1916 3487 1989 videamusju-

1840 2001 2015 2055 stitiaa
2048 2002 2544 2072 solem,omnibus
2574 2004 2751 2058 vitam
2776 2005 3165 2061 exorientem.

1907 2108 2051 2162 Cum
2081 2109 2437 2164 immensam
2457 2115 2616 2165 tuam
2640 2110 3110 2165 misericordiam
3142 2112 3242 2182 qui
3270 2111 3488 2168 inferni

1838 2198 2063 2252 catenis
2095 2199 2401 2254 constricti
2434 2200 3170 2270 erant,conspexissent,in
3192 2200 3389 2256 lucem
3407 2201 3489 2256 fe-

1838 2286 2750 2355 stinabant,Christe,exsultanti
2774 2287 3179 2360 pede,Pascha
3207 2288 3494 2360 plauden-

1838 2380 1926 2431 tes
1952 2383 2263 2433 mternum.

1910 2466 2277 2521 Accedamus
2299 2466 2455 2522 faces
2484 2467 2745 2523 ferentes
2785 2466 3124 2522 advenienti
3156 2467 3389 2524 Christo
3423 2484 3493 2523 ex

1839 2560 2322 2623 monumento,ut
2352 2573 2568 2627 sponso
2596 2574 2608 2611 :
2632 2562 2689 2611 et
2714 2573 2835 2611 una
2850 2557 3064 2611 festum
3094 2573 3338 2629 agamus
3357 2574 3492 2612 cum

1839 2644 2063 2699 festivis
2094 2644 2423 2712 ordinibus,
2456 2646 2682 2700 Pascha
2710 2644 3065 2716 plaudentes
3097 2651 3408 2701 aeternum.

1911 2819 2279 2876 Descendisti
2310 2821 2371 2875 in
2397 2821 2605 2876 infima
2635 2826 2824 2890 terrai,
2847 2826 2905 2876 et
2934 2820 3265 2876 contrivisti
3296 2827 3490 2877 vectes

1840 2911 2258 2981 aereos,eisque
2291 2910 2562 2965 detentos
2593 2910 3159 2981 expedisti,Christe,
3180 2916 3237 2963 et
3266 2909 3487 2965 tridua-

1841 3020 1976 3071 nus,
2009 3008 2077 3058 ut
2106 3019 2173 3057 ex
2207 3007 2333 3057 cete
2372 3003 2572 3070 Jonas,
2605 3002 2986 3057 exsurrexisti
3014 3018 3044 3057 e
3081 3001 3375 3073 sepulcro.

1914 3182 2167 3237 Servatis
2195 3179 2377 3252 signis
2400 3178 2996 3250 sospitibus,Christe,
3018 3180 3334 3235 suscitatus
3360 3196 3421 3234 es
3455 3195 3485 3235 e

1845 3272 2137 3343 sepulcro.
2163 3270 2269 3335 Qui
2300 3269 2493 3324 claves
2522 3268 2772 3340 Virginis
2794 3285 2913 3323 non
2937 3269 3236 3324 offendisti
3257 3269 3397 3324 dum
3430 3274 3487 3323 te

1840 3361 2092 3432 peperit,
2117 3364 2175 3415 et
2196 3357 2475 3413 reserasti
2501 3356 2673 3412 nobis
2699 3356 2957 3428 paradisi
2981 3363 3201 3429 portas.

1912 3538 2175 3593 Salvator
2191 3554 2379 3602 meus,
2412 3537 2752 3606 vivensque,
2784 3552 2893 3590 nec
2950 3541 3205 3591 mactata
3225 3536 3485 3603 victima,

1839 3632 1905 3682 ut
1934 3629 2109 3695 Deus,
2129 3628 2389 3698 seipsum
2412 3631 2622 3697 sponte
2657 3626 2914 3680 oﬁ‘erens
2946 3626 3124 3692 Patri,
3150 3642 3268 3680 una
3299 3625 3484 3679 susci-

1840 3718 1977 3771 tasti
2009 3717 2391 3789 omnigenum
2419 3715 2627 3780 Adam,
2662 3730 2911 3787 surgens
2943 3730 2973 3768 e
3006 3715 3297 3786 sepulcro.

1912 3894 2018 3961 Qui
2042 3911 2256 3967 pueros
2288 3912 2317 3950 e
2350 3895 2588 3949 fornace
2611 3893 2902 3963 liberavit,
2934 3893 3125 3948 factus
3155 3893 3352 3960 homo,
3374 3911 3487 3964 pa-

1844 3985 1985 4039 titur
2016 3991 2081 4039 ut
2107 3985 2374 4039 mortalis
2409 4001 2421 4037 :
2453 3988 2511 4039 et
2540 4000 2646 4054 per
2676 3982 3207 4055 passionem.quod
3241 3982 3489 4037 mortale

1844 4072 2461 4144 erat,incorruptionis
2492 4072 2686 4126 vestiit
2715 4074 2927 4127 decore
2964 4089 2975 4126 :
3003 4071 3165 4126 solus
3195 4070 3487 4125 benedic-

1843 4170 1938 4218 tus
1960 4169 2195 4235 patrum
2225 4164 2397 4230 Deus,
2432 4166 2488 4216 et
2518 4161 3005 4234 gloriosissimus.

1914 4271 2066 4326 686
2098 4269 2371 4325 Mulieres
2403 4269 2508 4340 piis
2541 4284 2675 4322 cum
2706 4268 3025 4339 unguentis
3056 4270 3265 4337 postte
3288 4282 3492 4320 accur-

1844 4366 2089 4415 rerunt:
2125 4375 2302 4429 quem
2331 4364 2528 4413 autem
2560 4362 2625 4411 ut
2681 4355 2992 4411 mortalem
3052 4372 3187 4410 cum
3244 4354 3493 4425 lacymis

1845 4448 2213 4519 quaerebant,
2245 4446 2567 4501 adorarunt
2595 4443 2938 4515 gaudentes,
2957 4442 3250 4497 viventem
3288 4444 3491 4509 Deum,

1846 4545 1905 4593 et
1934 4538 2159 4593 Pascha
2188 4551 2470 4591 arcanum
2500 4532 2716 4588 Christi
2736 4531 3044 4604 discipulis
3066 4532 3216 4588 bene
3244 4530 3490 4586 nuntia-

1844 4633 2005 4684 runt.

1920 4717 2120 4772 Mortis
2150 4714 2518 4770 celebremus
2548 4711 3092 4778 mortificationem,
3126 4710 3340 4765 inferni
3393 4708 3495 4764 de-

1850 4803 2513 4868 structionem,alterius
2540 4803 2671 4856 vitae
2697 4800 3075 4871 sempiternas
3097 4799 3421 4871 primitias;
3440 4804 3498 4852 et

1850 4896 2132 4952 salientes
2163 4897 2470 4947 cantemus
2501 4897 2805 4945 auctorem
2833 4906 2845 4943 :
2882 4889 3073 4943 solum
3116 4886 3497 4943 benedictum

1850 4987 2083 5040 Patrem
2116 4983 2320 5045 Deum,
2350 4986 2407 5034 et
2439 4979 2961 5050 supergloriosum.

1922 5074 2106 5137 Quam
2128 5085 2260 5124 vere
2294 5084 2461 5122 sacra
2490 5073 2548 5120 et
2579 5072 2700 5119 tota
2719 5065 2922 5118 festiva
2954 5063 3497 5118 hazcsalutarisnox

1854 5160 2142 5225 et’lucida,
2172 5154 2631 5228 splendiscentis
2673 5152 2790 5207 diei
2828 5152 3283 5207 resurrectionis
3313 5152 3499 5206 exsis-

1852 5257 1983 5307 tens
2005 5246 2359 5321 praenuntia,
2393 5245 2452 5298 in
2486 5260 2603 5314 qua
2655 5242 2941 5312 temporis
2998 5259 3199 5296 exsors
3233 5242 3431 5296 lumen
3467 5258 3497 5296 e

1855 5340 2127 5412 sepulcro
2159 5334 2549 5406 corporaliter
2569 5331 2846 5387 omnibus
2874 5330 3115 5386 etfulsit.

1927 5432 2057 5484 Ηωο
2088 5431 2292 5481 vocata
2324 5428 2412 5478 est
2443 5427 2647 5477 sancta
2677 5421 2949 5488 dies,una
2980 5420 3498 5487 Sabbatorum,re-

1852 5521 1989 5593 gina
2013 5523 2069 5571 et
2100 5514 2340 5571 domina
2364 5529 2376 5567 :
2398 5511 2844 5567 solemnitatum
2871 5511 3237 5579 solemnitas,
3261 5515 3318 5565 et
3346 5509 3499 5565 cele-

1855 5609 2039 5665 britas
2070 5610 2160 5661 est
2190 5601 2625 5668 celebritatum,
2654 5601 2715 5654 in
2749 5616 2865 5671 qua
2886 5600 3296 5657 benedicimus
3336 5599 3505 5653 Chri-

1856 5703 2013 5754 stum
2044 5710 2150 5767 per
2176 5690 2413 5748 saecula.

3109 5809 3185 5867 27
