4000 6202
486 328 593 385 843
1762 331 1823 386 s.
1861 326 2163 385 JOANNIS
2197 321 2611 382 pantacum
3689 338 3761 395 ω

555 454 742 527 Agite,
773 469 991 510 novum
1021 453 1153 511 vitis
1182 455 1461 524 fructum,
1491 454 1752 512 divinam
1784 454 2133 511 delectatio—

2193 463 2217 519 ι
2318 450 2498 519 Δεῦτε,
2549 450 2647 502 τοῦ
2704 450 2896 502 καινοῦ
2942 454 3043 517 τῆς
3095 448 3341 521 ἀμπέλου
3391 456 3684 529 γεννήματος,
3703 469 3773 532 τῆς

486 561 624 601 nem
655 545 715 599 in
747 544 965 616 insigni
999 545 1093 600 die
1127 546 1602 614 resurrectionis,
1636 563 1886 619 regnum
1917 544 2066 600 Chri‘

2249 537 2395 600 θείας
2428 536 2788 614 εὐφροσύνης,
2823 538 2877 591 ἐν
2936 541 3005 604 τῇ
3064 538 3290 613 εὖσήμῳ
3344 543 3504 616 ἡμέρᾳ
3548 553 3630 615 τῆς
3669 547 3774 623 ὲγὲρ.

485 634 1247 705 participemus,laudantes
1269 636 1467 708 ipsum
1489 642 1555 691 ut
1578 637 1760 691 Deum
1774 651 1880 708 per
1895 633 2065 690 saecul

2250 648 2404 694 σεως,
2441 626 2721 702 βασιλείας
2750 631 2848 682 τοῦ
2877 633 3116 703 Χριστοῦ
3169 634 3575 708 κοινωνήσωμεν,
3609 637 3773 710 ὑμνοῦν.

2245 737 2333 778 τες
2362 716 2521 772 αὐτὸν
2552 717 2627 778 ὡς
2660 719 2788 772 Θεὸν
2814 717 2895 780 εἷς
2924 716 3051 781 τοὺς
3080 720 3299 783 αἰῶνας.

560 814 707 869 Leva
722 814 1106 870 circumcirca
1127 815 1331 870 oculos
1363 821 1515 883 tuos,
1549 815 1708 883 Sion,
1736 820 1793 872 et
1812 814 1976 869 vide:
2005 829 2139 867 ecce

2318 811 2483 882 Ἀρον
2516 806 2705 879 κόκλῷ
2734 807 2861 870 τοὺς
2924 807 3243 886 ὀφθαλμούς
3299 832 3389 866 σου
3437 815 3580 886 Σιὼν,
3622 815 3777 873 καὶῗόεθ

492 904 650 958 enim
683 911 969 959 venerunt
990 905 1309 960 tibidivina
1334 905 1464 960 luce
1498 905 1753 976 praediti,
1784 905 1944 960 velut
1981 904 2071 959 fac

2252 892 2369 950 ἰδοὺ
2424 897 2523 970 γὰρ
2583 896 2745 964 ἤκασί
2803 918 2900 951 σου
2960 904 3287 975 θεοφεγγεῖς,
3346 902 3414 963 ὡς
3465 911 3705 980 φωστῆρες,
3742 906 3781 961 ix

489 994 561 1049 ab
593 1000 892 1057 occasu,et
911 996 1279 1066 aquilone,et
1308 997 1478 1063 mari,
1513 996 1842 1063 etoriente,
1878 994 1987 1050 ﬁlii
2029 1000 2069 1048 t1

2250 982 2495 1058 δυσμῶν,
2525 986 2614 1040 καὶ
2646 984 2838 1061 βορῥᾶ,
2870 985 2959 1041 καὶ
2993 985 3291 1059 θαλάσσης,
3321 991 3405 1045 καὶ
3464 992 3581 1054 ἐώας
3605 996 3657 1047 τὰ
3677 995 3781 1050 rixis

490 1085 553 1139 in
582 1090 637 1139 te
654 1084 1079 1139 benedicentes
1106 1086 1405 1140 Christum
1440 1102 1546 1156 per
1586 1085 1824 1141 saacula.

2249 1094 2367 1144 σου,
2400 1072 2451 1128 ἐν
2487 1074 2571 1128 σοὶ
2605 1073 2941 1150 εὐλογοῦντα
2971 1078 3206 1152 Χριστὸν
3236 1077 3311 1140 εἷς
3338 1079 3541 1143 αἰῶνας.

561 1176 735 1228 Pater
752 1174 1217 1245 omnipotens,et
1245 1174 1585 1240 Verbum,et
1619 1175 1888 1245 Spiritus,
1924 1188 2046 1228 una
2079 1172 2139 1226 in

2321 1163 2494 1236 Πάτερ
2548 1165 2946 1240 παντοκράτορ,
3006 1166 3097 1221 καὶ
3155 1168 3313 1243 Λόγε,
3367 1168 3451 1223 καὶ
3502 1175 3691 1244 Πνεῦμα,
3711 1192 3786 1245 τρια

490 1262 680 1317 tribus
711 1264 980 1334 personis
1004 1264 1339 1318 consistens
1370 1269 1601 1326 natura,
1620 1262 1880 1318 essentia
1911 1266 1969 1317 et
2000 1260 2070 1315 di‘

2251 1252 2332 1307 σὶν
2392 1251 2677 1327 ἐνιζομὲνη
2735 1254 2786 1309 ἐν
2852 1254 3179 1311 ὑποστάσεσι
3229 1257 3401 1335 φύσις,
3452 1259 3688 1334 ὑπεροῦσιε
3726 1263 3783 1315 καὶ

492 1352 677 1407 nitate
708 1353 901 1423 major
933 1371 946 1419 ;
981 1352 1041 1406 in
1074 1356 1128 1406 te
1154 1352 1430 1422 baptizati
1464 1368 1689 1420 sumus,
1712 1357 1769 1406 et
1798 1356 1855 1406 te
1888 1349 2072 1406 bened

2254 1338 2498 1419 ὑπέρθεε,
2530 1342 2607 1406 εἷς
2637 1346 2693 1399 σὶ
2728 1339 3154 1420 βεϐαπτίσμεθα,
3185 1348 3275 1402 καὶ
3334 1347 3389 1403 σὶ
3442 1348 3713 1426 εὐλογοῦμεν
3736 1352 3786 1406 ἀεὶ

493 1442 683 1497 cimus
715 1458 952 1512 semper
980 1441 1042 1495 in
1074 1441 1313 1496 saacula.

1163 1441 1313 1496 cula.
2250 1431 2328 1494 εἷς
2358 1432 2487 1494 τοὺς
2518 1432 2743 1496 αῗῶνας.

562 1530 928 1599 Illuminare,
960 1530 1324 1600 illuminare,
1357 1546 1507 1585 nova
1535 1529 1864 1585 Jerusalem
1900 1544 1913 1585 :
1948 1528 2138 1601 gloria

2322 1522 2594 1593 Φωτίζου,
2628 1522 2869 1598 φωτίζου
2898 1526 2933 1595 ἡ
2984 1525 3079 1581 νὲα
3131 1526 3506 1601 Ἰερουσαλήμ*
3549 1527 3683 1603 ἡγὰρ
3706 1526 3792 1599 δόξα

494 1619 653 1674 enim
676 1618 908 1673 Domini
938 1619 1001 1674 in
1035 1624 1089 1674 te
1122 1625 1252 1674 orta
1281 1624 1387 1675 est.
1422 1619 1581 1674 Salta
1608 1636 1768 1674 nunc
1801 1622 1858 1672 et
1889 1617 2074 1672 exsult

2250 1612 2452 1689 Κυρίου
2503 1612 2595 1667 ἐπὶ
2654 1613 2711 1667 σὲ
2767 1611 3029 1673 ἀνέτειλε.
3088 1614 3292 1693 Χόρευε
3346 1621 3456 1685 νῦν,
3502 1618 3579 1671 καὶ
3621 1616 3795 1693 ἂγάλλου

492 1710 633 1765 Sion
660 1725 672 1763 :
706 1714 769 1764 tu
793 1725 930 1763 vero
962 1715 1165 1765 sancta
1196 1707 1858 1780 delectare,Deipara,in
1892 1707 2072 1763 suscit

2251 1702 2417 1757 Σιών⁶
2452 1702 2514 1756 σὺ
2548 1698 2607 1756 δὲ
2635 1703 2766 1777 ἆγνή
2793 1704 2997 1778 τὲρπου
3054 1706 3306 1775 Θεοτόκε,
3338 1704 3387 1759 ὲν
3439 1709 3502 1781 τῇ
3546 1705 3794 1782 ἐγέρσειτοῦ

494 1799 657 1853 tione
691 1798 772 1852 tui
803 1797 981 1853 fetus.

2172 1826 2220 1892 B
2249 1793 2413 1847 τόκου
2446 1813 2564 1892 σου.

566 1888 608 1943 Ο
640 1888 920 1957 divinam,
954 1904 986 1942 ο
1019 1889 1291 1954 amicam,
1326 1905 1359 1942 o
1410 1887 1819 1942 dulcissimam
1852 1891 2013 1942 tuam
2044 1902 2139 1940 vo-

2213 1878 2218 1886 ν
2321 1886 2389 1936 Ὤ
2420 1881 2584 1953 θείας,
2619 1878 2663 1935 ὤ
2690 1881 2876 1957 φίλης,
2928 1879 2973 1936 ὣ
3020 1882 3360 1957 γλυκυτάτης
3400 1905 3488 1939 σου
3522 1890 3689 1960 φωνῆς’
3717 1884 3793 1956 μεθ’

494 1994 649 2034 cem:
676 1978 988 2033 nobiscum
1020 1978 1181 2033 enim
1202 1979 1328 2033 sine
1346 1976 1655 2032 mendacio
1678 1977 2002 2048 promisisti
2018 1975 2073 2029 fo

2251 1972 2411 2044 ἡμῶν
2434 1968 2681 2044 ἀψευδῶς
2707 1972 2810 2047 γὰρ
2849 1971 3168 2048 ὲπηγγείλω
3225 1969 3429 2028 ἔσεσθαι
3485 1972 3798 2048 μὲχριτερμὰ-

492 2083 681 2138 usque
707 2068 779 2122 ad
813 2069 962 2122 ﬁnes
994 2067 1662 2137 saeculi,Christe,quam
1679 2066 1886 2121 ﬁdeles
1916 2066 2069 2121 anch

2248 2083 2355 2116 των
2390 2061 2613 2127 αἰῶνας,
2648 2063 2870 2137 Χριστέ,
2901 2063 2968 2131 ἢν
3030 2064 3082 2117 οἱ
3139 2063 3327 2119 πιστοὶ
3384 2064 3596 2139 ἄγκυραν
3643 2058 3801 2124 ἐλπίδος

490 2173 619 2210 ram
653 2156 776 2226 spei
812 2161 1085 2211 tenentes
1120 2156 1507 2210 exsultamus.

1423 2172 1507 2209 us.
2249 2149 2593 2226 κατέχοντες,
2626 2150 3003 2225 ἀγαλλόμεθα.

565 2246 607 2300 Ο
639 2246 864 2299 Pascha
894 2261 1174 2316 magnum
1208 2250 1265 2299 et
1294 2243 1761 2299 sacratissimum
1791 2244 2043 2311 Christe,
2107 2262 2139 2300 ο

2320 2246 2382 2294 *Ω
2413 2240 2598 2315 πάσχα
2627 2241 2688 2295 τὸ
2724 2242 2879 2316 μέγα,
2911 2241 3002 2297 καὶ
3033 2242 3333 2316 ἱερώτατον
3368 2242 3566 2316 Χριστὶ,
3616 2241 3653 2294 ὧ
3675 2237 3801 2315 σοφία,

491 2334 869 2404 sapientia,et
890 2334 1148 2388 Verbum
1180 2334 1305 2401 Dei,
1339 2339 1397 2387 et
1425 2332 1692 2404 potentia
1725 2349 1737 2386 :
1771 2332 1845 2388 da
1876 2333 2047 2387 nobis

2250 2330 2337 2384 καὶ
2368 2329 2506 2403 Λόγε
2533 2334 2631 2385 τοῦ
2660 2334 2815 2400 Θεοῦ,
2861 2331 2949 2384 καὶ
2985 2327 3213 2404 δύναμις
3250 2334 3263 2389 ι
3325 2328 3483 2386 Δῖδου
3535 2332 3649 2403 ἡμῖν
3694 2326 3806 2383 Extu-

491 2424 829 2494 expressius
862 2428 917 2477 te
960 2422 1406 2495 participemus,
1441 2422 1503 2476 in
1558 2438 1678 2476 non
1712 2438 2071 2494 vesperascei

2250 2419 2493 2495 πώτερόν
2529 2440 2624 2475 σου
2660 2425 2974 2496 μετασχεῖν,
3028 2418 3079 2475 ἐν
3129 2425 3200 2496 τῇ
3264 2422 3530 2496 ἀνεσπὲρῳ
3582 2418 3725 2493 ἡμέρᾳ
3744 2423 3809 2483 τῆς

490 2513 657 2585 regni
690 2512 772 2568 tui
804 2512 920 2567 die.

2257 2505 2532 2583 βασιλείας
2560 2530 2678 2565 σου.

1146 2674 1225 2726 EJ
1237 2672 1488 2729 USDEM.

2802 2744 2818 2759 .
2882 2675 3013 2728 ΤΟΥ
3052 2673 3283 2728 ΑΥΤΟΥ

594 2793 659 2848 In
688 2790 1123 2861 Assumptionem
1153 2790 1373 2845 Domini
1411 2790 1587 2845 nostri
1641 2790 1768 2844 Jesu
1797 2789 2025 2848 Christi.

2391 2785 2484 2851 Εἷς
2510 2787 2611 2856 τήν
2670 2783 2941 2861 ἀνάληψιν
2994 2791 3092 2841 τοῦ
3147 2785 3352 2862 Κυρίου
3382 2789 3537 2861 ἡμῶν
3565 2786 3713 2855 Ἰησοῦ

2932 2862 3202 2916 Χριστοῦ.

2990 2879 3202 2935 ριστου.

558 2994 840 3051 Salvatori
871 2996 1011 3062 Deo,
1046 2994 1145 3065 qui
1196 2994 1257 3048 in
1306 2993 1457 3050 mari
1489 2994 1775 3066 populum
1808 2994 1980 3050 siccis
2033 3011 2136 3066 pe-

2314 2998 2401 3066 Τῷ
2434 2999 2655 3068 Σωτῆρι
2687 2992 2823 3067 Θεῷ,
2855 2998 2934 3066 τῷ
2964 2993 3015 3049 ἐν
3050 2992 3300 3069 θαλάσσῃ
3363 2993 3488 3049 λαὸν
3534 2990 3671 3046 ποσὶν
3695 2982 3807 3059 ἀϐρό-

486 3088 660 3144 dibus
690 3088 954 3155 duxit,et
974 3087 1341 3141 Pharaonem
1374 3103 1510 3142 cum
1544 3088 1818 3142 universo
1875 3088 2065 3142 exerci

2246 3102 2372 3160 χοις
2404 3082 2760 3161 ὁδηγήσαντι,
2789 3085 2880 3141 καὶ
2923 3086 3127 3161 Φαραὼ
3182 3089 3517 3161 πανστρατιᾷ
3570 3079 3810 3139 nata-roni-

488 3177 773 3233 demersit
806 3193 819 3231 :
848 3176 961 3248 ipsi
992 3175 1102 3231 soli
1132 3192 1436 3244 canamus,
1492 3176 1777 3247 quoniam
1832 3175 2068 3248 gloriﬁc.

1955 3176 2131 3232 ‘iﬁca-
2166 3195 2209 3262 ρ
2248 3196 2417 3246 σαντι,
2446 3174 2591 3247 αὐτῷ
2623 3176 2773 3249 μόνῳ
2812 3173 3053 3251 ᾅσωμεν,
3086 3174 3170 3230 ὅτι
3206 3172 3535 3246 δεδόξασται.

489 3272 584 3322 tus
609 3273 717 3322 est.

559 3358 873 3425 Canamus,
906 3371 1112 3410 omnes
1143 3354 1367 3426 populi,
1402 3354 1462 3408 in
1494 3353 1758 3409 humeris
1817 3354 2136 3410 Cherubim

2317 3356 2595 3428 ᾋσωμεν,
2653 3353 2847 3419 πάντες
2902 3351 3050 3428 λαοὶ,
3103 3359 3184 3427 τῷ
3232 3355 3323 3410 ἐπὶ
3387 3352 3547 3427 ὤμων
3599 3341 3810 3425 Χερουϐὶμ

488 3445 831 3501 ascendenti
864 3460 999 3498 cum
1038 3444 1225 3515 gloria
1248 3444 1569 3511 Christo,et
1598 3443 1913 3498 collocanti
1944 3461 2053 3499 nos

2248 3441 2610 3520 ἀναληφθὲντι
2664 3446 2800 3514 μετὰ
2851 3442 3013 3515 δόξης
3071 3444 3318 3520 Χριστῷ,
3370 3444 3459 3499 καὶ
3510 3437 3811 3517 cupiat)th

490 3533 732 3589 dextera
762 3533 1235 3600 Patris,victoriaa
1267 3533 1818 3604 cantum,quoniam
1847 3533 2070 3605 glorific

2246 3532 2393 3603 ἡμᾶς
2415 3530 2465 3586 ἐν
2514 3529 2660 3604 δεξιᾷ
2703 3537 2800 3588 τοῦ
2833 3533 3067 3608 Πατρός,
3125 3530 3281 3606 ᾠδήν
3342 3532 3609 3599 ἐπινίκιον,
3659 3523 3812 3583 51:35-

490 3626 585 3676 tus
619 3627 725 3677 est.

2248 3617 2516 3690 δόξασται.

564 3710 945 3763 Mediatorem
966 3709 1069 3764 Dei
1089 3715 1146 3764 et
1174 3710 1486 3765 hominum
1518 3712 2007 3779 Christum,chori
2030 3729 2137 3766 an-

2313 3712 2411 3765 Τὸν
2444 3709 2666 3783 μεσίτην
2728 3715 2862 3767 Θεοῦ
2910 3710 3001 3766 καὶ
3059 3711 3364 3786 ἀνθρώπων
3425 3708 3653 3786 Χριστὸν,
3700 3700 3813 3779 χοροὶ

490 3798 759 3871 gelorum
792 3803 1124 3869 spectantes
1155 3815 1289 3853 cum
1322 3816 1500 3854 carne
1530 3801 1592 3854 in
1625 3802 1893 3869 excelsis,
1928 3801 2070 3855 obsti

2243 3797 2490 3874 ἀγγέλων
2526 3800 2844 3874 θεασάμενοι
2907 3801 3041 3874 μετᾶ
3097 3803 3303 3876 σαρκὸς
3356 3800 3407 3855 ἐν
3467 3798 3703 3874 ὑψίστοις,
3733 3792 3811 3863 ἷξε·

487 3887 829 3960 pescebant.
847 3888 1255 3942 Consonanter
1283 3896 1485 3943 autem
1506 3890 1853 3945 recinebant
1874 3891 2067 3945 victori

2240 3888 2571 3960 πλήττοντο’
2601 3891 2910 3968 συμφώνως
2938 3888 2995 3946 δὲ
3034 3891 3353 3964 ἀνέμελπον
3412 3891 3572 3965 ὕμνον
3597 3884 3813 3949 ἐπινίκιον,

485 3984 747 4043 cantum,
777 3978 1058 4048 quoniam
1091 3978 1455 4050 gloriﬁcatus
1488 3984 1595 4034 est.

1112 3978 1455 4050 gloriﬁcatus
1488 3984 1595 4034 est.
2241 3979 2324 4034 ὅτι
2359 3976 2692 4050 δεδόξασται.

552 4068 825 4123 Potentia
846 4067 1036 4123 crucis
1069 4073 1205 4137 tuae,
1227 4068 1478 4133 Christe,
1515 4068 1705 4123 solida
1735 4085 1929 4123 meam
1958 4086 2130 4125 men-

2312 4071 2543 4143 Δυνάμει
2573 4075 2670 4125 τοῦ
2714 4075 2945 4144 σταυροῦ
2975 4092 3092 4140 σου,
3157 4072 3385 4148 Χριστὶ,
3448 4063 3709 4144 στερέωσόν
3736 4080 3809 4133 μου

479 4162 622 4225 tem,
656 4157 729 4212 ad
760 4157 1098 4213 canendum
1128 4164 1186 4213 et
1214 4157 1669 4230 gloriﬁcandum
1714 4163 1875 4213 tuam
1899 4159 2059 4214 salut

2236 4160 2335 4228 τήν
2370 4157 2633 4229 διάνοιαν,
2693 4159 2770 4223 εἷς
2823 4161 2884 4216 τὸ
2944 4160 3130 4234 ὑμνεῖν
3186 4160 3281 4215 καὶ
3342 4157 3570 4229 δοξάζειν
3621 4174 3698 4208 σου
3738 4150 3811 4215 τήν

479 4262 606 4301 rem
635 4246 1066 4302 ascensionem.

2238 4251 2507 4325 σωτήριον
2541 4248 2839 4324 ἀνάληψιν.

551 4336 698 4390 687
736 4336 984 4390 Ordines
1012 4336 1639 4405 angelorum,Christe,
1666 4336 1977 4391 mortalem
2008 4354 2123 4393 na-

2302 4340 2369 4395 A't
2424 4338 2597 4413 τάξεις
2652 4344 2760 4394 τῶν
2820 4336 3087 4413 ἀγγέλων,
3147 4339 3372 4413 Χριστὶ,
3437 4333 3657 4412 βροτείαν
3700 4327 3817 4405 φύσιν

477 4430 672 4480 turam
705 4430 1188 4497 spectantes,una
1218 4426 1648 4481 ascendentem
1682 4432 1896 4495 tecum,
1923 4427 2054 4483 ince

2235 4428 2554 4501 θεασάμεναι
2586 4429 2932 4483 συνανιοῦσάν
2965 4449 3049 4483 σοι
3102 4425 3399 4490 ἂπαόστως
3424 4420 3815 4495 ἐκπληττόμεναιν

476 4521 678 4570 santer
708 4514 1058 4570 admirando
1091 4515 1524 4587 gloriﬁcabant.

925 4514 1058 4569 tIldO
1091 4515 1524 4587 gloriﬁcabant.
2152 4568 2190 4587 η
2231 4514 2505 4587 ἐδόξαζον.

544 4603 850 4665 Exaudivi,
886 4605 1156 4672 Domine,
1190 4603 1556 4659 auditionem
1582 4605 1863 4675 potentia;
1898 4607 2111 4675 crucis,

2234 4568 2504 4587 __-,w,___

2295 4607 2628 4680 Εἱσακήκοα,
2660 4608 2846 4682 Κύριε,
2876 4609 2973 4679 τὴν
3028 4607 3198 4677 ἆκοήν
3261 4613 3365 4677 τῆς
3425 4597 3703 4682 δυναστείας
3741 4594 3811 4647 τοῦ

470 4694 627 4764 quod
657 4693 966 4765 paradisus
997 4700 1236 4765 apertus
1264 4694 1339 4748 sit
1367 4710 1471 4765 per
1502 4694 1712 4766 ipsam,
1734 4700 1793 4750 et
1820 4695 2044 4751 clamav

2233 4700 2479 4769 σταυροῦ,
2515 4696 2588 4758 ὡς
2620 4694 2947 4772 παράδεισος
2965 4694 3173 4772 ἠνοίγει
3208 4693 3283 4750 δι’
3314 4694 3497 4762 αὐτοῦ,
3527 4688 3607 4744 καὶ
3634 4680 3813 4750 ἐϐόησεν

468 4782 664 4839 Gloria
685 4783 966 4855 potentias
999 4789 1133 4845 tum,
1160 4783 1436 4837 Domine.

2225 4786 2359 4857 Δόξα
2388 4789 2455 4858 τῇ
2489 4783 2712 4859 δυνάμει
2746 4807 2863 4857 σου,
2898 4785 3084 4862 Κύριε.

535 4876 889 4945 Assumptus
920 4891 983 4928 es
1009 4874 1070 4928 in
1102 4873 1661 4947 gloria,angelorum
1683 4890 1807 4943 rex,
1840 4874 1913 4930 ad
1936 4877 2114 4931 Para-

2297 4857 2638 4954 ’Λνελήφθης
2670 4876 2720 4931 ἐν
2756 4874 2884 4951 δόξῃ
2918 4877 2947 4931 ὁ
2982 4857 3113 4931 *τῶν
3158 4873 3411 4951 ἀγγέλων
3449 4864 3700 4947 βασιλεὺς,
3741 4857 3809 4954 ξὸν

463 4963 685 5019 oletum
743 4964 913 5019 nobis
945 4981 979 5019 a
1028 4945 1193 5019 Patre
1226 4963 1606 5034 mittendum,
1641 4968 1705 5018 ut
1734 4963 2043 5021 clamemu:

2227 4945 2600 5038 Παράκλητον-
2635 4969 2770 5039 ἡμῖν
2944 4969 3042 5020 τοῦ
3098 4945 3317 5039 Harpe:
3376 4945 3705 5021 ἀποστεῖλαι,
3741 4945 3807 5001 ἵνα

463 5053 659 5108 Gloria
689 5055 966 5124 potentias
990 5058 1127 5121 tuas,
1158 5053 1429 5109 Domine.

2223 5055 2467 5130 βοῶμεν·
2509 5056 2643 5127 Δόξα
2671 5060 2739 5130 τῇ
2774 5053 3000 5128 δυνάμει
3033 5076 3153 5125 σου,
3185 5054 3377 5129 Κύριε.
3584 5134 3593 5140 .
3774 5122 3786 5140 λ

531 5145 603 5197 Ut
632 5142 899 5197 ascendit
927 5142 1271 5197 Salvatorad
1304 5144 1537 5197 Patrem
1556 5158 1688 5196 cum
1714 5143 2108 5209 carne,admi-

2286 5146 2376 5208 Ὠς
2408 5146 2635 5216 ἀνῆλθεν
2669 5147 2696 5200 ὁ
2730 5146 2925 5221 Σωτὴρ
2957 5146 3092 5218 πρὸς
3134 5146 3226 5200 τὸν
3291 5141 3502 5217 Πατέρα
3554 5134 3636 5191 σὺν
3665 5134 3804 5221 σαρκῐτ

456 5232 568 5286 rati
599 5232 1315 5305 suntipsumangelorum
1346 5232 2036 5299 exercitus,etclamaru1

2225 5237 2630 5312 κατεπλάγησαν
2663 5237 2823 5293 αὐτὸν
2881 5237 2937 5291 αἱ
2992 5241 3099 5291 τῶν
3147 5234 3405 5312 ἀγγέλων
3465 5225 3704 5305 στρατιαὶ,
3739 5236 3804 5271 καί

457 5320 652 5375 Gloria
679 5322 959 5391 potentiae
992 5327 1126 5389 tum,
1162 5322 1431 5377 Domine.

2214 5319 2472 5396 ἐϐόησαν,
2501 5325 2635 5395 Δόξα
2663 5326 2734 5397 τῇ
2764 5322 2987 5398 δυνάμει
3020 5345 3140 5393 σου,
3180 5323 3370 5399 Κύριε.

523 5390 801 5482 Supernae
856 5416 1178 5481 potestates
1246 5410 1653 5483 superioribus
1709 5410 2102 5471 clamabant:

2283 5390 2354 5468 Al
2382 5390 2490 5469 τῶν
2525 5390 2633 5469 ἂνω
2685 5390 2958 5487 δυνάμει-ς,
2989 5390 3135 5476 ταῖς.
3167 5390 3475 5485 ἀνωτὲραις
3526 5401 3696 5461 ἐϐόων·
3724 5390 3803 5493 11:5-

447 5501 652 5556 Portas
684 5499 936 5554 attollite
966 5500 1195 5555 Christo
1230 5506 1432 5555 nostro
1460 5501 1804 5573 regi,quem
1836 5504 2027 5560 conci:

2215 5507 2311 5566 λας
2344 5500 2507 5577 ἄρατε
2535 5505 2755 5576 Χριστῷ
2782 5509 2862 5576 τῷ
2891 5502 3148 5578 ἡμετέρῳ
3189 5500 3435 5577 βασιλεῖ,
3477 5496 3531 5552 ὅν
3582 5492 3795 5560 ἆνυμνοῠ·

448 5607 582 5646 mus
612 5607 733 5644 una
763 5605 897 5643 cum
929 5591 1103 5643 Patre
1135 5595 1193 5644 et
1223 5590 1466 5661 Spiritu.

2213 5614 2307 5667 μεν
2342 5593 2455 5667 ἅμα
2482 5598 2564 5667 τῷ
2597 5593 2790 5669 Πατρὶ,
2825 5594 2912 5649 καὶ
2960 5597 3040 5666 τῷ
3070 5590 3370 5665 Πνεύματι.

518 5680 839 5754 Vigilantes
863 5678 934 5735 de
960 5677 1451 5748 luce,clamamus
1480 5679 1902 5753 tibi,Domine,
1936 5683 2098 5741 Salva

2219 5664 2223 5667 Ι
2282 5664 2660 5759 Ὀρθρίζοντες
2716 5664 2934 5758 βοῶμέν
3010 5664 3098 5739 σοι
3154 5664 3341 5757 Κόριεο
3432 5682 3607 5735 Σῶσον
3668 5664 3799 5737 ἡμᾶς’
