4000 6202
206 347 303 403 845

1712 348 2069 404 ΟΑΒΜῙΝΔ.

3489 353 3597 409 846

204 468 261 525 σὺ
292 466 387 546 γὰρ
446 468 498 523 εἴ
550 466 679 531 Θεὸς
739 468 927 541 ἡμῶν,
985 465 1140 532 ἐκτός
1169 488 1265 523 σου
1298 464 1476 525 ἄλλον
1536 465 1637 525 οὐκ
1689 465 1821 523 οἰδα-

1966 487 2065 526 uos
2090 487 2103 527 :
2136 476 2199 526 tu
2228 470 2390 527 enim
2420 488 2482 528 es
2515 473 2668 529 Deus
2700 476 2942 541 noster;
2973 474 3139 528 extra
3168 476 3224 528 te
3250 471 3435 529 alium
3475 490 3596 532 non

209 580 311 632 μεν.

260 665 556 741 Ιιληρώσας
588 662 925 739 εὐφροσύνης
969 663 1037 718 τά
1067 664 1348 737 σύμπαντα
1402 662 1659 739 ἐλεήμων
1709 670 1830 727 ταῖς

198 752 295 809 ἄνω
332 752 587 827 δυνάμεσι
626 754 763 827 μετά
793 754 992 829 σαρκὸς
1024 750 1397 826 ἐπεδήμησας.

260 870 532 947 Ἀγγέλων
587 871 642 924 αἰ
702 867 958 943 δυνάμεις
1014 868 1306 942 αἰρόμενόν
1363 891 1420 925 σε
1477 868 1829 941 ἰδοῦσα,τάς

191 960 375 1029 πύλας,
407 959 757 1034 ἐκραύγαζον.
792 962 883 1029 Τῷ
918 958 1133 1034 βασιλεῖ
1164 959 1322 1032 ἡμῶν
1355 956 1536 1035 ἄρατε.

250 1074 558 1134 Ἐκόκλωσὲ
619 1095 686 1149 με
730 1069 1157 1152 ἄϐυσσος,ταφνς
1224 1095 1315 1147 μοι
1373 1076 1435 1130 τὸ
1492 1082 1660 1145 κῆτος
1713 1074 1829 1150 ἐγέ-

184 1187 317 1236 νετο,
355 1164 465 1242 ἐγὼ
498 1163 556 1221 δὲ
586 1160 793 1235 ἐϐόησα
848 1164 985 1239 πρός
1017 1185 1073 1219 σε
1126 1162 1219 1220 τὸν
1276 1163 1687 1243 φιλάνθρωπον,
1735 1165 1825 1220 καί

178 1254 341 1312 ἔσωσὲ
374 1276 441 1329 με
468 1257 505 1326 ἡ
542 1252 688 1326 δεξιά
718 1276 837 1327 σου,
872 1254 1057 1330 Κύριε.

246 1372 596 1447 Ἐσκίρτησαν
652 1371 1007 1443 ἀπόστολοι,
1082 1372 1316 1447 ὁρῶντες
1377 1372 1663 1447 μετάρσιον
1724 1373 1824 1443 σή-

176 1485 331 1540 μερον
359 1465 455 1519 τὸν
512 1462 733 1533 κτίστην
794 1461 1091 1539 φερόμενον
1128 1460 1312 1517 ἐλπίδι
1360 1466 1458 1517 τοῦ
1515 1462 1823 1537 πνεύματος

167 1554 250 1609 καὶ
280 1548 436 1631 φόϐῳ
467 1549 717 1627 ἔκραζον*
754 1552 889 1622 Δόξα
918 1554 987 1625 τῇ
1024 1548 1205 1625 ἀνόδῳ
1236 1572 1355 1611 σου,

234 1670 561 1740 Ἐπὲστησαν
599 1670 650 1724 οἱ
699 1666 920 1745 ἄγγελοι
987 1669 1244 1744 βοῶντες,
1302 1668 1528 1742 Χριστὶ,
1560 1674 1678 1731 τοῖς
1718 1690 1823 1743 μα-

168 1763 354 1831 θηταῖς
382 1778 503 1815 σου⁶
527 1760 627 1817 ’Ὀν
652 1759 855 1835 τρόπον
884 1755 1127 1813 κατίδετε
1156 1758 1385 1833 Χριστὸν
1420 1758 1817 1833 ἀνυψούμενον,

164 1852 303 1907 οὕτω
343 1852 499 1925 σαρκὶ
532 1848 807 1906 ἐλεύσεται
842 1846 1049 1911 δίκαιος
1078 1850 1106 1904 6
1138 1846 1355 1903 πάντων
1381 1850 1599 1925 κριτής.

237 1969 323 2033 Ὠς
354 1966 492 2023 εἶδόν
526 1988 604 2036 σε,
640 1968 834 2041 Σωτὴρ
868 1968 1052 2040 ἡμῶν,
1084 1967 1139 2021 αἱ
1191 1964 1298 2021 ἅνω
1332 1963 1584 2039 δυνάμεις
1614 1964 1667 2021 ἐν
1698 1964 1817 2039 ὖψί·

166 2080 311 2121 στοις
370 2059 658 2132 αἰρόμενον
718 2058 1007 2130 σόσσωμον
1042 2103 1057 2130 ,
1114 2055 1165 2112 ἐν
1228 2051 1385 2133 φόϐῳ
1443 2055 1813 2133 ἐκραυγαζον.

164 2148 416 2223 Μεγάλη,
449 2148 712 2217 Δέσποτα,
742 2149 779 2217 ἠ
811 2145 1199 2225 φιλανθρωπία
1230 2166 1347 2203 σου.

229 2267 293 2323 Ὀ
320 2264 375 2321 ἓν
402 2264 614 2338 καμίνῳ
668 2263 841 2338 πυρὸς
892 2262 1021 2327 τοὺς
1078 2261 1427 2338 ὑμνολόγους
1483 2261 1661 2324 σώσας
1689 2264 1820 2316 παῖ-

162 2352 277 2417 δας’
311 2354 637 2430 Εὐλογητὸς
672 2354 699 2409 ὁ
731 2353 861 2417 Θεὸς
891 2353 919 2408 6
948 2357 1057 2408 τῶν
1088 2350 1335 2428 πατέρων
1364 2352 1545 2423 ἡμῶν.

228 2470 352 2525 Ἐπὶ
404 2468 512 2525 τῶν
573 2465 765 2544 ὤμων,
824 2470 1043 2545 Χριστὲ,
1103 2468 1202 2537 τήν
1262 2467 1629 2538 πλανηθεῖσαν
1681 2468 1813 2544 ἄρας

156 2560 335 2639 φῦσιν,
367 2558 702 2636 ἀναληφθεὶς
724 2563 805 2631 τῷ
832 2558 924 2614 καί
957 2559 1127 2631 Πατρὶ
1156 2559 1523 2635 προσήγαγες.

226 2677 284 2730 Ὀ
342 2675 395 2731 ἐν
454 2674 655 2753 νεφέλῃ
718 2675 898 2750 φωτὸς
956 2671 1309 2749 ἀναληφθεὶς,
1358 2673 1448 2727 καὶ
1508 2672 1684 2735 σώσας
1715 2671 1815 2727 κό-

158 2784 314 2840 σμον·
344 2765 670 2842 Εὐλογητὸς
697 2764 725 2818 ὁ
756 2764 885 2826 Θεὸς
917 2765 945 2819 6
974 2767 1083 2818 τῶν
1115 2762 1363 2837 πατέρων
1393 2764 1578 2835 ἡμῶν.

224 2884 287 2940 'O
322 2879 560 2937 ἀνελθὼν
622 2880 725 2935 ἀπὸ
754 2887 858 2955 γῆς
889 2881 1025 2957 πρὸς
1081 2880 1174 2934 τὸν
1228 2878 1520 2951 ἀσώματον
1580 2881 1809 2953 Πατέραο

152 2969 478 3046 Εὐλογητὸς
512 2969 541 3023 ὁ
564 2969 692 3031 Θεὸς
727 2969 755 3022 6
784 2972 891 3023 τῶν
922 2967 1171 3042 πατέρων
1202 2968 1384 3039 ἡμῶν.

220 3086 330 3144 Τὸν
394 3084 455 3140 ἐκ
494 3084 702 3158 Πατρὸς
760 3082 865 3157 πρὸ
924 3081 1140 3136 αἰώνων
1173 3081 1499 3156 γεννηθέντα
1559 3080 1682 3135 Υἱὸν
1720 3079 1812 3135 καὶ

148 3179 298 3246 Θεὸν,
332 3176 425 3231 καὶ
486 3174 569 3230 ἐπ’
623 3173 869 3250 ἐσχάτων
918 3177 1028 3229 τῶν
1076 3172 1294 3248 χρόνων
1354 3172 1719 3247 σαρκωθὲντα,
1753 3169 1813 3226 ἐκ

1946 560 2242 616 novimus.

2011 678 2273 749 Implens
2323 678 2530 735 lmtitia
2568 680 2847 735 universa
2897 678 3278 746 misericors,
3322 680 3596 752 supernis

1939 767 2223 836 potentiis
2255 784 2389 822 cum
2422 785 2598 823 carne
2629 769 3039 841 peregrinatus
3073 784 3153 823 es.

2009 882 2370 954 Angelorum
2402 884 2684 954 potentias
2718 884 3015 939 sublatum
3049 890 3105 938 te
3134 884 3421 955 videntes,
3451 888 3589 941 Por-

1938 975 2025 1025 tas
2046 972 2426 1043 (clamabant)
2459 970 2596 1045 Regi
2630 980 2832 1029 nostro
2860 974 3131 1028 attollite.

2008 1086 2288 1142 Circuivit
2317 1106 2409 1143 me
2442 1089 2712 1159 abyssus,
2748 1088 3052 1161 sepultura
3078 1090 3223 1144 mihi
3249 1095 3375 1145 cete
3410 1091 3591 1146 exsti-

1937 1175 2043 1231 tit:
2078 1192 2183 1249 ego
2236 1183 2433 1231 autem
2467 1178 2711 1233 clamavi
2762 1178 2833 1233 ad
2884 1184 2940 1233 te
2989 1178 3505 1251 benignissimum,
3536 1186 3595 1236 et

1937 1265 2190 1320 servavit
2215 1282 2309 1321 me
2343 1266 2584 1322 dextera
2616 1272 2735 1334 tua,
2769 1267 3039 1323 Domine.

2006 1381 2310 1437 Saltarunt
2358 1383 2632 1454 apostoli,
2714 1383 2980 1438 videntes
3040 1384 3357 1440 sublimem
3416 1386 3591 1441 hodie

1934 1478 2264 1527 creatorem
2296 1472 2520 1527 latum:
2557 1489 2658 1543 spe
2714 1473 2955 1543 spiritus
3005 1478 3063 1528 et
3110 1474 3321 1530 timore
3373 1474 3594 1532 clama-

1896 1556 1903 1561 ’
1931 1559 2096 1627 bant,
2131 1561 2326 1616 Gloria
2358 1562 2695 1617 ascensioni
2730 1567 2863 1616 tuae.

2002 1677 2336 1732 Astiterunt
2356 1677 2572 1750 angeli,
2605 1678 2955 1742 clamantes,
2987 1678 3237 1741 Christe.
3272 1677 3581 1751 discipulis

1930 1767 2086 1821 tuis:
2121 1766 2630 1832 Quemadmodum
2670 1767 2980 1838 spectastis
3027 1768 3326 1823 Christum
3385 1768 3580 1825 eleva-

1846 1861 1892 1923 B
1926 1860 2071 1923 tum,
2107 1857 2190 1911 sic
2223 1873 2397 1911 carne
2427 1856 2623 1911 veniet
2644 1857 2844 1927 justus
2867 1856 3133 1911 omnium
3153 1856 3360 1928 judex.

2001 1973 2074 2027 Ut
2100 1971 2376 2027 viderunt
2407 1978 2483 2042 te,
2515 1972 2781 2027 Salvator
2810 1976 3031 2041 noster,
3065 1987 3339 2043 superum
3370 1979 3584 2045 poten-

1929 2060 2023 2115 tize
2052 2061 2115 2115 in
2159 2061 2412 2116 excelsis
2463 2061 2761 2116 sublatum
2793 2077 2927 2116 cum
2973 2076 3241 2131 corpore,
3274 2061 3336 2115 in
3370 2061 3580 2119 timore

1928 2150 2304 2206 clamabant:
2334 2152 2562 2224 Magna,
2595 2150 2866 2217 Domine,
2901 2149 3240 2221 benignitas
3273 2157 3391 2207 tua.

1999 2275 2106 2339 Qui
2141 2274 2203 2330 in
2224 2274 2463 2330 fornace
2498 2274 2649 2346 ignis
2680 2278 3016 2329 cantatores
3050 2275 3308 2330 servavit
3337 2292 3583 2347 pueros:

1928 2363 2282 2419 Benedictus
2316 2366 2469 2419 Deus
2502 2370 2737 2436 patrum
2765 2370 3127 2421 nostrorum.

1994 2482 2062 2537 In
2091 2480 2378 2549 humeris,
2407 2481 2659 2547 Christe,
2693 2485 2993 2535 errantem
3028 2480 3247 2537 tollens
3282 2486 3575 2551 naturam,

1925 2575 2266 2640 assumptus
2299 2587 2537 2624 sursum
2571 2615 2585 2639 ,
2620 2571 2737 2624 Deo
2772 2576 2830 2624 et
2860 2569 3018 2625 Patri
3051 2569 3369 2626 adduxisti.

1996 2686 2105 2751 Qui
2136 2686 2198 2740 in
2229 2685 2449 2740 nebula
2480 2685 2727 2741 luminis
2759 2704 2821 2740 es
2852 2691 3216 2757 assumptus,
3251 2692 3308 2740 et
3337 2686 3572 2741 salvasti

1924 2775 2212 2830 mundum
2248 2791 2260 2829 :
2296 2775 2645 2830 Benedictus
2678 2777 2830 2830 Deus
2862 2781 3096 2846 patrum
3140 2780 3498 2831 nostrorum.

1994 2890 2101 2956 Qui
2135 2890 2456 2947 ascendisti
2489 2908 2518 2945 e
2554 2897 2710 2945 terra
2741 2890 2813 2945 ad
2846 2890 3267 2962 incorporeum
3296 2892 3532 2946 Patrem
3559 2907 3572 2946 :

1924 2980 2275 3036 Benedictus
2308 2982 2462 3036 Deus
2492 2986 2728 3052 patrum
2763 2985 3131 3035 nostrorum.

1993 3099 2074 3151 Ex
2103 3098 2274 3152 Patre
2307 3102 2441 3152 ante
2474 3096 2692 3152 saacula
2722 3101 2929 3151 natum
2950 3095 3164 3150 Filium
3198 3099 3254 3149 et
3286 3096 3491 3163 Deum,
3521 3099 3579 3150 et

1926 3187 1988 3240 in
2020 3186 2247 3241 ultimis
2280 3186 2645 3258 temporibus
2676 3186 3049 3241 incarnatum
3084 3201 3153 3237 ex
3186 3184 3420 3255 Virgine
3451 3200 3579 3238 ma-

142 3269 431 3344 Παρθένου
484 3231 907 3341 μητρὸςὴἰερεῖς
972 3231 1210 3338 ὑμνὲῖτεο
1271 3231 1813 3338 A16:,6nepu¢oiite

1972 3231 1988 3240 .
2025 3231 2247 3241 ..--.....-
2283 3231 2644 3258 “mrsu,”
2676 3231 3049 3241 ...ν.,---..-...--
3087 3231 3153 3237 υ--
3205 3231 3418 3255 .--οων
3451 3231 3549 3238 ---ε

1966 3293 2035 3347 re,
2071 3276 2431 3343 sacerdotes,
2466 3276 2697 3331 canite:
2749 3274 2940 3347 plebs,
2990 3272 3423 3345 superexaltate
3473 3289 3580 3343 per

139 3358 216 3421 εἷς
246 3359 467 3418 πάντας
496 3355 625 3417 τοὺς
656 3354 882 3417 αἰῶνας.

205 3477 324 3534 Τὸν
359 3474 416 3529 ἒν
454 3470 574 3527 δυσὶ
603 3476 724 3534 ταῖς
758 3468 968 3533 οὐσίαις
996 3469 1305 3525 ἀναπτάντα
1358 3465 1637 3538 ζωοδότην
1681 3468 1816 3543 Χρι-

139 3568 265 3622 στὸν
300 3563 383 3626 εἰς
420 3561 689 3638 οὖρανους
741 3561 878 3636 μετά
934 3559 1119 3633 δόξης,
1176 3560 1265 3615 καὶ
1329 3558 1497 3633 Πατρὶ
1558 3568 1819 3633 συγκαθε-

143 3656 415 3728 ζόμενον,
447 3654 613 3728 ἱερεῖς
646 3653 879 3726 ὑμνεῖτε⁶
923 3652 1088 3723 Λαὸς,
1123 3651 1460 3726 ὑπεροψοῦτε
1509 3647 1585 3710 εἷς
1616 3648 1817 3708 πάντας

144 3747 283 3809 τοὺς
317 3744 548 3805 αἰῶνας.

214 3864 331 3918 Τὸν
369 3860 435 3916 ἐκ
465 3858 714 3921 δουλείας
744 3860 845 3928 τὴν
894 3855 1065 3913 κτίσιν
1110 3858 1218 3910 τῶν
1252 3852 1496 3910 εἰδώλων
1540 3852 1822 3929 λυτρωσά-

144 3973 351 4027 μενον,
386 3950 479 4005 καῖ
512 3950 933 4022 παραστήσαντα
992 3944 1190 4015 ταύτην
1252 3943 1531 4017 ὲλευτέραν
1589 3947 1668 4015 τῷ
1699 3941 1822 4015 ἰδίῳ

138 4041 354 4117 Πατρὶ,
388 4041 556 4113 ἱερεῖς
591 4039 826 4112 ὑμνεῖτε·
887 4036 1058 4109 Λαὸς,
1121 4031 1455 4109 ὑπερυψοῦτε
1486 4032 1561 4095 εἷς
1619 4032 1821 4093 πάντας

142 4131 286 4191 τοῦς
324 4129 555 4189 αἰῶνας.

224 4246 346 4303 Τὸν
372 4247 448 4317 τῇ
478 4244 645 4299 αὐτοῦ
688 4236 976 4297 καταϐάσει
1024 4237 1323 4294 καθελόντα
1378 4240 1468 4293 τὸν
1528 4233 1823 4292 ἀντίπαλον

136 4336 243 4392 καὶ
313 4337 385 4408 τῇ
446 4332 611 4387 αὐτοῦ
658 4326 906 4386 ἀναϐάσει
968 4330 1325 4403 ἀνυψώσαντα
1370 4328 1464 4382 τὸν
1524 4326 1825 4402 ἄνθρωπον,

136 4428 356 4501 ἱερεῖς,
416 4423 654 4497 ὑμνεῖτεο
712 4421 879 4491 Λαὸς,
938 4420 1275 4496 ὐπερυψοῦτε
1307 4417 1384 4480 εἰς
1442 4416 1640 4478 πάντας
1698 4414 1825 4477 τοὺς

134 4515 395 4574 αἰῶνας.

1926 3365 2130 3421 omnia
2160 3366 2397 3421 saecula.

1994 3483 2060 3537 In
2102 3481 2333 3537 duabus
2383 3480 2729 3537 substantiis
2771 3479 3067 3536 volantem
3133 3480 3265 3535 vita;
3312 3480 3577 3535 datorem

1927 3572 2224 3626 Christum
2258 3571 2316 3625 in
2335 3571 2513 3625 cmlos
2530 3586 2664 3625 cum
2695 3570 2883 3641 gloria
2910 3575 2968 3624 et
2992 3586 3125 3624 cum
3160 3571 3329 3624 Patre
3364 3568 3577 3623 seden-

1926 3664 2067 3727 tem,
2101 3659 2457 3725 sacerdotes,
2482 3658 2716 3715 laudate
2745 3676 2757 3726 ;
2787 3658 2974 3730 plebs,
3008 3658 3441 3730 superexaltate
3473 3672 3578 3727 per

1929 3750 2131 3805 omnia
2163 3749 2399 3804 saecula.

2001 3866 2163 3931 Quia
2185 3865 2463 3919 servitute
2495 3863 2793 3919 idolorum
2820 3869 3149 3918 creaturam
3186 3862 3371 3917 salvat
3392 3867 3450 3917 et
3481 3880 3585 3934 po-

1930 3956 2021 4009 nit
2049 3956 2237 4026 ipsam
2266 3955 2513 4010 liberam
2561 3954 2717 4025 apud
2758 3954 3061 4025 proprium
3117 3956 3374 4021 Patrem,
3426 3952 3587 4007 hunc

1932 4044 2268 4099 sacerdotes
2292 4044 2551 4110 laudate,
2582 4042 2771 4113 plebs,
2800 4043 3232 4115 superexaltate
3255 4058 3361 4113 per
3384 4041 3588 4096 omnia

1934 4134 2170 4189 saecula.

2006 4242 2119 4295 Sua
2150 4241 2337 4312 ipsius
2370 4239 2759 4295 descensione
2790 4238 2890 4308 qui
2936 4236 3135 4292 obruit
3166 4236 3498 4300 inimicum,
3533 4241 3591 4292 et

1935 4331 2086 4387 688
2112 4347 2218 4386 sua
2249 4330 2436 4401 ipsius
2458 4327 2806 4383 ascensione
2832 4326 2929 4397 qui
2956 4325 3230 4380 exaltavit
3261 4325 3588 4397 hominem,

1935 4422 2115 4489 hunc,
2160 4419 2517 4485 sacerdotes,
2578 4417 2857 4484 laudate;
2918 4415 3106 4488 plebs,
3158 4414 3591 4487 superexaltate

1940 4526 2046 4582 per
2079 4510 2281 4565 omnia
2313 4508 2548 4563 saecula.

224 4630 312 4684 Σὶ
341 4628 447 4696 τὴν
482 4627 614 4696 ὑπὲρ
646 4628 776 4682 νοῦν
816 4625 905 4680 καὶ
964 4620 1128 4698 λόγον
1183 4619 1406 4696 Μητέρα
1464 4624 1623 4694 Θεοῦ,
1649 4620 1749 4689 τὴν
1779 4619 1821 4675 ἐκ

2013 4628 2087 4681 Te
2121 4642 2299 4697 supra
2328 4629 2589 4679 mentem
2623 4628 2677 4677 et
2710 4622 3002 4677 rationem
3034 4623 3277 4677 Matrem
3312 4619 3435 4689 Dei,
3460 4636 3590 4690 quae

135 4720 357 4796 χρόνῳ
413 4717 505 4771 τὸν
567 4713 805 4790 ἄχρονον
863 4711 1146 4791 ἀφράστως
1200 4712 1494 4781 κυήσασαν,
1554 4710 1607 4765 οἰ
1646 4708 1831 4765 πιστοὶ

134 4806 506 4886 ὁμοφρόνως
539 4805 935 4882 μεγαλόνομεν.

218 4928 310 4981 Σὲ
340 4924 441 4979 τὸν
476 4921 764 4996 λυτρωτὴν
796 4923 891 4974 τοῦ
922 4920 1133 4992 κόσμου
1183 4917 1412 4990 Χριστὸν
1456 4917 1550 4973 τὸν
1600 4918 1730 4972 Θεὸν
1780 4918 1832 4972 οἰ

126 5014 473 5071 ἀπόστολοι
536 5011 835 5087 βλέποντες
894 5008 1089 5073 ἐνθὲως
1147 5006 1473 5082 ὑψούμενον,
1512 5008 1648 5081 μετά
1679 5004 1834 5069 δέους

126 5107 523 5178 σκιρτῶντες,
559 5096 957 5175 μεγαλόνομεν.

225 5220 313 5275 Σὶ
345 5218 447 5273 τὸν
474 5211 784 5273 καταϐάντα
812 5213 917 5276 ἓως
966 5212 1199 5291 ἐσχάτου
1256 5220 1356 5282 τῆς
1414 5218 1539 5289 γῆς,
1597 5211 1682 5266 καὶ
1740 5210 1831 5266 τὸν

124 5308 470 5385 ἄνθρωπον
531 5305 825 5376 σώσαντα,
877 5304 966 5359 καὶ
1025 5307 1094 5378 τῇ
1153 5297 1408 5358 ἀναϐάσει
1470 5323 1565 5356 σου
1623 5300 1835 5374 ἀνυψώ-

126 5420 338 5455 σαντα
358 5402 559 5453 τοῦτον
595 5394 869 5471 μεγαλύνο
878 5414 993 5468 μεν.

212 5517 440 5590 Χαῖρε,
474 5510 730 5579 Θεοτόκε,
778 5517 949 5585 μῆτερ
1007 5511 1243 5585 Χριστοῦ
1287 5512 1385 5564 τοῦ
1442 5512 1596 5565 Θεοῦ·
1646 5508 1706 5563 ’ὀν
1734 5508 1836 5584 γὰρ

116 5605 409 5676 Extirpa:
441 5605 685 5678 σήμερον
714 5596 774 5657 ἔκ
820 5608 925 5678 γῆς
984 5600 1374 5675 ἀνιπτάμενον,
1432 5597 1523 5654 σὺν
1582 5594 1839 5676 ἀγγέλοις

118 5696 356 5772 ὁρῶσα
394 5689 754 5767 ἕμεγᾶλυνας.

1941 4717 2006 4771 in
2038 4722 2299 4787 tempore
2333 4713 2617 4785 temporis
2648 4718 2943 4767 exsortem
2993 4710 3376 4765 ineﬂ‘abiliter
3425 4709 3599 4763 enixa

1943 4823 2026 4873 es,
2057 4805 2265 4861 ﬁdeles
2298 4802 2662 4859 unanimiter
2693 4801 3160 4873 magniﬁcamus.

2012 4922 2086 4975 Te
2122 4920 2470 4974 salvatorem
2497 4916 2705 4971 mundi
2755 4916 3053 4970 Christum
3104 4916 3287 4969 Deum
3338 4912 3596 4985 apostoli

1941 5009 2206 5063 videntes
2240 5006 2521 5060 divinitus
2574 5004 2916 5072 exaltatum,
2950 5018 3085 5057 cum
3138 5002 3347 5056 timore
3402 5000 3602 5055 exsul-

1944 5103 2157 5161 tantes,
2194 5095 2669 5167 magnificamus.

2016 5218 2092 5268 Te
2125 5211 2587 5267 descendentem
2638 5224 2827 5278 usque
2878 5206 2950 5261 ad
3000 5212 3263 5262 extrema
3318 5211 3511 5273 terrae,
3546 5211 3605 5263 et

1946 5303 2251 5359 hominem
2283 5300 2625 5365 salvantem,
2666 5303 2724 5352 et
2754 5296 3103 5352 ascensione
3136 5301 3235 5352 tua
3264 5294 3603 5369 superexal-

1950 5400 2171 5450 tantem
2206 5393 2384 5456 hunc,
2417 5388 2894 5461 magniﬁcamus.

2020 5514 2159 5577 Ave,
2190 5507 2442 5578 Deipara
2470 5509 2660 5559 mater
2691 5503 2905 5558 Christi
2930 5502 3033 5558 Dei
3062 5518 3075 5556 :
3110 5519 3285 5572 quem
3318 5502 3476 5557 enim
3502 5518 3608 5575 pe-

1950 5599 2181 5674 peristi,
2215 5596 2392 5652 hodie
2427 5612 2495 5650 ex
2528 5600 2687 5649 terra
2735 5592 3216 5666 supravolantem
3262 5609 3399 5649 cum
3429 5608 3610 5663 ange-

1951 5692 2026 5746 lis
2058 5688 2283 5759 videns,
2314 5684 2732 5758 magniﬁcasti.
