3952 6202
461 357 569 413 847

1120 472 1208 528 ΕΙ
1210 469 1291 526 US
1296 468 1448 524 DEM

535 651 594 704 In
628 645 1173 717 transﬁgurationem
1203 639 1424 695 Domini
1451 637 1629 692 nostri
1655 636 1783 690 Iesu
1813 630 2037 690 Christi.

1108 893 1459 952 Acrostichis.

532 1055 757 1125 Moyses
789 1052 890 1108 Dei
922 1051 1134 1108 faciem
1165 1049 1228 1104 in
1258 1046 1489 1103 Thabor
1523 1043 1684 1098 vidit.

533 1146 759 1216 Moyses
809 1144 870 1199 in
917 1143 1064 1199 mari
1115 1139 1457 1213 prephetice
1505 1133 1882 1205 conspicatus
1915 1129 1977 1183 in
2006 1143 2115 1182 ne-

459 1233 620 1302 bula,
663 1240 720 1288 et
749 1235 809 1289 in
842 1233 1119 1289 columna
1167 1230 1309 1285 olim
1358 1227 1513 1300 ignis
1558 1224 1806 1298 gloriam
1857 1217 2111 1283 Domini,

462 1324 868 1379 exclamabat:
898 1320 1275 1392 Redemptori
1306 1324 1361 1374 et
1411 1319 1526 1372 Deo
1572 1319 1775 1368 nostro
1806 1324 2110 1366 canamus.

534 1415 605 1468 Ut
625 1419 791 1484 petra
822 1429 1065 1483 corpore
1097 1414 1399 1481 protectus
1431 1405 1727 1470 deificato,
1755 1397 2113 1456 invisibilem

461 1503 701 1557 intuens
725 1504 950 1573 Moyses
977 1501 1077 1555 Dei
1102 1503 1417 1570 spectator,
1444 1492 1844 1550 exclamabat:
1870 1488 2114 1544 Redem-

458 1591 613 1663 ptori
651 1598 708 1646 et
742 1592 859 1647 Deo
893 1595 1095 1644 nostro
1130 1603 1433 1643 canamus.

533 1681 614 1735 Tu
647 1681 707 1735 in
732 1686 932 1735 monte
954 1679 1129 1751 legali
1161 1683 1219 1732 et
1249 1677 1309 1731 in
1335 1673 1636 1730 Thaboreo
1668 1671 1824 1726 visus
1848 1685 1908 1724 es
1932 1665 2112 1738 Moysi

461 1770 522 1824 in
555 1769 816 1825 tenebris
845 1770 989 1824 olim
1020 1785 1031 1822 :
1068 1768 1129 1822 in
1161 1767 1356 1822 lucem
1408 1769 1606 1820 autem
1639 1777 1798 1816 nunc
1848 1760 2114 1814 inacces-

464 1876 592 1914 sam
624 1859 968 1916 divinitatis.

537 1948 910 2004 Obumbrans
935 1948 1121 2020 gloria
1180 1947 1241 2000 in
1301 1943 1553 1999 tentorio
1603 1942 1789 2012 prius,
1825 1944 1883 1994 et
1931 1935 2110 2008 Moysi

465 2038 776 2107 alloquens
809 2043 908 2092 tuo
943 2053 1129 2103 servo,
1163 2036 1350 2107 figura
1380 2033 1534 2087 facta
1565 2037 1652 2084 est
1677 2028 1927 2083 illustris
1959 2024 2113 2079 inef-

463 2126 724 2182 fabiliter
745 2127 806 2181 in
829 2125 1061 2180 'l‘habor
1084 2130 1218 2190 tua),
1251 2123 1518 2191 Domine,
1551 2113 2108 2190 transﬁgurationis.

535 2302 950 2357 Convenerunt
979 2307 1198 2367 tecum,
1223 2318 1256 2355 o
1289 2299 1565 2368 Verbum,
1589 2297 1982 2370 unigenitum,
2011 2311 2111 2349 ex-

461 2390 710 2456 celsum,
737 2392 1142 2463 apostolorum
1175 2390 1485 2446 summitas
1516 2389 1577 2442 in
1626 2392 1826 2443 monte
1857 2385 2108 2454 Thabor,

463 2484 520 2535 et
550 2480 727 2536 simul
759 2482 1075 2535 astiterunt
1099 2483 1322 2552 Moyses
1355 2485 1412 2533 et
1433 2478 1608 2544 Elias,
1642 2483 1707 2532 ut
1741 2476 1839 2531 Dei
1871 2475 2044 2540 servi,
2076 2490 2108 2528 ο

462 2570 563 2640 qui
596 2570 756 2624 solus
790 2571 1085 2625 humanus
1119 2587 1201 2625 es.

532 2659 686 2714 Deus
727 2665 883 2714 totus
933 2660 1245 2726 exsistens,
1297 2663 1455 2713 totus
1505 2655 1775 2711 mortalis
1801 2654 1989 2710 factus
2023 2669 2106 2720 es,

461 2753 583 2804 tota
610 2749 913 2805 divinitate
947 2751 1203 2804 miscens
1237 2749 1666 2804 humanitatem
1689 2748 1748 2801 in
1782 2745 2111 2800 substantia

461 2843 582 2904 tua,
617 2857 797 2910 quam
831 2840 890 2894 in
919 2839 1147 2895 duabus
1179 2839 1526 2895 substantiis
1560 2840 1786 2909 Moyses
1833 2836 2108 2905 Eliasque

463 2927 740 2983 viderunt
769 2929 830 2983 in
861 2934 1062 2984 monte
1092 2929 1341 2984 Thabor.

532 3019 613 3072 Ex
643 3035 818 3074 carne
852 3024 950 3073 tua
981 3019 1127 3073 radii
1161 3017 1482 3072 divinitatis
1501 3015 1953 3088 egrediebantur
1974 3029 2107 3084 pro-

460 3106 774 3176 phetarum
826 3113 884 3161 et
932 3107 1358 3178 apostolorum,
1392 3106 1549 3161 unde
1604 3104 1775 3160 electi
1825 3107 2109 3158 canentes

459 3195 911 3251 exclamabant:
947 3196 1142 3251 Gloria
1173 3196 1454 3267 potentias
1483 3201 1620 3258 tum,
1653 3193 1922 3247 Domine.

531 3284 763 3339 Rubum
814 3301 1052 3340 servans
1112 3285 1366 3340 illzesum
1425 3282 1905 3354 congredientem
1960 3278 2104 3351 igni,

455 3373 638 3444 Moysi
670 3375 867 3428 divina
893 3373 1022 3428 luce
1046 3375 1353 3445 praaditam
1379 3390 1619 3428 carnem
1641 3369 1974 3435 ostendisti,
2003 3371 2109 3423 Do-

457 3461 638 3527 mine,
666 3463 939 3518 canenti:
973 3463 1170 3516 Gloria
1200 3463 1478 3534 potentiae
1510 3467 1646 3526 tum,
1681 3460 1949 3514 Domine.

531 3549 868 3605 Absconsus
901 3556 991 3605 est
1022 3550 1346 3606 divinitatis
1369 3551 1550 3605 radiis
1578 3549 1880 3604 sensibilis
1911 3547 2020 3612 sol,
2043 3551 2110 3601 ut

458 3637 518 3690 in
551 3645 753 3692 monte
779 3639 1080 3694 Thaboreo
1132 3640 1276 3692 vidit
1323 3645 1378 3692 te
1431 3639 1931 3710 transﬁguratum,
1971 3637 2106 3691 Jesu

458 3725 538 3778 mi
567 3741 579 3779 :
616 3726 812 3781 Gloria
835 3729 1110 3797 potestati
1145 3733 1279 3790 tum,
1316 3727 1582 3782 Domine.

530 3815 688 3886 Ignis
720 3832 839 3869 non
865 3832 1044 3870 urens
1091 3816 1398 3870 materiem
1457 3815 1744 3884 corporis,
1803 3815 1960 3868 visus
2018 3820 2107 3868 est

461 3903 724 3958 materia)
759 3920 990 3975 expers,
1018 3911 1081 3959 ut
1111 3907 1336 3976 Moyses
1369 3909 1426 3957 et
1446 3905 1601 3957 Elias
1633 3904 1916 3973 apostolis
1946 3904 2104 3958 visus

459 4011 542 4059 es,
579 3996 846 4064 Domine,
877 4011 1032 4050 unus
1067 4013 1136 4050 ex
1163 3995 1392 4050 duobus
1441 3995 1502 4048 in
1550 3993 1778 4048 duabus
1826 3993 2101 4063 perfectis

457 4084 706 4140 naturis.

526 4176 837 4230 Facundus
861 4176 1080 4249 lingua,
1108 4181 1207 4231 tua
1229 4174 1525 4248 magnalia
1546 4189 1663 4227 non
1692 4176 1883 4244 potest
1905 4173 2099 4243 loqui:

452 4272 517 4320 ut
548 4266 705 4321 enim
735 4266 1034 4338 imperans
1056 4267 1206 4331 vitas,
1227 4265 1476 4320 etmorti
1509 4263 1845 4328 dominans,
1880 4262 2103 4316 consti-

449 4355 613 4410 tuisti
654 4355 805 4410 689
836 4357 897 4411 in
924 4355 1155 4411 Thabor
1183 4361 1382 4411 monte
1415 4355 1650 4426 Moysen
1683 4357 1740 4408 et
1769 4351 1977 4419 Etiam,
2012 4357 2096 4406 te-

449 4450 674 4500 stantes
706 4450 869 4501 tuam
897 4445 1292 4501 divinitatem.

519 4625 625 4691 Qui
660 4624 936 4680 manibus
994 4624 1390 4679 invisibilibus
1439 4623 1708 4678 formasti
1767 4620 2095 4677 secundum

444 4713 761 4788 imaginem
795 4719 979 4782 tuam,
1032 4714 1281 4781 Christe,
1336 4712 1662 4780 hominem,
1713 4711 2095 4782 archetypam

443 4804 689 4860 tuamin
723 4806 1001 4876 ﬁgmento
1047 4801 1549 4874 pulchritudinem
1605 4801 1916 4856 ostendisti
1972 4816 2092 4854 non

441 4899 508 4947 ut
535 4895 595 4948 in
626 4894 904 4966 imagine,
939 4892 1041 4948 sed
1073 4899 1138 4947 ut
1165 4893 1276 4947 hoc
1309 4891 1434 4963 ipse
1490 4890 1750 4946 existens
1800 4906 1906 4961 per
1953 4889 2093 4944 sub-

442 4984 746 5051 stantiam,
775 4985 929 5039 Deus
961 4982 1138 5038 simul
1166 4987 1224 5037 et
1250 4983 1448 5036 homo.

508 5073 864 5127 Commistus
895 5073 1205 5127 inconfuse
1237 5071 1558 5127 carbonem
1582 5069 1892 5125 ostendisti
1918 5068 2090 5124 nobis

439 5155 779 5230 divinitatis,
813 5162 1263 5217 comburentem
1296 5161 1536 5232 quidem
1569 5165 1826 5231 peccata.
1857 5157 2089 5214 animas

437 5249 633 5300 autem
666 5249 1102 5305 illuminantem
1152 5251 1213 5305 in
1244 5250 1474 5306 Thabor
1507 5255 1726 5313 monte,
1762 5249 1998 5320 Moysen
2031 5252 2090 5302 et

436 5331 645 5403 Eliam,
675 5336 1221 5410 discipulorumque
1285 5341 1586 5412 principes
1633 5339 2086 5410 obstupuerunt.

505 5421 688 5485 Quam
718 5442 997 5496 magnum
1030 5434 1088 5484 et
1121 5430 1385 5485 terribile
1419 5431 1607 5485 visum
1641 5434 1730 5484 est
1780 5433 2086 5500 spectacu-

428 5507 555 5565 lum
586 5511 760 5567 hodie
796 5513 807 5566 !
841 5531 870 5567 e
902 5515 1048 5570 caalo
1081 5519 1403 5584 sensibilis,
1439 5537 1467 5574 e
1501 5525 1657 5574 terra
1695 5535 1831 5573 vero
1863 5518 2082 5572 incom-

429 5599 715 5673 parabilis
769 5601 992 5657 effulsit
1063 5606 1151 5660 sol
1218 5608 1489 5678 justitiae,
1542 5607 1958 5682 intelligibilis,
2020 5607 2081 5662 in

426 5695 628 5748 monte
657 5690 910 5750 Thabor.

1738 343 1799 396 8.
1836 336 2140 394 JOANNIS
2174 335 2602 394 DAMABCBNI

2143 462 2196 530 Α

2130 4575 2177 4640 D

3658 345 3723 402 us

2851 461 2994 519 ΤΟΥ
3033 462 3258 519 ΑΥΤΟΥ

2222 630 2317 694 Εἰς
2371 631 2470 701 τὴν
2535 631 2957 711 μεταμόρφωσιν
3035 630 3132 720 τοῦ
3190 631 3401 708 ,Κυρίου
3466 635 3607 706 Ἰησοῦ
3648 639 3738 712 Χρι-

2973 725 3125 762 στου.

2818 884 2881 940 Ἦ
2911 880 3234 960 ἀκροστιχίς
3263 926 3279 942 .

2291 1046 2496 1113 Μωσῆς
2527 1049 2662 1099 Θεοῦ
2687 1045 2979 1120 πρόσωπον
3013 1043 3065 1101 ἦν
3099 1039 3292 1118 Θαόὼρ
3316 1042 3409 1102 ἴδε.

2291 1134 2495 1201 Μωσῆς
2554 1132 2605 1189 ὲν
2666 1134 2910 1210 θαλάσσῃ
2969 1138 3328 1214 προφητικῶς
3373 1130 3488 1189 ῗδὼν
3530 1132 3572 1189 ιν
3597 1131 3755 1211 νεφέλῃ,

2219 1220 2310 1274 καὶ
2343 1221 2395 1275 ἐν
2454 1221 2630 1296 στήλῃ
2670 1221 2842 1277 πάλαι
2871 1224 3044 1298 πυρὸς
3070 1225 3170 1294 τήν
3205 1221 3355 1297 δόξαν
3389 1222 3576 1297 Κυρίου,
3605 1217 3752 1278 ἀνεϐόα·

2221 1309 2314 1380 Τῷ
2348 1308 2602 1385 λυτρωτῇ
2633 1311 2723 1366 καὶ
2756 1313 2873 1384 Θεῷ
2904 1315 3065 1386 ἡμῶν
3098 1311 3336 1385 ᾅσωμεν.

2292 1397 2382 1460 Ὦς
2416 1399 2588 1475 πέτρα
2631 1404 2711 1472 τῷ
2769 1401 2982 1475 σώματι
3035 1401 3348 1464 σκεπασθεὶς
3400 1406 3470 1475 τῷ
3511 1398 3760 1473 τεθεωμένῳ,

2220 1487 2312 1540 τὸν
2345 1485 2574 1563 ἀόρατον
2623 1495 2873 1564 καθορῶν
2935 1493 3140 1560 Μωσῆς
3170 1492 3197 1546 6
3228 1490 3471 1563 θεόπτης,
3513 1484 3684 1545 ἀνεϐόα·
3706 1492 3768 1560 Τῷ

2225 1572 2480 1652 λυτρωτῇ
2509 1577 2600 1632 καὶ
2633 1583 2748 1650 Θεῷ
2777 1581 2938 1652 ἡμῶν
2972 1578 3212 1653 ᾅσωμεν.

2298 1664 2372 1718 Σὺ
2403 1663 2491 1720 ἐπὶ
2545 1672 2644 1722 τοῦ
2702 1664 2864 1742 ὄρους
2919 1673 3017 1724 τοῦ
3069 1673 3304 1742 νομικοῦ
3357 1667 3440 1725 καὶ
3495 1668 3540 1724 ὲν
3589 1663 3772 1741 Θαόαρίφ

2223 1753 2548 1830 καθωράθης
2579 1761 2658 1828 τῷ
2685 1759 2897 1832 Μωϋσῇ
2949 1758 3002 1813 ἄν
3063 1759 3255 1836 γνόφῳ
3310 1760 3370 1814 τὸ
3418 1757 3588 1830 πάλαι,
3613 1756 3653 1812 ἐν
3679 1753 3770 1831 φωνῖ

2145 1835 2192 1901 Β
2223 1840 2281 1897 δὲ
2309 1847 2401 1897 νῦν
2435 1843 2722 1919 ἆπροσίτῳ
2751 1853 2850 1916 τῆς
2875 1846 3158 1916 Θεότητος.

2293 1933 2356 1989 Ἡ
2389 1932 2683 2002 σκιάζουσα
2710 1933 2840 2006 δόξα
2865 1934 2919 1990 ἐν
2974 1940 3042 2011 τῇ
3105 1941 3283 2011 σκηνῇ
3339 1935 3598 2012 πρότερον,
3642 1933 3777 2002 καὶτῷ

2223 2032 2432 2096 Μωυσῆ
2465 2032 2743 2104 ὁμιλοῦσα
2771 2039 2850 2106 τῷ
2906 2039 2985 2108 σῷ
3047 2037 3358 2112 θεράποντι,
3383 2035 3539 2094 τόπος
3564 2031 3781 2108 γεγένηται

2217 2125 2318 2188 τῆς
2374 2120 2722 2195 ἀστραψάσης
2781 2122 3035 2201 ἀῤῥήτως
3095 2124 3145 2179 ἐν
3202 2120 3397 2200 Θαϐὼρ
3451 2145 3557 2191 σου,
3586 2124 3780 2186 Δέσποτα,

2225 2212 2730 2287 μεταμορφώσεως.

2292 2298 2642 2368 Συνανῆλθόν
2701 2323 2811 2370 σοι,
2873 2303 3036 2379 Λόγε,
3097 2305 3404 2380 μονογενὲς,
3459 2300 3789 2375 ὕψιστε,ἡτῶν

2217 2383 2538 2443 ἀποστόλων
2576 2390 2814 2464 ἀκρότης
2845 2390 2929 2446 ἐπὶ
2961 2395 3058 2446 τοῦ
3117 2389 3282 2467 ὄρους
3337 2386 3541 2465 Θαϐὼρ,
3569 2389 3644 2443 καὶ
3689 2405 3788 2455 πμ·

2217 2474 2580 2549 παρέστησαν,
2615 2477 2644 2532 ὅ
2672 2500 2729 2533 τε
2778 2485 3000 2549 Μωσῆς,
3057 2481 3148 2534 καὶ
3203 2479 3422 2549 Ἠλίας,
3474 2481 3542 2540 ὡς
3582 2478 3691 2531 Θεοῦ
3732 2474 3793 2526 Θε-

2219 2562 2501 2636 ράποντες,
2538 2565 2670 2637 μόνε
2693 2565 3064 2642 φιλάνθρωπε.

2290 2653 2419 2711 Θεὸς
2443 2653 2574 2719 ὅλος
2615 2656 2902 2731 ὑπάρχων,
2935 2656 3066 2720 ὅλος
3129 2658 3329 2733 βροτὸς
3381 2655 3606 2732 γέγονας,
3636 2650 3718 2723 δλῃ
3751 2649 3798 2718 τῇ

2219 2742 2434 2812 θεότητι
2478 2745 2630 2816 μίξας
2688 2749 2789 2816 τὴν
2849 2747 3246 2821 ἀντρωπότητα
3305 2749 3358 2802 ἐν
3411 2745 3670 2802 ὑποστάσει
3713 2759 3796 2810 σου,

2217 2829 2282 2899 ἢν
2315 2829 2366 2885 ἐν
2411 2830 2525 2888 δυσὶ
2577 2840 2695 2898 ταῖς
2727 2836 2938 2900 οὐσίαις
2989 2843 3194 2907 Μωσῆς
3261 2837 3454 2898 Ἠλίας
3507 2856 3561 2890 τε
3610 2828 3722 2888 εἶδον
3765 2823 3801 2878 ἒν

2218 2915 2332 2992 ὄρει
2367 2917 2586 2998 Θαϐώρ.

2288 3014 2384 3068 Ἐκ
2436 3016 2634 3084 σαρκός
2690 3037 2785 3071 σου
2849 3015 3069 3090 βολίδες
3151 3016 3418 3088 θεότητος
3501 3007 3807 3087 ἒξεπορεόοντο

2217 3106 2518 3178 προφητῶν
2580 3104 2672 3158 καὶ
2731 3105 3078 3178 ἀποστόλων,
3133 3106 3256 3170 ὅθεν
3313 3108 3366 3161 οἱ
3397 3105 3663 3181 πρόκριτοι
3709 3093 3811 3170 μὲλ-

2142 3208 2185 3276 C
2225 3208 2415 3253 ποντες
2446 3186 2708 3247 ἀνεϐόωνο
2743 3189 2878 3264 Δόξα
2902 3198 2970 3268 τῇ
2998 3192 3226 3267 δυνάμει
3263 3217 3388 3264 σου,
3422 3193 3602 3268 Κύριε.

2292 3281 2351 3337 Ὀ
2402 3282 2500 3350 τὴν
2556 3281 2717 3358 βάτον
2778 3283 3017 3360 φυλάξας
3076 3280 3381 3356 ἀλώϐητον
3439 3277 3816 3357 προσομιλοῦσιν

2217 3369 2346 3444 πυρὶ
2385 3413 2400 3439 9
2452 3375 2531 3442 τῷ
2587 3376 2758 3447 Μωσῃ
2817 3371 3239 3445 θεολαμποῦσαν
3323 3375 3500 3450 σάρκα
3557 3365 3819 3434 ὑπέδειξας,

2218 3458 2478 3528 Δέσποτα,
2518 3457 2889 3533 μελῳδοῦντα·
2924 3462 3058 3532 Δόξα
3086 3465 3156 3536 τῇ
3193 3461 3428 3536 δυνάμει
3462 3482 3576 3527 σου,
3606 3457 3762 3530 Κύριε.

2284 3543 2586 3622 Ὑπεκρύϐη
2653 3549 2828 3604 ἀκτίσι
2889 3546 3148 3622 θεότητος
3214 3552 3488 3623 αἲσθητὸς
3541 3548 3722 3618 ἣλιος.
3767 3540 3820 3596 ὦ(

2216 3634 2266 3689 ἐν
2323 3632 2434 3712 ὄρει
2496 3631 2763 3713 Θαϐωρίῳ
2822 3636 2927 3694 εἶδὲ
2975 3661 3033 3695 σε
3094 3641 3651 3719 μεταμορφούμενον,
3685 3631 3824 3702 ’1ησοῦ

2218 3748 2345 3800 μου⁸
2385 3728 2518 3798 Δόξα
2545 3731 2613 3802 τῇ
2648 3727 2871 3802 δυνάμει
2922 3751 3040 3800 σου,
3075 3731 3268 3807 Κύριε.

2287 3822 2397 3892 Πῦρ
2434 3819 2508 3890 μὴ
2543 3817 2747 3894 φλέγω
2778 3820 2876 3888 τὴν
2937 3819 3074 3891 ὕλην
3132 3827 3234 3876 τοῦ
3269 3822 3534 3894 σώματος
3568 3809 3826 3887 6.66101255-

2216 3903 2334 3974 λον,
2393 3907 2467 3966 ὡς
2520 3913 2728 3975 Μωσῆς
2773 3908 2864 3961 καὶ
2920 3907 3268 3972 ἀποστόλοις
3328 3907 3522 3988 ὤφθης
3579 3904 3746 3963 Ἠλίας
3768 3918 3825 3962 τε,

2215 3996 2478 4063 Δέσποτα,
2520 3994 2595 4057 εἶς
2625 3992 2682 4048 ἐκ
2713 3993 2832 4068 δύο,
2865 3994 2918 4051 ἐν
2947 3994 3066 4052 δυσὶ
3089 3997 3342 4062 τελείαις
3377 4004 3503 4061 ταῖς
3534 3996 3724 4076 φῦσεσι.

2281 4174 2676 4250 Ῥητορεύουσα
2704 4174 2929 4249 γλῶσσα
2964 4221 2976 4246 ,
3011 4180 3107 4230 σοῦ
3155 4177 3225 4232 τὰ
3263 4177 3540 4253 μεγαλεῖα
3571 4174 3630 4230 οὖ
3660 4168 3836 4226 δόνατιι

2210 4265 2553 4339 φθέγξασθαι·
2615 4264 2688 4326 ὡς
2746 4268 2958 4339 κρατῶν
3021 4269 3169 4334 ζωῆς
3229 4268 3344 4342 γάρ
3384 4309 3400 4334 ,
3492 4264 3582 4319 καὶ
3653 4259 3836 4314 Θανάτου

2210 4349 2505 4424 δεσπόζων,
2537 4352 2880 4426 παρέστησας
2909 4351 2963 4408 ἐν
3008 4349 3207 4430 Θαϐὼρ
3273 4360 3364 4428 τῷ
3425 4351 3544 4431 ὄρει
3596 4351 3681 4406 τὸν
3707 4351 3839 4402 limi-i-

2207 4443 2304 4510 σῆν
2359 4442 2447 4496 καὶ
2503 4443 2596 4496 τὸν
2653 4439 2864 4511 Ἠλίαν,
2929 4445 3401 4518 μαρτυρήσαντάς
3459 4464 3555 4498 σου
3609 4441 3698 4507 τήν
3750 4431 3843 4497 Θεάο

2204 4549 2365 4600 τητα.

2277 4620 2338 4676 Ὁ
2368 4619 2555 4695 χερσὶν
2589 4617 2844 4693 ἀοράτοις
2864 4616 3076 4683 πλάσας
3108 4623 3230 4677 κατ’
3269 4617 3471 4678 εἷκόνα
3525 4641 3641 4689 σου,
3669 4609 3843 4690 Χριστὶν

2201 4705 2293 4761 τόν
2356 4705 2749 4781 ἅνθρωπον,τὸ
2805 4708 3115 4784 ἀρχέτυπόν
3178 4731 3288 4766 σου
3350 4711 3407 4766 ἐν
3467 4715 3549 4783 τῷ
3603 4706 3841 4774 πλάσματι

2201 4798 2412 4861 κάλλος
2447 4796 2743 4871 ὑπέδειξας,
2777 4799 2889 4874 οὐχ
2918 4801 2992 4862 ὡς
3041 4798 3094 4854 ἐν
3151 4801 3366 4869 εἰκόνι,
3402 4801 3536 4858 ἀλλ’
3595 4801 3668 4861 ὡς
3717 4791 3848 4850 αὐτὸς

2203 4885 2274 4943 ὢν
2309 4890 2424 4944 κατ’
2454 4888 2656 4956 οὐσίαν,
2689 4889 2716 4943 6
2749 4891 2879 4951 Θεὸς
2910 4889 3270 4966 χρηματίσας
3305 4891 3404 4947 καὶ
3439 4893 3737 4966 ἅνθρωπος.

2273 5067 2601 5144 Συγκραθείς
2659 5068 3028 5143 ἀσυγχότως,
3090 5067 3348 5145 ἄνθρακα
3415 5068 3694 5139 ὑπέδειξας
3737 5061 3844 5131 ἦμῖν

2199 5158 2478 5226 Θεότητος,
2538 5156 2943 5233 καταφλέγοντα
3033 5159 3125 5230 μὶν
3203 5162 3532 5234 ἁμαρτίας,
3587 5157 3752 5233 ψυχὰς
3799 5145 3842 5202 δῖ

2197 5248 2500 5325 φωτίζοντα
2533 5246 2581 5300 ἐν
2617 5242 2814 5323 Θαϐὼρ
2862 5251 2942 5318 τῷ
2972 5241 3108 5322 ὄρει,
3162 5249 3272 5304 τὸν
3341 5253 3594 5320 Μωυσῆν
3648 5245 3728 5302 καὶ
3776 5242 3847 5294 τὸν

2194 5334 2413 5405 Ἠλίαν,
2445 5337 2706 5408 μαθητῶν
2736 5355 2793 5389 τε
2824 5334 3087 5412 ἐξάρχους
3113 5335 3461 5410 ἐξέστησαν,

2266 5427 2356 5488 Ὠς
2393 5426 2526 5498 μέγα
2557 5425 2648 5479 καί
2690 5419 2924 5501 φοϐερὸν
2979 5427 3161 5500 ὡράθη
3233 5428 3433 5502 θέαμα
3494 5423 3763 5502 σήμερονί
3809 5415 3848 5481 ἐξ

2194 5515 2428 5591 οὐρανοῦ
2459 5514 2744 5586 αἷσθητὸς,
2774 5513 2834 5569 ἐκ
2865 5521 2968 5590 γῆς
3021 5511 3079 5570 δὶ
3133 5515 3501 5596 ἀσύγκριτος
3563 5508 3842 5593 iungat?!

2191 5603 2390 5667 ’Ἥλιος
2419 5609 2522 5674 τῆς
2579 5599 2955 5675 δικαιοσύνης,
2983 5603 3211 5675 νοητὸς,
3252 5605 3355 5662 ἐπὶ
3411 5613 3516 5664 τοῦ
3568 5604 3720 5682 ὄρους
3763 5602 3842 5652 Θι·

2194 5691 2333 5770 ϐώρ.
