3952 6202
194 407 282 464 849

1659 404 2014 461 ΟΔΒΜΙΝΔ.

3435 421 3540 477 850

245 528 466 607 Παρῆλθε
523 525 616 600 μὲν
667 528 702 596 ἡ
765 527 892 582 σκιά
945 531 1043 582 τοῦ
1119 529 1294 601 νόμου
1366 526 1758 599 ἐξασθενήσασα

1964 532 2256 590 Praeteriit
2287 535 2526 607 quidem
2560 538 2771 596 umbra
2800 539 2945 613 legis
2987 542 3325 600 infirmata:
3380 549 3540 605 venit

189 619 393 692 ἂλήλυθε
431 615 483 672 δὲ
531 619 714 694 σαφῶς
772 617 1027 690 Χριστὸς,
1058 619 1092 686 ἡ
1127 615 1365 681 ἀλὲθεια·
1412 623 1615 687 Μωσῆς
1657 619 1778 674 ἀνι-

184 705 346 780 εόησεν
374 706 421 762 ἐν
449 707 521 778 τῷ
579 699 869 780 Θαϐωρίῳ,
928 703 1162 760 κατιδών
1221 727 1320 760 σου
1374 709 1474 776 τὴν
1525 706 1778 777 θεότητα.

233 820 244 838 ⁸
273 820 310 876 Ο
337 814 514 877 στύλος
538 819 617 886 τῷ
651 818 856 888 Μωϋσῇ
891 814 1123 889 Χριστὸν
1172 815 1263 870 τὸν
1319 816 1782 891 μετήμορφούμε-

177 905 399 977 νον,ήδέ
425 904 616 983 νεφέλη
663 909 849 979 σαφῶς
906 906 1008 974 τήν
1065 905 1230 981 χᾶριν
1282 911 1381 961 τοῦ
1443 906 1778 980 Ιίνεύματος,

174 1001 257 1068 τήν
282 999 635 1053 ἐπισκιάσασαν
679 994 730 1051 ἓν
780 999 859 1068 τῷ
913 991 1184 1072 Θαϐωρίῳ
1228 994 1545 1072 παρεδήλου
1603 995 1777 1073 ἐμφα-

177 1089 383 1146 νιστατα.

233 1180 325 1236 Νῦν
354 1174 629 1251 καθωράοη
691 1175 1025 1237 ἀποστόλοις
1083 1176 1151 1230 τὰ
1199 1177 1417 1244 ἀθέατα,
1478 1175 1669 1247 θεότης
1723 1177 1773 1233 ἐν

172 1268 346 1343 σαρκίῳ
373 1266 421 1322 ἐν
477 1271 554 1339 τῷ
610 1261 804 1341 Θαϐὼρ
868 1266 1248 1342 ἀστράπτουσα
1312 1268 1534 1341 βοῶσιν.
1597 1266 1777 1325 Εὐλο-

162 1359 297 1434 γητὸς
325 1358 389 1428 εἰ,
422 1354 579 1429 Κύριε
610 1356 638 1410 ὁ
669 1356 825 1425 Θεὸς,
860 1356 937 1419 εἱς
965 1355 1094 1418 τοὺς
1127 1355 1350 1418 αἰῶνας.

216 1467 440 1542 Ἐφριξαν
495 1457 656 1542 φόϐῳ
713 1461 1078 1539 ἐκπλαγέντες
1131 1464 1231 1532 τήν
1287 1463 1610 1537 εὐπρέπειαν
1671 1467 1772 1528 τῆς

158 1555 274 1620 θείας
303 1552 569 1630 βασιλείας
602 1552 654 1608 ἐν
685 1557 765 1626 τῷ
796 1548 914 1629 ὄρει
956 1547 1152 1626 Θαϐὼρ
1204 1552 1536 1622 ἀπόστολοι,
1593 1553 1773 1628 βοῶν-

157 1663 242 1706 τες·
272 1641 569 1719 Εὐλογητὸς
601 1642 670 1711 εἴ,
702 1642 864 1718 Κύριε
895 1643 923 1697 ὁ
955 1643 1106 1711 Θεὸς,
1139 1640 1217 1704 εἰς
1246 1641 1374 1702 τοὺς
1403 1641 1624 1702 αἰῶνας.

216 1754 306 1804 Νῦν
332 1751 394 1805 τὰ
421 1749 734 1821 ἀνήκουστα
785 1747 1053 1818 ἠκούσθη.
1104 1749 1166 1805 Ὀ
1211 1749 1433 1822 ἀπάτωρ
1489 1748 1593 1822 γὰρ
1646 1749 1771 1812 Υἱὸς

158 1835 204 1892 ἰκ
227 1843 310 1906 τῆς
340 1841 610 1911 Παρθένου
636 1840 705 1912 τῇ
771 1836 1001 1910 Πατρῴα
1058 1835 1212 1913 φωνῇ
1269 1833 1494 1908 ἐνδόξως
1554 1855 1765 1910 μαρτυ-

1891 629 2090 678 autem
2123 626 2440 681 manifesta
2471 627 2736 684 Christus
2763 631 2976 686 veritas
3003 649 3015 685 :
3066 634 3292 703 Moyses
3341 635 3530 691 excla.

1891 713 2072 766 mavit
2102 713 2161 767 in
2193 714 2503 780 Thaborio,
2538 717 2778 772 intuens
2812 725 2972 774 tuam
3006 720 3391 777 divinitatem.

1962 819 2250 875 Columna
2279 823 2495 893 Moysis
2527 823 2822 878 Christum
2871 828 3377 899 transﬁguratum,
3430 846 3536 885 ne-

1889 906 2031 963 bula
2061 915 2256 964 autem
2287 911 2599 966 manifeste
2631 914 2879 985 gratiam
2905 916 3154 988 Spiritus
3175 917 3535 975 obumbran-

1891 1000 2008 1052 tem
2040 998 2102 1053 in
2132 999 2419 1054 Thaborio
2453 1001 2874 1058 manifestabat
2903 1006 3302 1076 apertissime.

1957 1177 2120 1231 Nunc
2148 1183 2412 1248 spectata
2443 1185 2581 1234 sunt
2602 1182 2890 1250 apostolis
2908 1181 3535 1252 invisibilia,divinitas

1884 1266 1947 1320 in
1981 1268 2302 1322 caruncula
2341 1269 2399 1322 in
2432 1275 2632 1324 monte
2663 1271 2895 1326 Thabor
2925 1273 3177 1344 fulgens,
3221 1276 3534 1332 clamanti-

1883 1353 2032 1409 bus:
2068 1356 2422 1411 Benedictus
2455 1375 2538 1425 es,
2572 1360 2819 1415 Domine
2853 1363 3026 1430 Deus,
3061 1382 3168 1434 per
3199 1367 3438 1422 sarcula.

1955 1463 2322 1517 Horruerunt
2346 1464 2553 1520 timore
2581 1467 2894 1537 stupefacti
2918 1468 3191 1526 decorem
3215 1473 3399 1528 divini
3431 1491 3529 1529 re-

1879 1551 1978 1623 gni
2033 1552 2093 1605 in
2127 1558 2324 1607 monte
2357 1554 2608 1624 Thabor,
2640 1557 2912 1626 apostoli,
2944 1559 3268 1616 clamantes
3295 1580 3306 1618 :
3340 1565 3526 1619 Bene-

1879 1639 2071 1695 dictus
2103 1658 2188 1708 es,
2216 1641 2462 1696 Domine
2497 1645 2671 1710 Deus,
2709 1662 2814 1716 per
2843 1648 3080 1703 saecula.

1951 1731 2113 1784 Nunc
2136 1731 2406 1785 inaudita
2427 1732 2628 1788 audita
2650 1740 2804 1790 sunt.
2828 1735 2964 1791 Sine
2983 1739 3152 1793 Patre
3171 1740 3328 1795 enim
3344 1741 3525 1798 Filius

1877 1835 1948 1892 de
1981 1837 2240 1909 Virgine,
2275 1844 2522 1909 paterna
2552 1858 2691 1897 voce
2721 1841 2973 1914 gloriose
3006 1846 3366 1916 praadicatur
3395 1853 3523 1906 tan-

154 1905 313 1997 ρεῖται,
343 1905 427 1982 οἷα
457 1928 589 1989 Θεὸς
622 1905 715 1981 καὶ
747 1905 1030 2001 ἅνθρωπος
1119 1905 1280 1989 αὐτὸς
1319 1905 1411 1989 εἰς-
1439 1905 1572 1987 τοὺς
1618 1905 1758 1980 αἰῶ-

1917 1943 2054 1982 uam
2081 1928 2235 1983 Deus
2270 1934 2327 1983 et
2359 1928 2534 1984 homo
2567 1930 2726 1986 idem
2758 1949 2864 2004 per
2895 1935 3130 1992 saecula.

152 2036 244 2076 νας.

202 2103 330 2161 Θέσει
358 2108 420 2162 οὐ
449 2107 683 2183 γέγονας
711 2104 980 2180 Ὑψίστου,
1013 2109 1082 2179 τῇ
1143 2104 1299 2176 οὐσίᾳ
1347 2101 1404 2160 δὲ
1451 2104 1575 2166 Υἱὸς
1621 2106 1755 2180 ἠγα-

147 2195 376 2263 πημένος,
425 2196 826 2270 προϋπάρχων,
885 2196 1020 2267 ἡμῖν
1073 2192 1366 2266 ὡμίλησας
1448 2190 1750 2267 ἀτρέπτωςο

145 2281 431 2360 Εὐλογητὸς
461 2288 531 2356 εἴ,
575 2285 740 2360 Κύριε
771 2284 800 2338 ὁ
830 2284 980 2352 Θεὸς,
1015 2283 1090 2346 εἰς
1114 2282 1239 2346 τοὺς
1268 2283 1487 2344 αἰῶνας.

198 2461 521 2532 Ἀκηκοότες,
565 2459 831 2532 Δέσποτα,
893 2461 952 2516 ἐκ
1019 2463 1228 2534 Πατρὸς
1281 2462 1747 2536 μαρτυρούμενον,

134 2550 206 2601 καὶ
249 2551 316 2614 ὡς
367 2552 726 2627 ἀνθρωπίνης
783 2551 1151 2628 περῥωτὲραν
1209 2547 1388 2624 ὅψεως
1461 2552 1588 2626 ὁρᾷν
1647 2555 1749 2605 τοῦ

136 2639 389 2708 προσώπου
437 2661 534 2695 σου
591 2641 694 2709 τήν
752 2639 1031 2715 ἀστραπὴν
1096 2640 1171 2712 μὴ
1232 2639 1486 2715 φέροντές
1546 2661 1641 2694 σου
1695 2641 1748 2694 οἱ

133 2730 354 2798 μαθηταὶ,
386 2728 473 2784 ἐπὶ
502 2731 611 2800 τήν
671 2736 771 2805 γῆν
826 2730 1182 2796 κατέπιπτον,
1243 2728 1294 2783 ἐν
1355 2724 1512 2805 φόϐῳ
1566 2727 1747 2801 μελῳο

132 2809 334 2878 δοῦντες’
387 2819 453 2875 Οἱ
516 2815 718 2880 παῖδες
787 2816 1082 2894 εὐλογεῖτε,
1169 2817 1354 2892 ἱερεῖς,
1441 2819 1747 2890 άνυμνεῖτε,

131 2902 257 2976 λαὸς,
287 2907 634 2982 ὑπερυψοῦτε
659 2907 738 2969 εἷς
768 2909 971 2968 πάντας
1001 2907 1128 2970 τοὺς
1155 2906 1377 2969 αἰῶνας.

189 3012 575 3070 Βασιλευόντων
637 3016 878 3091 πέφυκας
937 3009 1172 3069 Βασιλεῦ
1231 3012 1588 3086 ὡραιότατος,
1656 3013 1747 3067 καὶ

121 3104 208 3154 τῶν
236 3110 509 3180 πανταχοῦ
560 3103 940 3178 κυριευόντων
989 3101 1213 3177 Κύριος,
1264 3099 1528 3170 δυνάστης
1578 3100 1747 3175 μακά-

127 3208 237 3263 ριος,
264 3191 345 3246 καὶ
378 3198 496 3271 φῶς
529 3195 706 3248 οἱκῶν
749 3192 1064 3268 ἀπρόσιτον,
1111 3191 1156 3263 ᾦ
1201 3191 1252 3245 οἱ
1296 3190 1531 3264 μαθηταὶ
1583 3211 1750 3246 κατα-

1939 2105 2274 2178 Adoptione
2299 2124 2418 2163 non
2447 2108 2636 2164 factus
2662 2126 2724 2165 es
2766 2113 3017 2179 Excelsi,
3052 2115 3385 2173 substantia
3413 2135 3522 2174 au-

1863 2201 1983 2251 tem
2017 2214 2152 2252 cum
2185 2197 2369 2252 Filius
2405 2198 2657 2254 dilectus
2690 2203 3152 2271 praaexsisteres,
3206 2207 3521 2264 nobiscum

1862 2293 2241 2340 conversatus
2269 2303 2330 2340 es
2361 2287 2854 2347 immutabiliter:
2901 2292 3259 2350 Benedictus
3293 2311 3377 2362 es,
3409 2297 3523 2350 Do-

1860 2375 2021 2430 mine
2054 2377 2228 2438 Deus,
2263 2393 2369 2447 per
2392 2377 2627 2434 saacula.

1930 2464 2272 2529 Audientes,
2295 2466 2564 2534 Domine,
2589 2469 2778 2523 Patris
2795 2470 3291 2540 testimonium,et
3313 2480 3377 2528 ut
3395 2474 3505 2530 hu-

1858 2567 2034 2607 mano
2055 2553 2397 2608 solidiorem
2418 2560 2658 2625 aspectu
2672 2556 2868 2611 videre
2885 2557 3051 2611 faciei
3077 2564 3191 2613 tua;
3215 2559 3505 2632 fulgorem

1858 2660 1980 2698 non
2012 2643 2270 2698 ferentes
2300 2650 2468 2699 tuum
2486 2645 2784 2717 discipuli.
2811 2648 2871 2701 in
2898 2654 3116 2704 terram
3141 2650 3508 2706 cadebantin

1862 2733 2096 2798 timore,
2130 2739 2448 2787 canentes:
2491 2735 2690 2800 Pueri,
2724 2735 3057 2791 benedicite
3087 2755 3100 2802 ;
3148 2739 3489 2793 sacerdotes

1859 2821 2903 2894 concinite;populus,superexaltate
2921 2842 3028 2896 per
3044 2826 3246 2881 omnia
3265 2827 3506 2882 saecula.

1931 3016 2332 3088 Regnantium‘
2379 3033 2442 3071 es
2464 3019 2582 3072 Rex
2610 3017 3068 3088 pulcherrimus,
3094 3025 3151 3074 et
3171 3020 3391 3090 ubique
3415 3021 3514 3076 do-

1858 3106 2216 3160 minantium
2252 3106 2556 3166 Dominus.
2591 3105 2866 3177 princeps
2910 3107 3143 3173 beatus,
3196 3115 3253 3163 et
3305 3109 3515 3165 lumen

1859 3195 2135 3250 habitans
2168 3194 2600 3260 inaccessibile,
2640 3196 2734 3249 cui
2758 3194 3032 3267 discipuli
3057 3197 3368 3268 stupefacti
3391 3199 3516 3254 cla-

122 3277 376 3355 πλαγέντες
402 3277 610 3353 ἐϐόων,
646 3283 711 3339 Οἱ
768 3279 960 3344 παῖδες
1009 3279 1311 3354 εὐλογεῖτε,
1355 3280 1520 3354 ἱερεῖς
1580 3279 1746 3354 ἀνυμ-

1925 3285 2106 3340 abant
2131 3301 2144 3338 :
2174 3284 2367 3346 Pueri,
2391 3283 2725 3339 benedicite
2751 3302 2765 3352 ;
2792 3286 3149 3352 sacerdotes,
3176 3288 3505 3354 concinite;

122 3376 251 3442 νεῖτε,
283 3373 430 3445 λαὸς,
467 3376 819 3452 ὑπερυψοῦτε
850 3373 926 3435 εἰς
955 3373 1160 3434 πάντας
1192 3370 1320 3434 τοὺς
1352 3369 1574 3434 αῗῶνας.

174 3481 250 3544 Ὠς
279 3482 510 3558 οὐρανοῦ
545 3480 896 3551 δεσπόζοντι,
943 3480 1032 3535 καί
1073 3487 1175 3548 τῆς
1228 3486 1329 3554 γῆς
1383 3477 1750 3554 βασιλεύοντι,

122 3571 192 3624 καὶ
219 3573 592 3638 καταχθονίων
631 3573 731 3642 τήν
761 3571 953 3647 κυρίαν
985 3569 1195 3645 ἔχοντι,
1225 3567 1447 3646 Χριστέ,
1483 3589 1568 3623 σοι
1616 3589 1753 3644 παρ-

121 3659 332 3734 έστησαν,
363 3664 427 3721 ἐκ
459 3667 563 3740 μὲν
619 3670 723 3733 τῆς
776 3670 879 3739 γῆς
928 3659 1253 3730 ἀπόστολοι,
1301 3661 1376 3725 ὡς
1421 3661 1470 3733 ἐξ
1521 3659 1754 3736 οὐρανοῦ

120 3747 181 3817 δὲ,
209 3754 233 3807 ὁ
261 3750 526 3826 Θεσϐίτης
558 3752 784 3823 Ἠλίας,
817 3754 1025 3822 Μωσῆς
1057 3748 1114 3806 δὲ
1142 3751 1202 3806 ἐκ
1258 3747 1520 3820 νεκάδων,
1572 3748 1756 3824 μελῳ-

115 3835 296 3906 δοῦντες
325 3844 654 3906 ἀπαύστως·
690 3843 756 3900 Οἱ
783 3839 994 3911 παῖδες,
1030 3839 1330 3916 εὐλογεῖτε,
1364 3840 1530 3914 ἱερεῖς
1583 3841 1754 3914 ἀνυμ-

110 3934 247 4001 νεῖτε,
272 3931 423 4003 λαὸς,
461 3934 817 4009 ὑπεροψοῦτε
838 3929 914 3993 εἷς
947 3931 1150 3992 πάντας
1178 3927 1306 3992 τοὺς
1339 3927 1562 3991 αἰῶνας.

167 4109 561 4186 Ῥαθυμοτόκοι
615 4111 872 4186 μέριμναι
907 4109 996 4165 ἐπὶ
1035 4115 1142 4184 γῆς
1202 4107 1634 4185 κατελείφθησαν
1682 4112 1751 4182 τῇ

113 4199 197 4250 τῶν
227 4200 548 4258 ἀποστόλων
586 4201 822 4275 ἐκλογῇ,
856 4197 1233 4277 φιλάνθρωπε,
1265 4197 1338 4259 ὡς
1369 4197 1453 4251 σοὶ
1512 4194 1752 4267 ἠκολού-

108 4285 249 4355 ϐησαν
278 4294 412 4364 πρὸς
442 4295 552 4363 τήν
615 4290 676 4345 ἐκ
733 4297 835 4366 γῆς
894 4289 1184 4363 μετάρσιον
1246 4287 1390 4352 θείαν
1446 4285 1748 4344 πολιτείαν.

104 4377 236 4433 Ὀθεν
284 4383 371 4437 καὶ
433 4383 684 4458 ἐπαξίως
739 4387 836 4450 τῆς
895 4383 993 4445 σῆς
1051 4377 1361 4456 θεοφανείας
1432 4374 1748 4450 ἐμελῲδουν

100 4470 354 4542 τυχόντες·
389 4473 462 4529 Οἱ
497 4468 706 4534 παῖδες
735 4467 1038 4543 εὐλογεῖτε,
1069 4467 1258 4542 ἱερεῖς,
1281 4463 1747 4540 ἀνυμνεῖτε,λαὸς,

104 4554 410 4633 ὗπερυψοῦτε
443 4561 526 4624 εἰς
559 4558 773 4621 πάντας
800 4557 929 4620 τοὺς
962 4556 1187 4619 αἰῶνας.

1862 3374 2142 3447 populus,
2176 3374 2610 3445 superexaltate
2643 3391 2749 3446 per
2778 3375 2978 3430 omnia
3009 3377 3246 3432 saacula.

1934 3465 2237 3534 Tanquam
2270 3463 2416 3518 caelo
2448 3463 2803 3530 dominanti,
2837 3470 2896 3519 et
2927 3471 3099 3520 terrm
3131 3467 3428 3539 regnanti,
3454 3472 3512 3522 et

1864 3571 2390 3626 subterraneorum
2422 3569 2756 3626 dominium
2791 3571 3054 3638 habenti,
3098 3574 3351 3637 Christe,
3401 3573 3510 3629 tibi

1862 3660 2225 3728 astiterunt;
2261 3676 2290 3714 e
2323 3665 2481 3714 terra
2513 3660 2753 3731 quidem
2809 3662 3059 3732 apostoli
3091 3679 3103 3715 :
3161 3668 3443 3734 tanquam
3476 3679 3510 3718 α

1863 3749 2010 3804 caelo
2045 3754 2264 3817 autem,
2297 3749 2604 3804 Thesbites
2630 3749 2789 3805 Elias
2816 3768 2829 3817 ;
2853 3753 3080 3822 Moyses
3107 3769 3241 3807 vero
3264 3769 3333 3807 ex
3355 3769 3510 3808 mor-

1862 3838 2001 3906 tuis,
2035 3845 2316 3894 canentes
2349 3839 2756 3894 incessanter:
2790 3839 2980 3906 Pueri,
3011 3841 3346 3897 benedicite
3370 3861 3383 3910 ;
3411 3858 3506 3897 sa-

1865 3928 2154 3997 cerdotes,
2197 3929 2532 3996 concinite;
2592 3929 2870 4001 populus,
2920 3931 3355 4002 superexaltate
3405 3948 3511 4005 per

1862 4020 2062 4075 omnia
2093 4020 2327 4076 saecula.

1933 4109 2248 4181 Segnitiem
2273 4109 2573 4180 parientes
2596 4125 2752 4164 curae
2768 4109 2828 4163 in
2844 4113 3000 4164 terra
3021 4109 3319 4166 derelictae
3335 4119 3495 4179 sunt,

1861 4199 2266 4269 apostolorum
2292 4199 2546 4267 delectu,
2581 4215 2614 4252 o
2647 4199 2927 4264 humane,
2961 4205 3025 4253 ut
3053 4205 3106 4254 te
3139 4200 3324 4254 secuti
3361 4207 3505 4255 sunt

1860 4289 1933 4344 ad
1966 4288 2283 4343 sublimem
2318 4293 2540 4343 eterra
2593 4288 2853 4343 divinam
2904 4288 3193 4358 politiam,
3246 4289 3403 4342 unde
3448 4295 3507 4344 et

1851 4379 1988 4451 jure
2021 4378 2233 4432 divinze
2267 4382 2380 4432 tuae
2413 4377 2909 4432 manifestationis
2941 4376 3260 4447 participes
3285 4378 3501 4446 effecti,

1861 4468 2184 4524 canebant:
2220 4466 2392 4522 Pueri
2412 4465 2778 4533 benedicite;
2809 4464 3163 4534 sacerdotes,
3185 4467 3504 4539 concinite,

1856 4556 2133 4628 papulus,
2168 4555 2607 4627 superexaltate
2637 4572 2743 4626 per
2764 4553 2964 4609 omnia
2996 4553 3231 4609 saecula.

159 4667 263 4722 Ἵνα
291 4690 388 4724 σου
421 4668 615 4744 δείξῃς
667 4665 919 4743 ἐμφανῶς
976 4665 1076 4733 τὴν
1131 4661 1440 4740 ἀπόρρητον
1497 4659 1748 4738 δευτέραν

1933 4665 2006 4720 Ut
2034 4671 2196 4720 tuam
2221 4664 2502 4720 ostendas
2524 4668 2724 4735 aperte
2748 4678 3022 4718 arcanam
3055 4660 3379 4718 secundam
3405 4660 3503 4718 de-

101 4751 596 4831 κατάϐασιν,’ὸπως
644 4757 672 4811 ὁ
731 4754 958 4828 ὕψιστος
1007 4753 1138 4816 Θεὸς
1197 4752 1412 4826 ὐφθήσῃ
1472 4751 1638 4814 ἑστὼς
1697 4750 1748 4806 ἐν

101 4844 229 4918 μέσῳ
266 4853 402 4912 θεῶν
464 4853 602 4910 τοῖς
663 4844 998 4905 ἀποστόλοις
1052 4841 1104 4899 ἦν
1165 4836 1360 4917 Θαϐὼρ
1419 4844 1594 4915 Μωσῇ
1656 4840 1749 4895 σὸν

97 4932 235 5007 Ἠλία
260 4959 317 4994 τε
346 4937 628 5014 ἀρρήτως
680 4934 956 5009 ἔλαμψας,
989 4931 1080 4988 διὸ
1143 4931 1338 4996 πάντες
1397 4952 1475 5004 σε,
1535 4930 1751 5006 Χριστέ,

98 5023 346 5099 μεγαλύνο
353 5049 479 5102 μεν.

155 5135 302 5189 Δεῦτε
335 5156 460 5209 μοι,
497 5131 779 5199 πείθεσθε,
813 5129 962 5197 λαοὶ,
995 5123 1286 5189 ἀναϐάντες
1313 5127 1389 5191 εἰς
1417 5127 1479 5182 τὸ
1529 5122 1657 5201 ὅρος
1686 5127 1750 5182 τὸ

95 5219 223 5294 ἱγιον
248 5225 310 5280 τὸ
337 5224 708 5298 ἐπουράνιον,
738 5217 922 5281 ἆύλως
970 5223 1180 5291 στῶμεν
1241 5217 1293 5273 ἐν
1339 5216 1501 5273 πόλει
1550 5221 1750 5286 ζῶντος

96 5315 231 5381 Θεοῦ,
260 5315 351 5370 καὶ
411 5311 854 5384 ὶποπτεύσωμεν
904 5308 990 5364 νοΐ
1037 5308 1265 5379 θεότητα
1310 5305 1474 5362 ἄυλον
1540 5306 1746 5382 ΙῘατρὸς

91 5400 165 5455 καί
219 5405 552 5480 Πνεύματος
620 5400 672 5456 ἐν
732 5401 847 5473 Υἱῷ
908 5404 1186 5475 μονογενεῖ
1239 5395 1745 5474 άπαστράπτουσαν.

147 5580 404 5654 Ἕθελξας
471 5579 646 5651 πόθῳ
704 5600 790 5652 με,
852 5577 1071 5651 Χριστὶ,
1129 5577 1218 5631 καὶ
1288 5573 1612 5645 ἠλλοίωσας
1668 5579 1746 5646 τῷ

87 5672 199 5744 ιιςφ
229 5695 327 5729 σου
385 5672 600 5748 ἓρωτι,
658 5669 802 5724 ἀλλὰ
855 5666 1195 5744 κατάφλεξον
1255 5669 1386 5743 πυρὶ
1443 5665 1599 5739 ἀΰΛῳ
1649 5668 1746 5729 τὰς

89 5761 339 5838 ἁμαρτίας
372 5782 516 5840 μου,
553 5759 652 5814 καὶ
686 5758 1068 5835 ἰμπλησϐἧναι
1127 5764 1227 5828 τῆς
1285 5755 1336 5812 ἂν
1397 5755 1482 5812 σοὶ
1537 5763 1745 5834 τρυφῆς

1865 4753 2260 4820 scensionem,
2292 4758 2360 4807 ut
2407 4751 2674 4807 excelsus
2725 4751 2877 4805 Deus
2931 4749 3183 4804 videaris
3233 4752 3397 4803 stans
3441 4749 3501 4803 in

1861 4842 2058 4899 medio
2091 4843 2362 4909 deorum,
2395 4840 2678 4912 apostolis
2710 4841 2770 4894 in
2800 4839 3028 4894 Thabor
3057 4854 3191 4892 cum
3225 4839 3418 4909 Moyse
3446 4844 3505 4893 et

1860 4934 1989 4988 Elia
2055 4931 2440 4987 ineffabiliter
2496 4928 2886 5000 splenduisti:
2970 4927 3100 4983 ideo
3159 4944 3367 4982 omnes
3422 4933 3499 4996 te,

1859 5022 2111 5087 Christe,
2135 5020 2606 5094 magnificamus.

1930 5129 2093 5200 Agite
2124 5127 2294 5195 mihi,
2321 5131 2521 5198 parete
2554 5125 2724 5192 mihi,
2774 5125 2974 5197 populi
3024 5125 3413 5182 ascendentes
3444 5127 3506 5183 in

1859 5222 2124 5274 montem
2155 5220 2446 5284 sanctum,
2483 5215 2781 5268 caelestem
2807 5230 2820 5268 :
2854 5214 3083 5286 abjecta
3111 5216 3363 5272 materia
3386 5222 3505 5273 ste-

1859 5325 1992 5365 mus
2035 5307 2096 5361 in
2128 5306 2360 5360 civitate
2395 5304 2636 5358 viventis
2665 5303 2786 5368 Dei,
2812 5308 2869 5357 et
2890 5304 3276 5376 inspiciamus
3307 5311 3506 5361 mente

1858 5396 2228 5452 divinitatem
2261 5394 2524 5449 materias
2558 5398 2860 5463 expertem
2910 5395 3099 5450 Patris
3142 5401 3200 5451 et
3230 5396 3509 5467 Spiritus,

1856 5488 1917 5542 in
1953 5487 2096 5541 Filio
2126 5485 2432 5556 unigenito
2466 5483 2869 5554 etTulgentem.

1931 5574 2271 5631 Demulsisti
2318 5573 2612 5628 desiderio
2663 5589 2779 5640 me,
2831 5573 3081 5642 Christe,
3134 5581 3192 5630 et
3238 5575 3516 5630 alterasti

1855 5666 2050 5722 divino
2085 5671 2182 5720 tuo
2216 5680 2438 5730 amore,
2470 5663 2571 5718 sed
2605 5663 2884 5719 combure
2917 5664 3050 5738 igne
3083 5664 3388 5720 amateria
3408 5680 3504 5720 re-

1856 5762 2016 5813 moto
2050 5761 2293 5826 peccata
2326 5769 2477 5824 mea,
2513 5758 2570 5808 et
2589 5753 2826 5825 impleri
2851 5753 2935 5810 eis
2961 5771 3090 5825 qua)
3113 5755 3174 5810 in
3197 5759 3253 5809 te
3278 5751 3507 5809 deliciis
