4000 6202
1460 650 2433 814 ADDENDA

1686 926 2052 967 SUPPLEMBNTI
2083 928 2208 967 VICE

873 1054 968 1110 AD
1025 1054 1260 1109 OPERA
1300 1052 1547 1107 SANCTI
1584 1053 1874 1109 JOANNIS
1922 1054 2324 1109 DAMASCENI
2380 1053 2725 1110 SUPERIUS
2768 1055 3001 1117 EDITA.

1135 1372 1403 1459 VITA
1476 1372 1999 1462 BABLAAM
2090 1374 2229 1458 ET
2303 1374 2755 1466 JOSAPH.

1686 1715 2165 1782 PRIELOQUIUM

1223 1856 1470 1911 Editiom’
1491 1856 1743 1927 principi
1772 1858 1948 1914 Graeci
1978 1864 2161 1915 textus
2190 1862 2507 1931 appositum
2540 1860 2581 1914 '.

1900 2031 1970 2043 -ο

286 2170 663 2254 Describere
696 2169 909 2254 multis
924 2170 1170 2254 adhinc
1202 2170 1383 2231 annis
1414 2189 1725 2250 caeperam
1756 2173 2169 2251 compositam
2217 2194 2250 2233 a
2281 2175 2546 2244 Joanne,
2582 2176 2689 2254 qui
2720 2176 2911 2251 vulgo
2936 2177 3359 2237 Damascenus
3391 2178 3637 2250 dicitur,

200 2251 539 2335 Barlaami
572 2269 644 2311 ac
685 2252 986 2330 Joasaphi
1019 2252 1586 2335 Yitam,eagmeute
1618 2259 1683 2335 ut
1714 2271 1847 2313 eam
1883 2254 1958 2313 ad
1984 2255 2229 2315 codices
2262 2257 2481 2333 Regios
2512 2251 2749 2325 omnes,
2772 2258 2876 2333 qui
2900 2262 3042 2316 sunt
3076 2276 3333 2317 numero
3365 2265 3641 2335 septem-

201 2333 453 2415 decim,
485 2338 776 2415 accurate
811 2332 1203 2415 recensitam,
1244 2333 1458 2392 Latina
1489 2334 1772 2415 versione
1804 2336 1939 2394 Jac.
1970 2335 2157 2407 Billii,
2186 2332 2402 2413 eaque,
2459 2335 2508 2394 si
2542 2337 2699 2395 forte
2731 2332 2959 2396 alicubi
2990 2338 3374 2398 correctione
3406 2332 3635 2415 egeret,

200 2412 675 2497 emendatiore,
713 2411 1103 2497 instructam,
1130 2414 1635 2497 formaAmaxima
1665 2415 1941 2497 ederem,
1987 2416 2224 2497 scilicet
2256 2411 2689 2493 supplemento
2722 2417 2979 2478 editioni
3011 2419 3377 2479 Damasceni
3408 2411 3638 2497 L'equi-

200 2497 425 2555 Dianae
460 2493 935 2577 futuram,__Sed,
970 2513 1111 2553 cum
1135 2495 1211 2553 de
1242 2493 1637 2577 redemptore
1667 2494 1775 2553 tali
1796 2495 1993 2577 libro,
2030 2495 2136 2555 illo
2164 2516 2286 2573 quo
2328 2497 2594 2558 vivimus
2631 2503 2931 2575 tempore,
2994 2500 3361 2577 reperiendo
3420 2493 3605 2576 des'pc

201 2574 549 2656 rarem,_id
582 2573 825 2656 consilii
860 2581 1375 2656 seposueram,ut
1406 2582 1466 2634 et
1517 2573 1719 2653 majus
1752 2574 1919 2634 aliud
1973 2577 2047 2656 de
2106 2577 2395 2637 addendo
2444 2573 2867 2638 Benedictinae
2925 2573 3202 2656 Gregorii
3263 2573 3631 2639 Nazianzcni

201 2652 499 2737 editioni
520 2654 835 2737 volumine
866 2653 1084 2731 altero,
1118 2674 1241 2734 quo
1263 2653 1399 2733 ejus
1426 2652 1715 2733 poemata
1737 2662 1795 2716 et
1824 2655 2095 2716 iueditos
2123 2663 2648 2717 commentatores
2666 2658 2934 2730 Graecos,
2964 2652 3265 2719 Baéilium
3298 2660 3357 2717 iu
3392 2659 3628 2737 primis,

202 2734 848 2812 comprehenderem.

289 2816 539 2883 Quibus
570 2833 718 2875 vero
749 2814 1097 2874 rationibus
1127 2831 1200 2874 eo
1232 2815 1451 2874 fuerim
1485 2815 1815 2892 adductus,
1852 2822 1918 2874 ut
1944 2816 2258 2877 Barlaami
2288 2818 2492 2876 Vitam
2523 2824 2825 2895 apparatu
2859 2817 3073 2878 critico
3102 2819 3224 2878 fere
3273 2818 3628 2877 destitutam

203 2896 275 2957 in
315 2896 552 2973 vulgus
581 2896 955 2967 amitterem,
988 2896 1253 2955 lectores
1285 2896 1545 2956 docebo.
1579 2895 2015 2955 Voluiscilicet
2034 2914 2171 2956 eam
2204 2915 2512 2973 occupare
2545 2898 2954 2972 provinciam.
2975 2917 3052 2958 ne
3077 2899 3229 2957 mihi
3265 2915 3434 2956 meus
3461 2898 3637 2958 labor

208 2984 394 3038 totus
430 2974 680 3053 periret,
715 2992 858 3035 cum
890 2976 966 3036 de
996 2977 1268 3053 quadam
1300 2975 1713 3036 inaudiverim
1770 2976 2061 3053 editione,
2122 2996 2284 3055 quae,
2354 2978 2403 3035 si
2462 2978 2635 3055 prior
2691 2977 2752 3037 in
2812 2997 3034 3037 manus
3065 2980 3367 3038 lectorum
3401 2978 3631 3050 veniat,

207 3074 433 3118 meam
466 3074 721 3133 prorsus
750 3057 1082 3133 opprimet,
1117 3074 1257 3115 cum
1288 3057 1376 3115 illi
1410 3057 1504 3115 vel
1552 3056 1876 3133 posteriori
1925 3058 2096 3135 prior
2128 3056 2261 3118 haec
2295 3076 2429 3118 mea
2459 3058 2631 3118 nullo
2664 3066 2851 3135 queat
2894 3060 3076 3119 modo
3106 3077 3351 3119 nocere.
3390 3058 3631 3118 Etenim

205 3137 339 3200 viri
370 3138 500 3197 duo
538 3135 857 3217 principui,
891 3136 1292 3206 Schmidtius,
1328 3137 1431 3215 qui
1466 3135 1523 3195 in
1554 3137 1927 3196 Romaneusi
1962 3138 2313 3199 litteratura
2346 3146 2587 3215 regnat,
2621 3145 2681 3198 et
2714 3140 2977 3217 Kopitar
3010 3138 3404 3199 bibliothecae
3437 3139 3633 3197 Cassa-

204 3236 365 3293 reae,
406 3236 547 3295 quae
580 3216 963 3277 Vindnbodaa
996 3225 1107 3287 est,
1142 3224 1351 3277 custos
1383 3217 1738 3295 primarius,
1775 3220 2053 3278 coeunda
2084 3219 2273 3278 studii
2304 3226 2363 3279 et
2392 3220 2627 3279 laboris
2649 3216 2945 3279 societate
2994 3219 3327 3279 editionem
3362 3220 3634 3278 moliun-

200 3305 552 3377 tur,quam
586 3296 877 3357 omnibus
900 3298 1174 3379 numeris
1206 3299 1337 3358 fore
1368 3298 1897 3379 absolutissimam
1932 3298 2111 3359 facile
2146 3318 2385 3360 mecum
2418 3318 2636 3360 omnes
2657 3302 3151 3378 augurahuntur,
3179 3300 3283 3379 qui
3318 3300 3634 3379 utriusque

197 3396 529 3440 summam
558 3384 867 3438 noverunt
898 3377 1247 3439 doctrinam
1279 3385 1339 3438 et
1369 3378 1807 3438 eruditionem.

295 3462 452 3531 Quae
485 3475 625 3516 cum
657 3459 745 3518 ita
778 3458 1002 3527 forent,
1042 3458 1193 3518 mihi
1226 3459 1477 3537 quidem
1519 3460 1670 3518 satis
1701 3476 1833 3518 esse
1864 3457 2067 3518 visum
2100 3460 2237 3527 fuit,
2273 3459 2322 3517 «ἱ
2357 3476 2495 3518 meo
2545 3460 2962 3537 qualicunque
2992 3479 3140 3521 usus
3169 3465 3500 3538 apparatu,
3527 3477 3635 3519 ve-

197 3539 418 3618 lisque
440 3539 807 3608 contractis,
838 3539 1005 3598 viam
1046 3539 1174 3599 fere
1228 3539 1560 3614 aperirem,
1623 3539 1978 3615 librumque
2036 3542 2271 3599 dudum
2308 3546 2760 3615 exspectatum,
2821 3542 2998 3617 cujus
3030 3549 3169 3617 post
3200 3548 3293 3600 tot
3348 3543 3409 3599 in
3442 3540 3633 3601 variis

202 3618 454 3697 linguis
487 3618 799 3679 versiones
830 3621 1114 3680 Graacum
1148 3619 1351 3694 ipsum
1383 3620 1703 3697 exemplar
1727 3619 2003 3678 llOlldllm
2040 3620 2151 3680 fuit
2183 3619 2346 3695 typis
2378 3638 2694 3688 excusum,
2730 3620 2792 3680 in
2832 3621 3158 3681 doctorum
3222 3620 3512 3680 inferrem
3548 3620 3634 3680 bi-

201 3701 590 3768 bliothecas,
617 3700 906 3759 hortante
938 3700 1280 3776 prwsertim
1303 3698 1591 3770 Sinnero,
1625 3700 1733 3758 illo
1765 3698 2156 3759 Praefationis
2203 3703 2282 3759 ad
2343 3702 2621 3775 Longum
2669 3701 2809 3761 loco
2862 3721 2981 3779 quo
3031 3702 3107 3762 de
3138 3700 3453 3760 Barlaami
3486 3700 3630 3760 Vita

199 3780 432 3860 paucis
462 3780 806 3857 disputavit
837 3779 1063 3860 verbis,
1088 3780 1193 3839 sed
1226 3780 1505 3851 eruditis,
1542 3798 1653 3860 nec
1684 3780 2057 3839 dehortante
2089 3780 2319 3848 Geelio,
2383 3779 2488 3857 qui
2545 3798 2686 3839 cum
2748 3782 2823 3841 de
2878 3800 2973 3841 me
3033 3789 3157 3840 tam
3186 3780 3542 3840 humaniter
3573 3789 3634 3841 et

206 3859 484 3923 senserit
505 3868 564 3920 et
582 3859 915 3938 scripserit,
954 3860 1012 3918 id
1047 3859 1208 3919 inter
1238 3861 1510 3919 maxima
1544 3859 1742 3919 habeo
1776 3878 2055 3919 meorum
2080 3867 2415 3919 conatuum
2446 3860 2726 3938 praemia.
2761 3861 2921 3932 Quid
2977 3862 3141 3921 enim
3176 3861 3328 3921 mihi
3357 3861 3632 3938 optatius

203 3943 436 4003 cadere
467 3946 693 4019 potest,
727 3958 917 4019 quam
946 3947 1013 4001 ut
1044 3939 1133 4000 illi
1166 3939 1324 4013 viro,
1356 3940 1461 4019 qui
1487 3946 1578 4000 est
1598 3939 1948 4001 studiorum
1980 3941 2369 4000 eruditorum
2422 3939 2617 4018 judex
2648 3941 2711 4000 in
2764 3942 2976 4021 paucis
3008 3942 3282 4003 maxime
3342 3942 3626 4019 idoneus,

207 4024 422 4083 studia
455 4040 593 4083 mea
623 4022 880 4100 probem
910 4021 940 4082 Ἰ

292 4104 515 4181 Igitur,
575 4098 830 4175 omissa,
893 4120 1033 4180 quas
1090 4100 1305 4161 fuisset
1352 4099 1618 4172 infinita,
1678 4098 1963 4159 codicum
2008 4101 2449 4179 septemdecim
2508 4100 2866 4172 collatione,
2920 4103 3003 4161 ad
3061 4102 3217 4161 duos
3278 4100 3623 4181 praesertim

202 4179 645 4246 recensionem
697 4179 958 4254 institui,
1010 4182 1262 4261 Optimae
1308 4180 1447 4243 illos
1504 4188 1669 4241 notae
1732 4186 1792 4240 et
1854 4181 2077 4253 aetatis,
2138 4182 2437 4241 adhibitis
2486 4182 2672 4241 etiam
2734 4200 2847 4259 pro
2900 4200 2966 4242 re
3026 4189 3172 4241 nata
3204 4183 3267 4239 in
3318 4179 3619 4261 auxilium

209 4264 355 4324 aliis
405 4262 810 4341 quibusdam,
853 4263 905 4322 si
956 4259 1096 4341 quis
1144 4263 1205 4322 in
1244 4264 1487 4324 duobus
1537 4262 1659 4321 illis
1691 4267 1852 4323 esset
1909 4262 2082 4321 locus
2127 4262 2224 4323 vel
2282 4280 2541 4322 mancus
2599 4262 2695 4323 vel
2751 4262 3089 4321 difﬁcilior.
3126 4262 3272 4332 Sed,
3335 4259 3628 4320 brevitati

203 4346 496 4415 studens,
547 4342 881 4405 varietates
938 4343 1261 4422 scripturas
1321 4347 1600 4403 rarenter
1650 4342 2013 4420 memoravi,
2075 4342 2194 4402 nisi
2253 4342 2613 4403 viderentur
2661 4342 2926 4413 eximiae,
2962 4341 3059 4401 vel
3118 4342 3217 4402 via
3276 4358 3629 4400 memoran—

205 4425 306 4485 dis
362 4429 750 4484 sterneretur
803 4423 881 4482 ad
914 4430 1243 4484 auctorum
1275 4424 1767 4491 emendationes,
1800 4429 1910 4483 aut
1966 4440 2149 4491 vensu
2200 4423 2356 4483 foret
2412 4441 2570 4501 Opus
2628 4440 2753 4483 uno
2796 4429 2857 4482 et
2912 4422 3133 4499 altero,
3193 4422 3295 4499 qui
3333 4422 3630 4481 columna

205 4505 270 4567 in
312 4505 727 4567 annotatione
767 4503 1019 4565 brevior
1065 4503 1281 4564 vicina
1339 4506 1779 4580 adaaquaretur
1827 4520 1941 4563 nec
1998 4503 2404 4565 claudicaret.
2458 4500 2532 4563 Si
2598 4503 2703 4581 qui
2763 4502 2920 4562 forte
2977 4502 3242 4562 lectores
3301 4500 3629 4579 hypercri-

205 4586 317 4647 tici
383 4603 482 4645 me
522 4582 922 4663 negligentia
970 4584 1443 4662 insimulabunt,
1468 4582 1815 4643 insimulari
1878 4601 1977 4643 me
2017 4584 2215 4644 feram
2273 4584 2602 4661 patienter,
2634 4581 2867 4663 eisque
2917 4587 3136 4643 auctor
3195 4599 3300 4642 ero
3334 4588 3401 4642 ut
3425 4600 3493 4663 se
3525 4599 3633 4658 spe

206 4666 500 4727 solentur
545 4660 888 4744 Kopitarite
946 4663 1260 4741 editionis,
1295 4660 1434 4743 qua
1476 4663 1582 4743 qui
1638 4668 1782 4723 sunt
1866 4682 2018 4725 meas
2086 4660 2365 4724 defectus
2440 4660 2931 4725 cumulatissime
2986 4668 3344 4741 reparatum
3420 4660 3497 4721 iri
3554 4679 3631 4721 ne

205 4745 525 4808 dubitent.

290 4824 745 4888 Difficillimam
779 4822 967 4886 etiam
1000 4823 1349 4886 Schmidtio
1376 4842 1449 4886 ac
1490 4823 1658 4885 socio
1717 4822 2077 4886 doctissimo
2116 4824 2193 4885 de
2247 4823 2392 4885 libri
2445 4827 2697 4884 auctore
2754 4822 3238 4902 disputationem
3284 4822 3568 4900 relinquo
3604 4842 3619 4899 ;

205 4913 425 4996 utrum
476 4908 753 4996 Joannes
798 4905 877 4965 sit
908 4908 1349 4996 Damasceuus,
1377 4923 1462 4996 an_
1489 4907 1760 4996 Joannes
1789 4903 2042 4996 quidam
2073 4904 2233 4965 alius
2264 4905 2611 4996 monachus
2650 4904 3019 4996 Sinaita’vel
3049 4904 3329 4965 Sabaita.
3362 4904 3626 4996 Sinnero

205 4988 467 5069 quidem
491 4988 567 5047 de
602 4986 971 5069 Damasceui
1000 4987 1254 5069 nomine
1285 4986 1392 5069 vix_
1449 4984 1860 5046 bassitationis
1885 4984 2055 5044 locus
2080 4993 2222 5069 post
2242 4985 2468 5069 _Al_l_atii
2500 4985 3321 5069 argumentafelictusesse
3344 4984 3622 5053 videtur;

204 5063 415 5129 fateor
436 5074 643 5127 tamen
677 5084 777 5127 me
810 5066 1015 5127 adhuc
1044 5067 1345 5127 incertum
1380 5067 1639 5133 haerere.
1674 5084 1746 5126 ac
1776 5084 1915 5125 cum
1947 5067 2159 5125 Geelio
2194 5065 2383 5143 (Bibl.
2441 5072 2577 5124 crit.
2644 5063 2723 5124 N.
2778 5072 2822 5126 t.
2858 5067 2927 5135 V,
2966 5084 3025 5143 p.
3079 5064 3222 5143 241)
3267 5070 3628 5142 exspectare

204 5150 443 5218 adhuc,
477 5149 697 5212 donec,
734 5147 1005 5207 enotatis
1034 5148 1365 5225 diligenter
1394 5147 1679 5208 codicum
1714 5146 1994 5206 omnium
2026 5146 2535 5221 inscriptionibus
2567 5152 2625 5203 et
2648 5145 2951 5222 cujusque
3025 5152 3207 5205 aetate
3238 5146 3455 5205 sedulo
3491 5162 3631 5204 exa-

204 5231 376 5291 mine
409 5229 759 5305 explorata,
796 5234 1283 5307 comparatoque
1322 5228 1513 5288 dubio
1544 5245 1617 5287 eo
1648 5228 1808 5286 libro
1853 5244 1993 5287 eum
2018 5227 2304 5303 genuinis
2336 5227 2704 5307 Damasceui
2762 5226 2960 5293 libris,
3024 5225 3266 5303 plenior
3320 5232 3381 5285 et
3437 5225 3627 5307 altior

201 5310 575 5373 instituatur
600 5307 972 5388 disquisitio.
1001 5308 1277 5380 Interim,
1315 5325 1498 5387 quem
1531 5308 1608 5367 ad
1632 5307 2073 5368 Aristaenetum
2105 5310 2413 5367 Joannem
2450 5306 2830 5366 monachum
2874 5309 3201 5380 vocabam,
3236 5324 3400 5367 nunc
3433 5306 3619 5367 etiam

204 5392 520 5454 Joannem
550 5407 713 5450 voco
745 5388 1148 5451 monachum.

283 5475 357 5535 In
379 5471 548 5532 notis
580 5488 1022 5549 nonnusquam
1056 5468 1339 5530 Latinam
1371 5466 1634 5529 adhibui
1676 5466 1930 5547 Georgii
1951 5466 2347 5547 Trapezuutii
2380 5486 2518 5547 quae
2554 5466 2750 5527 fertur
2779 5466 3151 5530 versionem.
3186 5467 3314 5529 Etsi
3356 5487 3479 5529 non
3513 5485 3625 5530 ne-

270 5631 294 5655 '
320 5628 632 5712 Anecdota
661 5629 974 5712 Graeca-E.
1010 5627 1954 5712 codicibus_Regiis-descripsit,"
1971 5629 2356 5710 annotatione
2411 5627 2728 5712 illustravit
2757 5628 2931 5712 LnFr.
2969 5628 3617 5712 Botssoyphxc‘lnlx.

202 5703 763 5771 Parisiis,excusum
792 5702 855 5758 in
888 5703 1285 5774 typographeo
1313 5699 1490 5775 Regio
1514 5699 1975 5769 MDCCCXXXII,
1991 5701 2145 5774 regis
2167 5699 2626 5773 permissu,dato
2651 5701 2791 5757 diev
2810 5700 3146 5760 Decembris
3161 5700 3614 5759 MDCCCXXVII.
