4000 6202
445 302 551 359 859
1971 300 2341 356 ΔΒΟΕΝΒΔ.
3704 309 3791 366 8δο

449 428 643 491 sciam
680 427 829 506 quid
866 425 1383 489 animadverterit
1412 431 1629 490 contra
1656 428 1719 489 id
1752 442 1979 488 nomen
2007 424 2329 486 Fabricius
2361 420 2693 503 (Bibilolh.
2757 419 2950 483 σφωε.
2989 427 3151 506 tom.
3186 423 3284 498 IX,
3333 444 3477 504 pag.
3500 429 3607 489 737
3637 436 3789 501 ;tom.

446 511 574 580 ΧΠ,
614 504 759 587 pag.
793 510 913 587 73),
942 510 1033 567 nil
1063 518 1271 569 tamen
1300 511 1557 570 mutavi.
1594 509 1924 586 Majorem,
1961 524 2147 585 quam
2182 506 2332 566 olim
2364 506 2674 587 mediatus
2705 521 2900 587 eram,
2929 504 3267 587 editionem
3293 507 3598 569 absolvere
3623 513 3790 575 simihi

448 583 754 661 licuisset,
782 583 1115 648 obscurum
1149 590 1325 648 illum
1359 590 1639 649 historia;
1668 583 1994 649 iitterariaa'
2023 590 2252 670 locum,
2288 586 2670 670 principibus
2709 583 2998 670 inspectis
3045 587 3529 670 exemplaribus,
3580 591 3791 670 ipsisque

454 670 534 729 ab
564 670 914 746 originibus
938 688 1004 729 re
1041 670 1327 729 universa
1360 670 1577 732 sedulo
1610 670 2008 745 investigata,
2043 664 2313 746 penitus,
2350 666 2415 726 ni
2462 665 2667 741 fallor,
2704 664 3117 725 elucidassem
3151 688 3167 732 ;
3200 666 3312 746 qui
3359 664 3621 745 ingratus
3661 664 3793 735 labor

452 749 723 828 felixque
754 767 1073 810 successus
1100 750 1450 809 futurorum
1484 758 1653 811 totus
1696 752 1773 810 sit
1804 749 2136 810 editorum.

531 824 818 907 Ipsorum
868 830 1056 889 etiam
1090 830 1207 889 erit
1238 831 1538 892 disserere
1596 832 1673 891 de
1731 830 1988 891 nomine
2042 827 2373 907 Ethiopiaa
2430 825 2747 907 interioris
2788 824 2887 886 vel
2945 825 3134 886 Indiae
3172 845 3299 906 quo
3371 833 3582 889 auctor
3619 831 3780 893 utitur.

450 906 647 981 Quam
674 909 1176 987 disquisitionem
1211 911 1270 970 in
1296 930 1389 972 me
1422 913 1549 972 fere
1592 930 1947 990 receperam
1972 917 2063 988 (p.
2091 912 2150 984 3,
2184 906 2347 987 n.71)
2384 925 2398 980 ;
2443 906 2551 990 sed
2605 906 2669 967 id
2713 906 2846 990 jam
2889 907 3176 990 omittere
3230 908 3437 990 visum
3494 916 3578 990 est
3626 913 3786 987 satius,

446 991 730 1067 ipsisque
788 991 1102 1067 integrum
1159 992 1534 1070 relinquere.
1585 987 1880 1054 Judicent
1927 987 2115 1051 etiam
2173 1008 2253 1050 an
2320 987 2565 1059 Huetio,
2626 988 2734 1066 qui
2792 987 3041 1070 nomine
3103 987 3437 1070 hominum
3492 987 3710 1068 Syriaca
3744 994 3786 1053 in

443 1070 664 1131 Indica
748 1070 1017 1132 historia
1089 1089 1214 1132 non
1265 1067 1395 1134 sine
1446 1073 1866 1134 admiratione
1932 1072 2201 1150 legebat,
2280 1075 2426 1149 apte
2481 1070 2827 1146 reposuerit
2897 1067 3085 1129 Liron
3138 1068 3435 1133 Amamit.
3468 1067 3622 1147 crit,
3659 1077 3692 1132 t.
3756 1073 3789 1147 l,

3427 1342 3780 1364 *-

691 1507 1361 1603 NARRATIO
1432 1508 1849 1603 UTILIS
2124 1494 2179 1560 Α

2124 1494 2179 1560 Α
2353 1515 2863 1612 ΙΣΤΟΡΙΑ
2933 1515 3683 1613 ΨΥΧΩΦΕΛΗΣ

463 1663 559 1719 EX
629 1662 993 1719 INTERIORI
1068 1665 1458 1720 IETHIOPUM
1532 1665 1857 1730 BEGIONE,
1940 1666 2043 1730 QU.

2213 1662 2306 1720 ΕΚ
2354 1664 2490 1718 ΤΗΣ
2551 1661 2962 1717 ENAOTEPAZ‘.
3020 1666 3150 1715 ΤΩΝ
3214 1663 3548 1718 ΑΙΘΙΟΠΩΝ
3594 1662 3789 1731 ΧΩΡΑΣ,

512 1753 708 1807 ΙΝΒΙΑ
776 1753 1076 1821 DICITUR,
1123 1755 1201 1809 IN
1256 1756 1497 1809 URBEM
1543 1754 1863 1810 SANCTAM
1911 1754 2092 1810 LATA

2274 1755 2411 1805 ΤΗΣ
2445 1754 2651 1804 INAuN
2685 1750 3147 1819 ΛΕΓΟΜΕΝΗΣ,
3209 1751 3397 1808 ΠΡΟΣ
3454 1752 3586 1806 ΤΗΝ
3630 1754 3790 1807 Arus

520 1844 658 1897 PER
704 1843 1055 1899 JOANNEM
1108 1845 1537 1911 MONACHUM,
1590 1845 1922 1899 HOMINEM
1974 1845 2100 1900 H0-

2273 1841 2492 1895 ΠΟΛΙΝ
2549 1839 3118 1896 ΜΕΤΕΝΕΧΘΕΙΣΑ
3169 1844 3292 1894 AIA
3377 1840 3655 1895 ΙΩΔΝΝΟΥ
3698 1840 3793 1896 ΜΟ·

515 1934 706 1989 NORE
772 1935 1048 1991 DIGNUM
1088 1937 1184 1990 ET
1244 1936 1576 1991 VIRTUTIS
1639 1936 2005 2003 ΑΜΑΝΤΕΜ,
2059 1935 2095 1989 Ε

2271 1932 2526 1999 ΝΑΧΟΥ,
2600 1930 2880 1986 ΑΝΔΡΟΣ
2969 1931 3215 1987 ΤΙΜΙΟΥ
3298 1932 3422 1987 ΚΔΙ
3496 1931 3793 1986 ENAPETOl‘

527 2024 1011 2079 CONTUBERNIO
1082 2025 1598 2089 SANGTI—SABE,
1633 2026 1711 2080 ΙΝ
1764 2026 1898 2088 QUA
1935 2025 2101 2080 CON-

2272 2020 2519 2076 ΜΟΝΗΣ
2589 2021 2723 2076 ΤΟΓ
2804 2019 3013 2076 ΑΓΙΟΥ
3098 2022 3305 2076 ΣΑΒΛ’
3349 2021 3441 2075 ΕΝ
3498 2023 3536 2081 Η
3589 2019 3627 2075 Ο
3674 2021 3790 2075 ΒΙοΣ

521 2116 825 2170 TINETUR
882 2115 1046 2168 VITA
1124 2116 1515 2171 BEATORUM
1565 2117 1655 2170 ET
1709 2116 2099 2170 FAMIGERA-

2275 2109 2621 2166 ΒΑΡΛΑΑΜ
2653 2110 2780 2165 ΚΑΙ
2814 2110 3083 2165 ΙΩΛΣΑΦ
3139 2109 3287 2166 ΤΩΝ
3339 2109 3654 2166 ΑΟΙΔΙΜΩΝ
3702 2109 3789 2163 ΚΑΙ

519 2204 761 2257 TORUM
817 2205 1143 2258 VIRORUM
1199 2206 1555 2260 BARLAAM
1614 2206 1712 2258 ET
1761 2204 2104 2259 JOASAPHI
2272 2200 2765 2271 MAKAPlQNU).

517 2318 865 2388 Quicunque
898 2318 1119 2389 Spiritu
1145 2319 1246 2374 Dei
1270 2324 1544 2392 aguntur,
1579 2320 1638 2374 hi
1664 2325 1803 2374 sunt
1834 2319 1938 2374 filii
1971 2320 2095 2387 Dei,

2273 2319 2314 2372 1
2353 2317 2509 2370 Ὅσοι
2544 2315 2815 2389 Πνεύματι
2875 2319 3009 2371 Θεοῦ
3067 2316 3321 2390 ἄγονται,
3378 2314 3524 2369 οὗτοί
3574 2313 3684 2370 εἰσιν
3710 2314 3790 2367 υἱοὶ

443 2410 509 2460 ut
540 2407 624 2461 ait
651 2407 965 2478 Apostolus
998 2408 1175 2478 (Rom.
1230 2410 1372 2479 vm).
1432 2409 1586 2465 Illud
1643 2426 1816 2480 porro
1876 2410 2023 2480 Spiri

2213 2409 2357 2477 Θεοῦ,
2392 2404 2554 2477 φησὶν
2612 2407 2639 2461 ὁ
2698 2407 2843 2467 θεῖος
2897 2403 3241 2467 Ἀπόστολος
3430 2406 3489 2459 τὸ
3526 2402 3577 2459 δέ
3602 2402 3793 2475 Πνεύμα-

445 2501 648 2551 sancto
681 2496 912 2565 donari,
966 2501 1025 2551 et
1054 2498 1210 2553 ﬁlios
1267 2500 1368 2554 Dei
1426 2499 1577 2565 ﬁeri,
1630 2498 2025 2570 expetendoru

2206 2515 2292 2557 τος
2324 2494 2485 2569 ἀγίου
2543 2493 2837 2568 ἀξιωθῆναι
2892 2496 2980 2550 καὶ
3044 2494 3197 2557 υἱοὺς
3257 2498 3393 2550 Θεοῦ
3448 2496 3667 2571 γενέσθαι
3711 2497 3786 2546 τῶν

448 2584 718 2640 omnium
748 2591 1075 2641 extremum
1126 2590 1548 2655 est(Nazianz.,
1609 2595 1749 2643 orat.
1800 2590 1866 2643 de
1923 2589 2028 2643 Ath

2207 2584 2438 2660 δρεκτῶν
2475 2583 2710 2658 ὑπάρχει
2740 2582 2804 2637 τὸ
2862 2580 3114 2659 ἔσχατον,
3174 2582 3266 2638 καὶ
3302 2583 3364 2637 οὗ
3412 2582 3694 2657 γενομένοις
3715 2579 3787 2633 πάι

443 2682 619 2739 nas.);
645 2678 831 2743 etquo
852 2691 986 2728 cum
1019 2682 1255 2729 ventum
1289 2676 1489 2737 fuerit,
1522 2676 2023 2747 conquiescitomr

2204 2694 2300 2742 σης
2361 2672 2591 2747 θεωρίας
2647 2672 2969 2740 ἀνάπαυσις,
3026 2672 3211 2734 καθὼς
3269 2670 3784 2748 γέγραπται.Τῆςοῦν

444 2761 886 2833 contemplatio,
908 2764 1413 2833 quemadmodum
1446 2766 1659 2820 divinis
1692 2766 1924 2820 Litteris
1956 2784 2024 2837 pr

2206 2761 2508 2839 ὑπερφυοῦς
2539 2761 2742 2832 ταύτης
2773 2762 2862 2816 καὶ
2894 2766 3000 2816 τῶν
3063 2760 3270 2838 ἐφετῶν
3330 2760 3614 2837 ἀκροτάτης
3659 2777 3786 2830 μακα-

445 2849 635 2905 ditum
670 2856 777 2905 est.
814 2853 975 2906 Hanc
1008 2853 1185 2923 igitur
1216 2855 1624 2923 excellentem,
1652 2861 1709 2910 et
1738 2855 2025 2927 expetend

2206 2851 2458 2927 ριότητος
2516 2853 2832 2922 ἠξιώθησαν
2884 2851 3165 2927 ἐπιτυχεῖν
3234 2853 3289 2906 οἱ
3344 2851 3433 2907 ἀπ’
3479 2850 3655 2912 αἰῶνος
3677 2848 3783 2923 ἅγιοι

437 2956 569 2995 rum
589 2940 854 2995 omnium
872 2958 1071 2997 rerum
1089 2960 1426 3015 supremam
1445 2944 2017 3012 beatitudinem,sani

2205 2939 2294 2996 διὰ
2343 2948 2443 3010 τῆς
2498 2945 2605 2995 τῶν
2667 2943 2871 3016 ἀρετῶν
2923 2940 3191 3018 ἐργασίας
3251 2943 3305 2996 οἱ
3369 2942 3463 3014 μὶν
3513 2941 3785 3013 μαρτυρικῶς

447 3045 677 3094 omnes,
713 3030 810 3100 qui
845 3029 917 3085 ab
951 3048 1072 3085 mvo
1107 3032 1345 3088 condito
1379 3034 1753 3101 exstiterunt,
1778 3050 1884 3105 per
1910 3033 2027 3087 virt‘

2203 3029 2539 3100 ἀθλήσαντες
2571 3030 2660 3085 καὶ
2723 3030 2922 3106 μέχρις
2976 3030 3208 3104 αἶ’ματος
3270 3031 3408 3107 πρὸς
3462 3031 3556 3099 τήν
3583 3025 3782 3102 ἁμαρτίαν

442 3123 567 3173 tum
603 3118 827 3173 cultum
860 3136 927 3174 ac
951 3120 1212 3176 studium
1244 3122 1440 3177 divino
1467 3122 1756 3177 beneficio
1789 3138 2022 3177 consec1

2203 3119 2707 3188 ἀντικαταστάντες,
2772 3122 2824 3174 οἱ
2908 3116 2968 3173 δὲ
3065 3119 3381 3190 ἀσκητικῶς
3438 3117 3781 3194 ἀγωνισάμενοι,

443 3212 613 3275 sunt;
639 3214 705 3263 ut
736 3210 837 3280 qui
868 3211 1085 3281 partim
1115 3212 1467 3283 martyrium
1501 3212 2023 3283 subierint,atquea

2203 3209 2286 3263 καὶ
2320 3209 2418 3278 τήν
2470 3210 2659 3279 στενὴν
2726 3206 3037 3284 βαδίσαντες
3096 3206 3219 3265 ὁδὸν
3284 3212 3380 3283 (3),
3437 3207 3521 3264 καὶ
3576 3209 3783 3282 μάρτυρες

435 3298 788 3368 sanguinem
828 3315 1018 3369 usque
1053 3300 1332 3356 adversus
1380 3306 1687 3372 peccatum
1719 3302 1780 3355 in
1812 3302 1937 3357 acie
1969 3306 2015 3356 st

2205 3301 2271 3373 τῇ
2304 3297 2619 3374 προαιρέσει
2674 3297 2982 3375 γενόμενοι.
3014 3304 3107 3353 Ὠν
3163 3298 3261 3361 τὰς
3323 3298 3581 3375 ἀριστείας
3624 3294 3697 3349 καὶ
3738 3293 3785 3347 τὰ

437 3386 638 3451 terint,
673 3388 888 3459 partim
922 3388 1213 3462 religiosae
1246 3407 1313 3445 ac
1354 3392 1471 3445 Deo
1530 3391 1753 3446 devotaa
1800 3391 1929 3445 vitae
1962 3408 2017 3447 ce

2203 3389 2619 3463 κατορθώματα,
2650 3393 2758 3443 τῶν
2787 3408 2846 3442 τε
2877 3384 2948 3443 δι’
2977 3386 3211 3461 αἵματος
3247 3391 3297 3447 2
3354 3385 3708 3444 τελειωθέντων
3732 3384 3783 3454 (4)

435 3479 637 3529 tamen
673 3477 1051 3545 exantlarint,
1084 3483 1427 3550 arctamque
1447 3480 1601 3535 viam
1633 3481 2015 3551 tenuerint,ai

2201 3476 2426 3533 καὶτῶν
2461 3474 2532 3531 δι’
2590 3477 2873 3549 ἀσκήσεως
2926 3479 3027 3547 τήν
3085 3475 3389 3553 ἀγγελικὴν
3446 3474 3690 3532 πολιτείαν
3712 3492 3781 3544 μι-

438 3564 641 3634 mique
671 3565 1068 3621 destinatione
1099 3576 1389 3640 martyres
1445 3571 1796 3627 exstiterint.
1827 3573 2018 3637 Quoru

2200 3563 2535 3640 μησαμένων
2608 3571 2701 3639 (5),
2787 3570 2971 3641 γραφῇ
3051 3564 3455 3643 παραδιδόναι,
3508 3565 3588 3620 καὶ
3634 3562 3780 3637 ἀρετῆς

439 3651 776 3709 luculentas
803 3655 1047 3711 virtutes
1079 3673 1145 3711 ac
1168 3658 1453 3728 prmclara
1474 3660 1738 3716 facinora
1760 3661 1890 3730 (hoc
1921 3666 2010 3715 est

2201 3654 2511 3731 ὑπόδειγμα
2567 3661 2686 3719 ταῖς
2738 3655 3027 3729 μετέπειτα
3080 3658 3464 3731 παραπέμπειν
3502 3659 3702 3730 γενεαῖς,
3739 3648 3781 3704 ἐκ

441 3757 647 3796 eorum
681 3744 781 3812 qui
815 3745 1098 3816 martyrio
1131 3747 1422 3817 perfuncti
1452 3754 1611 3813 sunt,
1644 3756 1703 3804 et
1731 3766 1933 3805 eorum
1987 3768 2021 3821 q

2197 3749 2302 3800 τῶν
2346 3746 2622 3820 Θεηγόρων
2648 3745 2971 3801 ἀποστόλων
3018 3745 3108 3801 καὶ
3169 3746 3450 3822 μακαρίων
3504 3742 3716 3817 ΙΙατέρων
3754 3738 3777 3805 ἡ

440 3846 548 3900 per
577 3830 918 3903 religiosam
953 3834 1437 3891 exercitationem
1465 3838 1799 3909 angelicum
1831 3840 1960 3894 vita:
1991 3857 2020 3912 g

2197 3841 2291 3891 τοῦ
2322 3839 2556 3912 Χριστοῦ
2610 3836 2945 3914 παρείληφεν
3010 3834 3336 3905 Ἐκκλησία,
3368 3836 3452 3891 ἐπὶ
3481 3831 3689 3907 σωτηρίᾳ
3708 3832 3777 3883 τοῦ

438 3935 551 3973 nus
569 3919 855 3975 imitando
872 3926 1311 3995 expresserunt)
1328 3926 1659 3981 litterarum
1684 3943 2018 3983 monumen‘

2196 3929 2385 4001 γένους
2448 3928 2610 4000 ἡμῶν
2664 3931 2824 3983 τοῦτο
2881 3928 3391 4001 νομοθετησάντων.
3432 3928 3491 3983 Ἠ
3543 3926 3628 3999 γὰρ
3675 3919 3776 3995 πρὸς

438 4009 1061 4082 commendare,atque
1078 4013 1150 4067 ob
1177 4014 1407 4069 virtutis
1439 4017 1775 4088 exemplum
1802 4017 1874 4073 ad
1898 4024 2018 4090 post

2197 4015 2394 4092 ἀρετὴν
2427 4016 2664 4091 φέρουσα
2722 4015 2847 4079 ὁδὸς
2886 4018 3119 4092 τραχεῖά
3174 4017 3255 4079 τίς
3320 4016 3427 4073 ἐστι
3472 4016 3549 4071 καί
3601 4012 3777 4075 ἀνάντης

436 4114 533 4152 ras
592 4105 796 4154 mtates
858 4103 1285 4171 transmittere,
1347 4121 1381 4159 a
1438 4104 1653 4161 divinis
1692 4108 1975 4179 apostolis

2194 4107 2285 4162 καὶ
2322 4107 2563 4180 μάλιστα
2592 4112 2709 4169 τοῖς
2768 4109 2938 4179 μήπω
2974 4107 3365 4181 μεταθεμένοις
3412 4106 3563 4167 ὅλους
3603 4096 3773 4158 ἑαυτοὺς

438 4186 628 4242 beatis
652 4189 927 4245 Patribus
961 4192 1175 4246 Christi
1210 4193 1471 4250 Ecclesia
1496 4195 1742 4267 accepit,
1768 4196 1879 4252 hoc
1922 4197 2016 4252 vid

2200 4195 2287 4250 ἐπὶ
2318 4196 2408 4251 τὸν
2445 4193 2818 4271 Κύριον,ἀλλ’
2875 4196 2934 4252 ἐκ
2988 4204 3088 4267 τῆς
3137 4201 3247 4252 τῶν
3306 4198 3481 4252 παθῶν
3523 4184 3774 4266 τυραννίδος

2201 4280 2225 4297 ,ο
2385 4283 2403 4297 ς
2618 4284 2627 4297 .
2849 4292 2856 4297 .
2908 4289 2922 4297 .
3055 4291 3081 4297 _
3280 4286 3294 4297 .
3418 4283 3519 4297 μ-
3598 4278 3663 4297 ..
3728 4286 3773 4297 ._

437 4276 579 4332 licet
599 4278 671 4332 ad
694 4280 882 4333 nostri
917 4281 1149 4352 generis
1173 4283 1425 4339 salutem
1456 4285 1617 4339 velut
1646 4285 1765 4341 lata
1792 4285 1917 4359 lege
1957 4305 2017 4359 p1

2199 4280 2278 4340 ἔτι
2310 4283 2772 4359 μολεμουμένοις.
2836 4289 2934 4341 Διά
2987 4291 3148 4342 τοῦτο
3205 4286 3298 4341 καὶ
3344 4283 3554 4341 πολλῶν
3596 4278 3775 4351 δεόμεθα

440 4367 867 4440 mulgantibus.
891 4371 1122 4425 Etenim
1155 4372 1247 4428 via
1269 4389 1478 4444 eaquae
1510 4373 1584 4429 ad
1614 4374 1889 4430 virtutem
1908 4376 2020 4431 duc

2196 4379 2304 4429 τῶν
2363 4375 2499 4449 πρὸς
2550 4374 2718 4443 αὐτὴν
2771 4375 3235 4451 παρακαλούντων
3295 4378 3459 4448 ἡμᾶς,
3509 4375 3649 4427 τοῦτο
3701 4363 3770 4438 μὶν

437 4472 648 4529 aspera
679 4463 766 4512 est
797 4461 1175 4529 atqueardua
1207 4467 1265 4516 et
1285 4463 2017 4536 permolesta,iispreeserti

2197 4464 2587 4538 παραινέσεων,
2617 4468 2778 4520 τοῦτο
2807 4462 2865 4519 δὶ
2909 4464 2999 4519 καὶ
3031 4464 3166 4539 βίων
3197 4465 3441 4539 ἱστορίας
3490 4465 3588 4516 τῶν
3611 4454 3770 4521 ἐκείνην

437 4545 540 4618 qui
571 4545 840 4601 nondum
870 4564 997 4603 sese
1026 4554 1180 4604 totos
1216 4550 1287 4605 ad
1320 4552 1503 4606 Deum
1536 4553 2017 4621 transtulerunt,v

2197 4550 2650 4629 προωδευκότων,
2686 4556 2716 4609 ὅ
2744 4555 2834 4610 καὶ
2871 4553 3086 4628 μᾶλλον
3118 4552 3345 4617 ἀλύπως
3396 4552 3642 4631 ἐφέλκεται
3667 4542 3768 4619 πρὸς

432 4651 567 4690 rum
595 4635 789 4691 adhuc
818 4636 1091 4692 vitiorum
1119 4640 1423 4711 animique
1454 4642 1967 4712 perturbationum
1999 4650 2012 4698 t

2197 4642 2364 4712 αὐτὴν
2418 4642 2509 4698 καὶ
2571 4645 2647 4716 μή
2701 4644 3095 4719 ἀπογινώσκειν
3145 4642 3523 4720 παρασκευάζει
3570 4644 3654 4706 τῆς
3695 4651 3767 4686 πο·

433 4724 689 4781 rannide
722 4726 1163 4783 conﬂictantur.
1194 4730 1315 4793 Quo
1350 4730 1417 4784 ﬁt
1436 4736 1503 4785 ut
1523 4731 1729 4786 multis
1754 4733 1827 4787 ad
1851 4750 1981 4788 eam

2199 4730 2346 4808 ρείας
2375 4732 2435 4786 τὸ
2480 4730 2768 4792 δύσκολον.
2804 4734 2949 4789 Ἐπεὶ
3009 4733 3099 4788 καὶ
3153 4736 3234 4805 τῷ
3291 4729 3535 4807 μέλλοντι
3585 4721 3764 4808 periit“?

437 4810 693 4869 lecebris
717 4814 1111 4887 indigeamus,
1127 4817 1409 4872 nimirum
1428 4824 1486 4873 et
1508 4821 1773 4875 consiliis
1794 4836 1861 4876 ac
1883 4822 2017 4877 cohc

2199 4804 2323 4877 δδὸν
2364 4819 2632 4896 δύσπορον
2664 4822 2751 4876 καὶ
2810 4825 3071 4897 τραχεῖαν
3126 4824 3398 4895 παραινῶν
3455 4817 3539 4892 μὲν
3587 4832 3655 4874 τις
3697 4804 3763 4862 καὶ

506 5002 580 5074 (1)
613 5003 852 5087 Lemma
876 5005 1116 5087 exhibui
1151 5006 1525 5087 codicis_993,
1560 5008 1839 5087 deinceps
1869 5012 2086 5087 vocand

2180 5040 2215 5081 ι,
2248 5014 2490 5087 omisso,
2522 5020 2657 5087 post
2688 5013 3285 5087 paxapimv,__librarii
3340 5012 3433 5085 pio
3484 5013 3613 5073 voto,
3641 4995 3760 5087 {516‘

466 5093 626 5161 ἵησὶον,
656 5078 848 5161 Hatria.
877 5080 941 5132 In
975 5079 1177 5135 codice
1210 5083 1332 5161 904,
1371 5079 1652 5161 deinceps
1675 5076 2046 5161 dice_ndo_B,_

2177 5076 2268 5141 ma
2298 5076 2609 5161 desinitfin
2639 5076 2899 5161 nomine
2943 5076 3139 5161 23:61,
3167 5076 3363 5161 addito
3404 5089 3532 5161 voto
3581 5076 3757 5161 eode)“-

477 5145 661 5235 odicis
694 5145 868 5235 1128,‘
887 5167 1067 5235 quem
1094 5145 1340 5235 ppsthac
1373 5145 1668 5208 elemento
1701 5156 1739 5209 C
1768 5145 2135 5228 significabo,
2160 5174 2294 5213 cum
2316 5159 2561 5230 perierit
2580 5159 2791 5215 folium
2812 5145 3111 5232 primum,
3128 5158 3362 5215 initium
3394 5156 3455 5212 ﬁt
3480 5156 3536 5210 in
3560 5164 3672 5206 voce
3689 5145 3755 5217 ὁγ-

433 5222 736 5287 ορώμενος,
770 5222 915 5275 mihi
948 5240 981 5293 p
1038 5222 1211 5288 2,22.

504 5288 577 5364 (ξ)
609 5291 824 5364 Paulus
850 5294 1029 5363 Epist.
1066 5295 1137 5349 ad
1181 5298 1348 5351 Rom.
1372 5313 1493 5364 vm,
1531 5299 1612 5353 14.

615 5361 913 5447 Ijespectu
935 5365 1007 5419 ad
1042 5368 1240 5447 litatth.
1268 5361 1709 5447 νιιλμζξτενῄ
1744 5369 1779 5437 ἡ
1812 5365 1960 5447 πῦλη
1986 5369 2085 5447 ,καὶ

1891 5365 1960 5439 λη
1986 5369 2085 5447 ,καὶ
2108 5366 2448 5447 τεθλιμμένη
2484 5373 2519 5442 ἡ
2554 5368 2679 5435 ὁδὸς
2707 5373 2741 5441 ἡ
2777 5372 3057 5447 ἀπάγουσα
3078 5371 3153 5447 είς
3183 5374 3280 5447 τήν
3310 5371 3467 5447 ζωήν.

510 5425 586 5515 (4)
610 5425 889 5515 οωῃῖίῗωὲ
914 5452 1004 5515 al"
1042 5438 1174 5515 LPC-
1208 5425 1428 5515 Χιιι,⁸
1460 5457 1473 5495 ε
1499 5441 1582 5513 Τῇ
1612 5425 2090 5515 ἶτρίτηπελειξὶῦμα

2171 5425 2574 5515 υὺῖῐδῐθὶοέειίδξ
2600 5425 2766 5501 infra
2998 5425 3096 5514 ili,
3114 5425 3487 5513 ἐτελέιιίῖθηξταν
3513 5433 3588 5515 διὰ
3609 5425 3749 5515 πυρόε.

606 5502 913 5589 inedita‘S.
940 5498 1208 5589 Agetth
1233 5527 1245 5563 :
1277 5498 1353 5589 Ol
1382 5498 1857 5589 ﬁyto_t,"x_l'iv1vtec
1890 5512 2010 5575 τοὺς

2168 5514 2284 5576 ἐνας
2317 5498 2945 5589 αὐτῶνῖἒτελειῶδησαν
3228 5498 3431 5576 center
3456 5511 3587 5570 infra
3606 5498 3745 5579 pag-3-

431 5573 659 5629 Dicitur
689 5580 746 5628 et
770 5572 1124 5643 τελειωθῆναι
1158 5580 1229 5635 de
1262 5572 1517 5638 naturali
1536 5572 1720 5641 exitu.

504 5646 579 5719 (5)
612 5646 826 5704 Confer
855 5648 1076 5707 similia
1106 5651 1261 5707 infra
1288 5672 1346 5725 p.
1378 5657 1464 5725 13,
1506 5662 1720 5728 etquae
1751 5662 1953 5715 notata
1976 5663 2114 5715 sunt
2140 5675 2273 5733 pag.
2306 5663 2360 5715 5.
