3952 6202
136 361 227 417 εδδ
1272 357 1443 411 νιΤΑ
1478 359 1833 417 unum

136 487 361 545 τοιούτου
431 482 612 547 λυθεὶς
687 480 911 556 δεσμοῦ,
990 482 1191 536 τὲκνων
1248 480 1481 553 κληθείη
1540 486 1743 558 πατὴρ,
1779 492 1823 555 Α

138 583 336 653 πρᾶγμα
360 579 474 636 τοῖς
531 572 765 634 πολλοῖς
826 571 1222 626 εὐκταιότατον.
1282 575 1546 635 Τοιοῦτος
1595 574 1689 646 μὶν
1723 574 1751 627 ὁ

144 665 388 745 βασιλεὺς,
419 666 505 721 καὶ
541 662 714 727 οὕτως
744 658 890 739 ἔχων
919 668 1018 733 τῆς
1050 662 1297 737 γνώμης,

196 937 257 992 Τὸ
284 933 336 990 δὲ
382 932 763 990 εὐκλεέστατον
825 930 983 1007 γένος
1036 935 1146 987 τῶν
1202 936 1533 1007 χριστιανῶν
1566 934 1657 988 καὶ
1685 932 1752 988 τὰ

138 1032 228 1081 τῶν
260 1028 504 1099 μοναχῶν
539 1022 731 1094 πλήθη
790 1023 918 1097 παρ’
977 1019 1137 1076 οὐδὲν
1189 1024 1405 1095 θέμενοι
1436 1023 1496 1076 τὸ
1524 1026 1621 1077 τοῦ
1656 1024 1752 1097 βα-

141 1117 307 1176 σιλέως
362 1108 541 1180 σέϐας,
596 1113 688 1167 καὶ
744 1112 844 1180 τὴν
901 1111 1072 1165 αὐτοῦ
1128 1111 1203 1183 μὴ
1259 1109 1565 1173 δεδοικότες
1606 1110 1752 1174 ὅλως

139 1205 363 1273 ἀπειλήν,
417 1201 758 1277 προέκόπτον
816 1203 884 1272 τῇ
970 1204 1065 1254 τοῦ
1122 1204 1355 1274 Χριστοῦ
1408 1202 1619 1276 χάριτι,
1677 1200 1752 1263 εἰς

140 1294 280 1370 λόγου
306 1293 586 1369 κρείττονα
633 1289 848 1361 πληθὸν
896 1285 1252 1359 ἐπιδιδόντες,
1283 1289 1373 1343 καὶ
1410 1289 1619 1364 βραχὺν
1655 1291 1749 1363 μὶν

138 1382 421 1455 ποιούμενοι
479 1379 576 1435 τοῦ
642 1376 913 1455 βασιλέως
976 1377 1143 1453 λόγον
1204 1381 1341 1452 (25),
1391 1383 1499 1433 τῶν
1533 1376 1589 1433 δὲ
1618 1380 1752 1453 πρὸς

139 1470 456 1539 θεραπείαντ
495 1469 769 1547 φερόντων
836 1472 971 1522 Θεοῦ
1032 1465 1399 1541 διαφερόντως
1466 1464 1747 1541 ἐχόμενοι.

141 1558 325 1618 Καὶδιᾶ
349 1563 507 1614 τοῦτο
568 1556 775 1612 πολλοὶ
828 1560 934 1611 τῶν
992 1556 1092 1624 τήν
1146 1553 1443 1628 μοναδικὴν
1477 1555 1753 1631 ἐπανῃρη-

144 1651 291 1722 μὲνων
315 1650 481 1721 τάξιν,
533 1647 706 1701 πάντα
766 1646 859 1718 μὲν
917 1644 1109 1714 ἐπίσης
1163 1646 1229 1699 τὰ
1287 1644 1511 1700 ἐνταῦθα
1548 1648 1752 1720 τερπνὰ

142 1740 379 1807 διέπτυον,
438 1738 575 1812 πρὸς
628 1734 683 1793 ἓν
744 1735 800 1791 δὶ
858 1736 1023 1809 μόνον
1073 1740 1234 1791 τοῦτο
1268 1736 1416 1811 εἶχον
1450 1736 1751 1810 ἐρωτικῶς,

140 1830 216 1897 τὴν
244 1828 529 1898 εὐσέϐειαν,
590 1828 680 1881 καὶ
739 1826 832 1881 τὸν
886 1827 1018 1900 ὑπὲρ
1076 1828 1313 1901 Χριστοῦ
1370 1827 1593 1881 Θάνατον
1643 1824 1746 1881 ἐδίο

139 1922 249 1991 ψων,
276 1918 488 1986 καὶτῆς
543 1916 746 1971 ἐκεῖθεν
797 1914 1069 1990 ὠρέγοντο
1122 1916 1545 1989 μακαριότητος.
1578 1916 1751 1985 Ἑκή-

140 2027 297 2079 ρυττον
327 2006 436 2075 οὖν,
496 2006 565 2060 οὗ
628 1999 783 2083 φόϐῳ
835 2008 944 2059 τινὶ
1000 2003 1090 2058 καὶ
1150 2003 1453 2077 ὑποστολῇ,
1486 2002 1750 2059 ἀλλὰκαὶ

140 2099 237 2153 λίαν
265 2096 740 2174 εὗπαρῥησιάστως
786 2097 849 2151 τὸ
904 2101 1001 2151 τοῦ
1058 2100 1196 2151 Θεοῦ
1254 2097 1524 2169 σωτήριον
1554 2094 1750 2167 ὂνομα,

140 2188 210 2240 καὶ
237 2185 375 2243 οὗδὶν
430 2189 459 2241 ὅ
509 2208 563 2242 τι
606 2189 680 2259 μή
743 2186 974 2260 Χριστὸς
1027 2185 1211 2246 αὐτοῖς
1243 2182 1331 2239 διὰ
1362 2185 1631 2257 στόματος
1660 2186 1751 2254 ἦν,

138 2280 216 2343 τήν
264 2298 316 2331 τε
367 2276 597 2353 ῥευστὴν
652 2276 742 2330 καὶ
802 2274 1129 2350 εὖμάραντον
1190 2273 1347 2351 φύσιν
1402 2278 1511 2328 τῶν
1543 2274 1750 2349 παρόν-

137 2386 220 2420 των
269 2366 349 2420 καὶ
399 2365 460 2421 τό
518 2367 720 2440 πάγιον
797 2364 888 2419 καὶ
960 2363 1227 2441 ἄφθαρτον
1285 2370 1384 2433 τῆς
1440 2361 1753 2436 μελλούσης

142 2458 259 2522 ζωῆς
302 2458 540 2530 φανερῶς
606 2457 766 2506 πᾶσιν
824 2448 1193 2522 ὑπεδείκνυον,
1244 2452 1335 2505 καὶ
1383 2450 1550 2505 οἱονεὶ
1581 2451 1753 2528 ἀφορ-

146 2544 227 2613 μὰς
251 2550 501 2618 παρεῖχον
533 2542 631 2597 καὶ
684 2540 969 2617 σπὲρματα
1024 2542 1161 2611 πρὸς
1214 2540 1277 2595 τὸ
1335 2540 1567 2603 οἰκείους
1600 2542 1751 2615 γενε-

144 2634 238 2686 σθαι
265 2638 369 2705 Θεῷ
413 2632 501 2688 καὶ
561 2634 667 2700 τῆς
722 2631 774 2685 ἐν
835 2632 1055 2706 Χριστῷ
1098 2632 1483 2704 κρυπτομένης
1517 2631 1752 2700 ἀξιωθῆ-

141 2742 209 2773 ναι
250 2727 381 2791 ζωῆς
429 2725 568 2795 (26).
626 2721 897 2784 Ἐντεῦθεν
950 2718 1174 2786 πολλοὶ,
1224 2725 1322 2788 τῆς
1356 2716 1581 2787 ἡδίστης
1615 2717 1755 2772 ἐκεί-

148 2832 225 2880 νης
299 2810 649 2874 διδασκαλίας
730 2816 840 2883 (27)
922 2808 1308 2875 ἀπολαύοντες,
1362 2813 1458 2862 τοῦ
1509 2810 1601 2880 μὲν
1662 2829 1756 2862 πι-

143 2907 248 2973 κροῦ
286 2910 378 2971 τῆς
435 2901 656 2971 ἀπάτης
716 2901 1009 2974 ἆφῖσταντο
1058 2898 1306 2967 σκότους,
1336 2902 1414 2968 τῷ
1463 2895 1518 2951 δὲ
1565 2896 1756 2971 γλυκεῖ

144 2998 220 3058 τῆς
264 2992 504 3063 ἀληθείας
568 2990 712 3066 φωτὶ
767 2990 1166 3062 προσετίθεντο·
1230 2988 1304 3050 ὡς
1352 2988 1442 3043 καὶ
1471 3009 1619 3051 τινας
1645 2992 1753 3042 τῶν

142 3078 330 3150 ἐνδόξων
386 3083 473 3137 καὶ
532 3087 644 3149 τῆς
702 3078 1014 3153 συγκλήτου
1075 3076 1283 3153 βουλῆς
1335 3076 1509 3131 πάντα
1565 3074 1757 3131 ἀποτί-

143 3171 287 3230 θεσθαι
329 3172 393 3227 τά
435 3175 533 3227 τοῦ
597 3168 721 3244 βίου
780 3167 920 3245 βάρη
961 3168 1048 3223 καὶ
1085 3165 1277 3223 λοιπὸν
1310 3167 1550 3242 γίνεσθαι
1586 3187 1755 3241 μονα-

145 3258 274 3332 χῶς.
597 3232 609 3244 .
782 3232 791 3245 ,
853 3232 920 3241 ..
1323 3232 1334 3242 .
1587 3232 1597 3241 .
1786 3232 1829 3299 C

194 3439 243 3497 Ὀ
270 3437 322 3495 δὲ
355 3439 646 3515 βασιλεὺς,
680 3439 755 3503 ὡς
788 3440 991 3510 ’ἢκουσε
1038 3442 1224 3508 ταῦτα,
1277 3437 1445 3513 ὀργῆς
1488 3437 1571 3492 ὅτι
1599 3436 1758 3491 πλεί-

144 3547 247 3597 στης
295 3530 617 3605 πληρωθεὶς
671 3529 760 3583 καὶ
818 3532 897 3599 τῷ
972 3532 1131 3599 θυμῷ
1194 3528 1506 3601 ὑπερζέσας,
1585 3525 1761 3599 δόγμα

146 3615 299 3673 mitia
350 3619 585 3690 ἐξέθετο,
663 3619 835 3672 πάντα
918 3616 1241 3690 Χριστιανὸν
1333 3616 1607 3690 βιάζεσθαι
1664 3618 1760 3668 τοῦ

145 3701 418 3777 ἐξόμνυσθαι
489 3709 601 3775 τήν
682 3700 972 3761 εὐσέϐειαν.
1045 3706 1201 3761 ’Όθεν
1276 3706 1434 3759 καινὰ
1494 3706 1587 3775 μὲν
1645 3702 1763 3756 κατ’

148 3794 290 3851 αὐτῶν
320 3797 432 3869 εἴδη
483 3796 739 3874 βασάνων
792 3795 997 3850 ἐπενόει
1050 3794 1139 3849 καὶ
1194 3792 1506 3864 ἐπετήδευε,
1537 3792 1759 3854 καινοὺς

148 3880 192 3937 δὲ
236 3890 453 3959 τρόπους
508 3888 757 3941 Θανάτων
815 3885 1056 3955 ἠπείλει.
1126 3884 1230 3940 Καὶ
1282 3887 1577 3959 γράμματα
1627 3883 1763 3937 κατᾶ

149 3979 288 4028 πᾶσαν
339 3979 433 4045 τὴν
483 3974 735 4045 ὑποτελῆ
796 3975 943 4047 αὐτῴ
1002 3976 1189 4050 χώραν
1223 3973 1495 4045 ἐπέμπετο
1528 3974 1763 4048 ἄρχουσι

147 4065 216 4115 καὶ
242 4067 483 4140 ἡγεμόσι,
516 4069 574 4123 8
605 4064 873 4139 τιμωρίας
922 4063 1057 4118 κατὰ
1102 4067 1209 4118 τῶν
1244 4058 1475 4118 εὐσεϐῶν
1508 4063 1595 4116 καὶ
1630 4082 1762 4139 σφα·

148 4151 222 4221 γᾶς
264 4152 465 4218 ἀδίκους
516 4154 957 4232 ἀποφαινόμενα.
1016 4153 1341 4227 Ἐξαιρέτως
1394 4149 1451 4206 δὲ
1491 4150 1626 4205 κατὰ
1652 4155 1760 4204 τῶν

146 4244 223 4293 τοῦ
263 4242 553 4314 μοναδικοῦ
612 4244 899 4317 σχήματος
956 4238 1207 4317 λογάδων
1269 4244 1636 4314 θυμομαχῶν,
1670 4237 1766 4293 ἄση

148 4328 312 4385 πονδον
341 4331 528 4408 ἤγειρε
564 4332 657 4386 τόν
688 4331 827 4406 πρὸς
870 4329 1065 4391 αὐτους
1117 4329 1206 4383 καὶ
1256 4330 1559 4401 ἀκήρυκτον
1593 4327 1763 4383 πόλε-

151 4438 251 4487 μον.
273 4421 436 4495 Ταύτῃ
477 4441 572 4477 τοι
603 4420 691 4475 καὶ
726 4417 933 4474 πολλοὶ
988 4420 1083 4491 μὶν
1135 4422 1242 4472 τῶν
1275 4421 1482 4472 πιστῶν
1513 4419 1612 4486 τήν
1647 4414 1764 4472 διά-

146 4524 265 4561 νοιαν
313 4508 726 4575 ἀνεσαλεύοντο,
785 4505 949 4561 ἄλλοι
1032 4504 1109 4575 δὲ,
1196 4505 1291 4567 τὰς
1360 4506 1625 4579 βασάνους
1687 4506 1763 4578 μή

150 4588 428 4665 δυνηθέντες
501 4599 835 4671 ὑπενεγκεῖν,
912 4600 989 4666 τῷ
1062 4594 1302 4668 ἀθεμίτῳ
1375 4594 1539 4650 αὐτοῦ
1620 4595 1760 4650 εἶκον
1792 4606 1839 4671 [)

147 4686 512 4759 προστάγματι.
549 4686 619 4742 Οἱ
652 4682 710 4738 δὲ
757 4687 854 4737 τοῦ
907 4686 1217 4757 μοναχικοῦ
1246 4680 1521 4758 τάγματος
1552 4684 1759 4756 ἡγεμό-

145 4788 212 4831 νες
239 4773 317 4828 καὶ
345 4774 615 4851 ἀρχηγοὶ,
668 4774 721 4827 οἱ
773 4773 892 4845 μὲν,
944 4770 1269 4847 ἐλέγχοντες
1315 4772 1480 4827 αότοῦ
1507 4774 1605 4841 τήν
1639 4772 1761 4827 ἀνο-

148 4860 273 4927 μίαν,
323 4866 383 4918 τὸ
441 4863 534 4919 διὰ
595 4860 894 4937 μαρτυρίου
953 4861 1256 4936 ὑπήνεγκαν
1316 4858 1475 4921 τέλος
1530 4860 1619 4914 καὶ
1662 4867 1761 4930 τῆς

147 4946 358 5018 ἆλὴκτου
414 4954 684 5028 ἐπέτυχον
747 4952 1169 5024 μακαριότητος·
1227 4950 1279 5004 οἱ
1330 4948 1387 5003 δὲ
1426 4949 1476 5004 ἐν
1510 4950 1763 5026 ἐρημίαις

146 5040 217 5091 καὶ
243 5038 407 5116 ὄρεσιν
463 5043 892 5117 ἀπεκρύπτοντο,
944 5043 1007 5097 οὐ
1059 5039 1165 5096 δὲει
1213 5046 1320 5096 τῶν
1372 5039 1761 5116 ἠπειλημὲνων

148 5127 388 5205 βασάνων,
420 5134 549 5190 ἀλλ’
572 5132 865 5208 οἰκονομίᾳ
892 5132 1000 5188 τινὶ
1033 5130 1299 5206 θειοτὲρᾳ.

1871 362 1967 416 ΕΤ
2000 363 2341 421 ΙΟΔΒΔΡΗ.
3396 374 3504 428 866

1859 506 1999 545 cura
2021 490 2340 547 sollicitum
2366 490 2907 564 habebat,quonam
2928 500 3098 565 pacto
3130 496 3223 551 his
3248 476 3500 557 vinculis

1859 580 2278 647 solveretur,ac
2301 583 2591 653 susceptis
2612 582 2813 638 liberis
2831 585 3015 655 patris
3040 602 3258 641 nomen
3282 586 3506 645 obtine-

1859 674 1968 736 ret,
1994 686 2108 739 quo
2131 669 2406 724 videlicet
2426 670 2583 742 apud
2606 671 2921 742 plerosque
2943 673 3092 728 nihil
3118 679 3206 729 est
3225 676 3500 745 optatius.

1860 758 2052 828 Atque
2104 758 2448 830 hujusmodi
2496 777 2599 815 rex
2650 760 2744 816 hic
2795 767 2939 830 erat,
2992 779 3178 833 eaque
3209 770 3407 820 mente
3440 782 3506 820 ac

1861 848 2177 902 sententia.

1930 938 2003 989 At
2024 936 2429 993 illustrissima
2442 938 2915 995 Christianorum
2928 942 3505 1009 natio,etmonacho-

1858 1041 1989 1078 rum
2013 1030 2281 1091 caterva),
2307 1028 2458 1099 regis
2490 1029 2713 1083 cultum
2738 1046 2805 1083 ac
2828 1031 3263 1086 venerationem
3288 1050 3391 1103 pro
3414 1033 3503 1086 ni-

1858 1112 1981 1166 hilo
2006 1112 2310 1177 ducentes.
2332 1133 2441 1171 nec
2464 1117 2650 1187 ipsius
2673 1118 2865 1173 minas
2886 1124 3247 1186 metuentes;
3274 1137 3378 1191 per
3401 1120 3503 1175 Dei

1858 1202 2107 1272 gratiam
2129 1205 2532 1275 amplissimos
2555 1223 2900 1277 progressus
2918 1208 3301 1271 faciebant,at
3320 1210 3420 1279 qui
3445 1210 3505 1265 in

1859 1291 2305 1347 multitudinem
2320 1296 2481 1349 omni
2499 1312 2771 1350 sermone
2797 1296 3083 1367 majorem
3100 1302 3508 1353 exarescerent

1858 1395 1925 1434 ac
1958 1397 2193 1450 parvam
2216 1384 2459 1438 omnino
2482 1386 2635 1456 regis
2661 1386 2950 1441 rationem
2973 1387 3280 1453 haberent,
3314 1389 3387 1443 iis
3409 1405 3506 1443 au-

1861 1473 1976 1521 tem
2002 1469 2179 1523 rebus
2203 1488 2333 1541 qua)
2360 1472 2432 1525 ad
2456 1473 2556 1526 Dei
2585 1473 2808 1527 cultum
2835 1475 3213 1544 pertinebant
3243 1477 3507 1548 singula-

1859 1574 1983 1611 rem
2008 1558 2067 1611 in
2091 1558 2330 1613 modum
2351 1559 2532 1614 dediti
2554 1568 2769 1615 essent.
2789 1566 2869 1616 Ac
2890 1570 3203 1633 propterea
3225 1565 3504 1634 permulti

1859 1663 1929 1699 ex
1950 1646 2023 1699 iis
2043 1647 2141 1716 qui
2159 1647 2231 1701 ad
2256 1650 2648 1703 monasticum
2669 1650 2940 1704 ordinem
2962 1668 3090 1705 sese
3108 1653 3503 1720 contulerant,

1858 1736 2059 1790 omnia
2082 1736 2321 1806 quidem
2340 1753 2408 1791 ea
2426 1755 2555 1807 quae
2578 1738 2636 1791 in
2654 1738 3053 1809 vitajucunda
3075 1745 3213 1794 sunt
3229 1756 3505 1810 peraeque

1858 1826 2653 1896 contemnebant,soliusque
2670 1828 2903 1897 pietatis
2916 1845 3114 1883 amore
3130 1828 3505 1895 tenebantur,

1860 1930 1926 1969 ac
1944 1916 2152 1969 mortis
2176 1932 2280 1986 pro
2297 1916 2526 1969 Christo
2557 1916 2878 1971 subeundas
2899 1918 3017 1983 siti,
3034 1918 3348 1989 futuraque
3366 1918 3507 1973 bea-

1859 2003 2128 2057 titudinis
2151 2004 2469 2075 cupiditate
2493 2005 2839 2076 ﬂagrabant.
2866 2009 3064 2076 quue
3095 2008 3358 2071 nomine,
3383 2025 3503 2063 non

1860 2091 2067 2146 timido
2089 2110 2156 2146 ac
2191 2092 2497 2147 dubitante
2521 2094 2722 2148 animo
2754 2111 2953 2148 verum
2977 2111 3263 2165 perquam
3298 2097 3502 2151 fidenti

1858 2197 1924 2235 ac
1957 2181 2145 2236 libero
2179 2181 2549 2235 salutiferum
2581 2183 2795 2237 Christi
2829 2200 3046 2237 nomen
3079 2185 3504 2253 praedicabant,

1858 2271 2275 2341 Christumque
2295 2288 2477 2325 unum
2499 2272 2557 2325 in
2574 2289 2675 2326 ore
2690 2272 2958 2326 habeban
2973 2278 3192 2342 t,atque
3212 2272 3429 2328 ﬂuxam
3452 2278 3510 2327 et

1858 2359 2141 2414 caducam
2190 2360 2573 2431 prmsentium
2605 2376 2805 2415 rerum
2848 2368 3143 2421 naturam,
3176 2360 3509 2432 futuraeque

1858 2449 1989 2503 vitae
2019 2449 2360 2503 firmitatem
2384 2455 2442 2503 et
2464 2450 2970 2504 immortalitatem
3004 2450 3280 2504 omnibus
3311 2450 3507 2521 palam

1860 2543 2114 2607 apteque
2138 2537 2649 2597 demonstrabant.
2665 2554 2731 2591 ac
2752 2538 3191 2593 velutsubsidia
3214 2538 3507 2609 quaedam,

1861 2632 1919 2680 et
1950 2626 2178 2679 semina
2211 2626 2354 2695 ipsis
2383 2627 2779 2697 porrigebant,
2805 2644 3056 2697 quorum
3085 2645 3193 2697 ope
3225 2629 3297 2682 ad
3329 2630 3510 2683 Deum

1862 2730 1991 2768 sese
2018 2714 2377 2781 conferrent,
2408 2715 2703 2784 vitamque
2734 2715 2794 2767 in
2828 2716 3058 2769 Christo
3100 2716 3510 2771 absconditam

1862 2808 2370 2872 consequerentur
2400 2804 2617 2870 (Coloss.
2647 2804 2749 2869 ιιι).
2776 2805 2853 2855 Ex
2880 2820 2995 2873 quo
3031 2806 3306 2857 eiTectum
3339 2811 3428 2857 est
3450 2809 3515 2857 ut

1864 2892 2058 2955 multi,
2084 2891 2431 2945 suavissima
2451 2891 2553 2945 illa
2576 2891 2847 2945 doctrina
2870 2897 3164 2961 percepta,
3190 2892 3261 2945 ab
3283 2892 3512 2947 acerbis

1866 2981 2082 3036 erroris
2106 2980 2368 3035 tenebris
2390 2980 2794 3045 abscederent,
2816 2986 2992 3050 atque
3010 2980 3082 3035 ad
3106 2979 3339 3035 dulcem
3363 2982 3513 3035 veri-

1868 3072 2003 3126 tatis
2035 3071 2224 3125 lucem
2261 3087 2389 3125 sese
2420 3070 2834 3141 adiungerent,
2864 3086 3051 3140 usque
3085 3069 3251 3134 adeo,
3276 3075 3341 3123 ut
3363 3086 3513 3124 non-

1867 3160 2015 3214 nulli
2037 3160 2215 3214 etiam
2234 3158 2497 3213 illustres
2515 3158 2619 3211 viri
2638 3175 2703 3211 ac
2722 3164 3047 3225 senatores,
3069 3157 3316 3228 abjectis
3336 3158 3513 3228 hujus

1865 3250 1996 3304 vita;
2028 3249 2296 3315 sarcinis,
2332 3248 2390 3302 in
2443 3248 2871 3303 monachorum
2922 3246 3124 3302 album
3168 3264 3296 3302 sese
3329 3247 3514 3302 ascri-

1866 3338 2097 3393 berent.

1937 3430 2055 3481 Rex
2088 3432 2285 3482 autem
2317 3427 2417 3481 ubi
2468 3427 2593 3481 haec
2642 3425 2957 3490 intellexit,
3006 3426 3229 3497 ingenti
3270 3424 3515 3480 iracun-

1866 3516 1964 3571 dia
1993 3521 2345 3582 commotus,
2402 3521 2577 3585 atque
2628 3514 3033 3586 indignatione
3076 3515 3326 3582 fervens,
3384 3522 3510 3570 sta-

1869 3604 1973 3657 tim
1998 3604 2187 3658 edicto
2212 3603 2405 3657 sanxit
2423 3609 2487 3656 ut
2509 3602 2827 3656 Christiani
2852 3618 3061 3656 omnes
3084 3602 3364 3671 pietatem
3385 3603 3517 3671 eju-

1866 3710 1998 3747 rare
2017 3694 2476 3764 cogerentur.Ac
2494 3691 2773 3762 deinceps
2793 3708 2941 3745 nova
2964 3691 3392 3761 suppliciorum
3415 3709 3515 3763 ge-

1868 3799 2010 3837 nera
2022 3781 2603 3841 comminiscebatur.
2620 3788 2795 3850 atque
2811 3781 3092 3834 inusitata
3105 3781 3313 3835 mortis
3327 3797 3512 3851 gene-

1869 3888 1933 3927 ra
1947 3872 2310 3935 minabatur;
2337 3871 2683 3939 litterasque
2708 3870 2781 3923 ad
2802 3885 3009 3923 omnes
3032 3870 3289 3937 regionis
3304 3869 3514 3924 ditioni

1872 3978 1990 4015 suae
2006 3961 2284 4031 subjecta}
2304 3965 2497 4030 partes
2515 3958 2804 4017 mittebat.
2832 3958 3049 4029 quibus
3068 3964 3126 4013 et
3147 3959 3439 4029 prmfectis
3460 3963 3517 4012 et

1871 4050 2118 4104 ducibus
2142 4048 2453 4119 inperabat
2473 4053 2537 4101 ut
2560 4047 2870 4100 tormentis
2894 4052 3069 4116 atque
3095 4047 3316 4115 iniquis
3339 4045 3515 4099 euadi-

1869 4139 1981 4193 bus
2005 4140 2064 4193 in
2088 4139 2358 4193 homines
2376 4137 2592 4208 pietate
2619 4135 2897 4207 praeditos
2916 4141 3343 4207 grassarentur.
3361 4135 3512 4186 Prae-

1871 4228 2073 4283 sertim
2090 4234 2285 4282 autem
2302 4227 2363 4281 in
2378 4226 2900 4297 prmstantissimos
2915 4239 3180 4293 quosque
3204 4219 3516 4277 monastici

1871 4318 2097 4373 ordinis
2112 4314 2593 4380 excandescebat,
2609 4320 2785 4382 atque
2812 4310 3185 4382 implacabile
3204 4310 3514 4364 adversum

1871 4423 1972 4462 eos
1994 4406 2217 4460 bellum
2248 4403 2559 4459 excitabat.
2586 4402 2668 4457 Ob
2711 4416 2958 4470 eamque
2983 4416 3223 4454 causam
3253 4398 3519 4468 priorum

1870 4496 2139 4567 plerique
2158 4494 2356 4548 animo
2372 4489 2854 4547 vacillabantzalli
2872 4488 3238 4558 autem,quia
3253 4487 3523 4541 cruciati-

1872 4585 1979 4640 bus
2002 4582 2263 4638 ferendis
2283 4582 2540 4652 impares
2575 4584 2767 4645 erant,
2794 4576 3019 4631 nefario
3053 4576 3237 4647 ipsius
3270 4575 3518 4646 imperio

1872 4673 2259 4745 parebant.At
2273 4687 2404 4724 vero
2430 4668 2773 4723 monasticae
2796 4665 3003 4720 classis
3026 4664 3207 4719 duces
3223 4670 3399 4734 atque
3413 4679 3522 4718 an—

1875 4761 2338 4833 tistites,partim
2355 4759 2541 4829 ipsius
2557 4756 2933 4826 iniquitatem
2949 4759 3335 4825 coarguentes
3349 4768 3415 4807 ac
3429 4769 3525 4807 re—

1871 4854 2156 4915 futantes,
2178 4849 2458 4917 martyrio
2483 4848 2657 4900 vitam
2678 4845 3168 4913 ﬁniebant,atque
3200 4843 3272 4897 ad
3305 4842 3526 4914 sempi-

1874 4948 2104 4996 ternam
2122 4937 2549 4995 beatitudinem
2564 4932 3227 5005 perveniebant;partim
3242 4932 3301 4985 in
3318 4931 3526 4986 solitu-

1874 5029 2115 5083 dinibus
2139 5033 2196 5080 et
2222 5023 2519 5079 montibus
2544 5037 2671 5075 sese
2692 5019 3087 5085 occultabant,
3109 5035 3229 5073 non
3262 5026 3526 5075 tormen-

1875 5124 2069 5172 torum
2128 5132 2257 5187 quze
2314 5113 2457 5183 ipsis
2512 5110 3020 5165 denuntiabantur
3075 5115 3258 5176 metu,
3318 5126 3523 5166 verum

1874 5205 2162 5262 diviniore
2196 5202 2451 5274 quodam
2483 5199 2733 5256 consilio
2764 5216 2831 5254 ac
2863 5197 3252 5269 providentia.

336 5576 617 5653 B,_Bpaxb
648 5599 705 5650 μ.
730 5598 792 5653 π.
825 5581 932 5631 τῶν
962 5579 1059 5653 τοῦ
1094 5572 1380 5653 βι-λόγον..
1401 5574 1614 5653 Anton.
1644 5566 1757 5624 Libi

1912 5584 1929 5653 ε
1963 5582 2012 5622 c.
2033 5564 2149 5653 ~3O":
2182 5561 2217 5628 ἡ
2247 5555 2313 5644 δῖ
2333 5551 2440 5653 τῶν
2480 5555 2589 5653 EE:
2610 5550 2773 5643 λόγον
2802 5555 3039 5613 ἐποιεῖτο
3074 5553 3304 5633 βραχύν.

207 5642 305 5721 (ἐῢ)
328 5642 510 5721 Epist.
544 5642 616 5707 a‘d
646 5642 869 5707 Coloss.
899 5668 984 5717 ιιι,
1018 5650 1050 5706 3
1075 5642 1180 5705 :"H
1218 5642 1329 5715 ζωὴ
1361 5645 1513 5721 ὑμῶν
1542 5642 1839 5721 κεκρυπται

204 5715 309 5791 (27)
337 5715 574 5795 ΙἘρὶδι.
606 5724 681 5780 ad
706 5715 1067 5790 Timotth,
1098 5725 1162 5778 6:

1872 5636 1963 5690 σὺν
1996 5640 2074 5706 τῷ
2106 5634 2327 5706 Χριστῷ
2359 5628 2411 5682 ἐν
2439 5632 2521 5706 τῶ
2543 5633 2677 5701 Θεῷ.

1194 5697 1614 5793 ’ἐντρεόόμενος
1642 5697 1760 5775 ἶτοῖς
1792 5710 1979 5784 λόγοις
2009 5697 2110 5777 τῆς
2141 5697 2375 5763 πίστεως
2401 5697 2825 5772 διαὶ-τῆςκαλῆς
2855 5697 3230 5761 διδασκαλίας.
