4000 6202
164 408 287 464 873

1387 407 1557 464 VITA
1597 411 1951 467 BARLAAM
1989 413 2081 466 ET
2117 414 2461 469 JOASAPH.

3478 419 3583 477 874

168 532 263 589 καὶ
295 533 461 595 αὐτὸς
514 534 702 609 ὅτιπερ
754 530 882 589 οὐδὲ
930 531 1194 610 ρᾳθυμίαν
1239 532 1360 589 τινὰ
1409 531 1533 589 οὐδὲ
1576 532 1827 607 ἀμέλειάν

1950 540 2568 609 praetermittebamus.
2604 543 2685 596 Ac
2725 545 2785 595 tu
2836 557 3073 613 quoque
3120 540 3380 612 optimus
3423 548 3589 602 testis

168 644 310 679 ποτε
341 622 607 695 ἐνεκλήθη
620 644 737 697 μεν.

241 804 397 859 Ἐπεὶ
433 800 609 857 δὲκαὶ
659 801 789 857 αὐτὸ
844 806 955 857 τῶν
1014 800 1197 857 καλῶν
1255 802 1317 857 τὸ
1372 800 1665 877 κεφάλαιον
1726 804 1828 881 ἀφ-

172 892 397 948 ελέσθαι
458 891 873 970 ἐφιλονείκησας
926 894 1074 965 ἡμᾶς
1108 939 1123 963 ,
1183 893 1281 961 τήν
1366 887 1635 947 εὐσέϐειαν
1668 935 1683 963 ,
1740 894 1829 947 καὶ

164 984 261 1037 τὸν
324 983 453 1037 Θεὸν
519 986 793 1054 ζημιῶσαι
853 982 952 1049 τήν
1014 980 1249 1056 ἐσχάτην
1316 982 1517 1052 ταύτην
1580 982 1777 1055 ζημίαν
1813 1026 1828 1052 ,

162 1076 349 1143 τιμῶν
389 1092 447 1125 τε
506 1068 595 1125 δια
644 1075 806 1125 τοῦτο
857 1071 946 1125 καὶ
1000 1070 1319 1147 φιλοτιμίας
1376 1073 1827 1143 ἀναμιμνήσκεις,

164 1168 288 1226 πῶς
319 1163 420 1216 οὐκ
472 1162 697 1234 ἀμαθῶς
746 1157 892 1236 ἔγειν
923 1183 982 1216 σε
1036 1166 1132 1216 τοῦ
1183 1162 1354 1217 καλοῦ
1405 1160 1628 1225 δικαίως
1659 1162 1717 1217 ἂν
1751 1160 1830 1217 εἷ’-

163 1272 359 1323 ποιμι,
392 1250 474 1306 ὅτι
505 1250 594 1305 καὶ
626 1246 1003 1324 παραϐάλλεις
1035 1251 1181 1313 ὅλως
1226 1251 1359 1306 αὖτά
1403 1252 1538 1324 πρὸς
1581 1250 1825 1321 ἄλληλα,

164 1337 449 1396 εὐσέϐειάν
482 1363 631 1415 φημι
669 1341 807 1414 πρὸς
856 1342 946 1396 τὸν
1004 1341 1132 1396 Θεὸν
1164 1342 1253 1395 καὶ
1312 1340 1499 1418 φιλίαν
1561 1341 1829 1416 ἀνθρωπί-

161 1453 265 1500 νην
297 1430 390 1484 καὶ
424 1428 577 1503 δόξαν
619 1431 717 1499 τὴν
759 1427 847 1485 ἴσα
894 1430 1300 1506 παραρρέουσαν
1353 1428 1504 1484 ὕδατι
1540 1454 1554 1499 ;
1608 1434 1723 1492 πῶς
1770 1428 1828 1485 δὲ

160 1541 249 1573 σοι
284 1521 378 1574 καί
410 1520 666 1574 κοινωνοὶ
697 1518 932 1592 ἐσόμεθα
976 1518 1062 1573 ἐπὶ
1114 1519 1316 1592 τούτῳ,
1366 1520 1454 1574 καὶ
1501 1519 1652 1594 οὐχὶ,
1701 1519 1829 1573 τοὺ-

156 1609 406 1681 ναντίον,
438 1610 525 1663 καὶ
561 1608 773 1686 φιλίαν,
808 1608 897 1664 καὶ
939 1610 1133 1682 τιμὴν,
1187 1611 1276 1663 καὶ
1332 1611 1567 1684 στοργήν
1625 1610 1826 1663 τὲκνων

156 1699 254 1752 καὶ
290 1698 343 1753 εἴ
367 1720 421 1752 τι
455 1696 598 1753 ἄλλο
648 1704 830 1771 μεῖζον
889 1699 981 1769 ἦν,
1040 1698 1422 1772 ἀρνησόμεθα;
1482 1698 1710 1771 ὁρῶντες
1771 1718 1826 1752 σε

162 1786 415 1860 μᾶλλον,
450 1788 527 1848 ὦς
562 1785 809 1862 βασιλεῦ,
862 1788 1291 1861 ἀγνωμονοῦντα
1339 1787 1479 1861 πρὸς
1525 1788 1617 1841 τὸν
1672 1785 1825 1854 Θεὸν,

1947 629 2084 697 eris,
2118 646 2225 684 nos
2265 647 2373 685 nec
2415 631 2808 703 negligentiae,
2857 647 2967 686 nec
3015 630 3299 686 socordiae
3348 635 3591 691 nomine

1945 735 2207 789 unquam
2234 736 2362 774 esse
2393 726 2627 775 notatos
2660 736 2725 774 ac
2754 720 3171 790 reprehensos.

2017 810 2409 879 Posteaquam
2433 816 2631 864 autem
2654 809 2712 863 id
2733 825 2990 879 quoque,
3015 808 3172 878 quod
3194 810 3463 865 omnium
3486 811 3593 866 bo-

1943 913 2158 952 norum
2176 906 2351 969 caput
2368 900 2594 961 est,h0c
2608 904 2695 953 est
2709 898 3190 970 pietatem,nobis
3211 904 3587 971 extorquere,

1944 987 2167 1057 Deique
2193 988 2549 1042 detrimento
2582 988 2759 1058 (quod
2786 988 3280 1042 detrimentorum
3318 991 3590 1046 omnium

1944 1082 2270 1131 extremum
2290 1094 2357 1131 ac
2374 1077 2787 1149 gravissimum
2804 1082 2910 1145 est)
2927 1093 3035 1131 nos
3055 1078 3293 1132 afﬁcere
3313 1079 3590 1135 studuisti

1942 1166 2231 1236 nobisque
2245 1168 2481 1221 interim
2501 1168 2757 1221 honores
2775 1167 2846 1221 ob
2863 1184 2991 1221 eam
3013 1183 3252 1222 causam
3270 1168 3330 1222 in
3348 1186 3455 1223 nos
3475 1170 3592 1224 col-

1939 1255 2090 1309 latos
2104 1263 2277 1326 atque
2292 1256 2662 1326 amplissima
2680 1256 2969 1311 beneﬁcia
2986 1257 3046 1311 in
3061 1258 3411 1312 memoriam
3425 1275 3590 1313 revo-

1940 1362 2059 1411 cas,
2087 1346 2187 1414 qui
2211 1346 2338 1399 ﬁeri
2372 1352 2568 1417 potest
2590 1352 2653 1400 ut
2679 1363 2798 1401 non
2821 1348 3044 1417 optimo
3068 1348 3206 1417 jure
3228 1354 3283 1402 te
3306 1349 3425 1401 veri
3448 1348 3588 1403 boni

1939 1433 2173 1488 inscitia
2194 1434 2462 1489 laborare
2486 1435 2700 1501 dicam,
2726 1442 2789 1489 ut
2811 1436 2910 1505 qui
2932 1436 3173 1490 omnino
3197 1436 3322 1491 haac
3344 1438 3501 1491 inter
3524 1454 3586 1494 se

1938 1523 2570 1593 componas,pietatem
2587 1524 2816 1578 scilicet
2831 1539 2965 1596 erga
2979 1525 3163 1577 Deum
3179 1540 3312 1579 cum
3330 1526 3592 1582 humana

1937 1612 2194 1666 amicitia
2222 1618 2279 1665 et
2308 1613 2495 1683 gloria
2517 1615 2706 1667 instar
2735 1618 2912 1682 atque
2937 1612 3233 1668 defluente
3252 1614 3279 1668 ?
3316 1615 3586 1679 Quonam

1937 1700 2078 1754 item
2109 1700 2283 1754 modo
2306 1702 2367 1754 in
2392 1701 2500 1756 hac
2528 1718 2589 1755 re
2613 1702 2754 1756 socii
2778 1701 2883 1754 tibi
2905 1701 3085 1755 futuri
3109 1718 3335 1768 sumus,
3363 1720 3429 1757 ac
3463 1720 3584 1760 non

1937 1796 2142 1845 contra
2155 1795 2278 1844 tum
2294 1792 2465 1845 amici
2478 1792 2771 1859 tiam,tum
2795 1790 3081 1845 honorem
3094 1797 3237 1854 ,tum
3260 1791 3585 1847 liberorum

154 1877 251 1932 τὸν
286 1877 383 1930 καὶ
416 1875 546 1931 αὑτό
578 1897 662 1930 σοι
692 1876 755 1931 τὸ
786 1877 918 1930 εἶναι
965 1876 1054 1930 καὶ
1100 1875 1164 1930 τὸ
1210 1875 1459 1929 ἀναπνεῖν
1510 1876 1827 1950 παρεχόμε-

1941 1885 2287 1949 amorem,et
2299 1880 2344 1934 si
2362 1880 2503 1950 quid
2518 1880 2678 1934 aliud
2692 1880 2886 1949 majus
2908 1884 3082 1947 esset,
3109 1880 3583 1951 aspernabimur,

153 1988 274 2034 νον,
332 1968 395 2029 ὃς
448 1965 558 2020 ἐστι
612 1967 843 2040 Χριστὸς
890 1967 1123 2036 Ἰησοῦς,
1179 1966 1207 2019 ὁ
1256 1965 1452 2039 Κύριος
1496 1970 1605 2019 τῶν
1655 1966 1827 2020 ἁπάν-

151 2076 289 2125 των,
326 2055 388 2117 ὃς
425 2056 761 2129 συνάναρχος
814 2052 888 2108 ὢν
932 2056 1022 2109 xui
1072 2051 1347 2115 auvuiSLOc
1399 2058 1477 2124 τῷ
1522 2054 1689 2127 Πατρὶ
1733 2052 1822 2107 καὶ

151 2145 290 2205 τοὺς
326 2143 595 2215 οὐρανοὺς
625 2148 703 2216 τῷ
734 2141 888 2218 λόγῳ
937 2145 1025 2198 xui
1071 2145 1170 2211 τήν
1215 2150 1316 2219 γῆν
1356 2143 1685 2213 ὑποστήσας,
1732 2144 1825 2197 τὸν

155 2233 456 2309 ἄνθρωπόν
487 2254 546 2287 τε
589 2233 775 2308 χερσὶν
827 2234 1055 2295 οἰκείαις
1106 2230 1514 2308 ἐδημιούργησε
1558 2232 1646 2287 καὶ
1690 2231 1822 2296 ἀθα-

152 2324 324 2395 νασίᾳ
382 2327 582 2377 τοῦτον
642 2322 865 2395 ἐτίμησε
899 2366 913 2392 ,
983 2321 1072 2377 xui
1135 2320 1362 2397 βασιλέα
1415 2326 1521 2377 τῶν
1573 2321 1659 2376 ἐπὶ
1718 2325 1822 2397 γῆς

151 2415 565 2482 κατεστήσατο,
619 2411 859 2486 καθάπερ
919 2412 1040 2465 τινὰ
1101 2408 1351 2487 βασίλεια
1407 2411 1471 2465 τὸ
1527 2410 1821 2466 κάλλιστον

156 2502 422 2557 ἁπάντων
484 2501 753 2572 ἀποτάξας
825 2504 934 2573 (48)
987 2500 1156 2572 αὐτῷ,
1216 2500 1308 2555 τὸν
1370 2498 1710 2575 παράδεισον.
1763 2502 1824 2558 Ὁ

156 2590 235 2659 δέ,
272 2593 469 2669 φθόνῳ
494 2594 589 2649 I5
633 2588 866 2653 κλαπεὶς
910 2589 1000 2643 καὶ
1031 2586 1202 2662 ἡδονῇ
1255 2591 1374 2666 (φεῦ
1426 2610 1519 2661 μοι
1547 2591 1584 2663 ί)
1633 2587 1817 2645 δελεα-

154 2683 307 2746 σθεὶς
371 2684 514 2753 (49),
572 2678 779 2741 ἀθλίως
829 2678 1036 2733 τούτων
1091 2677 1301 2748 ἐξέπεσε
1350 2680 1589 2733 πάντων·
1646 2679 1737 2733 xui
1795 2680 1822 2733 ὁ

152 2773 288 2848 πρὶν
326 2771 581 2844 ξηλωτὸς
628 2768 861 2831 ἐλεεινὸς
912 2772 1092 2845 ὼρᾶτο
1147 2770 1237 2824 καὶ
1293 2766 1537 2841 δακρύων
1590 2766 1680 2824 διὰ
1720 2771 1820 2839 τὴν

155 2862 456 2939 συμφορὰν
512 2862 696 2931 ἄξιος.
752 2860 810 2913 '0
867 2859 1079 2921 πλάσας
1137 2858 1316 2914 τοίνυν
1374 2862 1522 2931 ἡμᾶς
1575 2859 1664 2914 καὶ
1725 2856 1822 2929 δη-

158 2952 516 3025 μιουργήσας
547 2948 960 3028 φιλανθρώποις
1004 2945 1171 3002 πάλιν
1230 2947 1360 3002 ὶδὼν
1420 2948 1731 3026 ὀφθαλμοῖς
1760 2948 1823 3003 τὸ

150 3046 268 3095 τῶν
308 3039 527 3093 οἰκείων
568 3042 774 3113 χειρῶν
834 3031 1015 3113 ἔργον,
1046 3038 1109 3092 τὸ
1163 3037 1291 3097 Θεὸς
1340 3040 1474 3092 εἶναι
1531 3038 1607 3110 μὴ
1662 3058 1825 3109 μετα-

151 3126 376 3192 ϐαλὼν,
414 3124 546 3202 ὅπερ
578 3128 647 3196 ἦν
681 3128 772 3182 ἀπ’
802 3127 1004 3201 ἀρχῆς,
1039 3125 1250 3200 ἐγένετο
1284 3124 1352 3182 δι’
1382 3129 1532 3199 ἡμᾶς
1581 3128 1821 3200 ἀναμαρ-

151 3222 345 3289 τήτως
396 3221 509 3289 (50)
569 3217 700 3289 ὅπερ
750 3218 955 3288 ἡμεῖς,
1010 3216 1096 3269 xui
1152 3216 1382 3288 σταυρὸν
1424 3215 1681 3277 ἑκουσίως
1731 3216 1817 3270 καὶ

155 3309 396 3371 θάνατον
459 3303 779 3377 ὑπομείνας,
837 3302 930 3358 τὸν
988 3300 1189 3357 ἄνωθεν
1244 3307 1325 3374 τῷ
1372 3302 1627 3375 ἡμετέρῳ
1680 3303 1817 3378 γὲνει
1854 3287 1895 3353 (1

157 3394 535 3472 βασκαίνοντα
572 3388 840 3448 κατέϐαλε
889 3390 1183 3464 πολέμιον,
1216 3392 1328 3460 xui,
1374 3395 1521 3465 ἡμᾶς
1575 3400 1675 3461 τῆς
1732 3413 1826 3446 πι-

150 3492 294 3561 κρᾶς
338 3483 556 3552 ἐκείνης
606 3479 998 3557 αἰχμαλωσίας
1051 3480 1486 3554 ἀνασωσάμενος,
1534 3483 1632 3549 τήν
1688 3501 1826 3553 προ-

149 3578 319 3650 τὲρςιν
355 3570 607 3628 ἀπέδωκε
644 3569 967 3648 φιλαγάθως
1014 3568 1344 3641 ἐλευθερίαν,
1395 3570 1508 3637 καὶ,
1559 3570 1676 3625 ὅθεν
1738 3568 1826 3625 διά

148 3666 249 3731 τήν
289 3663 587 3736 παρακοὴ-ι
630 3658 1079 3731 ἕνπεπτώκαμεν,
1114 3657 1226 3714 ἐκεῖ
1277 3658 1446 3713 πάλιν
1495 3656 1583 3714 διὰ
1630 3657 1824 3735 φιλανο

148 3754 410 3827 θρωπίαν
468 3753 618 3822 ἡμᾶς
676 3748 1004 3824 ἐπανήγαγε,
1069 3747 1318 3821 μείζονος
1377 3750 1524 3821 ἡμᾶς
1564 3750 1598 3819 ἢ
1633 3750 1824 3824 πρότε-

150 3863 244 3918 ρον
278 3844 461 3914 τιμῆς
492 3840 745 3909 ἀξιώσας·

1934 1987 2069 2025 cum
2101 1977 2179 2037 te,
2208 1987 2240 2024 ο
2270 1987 2392 2035 rex,
2427 1971 2485 2023 in
2510 1971 2695 2024 Deum
2719 1968 3002 2024 scelerate
3020 1986 3223 2041 gerere
3254 1971 3589 2042 conspicia-

1933 2077 2088 2127 mus,
2111 2059 2210 2129 qui
2228 2059 2331 2113 tibi
2352 2060 2545 2130 ipsum
2564 2074 2692 2113 esse
2716 2064 2773 2113 et
2794 2059 3071 2129 spiritum
3094 2059 3309 2114 ducere
3332 2060 3587 2131 prmbuit

1935 2148 2035 2219 qui
2061 2155 2149 2202 est
2170 2147 2437 2201 Christus
2458 2148 2625 2202 Jesus
2650 2148 2917 2201 omnium
2953 2147 3277 2202 Dominus:
3301 2150 3401 2218 qui
3443 2166 3577 2204 cum

1932 2237 2227 2310 principio
2243 2242 2460 2303 careat,
2480 2236 2867 2306 ejusdemque
2891 2253 3024 2290 cum
3049 2238 3219 2291 Patre
3233 2238 3581 2293 aeternitatis

1934 2328 2031 2389 sit,
2064 2326 2361 2396 oculosque
2383 2342 2451 2379 ac
2474 2331 2689 2380 terram
2714 2342 2987 2380 sermone
3010 2326 3357 2395 procrearit,
3382 2327 3573 2381 homi-

1934 2434 2070 2471 nem
2105 2422 2301 2470 tamen
2334 2415 2583 2469 suismet
2614 2414 2890 2470 manibus
2910 2414 3158 2480 efﬁnxit,
3184 2432 3441 2487 eumque
3464 2416 3580 2472 im-

1933 2506 2294 2561 mortalitate
2345 2504 2665 2571 coornavit,
2707 2520 3026 2576 regemque
3065 2504 3335 2560 omnium
3378 2522 3578 2560 rerum

1934 2612 2066 2665 quas
2090 2596 2147 2648 in
2167 2601 2321 2649 terra
2340 2599 2477 2649 sunt
2499 2593 2828 2659 constituit,
2850 2593 3023 2663 eique
3039 2592 3194 2664 quod
3212 2594 3476 2649 omnium
3493 2612 3583 2650 re-

1932 2701 2065 2738 rum
2088 2682 2648 2755 praestantissimum
2668 2688 2794 2736 erat
2806 2682 2939 2745 hoc,
2964 2687 3049 2736 est
3070 2683 3433 2752 paradisum,
3456 2689 3583 2738 tan-

1934 2788 2111 2843 quam
2134 2771 2357 2843 regiam
2381 2770 2699 2841 quamdam
2722 2769 2920 2823 aulam
2950 2770 3239 2823 attribuit.
3267 2772 3339 2824 Αἱ
3368 2771 3467 2824 ille
3491 2772 3582 2825 in-

1932 2861 2088 2915 vidia
2108 2860 2410 2931 deceptus,
2426 2859 2559 2914 etin
2583 2859 2852 2913 fraudem
2878 2858 3176 2925 inductus,
3197 2863 3255 2913 et
3270 2858 3586 2929 voluptatis

1934 2948 2526 3005 illecebrisdelinitus
2548 2949 2699 3017 (Gen.
2726 2948 2979 3017 ni;Sap.
3026 2948 3135 3015 in),
3174 2947 3265 3001 his
3307 2948 3585 3003 omnibus

1934 3041 2149 3095 misere
2174 3039 2438 3109 dejectus
2457 3042 2577 3102 est;
2605 3042 2661 3091 et
2693 3037 2792 3107 qui
2816 3037 2980 3107 prius
3002 3036 3209 3091 beatus
3232 3036 3586 3091 censebatur

1934 3129 2220 3184 miserum
2234 3126 2639 3198 spectaculum
2657 3125 3385 3197 praebebat,lacrymisque
3404 3126 3476 3180 ob
3495 3143 3585 3181 ac-

1936 3223 2165 3289 ceptam
2180 3216 2577 3271 calamitatem
2592 3215 2802 3286 dignus
2816 3219 2961 3270 erat.
2978 3216 3192 3269 Verum
3217 3216 3516 3269 enimvero
3531 3216 3581 3270 is

1935 3308 2035 3378 qui
2060 3322 2167 3360 nos
2191 3306 2579 3361 efﬁnxeratac
2602 3310 3032 3375 procreaverat.
3054 3303 3325 3376 benignis
3343 3321 3580 3359 rursum

1936 3396 2122 3452 oculis
2147 3410 2431 3449 manuum
2462 3409 2700 3448 suarum
2724 3410 2873 3463 opus
2916 3393 3315 3464 conspicatus,
3349 3392 3581 3448 nullam

1936 3485 2259 3540 divinitatis
2280 3500 2399 3537 sure
2417 3482 2803 3537 mutationem
2821 3482 3170 3552 suscipiens,
3189 3486 3408 3536 nostrai
3431 3483 3586 3537 salu-

1937 3576 2012 3630 tis
2031 3572 2295 3629 causa.id
2310 3572 2468 3643 quod
2495 3589 2602 3625 nos
2626 3587 2832 3625 sumus
2863 3571 3010 3624 citra
3041 3577 3370 3641 peccatum,
3395 3572 3585 3625 factus

1936 3669 2047 3729 est,
2079 3670 2254 3734 atque
2278 3678 2513 3716 crucem
2541 3665 2598 3715 et
2620 3666 2870 3715 mortem
2900 3666 3110 3731 sponte
3154 3660 3418 3727 subiens,
3443 3660 3587 3715 hos-

1936 3758 2055 3808 tem
2089 3769 2222 3807 eum
2248 3751 2491 3821 quijam
2516 3749 2652 3804 inde
2677 3748 2747 3803 ab
2772 3749 2943 3802 initio
2966 3749 3167 3819 generi
3192 3754 3395 3803 nostro
3436 3748 3589 3803 invi-

1938 3842 2113 3896 debat
2135 3839 2466 3911 prostravit,
2488 3854 2713 3909 nosque
2730 3837 2943 3893 acerba
2964 3837 3068 3891 illa
3085 3837 3419 3908 captivitate
3442 3837 3590 3893 libe-

149 3940 317 3990 ratos
348 3934 415 3987 in
448 3932 711 4003 priorem
742 3929 1104 3997 libertatem,
1138 3947 1241 4000 pro
1267 3946 1372 3984 sua
1402 3946 1538 4002 erga
1569 3947 1677 3985 nos
1707 3930 1993 3997 bonitate,
2018 3930 2301 3995 restituit,
2331 3944 2519 3999 eoque
2550 3944 2790 3982 rursum
2822 3926 2978 3981 unde
3025 3943 3133 3982 nos
3185 3926 3592 3983 inobedientia

154 4024 607 4089 exturbaverat,
634 4020 708 4075 ob
741 4036 909 4075 suam
942 4036 1078 4091 erga
1103 4036 1211 4074 nos
1242 4020 1696 4085 humanitatem,
1728 4020 1982 4088 reduxit,
2023 4020 2368 4091 majoreque
2399 4034 2576 4089 quam
2610 4023 2783 4072 antea
2822 4017 3050 4071 honore
3100 4023 3448 4089 prosecutus
3478 4019 3586 4070 est.

222 4122 333 4177 Τόν
380 4116 448 4189 δὴ
505 4121 735 4173 τοιαῦτα
793 4114 865 4171 δι’
920 4118 1071 4187 ἡμᾶς
1125 4115 1367 4173 παθόντα
1416 4115 1505 4171 xui
1561 4117 1825 4171 τοιούτων

150 4214 309 4283 ἡμᾶς
372 4208 545 4263 πάλιν
603 4206 1010 4276 καταξιώσαντα
1060 4209 1196 4278 (51),
1254 4209 1446 4261 τοῦτον
1502 4206 1661 4270 αὐτὸς
1705 4207 1831 4269 ἀθε-

151 4305 269 4361 τεῖς
304 4297 402 4353 καὶ
435 4296 513 4358 εἷς
556 4297 648 4351 τὸν
690 4295 898 4351 ἐκείνου
946 4296 1174 4366 σταυρὸν
1221 4295 1598 4357 ἀποσκώπτεις
1633 4314 1646 4363 ;
1697 4294 1828 4357 ὅλος

152 4386 215 4443 δὲ
243 4393 320 4463 τῇ
354 4390 538 4465 τρυφῇ
569 4390 667 4440 τοῦ
699 4386 953 4457 σώματος
1006 4384 1094 4438 καὶ
1153 4389 1273 4447 τοῖς
1328 4382 1600 4457 ὀλεθρίοις
1654 4404 1825 4457 προσ-

147 4476 462 4550 ηλωμένος
496 4477 710 4543 πάθεσι,
745 4475 899 4538 θεοὺς
929 4473 1274 4548 ἀναγορεύεις
1323 4475 1391 4527 τα
1445 4480 1545 4543 τῆς
1611 4474 1829 4547 ἀτιμίας

146 4571 245 4622 καί
280 4564 566 4640 αἰσχύνης
609 4560 863 4631 εἷ’δωλας
925 4562 1001 4619 Οὐ
1059 4562 1223 4636 μόνον
1287 4564 1504 4618 σεαυτὸν
1564 4570 1664 4633 τῆς
1720 4568 1830 4619 τῶν

2013 4121 2175 4174 Hunc
2198 4118 2374 4191 igitur
2387 4117 2488 4187 qui
2513 4122 2716 4171 nostra
2733 4132 2911 4171 causa
2929 4120 3012 4169 tot
3031 4115 3326 4169 cruciatus
3347 4113 3592 4184 pertulit

1940 4209 2240 4279 tantisque
2274 4222 2509 4261 rursum
2542 4222 2650 4259 nos
2681 4204 2989 4259 beneﬁciis
3037 4203 3254 4269 affecit,
3290 4202 3448 4255 hunc
3493 4201 3585 4255 in-

1940 4315 2143 4368 quam,
2168 4298 2294 4367 ipse
2314 4296 2535 4366 rejicis,
2559 4300 2735 4364 atque
2750 4294 2878 4363 ejus
2896 4308 3132 4347 crucem
3151 4290 3414 4345 dicteriis
3438 4288 3590 4344 inse-

1941 4387 2424 4456 ctaris,totusque
2451 4383 2716 4453 corporis
2735 4381 2984 4446 deliciis,
3006 4396 3070 4434 ac
3095 4379 3442 4450 perniciosis
3457 4379 3594 4433 affe-

1942 4476 2134 4531 ctibus
2158 4475 2391 4541 afﬁxus,
2408 4472 2805 4545 ignominiosa
2825 4487 2891 4524 ac
2915 4468 3299 4541 turpitudinis
3322 4467 3499 4538 plena
3516 4467 3592 4521 si-

1945 4566 2211 4621 mulacra
2233 4565 2372 4618 deos
2392 4561 2677 4633 appellas.
2706 4562 2819 4615 Nec
2844 4560 3101 4631 teipsum
3125 4558 3410 4613 duntaxat
3432 4572 3596 4611 acce—

149 4655 445 4729 οὖρανίων
504 4655 725 4728 ἀγαθῶν
785 4651 1069 4728 συναφείας
1154 4650 1449 4727 ἂλλότριον
1509 4653 1827 4707 κατεσκεύα-

1941 4654 2181 4708 lestium
2214 4653 2506 4708 bonorum
2535 4649 2956 4722 conjunctione
2988 4646 3325 4704 abstraxisti
3352 4664 3365 4713 ;
3394 4660 3594 4700 verum

152 4766 279 4817 σας,
319 4741 476 4799 ἀλλά
522 4743 615 4797 καὶ
676 4741 879 4803 πάντας
933 4740 1061 4804 τοὺς
1116 4741 1478 4813 πειθομένους
1526 4747 1663 4813 τοῖς,
1711 4747 1827 4804 σοῖς

1942 4745 2118 4799 etiam
2150 4760 2378 4811 omnes,
2410 4742 2511 4813 qui
2538 4741 2656 4796 tuis
2690 4741 2956 4812 imperiis
2975 4738 3411 4810 obtemperant,
3431 4734 3503 4791 ab
3526 4750 3595 4788 ea

230 4911 365 4979 (48)
402 4910 462 4975 Β,
501 4904 795 4976 ὑποτάξας.
830 4906 1011 4962 Obvia
1038 4912 1132 4979 est
1153 4906 1523 4979 permutatio
1560 4907 1827 4979 praeposiI

1941 4924 2047 4961 tum
2081 4905 2184 4959 ἀπὸ
2218 4912 2299 4979 et;
2324 4903 2448 4958 ὑπό.
2475 4904 2837 4979 Nicephorus
2872 4901 3182 4979 Basilacas,
3216 4915 3392 4979 quem
3426 4896 3597 4979 Nico-

156 4967 359 5038 laum,
381 4967 715 5052 sophistam
748 4984 920 5052 vocat
943 4977 1077 5052 cod.-
1108 4967 1268 5052 2‘1’20,
1303 4967 1647 5052 Narratio‘ne
1682 4967 1827 5052 prim

1941 4984 2200 5052 xtrema:
2232 4977 2363 5052 Τότε
2394 4967 2908 5052 πρῷτονἹΕλ-ληνες
2937 4978 3037 5052 τῇς
3064 4967 3369 5052 Ὀδυσσέως
3402 4967 3597 5044 σοφίας

159 5042 502 5123 ἀπώναντο,
537 5048 844 5123 οὐχ-ἦττον
879 5044 937 5101 δὲ
963 5048 997 5116 ἢ
1023 5047 1112 5123 ὅτε
1140 5046 1202 5101 τὸ
1234 5042 1543 5123 παλλάδιον
1575 5047 1632 5123 ἐκ
1666 5042 1827 5123 μέσης

1941 5048 2085 5120 οοίας
2124 5047 2395 5121 ἀφείλετο.
2429 5042 2594 5123 idem
2638 5046 2827 5123 codex
2875 5042 3124 5123 ὑφείλετο
3177 5042 3431 5123 melius;
3486 5042 3631 5122 neq.

158 5127 363 5182 habet
395 5114 676 5193 6t,'quo'd
700 5114 924 5176 absens
955 5114 1197 5193 quidem
1228 5136 1350 5175 non
1380 5120 1547 5175 valde
1601 5114 2057 5189 desiderabitur,
2100 5114 2362 5194 praesens
2411 5137 2531 5175 non
2563 5114 3165 5188 deleverim,'quippe
3205 5114 3365 5186 quod
3393 5129 3514 5168 non
3545 5114 3599 5167 vi

157 5197 450 5271 quadam
483 5198 702 5249 careat.

238 5273 368 5337 (49)
404 5269 485 5337 De
520 5272 699 5337 tropo
722 5264 881 5337 verbi
914 5258 1153 5337 δελεάζω
1182 5263 1331 5337 γίςὶεξΔ
1360 5269 1563 5317 notam
1597 5264 1667 5337 ad
1703 5265 1827 5319 Aris

1941 5282 1977 5321 ι.
2016 5269 2176 5337 1,17,
2207 5279 2340 5337 pag-
2360 5265 2491 5337 741.
2520 5261 2823 5337 Choricius
2854 5260 2915 5315 in
2946 5259 3253 5337 Procgop._§
3280 5259 3312 5311 8
3337 5254 3464 5337 ;.Ἰ“ἃ
3506 5254 3600 5337 μεν

209 5325 523 5410 ιὰζομὲνη,
556 5325 634 5388 ca;
657 5331 714 5387 δὲ
744 5325 1139 5410 κολακεύουσα,
1193 5334 1259 5410 τά
1290 5330 1347 5387 δὲ
1394 5333 1707 5410 πειρωμένη
1743 5334 1955 5410 χρυσίῳ
1984 5325 2174 5390 πολλᾶ
2208 5325 2512 5410 δελεάζειν,
2539 5332 2683 5410 niui:
2709 5325 3172 5410 _us_i_pn_xuv_uic_l
3190 5325 3421 5410 ἐραστὴς
3468 5325 3605 5401 πρός

155 5396 655 5485 ἀχθέν’κὲχρηται
693 5403 982 5485 παιξικῶγ.
1016 5396 1363 5485 Βρεδινίῂδῐῐι
1390 5396 1588 5485 πολλῷ
1621 5424 1650 5462 e
1679 5396 1827 5485 dedit

1941 5427 1980 5485 Ls
1998 5410 2169 5485 binis
2201 5396 2405 5480 regiis:
2422 5396 2902 5485 Qy'rillushSuid'ze
2918 5396 3008 5485 in-
3022 5396 3277 5485 Σπάξωνς
3310 5396 3605 5485 saepem

169 5482 274 5503 νι-’κ

163 5472 397 5555 ἄνδρας
425 5472 771 5555 καταμικ-ρὸν
795 5476 1276 5555 δελεάσαντες,.εἰς
1313 5477 1374 5530 τὸ
1403 5472 1652 5555 Σοδςίμον
1686 5478 1827 5555 uiuo/4

1941 5480 2204 5555 βάραθρον
2239 5472 2650 5546 κατηκόντισαν.
2677 5477 2957 5555 Georgius
2988 5474 3233 5546 Lapitha
3262 5472 3523 5528 ineditus
3554 5487 3604 5524 ν.

164 5547 290 5614 249
315 5574 330 5609 :
372 5554 435 5606 Ὀ
464 5547 718 5625 τεχνικός
749 5547 1091 5625 δημιουργὸς
1116 5548 1333 5625 ἐνέθηκε
1361 5553 1429 5621 τῇ
1465 5547 1617 5625 φύσει
1646 5551 1752 5618 Τήν
1777 5547 1981 5619 ἦδονῆν
2011 5547 2091 5611 ’ὡς
2124 5549 2314 5623 δέλεαρ
2348 5552 2487 5625 σοφῇ
2524 5547 2929 5621 μηχανουργίᾳ.

244 5629 377 5699 (50)
409 5625 469 5699 Β,
505 5621 773 5699 ἁμαρτίας
806 5621 1251 5699 χωρίςίξῐι-εΙ-ἱιιε
1277 5621 1616 5699 for_san'._Cf.
1651 5641 1707 5694 p.
1743 5626 1827 5699 3_,i

1982 5628 2063 5699 ii.

247 5687 384 5771 isi)
420 5687 478 5759 BV,
512 5687 698 5771 κατάξ.
734 5687 968 5771 happy.
1003 5692 1565 5771 Videbatundyueéy
1600 5687 1729 5771 esse
1762 5695 1823 5771 in

1943 5713 1995 5771 e,
2027 5696 2146 5750 imo
2182 5711 2416 5750 nocere.
2460 5694 2605 5749 Cum
2657 5694 2883 5745 τοιαῦτα
2931 5694 3130 5746 careat
3185 5687 3450 5753 nomine,
3482 5697 3609 5737 me-

162 5765 298 5832 lius
336 5765 411 5825 et
432 5767 674 5824 nomine
697 5766 925 5822 carebit
950 5766 1222 5822 τοιοῦτον.
1253 5766 1346 5823 AC
1376 5783 1497 5823 non
1528 5765 1758 5824 habent
1786 5766 1827 5822 ἀ·

1941 5770 2021 5825 ὒν.

472 5887 745 5949 Panos.
792 5885 904 5948 Gn.
949 5882 1158 5948 XCVI.

3248 5878 3331 5941 28
