3952 6202
394 375 503 432 875

2149 366 2314 420 NDA.
3668 373 3746 430 876

391 501 865 568 removes,atque
886 494 948 550 in
971 492 1186 551 animas
1215 490 1548 564 periculum
1574 489 1846 563 conjicis.
1880 490 1944 555 Q1

2149 493 2250 546 16
2302 489 2680 570 προστάγμασι
2734 496 2938 568 ταύτης
2994 493 3106 568 ἤδη
3168 494 3506 573 ἀπὲῥρηξας.
3558 502 3637 552 καὶ
3674 501 3748 572 ψ)-

393 591 549 646 circa
577 588 754 644 velim
778 601 989 641 noscas
1007 601 1102 640 me
1131 583 1377 638 minime
1400 581 1859 637 commissurum
1875 585 1938 633 ut

2152 585 2298 653 χικῷ
2329 580 2565 657 κινδύνῳ
2598 583 2940 659 παρέδωκας.
2974 587 3108 649 Ἰσθι
3159 586 3343 640 τοίνυν
3393 586 3468 649 ὡς
3513 585 3667 662 ἔγωγε
3705 589 3751 643 οὗ

389 696 652 752 paream,
687 678 748 731 in
772 675 1097 745 eademque
1119 679 1314 728 tecum
1346 689 1482 744 erga
1513 673 1696 726 Deum
1727 670 1938 741 ingrati

2149 672 2523 747 πεισφήσομαί
2556 695 2663 744 σοι,
2697 675 2820 730 οὕτε
2855 675 2960 748 μὴν
2993 677 3318 744 κοινωνήσω
3350 697 3434 729 σοι
3471 683 3569 745 τῆς
3611 676 3757 730 τοιαύ-

391 771 530 824 dine
561 784 778 832 verser,
814 773 991 836 atque
1024 780 1159 818 eum
1191 763 1291 832 qui
1327 761 1607 833 praeclare
1639 760 1710 814 de
1735 776 1828 814 me
1863 775 1944 814 me

2149 779 2248 829 της
2281 760 2357 824 είς
2384 763 2477 816 τὸν
2500 764 2629 818 Θεὸν
2661 764 3004 840 ἀχαριστίας,
3039 762 3166 820 οὐδὲ
3194 767 3287 820 τὸν
3338 763 3469 838 ἐμὸν
3519 763 3753 840 εύεργῇν

387 865 484 914 tus
515 862 625 924 est,
660 855 923 926 mihique
956 853 1206 908 salutem
1235 851 1452 917 attulit,
1481 851 1772 921 abjurem,
1809 849 1944 902 etiai

2149 851 2236 904 καί
2273 857 2507 926 Σωτῆρα
2539 855 2868 929 ἀρνήσομαι,
2896 855 2938 910 εἰ
2988 855 3078 909 καὶ
3124 855 3341 929 θηρίοις
3390 853 3689 922 ἀναλώσεις,
3724 857 3756 910 εἴ

385 949 530 1005 feris
557 965 650 1004 me
682 944 1066 1002 lacerandum
1092 949 1149 998 et
1171 942 1608 998 absumendum
1641 941 1908 1012 objicias,
1941 963 1944 990 ἐ

2151 937 2288 1012 ξίφει
2347 941 2437 994 καὶ
2496 942 2625 1018 πυρὶ
2679 941 3020 1018 παραδώσεις
3082 964 3170 1016 με,
3203 943 3364 1014 ἆτῆς
3421 950 3519 1012 σῆς
3564 943 3755 1016 ἐξουσίας

387 1039 606 1115 gladio,
639 1043 739 1094 aut
761 1037 879 1110 igni
905 1053 999 1090 me
1024 1035 1286 1101 addicas,
1313 1051 1444 1105 qum
1471 1033 1714 1104 quidem
1739 1032 1800 1086 in
1825 1037 1924 1085 tua

2151 1028 2331 1086 ἐστίν.
2390 1028 2527 1088 Οὔτε
2581 1033 2684 1107 γάρ
2746 1035 2973 1097 θάνατον
3033 1031 3295 1102 δέδοικα,
3361 1031 3484 1088 οὔτε
3537 1036 3672 1088 ποθῶ
3710 1036 3758 1088 τὰ

385 1136 597 1186 testate
629 1129 741 1184 sita
769 1132 923 1182 sunt.
959 1127 1157 1196 Neque
1181 1123 1341 1178 enim
1380 1128 1632 1177 mortem
1666 1121 1944 1175 exstimes

2149 1119 2391 1193 παρόντα
2423 1163 2441 1193 ,
2500 1120 2718 1190 πολλὴν
2790 1122 2963 1176 αὐτῶν
3032 1122 3333 1196 καταγνοὺς
3383 1125 3486 1192 τὴν
3537 1123 3759 1177 ἀσθένειαι

385 1238 496 1276 nec
520 1219 839 1291 prmsentia
861 1215 1319 1288 expeto,quippe
1350 1230 1480 1283 quae
1518 1228 1809 1283 perquam
1851 1209 1944 1263 im]

2151 1209 2242 1263 καὶ
2276 1209 2636 1281 ματαιότητα.
2669 1211 2735 1268 Τί
2765 1212 2870 1286 γάρ
2922 1211 3100 1266 αὐτῶν
3145 1215 3448 1286 χρήσιμον,
3546 1213 3759 1284 μόνιμον,

387 1310 525 1366 cilla
547 1315 768 1364 etvana
786 1323 914 1362 esse
936 1309 1303 1374 compertum
1329 1302 1599 1356 habeam.
1623 1299 1771 1364 Quid
1795 1299 1944 1352 enim

2149 1298 2185 1367 ἢ
2215 1295 2474 1373 διαρκές;
2517 1301 2604 1354 καὶ
2659 1299 2722 1355 οὐ
2771 1305 2933 1356 τοῦτο
2994 1302 3183 1375 μόνον,
3216 1299 3362 1357 ἀλλά
3420 1302 3508 1356 καὶ
3559 1301 3606 1356 ὲν
3646 1303 3760 1372 αὐτῷ

385 1400 530 1471 ipsis
543 1397 815 1453 utilitatis
830 1394 1100 1466 est?quid
1115 1393 1268 1462 quod
1284 1391 1493 1446 stabile
1508 1391 1584 1444 sit
1600 1406 1666 1444 ac
1679 1389 1944 1444 diuturni

2149 1392 2229 1459 τῷ
2262 1390 2396 1442 εἶναι
2455 1387 2643 1460 πολλή
2707 1392 3047 1466 συνυπάρχει
3105 1391 3294 1454 αὐτοῖς
3345 1393 3380 1459 ἡ
3435 1391 3761 1464 ταλαιπωρία,

378 1491 578 1559 Neque
604 1487 662 1540 id
687 1485 903 1552 solum,
928 1499 1132 1538 verum
1159 1482 1358 1544 etiam,
1389 1486 1511 1534 tum
1531 1495 1767 1550 quoque
1791 1495 1921 1532 cum

2150 1474 2335 1546 πολλὴ
2370 1476 2813 1548 ἡλύπη,πολλή
2870 1480 2959 1534 καὶ
3021 1477 3386 1542 ἀδιάσπαστος
3446 1482 3480 1550 ἡ
3543 1482 3761 1555 μέριμνα.

384 1582 542 1646 sunt,
557 1578 768 1648 ingens
783 1575 929 1647 ipsis
951 1589 1218 1628 aerumna
1230 1571 1550 1642 conjuncta
1565 1571 1889 1640 est,ingens
1906 1586 1944 1624 ιι

2149 1569 2228 1638 Τῇ
2259 1566 2360 1641 γάρ
2393 1567 2694 1644 εὐφροσύνῃ
2735 1569 2912 1623 αὐτῶν
2972 1569 3061 1623 καὶ
3121 1568 3420 1624 ἀπολαύσει
3480 1576 3612 1624 πᾶσα
3663 1591 3762 1623 συν-

379 1667 716 1738 ror,ingens
740 1668 1099 1734 etperpetua
1121 1659 1481 1727 sollicitudo,
1509 1659 1802 1729 siquidem
1836 1674 1944 1713 eor

2149 1654 2384 1724 ἐξευκται
2461 1659 2728 1734 κατήφεια
2786 1657 2876 1712 καὶ
2937 1655 3103 1729 ὀδύνη
3141 1677 3154 1690 °
3216 1660 3242 1713 6
3304 1657 3544 1721 πλοῦτος

383 1754 670 1825 voluptati
691 1769 757 1808 ac
769 1750 1136 1825 perceptioni
1156 1749 1308 1804 nihil
1327 1765 1446 1803 non
1471 1748 1764 1803 mcestitiae
1784 1764 1849 1802 ac
1872 1747 1944 1802 do

2149 1745 2397 1820 πτωχεία
2454 1745 2588 1817 ἐστὶ,
2647 1747 2736 1801 καὶ
2793 1748 2855 1802 τὸ
2913 1747 3047 1821 ὕψος
3103 1747 3277 1802 αὐτῶν
3337 1749 3654 1814 ταπείνωσις
3700 1748 3767 1804 ἐς·

384 1844 467 1898 ris
489 1843 786 1899 adnexum
806 1847 922 1896 est:
944 1841 1210 1912 ipsorum
1233 1839 1346 1893 divi
1359 1839 1473 1901 tia),
1507 1845 1825 1909 paupertas
1857 1855 1944 1892 Stll

2150 1833 2316 1909 χάτη.
2355 1840 2452 1888 Καὶ
2508 1835 2591 1899 τίς
2647 1835 2996 1909 ἐξαριθμήσει
3051 1837 3118 1892 τά
3163 1837 3375 1893 τούτων
3427 1840 3611 1910 κακά;
3657 1838 3762 1913 ἅπερ

2149 1920 2324 1936 .....
2480 1925 2492 1936 .
2605 1926 2613 1936 .
2761 1923 2886 1936 ...ι
2949 1925 2991 1936 μ.
3162 1926 3225 1936 ..
3296 1926 3307 1936 .
3469 1927 3531 1936 ..

3619 1658 3763 1713 αὐτῶν

382 1935 648 2006 ipsorum
672 1931 1030 1998 sublimitas,
1054 1935 1318 1986 extrema
1333 1928 1608 1999 dejectio.
1625 1927 1908 1992 Quisnam
1935 1944 2032 1982 au-

383 2029 502 2079 tem
523 2040 728 2078 eorum
752 2022 908 2076 mala
925 2019 1329 2077 enumerando
1347 2018 1628 2088 consequi
1653 2019 1840 2088 possit
1855 2019 2031 2082 ‘?Quaa

383 2113 624 2184 quidem
656 2111 860 2182 paucis
904 2110 1096 2164 verbis
1147 2108 1458 2179 theologus
1505 2123 1672 2162 meus
1723 2106 1870 2161 mihi
1920 2106 2032 2161 de-

2143 1920 2212 1978 δι’
2236 1923 2439 1997 ὀλίγων
2468 1925 2533 1999 ρη
2546 1926 2728 1996 μάτων
2756 1923 2999 1996 ὑπέδειξὲ
3025 1948 3120 2000 μοι
3154 1928 3183 1982 6
3209 1926 3341 2001 ἰμὸς
3374 1927 3627 2004 Θεολόγος
3655 1933 3766 2001 (52).

2143 2012 2287 2080 Φησὶ
2318 2013 2439 2088 γάρ’
2473 2014 2534 2070 Ὁ
2566 2015 2772 2087 κόσμος
2805 2014 2936 2078 ὅλος
2964 2013 3017 2070 ἐν
3046 2021 3124 2088 τῷ
3183 2022 3414 2091 πονηρῷ
3460 2024 3646 2073 κεῖται’
3672 2019 3761 2086 καὶ,

2143 2101 2236 2168 Μὴ
2291 2099 2534 2174 ἀγαπᾰσε
2589 2103 2680 2156 τὸν
2739 2103 2984 2176 κόσμον,
3047 2103 3189 2177 μηδὲ
3244 2107 3310 2160 τά
3363 2105 3414 2160 ἐν
3477 2112 3554 2178 τῷ
3602 2107 3763 2177 κόσμῳ

2144 2191 2222 2244 ὅνι
2251 2195 2353 2244 πᾶν
2382 2192 2444 2245 τὸ
2493 2190 2544 2245 ἐν
2603 2197 2682 2264 τῷ
2711 2194 2905 2266 κόσμῳ
2932 2197 2965 2263 ἡ
3000 2193 3265 2268 ἐπιθυμία
3320 2203 3424 2265 τῆς
3483 2198 3668 2268 σαρκὸς
3691 2196 3759 2249 καὶ

2141 2282 2176 2348 ἡ
2227 2279 2487 2353 ἐπιθυμία
2541 2286 2649 2335 τῶν
2708 2282 3008 2358 ὀφθαλμῶν
3045 2329 3060 2355 ,
3133 2285 3222 2340 καὶ
3280 2289 3314 2355 ἡ
3371 2285 3627 2355 ἀλαζονία
3683 2288 3761 2340 τοῦ

2146 2368 2288 2443 βίου’
2322 2374 2434 2439 καί,
2467 2371 2528 2428 Ὀ
2557 2372 2763 2445 κόσμος
2793 2375 3092 2448 παράγεται
3121 2374 3212 2429 καὶ
3243 2378 3278 2445 ἡ
3311 2375 3572 2450 ἐπιθυμία
3599 2377 3757 2430 αὑτοῦ·

2142 2459 2169 2512 ὁ
2203 2457 2258 2513 δὲ
2287 2465 2460 2514 ποιῶν
2488 2461 2550 2515 τὸ
2581 2463 2800 2534 θέλημα
2828 2467 2924 2518 τοῦ
2957 2469 3090 2518 Θεοῦ
3136 2463 3280 2537 μένει
3330 2466 3410 2527 εἷς
3462 2466 3553 2520 τὸν
3597 2465 3765 2521 αἰῶ-ια.

2141 2551 2311 2604 Τοῦτο
2337 2547 2446 2624 ἐγὼ
2489 2554 2666 2620 ζητῶν
2719 2551 2781 2605 τὸ
2839 2550 3057 2625 Θέλημα
3112 2558 3208 2608 τοῦ
3268 2552 3403 2608 Θεοῦ
3462 2556 3524 2610 τὸ
3579 2553 3773 2629 ἀγαθὸν,

2140 2638 2323 2716 ἀφῆκα
2379 2641 2585 2709 πάντα,
2647 2641 2736 2696 καὶ
2795 2641 3110 2714 ἐκολλήθην
3167 2650 3287 2707 τοῖς
3342 2646 3434 2699 τὸν
3498 2646 3650 2700 αὑτὸν
3701 2665 3771 2698 xs-

2138 2729 2436 2801 κτημένοις
2468 2729 2636 2793 πόθον
2665 2730 2754 2785 καὶ
2785 2731 2876 2786 τὸν
2906 2732 3065 2786 αὐτὸν
3127 2733 3415 2804 ἰκζητοῦσι
3474 2737 3600 2790 Θεόν
3657 2736 3770 2806 (53)·

2139 2819 2191 2875 ἐν
2221 2821 2300 2882 οἷς
2331 2819 2428 2876 οὐκ
2459 2816 2598 2876 ἔστιν
2632 2821 2745 2890 ἔρις
2777 2823 2810 2890 ἢ
2843 2822 3038 2900 φθόνος
3073 2828 3203 2897 (54),
3237 2825 3405 2880 λύπαι
3463 2831 3552 2883 17
3610 2847 3665 2880 τε
3700 2823 3774 2879 καὶ

2143 2909 2421 2984 μέριμναι,
2453 2909 2599 2966 ἀλλά
2630 2911 2820 2974 πάντες
2850 2913 2942 2967 τὸν
2973 2912 3091 2968 ἴσον
3140 2913 3402 2990 τρέχουσι
3454 2914 3677 2989 δρόμον,
3701 2916 3777 2967 ’ἱνα

2138 2995 2487 3054 καταλάϐωσι
2543 3000 2638 3064 τάς
2720 3000 2937 3063 αἶ’ωνίας
3025 3003 3244 3076 μονάς,
3305 3002 3370 3065 ἃς
3427 3002 3773 3078 ἡτοίμασενό

381 2199 750 2262 monstravit,
777 2199 870 2252 his
893 2197 1084 2252 verbis
1107 2203 1310 2251 utens:
1336 2198 1512 2250 Totus
1537 2195 1794 2250 mundus
1817 2196 1877 2250 in
1910 2213 2036 2251 ma-

383 2288 546 2361 ligno
569 2288 798 2359 positus
816 2292 906 2342 est
935 2289 987 2357 (I
1011 2289 1172 2341 Joan.
1198 2304 1228 2338 v
1251 2293 1299 2340 et
1321 2288 1402 2356 ιι).
1437 2289 1515 2340 Ac
1539 2303 1777 2340 rursum
1805 2303 1817 2338 :
1843 2286 2031 2340 Nolite

382 2377 635 2448 diligere
665 2376 974 2439 mundum.
1011 2393 1202 2446 neque
1242 2391 1310 2429 ea
1341 2391 1472 2445 qum
1505 2375 1565 2429 in
1614 2374 1837 2429 mundo
1870 2382 2029 2431 sunt.

389 2466 679 2533 Quoniam
699 2482 875 2521 omne
895 2465 1051 2536 quod
1071 2465 1130 2518 in
1154 2464 1376 2519 mundo
1405 2469 1622 2526 est,aut
1643 2470 1732 2518 est
1748 2465 2033 2535 concupi-

391 2557 619 2611 scentia
634 2556 957 2622 carnis,aut
973 2554 1453 2625 concupiscentia
1475 2553 1913 2619 oculorum,aut
1934 2570 2032 2607 su-

384 2645 590 2717 perbia
619 2645 768 2700 vitas.
803 2647 872 2699 Et
903 2644 1158 2698 mundus
1190 2644 1420 2709 transit,
1464 2649 1521 2698 et
1551 2644 2034 2714 concupiscentia

383 2733 533 2804 ejus.
551 2733 656 2798 Qui
672 2738 869 2788 autem
885 2731 1402 2787 facitvoluntatem
1419 2732 1541 2799 Dei,
1567 2738 1767 2786 manet
1784 2733 1844 2786 in
1867 2739 2030 2786 ater-

379 2839 544 2878 num.
580 2823 741 2878 Hanc
765 2822 942 2894 igitur
965 2839 1068 2894 ego
1101 2821 1318 2876 bonam
1344 2823 1444 2876 Dei
1471 2821 1835 2876 voluntatem
1860 2839 2027 2893 qua:-

378 2913 750 2979 rens,omnia
762 2928 866 2984 pro
887 2911 1170 2966 derelicto
1191 2911 1393 2974 habui,
1415 2928 1548 2966 cum
1566 2913 1757 2983 iisque
1773 2928 1864 2967 me
1889 2929 2030 2967 con-

371 3002 546 3074 junxi
565 3002 664 3073 qui
680 3001 888 3057 eadem
903 3001 1224 3073 cupiditate
1247 3007 1728 3073 tenentur,atque
1752 3003 2028 3057 eumdem

379 3093 566 3147 Deum
590 3092 1060 3164 expetuntJnter
1078 3109 1226 3162 quos
1250 3108 1368 3146 non
1395 3091 1666 3146 simultas
1689 3098 1795 3157 est,
1821 3108 1942 3146 non

2149 3090 2325 3162 Πατήρ
2356 3094 2463 3143 τῶν
2497 3091 2692 3166 φώτων
2741 3095 2859 3153 τοῖς
2889 3090 3170 3166 ἀγαπῶσιν
3231 3091 3393 3147 αὐτόν
3458 3097 3612 3167 (54⁸).
3658 3091 3773 3146 Τού-

376 3197 498 3247 vor,
520 3198 640 3236 non
657 3197 938 3236 maerores
956 3187 1013 3235 et
1034 3198 1188 3236 curm
1207 3198 1220 3247 ;
1242 3181 1343 3235 sed
1363 3198 1569 3235 omnes
1588 3181 1741 3235 idem
1762 3181 1944 3235 curric

2149 3199 2263 3239 τους
2321 3177 2424 3252 ἐγὼ
2483 3182 2814 3254 γεννήτορας
2851 3223 2864 3249 ,
2917 3180 3145 3244 τούτους
3206 3180 3521 3260 ἀδελφοὺς,
3572 3182 3778 3239 τούτους

379 3269 505 3325 lum
537 3269 777 3337 obeunt,
803 3275 866 3324 ut
889 3269 961 3324 ad
986 3271 1378 3342 sempiternas
1403 3287 1499 3324 eas
1533 3271 1874 3324 mansiones
1896 3291 1944 3343 p:

2149 3268 2332 3345 ρίλους
2364 3269 2450 3322 καί
2484 3271 2756 3344 γνωστοὺς
2811 3269 3146 3344 ἐκτησάμην*
3205 3277 3314 3326 τῶν
3381 3270 3438 3328 δέ
3494 3275 3634 3328 ποτε
3692 3292 3781 3345 μου

378 3364 640 3432 veniant,
675 3381 822 3435 quas
853 3364 1147 3419 luminum
1182 3365 1353 3419 Pater
1386 3365 1457 3419 iis
1488 3381 1521 3418 a
1548 3364 1762 3435 quibus
1795 3372 1944 3419 amat

2149 3355 2314 3435 ,φίλων
2364 3357 2454 3411 καὶ
2515 3357 2764 3432 ἀδελφῶν
2827 3359 3102 3434 ἐμάκρυνα
3161 3359 3501 3436 φυγαδεύων,
3546 3363 3642 3417 καὶ
3695 3361 3782 3430 1,6-

376 3454 729 3524 prmparavit
753 3455 889 3520 (Jac.
919 3471 968 3520 1;
1001 3456 1030 3508 Ι
1058 3455 1179 3507 Cor.
1217 3457 1298 3523 ιι).
1335 3453 1452 3508 llos
1495 3470 1597 3525 ego
1631 3471 1734 3526 pro
1767 3472 1944 3526 paren

2149 3446 2332 3516 licam
2365 3447 2414 3501 ἐν
2459 3451 2526 3520 τῇ
2589 3447 2782 3521 ἐρήμῳ
2838 3447 3285 3524 προσδεχόμενος
3343 3452 3438 3506 τὸν
3489 3454 3659 3522 θεὸν,
3705 3451 3785 3504 τὸν

377 3540 626 3606 bus,hos
640 3559 744 3612 pro
767 3541 1185 3609 fratribus,hos
1205 3559 1312 3614 pro
1327 3543 1532 3598 amicis
1557 3548 1613 3598 et
1633 3543 1944 3598 familiarib

2149 3537 2379 3605 ιὼζοντά
2457 3557 2523 3609 με
2608 3538 2714 3592 ἀπὸ
2782 3538 3151 3615 ὀλιγοψυχίας
3232 3541 3326 3595 καὶ
3387 3543 3496 3596 ἀπὸ
3558 3539 3792 3615 καταιγίι

376 3627 588 3684 habeo.
625 3629 710 3683 Ab
757 3629 831 3683 iis
862 3635 1059 3684 autem
1101 3631 1201 3702 qui
1245 3632 1545 3701 quondam
1594 3633 1769 3688 amici
1802 3635 1919 3689 mei
1959 3651 2025 3689 ac
2139 3623 2229 3688 δος
2256 3629 2391 3700 (55).

372 3715 588 3771 fratres
616 3724 787 3772 erant
817 3718 1080 3789 elongavi
1110 3719 1359 3791 fugiens,
1389 3728 1445 3776 et
1484 3723 1676 3776 mansi
1719 3723 1780 3776 in
1813 3723 2026 3778 solitu-

373 3794 512 3850 dine
545 3797 695 3867 (Psal
739 3799 892 3867 Lxu),
927 3798 1109 3852 Deum
1145 3807 1515 3870 exspectans,
1541 3803 1641 3872 qui
1668 3803 1894 3857 salvum
1929 3822 2024 3860 me

372 3883 514 3939 fecit
535 3901 570 3940 a
592 3884 1083 3957 pusillanimitate
1117 3888 1381 3959 spiritus,
1417 3897 1474 3944 et
1496 3895 1866 3962 tempestate.

441 3975 575 4030 Haec
602 3991 737 4030 cum
765 3975 846 4030 ita
863 3977 1173 4032 commode
1200 3994 1266 4032 ac
1289 3979 1555 4050 jucunde
1585 3997 1618 4035 a
1651 3981 1750 4035 Dei
1784 3983 2023 4038 homine

371 4063 530 4121 dicta
561 4071 781 4133 essent,
809 4081 911 4120 rex
943 4065 1252 4123 iracundia
1279 4069 1520 4138 quidem
1579 4069 2021 4141 impellebatur,

370 4171 438 4211 ac
459 4160 732 4211 sanctum
750 4155 939 4210 virum
960 4155 1190 4212 acerbis
1218 4157 1528 4229 suppliciis
1562 4161 1898 4215 excruciare
1923 4178 2018 4216 cu-

368 4245 606 4316 piebat;
645 4262 884 4301 rursum
935 4251 1134 4302 autem
1193 4264 1253 4302 se
1304 4249 1686 4320 reprimebat,
1737 4256 1912 4322 atque
1962 4252 2022 4306 id

365 4335 602 4409 aggredi
630 4336 1043 4403 cunctabatur,
1079 4337 1478 4394 venerandam
1526 4341 1712 4411 ipsius
1762 4341 2020 4414 dignita-

366 4429 487 4478 tem
519 4439 586 4478 ac
618 4423 996 4494 splendorem
1019 4425 1258 4481 veritus.
1284 4427 1631 4483 Sermonem
1681 4444 1817 4483 vero
1863 4429 2019 4484 exci-

363 4513 558 4584 piens,
594 4513 687 4568 his
719 4530 855 4569 eum
883 4513 1078 4570 verbis
1111 4520 1199 4570 est
1227 4515 1521 4572 allocutus
1557 4534 1570 4573 :

439 4602 734 4674 Undique,
767 4620 799 4658 ο
831 4604 1032 4672 miser,
1059 4605 1237 4660 exitio
1260 4611 1380 4674 tuo,
1408 4608 1706 4675 studuisti,
1732 4614 1796 4663 ut
1819 4611 1918 4680 qui
1943 4610 2017 4665 ad
2046 4619 2095 4682 ι)

353 4690 572 4763 ipsum,
593 4690 849 4760 fortuna,
873 4698 938 4746 ut
957 4692 1208 4761 videtur,
1227 4701 1282 4750 te
1302 4696 1670 4767 impellente,
1694 4704 1816 4752 tum
1846 4716 2016 4754 men-

355 4786 477 4836 tem
494 4787 618 4837 tum
635 4781 896 4855 linguam
911 4782 1143 4838 acueris
1161 4801 1226 4838 ac
1239 4784 1487 4855 proinde
1502 4787 1808 4841 obscuram
1824 4806 2015 4858 quam-

355 4870 492 4926 dam
506 4876 684 4943 atque
702 4871 944 4928 inanem
967 4873 1300 4940 verborum,
1318 4877 1578 4931 naaniam
1605 4876 1906 4932 effuderis.
1931 4882 2011 4934 Ac

354 4962 471 5017 nisi
487 4963 781 5019 sermonis
794 4963 1090 5036 principio
1110 4981 1202 5020 me
1220 4964 1324 5020 tibi
1342 4965 1636 5022 facturum
1653 4969 2010 5040 recepissem

356 5054 424 5104 ut
442 5065 472 5104 e
496 5051 694 5109 medio
719 5053 971 5110 concilio
1016 5053 1386 5110 iracundiam
1429 5054 1818 5128 depellerem,
1849 5073 2011 5114 nunc

2203 3985 2418 4042 Τούτων
2450 3985 2710 4060 εὐκαίρως
2745 3984 2886 4043 οὕτω
2935 3990 3026 4044 καὶ
3075 3989 3254 4060 ἡδέως
3278 3997 3359 4064 τῷ
3390 3997 3491 4048 τοῦ
3528 3997 3672 4048 Θεοῦ
3723 3993 3800 4044 ἀνθ

2133 4076 2338 4150 θρώπῳ
2397 4077 2875 4152 ὑπαγορευθέντων
2913 4121 2927 4143 ,
2986 4081 3013 4134 6
3087 4081 3343 4155 βασιλεὺς
3402 4083 3652 4139 ἐκινεῖτο
3719 4081 3803 4153 μὶν

2135 4167 2237 4220 ὑπὸ
2267 4171 2362 4220 τοῦ
2396 4170 2590 4238 Θεδμοῦ,
2625 4167 2713 4220 καὶ
2756 4174 2966 4243 πικρῶς
3009 4169 3236 4239 αἰκίζειν
3288 4173 3381 4226 τὸν
3434 4174 3600 4248 ἅγιον
3636 4166 3810 4240 ἠϐού-

2131 4253 2280 4323 λετο,
2317 4252 2472 4309 ὤκνει
2507 4253 2563 4309 δὲ
2595 4255 2759 4311 πάλιν
2818 4257 2908 4310 καὶ
2965 4254 3327 4326 ἀνεϐάλλετο,
3387 4262 3453 4316 τὸ
3522 4259 3810 4334 αὶδὲσιμσν

2130 4345 2298 4398 αὐτοῦ
2355 4344 2444 4398 καὶ
2507 4345 2800 4423 περιφανὲς
2861 4343 3290 4420 εὐλαϐούμενος.
3353 4347 3710 4405 Ὑπολαῦὼν
3765 4347 3817 4402 δὶ

2127 4427 2228 4511 ἔφη
2269 4433 2407 4508 πρὸς
2440 4430 2620 4492 αὐτόν.

2197 4614 2567 4688 Πανταχόθεν,
2603 4613 2778 4684 ἄθλιε,
2810 4617 2907 4684 τὴν
2965 4621 3189 4672 σεαυτοῦ
3252 4617 3661 4692 ἐκμελετήσας
3719 4619 3817 4674 ἀπ-

2126 4701 2347 4773 ώλειαν,
2382 4705 2519 4776 πρὸς
2547 4704 2772 4776 ταύτην,
2809 4706 2881 4768 ὡς
2912 4704 3107 4778 ἔοικεν,
3143 4708 3246 4762 ὑπὸ
3280 4716 3383 4778 τῆς
3447 4715 3656 4787 τύχης
3705 4732 3815 4765 συν·

2125 4791 2510 4864 ελαυνόμενος,
2542 4795 2820 4864 ήκόνησας
2849 4796 2938 4850 τὸν
2969 4801 3092 4850 νοῦν
3131 4799 3244 4869 ἅμα
3305 4800 3403 4853 καὶ
3473 4805 3588 4871 τήν
3641 4800 3815 4879 γλῶτ-

2119 4898 2236 4935 ταν·
2272 4883 2388 4946 ὅθεν
2423 4884 2598 4960 ἀσαφῆ
2661 4905 2780 4939 τινα
2832 4887 2921 4940 καὶ
2983 4885 3214 4958 ματαίαν
3273 4890 3675 4967 βαττολογίαν
3738 4890 3813 4945 δι-

2122 4970 2364 5038 εξῆλθες.
2403 4973 2496 5028 Καὶ
2529 4971 2572 5026 εἰ
2605 4974 2704 5045 μὴ,
2738 4974 2855 5028 κατ’
2898 4973 3072 5049 ἀρχὰς
3127 4980 3226 5030 τοῦ
3283 4975 3504 5053 λόγου,
3543 4981 3811 5058 ἐπηγγει-

2122 5055 2308 5132 λάμην
2344 5081 2427 5116 σοι
2457 5059 2516 5116 ἐκ
2549 5061 2713 5135 μὲσου
2766 5066 2862 5117 τοῦ
2920 5061 3206 5141 συνεδρίου
3249 5067 3342 5122 τὸν
3384 5072 3582 5145 θυμὸν
3649 5055 3810 5142 ποιή-

425 5299 536 5375 (ξιξ)
565 5302 730 5375 {oar}.
764 5303 788 5356 Ι
817 5301 1002 5375 Epist,
1036 5321 1090 5358 ν.
1129 5307 1232 5372 19;
1272 5321 1334 5372 ιι,
1362 5308 1444 5371 15,
1482 5305 1568 5374 16,
1600 5309 1687 5362 l7.

353 5372 721 5496 τὸξῦἓὲόιῑεᾶὶ.
751 5372 952 5442 ιιι,’2;
985 5372 1222 5446 ἐκζητῶν
1253 5376 1344 5430 τὸν
1379 5375 1530 5434 Θεόν.
1556 5372 1562 5374 ’
1584 5379 1766 5452 Epist.
1818 5379 1892 5436 ad

2173 5399 2254 5452 ιιι,
2293 5386 2348 5439 11
2383 5399 2396 5438 :

559 5515 704 5596 Quas!
727 5515 1205 5596 .nominajunait
1235 5521 1554 5596 Apostolus
1584 5523 1655 5578 ad
1689 5525 1946 5596 Philipp.
1983 5543 2024 5591 ι,
2061 5529 2146 5580 15.

419 5582 1196 5675 (ἱέρ’)Τᾷςηαίωνίουςὶσῖιηνάς,
1235 5582 1400 5672 Luca)
1433 5611 1540 5675 xvi,
1574 5598 1624 5650 9.
1659 5627 1724 5637 —
1756 5582 1944 5675 [libis

2149 5600 2252 5654 lor.
2287 5615 2344 5670 ll,
2378 5604 2408 5656 9
2445 5617 2458 5656 :
2493 5600 2526 5655 ἅ
2551 5599 2845 5675 ἡτοίμασεν

345 5657 628 5738 Etpeuln
660 5657 1236 5738 vocavit_16vja1épa
1263 5662 1373 5716 τῶν
1406 5657 1601 5738 φώτων
1633 5675 1768 5738 post
1795 5657 1944 5725 Jacol

2177 5675 2260 5725 17.

415 5733 529 5808 (55)
559 5729 717 5789 Psal.
750 5745 859 5802 LIV,
891 5734 921 5786 ’ἵ
947 5747 961 5789 ζ
991 5729 1300 5806 Ἐμάκρυνα
1330 5729 1502 5812 poi...
1537 5729 1944 5813 πρόσδεχόμενο

2149 5741 2442 5815 ιώζοντα...
2475 5775 2543 5788 —
2574 5747 2614 5802 C
2648 5748 2777 5806 sine
2806 5747 2898 5805 τὸν
2929 5747 3081 5807 Θεὸν.

2453 5382 2570 5442 Οὐκ
2625 5379 2765 5439 ἔστιν
2791 5384 2819 5439 6
2853 5386 3070 5458 συνιὼν,
3131 5388 3236 5444 οὐκ
3293 5384 3466 5452 ἔστιν
3501 5397 3532 5454 6
3569 5395 3802 5471 ἐκζητῶν

2877 5601 2904 5656 6
2939 5603 3066 5665 Θεὸς
3098 5609 3221 5669 τοῖς
3268 5603 3590 5684 ἀγαπῶσιν
3620 5612 3784 5673 αὐτόν,
