4000 6202
172 426 266 482 877

1313 415 1489 469 νιτΑ
1523 413 1878 469 BABLAAM
1913 414 2007 469 Kr
2041 416 2381 475 JOASAPH.

3425 427 3535 486 878

173 558 379 616 σασθαι,
431 546 517 598 νῦν
575 539 633 596 ἂν
692 537 826 615 πυρί
882 560 978 595 σου
1034 537 1131 601 τὰς
1177 557 1379 614 σαρκας
1436 533 1773 614 παρέδωκα.

1889 557 2098 598 carnes
2119 548 2249 601 tuas
2269 545 2333 601 in
2362 545 2562 620 ignem
2577 546 2993 620 conjecissem.
3021 549 3313 616 Quoniam
3333 557 3535 612 autem

170 635 299 695 Ἐπεὶ
330 631 383 689 δὲ
402 625 690 708 προλαϐὼν
755 628 1030 691 τοιούτοις
1092 649 1160 700 με
1213 624 1607 704 κατησιραλίσω
1658 631 1774 689 τοῖς

175 729 404 803 ρήμασιν,
430 719 699 796 ἀνέχομαί
731 740 826 774 σου
881 723 983 774 τοῦ
1042 719 1296 794 θράσους,
1353 724 1453 787 τῆς
1514 717 1781 792 προτέρας

173 837 261 888 μου
306 808 462 869 ἕνεκεν
519 811 657 885 πρὸς
710 810 770 864 σέ
827 807 1031 887 φιλίας.
1094 809 1353 869 ’Δναστὰς
1404 807 1523 871 οῦν,
1582 806 1777 863 λοιπὸν

170 910 303 982 φεῦγε
330 903 376 973 ἐξ
405 898 699 978 ὀφθαλμῶν
755 919 880 973 μου,
945 896 1139 972 μηκέτι
1197 918 1255 952 σε
1284 895 1493 971 ὄψομαι
1540 894 1631 951 καὶ
1678 916 1779 951 κα-

167 1002 259 1055 κῶς
287 989 544 1047 ἀπολέσω.

222 1083 312 1140 Καὶ
339 1078 555 1154 ἐξελθὼν
590 1079 618 1133 6
646 1082 745 1133 τοῦ
776 1082 910 1134 Θεοῦ
957 1076 1243 1152 ἅνθρωπος
1289 1076 1651 1150 ἀνεχώμησεν
1703 1074 1780 1137 είς

166 1176 251 1244 τὴν
295 1170 507 1247 ἔρημον,
567 1171 909 1243 Λυποῦμενος
971 1168 1065 1241 μὶν
1117 1166 1200 1223 ὅτι
1253 1166 1316 1222 οὐ
1375 1165 1778 1241 μεμαρτύρηκε,

164 1266 247 1321 18
295 1263 566 1337 μαρτυρῶν
629 1256 686 1314 δὲ
737 1259 859 1313 καθ’
905 1258 1115 1330 ἡμέραν
1146 1259 1216 1330 τῇ
1277 1252 1580 1325 συνειδήσει
1617 1258 1778 1329 (55'),

162 1350 236 1407 καί
262 1346 613 1405 αντιπαλαίων
647 1348 784 1422 πρός
833 1345 930 1407 τὶς
991 1346 1167 1420 ἀρχὰς
1223 1345 1312 1399 καὶ
1345 1343 1608 1414 ἐξουσίας,
1639 1344 1777 1431 πρὸς

160 1442 265 1503 τοῦς
290 1438 732 1514 κοσμοκράτορας
764 1440 862 1491 τοῦ
898 1436 1127 1497 σκότους
1167 1439 1264 1491 τοῦ
1314 1434 1511 1497 αἰῶνος
1558 1434 1776 1504 τούτου,

159 1530 273 1606 πρὸς
297 1530 357 1584 τὰ
384 1526 722 1600 πνευματίκᾶ
769 1532 870 1596 τῆς
928 1524 1218 1599 πονηρίας,
1278 1527 1353 1587 ὡς
1412 1544 1575 1602 φησιν
1611 1524 1638 1578 6
1673 1544 1774 1596 μα-

156 1621 315 1694 κάριος
340 1615 553 1679 Παῦλος
767 1614 1006 1672 Ἐκείνου
1064 1615 1157 1688 μὲν
1220 1615 1310 1668 οῦν
1370 1611 1775 1685 ἀποδημήσαν-

155 1731 251 1778 τος,
278 1707 431 1763 πλέον
464 1708 490 1761 6
526 1704 786 1781 βασιλεὺς
825 1704 1100 1779 ὀργισθεὶς
1134 1701 1379 1779 διωγμὸν
1412 1699 1773 1781 σφοδρότερον

154 1799 268 1853 κατὰ
307 1801 397 1855 τοῦ
456 1798 768 1871 μοναχικοῦ
823 1793 1091 1868 ἐκμελετᾷ
1138 1794 1440 1868 τάγματος,
1502 1791 1773 1853 πλείωνος

155 1886 201 1943 δὲ
223 1893 377 1961 τῖμῆς
404 1884 526 1948 τοὺς
560 1888 668 1940 τῶν
703 1880 953 1940 εἰδώλων
1008 1884 1154 1955 ἀξιοῖ
1211 1883 1539 1956 θεραπευτάς
1569 1901 1627 1937 τε
1682 1880 1773 1936 καὶ

151 1976 435 2053 νεωκόρους.

206 2067 280 2122 Ἐν
306 2064 522 2139 τοιαύτῃ
583 2060 642 2119 δὲ
688 2056 841 2125 ὄντος
894 2065 992 2116 τοῦ
1056 2058 1327 2137 βασιλέως
1382 2060 1564 2134 πλάνῃ
1624 2056 1773 2133 δεινῃ

148 2155 221 2211 καὶ
256 2156 434 2229 ἀπάτῃ,
492 2159 753 2229 γεννᾶται
813 2151 961 2224 αὐτῷ
1018 2149 1234 2207 παιδίον
1268 2153 1422 2224 (56⁸),
1478 2151 1618 2205 πάνυ
1674 2147 1770 2203 εὖ-

157 2245 454 2324 μορφότατον
492 2289 505 2314 ,
570 2243 664 2298 καὶ
738 2242 789 2314 ἐξ
860 2241 1029 2311 αὐτῆς
1083 2247 1184 2311 τῆς
1232 2239 1571 2311 ἐπανθούσης
1624 2239 1772 2312 αὐτῷ

155 2336 454 2411 ὡραιότητος
511 2334 578 2389 16
656 2331 864 2402 μέλλον
925 2335 1331 2405 προσημαῖνον.
1386 2329 1640 2405 Ἐλέγετο
1669 2330 1770 2406 γὰρ

155 2424 383 2500 μηδαμοῦ
420 2424 473 2481 έν
510 2429 583 2500 τῇ
616 2427 689 2500 γῇ
721 2422 895 2498 ἐκείνῃ
945 2421 1192 2478 τοιοῦτόν
1225 2441 1364 2477 ποτε
1393 2423 1624 2497 φανῆναι
1672 2438 1773 2495 χα-

154 2516 391 2591 ριέστατον
419 2517 508 2571 καὶ
560 2512 900 2589 περικαλλὲς
957 2511 1199 2568 παιδίον.
1253 2513 1436 2587 Χαρᾶς
1493 2508 1550 2566 δὲ
1610 2508 1772 2585 μεγί-

151 2628 257 2677 στης
279 2605 452 2672 έπῖττῖ
494 2606 751 2680 γεννήσει
806 2608 905 2659 τοῦ
961 2600 1154 2665 παιδὸς
1214 2603 1242 2656 6
1305 2600 1561 2678 βασιλεὺς
1620 2597 1771 2669 πλη-

153 2697 288 2761 σθεὶς,
313 2698 493 2750 τοῦτον
531 2697 637 2768 μὲν
686 2693 921 2771 Ἰωιὶσαςρ
979 2691 1254 2763 ἐκάλεσεν,
1314 2690 1475 2752 αὐτὸς
1528 2687 1585 2745 δὲ
1636 2689 1771 2765 πρὸς

150 2786 254 2847 τοὺς
282 2784 600 2850 εἰδωλικους
651 2783 812 2847 ναοὺς
870 2784 1117 2854 ἀνοήτως
1174 2782 1337 2852 ἀπήει
1387 2785 1506 2842 τοῖς
1538 2779 1772 2849 ἀνοητο-

151 2876 301 2949 τέροις
328 2874 492 2930 αὐτῶν
528 2878 683 2939 θεοῖς
714 2876 889 2937 θύσων
920 2871 1009 2927 καὶ
1066 2868 1521 2945 εὐχαριστηρίους
1571 2865 1773 2939 ὕμνοῦς

151 2962 438 3035 ἀποδώσων,
494 2965 718 3040 ἀγνοῶν
771 2962 852 3024 τίς
882 2963 909 3017 6
939 2965 1048 3016 τῶν
1104 2959 1289 3015 καλῶν
1349 2956 1597 3013 ἁπάντων
1629 2956 1769 3027 ἀληι

152 3056 242 3116 θῶς
266 3053 444 3123 αἴτιος,
474 3054 621 3130 πρὸς
667 3052 724 3107 ’ὸν
760 3046 866 3107 ἔδει
923 3051 1023 3119 τήν
1074 3049 1447 3123 πνευματικὴν
1490 3045 1771 3124 ἀναφέρειν

149 3142 322 3204 θυσίαν.
346 3145 586 3206 Ἐκεῖνος
643 3142 756 3212 οὗν,
810 3146 929 3204 τοῖς
985 3140 1223 3217 ἀψύχοις
1267 3139 1358 3194 καὶ
1412 3142 1620 3217 κωφοῖς
1671 3137 1771 3205 τὴν

153 3231 293 3288 αἰτίαν
319 3240 415 3304 τῆς
466 3237 565 3289 τοῦ
631 3229 827 3295 παιδὸς
884 3232 1188 3306 γενγήσεως
1244 3230 1535 3301 ἀνατιθεὶς,
1566 3247 1772 3283 παντα-

148 3324 234 3396 χοῦ
274 3319 531 3395 διέπεμπε
592 3327 922 3396 συναγαγεῖν
978 3320 1044 3374 τὰ
1072 3318 1261 3389 πλήθη
1322 3318 1401 3380 εἷς
1457 3318 1524 3372 τὰ
1577 3316 1772 3371 τούτου

148 3409 380 3483 γενέθλια.
414 3411 514 3469 Καὶ
538 3411 618 3481 ἦν
655 3407 787 3464 ίδεῖν
846 3407 1050 3472 πάντας
1107 3406 1429 3483 συρρέοντας
1477 3403 1556 3478 τῷ
1614 3399 1770 3483 φόϐῳ

146 3502 223 3552 τοῦ
275 3499 557 3575 βασιλέως,
614 3497 991 3573 ἐπαγομένους
1040 3517 1101 3552 τε
1135 3498 1203 3551 τὰ
1231 3496 1367 3570 πρὸς
1420 3496 1519 3563 τὴν
1581 3494 1770 3559 θυσίαν

148 3586 525 3661 εὔτρεπισμένα,
556 3589 644 3649 ὡς
690 3587 898 3660 ἑκάστῳ
926 3589 961 3657 ἡ
994 3586 1118 3661 χεὶρ
1177 3585 1394 3660 εὐπόρει
1450 3584 1539 3639 καίἱ
1569 3586 1603 3653 ἦ
1635 3584 1772 3658 πρὸς

147 3675 463 3752 τὸνβασιλέα
494 3674 691 3734 εὔνοια
721 3678 856 3752 εἶχε.
909 3674 1163 3734 Μάλιστα
1207 3672 1266 3729 δὲ
1312 3672 1508 3735 αὐτοὺς
1556 3674 1777 3747 ἠρέθιζε

146 3766 259 3837 πρὸς
288 3770 378 3824 I9
437 3766 770 3839 φιλοτιμίαν
830 3764 1012 3832 αὐτὸς,
1070 3763 1303 3839 ταύρους
1358 3767 1650 3827 καταθῦσαι
1683 3760 1775 3839 φέ·

149 3871 239 3927 ρων
289 3860 393 3929 (57)
452 3858 537 3912 ὅτι
597 3854 900 3918 πλείστους
953 3854 1045 3909 καὶ
1099 3852 1428 3929 εὐμεγέθεις,
1485 3851 1577 3906 καὶ
1634 3850 1775 3905 οὕτω

148 3941 400 4018 πάνδημον
427 3946 634 4022 έορτήν
677 3942 925 4013 τελέσας,
983 3944 1186 4005 πάντας
1236 3940 1609 4019 ἐφιλοτιμεῖτο
1668 3937 1778 3995 δώ-

154 4051 252 4105 ροις
277 4033 384 4089 δσοι
411 4058 470 4092 τε
517 4043 628 4107 τῆς
686 4034 895 4110 βουλῆς
953 4034 1090 4103 ἦσαν
1147 4033 1237 4088 καὶ
1267 4036 1373 4087 τῶν
1406 4031 1456 4087 έν
1488 4028 1657 4100 τέλει,
1686 4029 1777 4085 καὶ

153 4122 251 4178 ὅσοι
277 4128 391 4202 περὶ
421 4128 482 4184 τὸ
513 4125 934 4203 στρατιωτικὸν,
977 4124 1095 4180 ὅσοι
1150 4143 1209 4179 τε
1237 4127 1345 4178 τῶν
1402 4119 1635 4177 εὐτελῶν
1687 4120 1778 4176 καὶ

158 4213 241 4285 ἀπή
252 4239 377 4289 μων.

209 4397 454 4455 ΚΕΦΑΛ.
487 4399 562 4455 1".
616 4399 710 4455 Ἐν
760 4395 896 4469 αὐτῇ
956 4392 1014 4450 δὲ
1043 4398 1111 4469 τῇ
1165 4397 1273 4449 τῶν
1332 4392 1622 4469 γενεθλίων
1682 4395 1779 4447 τοῦ

150 4480 317 4549 παιδὸς
344 4487 506 4562 ἑορτῇ
540 4485 823 4558 συνήλθον
854 4485 992 4558 πρὸς
1019 4485 1109 4539 τὸν
1143 4482 1371 4560 βασιλέα
1410 4483 1461 4554 ἐξ
1513 4481 1780 4558 έπιλογῆς

151 4567 315 4643 ἄνδρες
343 4576 467 4631 ὡσεὶ
497 4575 1029 4646 πεντηκονταπέντε,
1073 4573 1197 4648 περὶ
1240 4574 1339 4641 τήν
1374 4572 1782 4647 ἆστροθεάμονα

1801 1935 1849 2002 Β

1889 631 2017 704 ipse
2042 639 2438 704 antevertens,
2459 636 2682 708 tibique
2712 654 2945 707 cavens,
2977 637 3321 711 hujusmodi
3344 641 3535 697 verbis

1886 739 1983 777 me
2015 723 2351 792 obvinxisti,
2380 725 2688 782 audaciam
2713 731 2873 782 tuam
2896 727 2969 783 ob
2991 728 3307 800 pristinam
3338 746 3533 788 meam

1890 828 2027 884 erga
2059 818 2112 868 te
2134 814 2455 871 amicitiam
2476 816 2622 873 fero.
2642 817 3038 882 Quamobrem
3062 834 3329 893 exsurge,
3357 824 3535 892 atque

1888 903 1961 957 ab
1993 903 2182 959 oculis
2210 904 2360 960 meis
2402 906 2669 979 profuge,
2699 923 2820 963 non
2871 907 3001 979 jam
3058 913 3115 964 te
3171 908 3402 981 videbo,
3435 911 3539 968 sed

1888 992 2045 1047 male
2068 994 2357 1049 mactabo.

1958 1084 2045 1138 Ita
2060 1100 2332 1156 egressus
2347 1085 2446 1140 Dei
2462 1085 2637 1141 homo
2656 1086 2717 1140 in
2738 1086 3120 1142 solitudinem
3135 1088 3503 1147 secessitmaa
3514 1120 3538 1132 -

1888 1189 2021 1229 rore
2043 1173 2284 1244 quidem
2303 1191 2371 1230 eo
2394 1177 2636 1231 nomine
2677 1177 2945 1245 affectus,
2982 1176 3141 1248 quod
3176 1180 3532 1251 martyrium

1887 1263 2135 1318 minime
2177 1264 2728 1333 obiisset,caeterum
2773 1265 2939 1321 nullo
2972 1282 3092 1321 non
3116 1265 3534 1340 die,quantum

1887 1352 1960 1406 ad
1980 1354 2403 1409 conscientiam
2422 1356 2653 1425 attinet,
2678 1357 2960 1428 martyrio
2973 1356 3226 1429 fungens
3238 1363 3416 1430 atque
3430 1358 3534 1416 ad-

1884 1457 2090 1496 versus
2111 1443 2479 1515 principatus
2492 1450 2553 1499 et
2566 1446 3194 1515 petestates,adversus
3210 1448 3417 1503 mundi
3438 1465 3530 1505 re-

1886 1536 2077 1586 ctores
2102 1531 2479 1587 tenebrarum
2493 1533 2674 1604 hujus
2687 1533 2889 1588 saaculi
2902 1534 3181 1591 adversus
3197 1537 3533 1608 spiritualia

1886 1620 2263 1689 nequitim,ut
2281 1621 2363 1674 ait
2384 1621 2593 1676 beatus
2608 1622 2849 1689 Paulus,
2872 1621 3164 1680 dimicans
3186 1626 3401 1695 (Ephes.
3425 1626 3527 1699 vx).

1884 1709 2027 1762 Cum
2051 1707 2227 1780 igitur
2246 1708 2347 1764 ille
2369 1709 2633 1775 abiisset,
2659 1727 2761 1766 rex
2781 1712 3043 1783 graviore
3066 1713 3376 1769 iracundia
3395 1731 3532 1771 con-

1884 1798 2117 1863 citatus,
2135 1799 2423 1853 acriorem
2445 1800 2919 1871 persecutionem
2941 1800 3221 1859 adversus
3239 1804 3529 1860 monasti-

1883 1903 2013 1943 cum
2053 1904 2265 1961 agmen
2296 1905 2591 1960 exercere,
2631 1891 2980 1963 majoreque
3018 1892 3244 1949 honore
3277 1894 3529 1952 simula-

1878 1993 2114 2032 crorum
2145 1977 2404 2033 cultores
2434 1994 2501 2034 ac
2528 1979 2866 2036 sacerdotes
2896 1980 3137 2038 afﬁcere
3166 1983 3364 2055 coepit.

1949 2067 2080 2121 CAP.
2099 2067 2195 2121 III.
2215 2097 2285 2108 —
2301 2067 2445 2122 Cum
2466 2073 2664 2123 autem
2685 2085 2790 2125 rex
2810 2069 2873 2123 in
2893 2075 3014 2125 tam
3034 2072 3193 2143 gravi
3215 2088 3418 2128 errore
3434 2074 3527 2130 at-

1877 2172 1992 2226 que
2011 2156 2339 2227 impostura
2358 2162 2712 2225 versaretur,
2730 2159 2997 2214 nascitur
3011 2160 3066 2215 ei
3083 2160 3531 2234 elegantissima

1876 2244 2069 2301 forma
2085 2245 2446 2317 ﬁlius,atque
2459 2262 2530 2301 ex
2543 2263 2611 2302 ea
2625 2247 3069 2319 pulchritudine
3081 2266 3214 2321 quae
3236 2250 3351 2322 ipsi
3376 2252 3531 2307 atl‘u-

1879 2351 1944 2390 sa
1972 2341 2100 2389 erat
2116 2334 2175 2389 id
2195 2334 2352 2406 quod
2372 2334 2639 2391 futurum
2671 2341 2798 2392 erat
2816 2338 3208 2410 praesignans.
3244 2340 3336 2396 Sic
3358 2340 3521 2397 enim

1879 2442 2152 2482 sermone
2164 2425 2539 2482 ferebaturin
2555 2427 2658 2483 illa
2670 2432 2827 2483 terra
2846 2445 3099 2500 puerum
3121 2431 3247 2503 pari
3265 2431 3527 2503 pulchri-
3618 2464 3621 2467 ν

1876 2516 2084 2571 tudine
2107 2532 2175 2571 ac
2193 2521 2504 2571 venustate
2529 2533 2825 2589 nusquam
2847 2519 3163 2576 exstitisse.
3189 2523 3311 2577 Rex
3329 2527 3531 2578 autem

1878 2605 1951 2660 ob
1974 2605 2140 2677 pueri
2164 2607 2530 2660 nativitatem
2553 2607 2809 2662 maximo
2831 2608 3045 2679 gaudio
3064 2609 3366 2680 perfusus,
3390 2627 3526 2666 eum

1876 2696 2156 2765 Josaphat
2170 2695 2499 2749 nominavit
2517 2713 2529 2763 ;
2549 2696 2813 2765 atquead
2844 2696 3141 2753 idolorum
3164 2699 3390 2770 templa
3416 2699 3530 2756 de-

1877 2800 2047 2839 mens
2078 2800 2141 2838 se
2161 2784 2434 2851 contulit,
2458 2789 2524 2838 ut
2545 2783 3014 2841 dementioribus
3030 2788 3322 2843 sacriﬁcia
3342 2789 3530 2843 oﬁ'er-

1878 2878 1987 2940 ret,
2012 2872 2336 2944 laudesque
2358 2873 2433 2928 ad
2465 2873 2755 2929 edendam
2776 2875 2924 2946 grati
2942 2876 3128 2931 animi
3144 2876 3533 2948 signiﬁcatio-

1877 2978 2017 3017 nem
2039 2962 2401 3034 persolveret
2421 2979 2433 3016 :
2457 2963 2736 3035 ignorans
2756 2963 3041 3019 nimirum
3056 2964 3334 3035 quisnam
3349 2965 3531 3021 bono-

1877 3060 2009 3098 rum
2032 3043 2302 3098 omnium
2322 3059 2456 3098 vere
2478 3048 2684 3099 auctor
2700 3049 2880 3111 esset,
2903 3043 2980 3100 ad
3009 3062 3188 3117 quem
3213 3045 3525 3117 spirituale

1878 3133 2237 3189 sacriﬁcium
2259 3132 2527 3188 adhiberi
2550 3132 2810 3188 deberet.
2836 3132 2943 3188 Ille
2982 3134 3163 3207 igitur
3196 3134 3377 3191 rebus
3400 3136 3528 3191 ina-

1879 3224 2059 3279 nimis
2081 3229 2138 3278 et
2156 3222 2352 3278 surdis
2372 3223 2479 3277 ﬁlii
2501 3228 2696 3278 ortum
2719 3228 3029 3295 acceptum
3050 3223 3270 3292 ferens,
3290 3241 3532 3297 quaqua

1803 3301 1845 3368 C
1886 3329 2121 3368 versum
2153 3312 2350 3367 missis
2382 3312 2609 3366 nuntiis
2628 3310 2864 3383 plebem
2891 3312 2964 3368 ad
2987 3313 3118 3385 ejus
3140 3314 3412 3370 natalitia
3432 3330 3532 3370 ce-

1880 3402 2167 3460 lebranda
2188 3402 2512 3475 cogendam
2528 3401 2790 3456 curabat.
2817 3402 2898 3456 Ac
2919 3418 3163 3459 cernere
3187 3409 3531 3460 eratomnes

1880 3495 2036 3567 regis
2056 3497 2219 3547 metu
2234 3491 2605 3546 conﬂuentes
2619 3507 2942 3562 secumque
2962 3508 3031 3547 ea
3051 3509 3185 3563 qua:
3202 3492 3276 3549 ad
3297 3494 3526 3549 sacriﬁ-

1883 3584 2040 3639 cium
2062 3580 2507 3637 accommodata
2535 3585 2705 3635 erant
2733 3580 3072 3648 afferentes,
3103 3598 3210 3653 pro
3241 3582 3536 3655 cujusque

1884 3672 2114 3729 scilicet
2139 3671 2490 3727 facultatum
2513 3669 2778 3734 modulo,
2805 3674 2983 3741 atque
3015 3686 3152 3743 erga
3178 3688 3316 3727 eum
3348 3671 3534 3728 bene—

1883 3762 2160 3817 volentia.
2186 3761 2523 3815 Praasertim
2540 3765 2741 3815 autem
2763 3759 2890 3831 ipse
2913 3760 3190 3816 stimulos
3211 3762 3297 3817 eis
3313 3761 3387 3818 ad
3407 3777 3535 3818 mu-

1885 3846 2255 3902 niﬁcentiam
2304 3843 2674 3911 admovebat,
2726 3848 2794 3899 ut
2837 3843 2940 3915 qui
2976 3845 3451 3916 quamplurimas
3483 3849 3542 3901 et

1886 3938 2179 3994 maximos
2208 3936 2384 3991 boves
2414 3934 2763 3990 mactandos
2785 3935 3046 3991 offerret.
3067 3937 3260 4006 Atque
3290 3935 3366 3992 ad
3382 3937 3542 3992 hunc

1887 4027 2130 4084 modum
2162 4025 2640 4080 luculentissimo
2669 4021 2821 4079 festo
2851 4030 3115 4095 peracto,
3148 4041 3378 4092 omnes,
3417 4030 3539 4081 tam

1889 4118 1990 4189 qui
2022 4115 2306 4172 senatorii
2352 4114 2578 4169 ordinis
2613 4118 2785 4169 erant
2811 4115 3279 4187 magistratuque
3323 4114 3534 4186 funge-

1887 4208 2124 4263 bantur.
2147 4221 2325 4275 quam
2341 4204 2599 4258 militum
2614 4219 2859 4259 manum
2872 4207 3049 4273 atque
3070 4203 3252 4259 etiam
3274 4201 3541 4274 plebeios

1890 4304 1949 4354 et
1972 4295 2261 4370 ignobiles
2291 4292 2680 4365 amplissimis
2709 4292 2880 4348 donis
2902 4293 3394 4363 prosequebatur.

1960 4389 2027 4441 In
2047 4387 2172 4458 ipso
2187 4388 2384 4439 autem
2398 4382 2807 4437 natalitiorum
2831 4381 2940 4436 ﬁlii
2962 4381 3217 4437 solemni
3237 4381 3332 4437 die
3356 4380 3545 4437 delec-

1889 4475 2059 4532 tiviri
2080 4474 2315 4529 circiter
2334 4470 2785 4543 quinquaginta,
2825 4470 2926 4541 qui
2949 4470 3011 4525 in
3035 4486 3104 4526 ea
3146 4470 3541 4527 Chaldeorum

1892 4564 2202 4637 sapientia,
2223 4578 2353 4633 qua:
2372 4561 2432 4615 in
2451 4559 2890 4631 conspiciendis
2919 4560 3317 4632 notandisque
3341 4560 3545 4616 sideri-

150 4666 241 4716 τῶν
269 4664 560 4723 Χαλδαίων
594 4664 964 4741 ἐσχολακότες
996 4662 1207 4742 σοφίαν.
1242 4662 1345 4720 Καὶ
1373 4662 1600 4718 τούτους
1629 4661 1775 4735 ἐγγυ-

1895 4655 2003 4711 bus
2016 4657 2299 4717 versatur,
2321 4649 2582 4705 studium
2600 4655 2777 4720 atque
2794 4664 3036 4721 operam
3059 4649 3443 4717 collocarent,
3467 4648 3543 4705 ad

150 4751 273 4807 τίτω
307 4756 797 4830 παραστησάμενος
855 4756 882 4809 6
940 4750 1195 4830 βασιλεὺς
1251 4753 1506 4828 ἀνηρώτα
1564 4751 1788 4824 ἐξέιπεῖν

154 4836 347 4898 ἕκαστον
376 4845 428 4901 τί
462 4846 665 4918 μέλλει
698 4839 906 4908 ἔσεσθαι
935 4844 998 4899 τὸ
1027 4842 1279 4917 γεννηθὲν
1339 4841 1485 4914 αὖτῷ
1540 4838 1782 4897 παιδίον.

150 4932 208 4986 Οἱ
234 4930 304 5001 δἐ,
335 4934 522 4991 πολλᾶ
554 4933 1004 5009 διασκεψάμενοι,
1031 4929 1220 5007 ἔλεγον
1259 4933 1420 5009 μέγαν
1470 4930 1629 4987 αὐτὸν
1671 4924 1785 4985 ἔσε-

152 5021 253 5076 σθαι
273 5020 322 5078 ἔν
365 5045 422 5081 τε
468 5024 708 5098 πλούτῳ
762 5024 853 5079 καὶ
910 5022 1212 5095 δυναστείᾳ,
1271 5023 1362 5078 καὶ
1421 5017 1783 5095 ὑπερϐάλλειν

150 5112 326 5176 πὶντας
353 5114 482 5179 τοὺς
533 5115 649 5191 πρὸ
700 5111 865 5171 αὒτοῦ
912 5108 1386 5192 βεϐασιλευκότας.
1440 5112 1532 5175 Εἷς
1566 5109 1625 5167 δὲ
1674 5113 1783 5165 τῶν

209 5298 577 5375 ‘Cor.
614 5303 713 5375 τά
729 5301 805 5375 lg:
837 5297 1148 5375 Μαρτῦριον
1179 5303 1278 5367 τῆς
1307 5291 1691 5367 συνειδήσεως.

210 5368 522 5444 (56)Ἐρίεῐ.
558 5371 637 5427 ad
668 5372 880 5444 Ephes.
913 5368 988 5438 vi,
1024 5368 1111 5444 l2.

1896 4761 2094 4817 regem
2121 4741 2708 4806 convenerunt.Quos
2745 4756 2879 4795 cum
2915 4756 3019 4795 rex
3059 4739 3334 4812 proprius
3365 4739 3440 4795 ad
3479 4756 3541 4796 se

1896 4835 2176 4891 accedere
2187 4832 2489 4904 jussisset,
2508 4830 2581 4885 de
2601 4830 2852 4903 singulis
2868 4828 3546 4902 percunctabaturquid-

1897 4942 2035 4982 nam
2058 4922 2284 4995 puerin
2305 4922 2501 4977 lucem
2523 4920 2718 4976 editus
2737 4919 2971 4975 futurus
3017 4918 3294 4976 esset.Illi
3342 4923 3542 4976 autem

1895 5017 2072 5083 longa
2101 5009 2576 5068 consideratione
2616 5008 2839 5078 habita,
2875 5009 3142 5065 futurum
3182 5008 3460 5066 dicebant
3479 5014 3546 5065 ut

1896 5106 2107 5178 opibus
2123 5119 2190 5160 ac
2206 5100 2471 5176 potentia
2485 5099 2932 5172 ﬂoreret,atque
2950 5116 3160 5157 omnes
3174 5100 3279 5173 qui
3294 5115 3544 5174 regnum

649 5425 736 5499 est
928 5425 1249 5520 metricum
1276 5458 1290 5497 :
1324 5440 1558 5520 Ἰωᾴσαφ
1587 5437 1775 5520 γέννης

1889 5436 2106 5520 ὶνταῦθα
2133 5425 2323 5520 βλέπε.

216 5498 426 5594 (δηςρε
459 5514 651 5594 φέρειν
676 5498 1125 5594 ρνοείγξεννίηάε
1157 5520 1373 5594 notam
1387 5512 1461 5568 ad
1492 5498 1775 5594 sjdtipai}

1896 5524 1983 5594 ag.
2020 5498 2439 5594 “181;;hl'iceph.
2500 5500 2944 5594 (ἑτοξςοιέξιεκνιἱ
2968 5502 3156 5594 φηρσὶεῂ
3188 5498 3364 5594 ἳξριρν
3400 5500 3545 5573 ὁμή-

154 5574 285 5659 ρους.
303 5574 441 5659 vita
467 5574 587 5643 lviii
621 5574 756 5642 Jun.
777 5574 951 5659 Δρκοει
977 5604 989 5641 :

1101 5606 1176 5639 ων
1211 5585 1327 5655 μεθ’
1360 5572 1551 5638 ἑαυτοῦ
1723 5581 1775 5633 υἱ

1889 5572 2071 5655 αὐτοῦ.
2113 5578 2336 5655 Ῥουιεει
2391 5572 2899 5655 ροειίεξτιήῃὸορὶιζ
2914 5574 3106 5655 Aj._‘63
3142 5587 3179 5655 τι
3204 5572 3460 5655 norma;
3485 5590 3546 5627 τε

154 5598 285 5652 ρους.
316 5585 441 5641 Vita
467 5585 587 5643 Nili
621 5585 756 5642 Jun.
790 5585 989 5659 p.98:
1037 5585 1176 5658 έρων
1211 5585 1327 5655 μεθ’
1360 5585 1551 5638 ἑαυτοῦ
1579 5585 1671 5635 τὸν
1723 5585 1838 5633 υἱὸν
1889 5585 2071 5631 αὑτοῦ.
2136 5585 2336 5664 Ροηῑεει
2393 5585 2646 5657 conferri
2703 5585 2877 5644 δορυ.
2914 5585 3004 5646 Aj.
3034 5585 3106 5657 οὗ
3142 5587 3156 5626 :
3212 5585 3460 5644 ιιοιμνας
3485 5590 3542 5627 τε

153 5652 308 5731 ἰάσεις
338 5654 388 5731 ἐς
418 5654 633 5731 δρμεξυς
654 5656 960 5731 κομίζεται.
993 5606 1157 5715 fdem
1190 5662 1339 5731 Ante
1371 5660 1512 5731 575}
1548 5650 1694 5708 ἀλλὰ
1723 5646 2124 5731 νινῌΚυμίζετ⁷
2175 5665 2356 5729 ξ’.σω,.
2388 5640 2591 5731 δίλωες.
2654 5643 2738 5699 Ib.
2769 5646 2903 5731 ⁸4ίίς2
2936 5660 2951 5699 :
2986 5649 3062 5727 Συ
3113 5642 3253 5731 ’μὶνὶ
3274 5643 3542 5731 κομίζοιξ

155 5721 205 5803 av
234 5715 416 5781 σαυτὸν
445 5715 940 5803 {sustentans
970 5729 1248 5788 Varronis
1269 5729 1349 5787 De
1379 5730 1424 5785 1.
1458 5728 1582 5785 Lat.
1614 5743 1771 5801 v1,p.

1889 5715 1962 5779 ;‹‹’
1987 5718 2231 5779 Lemnia
2260 5716 2393 5790 quis
2425 5722 2490 5774 tu
2537 5732 2601 5774 es
2629 5716 2902 5775 mortalis
2959 5716 3062 5791 qui
3109 5715 3173 5773 in
3221 5715 3457 5775 deserta
3486 5719 3545 5771 et

153 5799 300 5860 tesca
326 5804 383 5859 te
410 5799 695 5876 apportes
723 5801 901 5861 loca?

3945 520 3947 569 4

3946 576 3947 617 ι

3946 632 3947 695 1
