3952 6202
200 350 285 407 881
1358 356 1532 408 νιτΑ
1567 353 1809 407 BARLA

1990 353 2050 406 IT
2083 352 2405 407 JOASAPH

3483 352 3592 408 882

199 474 457 548 σωτηρίαν
496 518 512 544 ,
571 475 649 538 ὡς
693 476 808 530 οἶόν
864 495 943 542 τε,
1002 474 1491 551 ὲμπορευνόμενος,
1554 474 1811 538 λανθάνωπ

1990 475 2139 530 .udio
2158 476 2361 531 dabat:
2386 476 2615 531 occulte
2634 481 2850 541 tamen,
2868 473 2941 529 ob
2964 474 3117 546 regis
3134 490 3354 529 meum.
3370 476 3587 541 Quam-

190 563 249 631 ἦν
277 561 362 618 διὰ
384 564 479 619 τὸν
514 559 683 641 φόϐον
712 568 811 619 τοῦ
846 563 1135 638 βασιλέως.
1165 566 1322 621 ’Όθεν
1373 565 1537 631 τινες,
1596 571 1698 632 τῆς
1754 561 1831 626 εἶ’ς

188 653 531 729 τὸνβασιλέα
577 653 882 729 παῤῥησίας
927 675 1105 726 τούτῳ
1158 656 1539 729 βασκήναντες,
1599 650 1828 707 διαϐάλ-

188 741 474 800 λειναύτὸν
534 743 833 815 ἐμελέτων,
862 744 951 797 καὶ
1008 749 1168 798 τοῦτο
1226 742 1409 804 αὐτοῖς
1468 741 1556 797 διὰ
1609 741 1825 819 φροντί-

194 830 264 894 δος
295 835 359 904 ἦν
395 837 527 905 (60).
564 833 665 889 Καὶ
722 830 786 903 δή
818 853 949 887 ποτε
1008 835 1143 906 πρὸς
1202 834 1371 908 θήραν
1432 831 1702 904 ἐξελθόντι
1751 834 1829 900 τῷ

193 921 393 998 βασιλεῖ
424 922 559 994 μετὰ
586 929 688 991 τῆς
721 926 985 993 συνήθους
1014 922 1159 993 αὐτῷ
1219 920 1568 999 δορυφορίας,
1626 920 1700 981 εἷς
1757 921 1823 989 ἧν

191 1016 280 1067 τῶν
314 1018 691 1087 ωνθηρευτῶν
735 1012 826 1067 καὶ
877 1013 904 1066 ὁ
936 1012 1134 1086 ἀγαθὸς
1194 1010 1397 1074 ἐκεῖνος
1447 1011 1602 1085 ἀνὴρ.
1666 1014 1827 1085 Περι-

190 1106 431 1157 πατοῦντι
466 1100 522 1157 δὲ
552 1100 700 1174 αύτῴ
758 1101 895 1156 κατᾶ
954 1101 1145 1174 μόνας,
1180 1101 1238 1156 ἐκ
1267 1101 1409 1163 Θείας
1467 1098 1628 1155 τοῦτο
1688 1119 1823 1173 συμέ

186 1184 295 1257 ϐὰν,
350 1191 426 1255 ὡς
476 1190 655 1263 οἶμαι,
715 1190 1082 1264 οἰκονομίας,
1142 1190 1375 1266 εὑρίσκει
1434 1188 1714 1264 ἄνθρωπον
1770 1188 1821 1244 ἐν

189 1279 363 1354 λόχμῃ
417 1280 521 1334 τινὶ
571 1281 710 1335 κατὰ
766 1286 872 1354 γῆς
928 1279 1284 1355 ἔρῥιμμένον,
1336 1280 1425 1335 καὶ
1483 1276 1671 1341 δεινῶς
1730 1280 1820 1332 τὸν

190 1367 316 1423 πόδα
340 1369 443 1424 ὑπὸ
472 1369 664 1440 θηρίου
697 1372 796 1427 22
838 1372 1313 1442 συντετριμμένον,
1344 1370 1425 1437 ὃς,
1475 1366 1606 1423 ἱδῶν
1662 1367 1820 1421 αὐτὸν

195 1458 456 1531 παριόντα,
512 1456 777 1513 ἐδυσώπει
836 1461 911 1531 μὴ
983 1456 1381 1533 παραδραμεῖν,
1438 1455 1564 1511 ἀλλ’
1624 1456 1821 1511 οἰκτεῖ-

194 1567 271 1622 ραι
300 1547 450 1602 αὐτὸν
481 1554 582 1617 τῆς
611 1552 916 1626 συμφορᾶς,
947 1548 1036 1601 καὶ
1087 1547 1162 1609 είς
1186 1549 1278 1602 τὸν
1319 1545 1462 1600 ’ίδιον
1520 1546 1817 1620 ἀπαγαγεῖν

193 1638 344 1705 οἷκον,
378 1639 488 1709 ἅμα
519 1639 605 1691 καὶ
637 1641 799 1692 τοῦτο
858 1636 1193 1709 προστιθεὶς,
1255 1637 1328 1698 ὡς
1389 1635 1502 1692 Οὐκ
1558 1634 1820 1703 ἀνόνητός

195 1749 269 1782 σοι
319 1728 401 1783 καὶ
457 1727 741 1789 παντελῶς
802 1728 1148 1803 ἀνενέργητος
1183 1773 1196 1797 ,
1257 1724 1417 1804 φησῖν
1456 1771 1469 1795 ,
1546 1726 1814 1801 εὑρεθείην

189 1815 304 1889 ἐγώ.
335 1817 391 1874 Ὀ
422 1813 480 1872 δὲ
513 1816 768 1890 λαμπρὸς
793 1814 997 1880 ἐκεῖνος
1051 1816 1186 1891 ἀνὴρ
1246 1813 1394 1890 λέγει
1445 1814 1608 1885 αὐτῷ’
1672 1815 1810 1890 Ἐγὼ
1846 1845 1890 1910 Β

193 1904 277 1975 μὶν
307 1902 371 1959 δι’
400 1905 561 1961 αὐτοῦ
588 1910 687 1960 τοῦ
716 1904 888 1960 καλοῦ
934 1907 1032 1975 τήν
1080 1907 1236 1983 φύσιν
1297 1903 1694 1980 προσλήψομαί
1754 1926 1810 1958 σε

186 1995 267 2047 καὶ
312 1994 609 2071 θεραπείας,
672 1996 771 2064 ὅση
834 1991 1087 2067 δύναμις,
1146 1993 1379 2064 ιίιξιώσω⁹
1441 1991 1588 2047 ἀλλὰ
1632 1991 1716 2054 τίς
1772 1995 1806 2062 ἡ

188 2077 394 2153 ὄνησις,
450 2086 517 2155 ἣν
575 2085 723 2160 παρᾶ
778 2088 873 2138 σοῦ
920 2105 1012 2156 μοι
1066 2080 1275 2147 ἔσεσθαι
1329 2080 1574 2158 gamma;
1633 2083 1693 2138 Ὀ
1753 2079 1809 2136 δὲ

186 2173 338 2240 πένης
362 2172 556 2236 ἐκεῖνος
614 2172 706 2228 καὶ
766 2173 1013 2244 ἆσΟενής,
1073 2174 1233 2248 Ἐγὼ,
1293 2171 1478 2249 φησὶν,
1533 2168 1809 2244 ἅνθρωπός

187 2258 292 2332 εἶμι
314 2263 635 2335 θεραπευτής
682 2261 966 2337 ῥημάτων·
1018 2262 1062 2316 εί
1119 2266 1221 2337 γάρ
1282 2281 1415 2315 ποτε
1464 2260 1514 2314 ἐν
1576 2259 1809 2336 ῥήμασιν

182 2347 216 2415 ἣ
246 2349 474 2421 ὁμιλίαις
509 2350 699 2427 πληγή
731 2373 813 2413 τις
845 2352 879 2421 ἢ
912 2356 1151 2413 κάκωσις
1202 2350 1465 2425 εὑρεθείη,
1526 2348 1806 2419 καταλλή-

184 2435 288 2499 λοις
334 2441 634 2516 φαρμάκοις
712 2445 878 2495 ταῦτα
946 2440 1279 2515 θεραπεύσω,
1332 2444 1429 2495 τοῦ
1486 2441 1561 2511 μὴ
1619 2458 1807 2513 περαι-

184 2525 311 2601 αέρω
337 2530 394 2584 τὸ
438 2530 604 2585 κακὸν
659 2536 935 2606 χωρῆσαι·
968 2530 1029 2587 Ὀ
1095 2530 1186 2603 μὲν
1247 2531 1335 2584 οὖν
1397 2523 1619 2596 εὐσεϐὴς
1670 2529 1806 2601 ἀνὴρ

180 2614 367 2679 ἐκεῖνος
394 2619 454 2673 τὸ
486 2617 680 2675 Λεχθέν
724 2620 837 2673 ἀντ’
883 2616 1103 2683 οὐδενὸς
1155 2621 1429 2693 ἡγήσατο,
1489 2617 1690 2672 ἐκεῖνον
1750 2614 1807 2671 δὲ

182 2702 262 2760 δια
315 2709 406 2776 τὴν
464 2707 693 2777 ἐντολὴν
766 2709 1063 2784 ἀπαγαγεῖν
1124 2706 1309 2763 οἷ’καδε
1359 2706 1806 2783 παρεκελεύσατο,

179 2795 391 2865 καὶτῆς
438 2797 830 2873 προσηκούσης
886 2797 1202 2871 ἐπιμελείας
1261 2798 1363 2853 οὐκ
1427 2796 1804 2870 ἀπεστέρησεν.

182 2883 239 2939 Οἱ
288 2882 343 2939 δὶ
388 2887 932 2962 προμνημονεθέντες
983 2888 1234 2962 φθονεροὶ
1298 2886 1492 2941 ἐκεῖνοι
1552 2885 1641 2939 καὶ
1712 2886 1807 2961 βάς

185 2992 373 3041 σκανοι,
403 2977 468 3044 ἣν
499 2974 671 3031 παλαι
703 2971 894 3032 ὤδινον
923 2976 1109 3031 κακίαν
1152 2976 1227 3038 εἰς
1287 2979 1402 3049 φῶς
1459 2973 1809 3049 προενεγκόν-

181 3080 283 3128 τες,
316 3059 662 3121 διαϐάλλουσι
693 3067 783 3121 τὸν
831 3062 995 3141 ἄνδρα
1047 3067 1183 3140 πρὸς
1238 3066 1329 3120 τὸν
1357 3063 1603 3139 βασιλέα,
1636 3064 1709 3126 ὡς
1743 3064 1805 3118 ού

185 3149 358 3223 μόνον,
385 3161 480 3223 τῆς
510 3153 677 3209 αὐτοῦ
712 3152 897 3231 φιλίας
955 3154 1374 3227 ἐπιλαθόμενος,
1428 3154 1679 3227 ἠλὸγησε
1705 3160 1805 3223 τῆς

180 3241 303 3309 πρὸς
334 3241 448 3304 τοὺς
506 3244 662 3307 θεοὺς
718 3244 1000 3320 θεραπείας
1050 3245 1139 3299 καὶ
1188 3244 1326 3319 πρὸς
1381 3242 1806 3315 Χριστιανισμὸν

182 3327 459 3399 ἀπέκλινεν,
494 3331 643 3387 ἀλλὰ
690 3334 778 3387 καὶ
834 3331 984 3388 δεινὰ
1036 3344 1171 3389 κατα
1225 3341 1327 3402 τῆς
1385 3332 1548 3387 αὐτοῦ
1612 3331 1811 3405 μελετᾷ

186 3414 463 3491 βασιλείας,
493 3422 587 3475 τὸν
622 3420 797 3496 ἀχλον
849 3419 1181 3500 διαστρέφων
1241 3422 1331 3476 καὶ
1380 3423 1553 3493 ἑαυτῷ
1610 3422 1810 3485 πάντας

185 3504 556 3581 οἰκειούμενος.
609 3509 785 3581 Ἀλλ’,
846 3512 891 3567 εἷ
954 3510 1164 3586 βούλει,
1217 3511 1370 3583 φησὶ,
1443 3507 1808 3587 βεϐαιωθῆναι

185 3593 342 3664 μηδὲν
416 3602 565 3671 ἡμᾶς
651 3598 1035 3674 πεπλασμένον
1105 3600 1282 3676 λέγειν
1316 3646 1329 3669 ,
1388 3598 1587 3662 καλέας
1648 3600 1807 3655 αὐτὸν

182 3680 367 3755 ἰδίως,
425 3688 540 3744 εἷπε
597 3691 868 3762 πειράζων
926 3689 1211 3765 βούλεσθαί
1273 3712 1367 3759 σε,
1444 3689 1810 3745 καταλιπόντα

178 3774 273 3841 τήν
304 3776 518 3853 πάτριον
551 3778 837 3854 θρησκείαν
888 3779 977 3834 καὶ
1008 3781 1107 3848 τήν
1142 3776 1295 3851 δόξαν
1349 3786 1451 3849 τῆς
1509 3778 1808 3855 βασιλείας,

183 3861 479 3935 Χριστιανὸν
542 3869 839 3943 γενέσθαι,
896 3868 985 3923 καὶ
1041 3869 1104 3923 τὸ
1166 3870 1466 3944 μοναχικὸν
1518 3864 1809 3941 περιϐαλέ-

186 3964 300 4014 σθαι
350 3964 555 4032 σχῆμα,
590 3957 815 4013 ’ὀπάλαι
866 3955 1107 4029 ἐδίωξας,
1169 3960 1242 4020 ὡς
1297 3958 1359 4013 οὐ
1416 3957 1601 4022 καλῶς
1651 3956 1806 4029 δῆθεν

182 4042 362 4099 τούτου
391 4050 487 4104 28
536 4048 928 4123 γεγενημένου.
988 4049 1053 4105 Ol.
1106 4048 1207 4124 γὰρ
1232 4053 1399 4103 ταῦτα
1457 4046 1645 4110 δεινῶς
1676 4047 1811 4102 κατὰ

179 4135 269 4184 τηῦ
302 4132 474 4209 ἀνδρὸς
523 4136 900 4211 σκηπτόμενοι
948 4133 1169 4206 ἥδεισαν
1217 4144 1314 4207 τῆς
1370 4135 1533 4192 αὐτοῦ
1583 4138 1810 4212 γνώμης

180 4221 273 4288 τὴν
318 4224 696 4281 εὖκατάνυκτον
751 4225 1088 4302 προαίρεσιν,
1144 4225 1241 4294 ὡς,
1296 4226 1344 4281 εἴ
1394 4231 1617 4281 τοιαῦτα
1665 4225 1811 4300 παρᾶ

178 4313 269 4364 τοῦ
321 4313 579 4388 βασιλέως
638 4316 912 4372 ἀκούσειεν
945 4360 961 4388 ,
1021 4314 1209 4388 ἐκείνῳ
1270 4317 1365 4389 μὲν
1412 4315 1479 4371 τὰ
1534 4314 1809 4392 κρείττονα

184 4397 582 4479 βουλευσαμένῳ
610 4406 837 4481 γνώμην
898 4403 1088 4460 δώσεις
1121 4406 1197 4477 μή
1258 4400 1618 4469 ἀναϐαλέσθαι
1673 4407 1809 4481 πρὸς

182 4487 242 4541 “ti
268 4492 434 4557 καλῶς
492 4490 923 4571 βεϐουλευμένα,
983 4495 1073 4549 καὶ
1130 4494 1189 4550 ἐκ
1244 4495 1439 4551 τούτου
1487 4494 1664 4567 ἀληθῆ
1720 4496 1812 4551 λέ-

182 4595 348 4650 γοντες
377 4582 563 4640 ἐκεῖνοι
596 4582 880 4661 εὒρεθεῖεν.

252 4846 305 4904 Ὀ
333 4846 385 4905 δὲ
416 4850 691 4927 βασιλεὺς,
722 4853 822 4919 τὴν
853 4855 951 4906 τοῦ
983 4849 1176 4928 ἀνδρὸς
1212 4852 1348 4926 πρὸς
1405 4852 1563 4907 αὐτὸν
1598 4849 1807 4908 εὔνοιαν

195 4931 343 5007 ὖπᾶση
378 4942 451 5012 μὴ
482 4940 712 5015 ἀγνοῶν,
769 4940 1002 5004 ἀπίθανά
1041 4961 1099 4996 τε
1155 4942 1347 5015 ⁴ἡγεῖτο
1404 4939 1493 4994 καὶ
1542 4938 1712 5014 ψευδῆ
1745 4941 1811 4996 τὰ

191 5017 454 5099 λεγόμενα,
510 5029 601 5084 καὶ
660 5028 741 5085 ὅτι
805 5031 880 5102 μή
929 5024 1293 5091 ἀϐασανίστως
1354 5033 1521 5084 ταῦτα
1576 5028 1810 5104 προσδέ-

193 5116 353 5184 χεσθαι
385 5115 484 5184 δεῖ,
519 5114 810 5191 δοκιμάσαι
844 5118 907 5173 τὸ
954 5124 1180 5192 πρᾶγμα
1235 5120 1321 5172 καὶ
1377 5119 1478 5187 τὴν
1538 5114 1808 5187 διαϐολὴν

191 5196 496 5264 δεεσκέλατο.
540 5212 660 5274 Καὶ,
718 5206 1228 5281 προσκαλεσάμενος
1264 5206 1421 5262 αὐτὸν
1481 5209 1611 5281 κατ’.
1648 5205 1808 5281 ἰδίαν,

192 5284 272 5367 iam
302 5298 589 5369 πειράζῳν·
624 5293 808 5366 Οἶδας,
855 5297 900 5350 ὥ
930 5294 1076 5374 φίλε,
1137 5295 1234 5350 ὅσα
1291 5294 1633 5369 ἐνεδειξάμην
1693 5304 1809 5360 τοῖς

186 5399 233 5434 τε
258 5388 571 5460 λεγομένοις
608 5388 902 5459 μονάζουσι
934 5388 1026 5441 καὶ
1084 5392 1213 5441 πᾶσι
1270 5392 1389 5449 τοῖς
1438 5393 1809 5461 Χριστιανοῖς.

187 5470 399 5547 Νυνὶδέ,
438 5475 752 5550 μετάμελος
783 5476 871 5531 ἐπὶ
923 5476 1102 5548 τούτῳ
1159 5476 1447 5553 γενόμενος
1504 5479 1593 5532 καὶ
1651 5499 1811 5533 κατα-

1940 566 2140 620 obrem
2166 566 2464 634 nonnulli,
2498 566 2572 620 ob
2607 582 2734 621 eam
2768 582 2885 636 qua
2915 564 3072 635 apud
3100 579 3298 635 regem
3331 563 3591 634 pollebat

1939 656 2351 711 auctoritatem
2386 656 2497 726 ipsi
2527 656 3034 721 invidentes,eum
3065 653 3369 707 criminari
3393 653 3593 707 stude-

1939 743 2179 809 bant,ac
2199 762 2577 816 summopere
2601 744 3047 800 laborabant.Et
3068 742 3310 813 quidem
3332 758 3468 797 eum
3490 758 3592 797 rex

1938 834 2258 904 aliquando
2292 835 2614 890 satellitum
2647 851 2825 889 manu
2857 851 2961 904 pro
2978 849 3257 887 suamore
3277 832 3589 903 septus,ad

1938 924 2308 978 venationem
2333 925 2630 995 profectus
2648 924 2947 988 fuisset,in
2969 927 3312 976 venatorum
3337 937 3587 975 numero

1937 1012 2157 1084 probus
2172 1013 2272 1067 ille
2298 1013 2385 1066 vir
2398 1018 2541 1068 erat.
2559 1013 2703 1067 Cum
2717 1018 2914 1068 autem
2938 1012 3063 1081 ipse
3079 1010 3239 1065 solus
3253 1009 3587 1065 ambularet

1937 1102 2176 1173 (divino,
2192 1103 2502 1174 utopinor,
2522 1103 2867 1158 consilioita
2882 1102 3149 1170 ferente),
3172 1100 3476 1155 hominem
3491 1099 3584 1153 in-

1936 1192 2252 1247 terdensas
2271 1192 2518 1247 arbores
2534 1192 2700 1247 humi
2727 1196 3110 1263 prostratum,
3136 1206 3203 1245 ac
3236 1189 3385 1261 pede
3407 1205 3442 1243 θ,
3462 1187 3588 1244 fera

1936 1281 2189 1353 quadam
2220 1282 2473 1354 graviter
2503 1282 2847 1350 contritum,
2890 1280 3158 1336 offendit.
3202 1279 3309 1345 Qui
3342 1279 3585 1350 quidem

1934 1370 2128 1441 ipsum
2144 1376 2602 1442 praetereuntem
2616 1370 3161 1442 intuens,precibus
3174 1369 3245 1424 ab
3262 1385 3329 1424 eo
3345 1373 3584 1424 conten-

1933 1458 2193 1513 debatne
2222 1477 2282 1514 se
2297 1460 2861 1530 prieteriretmerum
2887 1458 3242 1513 calamitatis
3257 1475 3378 1512 sum
3402 1458 3581 1512 mise-

1932 1548 2160 1603 ratione
2182 1549 2541 1614 afficeretur,
2567 1555 2743 1618 atque
2758 1549 2818 1601 in
2836 1548 3077 1602 domum
3094 1563 3260 1602 suam
3280 1544 3583 1601 abducen-

1930 1637 2072 1691 dum
2105 1645 2356 1693 curaret.
2406 1638 2591 1692 Simul
2643 1639 2823 1693 etiam
2872 1638 3021 1692 illud
3067 1636 3357 1707 adjunxit,
3410 1652 3579 1689 suam

1929 1744 2169 1797 operam
2185 1728 2295 1798 ipsi
2312 1744 2431 1781 non
2446 1744 2688 1798 prorsus
2702 1727 2975 1782 inutilem
2987 1732 3161 1797 atque
3178 1727 3416 1779 inanem
3431 1724 3577 1780 fore.

1929 1816 2254 1872 Praeclarus
2285 1822 2479 1871 autem
2497 1816 2595 1871 ille
2614 1817 2698 1870 vir
2720 1817 2772 1871 ei
2792 1816 2940 1871 dixit
2964 1833 2977 1870 :
3004 1814 3293 1885 Equidem
3318 1814 3442 1883 ipse
3461 1812 3577 1866 vir-

1924 1907 2065 1961 tutis
2100 1906 2294 1960 studio
2316 1912 2493 1976 atque
2526 1922 2726 1961 amore
2746 1911 2801 1961 te
2829 1921 3150 1968 assumam,
3171 1904 3376 1973 tuique
3393 1917 3576 1973 quam

1917 1996 2238 2051 maximam
2252 2001 2457 2066 potero
2477 2012 2678 2051 curam
2698 2012 2919 2068 geram.
2936 1996 3150 2048 Verum
3185 2009 3315 2064 quae
3332 1990 3572 2046 tandem

1921 2093 2011 2142 est
2040 2088 2165 2141 haec
2197 2086 2424 2141 utilitas
2458 2104 2635 2156 quam
2658 2086 2763 2140 abs
2787 2092 2841 2141 te
2864 2086 2938 2141 ad
2956 2102 3050 2139 me
3081 2083 3407 2138 redituram
3440 2096 3569 2136 esse

1919 2177 2006 2232 ais
2028 2177 2055 2231 ?
2083 2178 2315 2247 Pauper
2345 2181 2543 2231 autem
2574 2176 2672 2230 ille
2706 2181 2765 2229 et
2794 2174 3150 2230 imbecillis:
3183 2175 3323 2244 Ego,
3354 2171 3569 2241 inquit,

1920 2265 2294 2321 sermonibus
2323 2265 2479 2319 lassis
2512 2265 2744 2320 medeo.
2779 2266 2920 2319 Nam
2947 2263 2995 2318 si
3025 2261 3263 2333 quando
3285 2261 3347 2315 in
3376 2258 3570 2314 verbis

1920 2361 2021 2411 aut
2041 2355 2343 2425 colloquia
2358 2354 2571 2409 vulnus
2588 2353 2829 2425 aliquod
2849 2359 2951 2408 aut
2970 2351 3190 2407 afﬁctio
3216 2349 3570 2414 inveniatur,

1918 2444 2341 2499 consentaneis
2358 2441 2809 2498 medicamentis
2828 2457 2895 2495 ea
2908 2455 3144 2506 curo,ac
3158 2454 3230 2494 ne
3245 2436 3468 2493 malum
3482 2433 3574 2488 ul-

1920 2534 2104 2588 terius
2118 2531 2782 2603 serpatprohibeo.Pius
2797 2531 2997 2600 itaque
3011 2528 3111 2583 ille
3127 2528 3213 2583 vir
3226 2540 3569 2598 quanquam

1919 2622 1977 2675 id
1996 2622 2153 2692 quod
2174 2622 2405 2676 dixerat
2421 2621 2645 2675 nullius
2670 2619 2956 2673 momenti
2979 2619 3242 2684 duceret,
3262 2622 3461 2671 tamen
3484 2613 3575 2669 di-

1916 2712 2033 2764 vini
2068 2710 2332 2765 mandati
2365 2726 2543 2765 causa
2571 2724 2705 2762 eum
2738 2709 2797 2762 in
2837 2708 3079 2762 domum
3130 2721 3297 2760 suam
3328 2702 3571 2770 deferri,

1919 2800 2090 2869 eique
2122 2816 2299 2870 quam
2316 2815 2421 2869 par
2439 2804 2566 2854 erat
2582 2815 2784 2853 curam
2799 2796 3067 2852 adhiberi
3076 2795 3277 2866 jussit.
3298 2791 3570 2848 Atinvidi

1918 2887 2005 2942 illi
2040 2893 2099 2942 et
2126 2888 2313 2942 livore
2332 2888 2540 2958 perciti
2574 2887 2867 2952 homines,
2889 2885 2961 2939 de
2994 2884 3211 2955 quibus
3233 2886 3368 2937 ante
3385 2880 3568 2935 locuti

1918 2993 2144 3044 sumus,
2170 2976 2611 3048 improbitatem
2628 2974 2938 3045 quamjam
2953 2972 3182 3044 pridem
3196 2968 3577 3043 paturiebant

1916 3067 1979 3121 in
1993 3066 2187 3120 lucem
2214 3065 2625 3137 proferentes,i
2637 3081 2806 3135 psum
2822 3062 2977 3134 apud
2992 3078 3190 3133 regem
3204 3060 3315 3115 hoc
3331 3058 3570 3113 nomine

1919 3160 2222 3221 accusant,
2250 3155 2409 3226 quod
2442 3172 2561 3209 non
2592 3154 2785 3209 solum
2818 3152 3095 3209 amicitia;
3128 3148 3572 3222 ipsiusoblitus,

1921 3244 2167 3299 deorum
2197 3246 2424 3300 cultum
2455 3244 2834 3317 neglexisset,
2867 3249 3044 3313 atque
3075 3240 3150 3297 ad
3172 3239 3570 3296 Christianam

1917 3334 2265 3406 religionem
2283 3335 2551 3390 animum
2575 3334 2921 3401 inﬂexisset,
2945 3348 3148 3387 verum
3173 3329 3350 3385 etiam
3364 3326 3573 3383 adver-

1919 3441 2018 3479 sus
2046 3425 2233 3495 ipsius
2266 3426 2636 3497 majestatem
2658 3423 2859 3496 gravia
2876 3418 3571 3492 moliretur,popularem

1920 3514 2391 3570 scilicetturbam
2407 3519 2768 3585 pervertens,
2794 3513 3185 3582 omniumque
3211 3507 3574 3565 benevolen-

1921 3606 2083 3675 tiam,
2118 3606 2229 3661 sibi
2256 3607 2604 3662 concilians.
2628 3604 2792 3670 Quod
2811 3604 2860 3659 si
2892 3621 2998 3675 pro
3023 3608 3185 3659 certo
3206 3603 3357 3658 scire
3381 3600 3571 3671 cupis,

1919 3695 2219 3767 inquiunt,
2239 3696 2390 3750 nihil
2412 3713 2519 3750 nos
2540 3696 2760 3767 ﬁngere
2784 3700 2960 3763 atque
2975 3691 3364 3755 comminisci,
3380 3688 3574 3761 priva-

1917 3785 2025 3839 tim
2056 3785 2129 3851 ei,
2167 3784 2432 3839 tentandi
2459 3784 2647 3853 ipsius
2679 3800 2878 3848 causa,
2912 3783 3006 3839 dic
3039 3789 3095 3838 te
3127 3783 3336 3839 relicta
3381 3783 3574 3854 patria

1920 3874 2206 3945 religione
2221 3891 2286 3929 ac
2300 3874 2465 3946 regni
2480 3874 2688 3945 gloria,
2705 3874 3100 3928 Christianam
3135 3872 3312 3928 fidem
3333 3873 3569 3944 ample-

1920 3962 2421 4033 cti,habitumque
2452 3962 2871 4029 monasticum,
2901 3979 3078 4033 quem
3111 3961 3254 4017 olim
3286 3968 3571 4033 tanquam

1920 4068 2128 4123 parum
2159 4052 2475 4106 honestum
2492 4057 2840 4121 persecutus
2854 4068 2936 4119 es,
2962 4051 3209 4106 induere
3231 4050 3401 4106 velle.
3426 4054 3571 4107 Nam

1922 4141 2021 4211 qui
2039 4139 2163 4195 hazc
2177 4140 2459 4195 adversus
2472 4140 2662 4194 virum
2677 4139 2847 4195 illum
2863 4140 3147 4195 scelerate
3170 4138 3568 4211 configebant,

1920 4229 2107 4301 ipsius
2120 4230 2303 4284 animi
2320 4229 2659 4283 institutum
2673 4229 2745 4284 ad
2760 4229 3280 4298 compunctionem
3313 4243 3568 4298 propen-

1922 4319 2227 4373 sissimum
2275 4318 2645 4389 exploratum
2693 4316 3025 4382 habebant;
3060 4333 3169 4370 nec
3221 4314 3573 4371 dubitabant

1922 4409 2066 4479 quin
2100 4409 2145 4463 si
2171 4408 2296 4462 hinc
2319 4407 2498 4462 verba
2519 4423 2553 4461 a
2582 4423 2716 4479 rege
2749 4405 3003 4469 audiret,
3038 4404 3236 4459 statim
3267 4403 3380 4475 ipsi
3413 4404 3572 4474 quod

1920 4498 2302 4568 praestantius
2337 4501 2493 4551 esset
2520 4495 2797 4562 suadens,
2818 4499 3023 4549 auctor
3054 4494 3289 4548 futurus
3323 4498 3479 4548 esset
3508 4497 3575 4547 ut

1831 4588 1877 4652 Π
1910 4586 1986 4640 iis
2013 4603 2147 4657 quae
2179 4592 2337 4641 recte
2363 4585 2635 4641 consulta
2659 4589 2876 4649 essent,
2911 4583 3137 4638 nullam
3160 4599 3385 4638 moram
3406 4583 3576 4637 aﬂ‘er-

1916 4680 2208 4746 ret,atque
2233 4676 2371 4730 hinc
2394 4691 2529 4729 vera
2546 4691 2674 4729 esse
2697 4690 2825 4744 quae
2845 4672 3122 4728 dicebant
3142 4672 3570 4727 invenirentur.

1990 4856 2110 4911 Rex
2125 4860 2346 4922 autem,
2375 4871 2493 4927 qua
2517 4855 2605 4909 vir
2622 4855 2723 4910 ille
2750 4871 2886 4927 erga
2909 4872 2969 4909 se
2992 4851 3404 4909 benevolentia
3416 4857 3574 4908 esset

1919 4943 2168 4998 minime
2199 4945 2498 5016 ignorans,
2528 4960 2594 4999 ea
2626 4962 2756 5015 quaa
2780 4942 3132 4999 dicebantur
3153 4941 3569 5014 probabilitate

1918 5033 2079 5087 omni
2112 5050 2311 5088 carere
2343 5050 2410 5088 ac
2439 5033 2587 5088 falsa
2617 5050 2746 5088 esse
2777 5033 3076 5089 censebat.
3111 5034 3310 5103 Neque
3333 5031 3446 5087 sibi
3477 5030 3566 5087 fa-

1916 5122 2193 5177 ciendum
2227 5139 2356 5177 esse
2377 5122 2649 5185 ducebat,
2671 5128 2735 5176 ut
2761 5139 2830 5177 ea
2846 5128 3067 5176 temere
3100 5121 3446 5192 susciperet.
3469 5137 3567 5175 ve-

1914 5230 2046 5267 rum
2071 5228 2193 5266 rem
2219 5213 2409 5283 ipsam
2434 5219 2611 5282 atque
2635 5212 2933 5282 objectum
2957 5211 3187 5267 crimen
3210 5211 3564 5283 exploraret.

1917 5302 2287 5371 Quapropter
2319 5317 2450 5356 eum
2486 5317 2618 5354 eum
2654 5301 2900 5355 remotis
2949 5299 3187 5356 arbitris
3237 5300 3565 5370 accivisset,

1918 5390 2184 5444 tentandi
2209 5390 2398 5460 ipsius
2425 5406 2604 5445 causa
2622 5389 2702 5444 ita
2727 5406 2857 5444 eum
2885 5389 3310 5445 estallocutus:
3334 5390 3513 5447 Nosti.
3535 5407 3568 5446 ο

1918 5479 2130 5541 amice,
2154 5479 2436 5549 quoniam
2452 5478 2626 5534 modo
2642 5478 2950 5535 adversum
2967 5496 3066 5535 eos
3080 5481 3178 5551 qui
3194 5480 3467 5536 monachi
3482 5479 3571 5535 di-

236 5585 345 5659 (60),
370 5585 609 5659 Lemma
640 5585 956 5659 metricum
989 5583 1049 5659 i_n
1082 5584 1358 5659 codiceLA
1386 5603 1398 5640 :
1430 5584 1535 5651 Τήν
1569 5583 1811 5659 βασκανίε

1990 5577 2096 5636 ϐῶν
2129 5579 2336 5659 ἀνδρῶν
2372 5582 2491 5659 ὅρα.

237 5653 352 5731 (ΔΜ)
380 5657 570 5731 Codex
602 5658 664 5724 Ο,
698 5655 758 5710 ἐκ
786 5654 929 5731 Θείας
963 5654 1120 5731 οἶμαι
1150 5652 1359 5731 συμϐὰν
1390 5652 1811 5728 τοῦτοόίκονομ

1990 5661 2036 5710 te
2068 5656 2195 5728 pari
2216 5652 2472 5731 formula
2502 5653 2647 5731 οὕτω
2676 5653 2883 5731 συμϐὰν
2906 5656 3040 5731 vide
3071 5676 3250 5731 supra
3279 5665 3319 5714 ι.
3352 5660 3396 5724 Ι,
3431 5673 3563 5731 pag.

189 5720 287 5793 168,
317 5720 371 5785 Π
399 5746 415 5801 ;
449 5735 489 5785 t.
514 5730 587 5801 II,
619 5720 754 5804 pag.
799 5730 890 5801 47,
943 5720 1032 5784 n.'
1057 5720 1423 5802 Nicephorus
1476 5720 1785 5807 Gregoras,

1990 5720 2177 5799 ικίν,
2237 5730 2291 5797 6,
2352 5732 2422 5786 2:

2478 5723 2688 5806 συμϐὰν
2745 5723 2957 5786 ὀὑτωσὶ
3015 5723 3260 5807 θειοτέρα
3312 5723 3564 5809 «poma.
