4000 6202
422 333 533 390 337
1602 362 1607 365 -
1943 326 2311 386 ADDENDA.
3655 340 3733 396 888

423 460 626 532 aperte
640 457 1078 531 proclamantes
1092 475 1167 513 ne
1184 458 1315 530 quis
1328 456 1504 513 vestri
1518 454 1795 511 diabolici
1810 454 2058 508 instituti

2179 472 2296 506 τινα
2324 458 2427 521 τῆς
2464 453 2617 525 ὑμῶν
2654 451 3082 527 κακοδαιμονίας
3143 452 3274 527 μετὰ
3323 460 3458 529 τρεῖς
3501 456 3675 533 ἡμέρας
3699 462 3739 517 ἒν

422 554 558 627 post
582 548 840 602 triduum
863 548 923 603 in
949 548 1095 603 urbe
1118 554 1219 603 aut
1234 547 1358 602 ulla
1385 546 1548 617 regni
1573 544 1687 599 mei
1711 544 1949 615 regione
1972 543 2065 597 iu-

420 640 849 705 Veniretur,aut
866 639 1088 710 alioqui
1112 656 1351 710 prorsus
1375 638 1494 707 igni
1520 634 1927 692 cremaretur?
1951 636 2069 687 Mo-

419 729 595 783 nachi
627 734 825 784 autem
853 746 865 782 :
916 730 1022 794 En,
1057 728 1356 798 inquiunt,
1386 744 1490 798 pro
1530 743 1597 780 eo
1621 742 1688 780 ac
1712 724 1968 794 jussisti,
2000 739 2069 776 ex

418 817 669 872 urbibus
692 818 809 871 tuis
827 834 892 872 ac
916 817 1256 889 regionibus
1289 816 1650 871 excedimus.
1686 816 1901 867 Verum
1933 828 2067 866 cum

415 905 655 978 longum
684 905 856 961 nobis
888 906 1001 961 iter
1030 907 1401 977 propositum
1425 905 1520 972 sit,
1546 910 1609 959 ut
1631 904 1703 959 ad
1725 903 1935 957 fratres
1960 917 2069 955 no-

414 1002 567 1051 stros
590 996 1057 1066 proficiscamur,
1078 1014 1144 1051 ac
1167 996 1298 1051 cibo
1323 995 1765 1062 careamus,bac
1790 994 1876 1047 via
1904 992 2069 1045 ince-

416 1083 709 1149 dimus,ut
727 1085 897 1139 nobis
917 1085 1128 1140 viatica
1147 1090 1601 1157 suppetant,nec
1619 1084 1771 1137 fame
1791 1082 2066 1137 absuma-

413 1190 568 1230 mur.
602 1176 721 1229 Rex
753 1180 947 1229 autem
981 1175 1206 1245 inquit:
1236 1175 1341 1239 Qui
1374 1174 1581 1228 mortis
1613 1174 1807 1227 minas
1832 1170 2063 1235 metuit,

412 1264 552 1318 huic
566 1264 731 1319 cibos
747 1281 1091 1335 comparare
1107 1265 1354 1319 minime
1370 1261 1822 1318 vacat.Monachi
1843 1265 2062 1314 autem:

415 1353 589 1408 Recte
610 1353 870 1417 dixisti,o
894 1370 1018 1413 rex.
1042 1353 1354 1422 inquiunt:
1376 1353 1475 1422 qui
1501 1356 1749 1405 mortem
1769 1354 2063 1415 metuunt,

414 1440 475 1496 id
511 1448 1009 1512 curant,quonam
1033 1446 1203 1513 pacto
1231 1458 1359 1495 eam
1385 1438 1944 1511 elfugiant.Quinam
1968 1453 2067 1491 au-

420 1535 542 1584 tem
561 1531 620 1584 hi
648 1531 926 1597 sunt,nisi
942 1530 1039 1600 qui
1056 1530 1231 1584 ﬂuxis
1244 1530 1421 1584 rebus
1440 1529 2063 1596 intabescunt,easque

416 1619 493 1673 ad
516 1625 818 1690 stuporem
842 1636 1029 1689 usque
1061 1618 1397 1673 mirantur?
1425 1617 1531 1682 Qui
1565 1618 1803 1688 quidem
1836 1633 1967 1670 cum
2003 1616 2064 1669 in

416 1707 607 1762 altera
635 1708 752 1761 vita
783 1708 1109 1777 quidquam
1137 1708 1275 1761 boni
1318 1724 1446 1761 sese
1478 1712 1901 1761 consecuturos
1932 1720 2061 1759 esse

416 1795 754 1868 desperent,
778 1796 1219 1867 aprmsentibus
1246 1796 1447 1851 divelli
1472 1795 1875 1866 nequeunt,ob
1899 1811 2062 1849 eam-

418 1904 533 1958 que
549 1904 787 1943 causam
802 1894 1053 1942 mortem
1068 1888 1299 1943 timent.
1325 1890 1399 1941 At
1420 1905 1548 1953 nos,
1575 1887 1806 1957 quijam
1826 1885 2056 1957 pridem

415 1976 706 2032 mundum
724 1984 862 2033 etea
876 1995 1006 2048 quze
1026 1978 1084 2031 in
1100 1978 1322 2032 mundo
1344 1977 1627 2031 suntodio
1644 1976 2061 2047 prosequimur

413 2072 761 2136 aretamque
784 2072 841 2119 et
858 2072 1167 2137 angustam
1192 2066 1341 2119 viam
1364 2066 1578 2120 Christi
1602 2082 1779 2119 causa
1801 2064 2062 2136 ingredi—

412 2170 684 2221 mur,nec
705 2155 912 2208 mortis
929 2160 1112 2219 metu,
1130 2170 1240 2209 nec
1263 2156 1647 2225 prmsentium
1670 2170 1869 2208 rerum
1892 2153 2059 2223 cupi-

412 2241 595 2297 ditate
621 2243 918 2297 afficimur
941 2268 954 2309 ;
978 2259 1180 2297 verum
1202 2243 1532 2297 futurarum
1555 2244 1841 2297 duntaxat
1860 2258 2059 2295 rerum

410 2329 707 2386 desiderio
736 2336 1029 2386 tenemur.
1062 2332 1351 2396 Quoniam
1384 2332 1561 2403 igitur
1591 2348 1748 2386 mors
1781 2348 1851 2386 ea
1880 2347 2058 2400 quam

412 2420 587 2474 nobis
619 2420 851 2475 infertis
883 2426 957 2475 ad
1000 2421 1424 2492 sempiternam
1479 2427 1535 2475 et
1583 2421 2057 2491 praestantiorem

409 2509 588 2565 vitam
621 2511 906 2565 transitus
937 2510 1212 2579 efficitur,
1246 2510 1467 2566 idcirco
1508 2510 1817 2581 cupiditati
1864 2510 2058 2581 potius

410 2600 585 2655 nobis
616 2607 706 2655 est
734 2618 913 2672 quam
947 2604 1178 2657 terrori.

484 2689 587 2743 Hic
604 2706 707 2744 rex
724 2707 830 2761 per
845 2689 2056 2760 solertiam,videlicetmonachosarripere

409 2778 857 2849 cupiens,dixit:
873 2779 1160 2845 Quid?An
1180 2797 1299 2835 non
1317 2779 1491 2851 paulo
1510 2785 1645 2834 ante
1660 2796 1759 2833 vos
1780 2778 2057 2833 secedere

415 2866 667 2934 dixistis,
695 2873 761 2922 ut
791 2886 922 2923 meo
954 2869 1202 2940 imperio
1225 2870 1481 2940 pareatis
1500 2869 1525 2923 ‘I
1546 2868 1710 2933 Quod
1732 2869 1779 2923 si
1806 2874 2057 2923 mortem

412 2957 658 3012 minime
680 2959 1070 3029 timetis,quid
1086 2964 1175 3014 est
1191 2959 1578 3030 quamobrem
1594 2960 1787 3031 fugam
1808 2960 2060 3015 ineatis?

410 3046 495 3100 En
512 3046 637 3101 hmc
655 3064 892 3117 quoque
909 3048 1129 3103 frustra
1146 3053 1204 3103 et
1224 3048 2055 3119 inaniterjactantes,mentiti

410 3138 575 3192 estis.
601 3138 1055 3208 Responderunt
1078 3140 1382 3195 monachi:
1408 3142 1532 3194 Non
1555 3139 1774 3194 idcirco
1798 3140 2054 3210 fugimus

410 3224 569 3295 quod
592 3227 999 3283 denuntiatam
1023 3228 1192 3284 nobis
1212 3228 1316 3283 abs
1336 3234 1389 3283 te
1414 3234 1663 3283 mortem
1682 3228 2058 3299 pertimesca-

408 3330 575 3383 mus;
606 3332 807 3371 verum
833 3318 917 3372 tui
950 3318 1332 3373 miseratione
1380 3318 1684 3384 commoti,
1715 3334 1789 3371 ne
1832 3318 2060 3389 gravio-

413 3419 541 3458 rem
591 3406 1152 3463 condemnationem
1202 3408 1306 3462 tibi
1354 3424 1748 3474 accersamus,
1783 3406 2059 3460 secedere

413 3493 478 3547 in
508 3494 776 3550 animum
809 3496 1169 3552 induximus.
1204 3500 1347 3552 Nam
1386 3498 1629 3568 alioqui,
1666 3503 1951 3567 quantum
1985 3494 2060 3550 ad

410 3598 521 3636 nos
553 3585 785 3651 attinet,
818 3586 983 3640 nullo
1008 3587 1183 3641 modo
1208 3588 1399 3641 minas
1433 3593 1561 3641 tuas
1593 3587 2053 3657 expavescimus.

412 3661 501 3715 Ad
525 3662 650 3717 hinc
669 3680 770 3717 rex
791 3665 878 3719 ira
901 3673 1250 3727 commotus.
1276 3668 1434 3737 ipsos
1457 3667 2057 3739 exurijussit.Sicque

412 3750 517 3804 Dei
550 3750 758 3805 famuli
791 3759 1052 3808 extremo
1083 3756 1212 3809 vita:
1239 3755 1332 3809 die
1356 3755 1563 3821 functi,
1588 3756 1853 3826 martyrii
1887 3773 2058 3810 coro-

411 3854 553 3893 nam
604 3857 710 3910 per
756 3840 951 3912 ignem
1001 3842 1198 3914 adepti
1248 3848 1403 3897 sunt.
1440 3845 1765 3914 Statimque
1798 3844 2055 3899 edictum

410 3928 853 4000 promulgatum
886 3936 994 3998 est,
1041 3938 1106 3985 ut
1158 3933 1207 3986 si
1261 3934 1393 4002 quis
1442 3934 1771 3987 monachus
1803 3934 2053 3987 inveniri

408 4022 630 4088 posset,
665 4019 791 4074 sine
823 4020 947 4075 ulla
976 4021 1363 4090 inquisitione
1414 4022 1828 4076 trucidaretur.
1864 4024 2053 4092 Atque

407 4106 494 4161 ita
524 4107 726 4163 nullus
761 4110 1104 4181 hujusmodi
1142 4111 1370 4166 ordinis
1421 4112 1479 4165 in
1537 4111 1641 4165 illa
1688 4112 1926 4181 regione
1959 4129 2055 4165 re-

408 4196 611 4269 liquus
640 4200 832 4256 factus
882 4206 991 4270 est,
1050 4202 1166 4256 nisi
1224 4202 1325 4272 qui
1384 4203 1443 4257 in
1475 4202 1797 4263 montibus.
1833 4208 1890 4257 et
1920 4219 2053 4273 spe-

406 4286 625 4356 luncis,
657 4294 715 4344 et
743 4291 1010 4346 cavernis
1036 4296 1208 4346 terras
1259 4308 1387 4346 sese
1417 4292 1801 4347 occultarant.
1837 4294 2051 4347 Verum

406 4376 534 4432 haec
559 4378 868 4435 hactenus.

477 4467 610 4523 CAP.
635 4470 699 4522 V.
724 4500 789 4509 —
808 4472 883 4524 At
898 4470 1050 4543 regis
1069 4471 1327 4539 ﬁlius,de
1351 4490 1466 4543 quo
1485 4472 1653 4527 initio
1674 4472 1843 4527 nobis
1862 4473 2048 4528 oratio

2176 539 2336 595 πόλει
2368 544 2403 613 ἢ
2434 543 2593 617 χώρᾳ
2646 551 2745 613 τῆς
2801 542 2939 615 ἐμῆς
2991 542 3267 619 εὑρεθῆναι
3325 543 3741 615 ἑξουσίας,ἧπάνο

2175 654 2281 694 τως
2315 633 2678 705 πυρίκαυστος
2710 635 2896 704 ἕσται;
2950 636 3018 692 Οἱ
3076 632 3132 689 δὲ
3186 634 3429 709 μοναχοί’
3465 634 3587 692 Ἰδοὺ
3614 642 3741 712 (φασὶ)

2174 721 2311 784 καθά
2369 719 2434 789 δὴ
2493 723 2582 776 καὶ
2641 724 2991 798 προσέταξας,
3052 722 3384 798 ἐξερχόμεθᾶ
3436 746 3521 779 σου
3560 731 3646 780 τῶν
3669 730 3741 783 πό·

2176 808 2313 864 λεων
2346 812 2431 865 καὶ
2464 816 2570 867 τῶν
2603 818 2828 887 χωρῶν·
2882 820 3088 887 μακρᾶς
3133 811 3188 867 δὶ
3218 816 3352 885 ἡμῖν
3386 820 3479 881 τῆς
3509 812 3619 869 ὁδοῦ
3643 839 3743 890 προ-

2172 899 2429 972 κειμένης
2486 905 2582 955 τοῦ
2638 900 2892 965 ἀπελθεῖν
2954 903 3090 975 πρὸς
3146 901 3274 963 τοὺς
3322 903 3596 977 ἡμετέρους
3624 903 3742 960 ἀδελ-

2175 987 2327 1061 φοὺς,
2363 986 2555 1051 ἐνδεῶς
2609 985 2830 1065 ἔχοντες
2884 998 3117 1068 τροφῆς,
3170 989 3369 1059 ταύτην
3423 989 3745 1065 ἐποριζόμεθι,

2172 1082 2267 1130 τοῦ
2300 1075 2446 1151 ἔχειν
2476 1078 2542 1133 τὰ
2571 1077 2762 1155 ἐφόδια
2816 1079 2905 1134 καὶ
2959 1081 3035 1151 μὴ
3097 1078 3267 1152 λιμοῦ
3326 1080 3663 1153 παρανάλωμα
3684 1105 3747 1158 γει

2172 1165 2373 1229 νὲσθαι.
2433 1168 2493 1224 Ὀ
2556 1165 2611 1222 δὲ
2673 1165 2929 1243 βασιλεὺς
2981 1166 3105 1245 ἔφη·
3165 1168 3222 1223 Ὀ
3278 1169 3498 1223 θανατου
3546 1166 3747 1233 δεδοικὼς

2174 1252 2404 1323 ἀπειλήν
2436 1255 2534 1310 οὐκ
2564 1256 2887 1331 ἀσχολεῖται
2938 1257 3013 1318 εἷς
3045 1257 3321 1331 πορισμὸν
3355 1257 3650 1332 βρωμάτων.
3676 1260 3749 1313 Ai-

2171 1363 2355 1418 γουσιν
2416 1344 2468 1398 οἱ
2530 1344 2807 1417 μονασταί’
2875 1343 3064 1406 Καλῶς
3123 1344 3299 1414 εἶπας,
3360 1342 3404 1397 ὦ
3462 1345 3668 1420 βασιλιῦ-
3713 1348 3751 1401 ol

2175 1432 2395 1494 θάνατον
2431 1430 2733 1495 δεδοικότες
2796 1431 2885 1488 διὰ
2939 1430 3228 1507 φροντίδος
3288 1431 3464 1487 ἔκουσι
3502 1438 3603 1495 πῶς
3629 1435 3750 1489 αὐτὸν

2173 1520 2469 1597 ἰκφύγωσι.
2528 1521 2678 1586 Τίνες
2737 1520 2793 1577 δὲ
2846 1522 2980 1578 εἰσιν
3041 1523 3216 1591 οὗτοι,
3249 1520 3374 1577 ἀλλ’
3404 1522 3436 1591 ἤ
3468 1523 3514 1577 οἱ
3541 1528 3638 1584 τοῖς
3664 1523 3751 1598 ﬁsu-

2170 1618 2317 1673 στοῖς
2350 1613 2779 1686 προστετηκότες
2811 1614 2900 1667 καὶ
2951 1612 3172 1675 τούτοις
3221 1613 3559 1685 ἐπτοημένοι,
3586 1612 3751 1683 οἵτινες,

2172 1698 2342 1773 μηδὲν
2374 1700 2568 1775 ἀγαθὸν
2614 1700 2924 1771 ἐλπίζοντες
2981 1703 3156 1777 εύρεῖν
3219 1700 3433 1770 ἐκεῖθεν,
3465 1699 3752 1757 δυσαποσπά-

2172 1811 2309 1851 στως
2339 1788 2527 1866 ἔχουσι
2583 1796 2690 1845 τῶν
2752 1794 3058 1864 παρόντων,
3093 1791 3182 1847 καὶ
3217 1789 3308 1846 διὰ
3357 1796 3509 1846 τοῦτο
3539 1789 3752 1846 δεδοίκασι

2171 1884 2395 1943 θανατον
2422 1901 2436 1948 ;
2469 1882 2663 1953 Ἡμεῖς
2695 1878 2751 1935 δὲ
2797 1882 2849 1935 οἱ
2898 1884 3071 1936 παλαι
3133 1884 3457 1952 μισήσαντες
3486 1880 3663 1953 κόσμον
3686 1881 3751 1933 καί

2166 1970 2233 2023 τὰ
2266 1968 2313 2023 ἒν
2347 1970 2564 2042 κόσμῳ,
2622 1970 2711 2024 καὶ
2760 1972 2859 2039 τὴν
2921 1972 3112 2037 στενήν
3168 1971 3261 2025 καὶ
3318 1968 3654 2042 τεθλιμμένην
3690 1967 3755 2024 διὰ

2170 2059 2402 2133 Χριστὸν
2441 2057 2749 2134 βαδίζοντες
2780 2057 2905 2114 ὁδὸν
2961 2064 3094 2131 (70),
3156 2056 3284 2114 cii-re.
3324 2061 3534 2124 θάνατον
3564 2057 3754 2113 δεδοίκει

2172 2169 2287 2221 μεν,
2321 2144 2444 2203 οὔτε
2479 2149 2547 2203 τὰ
2594 2150 2827 2222 παρόντα
2884 2154 3183 2221 ποθοῦμεν,
3238 2147 3385 2203 ἀλλά
3436 2153 3536 2202 τῶν
3568 2147 3758 2219 μελλόν-

2164 2258 2273 2291 των
2305 2237 2560 2315 ἐριὲμεθα
2594 2237 2775 2310 μόνον.
2832 2238 2983 2294 Ἐπεὶ
3042 2238 3131 2293 οὖν
3194 2239 3226 2293 ὁ
3280 2241 3408 2313 παρ’
3438 2238 3575 2310 ὑμῶν
3603 2236 3756 2309 ἐπαγό-

2170 2347 2323 2398 μενος
2386 2330 2484 2384 28
2543 2329 2678 2399 ἡμῖν
2753 2328 2978 2390 θάνατος
3050 2322 3413 2402 διαϐατήριον
3469 2325 3643 2403 γίνεται
3686 2332 3759 2393 τῆς

2165 2413 2344 2469 ἀϊδίου
2377 2420 2522 2484 ζωῆς
2551 2416 2641 2470 καὶ
2672 2416 3002 2490 κρείττονος,
3054 2417 3307 2486 ποθητὸς
3363 2418 3493 2488 ἡμῖν
3530 2414 3705 2488 μᾶλλον

2168 2500 2396 2580 θοϐερός
2427 2504 2566 2560 ἐστιν
2598 2505 2775 2567 οὗτος.

2235 2684 2462 2757 Ἐφόἴς
2495 2682 2545 2753 ἐξ
2590 2681 2880 2757 ἀγχινοίας
2933 2680 3092 2753 δῆθεν
3153 2684 3181 2738 ὁ
3248 2682 3499 2759 βασιλεὺς
3552 2675 3754 2737 ἐπιλαϐέ-

2167 2774 2287 2826 σθαι
2312 2777 2420 2827 τῶν
2458 2778 2717 2848 μοναχῶν
2782 2770 3143 2847 βουλόμενος,
3203 2770 3335 2850 ἔφη’
3390 2774 3455 2830 Τί
3488 2770 3577 2841 δέ;
3606 2771 3655 2825 ού
3680 2771 3757 2843 πρὸ

2170 2867 2368 2937 μικροῦ
2400 2862 2586 2917 εἴπατε
2621 2864 2933 2937 ὑποχωρεῖν
2996 2863 3155 2935 ὑμᾶς,
3220 2863 3360 2917 καθά
3416 2860 3478 2931 δὴ
3523 2862 3756 2935 καὶπροσ-

2165 2953 2356 3022 ἔταξας
2388 2952 2500 3023 καὶ,
2555 2950 2599 3006 εί
2653 2950 2713 3005 ού
2763 2949 3040 3006 δεδοίκατε
3095 2952 3185 3006 τὸν
3252 2953 3496 3019 θάνατον,
3525 2956 3626 3011 πῶς
3651 2953 3756 3026 φυγῇ

2166 3040 2507 3116 ἐχρήσασθε;
2568 3040 2709 3097 Ἰδοὺ
2792 3040 2883 3095 καὶ
2960 3044 3129 3095 ταῦτα
3189 3040 3369 3114 μάτην
3443 3041 3755 3111 κομπάζοντες

2167 3128 2535 3202 διεψεύσασθε.
2591 3130 2981 3204 ’Δπεκρίθησαν
3032 3130 3085 3183 o‘.
3136 3130 3403 3206 μοναχοί”
3452 3129 3523 3187 Ού
3549 3130 3627 3183 τὸν
3652 3126 3757 3202 παρὰ

2169 3226 2264 3275 σοῦ
2296 3220 2692 3294 ἀπειλούμενον
2749 3221 2972 3285 θάνατον
3030 3220 3343 3285 δεδοικότες
3373 3224 3638 3301 φεύγομεν,
3664 3219 3757 3274 ἀλλ’

2168 3312 2444 3374 ἐλεοῦντες
2504 3334 2581 3369 σε.
2664 3320 2777 3368 Ἵνα
2849 3315 2926 3386 μὴ

2168 3400 2333 3456 αἶ’τιοί
2393 3423 2479 3456 σοι
2548 3403 2854 3476 γενώμεθα,
2932 3405 3408 3477 προεθυμήθημεν
3483 3404 3758 3476 ὑποχωρεῖν·

2168 3488 2305 3559 ἐπεὶ,
2362 3491 2423 3545 τό
2479 3512 2539 3566 γε
2598 3491 2673 3552 εἰς
2732 3493 2880 3561 ἡμᾶς
2934 3492 3068 3562 ἧκον
3130 3496 3270 3565 (71),
3324 3490 3560 3552 οὐδόλως
3587 3512 3666 3544 σου
3689 3488 3758 3548 τὰς

2167 3579 2398 3642 ἀπειλάς
2438 3602 2569 3635 ποτε
2628 3577 2943 3652 δειλιῶμεν,
3003 3580 3146 3655 Πρὸς
3177 3585 3354 3635 ταῦτα
3384 3583 3411 3636 ὁ
3444 3579 3667 3655 βασιλεὺς
3689 3579 3757 3649 ὁρο

2164 3668 2367 3742 γισθεὶς
2425 3667 2700 3724 ἐκέλευσεν
2787 3668 2986 3731 αὐτοὺς
3071 3669 3474 3743 πυρικαύστους
3547 3666 3756 3744 γενέεθαι·

2165 3757 2253 3811 καὶ
2312 3757 2701 3829 ἐτελειώθησαν
2757 3759 2809 3812 οἱ
2864 3763 2961 3813 τοῦ
3044 3764 3293 3833 Χριστοῦ
3350 3758 3646 3835 θεράποντες
3693 3751 3757 3807 διὰ

2164 3848 2355 3919 πυρὸς,
2404 3852 2511 3901 τῶν
2571 3852 2917 3922 μαρτυρικῶν
2967 3850 3233 3923 τυχόντες
3298 3850 3579 3926 στειράνων.
3614 3844 3756 3919 Δόγμα

2162 3958 2219 3991 τε
2252 3937 2477 4007 ἐξέθετο,
2510 3935 2563 3992 εἴ
2587 3959 2690 3992 που
2734 3958 2816 3999 τις
2875 3938 3065 4012 εὑρεθῇ
3125 3938 3405 4010 μονάζων,
3458 3935 3755 4009 ἀνεξετάστως

2164 4026 2497 4103 φονεύεσθαι.
2551 4026 2653 4083 Καὶ
2705 4024 2881 4090 ούδεές
2926 4026 3227 4101 ὑπελείφθη
3275 4028 3327 4083 ἐν
3364 4027 3527 4101 ἐκείνῃ
3551 4029 3609 4098 τῇ
3632 4023 3756 4099 χώρᾳ

2160 4120 2257 4169 τοῦ
2303 4116 2554 4170 τοιούτου
2609 4118 2909 4193 τάγματος,
2960 4116 3005 4171 εἷ
3064 4118 3139 4189 μή
3194 4118 3249 4172 οἱ
3291 4117 3341 4171 ἐν
3376 4114 3516 4192 ὄρεσι
3542 4114 3617 4169 καί
3644 4131 3757 4179 σπη-

2162 4202 2338 4265 λαίοις
2386 4205 2474 4260 καὶ
2529 4212 2649 4267 ταῖς
2708 4204 2867 4268 ὀπαῖς
2917 4209 3016 4275 τῆς
3048 4213 3150 4281 γῆς
3186 4207 3414 4269 ἑαυτοὺς
3445 4201 3757 4279 κατακρύψαν-

2158 4316 2265 4357 τες.
2300 4298 2481 4352 Ταῦτα
2514 4297 2607 4368 μὲν
2642 4296 2731 4349 οῦν
2764 4292 2830 4365 δὴ
2865 4300 3104 4353 τοιαῦτα.

2234 4477 2399 4531 ΚΕΦ.
2437 4476 2505 4531 Ε’.
2539 4476 2595 4527 Ὀ
2637 4472 2694 4529 δὲ
2743 4478 2839 4529 τοῦ
2890 4472 3161 4551 βασιλέως
3218 4476 3359 4545 υἱὸς,
3416 4475 3530 4550 περῖ
3560 4466 3755 4527 ούὸλόο

404 4556 683 4613 instituta
700 4564 806 4625 est,
825 4560 885 4614 in
910 4561 1128 4632 palatio
1152 4561 1311 4632 quod
1334 4562 1445 4632 ipsi
1474 4568 1836 4617 exstructum
1865 4562 2057 4617 fuerat

2171 4585 2260 4639 γος
2293 4564 2385 4618 ἀπ’
2444 4565 2622 4639 ἀρχῆς
2683 4563 2852 4619 εἰπεῖν
2914 4564 3192 4640 ὥρμηται,
3253 4566 3310 4620 ἐν
3366 4569 3444 4636 τῷ
3482 4575 3752 4617 κατασκευαο

403 4644 488 4701 ita
504 4654 847 4718 manens,ut
861 4666 894 4704 a
912 4651 1149 4704 nemine
1173 4651 1320 4705 adiri
1345 4652 1895 4722 posset.juvenilem
1912 4658 2054 4706 mta-

405 4740 524 4790 tem
548 4737 789 4793 tandem
813 4739 1001 4810 attigit
1021 4741 1176 4809 (cum
1196 4740 1423 4795 interea
1444 4758 1681 4795 onmem
1704 4748 1819 4796 tam
1841 4742 2054 4796 siitliio-

398 4844 540 4898 pum
554 4845 728 4899 quam
739 4832 1050 4885 Persarum
1066 4831 1391 4886 doctrinam
1409 4833 1739 4904 percepisse
1752 4833 2052 4904 t.)prudens

398 4916 946 4991 etcordatus,atque
962 4921 1239 4975 omnibus
1254 4920 1531 4975 virtutum
1548 4922 1783 4976 dotibus
1803 4922 2053 4976 illustris

400 5006 551 5069 Quin
567 5009 869 5064 naturales
886 5010 1064 5065 etiam
1079 5011 1439 5081 qumstiones
1452 5012 1915 5082 praeceptoribus
1931 5012 2052 5067 suis

402 5098 806 5168 proponebat;
828 5098 975 5156 adeo
999 5105 1066 5156 ut
1086 5099 1197 5171 ipsi
1214 5116 1449 5170 quoque
1471 5099 1866 5156 adolescentis
1885 5101 2052 5173 inge-

493 5331 581 5399 70)
612 5333 779 5388 Conf.
815 5333 1068 5392 Matthoai
1102 5335 1268 5391 locus
1300 5353 1480 5408 supra
1554 5354 1641 5409 ag.

466 5330 580 5471 ίἨ)
613 5404 903 5462 Formulis
934 5407 997 5461 τὸ
1032 5404 1126 5471 μὶν
1160 5406 1236 5467 εἷς
1268 5404 1468 5460 ἐκεῖνον
1501 5354 1633 5471 ἕκον

492 5404 580 5472 ’71)
606 5404 903 5481 formulis
934 5407 997 5461 τὸ
1032 5404 1126 5481 μὶν
1160 5406 1236 5467 εἷς
1268 5404 1468 5460 ἐκεῖνον
1501 5404 1658 5475 ἧκονν,
1689 5406 1750 5461 τό
1786 5428 1847 5481 γε
1874 5405 1950 5467 εἷς
1982 5405 2079 5479 ἐμὲ
2109 5410 2267 5477 ἧκον,
2325 5408 2388 5461 τό

2162 4653 2336 4707 σθὲντι
2368 4653 2514 4725 αύτῷ
2572 4651 2825 4725 παλαείῳ
2886 4653 3145 4728 ἀπρὸϊτος
3208 4649 3306 4721 ὥν,
3343 4657 3441 4712 αθ
3470 4659 3560 4721 τῆς
3587 4641 3751 4725 έεὲτίϐθυ

2159 4742 2338 4815 ἥψατο
2395 4741 2637 4811 ἡλικίας,
2692 4749 2862 4796 πᾶσαν
2920 4745 3019 4812 τήν
3096 4742 3381 4799 Αίθιὸπων
3440 4740 3522 4795 καὶ
3574 4736 3750 4811 Περσῶν

2166 4830 2441 4905 μετελθὼν
2469 4828 2713 4886 παιδείαν
2750 4834 2885 4905 (72),
2922 4831 3022 4886 οὐκ
3070 4826 3300 4887 ἔλαττον
3332 4832 3430 4900 τήν
3461 4828 3625 4903 ψυχὴν
3654 4823 3681 4892 ἧ
3706 4820 3752 4875 τὸ

2162 4925 2321 4994 σῶμα
2353 4920 2555 4989 εὐφυὴς
2588 4916 2662 4975 ὥν
2711 4921 2801 4975 καὶ
2855 4921 3081 4996 ὡραῖος,
3111 4924 3381 4997 νουνεχής
3412 4941 3467 4975 τε
3494 4918 3575 4973 καὶ
3602 4912 3751 4992 φρόνι-

2166 5031 2268 5083 μος
2322 5010 2413 5065 καὶ
2471 5014 2600 5064 πᾶσι
2670 5007 2999 5084 διαλάμπων
3059 5009 3286 5086 ἀγαθοῖς
3342 5008 3749 5077 πλεονεκτήμασιν

2166 5100 2455 5173 ζητήματά
2504 5121 2563 5155 τε
2612 5100 2811 5178 φυσικά
2868 5100 3005 5176 πρὸς
3055 5100 3183 5163 τοὺς
3242 5098 3579 5158 διδάσκοντας
3626 5091 3750 5147 αὐτὸν

2446 5428 2505 5480 γε
2562 5408 2639 5471 εἷς
2671 5407 2868 5470 αὐτοὺς
2895 5411 3052 5479 ἧκον,
3083 5426 3226 5466 usus
3258 5416 3367 5465 est.
3398 5412 3479 5464 Jo.
3509 5408 3744 5480 (lautaqu-

393 5485 573 5527 zenus
606 5476 750 5529 Hist.
785 5494 881 5548 pp.
917 5476 1041 5542 192,
1070 5480 1194 5540 252,
1228 5482 1353 5547 254,
1384 5482 1510 5539 431.
1544 5487 1656 5535 etc.
1683 5476 1826 5535 Vide
1858 5486 1917 5535 et
1944 5476 2029 5536 ,Ιοζ

396 5542 551 5605 apud
585 5546 824 5601 Hasium
856 5550 928 5604 ad
960 5552 1136 5605 Leon.
1171 5551 1327 5605 Diae.
1360 5569 1419 5605 n.
1453 5554 1578 5605 232.
1617 5556 1638 5605 1
1671 5568 1682 5605 :
1718 5550 1842 5604 ὅσον
1897 5552 1959 5605 τὸ
2020 5549 2058 5604 ει

2171 5498 2315 5536 :cum
2343 5476 2500 5536 Orat.
2529 5481 2600 5535 de
2628 5483 2851 5553 injusta
2876 5476 2966 5538 sui
2990 5476 3356 5553 depositione
3389 5499 3444 5553 p.
3477 5483 3550 5533 15.
3571 5478 3743 5553 Auctor

2171 5549 2350 5605 ιύτοὺς
2407 5553 2563 5605 ἧκον.
2599 5554 2841 5605 Nicenh-
2875 5556 3198 5605 Cbumnus.
3232 5554 3404 5605 enist.
3435 5553 3496 5605 27
3528 5544 3734 5605 inedita:

396 5555 551 5633 apud
585 5555 824 5601 uasmm
856 5555 928 5604 ad
961 5555 1136 5605 Leon.
1171 5555 1327 5605 Diae.
1360 5569 1419 5622 p.
1453 5555 1578 5617 232,
1617 5556 1638 5605 1
1671 5568 1682 5605 :
1718 5555 1842 5604 ὅσον
1897 5555 1959 5605 τὸ
2020 5555 2058 5604 εί

394 5613 840 5712 ουὲξξοέξεὲιξξ
860 5620 1181 5712 τί,ξὲ
1204 5623 1539 5712 ﬂeas-Atia
1571 5624 2036 5712 ate—Ilitﬂasiusz

2171 5555 2563 5679 iecoquogm.
2599 5555 2841 5625 Niceph.
2875 5556 3198 5623 Cbumnus,
3232 5555 3404 5626 epist.
3435 5555 3496 5607 27
3528 5555 3734 5605 inedita:

469 5691 577 5765 (72)
610 5690 849 5747 Lemma
875 5690 1190 5748 metricum
1221 5690 1281 5748 ill
1315 5699 1398 5749 ΑΖ
1432 5699 1600 5747 πᾶσαν
1638 5691 1830 5759 διῆλθε
1858 5692 2058 5749 παιδείο

2179 5690 2388 5776 ωάσαφ.

3014 3316 3403 3390 περισσοτὲρας
3457 3311 3760 3387 κατακρίσεως

3936 4192 3943 4273 ί

3938 4278 3943 4375 ἓ

3940 4588 3943 4635 ι
