4000 6202
172 370 257 428 889

1276 368 1450 424 VITA
1484 364 1838 421 BARLAAM
1874 364 1968 416 ΕΤ
2004 362 2344 418 JOASAPH.

3414 364 3523 421 890

164 486 587 569 προϐαλλόμενος,
621 484 698 547 ὡς
749 483 1031 549 κάκείνους
1078 486 1371 561 θαυμάζειν
1416 487 1502 544 ἐπὶ
1550 490 1619 559 τῇ
1657 488 1741 540 τοῐ

1870 486 2036 541 nium
2049 488 2353 558 animique
2365 501 2616 541 acumen
2630 484 3319 556 admirarentur,rexque
3339 490 3516 545 etiam

167 578 327 641 παιδὸς
377 573 614 651 ἀγχινοίᾳ
661 572 751 628 καὶ
812 579 1042 642 συνέσει,
1096 576 1493 647 ἐκπλήττεσθαι
1550 573 1607 630 δὲ
1669 572 1757 628 καὶ

165 673 238 726 τὸν
272 664 471 744 βασιλέα
496 663 551 717 τὸ
581 684 639 718 τε
670 666 1031 740 χαριέστατον
1070 671 1166 720 τοῦ
1209 666 1507 742 προσώπου
1554 665 1643 719 καὶ
1694 664 1755 717 τὸ

168 768 245 827 τῆς
271 760 431 829 ψυχῆς
458 751 794 825 κατάστημα.
854 753 1108 816 Ἐντολάς
1140 776 1198 810 τε
1246 753 1427 811 ἐδίδου
1469 760 1583 815 τοῖς
1632 774 1757 807 συν-

166 854 286 904 οὖσιν
314 846 465 917 αὐτῷ,
499 840 666 915 μηδὲν
700 844 762 897 τὸ
794 846 1046 920 παράπαν
1103 850 1209 900 τῶν
1264 851 1358 901 τοῦ
1421 844 1543 921 βίου
1600 845 1752 898 ἀνια-

167 944 253 1013 ρῶν
280 937 412 1000 αὐτῷ
450 934 724 1009 γνώριμον
774 936 965 999 θεῖναι,
1024 935 1153 1008 μηδ’
1202 935 1283 991 ὅτι
1334 934 1480 998 ὃλως
1530 936 1753 999 θάνατος

159 1028 213 1082 τὰ
236 1025 446 1101 παρόντα
471 1025 670 1098 τερπνά
709 1020 1041 1099 διαδέχεται.
1096 1030 1280 1089 Κεναῖς
1329 1023 1387 1079 δὲ
1435 1021 1749 1099 ἐπηρείδετο

158 1112 427 1183 Elin-Icum?
454 1116 613 1167 τοῦτο
672 1108 738 1180 δὴ
779 1112 842 1167 τὸ
890 1118 985 1167 τοῦ
1036 1112 1223 1189 λόγου,
1269 1114 1344 1176 είς
1387 1114 1608 1188 οὐρανὸν
1658 1134 1748 1167 το-

156 1204 290 1278 ξεύειν
334 1204 435 1275 (73)
484 1201 799 1276 ἐπιχειρῶν.
863 1206 985 1264 Ηῶς
1040 1204 1139 1278 γάρ
1201 1203 1260 1258 ἄν
1334 1204 1424 1258 καὶ
1504 1201 1744 1266 διέλαθεν

156 1293 421 1367 ἀνθρωπίνῃ
451 1290 602 1363 φύσει
637 1292 664 1345 6
696 1287 927 1355 θάνατος
954 1312 968 1361 ;
1015 1291 1077 1346 οὗ
1113 1291 1295 1364 μέντοι
1330 1291 1455 1348 οὐδὲ
1484 1297 1563 1363 τῷ
1594 1288 1748 1346 παιδὶ

155 1380 348 1444 διέλαθε.
381 1380 521 1453 Hahn
584 1379 687 1453 γὰρ
740 1381 942 1435 συνέσει
991 1383 1301 1455 κατάκομον
1351 1379 1494 1456 ἔχων
1542 1381 1745 1443 ἐκεῖνος

149 1472 220 1523 τὸν
242 1468 499 1545 λογισμὸν,
552 1468 770 1523 ἱσκόπει
816 1470 938 1523 καθ’
989 1470 1174 1525 ἑαυτὸν
1220 1470 1325 1525 τίνι
1380 1470 1532 1545 λόγῳ
1585 1469 1742 1524 αὐτόν

148 1580 192 1613 τε
218 1560 444 1632 ἀπρὸϊτον
503 1558 638 1611 εἶναι
671 1558 699 1611 6
729 1560 909 1632 πατὴρ
959 1557 1274 1614 κατεδίκασε
1324 1561 1412 1614 καὶ
1464 1559 1619 1613 παντὶ
1665 1564 1745 1631 τῷ

156 1648 435 1723 βουλομένῳ
464 1647 561 1715 τὴν
597 1645 674 1709 εἴς
703 1648 865 1702 αὐτὸν
899 1647 961 1702 οὗ
983 1656 1259 1725 συγχωρεῖ
1290 1647 1521 1706 εἷ’σοδον.
1563 1655 1746 1723 Ἔγνω

154 1739 236 1813 γὰρ
260 1740 363 1802 καθ’
388 1738 566 1793 ἑαυτὸν
602 1739 679 1810 μή
732 1737 855 1793 ἄνευ
896 1746 996 1807 τῆς
1039 1744 1135 1795 τοῦ
1180 1741 1385 1815 πατρὸς
1433 1746 1747 1815 προπαγῆς

148 1832 278 1883 τοῦτο
316 1829 456 1887 εἶναι.
516 1833 712 1899 ’Όμως
768 1826 955 1902 ᾐδεῖτο
1014 1828 1284 1904 ἐρωτῆσαι
1346 1828 1522 1883 αὐτόν*
1582 1833 1744 1884 τοῦτο
1781 1862 1824 1926 Β

154 1920 228 1990 μὶν
254 1919 487 1982 ἀπίθανον
530 1916 671 1972 εἶναι
721 1916 921 1992 λέγων,
967 1919 1042 1991 μή
1093 1918 1159 1973 τὰ
1205 1920 1547 1996 συμφέροντα
1596 1921 1745 1992 αὐτῷ

148 2008 217 2062 τὸν
259 2006 439 2082 πατέρα
496 2004 853 2076 διανοεῖσθαι,
912 2012 1074 2063 τοῦτο
1129 2006 1184 2062 δὲ
1243 2014 1482 2075 σκοπῶν,
1544 2009 1639 2077 ὡς,
1699 2008 1744 2063 εἰ

147 2098 254 2150 κατᾶ
277 2097 482 2171 γνώμην
506 2100 607 2150 τοῦ
639 2097 845 2169 πατρός
895 2094 1007 2151 ἐστι
1052 2097 1116 2151 τὸ
1170 2104 1418 2173 πρᾶγμα,
1462 2096 1557 2152 κάν
1606 2098 1743 2173 ἐρω-

147 2187 276 2257 τήσῃ,
304 2184 390 2239 οὐκ
432 2183 489 2239 ἄν
534 2184 689 2256 αὐτῷ
747 2186 813 2239 τά
862 2188 965 2251 τῆς
1014 2184 1275 2256 ἀληθείας
1321 2192 1553 2262 γνωριοῖ
1610 2190 1740 2260 (74).

146 2276 276 2330 Ὅθεν
302 2276 412 2348 παρ’
457 2277 557 2331 30
613 2272 821 2343 ἄλλων,
882 2274 972 2329 καὶ
1036 2276 1111 2347 μή
1163 2276 1307 2350 παρὰ
1362 2280 1459 2331 τοῦ
1515 2276 1741 2349 πατρὸς,

144 2358 275 2409 ταῦτα
304 2360 472 2427 μαθεῖν
506 2352 731 2431 διέγνω.
763 2357 893 2410 Ἕνα
920 2354 976 2410 δέ
1001 2361 1107 2411 τῶν
1158 2355 1522 2432 παιδαγωγῶν
1574 2378 1742 2432 προσ-

145 2441 411 2517 φιλέστατον
436 2444 521 2499 καὶ
585 2443 925 2499 οἰκειότατον
967 2448 1073 2499 τῶν
1126 2443 1336 2499 λοιπῶν
1384 2447 1740 2518 κεκτημένος,

148 2530 215 2583 ἐπὶ
260 2529 431 2586 πλεῖον
488 2531 918 2606 οἰκειωσάμενος
976 2533 1067 2588 καὶ
1122 2531 1348 2609 δωρεαῖς
1424 2532 1745 2612 φιλοτίμοις

147 2617 506 2693 δεξιωσάμενος,
538 2621 872 2686 ἐπυνθάνετο
904 2624 1029 2697 παρ’
1061 2622 1227 2677 αὐτοῦ
1267 2622 1321 2678 τί
1372 2621 1432 2677 ἄν
1482 2624 1741 2699 βούλοιτο

144 2715 205 2782 τῷ
232 2710 422 2786 βασιλεῖ
465 2714 499 2782 ἡ
547 2711 603 2767 ἐν
667 2716 748 2785 τῷ
802 2713 1242 2788 περιτειχίσματι
1302 2713 1488 2786 ἐκείνῳ
1542 2713 1741 2768 τούτου

144 2800 383 2874 κὶθειρξις,
411 2802 494 2856 καὶ
529 2802 613 2863 ὡς
648 2800 705 2855 Et
734 2803 896 2856 τοῦτό
956 2823 1089 2881 φησι
1140 2806 1324 2879 σαφῶς
1371 2799 1601 2872 διδάξεις
1654 2822 1740 2874 με,

142 2888 387 2964 πρόκριτος
440 2892 666 2945 πάντων
727 2884 821 2965 ἔσῃ
885 2912 999 2964 μοι,
1056 2890 1145 2944 καὶ
1205 2889 1471 2961 διαθήκην
1556 2889 1742 2967 φιλίας

142 2972 376 3046 διηνεκοῦς
405 2977 743 3053 διαθήσομαί
797 3001 904 3034 σοι.
968 2981 1027 3037 Ὀ
1079 2978 1136 3034 δὲ
1187 2978 1556 3056 παιδαγωγός,
1617 2979 1739 3054 ἐχέ-

141 3085 256 3139 φρων
280 3071 355 3123 καὶ
384 3069 535 3131 αὐτὸς
568 3070 867 3145 ὑπάρχων,
913 3068 1001 3123 καὶ
1053 3066 1214 3133 εἱδὼς
1258 3070 1356 3138 τὴν
1401 3074 1497 3123 τοῦ
1546 3067 1738 3131 παιδὸς

138 3158 315 3224 was-ti,»
342 3159 423 3213 καὶ
454 3158 677 3215 τελείαν
741 3159 1025 3233 φρόνησιν,
1079 3159 1165 3212 καὶ
1219 3159 1293 3220 ὡς
1345 3158 1443 3213 οὐκ
1486 3156 1544 3214 ἄν
1591 3158 1737 3231 αὐτῷ

138 3242 308 3313 γένοιτο
333 3244 569 3303 κινδύνου
599 3247 888 3323 πρόξενος,
937 3246 1111 3301 πάντα
1161 3246 1338 3319 αὐντῷ
1382 3247 1517 3302 κατά
1570 3249 1735 3323 μέρος
1769 3230 1810 3295 C

139 3331 409 3409 διηγήσατο,
456 3338 545 3393 τὸν
597 3339 742 3393 κατά
788 3342 892 3391 τῶν
944 3338 1281 3412 Χριστιανῶν
1328 3339 1547 3401 τεθέντα
1590 3339 1736 3411 παρά

140 3429 209 3477 τοῦ
235 3425 477 3499 βασιλέως
509 3426 768 3503 διωγμὸν
799 3426 887 3481 καὶ
922 3425 1204 3501 ἐξαιρέτως
1232 3428 1370 3481 κατά
1412 3432 1520 3482 τῶν
1573 3427 1742 3498 ἀσκη-

142 3518 239 3579 τῶν,
268 3515 401 3579 ὅπως
428 3539 483 3572 τε
529 3516 898 3588 ἀπηλάθησαν
945 3515 1033 3570 καὶ
1081 3510 1445 3588 ἐξεϐλήθησαν
1493 3523 1593 3583 τῆς
1644 3537 1742 3571 πε-

142 3608 342 3681 ριχώρου
363 3606 585 3680 ἐκείνης,
619 3607 717 3663 οἷά
744 3628 802 3662 τε
830 3608 1179 3682 γεννηθέντος
1235 3608 1401 3661 αὐτοῦ
1445 3608 1496 3661 οἱ
1544 3608 1741 3682 ἀστρο-

138 3693 260 3768 λόγοι
289 3698 713 3773 ποοηγόρευσαν.
742 3698 834 3751 Ἵν’
866 3696 958 3752 οὖν
992 3718 1149 3774 φησι,
1206 3697 1305 3770 μὴ,
1358 3696 1591 3759 ἀκούσας
1638 3704 1739 3766 τῆς

138 3780 311 3839 ἐκείνῶν
362 3786 610 3863 διδαχῆς,
673 3787 877 3857 ταύτην
950 3786 1254 3862 προκρίνῃς
1310 3793 1413 3855 τῆς
1466 3788 1735 3861 ἡμετέρας

140 3875 395 3944 θρησκείας,
429 3879 503 3949 μὴ
559 3875 933 3953 μροσομιλεῖν
990 3898 1076 3930 σοι
1130 3874 1404 3944 πολλοὺς,
1464 3875 1590 3932 ἀλλ’
1648 3876 1737 3930 εὐ-

137 3966 435 4035 αριθμήτους,
472 3968 499 4021 6
551 3963 815 4043 βασιλεὺς
857 3963 1275 4036 ἐπετηδεῦσατο,
1325 3964 1549 4029 ἐντολάς
1598 3968 1733 4039 ἡμῖν

140 4044 238 4112 δοὺς
266 4052 413 4125 μηδέν
446 4078 529 4111 σοι
560 4061 675 4112 τῶν
709 4059 804 4111 τοῦ
838 4056 959 4131 βίου
990 4055 1225 4129 ἀνιαρῶν
1256 4054 1537 4132 γνωρίσαι.

1871 575 1996 645 ipse
2020 593 2087 630 ex
2110 577 2303 631 vultus
2326 576 2512 647 ipsius
2536 574 3177 644 venustate,animique
3195 574 3424 642 habitu,
3454 578 3514 631 in

1870 671 2169 735 stuporem
2193 666 2542 720 traheretur.
2569 664 3097 719 Mandabatautem
3126 663 3217 717 his
3250 664 3351 733 qui
3382 681 3516 719 cum

1870 770 1935 807 eo
1969 754 2357 809 versabantur
2373 760 2437 808 ut
2473 754 2683 809 darent
2720 770 2960 824 operam
2990 770 3063 806 ne
3098 752 3238 823 quid
3273 769 3520 823 prorsus

1866 860 2069 898 eorum
2094 862 2224 915 qua:
2244 846 2305 899 in
2332 845 2440 899 hac
2463 846 2577 899 vita
2592 845 2841 899 molesta
2855 851 2992 897 sunt
3015 844 3517 915 intelligeret,nec

1865 935 2107 989 omnino
2132 935 2289 1005 quod
2317 952 2474 989 mors
2498 941 2819 1005 praesentes
2843 934 3172 1003 voluptates
3190 934 3514 1005 exciperet.

1863 1024 2152 1078 Cmterum
2168 1025 2330 1079 inani
2351 1042 2452 1096 spe
2468 1025 2786 1089 nitebatur,
2809 1029 2985 1094 atque
3001 1023 3402 1094 (utproverbio
3422 1024 3514 1079 di-

1862 1113 2034 1183 citur)
2062 1114 2122 1167 in
2151 1113 2362 1169 cmlum
2398 1114 2638 1185 sagittas
2679 1114 2913 1169 mittere
2960 1112 3305 1168 conabatur.
3357 1114 3514 1178 Quo-

1860 1218 1996 1256 nam
2012 1204 2171 1257 enim
2187 1203 2360 1257 modo
2376 1220 2534 1257 mors
2549 1204 2823 1258 humanae
2838 1208 3063 1257 naturai
3077 1203 3374 1274 incognita
3389 1219 3518 1257 esse

1859 1292 2095 1362 posset?
2114 1294 2314 1362 Itaque
2338 1309 2411 1346 ne
2427 1293 2592 1362 pueri
2615 1292 2855 1362 quidem
2874 1291 3273 1364 cognitionem
3289 1293 3515 1363 effugit.

1859 1382 2001 1435 Nam
2026 1397 2159 1434 cum
2182 1382 2447 1435 animum
2468 1397 2702 1435 summa
2724 1383 3040 1452 sagacitate
3062 1388 3338 1436 ornatum
3354 1387 3413 1435 et
3436 1381 3520 1435 in-

1859 1473 2145 1523 structum
2162 1469 2634 1529 haberet.secum
2655 1470 2781 1540 ipse
2797 1468 3207 1523 considerabat
3224 1470 3510 1539 quidnam

1857 1563 2085 1627 patrem
2100 1558 2443 1612 adduxisset
2463 1564 2525 1612 ut
2546 1558 2656 1629 ipsi
2674 1558 2936 1612 omnium
2953 1557 3178 1613 aditum
3194 1558 3507 1613 interdice-

1860 1652 2089 1709 ret.nec
2109 1647 2439 1717 quemlibet
2470 1646 2543 1701 ad
2565 1664 2625 1701 se
2648 1646 2931 1702 accedere
2958 1652 3277 1717 pateretur.
3308 1648 3418 1701 Per
3449 1665 3511 1702 se

1860 1739 2015 1790 enim
2028 1737 2518 1809 intelligebathoc
2532 1737 2678 1791 citra
2696 1736 2879 1807 patris
2893 1736 3208 1806 imperium
3224 1752 3343 1789 non
3362 1736 3513 1791 ﬁeri.

1857 1826 2143 1881 Cazterum
2164 1826 2289 1897 ipse
2318 1826 2685 1897 interrogare
2704 1824 3035 1891 verebatur,
3062 1830 3185 1879 tum
3214 1824 3371 1895 quod
3410 1826 3515 1879 mi-

1858 1916 2015 1970 nime
2040 1932 2174 1970 vero
2198 1921 2666 1970 consentaneum
2692 1931 2820 1969 esse
2845 1915 3238 1984 diceret,quin
3259 1920 3423 1983 pater
3444 1931 3515 1970 ea

1856 2022 1985 2075 quae
2000 2005 2110 2076 ipsi
2124 2003 3038 2059 conducerentanimadverteret
3051 2010 3175 2057 tum
3192 2002 3349 2073 quod
3366 2002 3515 2057 illud

1856 2110 2055 2149 secum
2072 2094 2449 2164 reputaret,si
2466 2093 2523 2147 id
2540 2093 2611 2147 de
2631 2094 2813 2163 patris
2830 2093 3130 2146 voluntate
3148 2093 3506 2161 ﬁeretquan

1854 2183 2131 2237 tumlibet
2156 2184 2281 2254 ipse
2300 2188 2767 2253 percontaretur.
2789 2198 2855 2236 ac
2876 2188 3072 2235 tamen
3097 2182 3181 2235 rei
3203 2182 3506 2235 veritatem

1853 2273 2100 2328 minime
2120 2272 2563 2327 intellecturum
2593 2288 2741 2326 esse.
2769 2272 3137 2342 Quapropter
3170 2286 3239 2324 ex
3259 2270 3415 2333 aliis,
3440 2287 3508 2325 ac

1852 2379 1973 2417 non
1995 2378 2028 2417 a
2044 2369 2206 2433 patre
2230 2362 2354 2416 haec
2374 2361 2523 2415 scire
2549 2360 2871 2415 constituit.
2894 2361 3097 2430 Itaque
3121 2375 3255 2413 cum
3274 2375 3459 2413 unum
3476 2375 3507 2413 e

1852 2452 2184 2524 pmdagugis
2202 2451 2449 2522 reliquis
2467 2451 2799 2505 chariorem
2823 2467 2889 2505 ac
2915 2449 3364 2503 familiariorem
3396 2448 3504 2502 ha—

1852 2540 2039 2605 beret,
2064 2558 2316 2612 eumque
2340 2541 2566 2612 majore
2588 2540 2782 2595 adhuc
2805 2540 3217 2594 benevolentia
3248 2537 3360 2593 sibi
3395 2538 3500 2593 de-

1850 2630 2335 2700 vinxisset,atque
2348 2629 2734 2699 amplissimis
2747 2629 3094 2683 muneribus
3106 2627 3501 2695 aifecisset,ab

1852 2736 1920 2773 eo
1945 2718 2357 2774 sciscitabatur
2379 2717 2668 2787 quidnam
2691 2734 2889 2789 regem
2915 2716 3250 2787 impulisset
3279 2722 3343 2769 ut
3364 2733 3499 2770 eum

1852 2808 1913 2862 in
1934 2808 2045 2863 hoc
2068 2814 2233 2878 septo
2258 2807 2557 2861 inclusum
2583 2805 2989 2860 teneret.lllud
3015 2805 3191 2860 etiam
3214 2802 3502 2875 adjunge-

1851 2896 1952 2951 bat
1976 2914 1988 2950 :
2014 2898 2069 2950 Si
2094 2896 2237 2951 mihi
2258 2901 2461 2967 aperte
2484 2896 2593 2949 hoc
2616 2894 2980 2965 exposueris,
3006 2892 3283 2947 omnibus
3311 2898 3364 2945 te
3388 2908 3497 2946 an-

1852 2990 2151 3056 teponam,
2189 2988 2605 3055 perpetuaeque
2647 2983 2924 3038 amicitia)
2960 2982 3149 3036 fcedus
3184 2987 3378 3036 tecum
3415 2981 3498 3033 fe-

1850 3074 2020 3129 riam.
2050 3073 2410 3145 Pazdagogus
2438 3079 2656 3136 autem,
2687 3078 2753 3127 ut
2775 3072 2875 3142 qui
2903 3070 3223 3142 etiamipse
3238 3069 3501 3141 prudens

1851 3168 1908 3217 et
1927 3162 2203 3218 cordatus
2226 3168 2402 3226 esset,
2427 3162 2716 3233 puerique
2739 3161 3117 3232 sagacitatem
3134 3176 3201 3215 ac
3234 3158 3501 3214 numeris

1849 3252 2128 3307 omnibus
2151 3252 2484 3307 absolutam
2514 3252 2892 3323 sagacitatem
2916 3267 2983 3305 ac
3015 3249 3280 3304 numeris
3306 3248 3497 3303 omni-

1845 3342 1956 3397 bus
1978 3341 2313 3397 absolutam
2332 3340 2709 3412 prudentiam
2732 3340 3096 3412 exploratam
3122 3339 3500 3404 haberet,ne-

1852 3448 1966 3502 que
1991 3430 2101 3485 sibi
2125 3430 2195 3485 ab
2222 3447 2288 3485 eo
2312 3430 2643 3502 periculum
2666 3430 2855 3484 ullum
2879 3430 3203 3485 conflatum
3244 3429 3317 3483 iri
3344 3429 3499 3483 exis-

1852 3520 2320 3583 timaret,omnia
2341 3520 2393 3575 ei
2412 3520 2717 3592 sigillatim
2737 3519 3031 3591 exposuit,
3056 3536 3268 3590 nempe
3285 3524 3343 3572 et
3360 3535 3495 3588 per-

1851 3610 2215 3665 secutionem
2235 3609 2513 3663 adversus
2526 3610 2987 3677 Christianos,ac
3010 3608 3385 3680 potissimum
3401 3606 3500 3660 ad-

1848 3716 2049 3754 versus
2092 3716 2192 3754 eos
2225 3699 2326 3769 qui
2375 3716 2435 3753 se
2485 3699 2690 3770 pietati
2740 3698 3005 3753 colendas
3039 3702 3191 3751 totos
3232 3695 3498 3750 devovis-

1850 3797 1982 3845 sent
2011 3790 2468 3862 promulgatam,
2497 3796 2554 3843 et
2597 3789 3100 3860 quemadmodum
3125 3788 3196 3842 ab
3216 3786 3499 3842 omnibus

1850 3881 2120 3935 finitimis
2144 3880 2290 3934 locis
2318 3880 2548 3951 expulsi
2573 3886 2631 3933 et
2652 3880 2824 3950 ejecti
2848 3879 3123 3945 fuissent,
3155 3884 3331 3949 atque
3357 3878 3499 3930 item

1849 3986 1917 4025 ea
1938 3987 2067 4041 quae
2106 3970 2233 4040 ipso
2259 3969 2317 4023 in
2342 3969 2535 4024 lucem
2577 3969 2733 4024 edito
2757 3965 3495 4041 astrologi'pradixissent.

1846 4062 1926 4115 Ne
1950 4061 2145 4132 igitur,
2166 4059 2377 4129 inquit,
2402 4059 2605 4114 audita
2635 4074 2841 4113 eorum
2870 4058 3159 4125 doctrina,
3195 4073 3324 4111 eam
3355 4054 3497 4109 reli-

1844 4148 2004 4221 gioni
2026 4155 2243 4204 nostraa
2270 4147 2799 4220 praeterasjdcirco
2825 4164 2859 4202 a
2875 4162 3008 4219 rege
3031 4146 3167 4200 data
3184 4161 3363 4215 opera
3386 4148 3496 4209 est,

139 4246 197 4285 ne
219 4235 361 4291 multi
390 4243 582 4295 tecum
615 4237 1118 4295 consuetudinem
1149 4237 1455 4305 haberent,
1490 4236 1595 4293 sed
1620 4237 1790 4310 pauci
1825 4240 2091 4294 omnino.
2123 4241 2204 4293 Ac
2256 4238 2428 4293 nobis
2479 4239 2655 4293 etiam
2704 4243 2881 4307 atque
2941 4236 3116 4291 etiam
3170 4232 3498 4299 mandavit,

135 4328 185 4374 ut
206 4326 468 4383 studerem
493 4346 567 4384 ne
596 4328 749 4400 quid
779 4329 1029 4399 hujusce
1061 4328 1192 4382 vitm
1224 4327 1635 4383 molestiarum
1670 4345 1775 4400 per
1795 4344 1902 4383 nos
1936 4328 2320 4399 intelligeres.

186 4412 339 4466 Ταῦτα
361 4417 427 4477 ὼς
456 4414 694 4485 ἤκουσεν
750 4417 777 4470 6
835 4415 1047 4478 νεανίας
1107 4412 1258 4469 οὐδὲν
1317 4412 1499 4490 ἕτερον
1559 4436 1727 4491 προσ-

131 4494 250 4553 έθετο
278 4500 517 4574 λαλῆσαι·
550 4504 738 4579 ἥψατο
798 4501 856 4559 δὲ
911 4512 1011 4574 τῆς
1068 4502 1291 4579 καρδίας
1349 4505 1512 4560 αὐτοῦ
1572 4495 1811 4581 λόγοςῘ)

134 4590 376 4664 σωτήριος,
404 4595 489 4649 καὶ
511 4598 547 4665 ἡ
580 4599 680 4649 τοῦ
716 4594 1081 4668 Ηαρακλήτου
1116 4591 1277 4668 χάρις
1326 4593 1453 4657 τοὺς
1501 4594 1735 4665 νοητοὺς

134 4673 263 4730 αὖτοῦ
314 4678 629 4757 ὀφθαλμοὺς
690 4680 980 4757 διανοίγειν
1044 4682 1389 4758 ἐπεχείρησε,
1449 4683 1585 4756 πρὸς
1642 4682 1736 4737 τὸν

136 4764 204 4847 31
238 4765 421 4839 ἀψευδῆ
479 4776 904 4847 χειραγωγοῦσα
951 4774 1103 4840 Θεὸν,
1160 4772 1235 4833 (τις
1278 4770 1485 4846 προϊὼν
1520 4773 1547 4825 6
1574 4770 1737 4847 λόγος

136 4846 378 4920 δηλώσειε.
413 4865 647 4935 Συχνῶς
678 4860 735 4915 δὲ
765 4865 861 4914 τοῦ
892 4862 1093 4935 πατρὸς
1127 4860 1292 4915 αὐτοῦ
1324 4860 1413 4915 καὶ
1464 4858 1734 4936 βασιλέως

130 4944 235 5026 κατα
258 4947 365 5000 θέαν
395 4948 487 5003 τοῦ
527 4948 729 5014 παιδὸς
778 4948 1086 5025 ἐρχομὶνου
1144 4950 1342 5025 (ἀγάπῃ
1401 4951 1505 5026 γάρ
1570 4951 1733 5025 ὑπερ-

131 5022 366 5111 saxeam
398 5036 573 5116 ἐφίλει
606 5022 929 5111 αὐτὸν),“ὲνί
988 5044 1088 5113 μιᾷ
1149 5022 1262 5112 (τε)
1320 5022 1485 5113 λέγει
1528 5022 1733 5111 αὐτῷ-ὁ

133 5120 237 5184 υἷάς·
279 5126 469 5182 Μαθεῖν
527 5150 581 5184 τι
640 5127 963 5201 ἐπεθύμησα
1018 5128 1167 5203 παρά
1224 5132 1344 5197 σοῦ,
1398 5126 1442 5182 ὦ
1502 5126 1734 5183 δέσποτα

187 5249 278 5327 (τι)
306 5253 440 5309 Vide
472 5260 511 5311 t.
545 5256 645 5320 III,
681 5272 738 5327 p.
773 5257 894 5321 382,
932 5273 991 5311 n.
1028 5260 1078 5309 ι.

190 5324 283 5400 (Ῠῖι)
307 5328 367 5391 Α,
397 5332 637 5400 γνωριεῖ,
674 5324 733 5400 et
761 5328 845 5383 sic
878 5329 938 5388 Β.
970 5329 1019 5382 si
1050 5327 1201 5383 bene
1231 5325 1450 5400 notavi.
1486 5326 1525 5379 C

1904 4420 2035 4473 H836
2050 4414 2968 4483 utadolescensaudivit,nullum
2983 4413 3235 4469 alterum
3248 4411 3490 4467 verbum

1843 4507 2433 4578 adjunxit.Cznterum
2450 4505 2726 4560 salutaris
2741 4521 2934 4559 sermo
2948 4503 3134 4575 ipsius
3148 4508 3351 4575 pectus
3368 4501 3495 4555 teti-

1846 4596 1948 4669 git,
1967 4614 2032 4651 ac
2047 4596 2323 4651 Paracliti
2343 4596 2532 4668 gratia
2549 4594 2889 4667 spirituales
2914 4595 3101 4666 ipsius
3125 4593 3328 4649 oculos
3349 4608 3491 4663 ape-

1846 4685 1962 4739 rire
1995 4702 2270 4757 aggressa
2296 4691 2406 4751 est,
2442 4701 2575 4739 eum
2608 4684 2682 4739 ad
2713 4701 2915 4738 verum
2966 4684 3172 4750 Deum,
3208 4689 3491 4752 tanquam

1845 4782 2118 4846 porrecta
2160 4792 2342 4829 manu
2378 4774 2622 4837 ducens,
2673 4772 3175 4844 quemadmodum
3208 4769 3491 4826 orationis

1844 4880 2161 4936 progressu
2196 4862 2759 4918 demonstrabimus.
2790 4864 2933 4917 Cum
2957 4868 3156 4917 autem
3176 4879 3277 4916 rex
3303 4861 3490 4932 ipsius

1844 4958 2013 5024 pater
2033 4952 2238 5007 crebro
2263 4970 2400 5008 eum
2433 4953 2650 5007 viseret
2684 4952 3026 5024 (singularis
3058 4952 3277 5006 etenim
3307 4951 3491 5022 ipsius

1845 5058 1982 5114 erga
2006 5058 2141 5095 eum
2162 5058 2330 5096 amor
2352 5040 2787 5111 erat),quadam
2811 5041 2904 5095 die
2934 5040 3027 5094 his
3052 5040 3243 5094 verbis
3266 5040 3339 5094 ad
3354 5056 3489 5094 eum

1846 5131 2003 5186 ﬁlius
2030 5148 2172 5186 usus
2197 5136 2313 5186 est:
2335 5132 2378 5186 Ο
2402 5132 2542 5185 here
2564 5148 2631 5186 ac
2649 5148 2769 5200 rex,
2795 5130 3022 5203 aliquid
3044 5148 3115 5185 ex
3132 5136 3188 5186 te
3208 5130 3357 5185 scire
3384 5147 3493 5186 cu-

1555 5332 1741 5409 γνωριὶ

1854 5327 2039 5409 cripsi
2063 5329 2323 5409 γνωριοῖ,
2359 5327 2736 5409 ea_varietate
2770 5327 2988 5409 ‘fretus.
3043 5327 3183 5409 Inde
3239 5332 3492 5409 possunt

134 5391 369 5473 meliores
389 5391 661 5473 auctores
682 5398 896 5469 juvari.
925 5400 1214 5473 _Li_barii_us
1246 5399 1415 5470 epist.
1450 5391 1579 5473 3_82,'
1608 5391 1719 5473 qui
1738 5391 1798 5453 in
1830 5391 2033 5473 codice
2061 5391 2378 5473 3002Lnon
2414 5397 2697 5473 Καλυκίῳ,
2722 5400 2997 5473 utvulgo,
3017 5400 3119 5454 sed
3138 5391 3370 5473 Τιτὶανῷ
3402 5407 3493 5455 est

135 5466 737 5550 Ιῐιδρξίρὶᾶεγράμματα
765 5474 892 5544 γοῦν
922 5469 1095 5524 ἐλθεῖν
1131 5469 1262 5543 ὑπὲρ
1282 5466 1399 5523 ῖτῶν
1460 5466 1828 5544 ἀμῶν-ἐχρῆν
1884 5471 2031 5541 παρά
2082 5473 2176 5523 σοῦ
2212 5466 2525 5537 δηλοῦντα,
2573 5466 2659 5528 ὡς’
2694 5470 2760 5523 τά
2818 5466 2929 5539 μέν’
2973 5468 3093 5543 ἔχοι
3140 5490 3222 5523 σοι
3280 5466 3488 5539 καλῶς,

135 5548 217 5583 των
245 5536 294 5588 οὶ
322 5536 494 5595 λόγων
523 5545 612 5594 νῦν
641 5539 732 5594 έπῖ
764 5546 960 5595 σαυτοῦ
994 5542 1311 5595 ωωντίζεις’
1342 5488 1497 5595 maio
1529 5538 1666 5595 ἔνει.
1704 5542 1862 5595 uuod
1893 5542 2135 5595 verbum
2196 5542 2310 5595 legi
2360 5542 2420 5595 in
2464 5542 2665 5595 codice
2716 5544 2875 5595 3035.
2928 5542 3232 5595 Choricius
3271 5543 3334 5595 in
3380 5544 3488 5595 Vil-

1404 5558 1437 5595 a

245 5530 612 5617 δξλᾷγωννῦν
641 5539 732 5617 ἐπί
764 5530 960 5596 σαυτοῦ
994 5530 1311 5617 φρυντίζέις’
1342 5559 1395 5596 m

1465 5538 1862 5616 o_é_'xei,_q'uod
1893 5538 2135 5616 verbum
2196 5542 2310 5614 legi
2360 5542 2420 5596 in
2464 5542 2878 5616 codice_>3035_.
2928 5538 3232 5616 Ch'oricius
3271 5543 3334 5616 in
3380 5538 3493 5597 Vil-

134 5599 311 5692 ioisoui
339 5599 627 5692 ᾼὶιεσίίοεὶβ
649 5614 870 5692 Graecis,
904 5599 1048 5692 toni:
1080 5617 1152 5687 ΙΙ,
1185 5599 1316 5687 pag.
1350 5617 1417 5668 57
1446 5631 1459 5668 :
1487 5599 1594 5668 Τὸῖ
1620 5599 1741 5689 φίλῖ

1859 5634 1984 5690 ργον
2018 5613 2232 5668 ἀνεῖλον
2255 5599 2516 5685 υπατέρα,
2558 5610 2774 5684 παιδὸς,
2821 5613 2881 5669 οὗ
2934 5616 3011 5687 μὴ
3060 5615 3209 5692 φέρει
3255 5614 3357 5684 τὴν
3401 5633 3486 5672 τι·

132 5670 325 5762 λεοξῄν,
340 5681 680 5762 ἀποστερήσα
692 5701 729 5762 ις
764 5670 903 5755 ima:
934 5670 1111 5762 φέῥὸς·

185 5751 278 5823 {75)
305 5754 453 5813 Infra
475 5751 674 5832 plene,
708 5753 763 5813 ἐν
798 5751 899 5835 μιᾷ
923 5751 1035 5815 τῶν
1067 5758 1314 5836 ἡμερῶν.
1351 5758 1489 5815 Vide
1521 5762 1725 5821 notata

1867 5758 2093 5833 Syutip.
2126 5774 2259 5834 pag.
2327 5760 2416 5815 79.
