4000 6202
455 372 555 429 891

2010 349 2375 405 ADDENDA.
3691 347 3774 400 89?.

460 499 556 571 pio
574 494 744 566 cujus
765 503 943 545 causa
967 487 1288 558 perpetuus
1312 493 1547 571 mmror,
1568 480 1743 545 atque
1784 472 1977 527 omnis
2006 471 2102 525 in-
2133 532 2135 537 η

2245 473 2300 527 καὶ
2332 472 2577 548 βασιλεῦ,
2611 471 2692 546 ἐφ’
2723 473 2768 544 ᾧ
2798 469 2948 541 λύπη
2983 466 3238 539 διηνεκὴς
3265 465 3356 521 καὶ
3417 466 3622 538 μέριμνα
3656 465 3782 520 ἀδια-

2651 562 2670 571 ιι
2689 560 2699 571 ο
2981 559 2993 571 ι
3101 561 3111 571 ι
3227 558 3239 571 Ι
3345 556 3404 571 on
3454 551 3496 571 αξ
3649 554 3662 571 ι
3751 554 3782 571 Ἰ

463 557 857 633 termissionis
877 557 1084 638 expers
1099 559 1435 618 sollicitudo
1449 558 1712 613 animum
1729 571 1927 610 meum
1941 557 2106 608 exest

464 683 531 724 ac
553 661 994 721 conﬁcit.Pater
1016 659 1213 710 autem
1233 668 1302 705 ex
1325 649 1576 718 hocipso
1593 660 1864 700 sermone
1882 644 2107 697 intimis

460 752 782 812 visceribus
806 739 1437 806 discruciatus,ait:Dic
1459 733 1984 802 milii,charissime
2002 731 2107 794 ﬁli,

465 849 736 920 quisnam
765 842 839 896 sit
860 840 955 894 hic
978 851 1193 892 mceror
1215 832 1314 903 qui
1334 837 1388 886 te
1410 829 1734 895 obsidet,ac
1757 826 1955 881 statim
1975 839 2111 878 eum

466 917 526 994 in
550 934 831 1010 gaudium
845 932 1210 985 commutare
1227 920 1649 978 studebo.Tum
1664 933 1829 989 puer:
1849 917 2108 985 Expone,

465 1007 681 1098 inquit,
717 1021 1003 1094 quidnam
1035 1031 1227 1071 causa:
1251 1013 1329 1068 sit
1358 1028 1464 1066 cur
1492 1009 1588 1064 hic
1620 1007 1912 1072 detinear,
1935 1010 2112 1074 atque

467 1097 625 1174 inter
645 1129 846 1170 muros
868 1110 1158 1180 etjanuas
1183 1104 1287 1159 abs
1311 1108 1365 1157 te
1391 1097 1734 1162 concludar,
1758 1111 1945 1166 eoque
1960 1098 2116 1148 statu

472 1210 607 1274 sim,
634 1210 701 1260 ut
729 1221 763 1259 a
793 1200 1031 1257 nemine
1053 1196 1202 1253 adiri
1225 1211 1291 1250 ac
1313 1193 1476 1248 cerni
1502 1186 2059 1262 queam.Quoniam,
2083 1200 2116 1238 o

474 1273 801 1366 ﬁli,inquit
827 1308 950 1357 rex,
976 1288 1114 1343 nolo
1137 1284 1463 1357 quidquam
1485 1281 1686 1335 videas
1713 1277 1870 1348 quod
1892 1273 2118 1347 pectori

470 1363 921 1442 tuomolestiam
935 1375 1393 1444 all'erat,tibique
1408 1372 1764 1441 voluptatem
1780 1363 2123 1435 interpellat

475 1474 779 1547 Siquidem
801 1472 914 1525 hoc
936 1485 1041 1540 ago
1065 1484 1132 1522 ac
1151 1468 1444 1536 specto,ut
1467 1462 1528 1514 in
1544 1456 1845 1530 perpetuis
1867 1453 2118 1519 deliciis,

479 1543 653 1636 atque
676 1561 837 1617 omni
858 1557 1071 1631 gaudio
1100 1553 1404 1623 animique
1435 1550 1755 1619 voluptate,
1783 1561 1960 1599 omne
1990 1543 2120 1596 vitae

478 1631 713 1725 tempus
736 1649 1030 1705 traducas.
1050 1649 1124 1700 At
1143 1643 1316 1698 velim
1342 1641 1552 1696 sciaso
1577 1634 1944 1705 here,inquit
1965 1631 2122 1686 ﬁlius

483 1746 556 1801 ad
579 1748 829 1816 patrem,
855 1755 947 1794 me
968 1739 1081 1792 hoc
1103 1734 1278 1790 modo
1294 1749 1413 1786 non
1436 1732 1494 1784 in
1519 1728 1730 1801 gaudio
1750 1731 1925 1796 atque
1939 1721 2123 1779 animi

2216 582 2452 622 παυστος
2482 560 2749 616 κατεσθίει
2785 581 2892 633 μου
2933 559 3034 628 την
3088 558 3296 632 ψυχήν.
3345 556 3408 610 Ὀ
3451 551 3504 608 δὶ
3547 554 3716 623 παῖηο,
3750 554 3787 626 ἐξ

2218 650 2391 704 αὐτῶν
2449 651 2557 704 τῶν
2611 649 2871 727 ῥημάτων
2936 647 3184 722 ἀλγήσας
3226 645 3294 699 τὰ
3349 643 3636 716 σπλάγχνα,
3696 641 3785 719 ἔφη·

2219 742 2352 817 Λέγε
2386 764 2500 815 μοι,
2532 742 2715 797 τέκνον
2761 739 3158 806 ποθεινότατον,
3218 735 3300 797 τίς
3355 737 3389 804 ἡ
3448 732 3708 806 συνέχουσά
3750 754 3789 787 σε

2221 831 2393 904 λύπη,
2424 831 2512 887 καὶ
2547 838 2734 896 θᾶττον
2762 830 2930 898 αὐτὴν
2977 829 3053 889 εἷς
3103 826 3279 903 χαρὰν
3323 825 3628 896 μεταμεῖψαι
3665 842 3792 874 σπου-

2223 919 2388 977 δάσω.
2436 921 2530 976 Καὶ
2576 943 2738 998 φησιν
2793 921 2820 974 6
2879 923 3027 980 παῖς·
3070 919 3166 978 Τίς
3225 916 3253 969 6
3311 912 3508 988 τρόπος
3554 917 3642 978 τῆς
3691 908 3789 980 ἐμῆς

2223 1008 2408 1066 ἐνθάδε
2457 997 2801 1081 καθείρξεως,
2855 1009 2938 1062 ’ὀτι
2990 1006 3139 1068 ἐντὸς
3211 1004 3440 1077 τειχέων
3507 998 3589 1053 καὶ
3654 997 3791 1052 πυλῶν

2224 1099 2564 1162 συνέκλεισάς
2627 1121 2714 1173 με,
2769 1099 3031 1173 ἀπρόϊτον
3092 1095 3268 1164 πάντη
3325 1093 3416 1146 καὶ
3468 1089 3662 1143 ἀθέατον
3705 1089 3796 1141 πᾶσί

2229 1212 2295 1264 με
2314 1191 2653 1259 καταστήσας
2682 1209 2696 1257 ;
2746 1189 2848 1245 Καὶ
2880 1189 2908 1242 6
2938 1187 3117 1260 πατὴρ
3172 1179 3297 1256 ἔφη’
3359 1179 3434 1238 Οὐ
3494 1176 3743 1254 βούλομαι⁷
3767 1177 3795 1231 ὦ

2224 1283 2435 1350 τέκνον,
2470 1276 2600 1333 ἰδεῖν
2637 1280 2694 1333 σέ
2740 1300 2794 1333 τι
2837 1282 2944 1334 τῶν
2987 1272 3324 1345 ἀηδιζόντων
3373 1272 3472 1340 τὴν
3507 1268 3698 1345 καρδίαν
3734 1289 3799 1322 σου

2227 1369 2318 1426 καὶ
2380 1368 2758 1444 ἐγκοπτόντων
2817 1387 2900 1421 σοι
2958 1367 3058 1434 τήν
3120 1361 3486 1438 εὐφροσύνην.
3539 1361 3615 1414 Ἐν
3671 1359 3798 1433 ’προσῇ

2229 1462 2333 1535 γὰρ
2367 1457 2606 1526 διηνεκεῖ
2660 1457 2747 1511 καὶ
2801 1459 2946 1532 χαρᾷ
2999 1451 3144 1527 παίσῃ
3187 1451 3278 1506 καὶ
3331 1446 3564 1521 θυμηδίᾳ
3610 1447 3733 1516 {icui
3767 1467 3804 1498 σε

2229 1550 2320 1603 τὸν
2354 1548 2561 1602 ’ἅπαντα
2593 1545 2917 1618 διανοοῦμαι
2949 1544 3139 1599 αἰῶνα.
3194 1538 3357 1597 Ἀλλ’
3408 1536 3463 1592 εὖ
3512 1537 3629 1606 ἴσθι,
3671 1534 3705 1588 ὦ
3745 1532 3804 1588 δέ·

2235 1660 2426 1707 σποτα,
2456 1638 2620 1716 φησὶν
2655 1638 2681 1691 6
2714 1637 2829 1696 υἱὸς
2859 1639 2938 1706 τῷ
2973 1632 3158 1705 πατρῖ,
3189 1635 3273 1702 τῷ
3318 1627 3506 1704 τρόπῳ
3548 1627 3699 1697 τούτῳ
3736 1626 3805 1678 οὐκ

2232 1727 2285 1784 ἐν
2321 1713 2477 1804 χαρᾷ.
2495 1728 2583 1782 καὶ
2617 1723 2860 1799 θυμηδίᾳ
2910 1728 3005 1794 ζῶ,
3057 1721 3108 1777 ἐν
3161 1719 3348 1793 θλίψει
3409 1717 3464 1772 δὲ
3524 1715 3705 1789 μᾶλλον
3744 1713 3806 1767 καὶ

481 1805 941 1905 γοιιιριξιιοξεοά
974 1826 1168 1898 potius
1200 1823 1260 1878 in
1305 1820 1627 1877 afﬂictione
1673 1821 1850 1886 atque
1899 1811 2124 1884 ingenti

2245 1817 2577 1894 στενοχωρίᾳ
2606 1816 2818 1890 πολλῇ,
2853 1817 2926 1876 ὡς
2958 1813 3045 1868 καὶ
3087 1811 3257 1878 αὐτὴν
3312 1810 3408 1876 τὴν
3455 1808 3639 1881 βρῶσίν
3665 1826 3712 1858 τε
3744 1805 3805 1858 καὶ

2296 1910 2306 1914 -
2437 1909 2450 1914 -
2507 1905 2528 1914 ι
2952 1905 2962 1914 ι
3190 1903 3276 1914 ι-Α
3404 1897 3418 1914 \
3592 1897 3602 1913 '
3698 1899 3727 1914 η
3758 1893 3800 1914 Λ.

483 1902 756 1995 angustia
785 1920 961 1974 vitam
993 1931 1201 1988 agere;
1233 1912 1378 1967 adeo
1427 1914 1494 1964 ut
1533 1909 1660 1980 ipse
1692 1921 1928 1978 quoque
1961 1902 2128 1957 cibus

483 1993 755 2082 ac‘potus
785 2005 1023 2063 fastidio
1051 2001 1195 2058 mihi
1229 2006 1287 2056 et
1308 1997 1611 2054 acerbitati
1636 1995 1749 2062 sit;
1775 1993 1994 2048 etenim
2009 2007 2133 2063 ges-

485 2103 555 2156 tit
582 2081 819 2155 animus
847 2113 915 2150 ea
947 2111 1076 2165 qua:
1109 2097 1273 2145 extra
1303 2090 1409 2144 has
1433 2087 1650 2159 januas
1681 2088 1822 2139 sunt
1841 2081 2135 2154 perspice-

483 2208 568 2245 re.
593 2185 988 2253 Quamobrem
1013 2183 1061 2236 si
1088 2197 1182 2236 me
1205 2180 1337 2233 lmte
1361 2172 1708 2247 acjucunde
1730 2172 1923 2226 vivere
1943 2169 2132 2240 cupis,

477 2278 626 2351 jube
653 2293 748 2331 me
771 2274 1059 2330 arbitratu
1081 2286 1213 2325 meo
1235 2268 1392 2322 foras
1419 2263 1712 2337 progredi,
1733 2267 1909 2332 atque
1930 2273 2133 2314 earum

488 2349 690 2424 rerum
721 2380 974 2436 quarum
995 2364 1341 2434 prospectus
1364 2355 1507 2412 mihi
1530 2358 1778 2426 negatur
1795 2349 2135 2423 spectaculo

491 2459 758 2514 animum
791 2454 1107 2509 oblectare.

565 2549 696 2604 Hzec
721 2551 790 2602 ut
817 2562 920 2600 rex
950 2542 1191 2609 audivit,
1224 2537 1505 2595 mmstitia
1534 2537 1778 2592 aﬂ‘ectus
1811 2537 1918 2601 est,
1953 2530 2134 2586 illud-

495 2655 611 2711 que
642 2635 938 2709 cogitabat
967 2633 1114 2699 fore,
1147 2637 1213 2685 ut
1242 2631 1290 2686 si
1322 2629 1407 2684 illi
1441 2627 1597 2699 quod
1627 2624 1867 2697 petebat
1888 2623 2134 2693 denega-

490 2733 601 2796 ret,
637 2727 925 2798 majorem
956 2724 1008 2779 ei
1041 2737 1354 2777 mmrorem
1381 2735 1447 2774 ac
1479 2714 1940 2772 sollicitudinem
1963 2712 2135 2766 alier-

491 2822 601 2872 ret.
635 2815 922 2882 Quocirca
949 2830 1008 2868 se
1045 2829 1175 2883 quae
1225 2814 1390 2882 grata
1437 2806 1547 2879 ipsi
1597 2809 1797 2860 essent
1841 2802 2138 2857 facturum

493 2907 660 2963 dixit.
685 2909 765 2960 Ac
789 2905 987 2960 statim
1001 2901 1248 2957 eximios
1268 2915 1450 2970 equos
1463 2913 1529 2952 ac
1553 2894 1876 2951 satellitum
1893 2906 2138 2946 manum

496 2997 670 3069 regize
697 2993 1406 3067 dignitaticongruentem
1423 2985 1614 3059 parari
1632 2983 1832 3056 jussit,
1862 2982 2034 3051 eique
2052 2980 2140 3034 fo-

494 3068 612 3154 ras,
637 3085 867 3156 quoties
891 3076 1506 3152 vellet,progrediendi
1530 3078 1882 3146 potestatem
1897 3068 2141 3125 fecitJis

496 3181 693 3232 autem
715 3174 972 3244 quicum
997 3187 1062 3226 eo
1085 3168 1473 3224 versabantur
1494 3178 1870 3234 summopere
1893 3159 2142 3215 manda-

493 3265 574 3320 vit
601 3271 668 3319 ut
697 3266 975 3318 curarent
1003 3277 1077 3316 ne
1101 3258 1242 3331 quid
1259 3254 1572 3330 injucundi
1606 3253 1834 3308 obviam
1857 3249 2102 3305 haberet
2125 3265 2138 3313 ;

495 3370 698 3409 verum
730 3350 1021 3423 quidquid
1063 3349 1375 3421 pulchrum
1410 3351 1467 3400 et
1505 3359 1802 3400 amomum
1836 3339 2140 3411 acjucun-

499 3445 641 3500 dum
673 3448 849 3510 esset,
883 3441 995 3513 ipsi
1054 3438 1478 3502 ostenderent;
1511 3435 1873 3503 choreasque
1919 3431 1980 3484 in
2033 3428 2142 3483 viis

498 3533 813 3606 agitarent,
839 3529 1323 3599 suavissimisque
1352 3524 1730 3581 cantionibus
1762 3535 2002 3593 operam
2039 3517 2145 3573 da-

498 3629 654 3686 rent,
688 3639 755 3677 ac
801 3620 960 3676 varia
1008 3617 1344 3690 spectacula
1394 3615 1842 3679 constituerent,
1896 3616 1963 3665 ut
2016 3610 2143 3680 ipse

499 3715 763 3766 mentem
794 3710 888 3764 his
920 3708 1102 3763 rebus
1134 3711 1454 3777 occuparet
1483 3711 1658 3776 atque
1691 3702 2034 3758 oblectaret.

575 3891 721 3944 Cum
739 3887 917 3961 igitur
936 3885 1093 3959 regis
1111 3885 1270 3942 filius
1287 3884 1358 3940 ad
1372 3885 1530 3939 hunc
1569 3881 1811 3938 modum
1842 3881 2000 3935 foras
2019 3894 2148 3934 cre—

502 3979 608 4036 bro
633 3977 1106 4051 progrederetur,
1142 3975 1395 4048 quadam
1429 3973 1523 4027 die
1562 3972 1974 4027 ministrorum
1997 3967 2150 4023 obli-

503 4070 676 4125 vione
704 4067 926 4123 factum
949 4071 1038 4122 est
1056 4071 1121 4120 ut
1142 4065 1291 4120 duos
1309 4065 1465 4118 viros
1486 4061 1868 4133 perspiceret,
1895 4073 2147 4129 quorum

507 4160 657 4216 alter
685 4158 872 4230 lepra,
897 4156 1050 4212 alter
1067 4147 2148 4218 caecitatelaborabat.Quosconspica-

505 4255 625 4317 tus,
657 4253 834 4320 atque
856 4247 1039 4303 animi
1064 4245 1340 4302 maestitia
1357 4245 1624 4308 affectus,
1641 4241 1710 4296 ab
1736 4240 1806 4295 iis
1829 4240 1928 4312 qui
1949 4254 2148 4294 secum

505 4345 677 4395 erant
699 4338 941 4410 quinam
964 4336 1024 4392 hi
1049 4340 1333 4402 essent,et
1349 4333 1647 4406 quodnam
1671 4347 1840 4404 grave
1863 4329 1974 4384 hoc
1992 4344 2153 4399 spec-

508 4429 771 4484 taculum
806 4432 982 4495 esset,
1006 4430 1385 4498 percontatus
1424 4427 1541 4489 est;
1567 4421 1653 4475 illi
1677 4426 1895 4483 autem,
1931 4435 2064 4473 cum
2093 4417 2153 4471 id

507 4518 665 4591 quod
687 4518 750 4572 in
771 4517 959 4589 ipsius
978 4521 1284 4588 aspectum
1303 4518 1544 4569 venerat
1565 4511 1859 4567 occultare
1882 4525 2002 4563 non
2025 4525 2156 4580 pos-

2238 1910 2394 1966 πόσιν
2428 1905 2570 1978 ἀηδῆ
2607 1927 2700 1980 μοι
2731 1905 3151 1982 καταφαίνεσθαι
3185 1903 3300 1974 (76)
3331 1897 3422 1953 καὶ
3453 1897 3652 1971 πικράν.
3697 1893 3809 1948 Ποθῶ

2237 2000 2335 2074 γὰρ
2364 2003 2492 2075 ὸρᾷν
2521 1996 2692 2051 πάντα
2731 1996 2797 2051 τὰ
2847 1991 2948 2064 ἔξω
2993 1997 3102 2048 τῶν
3156 1989 3352 2045 πυλῶν
3405 1988 3618 2043 τούτων.
3660 1983 3711 2042 Ei
3748 1982 3809 2037 οὖν

2246 2089 2431 2166 βούλει
2461 2088 2512 2142 ἐν
2544 2085 2708 2159 ὀδύνῃ
2763 2086 2836 2159 μή
2902 2088 2998 2158 ζῇν
3063 2103 3149 2156 με,
3205 2079 3468 2136 κέλευσον
3524 2073 3809 2148 προέρχεσθαι

2241 2181 2420 2242 καθὼς
2454 2176 2750 2254 βούλομαι,
2791 2173 2880 2229 καὶ
2932 2173 3219 2245 τέρπεσθαι
3276 2170 3378 2239 τὴν
3437 2169 3610 2242 ψυχὴν
3656 2168 3710 2239 τῇ
3750 2161 3811 2232 θέᾳ

2243 2276 2347 2327 τῶν
2379 2267 2683 2346 γενομένων
2713 2268 2846 2328 τέως
2875 2264 3111 2320 ἀθεάτων
3150 2283 3270 2336 μοι.

2317 2543 2417 2600 ³2
2476 2539 2759 2608 Ἐλυπήθη
2795 2537 2822 2591 ὁ
2859 2531 3114 2610 βασιλεὺς
3172 2531 3251 2593 ὡς
3309 2528 3507 2599 ἤκουσε
3555 2529 3711 2593 ταῦτα,
3751 2520 3809 2576 καὶ

2247 2628 2522 2686 διεσκόπει
2570 2628 2663 2695 ὡς,
2727 2626 2772 2681 εί
2823 2623 3063 2679 κωλύσει
3119 2628 3222 2690 τῆς
3287 2619 3566 2689 αἰτήσεως,
3626 2613 3811 2687 malum:

2248 2720 2392 2792 αὐτῷ
2425 2719 2578 2780 ἀνίας
2609 2715 2699 2771 καὶ
2735 2715 3007 2791 μερίμνης
3033 2710 3298 2786 πρόξενος
3328 2706 3496 2765 ἔσται.
3529 2705 3680 2774 Καῖ,ι‹
3715 2698 3812 2773 Ἐγὼ

2249 2831 2366 2878 σου,
2398 2809 2605 2878 τέκνον,
2641 2803 2931 2874 εἰπὼν,τά
2985 2801 3301 2873 καταθύμια
3347 2799 3576 2866 ποιήσω,
3604 2820 3622 2847 ι
3665 2803 3814 2848 ἵππους

2248 2899 2436 2954 αὐτίκα
2486 2893 2774 2956 ἐκλεκτοὺς
2822 2892 2912 2947 καὶ
2975 2889 3310 2968 δορυφορίαν
3357 2889 3454 2956 την
3506 2882 3692 2961 βασιλιῖ
3728 2877 3815 2952 πρέ·

2249 3009 2454 3044 πουσαν
2515 2984 2923 3058 εὐτρεπισθῆναι
2999 2978 3290 3045 κελεύσας,
3371 2977 3698 3049 προέρχεσθαι
3753 2965 3813 3020 αὖ·

2248 3081 2339 3134 τὸν
2373 3077 2462 3133 ὅτε
2497 3074 2762 3153 βούλοιτο
2824 3071 3141 3147 διωρίσατο,
3192 3069 3502 3141 ἐπισκήψας
3550 3069 3651 3124 τοῖς
3683 3059 3815 3115 moi-

2253 3191 2333 3224 σιν
2397 3168 2542 3239 αὐτῷ
2597 3163 2764 3240 μηδὲν
2802 3159 2964 3232 ἀηδὲς
3011 3161 3086 3222 είς
3145 3158 3467 3228 συνάντησιν
3520 3155 3650 3223 αὐτῷ
3696 3148 3814 3222 ἄγειν,

2253 3256 2421 3323 ἀλλά,
2453 3261 2555 3310 πᾶν
2610 3252 2640 3308 ὅ
2683 3275 2734 3308 τι
2788 3249 2954 3306 καλὸν
3015 3248 3106 3304 καὶ
3161 3249 3356 3322 τέρψιν
3416 3244 3669 3318 ἐμποιοῦν,
3707 3239 3816 3291 τοῦτο

2255 3343 2624 3403 ὑποδεικνύειν
2651 3347 2731 3414 τῷ
2755 3337 2934 3410 παιδὶ,
2966 3337 3172 3414 χορούς
3220 3357 3282 3391 τε
3333 3337 3625 3410 συγκροτεῖν
3666 3326 3707 3382 ἐν
3741 3328 3820 3382 ταῖς

2251 3433 2402 3496 ὁδοῖς
2455 3429 2858 3507 παναρμονίους
2917 3427 3263 3503 κροτούντων
3322 3423 3466 3497 ᾠδὰς
3520 3420 3602 3476 καὶ
3661 3412 3821 3472 ποικῖλπ

2253 3525 2450 3599 θέατρα
2492 3519 2887 3587 συνιστώντων,
2939 3515 3078 3570 ὥστε
3133 3514 3360 3578 τούτοις
3415 3512 3502 3567 τὸν
3556 3513 3663 3563 νοῦν
3708 3502 3818 3558 αὖτοῦ

2253 3609 2686 3687 ἀπασχολεῖσθαι
2722 3608 2812 3663 καὶ
2845 3602 3211 3676 ἐνηδύνεσθαι.

2326 3877 2549 3953 Ἀμέλει
2583 3875 2787 3933 οὑτωσὶ
2820 3875 3100 3951 συχνάζων
3157 3872 3212 3928 ἐν
3263 3877 3384 3934 ταῖς
3427 3864 3659 3944 προόδοις
3699 3863 3720 3917 6
3753 3861 3816 3914 τοῦ

2261 3951 2532 4047 βασιλέως
2563 3967 2703 4037 υίὸς,
2735 3963 2866 4021 εἶδεν
2904 3963 2954 4018 ἐν
2987 3968 3086 4037 μιᾷ
3108 3966 3218 4018 τῶν
3253 3964 3498 4037 ἡμερῶν,
3536 3956 3652 4047 κατά
3690 3951 3814 4047 λιίθην

2255 4065 2362 4116 τῶν
2399 4053 2706 4128 ὑπηρετῶν,
2750 4051 2948 4127 ἄνδρας
3001 4050 3118 4123 δύο,
3167 4053 3244 4106 ὧν
3280 4053 3308 4106 6
3345 4051 3435 4124 μὶν
3489 4039 3812 4113 λελωϐημένος,

2255 4147 2460 4228 τυφλὸς
2493 4145 2550 4202 δὲ
2582 4147 2608 4201 6
2641 4141 2826 4218 ἕτερος
2858 4145 2944 4212 ἦν·
2995 4141 3088 4204 οὕς
3137 4139 3298 4207 ἰδὼν,
3339 4139 3427 4194 καὶ
3472 4132 3703 4206 ἀηδισθεῖς
3741 4128 3810 4192 τήν

2258 4239 2467 4314 ψυχὴν,
2500 4233 2647 4310 λέγει
2678 4239 2796 4295 τοῖς
2827 4233 2942 4306 μετ’
2972 4230 3157 4286 αὐτοῦ·
3214 4231 3374 4291 Τίνες
3431 4227 3584 4292 οὗτοι,
3625 4219 3694 4275 καὶ
3739 4236 3812 4269 πο.

2257 4309 2401 4397 ταπῆ
2435 4329 2470 4395 ἡ
2525 4309 2796 4400 δυσχερὴς
2838 4321 3012 4376 αὐτῶν
3067 4319 3199 4390 θέα;
3252 4319 3319 4376 Οἳ
3365 4315 3442 4388 δὲ,
3482 4316 3550 4388 μή
3595 4309 3812 4379 δυνάμενοι

2259 4419 2320 4474 τὸ
2344 4415 2418 4478 εἷς
2454 4417 2638 4492 ὅρασιν
2693 4412 2857 4467 αὐτοῦ
2904 4409 3062 4474 ἐλθὸν
3108 4409 3443 4484 ἀποκρύψαι,
3481 4400 3672 4481 ἔφησαν
3705 4393 3808 4459 Πάθη

2260 4505 2427 4563 ταῦτά
2495 4503 2628 4559 εἷ’σιν
2684 4501 3014 4575 ἀνθρώπινα,
3075 4498 3231 4553 ἅτινα
3290 4498 3342 4568 ἐξ
3394 4494 3523 4565 ὅλης
3569 4481 3811 4564 διεφθαρμέ-

510 4613 662 4674 sent,
690 4607 796 4662 has
821 4607 1114 4662 humanas
1143 4604 1510 4660 calamitates
1535 4617 1663 4656 esse
1688 4597 2135 4671 responderunt,

2257 4594 2463 4666 νηςκαὶ
2498 4594 2751 4665 σώματος
2779 4587 3103 4662 κακοχύμου
3154 4593 3273 4648 τοῖς
3327 4587 3532 4661 βροτοῖς
3571 4571 3808 4650 συμϐαίνειν

509 4716 639 4770 quae
663 4713 733 4752 ex
755 4700 1032 4767 corrupta
1052 4694 1320 4761 materia,
1352 4698 1409 4748 et
1430 4707 1674 4762 corpore
1689 4688 1911 4743 vitiosis
1933 4687 2146 4740 humo-

510 4788 673 4843 ribus
698 4784 1258 4858 pleno,mortalibus
1271 4782 1610 4852 contingere
1630 4778 1994 4834 solent.Tum
2009 4775 2108 4830 ille.
2133 4791 2147 4829 :

509 4876 825 4934 Cunctisne
854 4873 1196 4930 hominibus
1227 4873 1352 4927 haec
1378 4869 1643 4926 accidere
1675 4864 2155 4923 consueverunt?

510 4969 635 5022 Non
667 4965 917 5028 cunctis,
943 4961 1352 5034 inquiuntilli,
1375 4977 1579 5016 verum
1611 4960 1681 5014 iis
1703 4957 2154 5026 duntaxatquo-

510 5073 642 5110 rum
666 5055 938 5110 valetudo
953 5057 1194 5125 propter
1209 5050 1515 5121 improbos
1536 5050 1817 5103 humores
1839 5045 2155 5118 depravata

512 5146 604 5198 sit.
630 5147 887 5200 Rursum
910 5144 1090 5214 igitur
1111 5140 1398 5196 sciscitari
1418 5137 1677 5210 perrexit
1695 5136 2072 5192 adolescens:
2095 5134 2154 5188 Si

512 5249 632 5287 non
648 5250 854 5288 omnes
871 5233 1143 5288 homines
1166 5231 1226 5284 in
1241 5231 1348 5285 has
1364 5228 1730 5284 calamitates
1749 5226 2010 5281 incidere
2024 5241 2157 5280 con-

515 5329 854 5386 sueverunt,
875 5321 980 5378 sed
1005 5320 1246 5392 quidam
1271 5319 1574 5382 duntaxat,
1602 5317 2049 5388 exploratumne
2069 5320 2160 5370 est

519 5412 764 5482 quinam
797 5412 918 5467 sint
946 5429 1094 5482 quos
1124 5411 1417 5466 malorum
1450 5408 1802 5464 acerbitates
1834 5412 2155 5477 arreptum)

519 5501 676 5569 sint;
710 5517 784 5557 an
816 5506 1022 5557 contra
1042 5501 1190 5556 citra
1211 5500 1396 5556 ullam
1420 5498 1862 5555 distinctionem
1883 5503 2061 5568 atque
2087 5512 2159 5552 ex

2260 4685 2436 4741 εἴωθε.
2470 4681 2568 4737 Καί
2601 4702 2761 4758 φησιν
2798 4679 2824 4734 6
2856 4683 3004 4740 παῖς·
3039 4681 3173 4732 nam
3223 4681 3341 4739 τοῖς
3385 4672 3657 4747 ἀνθρώποις
3694 4664 3808 4716 ταῦτί

2263 4775 2486 4839 εἶ’θισται
2547 4765 2903 4844 συμϐαίνεινς
2981 4765 3240 4842 Λέγουσιν
3299 4765 3509 4819 ἐκεῖνοι·
3562 4756 3628 4815 Ού
3676 4757 3805 4807 πᾶσιν,

2261 4862 2388 4919 ἀλλ’
2414 4865 2495 4924 οἷς
2528 4859 2588 4916 ἂν
2625 4856 2916 4934 ἐκτραπείη
2948 4856 3011 4911 τὸ
3045 4856 3270 4932 ὑγιεινὸν
3304 4854 3362 4909 ἐκ
3387 4858 3482 4920 τῆς
3529 4853 3622 4903 τῶν
3665 4841 3805 4917 χυμῶν

2268 4950 2600 5030 μοχθηρίας.
2635 4948 2802 5013 Αὖθις
2835 4945 2926 5002 οὖν
2961 4945 3282 5001 ἐπυνθάνετο
3314 4945 3341 4998 δ
3369 4947 3506 5002 παῖς.
3537 4937 3591 4992 ει
3625 4933 3677 4987 οὐ
3701 4935 3805 5030 πᾱῖιζ

2268 5011 2278 5029 .
2348 5011 2386 5030 n.
2444 5011 2470 5026 -ι
2568 5011 2576 5013 ~
2731 5011 2742 5013 ~

2265 5041 2420 5121 φησί,
2449 5045 2611 5096 τοῦτο
2641 5043 2758 5100 τοῖς
2794 5036 3107 5113 ἀνθρώποις
3139 5030 3446 5108 συμϐαίνειν
3496 5025 3669 5090 εἶ’ωθεν,
3708 5011 3807 5072 ἀλλά

2260 5132 2427 5201 τισὶν,
2457 5137 2563 5205 ’ἄρα
2590 5125 2824 5206 γνωστοὶ
2876 5126 3289 5195 καθεστήκασιν,
3349 5121 3434 5182 οὕς
3491 5115 3652 5192 μέλλει
3691 5110 3806 5161 tam

2263 5220 2671 5293 καταλήψεσθαι
2700 5216 2766 5272 τά
2799 5213 2980 5284 δεινάς
3012 5216 3047 5286 ἢ
3081 5212 3403 5288 ἀδιορίστως
3430 5209 3512 5264 καὶ
3554 5201 3802 5278 ἀπροὸπτωξ

2267 5310 2581 5389 ὑφίσταται;
2627 5310 2728 5364 33
2781 5306 3040 5378 Λέγουσιν
3095 5303 3311 5358 ἐκεῖνον
3361 5300 3453 5356 Καὶ
3505 5295 3578 5356 τίς
3624 5295 3706 5344 τῶν
3729 5284 3801 5389 ,ἀν-

2277 5367 2283 5368 ,
2314 5367 2322 5389 Ι
2570 5367 2581 5377 ,
2868 5367 2878 5378 ,

2267 5399 2501 5476 θρώπων
2531 5399 2599 5453 τά
2659 5391 2936 5470 μέλλοντα
2984 5390 3213 5448 συνιδεῖν
3272 5388 3477 5445 δύναται
3517 5383 3593 5440 καὶ
3632 5367 3800 5450 ἀκριϐῶς

2267 5491 2592 5568 ἐπιγνῶναι;
2624 5491 2872 5565 κρεῖττον
2913 5483 3015 5560 γὰρ
3064 5481 3400 5558 ἀνθρωπίνης
3451 5475 3632 5553 φύσεως
3670 5467 3795 5525 τοῦτο,

586 5648 696 5720 (76)
725 5648 787 5718 Ο,
816 5641 1111 5730 φαίνεσθαι·
1149 5644 1522 5730 Ιιίὒδιιίυεης.
1553 5645 1598 5728 Ι,
1623 5661 1680 5716 p.
1715 5646 1817 5699 253
1844 5661 1858 5700 :
1897 5642 2036 5730 μήτε
2066 5638 2135 5716 ὅψ

2245 5661 2253 5695 ι
2285 5636 2362 5696 ἔτι
2394 5634 2521 5698 τοὺς
2545 5631 2596 5691 ἐν
2628 5637 2748 5698 ταῖς
2799 5631 3090 5704 συνθήκαις
3142 5626 3391 5691 ἐκείνους·
3441 5623 3529 5682 ubi
3567 5617 3668 5677 cod.
3705 5606 3792 5666 1000

517 5715 733 5796 θήκαις,
762 5715 985 5778 omissa
1013 5733 1174 5774 nunc
1206 5715 1689 5774 commodissime
1719 5715 2164 5792 praepositione.
