3952 6202
199 365 285 422 893
1353 365 1531 420 VITA
1567 364 1918 421 BARLAAM
1952 366 2048 420 ΕΤ
2080 363 2425 421 JOASAPH.

3481 368 3589 425 894

198 489 272 543 καὶ
328 486 522 561 μόνοις
569 481 965 561 ἀποκληρωθὶν
1013 489 1132 548 τοῖς
1185 484 1465 548 ἀθανάτοις
1512 486 1681 548 θεοῖς.
1732 485 1832 540 Καὶ

1975 488 2262 559 mproviso
2294 486 2635 543 conﬂantur
2658 487 2685 543 ‘I
2713 489 2784 542 Et
2811 488 2946 559 quis
2976 488 3216 544 tandem
3253 491 3586 561 hominum,

199 575 448 631 ἐπαύσατο
511 575 661 648 μὶνὸ
691 578 788 628 τοῦ
850 570 1122 648 βασιλέως
1176 575 1292 636 υἱὸς
1350 572 1658 649 ἐπερωτῶν,
1690 571 1832 628 ὠδυο

198 667 313 735 νήθη
348 662 406 719 δὲ
435 666 535 733 τὴν
580 660 807 739 καρδίαν
863 663 950 718 ἐπὶ
1005 667 1086 736 τῷ
1116 664 1384 739 ὁραθέντι,
1415 664 1505 719 καὶ
1535 663 1826 735 ἠλλοιώθη

196 753 447 829 ημοριρή
503 756 600 807 105
657 749 957 826 προσώπου
1014 751 1179 806 αὐτοῦ
1236 752 1491 822 ἀσυνήθει
1545 756 1645 807 105
1691 750 1829 827 πρά-

196 862 414 916 γματος.

1942 577 2381 648 responderunt
2408 576 2519 643 illi,
2553 576 2751 634 futura
2772 578 3107 651 perspicere
3125 594 3193 634 ac
3224 579 3480 650 perfecte
3502 582 3590 635 in-

1946 667 2209 739 telligere
2232 666 2455 738 queat?
2479 668 2595 722 Hoc
2623 667 2784 722 enim
2808 667 3084 724 humana:
3109 673 3334 724 naturae
3348 674 3584 739 captum

1942 755 2192 821 excedit,
2226 772 2292 812 ac
2323 755 2465 811 solis
2496 756 2936 812 immortalibus
2969 758 3082 813 diis
3103 758 3453 813 attributum
3478 762 3586 813 est.

1943 845 2047 900 Hic
2072 844 2458 917 percontandi
2484 846 2725 916 quidem
2776 848 2957 902 tinem
3004 847 3145 902 fecit
3185 848 3340 921 regis
3390 847 3587 915 ﬁlius;

195 950 379 989 verum
413 950 485 989 ex
511 932 858 1005 hujusmodi
889 932 1226 1005 spectaculo
1258 933 1526 989 dolorem
1558 933 1758 990 animo
1815 934 1992 1005 cepit,
2047 934 2254 1006 reique
2312 936 2570 991 novitate
2625 936 2708 991 ita
2737 937 2984 992 affectus
3014 943 3123 1002 est,
3157 944 3222 993 ut
3249 938 3369 994 oris
3398 936 3587 1009 ipsius

198 1024 370 1080 forma
397 1024 837 1079 immutaretur.

260 1130 378 1187 Μετ’
409 1129 470 1185 οὖ
502 1127 721 1195 πολλὰς
776 1126 834 1184 δὲ
881 1130 1097 1206 ἡμέρας
1154 1131 1306 1195 αὖθις
1357 1127 1717 1206 διερχόμενος
1749 1128 1835 1185 ἐν·

205 1221 436 1297 τυγχάνει
465 1220 683 1296 γέροντι
714 1217 1159 1293 πεπαλαιωμένῳ
1203 1218 1257 1274 ἐν
1305 1219 1543 1296 ἡμέραις
1570 1217 1834 1289 πολλαῖς,

211 1307 566 1387 ἐῤῥικνωμένῳ
621 1308 717 1382 μὲν
776 1308 841 1363 τὸ
894 1309 1214 1385 πρόσωπον,
1276 1308 1588 1384 παρειμένῳ
1637 1306 1695 1363 δὲ
1740 1308 1835 1371 τὰς

210 1401 412 1473 κνήμας,
444 1398 826 1476 συγκεκυφότι,
874 1400 965 1453 καὶ
1016 1396 1164 1461 ὅλως
1214 1400 1643 1473 πεπολιωμένῳ,
1687 1396 1835 1453 ἐστε·

213 1494 411 1568 ρημένῳ
462 1493 588 1554 τοὺς
650 1488 893 1557 ὀδόντας,
948 1490 1041 1545 καὶ
1114 1489 1495 1565 ἐγκεκομμένα
1551 1488 1831 1546 λαλοῦντι.

212 1579 484 1653 Ἐκπληξις
541 1580 631 1635 05v
706 1577 864 1634 αὐτὸν
938 1574 1230 1652 λαμϐάνει·
1287 1578 1378 1633 καὶ
1446 1576 1537 1647 δὴ,
1595 1577 1835 1648 πλησίον

215 1673 383 1723 τοῦτον
408 1668 646 1743 ἀγαγὼν,
679 1666 937 1743 ἐπηρώτα
992 1672 1182 1742 μαθεῖν
1237 1667 1299 1722 τὸ
1347 1675 1449 1736 τῆς
1507 1663 1629 1731 θέας
1657 1665 1831 1742 παρά-

2017 1133 2269 1188 Rursum
2302 1139 2500 1189 autem
2530 1132 2687 1189 foras
2718 1134 3122 1207 progrediens,
3146 1134 3207 1190 in
3247 1134 3585 1207 capularem

1946 1221 2264 1293 quemdam
2278 1239 2481 1278 senem
2504 1223 2732 1290 incidit,
2750 1231 2956 1296 rugata
2972 1224 3141 1290 facie,
3154 1224 3357 1280 fractis
3379 1241 3446 1280 ac
3464 1224 3586 1281 dis-

1947 1311 2156 1367 solutis
2189 1312 2369 1377 tibiis,
2402 1330 2577 1368 curvo
2610 1330 2878 1385 corpore,
2913 1315 3103 1386 capite
3134 1331 3377 1386 prorsus
3417 1331 3586 1383 cano,

1944 1401 2044 1471 qui
2060 1407 2347 1472 prmterea
2359 1401 2636 1457 dentibus
2650 1404 3092 1474 carebat.atque
3104 1405 3409 1460 concisum
3426 1404 3592 1475 quid-

1943 1490 2080 1545 dam
2095 1496 2153 1545 et
2173 1492 2569 1563 interruptum
2587 1493 3213 1565 loquebatur.Stupore
3236 1495 3435 1565 itaque
3461 1511 3589 1550 cor~

1942 1587 2165 1652 reptus,
2200 1598 2333 1636 cum
2370 1582 2673 1637 hominem
2707 1599 2841 1637 eum
2870 1584 3146 1654 proprius
3181 1584 3255 1638 ad
3286 1599 3349 1638 se
3380 1584 3592 1639 adduci

1934 1671 2234 1742 jussisset,
2264 1689 2364 1728 eos
2389 1673 2487 1743 qui
2513 1678 2637 1726 tum
2660 1672 2908 1727 aderant
2929 1673 3331 1744 interrogabat
3351 1671 3590 1743 ecquid-

212 1756 366 1829 δοξον.
395 1760 460 1817 Οἱ
491 1756 549 1814 δὶ
602 1758 981 1835 συμπαρόντες
1034 1758 1208 1814 εἷπον*
1266 1759 1439 1820 Οὗτος
1470 1757 1688 1833 χρόνων
1718 1754 1829 1827 ἤδη

1975 1778 2084 1839 ιωῃ
2112 1767 2230 1816 tam
2262 1761 2530 1817 insolens
2570 1761 2974 1833 spectaculum
3024 1767 3199 1817 esset.
3250 1761 3342 1816 Illi
3392 1767 3587 1817 autem

210 1848 456 1905 πλείστων
514 1849 773 1925 ὑπάρχει,
848 1848 938 1903 καὶ
1017 1849 1156 1904 κατᾶ
1232 1850 1427 1923 μικρὸν
1500 1847 1832 1921 μειουμένης

213 1936 343 2012 αὐτῷ
367 1946 462 2009 τῆς
503 1938 718 2013 ἰσχύος,
768 1937 1191 2009 ἐξασθενοῦντων
1252 1935 1309 1993 δὲ
1355 1941 1463 1992 τῶν
1519 1935 1725 2009 μελῶν,
1756 1936 1832 1998 εἷς

205 2026 265 2097 ἦν
295 2029 415 2103 δρᾷς
459 2022 656 2103 ἔφθασε
713 2026 1118 2104 ταλαιπωρίαν.
1178 2028 1283 2083 Καὶ
1340 2027 1417 2095 τί,
1450 2027 1605 2104 φησὶ,
1636 2025 1835 2081 τούτου

206 2119 263 2173 τὸ
289 2117 474 2187 τέλοςς
507 2118 575 2174 Οἱ
626 2115 684 2172 δὲ
732 2117 882 2173 εἷπον
932 2116 1102 2190 αὐτῷ’
1154 2113 1324 2174 Οὐδὲν
1366 2114 1510 2171 ἄλλο
1538 2113 1575 2186 ἤ
1607 2116 1836 2178 θάνατος

206 2206 354 2263 αὐτὸν
383 2204 694 2280 διαδέξεται.
725 2204 909 2262 Ἀλλά
956 2205 1047 2261 καὶ
1096 2209 1280 2270 πᾶσιν,
1321 2203 1447 2283 ἔφη,
1474 2209 1593 2268 τοῖς
1625 2205 1834 2280 ἀνθρὼ-

204 2317 322 2358 ποις
368 2300 523 2352 τοῦτο
581 2294 907 2371 πρόκειται;
960 2296 996 2366 ἢ
1053 2294 1143 2350 καὶ
1217 2298 1379 2349 τοῦτο
1438 2293 1601 2357 ἐνίοις
1658 2293 1834 2350 αὐτῶν

210 2381 517 2458 συμϐαίνεις
572 2386 966 2461 Ἀπεκρίθησαν
1021 2382 1241 2440 ἐκεῖνον
1296 2383 1359 2441 Εἰ
1413 2385 1490 2457 μή
1540 2378 1838 2457 προλαϐὼν

209 2473 473 2537 ὁοάνατος
533 2476 857 2548 μεταστήσει
911 2475 1035 2529 τινά
1088 2472 1195 2530 τῶν
1251 2472 1511 2545 ἐντεῦθεν,
1551 2470 1835 2545 ἀδύνατον,

205 2568 307 2619 τῶν
337 2564 539 2640 χρόνων
571 2559 1003 2640 προϐαινόντων,
1048 2565 1124 2637 μή
1172 2562 1250 2627 εἷς
1292 2563 1497 2634 ταύτης
1529 2561 1704 2627 ἐλθεῖν
1735 2563 1834 2631 τὴν

203 2658 379 2725 πεῖραν
428 2657 526 2719 τῆς
584 2654 811 2725 τάξεως.
872 2652 971 2708 Καὶ
1029 2674 1192 2729 φησιν
1251 2653 1280 2708 ὁ
1332 2657 1484 2715 παῖςο
1529 2653 1616 2708 Ἐν
1644 2651 1838 2714 πόσοις

206 2743 293 2797 οὗν
323 2738 450 2799 ἔτεσι
474 2746 636 2799 τοῦτο
685 2742 973 2819 ἐπέρχεταί
1023 2762 1170 2813 τινις
1219 2741 1309 2797 καὶ
1359 2741 1405 2797 εί
1453 2743 1671 2805 πάντως
1697 2741 1837 2816 πρό-

208 2852 374 2888 κειται
402 2834 428 2888 ὁ
455 2833 704 2901 θάνατος,
735 2833 824 2888 καὶ
866 2832 968 2887 οὐκ
1016 2829 1128 2889 ἔστι
1186 2828 1416 2905 μέθοδος
1442 2835 1635 2887 τοῦτον
1663 2849 1841 2905 παρα-

209 2917 443 2996 δραμεῖν,
475 2922 564 2978 καὶ
618 2919 759 2997 μηδὶ
808 2921 884 2986 εἷς
929 2921 1133 2992 ταύτην
1184 2920 1356 2976 ἐλθεῖν
1405 2921 1505 2991 τήν
1554 2918 1839 2975 ταλαιπω-

212 3012 364 3084 pla»;
414 3012 665 3090 Λέγουσιν
726 3010 892 3084 αὐτῷ·
950 3012 1039 3069 Ἐν
1108 3008 1453 3087 ὀγδοήκοντα
1510 3010 1605 3084 μὲν
1658 3007 1696 3079 ἤ
1751 3007 1841 3065 καὶ

1941 1852 2257 1907 dixerunt:
2289 1850 2393 1907 Hic
2424 1856 2595 1907 aetate
2626 1851 2796 1907 valde
2827 1856 3159 1923 provectus,
3186 1868 3254 1907 ac
3295 1850 3583 1923 paulatim

1936 1940 2359 1997 decedentibus
2384 1939 2497 2013 ipsi
2521 1940 2763 1999 viribus.
2792 1940 3196 2011 membrisque
3219 1940 3591 1996 imbecillita-

1935 2035 2054 2084 tem
2070 2028 2662 2096 contralientibus,ad
2677 2028 2830 2084 hanc
2846 2045 3023 2100 quam
3045 2029 3239 2084 cernis
3261 2044 3590 2084 aarumnam

1939 2118 2227 2190 pervenit.
2262 2120 2332 2172 Et
2360 2118 2661 2189 quisnam,
2696 2118 2892 2188 inquit
2921 2118 3044 2180 ille,
3068 2118 3256 2189 ipsius
3292 2118 3428 2173 finis
3457 2118 3592 2173 est?

1938 2206 2093 2262 Nihil
2108 2206 2701 2278 aliud.inquiuntilli.
2720 2223 3089 2278 quam.mors
3106 2206 3301 2278 ipsum
3316 2206 3589 2278 excipiet.

1943 2296 2313 2351 Omnibusne
2344 2296 2709 2359 hominibus,
2733 2298 2930 2368 inquit
2948 2297 3190 2357 ille.hoc
3220 2295 3592 2369 propositum

1940 2391 2130 2452 est,an
2145 2386 2499 2458 quibusdam
2518 2386 2640 2442 dun
2649 2387 3079 2460 taxatcontingi
3089 2386 3596 2459 t?Responderunt

1940 2474 2066 2529 illi:
2100 2476 2221 2531 Nisi
2260 2493 2421 2532 mors
2451 2482 2833 2533 antevertens
2865 2477 3129 2549 aliquem
3157 2474 3297 2532 hinc
3319 2476 3593 2544 abducat,

1944 2562 2073 2618 ﬁeri
2101 2579 2222 2618 non
2246 2570 2442 2636 potest
2463 2566 2607 2636 quin
2630 2566 2916 2637 temporis
2940 2582 3253 2638 progressu
3276 2570 3464 2622 status
3484 2566 3599 2620 hu-

1935 2651 2111 2723 jusce
2140 2653 2473 2724 periculum
2495 2670 2617 2709 non
2649 2655 2995 2710 faciat.Tum
3017 2654 3388 2711 adolescens:
3408 2656 3594 2720 Quoto

1943 2757 2100 2796 anno
2118 2742 2229 2797 hoc
2249 2743 2510 2814 cuipiam
2529 2743 2867 2816 contingit?
2889 2749 3069 2814 atque
3091 2759 3415 2815 prorsusne
3438 2744 3589 2798 mori

1943 2846 2188 2886 necesse
2220 2836 2326 2897 est,
2352 2848 2548 2904 neque
2565 2849 2661 2888 ars
2678 2833 2802 2888 ulla
2823 2838 2913 2887 est
2941 2849 3057 2904 qua
3079 2837 3330 2887 mortem
3355 2832 3600 2904 effugia-

1944 2925 2285 2991 mus,atque
2299 2920 2360 2975 in
2380 2921 2534 2977 hanc
2551 2921 2951 2976 calamitatem
2974 2922 3219 2976 minime
3234 2921 3601 2977 incidamus?

1945 3009 2159 3064 Dicunt
2183 3010 2234 3064 ei
2260 3010 2672 3083 :Octogesimo,
2698 3016 2800 3067 aut
2821 3010 3147 3066 centesimo
3171 3027 3328 3065 anno
3351 3010 3425 3066 ad
3446 3010 3598 3065 hanc

208 3099 387 3157 ἑκατὸν
417 3101 580 3158 ἔτεσιν
633 3102 713 3165 εἰς
760 3104 922 3157 τοῦτο
975 3101 1037 3156 τὸ
1085 3108 1261 3178 γῆρας
1291 3104 1392 3159 34
1421 3104 1755 3157 καταντῶσιν
1788 3100 1836 3155 οἱ

223 3186 253 3206 2
290 3201 306 3206 Α
576 3193 604 3206 ν
721 3190 736 3206 Ο
827 3193 851 3206 Α
911 3192 924 3206 D
1243 3192 1257 3206 \
1315 3189 1361 3206 ΜΝ
1382 3189 1401 3206 \
1550 3188 1564 3206 9
1609 3187 1633 3206 Β
1796 3190 1806 3206 Ι

1975 3103 2315 3154 ιεῐιθοιυῐεηι
2337 3099 2611 3155 homines
2633 3099 3082 3172 perveniunt,ac
3103 3099 3317 3155 deinde
3340 3098 3600 3154 moriun-

219 3186 500 3267 ἄνθρωποι,
553 3193 666 3248 εἶτα
712 3190 1140 3262 ἀποθνήσκουσι,
1190 3192 1265 3265 μὴ
1306 3189 1495 3253 ἄλλως
1545 3187 1840 3266 ἐνδεχομέ-

207 3298 321 3335 νου.
350 3280 508 3358 Χρέος
559 3283 662 3357 γὰρ
718 3282 943 3360 φυσικὸν
1005 3281 1033 3335 ὁ
1087 3278 1310 3344 θάνατός
1367 3279 1533 3349 ἐστιν,
1566 3277 1618 3350 ἐξ
1657 3279 1841 3352 ἀρχῆς

201 3365 430 3425 ἐπι-τεθὲν
471 3376 587 3433 τοῖς
639 3370 972 3445 ἀνθρώποις,
1021 3368 1113 3424 καὶ
1164 3366 1534 3447 ἀπαραίτητος
1562 3369 1599 3439 ἡ
1639 3367 1840 3424 τούτου

201 3453 490 3523 ἐπέλευσις.

269 3566 444 3622 Ταῦτα
494 3566 667 3624 πάντα
724 3569 800 3631 ὡς
863 3564 970 3623 εἶδέ
1025 3587 1084 3623 τε
1136 3567 1224 3623 καὶ
1286 3563 1515 3637 ἤκουσεν
1549 3564 1577 3622 ὁ
1622 3565 1839 3629 συνετὸς

207 3651 405 3718 ἐκεῖνος
456 3660 540 3713 καὶ
602 3656 871 3737 φρόνιμος
929 3655 1162 3726 νεανίας,
1222 3657 1467 3731 στενάξας
1523 3654 1578 3712 ἐν
1642 3654 1839 3732 βάθους

206 3742 440 3820 καρδίας,
495 3745 617 3824 ἔφη’
685 3748 889 3823 Πικρός
919 3747 947 3801 ὁ
983 3746 1099 3823 βίος
1163 3746 1320 3809 οὗτος
1373 3747 1460 3801 ναὶ
1504 3743 1681 3817 πάσης
1712 3742 1844 3800 ὀδύ-

203 3852 303 3903 νης
342 3836 424 3891 καὶ
474 3834 671 3909 ἀηδίας
700 3834 1013 3906 ἀνάπλεως,
1062 3834 1107 3891 εί
1158 3839 1327 3891 ταῦτα
1357 3834 1534 3897 οὕτως
1566 3832 1707 3911 ἔχει.
1739 3834 1839 3889 Καὶ

203 3927 322 3986 πῶς
374 3925 733 4002 ἀμεριμνήσει
803 3947 889 3990 τις
965 3922 1270 4002 προσδοκίᾳ
1319 3929 1417 3981 τοῦ
1475 3922 1688 3996 ἀδήλου
1746 3926 1838 3979 θα-

202 4013 382 4084 νάτου,
414 4015 470 4070 οὗ
497 4018 533 4086 ἡ
566 4014 783 4077 ἔλευσις
834 4015 895 4070 οὐ
948 4014 1113 4089 μόνον
1149 4014 1538 4090 ἀπαραίτητος,
1572 4013 1720 4070 ἀλλά
1749 4013 1838 4068 καὶ

205 4098 423 4175 ἄδηλος,
452 4105 628 4168 καθὼς
679 4102 884 4173 εἷ’πατε,
936 4103 1210 4181 ὗπάρχει;
1270 4105 1367 4160 Καὶ
1428 4102 1646 4174 ἀπῆλθε
1672 4107 1841 4159 ταῦτα

207 4193 433 4270 στρέφων
486 4194 539 4252 ἐν
592 4196 793 4268 ἑαυτῷ,
852 4194 941 4250 καὶ
1000 4192 1287 4258 ἀπαύστως
1360 4190 1837 4267 διαλογιζόμενος,

203 4279 293 4333 καὶ
320 4285 510 4347 πυκνὰς
563 4283 896 4358 ποιούμενος
952 4304 1078 4361 περι
1131 4287 1232 4339 105
1290 4281 1519 4338 θανάτου
1576 4283 1673 4345 τὰς
1705 4284 1842 4339 ὑπο-

211 4372 443 4443 μνήσεις,
471 4378 661 4441 πόνοις
688 4394 745 4429 τε
774 4374 865 4429 καὶ
908 4373 1161 4447 ἀθυμίαις
1210 4373 1270 4429 ἐκ
1314 4375 1512 4430 τούτου
1543 4379 1719 4446 συζῶν
1747 4374 1838 4430 καὶ

206 4455 458 4517 ἄπαυστον
513 4459 661 4540 ἔχων
717 4463 817 4532 τὴν
878 4461 1079 4534 λύπην.
1131 4462 1328 4539 Ἔλεγε
1384 4464 1488 4540 γὰρ
1546 4463 1599 4519 ἐν
1641 4464 1836 4536 ἒαυτῷο

205 4547 341 4624 Ἀρά
368 4555 487 4610 πντέ⁹
520 4575 586 4629 με
629 4554 657 4609 ὁ
708 4554 934 4619 θάνατος
988 4554 1402 4629 καταλήψεταις
1460 4553 1551 4609 καὶ
1581 4553 1662 4618 τίς
1691 4551 1840 4610 ἔσται

207 4635 234 4688 ὁ
268 4642 476 4715 μνήμην
507 4666 613 4718 μου
671 4643 1000 4716 ποιούμενος
1064 4644 1199 4717 μετά
1230 4642 1482 4712 θάνατον,
1509 4646 1607 4697 105
1633 4643 1840 4718 χρόνου

207 4726 373 4783 πάντα
405 4735 469 4807 τῇ
517 4729 665 4806 λήθῃ
714 4727 1156 4806 παραδιδόντοςς
1204 4731 1295 4787 καὶ
1345 4731 1390 4787 εἶ
1440 4730 1726 4786 ἀποθανὼν
1762 4731 1841 4794 εἷς

204 4815 264 4869 τὸ
308 4820 381 4891 μὴ
432 4820 487 4876 ὃν
547 4819 955 4895 διαλυθήσομαι
982 4840 996 4892 ;
1027 4819 1063 4893 ἤ
1096 4819 1207 4877 ἔστι
1238 4843 1325 4884 τις
1371 4817 1515 4892 ἄλλη
1554 4821 1713 4898 βιοτή
1746 4820 1837 4876 καὶ

207 4900 379 4983 ἴτερος
407 4910 650 4985 κόσμοςς
694 4915 877 4969 Ταῦτα
922 4912 1012 4967 καὶ
1060 4911 1129 4968 τὰ
1176 4910 1397 4974 τούτοις
1450 4912 1617 4985 ὅμοια
1663 4909 1836 4966 ἀπαύ-

212 5015 338 5061 στως
385 4998 858 5076 διειτθυμοῦμενος,
907 5001 1130 5078 ὠχριῶν
1180 5004 1525 5072 κατετιήκετοΔ
1561 5001 1679 5057 κατ’
1710 4995 1834 5075 ὅψιν

210 5081 377 5145 δὶτοῦ
402 5093 628 5168 πατρὸς,
687 5091 777 5147 ὅτε
838 5087 1030 5163 συνέϐη
1090 5096 1283 5148 τοῦτον
1328 5089 1634 5170 ἀφικέσθαι,
1663 5110 1838 5166 προσ-

208 5185 426 5237 εποιεῖτο
461 5183 526 5238 τὸ
567 5180 763 5257 ἱλαρὸν
819 5181 909 5237 καὶ
959 5179 1187 5253 ἄλυπον,
1252 5182 1327 5256 μὴ
1388 5179 1727 5257 βθυλόμδνος
1761 5180 1838 5243 εἷς

204 5273 391 5334 γνῶσιν
462 5276 543 5345 τῷ
620 5272 787 5347 πατρὶ
856 5272 925 5327 τὰ
1002 5272 1150 5345 αὐτῷ
1212 5270 1571 5346 μελετώμενα
1631 5268 1833 5336 ἐλθεῖν.

196 5346 401 5425 Ἐπόθει
432 5361 488 5418 δὲ
520 5346 878 5437 ἀκατασχέτῳ
931 5360 1035 5418 τινῖ
1084 5362 1238 5435 πόθῳ
1270 5360 1360 5418 καὶ
1393 5359 1652 5437 ἐγλίχετο
1685 5360 1838 5417 ἐντυ-

198 5454 312 5530 χεῖν
337 5473 435 5508 τινι
471 5457 552 5525 τῷ
582 5449 871 5525 δυναμένῳ
899 5453 1001 5522 τὴν
1051 5451 1216 5508 αὐτοῦ
1246 5451 1674 5530 πληροφορῆσαι
1704 5471 1835 5527 καρ-

194 5523 330 5613 δίαν,
356 5542 439 5599 καὶ
472 5523 644 5619 λδγον
700 5523 895 5619 ἀγαθὸν
943 5547 1062 5608 ταῖς
1092 5541 1257 5598 αὐτοῦ
1314 5523 1506 5605 ἀκοαῖς
1539 5523 1834 5619 ἐνηχῆσαι.

268 5721 362 5782 Τὸν
389 5722 949 5803 προμνημονευθέντα
1008 5719 1066 5781 δὲ
1120 5720 1471 5805 παιδαγωγὸν
1531 5721 1684 5789 αὗθις
1734 5719 1831 5779 ἐπ-

1872 4517 1919 4582 D

1954 3193 2068 3257 tur,
2099 3205 2208 3244 nec
2238 3189 2413 3244 aliter
2440 3189 2569 3245 ﬁeri
2593 3194 2807 3261 potest.
2833 3189 3107 3245 Debitum
3139 3189 3299 3245 enim
3329 3188 3600 3245 naturale

1952 3295 2111 3334 mors
2125 3279 2579 3345 est,hominibus
2601 3279 2674 3335 ab
2692 3278 2863 3335 initio
2887 3279 3455 3351 impositum,neque
3476 3278 3601 3334 ulla

1951 3369 2182 3424 ratione
2211 3369 2400 3441 ipsius
2420 3369 2706 3426 adventus
2739 3370 2909 3426 vitari
2940 3375 3154 3442 potest.

2020 3568 2155 3625 Hanc
2187 3569 2408 3637 omnia,
2442 3574 2508 3626 ut
2537 3586 2712 3644 sagax
2743 3568 2844 3625 ille
2875 3586 2944 3626 ac
2964 3568 3229 3643 prudens
3252 3569 3599 3626 adolescens

1950 3660 2175 3716 audivit
2202 3667 2381 3732 atque
2406 3660 2720 3729 intellexit,
2748 3660 2954 3715 intimo
2982 3660 3159 3717 corde
3183 3661 3601 3735 ingemiscens,

1948 3750 2134 3806 dixit:
2166 3751 2396 3808 Acerba
2425 3752 2552 3808 haec
2582 3751 2698 3807 vita
2728 3755 2840 3819 est,
2873 3755 3050 3824 atque
3083 3752 3247 3808 omni
3296 3752 3500 3808 dolore
3532 3767 3601 3807 ac

1950 3840 2232 3897 maestitia
2262 3841 2516 3914 plena,si
2540 3842 2735 3898 resita
2760 3858 2822 3897 se
2853 3841 3131 3897 habet.Et
3152 3859 3410 3914 quonam
3425 3840 3600 3897 modo

1950 3931 2248 4003 quispiam
2294 3932 2356 3986 in
2404 3931 2647 3987 incertat
2689 3932 2899 3987 mortis
2939 3932 3402 4005 exspectatione,
3433 3932 3603 4003 cujus

1949 4019 2235 4076 adventus
2262 4036 2382 4075 non
2407 4020 2581 4077 modo
2604 4021 2774 4077 vitari
2793 4038 2915 4077 non
2942 4028 3157 4094 potest,
3183 4021 3286 4077 sed
3313 4022 3514 4088 etiam,
3537 4024 3605 4074 ut

1951 4108 2204 4179 dixistis,
2240 4110 2501 4167 incertus
2532 4117 2641 4176 est,
2675 4128 2884 4168 securo
2915 4112 3114 4166 animo
3138 4109 3298 4165 erit?
3324 4109 3602 4178 Abiitque

1947 4200 2075 4257 haec
2093 4217 2294 4257 secum
2316 4202 2553 4259 volvens
2575 4208 2752 4274 atque
2776 4202 3012 4259 assidue
3035 4200 3605 4262 considerans,mor-

1948 4289 2145 4362 tisque
2176 4292 2528 4347 memoriam
2577 4291 2906 4346 identidem
2956 4290 3153 4346 animo
3200 4293 3499 4359 repetens,
3533 4302 3601 4341 ac

1950 4378 2230 4451 deinceps
2264 4381 2323 4435 in
2347 4380 2649 4436 doloribus
2681 4380 2984 4449 animique
3014 4376 3494 4433 consternatione
3517 4375 3600 4429 vi-

1948 4474 2294 4540 vens,atque
2312 4469 2374 4523 in
2401 4474 2685 4541 perpetuo
2709 4484 2962 4523 mcerore
2986 4467 3423 4540 degens.Atque
3445 4464 3603 4537 apud

1952 4575 2013 4613 se
2028 4558 2261 4613 dicebat
2286 4559 2533 4631 :Ergone
2558 4574 2719 4613 mors
2739 4574 2835 4613 me
2858 4556 3179 4627 aliquando
3203 4555 3488 4626 corripiet
3507 4554 3608 4609 ?Et

1952 4648 2229 4719 quisnam
2261 4648 2374 4703 erit
2403 4649 2502 4721 qui
2528 4648 2644 4703 mei
2667 4654 2801 4720 post
2822 4652 3075 4703 mortem
3097 4645 3603 4707 meminerit,cum

1951 4742 2184 4809 tempus
2206 4738 2407 4793 omnia
2429 4737 2719 4793 oblivione
2739 4736 3082 4793 contriverit
3097 4736 3125 4791 ‘I
3143 4738 3293 4791 Num
3315 4739 3606 4807 prmterea

1948 4833 2138 4882 morte
2151 4826 2465 4883 functusin
2485 4827 2743 4882 nihilum
2765 4825 3155 4894 dissolvar;an
3181 4823 3604 4887 contra,altera

1948 4916 2221 4987 quasdam
2246 4916 2358 4972 vita
2375 4921 2485 4983 est,
2509 4922 2564 4972 et
2585 4916 2737 4971 alter
2757 4914 3057 4971 mundus?
3080 4914 3215 4969 Haec
3237 4919 3295 4968 et
3316 4913 3410 4968 his
3433 4912 3601 4968 simi-

1946 5006 2032 5061 lia
2043 5011 2327 5077 perpetuo
2341 5005 2861 5076 cogitans,pallore
2874 5003 3603 5060 conﬁciebatur.Praasen-

1948 5100 2004 5151 te
2027 5100 2227 5151 tamen
2245 5095 2487 5167 patre,si
2507 5094 2742 5165 quando
2756 5094 2829 5150 ad
2850 5110 2986 5149 eum
3003 5093 3511 5149 venirethilarem
3533 5108 3601 5149 ac

1946 5202 2196 5241 maerore
2212 5201 2459 5240 vacuum
2483 5184 2747 5239 animum
2772 5201 2893 5257 pra:
2908 5200 2969 5240 se
2991 5182 3241 5247 ferebat,
3271 5182 3429 5255 quod
3448 5182 3605 5239 scili-

1947 5280 2042 5331 cet
2071 5291 2139 5331 ea
2170 5290 2299 5346 quas
2331 5272 2625 5346 cogitabat
2654 5273 2728 5329 ad
2750 5272 2939 5345 ipsius
2971 5272 3376 5347 cognitionem
3396 5273 3601 5329 venire

1947 5362 2577 5421 nollet.lncredibilem
2597 5363 2869 5419 autemin
2895 5362 3138 5419 modum
3166 5363 3432 5435 aliquem
3456 5380 3603 5420 nan-

1947 5453 2512 5528 ciscicupiebat,qui
2534 5454 2721 5526 ipsius
2746 5454 2968 5526 pectori
2991 5458 3215 5509 certam
3242 5453 3421 5511 ﬁdem
3443 5454 3601 5512 face-

1946 5552 2057 5612 ret,
2088 5564 2156 5604 ac
2186 5544 2409 5602 bonum
2441 5560 2778 5601 sermonem
2808 5543 2996 5617 ipsius
3030 5544 3275 5602 auribus
3305 5544 3600 5603 instillare

2125 5641 2169 5696 t.

2125 5654 2169 5696 ι.

1944 5654 2304 5795 passiam“
2333 5723 2407 5783 de
2434 5722 2754 5801 paedagogo
2784 5742 2852 5784 eo
2879 5727 3052 5802 cujus
3076 5732 3213 5787 ante
3229 5727 3601 5787 mentionem
