4000 6202
201 401 292 460 897

1329 395 1502 447 VITA
1539 392 1889 447 BARLAAM
1925 391 2019 444 ΒΤ
2053 388 2393 444 JOASAPH.

3467 392 3575 449 898

202 525 359 583 οὐδενὶ
390 522 541 595 μέχρι
572 522 671 573 τοῦ
698 521 791 573 νῦν
821 522 1013 573 τοῦτον
1048 518 1379 596 ἐφανέρωσα·
1432 516 1516 571 σοὶ
1549 513 1605 570 δὲ
1635 513 1809 569 κατά-

1932 518 2339 586 est.quemque
2363 513 2593 571 nemini
2618 514 2811 571 adhuc
2833 514 3088 570 ostendi.
3104 514 3230 569 Tibi
3253 520 3448 571 autem
3462 518 3576 574 hoc

205 606 348 678 δηλον
376 600 474 672 ἤδη
505 604 668 667 ποιῶ,
701 602 921 654 συνετόν
954 620 1011 655 τε
1048 599 1139 654 καὶ
1198 605 1434 673 νουνεχῆ
1472 597 1691 673 βλέπων
1755 617 1811 650 σε

205 697 346 769 ἄνδρα
374 697 499 769 (81),
534 692 608 753 ὡς
648 692 707 746 ἂν
741 690 1034 767 εἰσαγάγῃς
1066 694 1161 748 ³7
1229 711 1297 764 με
1352 690 1487 764 πρὸς
1545 688 1636 742 τὸν
1698 687 1812 741 υἱὸν

203 794 285 846 τοῦ
313 784 583 862 βασιλέως,
643 783 735 835 καί
795 779 1052 836 ἐπιδώσω
1099 785 1292 836 τοῦτον
1352 779 1523 852 αὐτῷ.
1591 776 1811 832 Πᾶντων

205 880 293 953 γὰρ
342 879 439 929 τῶν
490 870 671 926 καλῶν
730 870 1065 945 ἆσυγκρίτως
1128 871 1399 944 ὑπερέχει’
1446 866 1666 922 δύναται
1724 867 1815 919 καὶ

205 965 406 1043 τυφλοῖς
435 966 498 1034 τῇ
524 957 720 1035 καρδιᾳ
749 964 863 1037 φῶς
894 957 1185 1034 δωρεῖσθαι
1246 958 1460 1035 σοφίας,
1509 962 1705 1034 κωφῶν
1760 953 1817 1009 δέ

207 1058 302 1110 ὦτα
330 1054 572 1125 ανοίγειν,
604 1048 842 1111 ἀλάλοις
874 1070 933 1103 τε
983 1050 1167 1126 φωνὴν
1220 1046 1452 1111 διδόναι,
1506 1048 1592 1101 καὶ
1649 1045 1813 1121 ῥῶσιν

203 1148 301 1203 τοῖς
342 1142 545 1194 νοσοῦσι
605 1136 889 1211 παρέχειν’
943 1135 1072 1200 τοὺς
1129 1133 1364 1213 ἄφρονας
1416 1135 1643 1212 σοφίζει,
1696 1130 1816 1186 δαί-

207 1251 350 1305 μονας
372 1225 576 1296 διώκει,
614 1228 705 1281 καί
764 1231 868 1279 πᾶν
898 1225 928 1279 ὅ
951 1247 1001 1280 τι
1034 1225 1200 1280 καλὸν
1232 1224 1322 1279 καὶ
1354 1224 1609 1298 ἐράσμιον
1642 1220 1817 1299 ἀφθό-

202 1340 290 1380 νως
322 1321 539 1392 χορηγεῖ
567 1319 648 1386 τῷ
680 1315 995 1387 κεκτημένῳ
1024 1314 1205 1371 αὐτόν,
1264 1314 1420 1386 Λέγει
1476 1313 1610 1387 πρὸς
1659 1311 1815 1365 αὑτὸν

202 1404 622 1479 ὸπαιδαγωγός·
684 1405 829 1479 Ὀρῶ
906 1424 964 1457 σε
1049 1401 1334 1477 ἄνθρωπον
1409 1404 1669 1475 σταθεροῦ
1727 1398 1818 1454 καὶ

206 1492 475 1573 βεϐηκότος
506 1496 880 1570 φρονήματος·
912 1495 979 1548 τὰ
1036 1491 1094 1548 δὲ
1230 1494 1370 1565 ματά
1401 1513 1495 1547 σου
1529 1491 1734 1565 ἂμετρά
1764 1512 1821 1546 σε

202 1592 469 1661 καυχᾶσθαι
529 1582 877 1660 ἐμφαίνουσι.
938 1583 1141 1645 Λίθους
1205 1583 1308 1657 γὰρ
1364 1582 1451 1636 καὶ
1490 1580 1819 1656 μαργαρίτας

201 1672 489 1735 πολυτελεῖς
522 1674 614 1726 καί
650 1670 992 1744 πολυτίμους
1024 1675 1143 1733 πῶς
1175 1669 1233 1725 ἄν
1295 1692 1379 1725 σοι
1441 1669 1817 1744 διηγησαίμην

202 1766 339 1825 ’ὀσους
368 1763 572 1837 ἑώρακα
601 1782 617 1831 ;
651 1763 919 1836 Ἐχοντας
954 1758 1009 1815 δὲ
1028 1761 1282 1823 τοιαῦτας
1312 1760 1372 1824 ἅς
1404 1758 1625 1833 εἴρηκας
1660 1755 1818 1812 δυνά-

207 1875 306 1927 μεις
334 1852 444 1907 οὔτε
476 1849 648 1918 εἶδον,
708 1851 832 1905 οὕτε
889 1852 1117 1921 ἥκουσα.
1152 1852 1346 1921 Ὅμως
1406 1846 1686 1917 ὑπόδειξόν
1726 1868 1817 1917 μοι
1849 1888 1895 1953 Β

237 1944 299 1953 ..
445 1942 456 1953 .
542 1942 555 1953 .
596 1935 622 1953 ,ι
850 1941 863 1953 .
942 1940 954 1953 .
1008 1939 1065 1953 .-
1135 1938 1145 1953 .
1394 1940 1453 1953 Α-
1648 1937 1661 1953 .
1720 1939 1729 1953 ρ

202 1944 356 2011 αὑτὸν,
377 1942 479 2012 καὶ,
514 1942 559 1995 εἰ
593 1935 707 1996 ἔστι
739 1941 875 1995 κατᾶ
902 1940 964 1994 τὸ
996 1938 1153 2015 ῥῆμά
1209 1960 1327 2006 σου,
1393 1940 1585 1992 θᾶττον
1618 1937 1817 2011 είσάγω

200 2037 360 2087 τοῦτον
390 2031 516 2104 πρὸς
542 2031 641 2085 τὸν
696 2034 796 2084 τοῦ
850 2028 1117 2104 βασιλέως
1180 2029 1313 2095 υἱὸν,
1371 2028 1459 2082 καὶ
1513 2026 1676 2099 τιμάς
1733 2024 1817 2079 ὅτι

205 2124 422 2194 μεγίστας
477 2120 564 2173 καὶ
634 2117 840 2193 δωρεάς
894 2120 1046 2191 λήψῃ
1095 2118 1223 2191 παρ’
1278 2116 1464 2172 αὑτοῦ.
1526 2116 1699 2190 Πρινή
1761 2112 1819 2168 δὲ

204 2205 527 2283 βεϐαιωθῆναί
563 2212 736 2281 μετῇ
796 2206 1020 2281 ἀψευδεῖ
1076 2211 1183 2261 τῶν
1244 2205 1543 2283 ὀφθαλμῶν
1607 2203 1815 2280 ὁράσει,

200 2296 421 2353 ἆδόνατόν
476 2316 568 2371 μοι
635 2302 715 2369 τῷ
775 2296 895 2370 ἐμῷ
948 2294 1181 2369 δεσπότῃ
1259 2295 1348 2349 καὶ
1415 2294 1633 2370 βασιλεῖ
1692 2293 1816 2367 περὶ

197 2390 480 2463 πράγματος
537 2388 782 2464 ἀφανοῦς
834 2390 1001 2440 ταῦτα
1060 2382 1126 2453 δὴ
1184 2385 1251 2439 τά
1312 2384 1583 2458 ὑπέρογκα
1641 2382 1819 2457 ἀπαγ-

198 2476 376 2551 γεῖλαι.
430 2478 487 2533 ’0
546 2475 609 2531 δὲ
674 2474 938 2550 Βαρλαὰμ
1021 2468 1146 2548 ἔφη’
1208 2473 1398 2535 Καλῶς
1465 2473 1618 2536 εἶπας
1680 2475 1819 2545 μήτε

199 2566 453 2639 ἑωρακέναι
512 2567 748 2620 πώποτε
810 2570 949 2637 μήτε
1028 2562 1311 2634 ἀκηκοέναι
1370 2562 1621 2624 τοιαύτας
1664 2560 1816 2616 δυνά-

204 2677 300 2727 μεις
319 2657 398 2709 καὶ
428 2654 719 2730 ἐνεργείας·
755 2655 782 2708 ὁ
811 2653 911 2727 γὰρ
963 2653 1099 2727 πρὸς
1157 2651 1214 2706 σέ
1244 2674 1347 2724 μου
1406 2650 1570 2727 λόγος
1606 2651 1666 2706 οὐ
1697 2650 1819 2725 περί

199 2765 280 2799 του
304 2745 553 2820 τυχόντος
586 2743 711 2799 ἐστὶ
740 2746 1081 2817 πράγματος,
1125 2741 1271 2796 ἀλλὰ
1303 2745 1614 2813 θαυμαστοῦ
1670 2761 1817 2802 τινος

198 2835 273 2888 καὶ
323 2832 570 2907 μεγάλου.
638 2835 763 2889 Ὅτι
824 2830 881 2887 δὲ
936 2830 1201 2902 ἐζήτησας
1257 2835 1450 2885 τοῦτον
1512 2830 1817 2901 θεάσασθαι,

204 2925 394 2979 ἄκουσον
422 2928 528 2979 τῶν
552 2923 716 2996 ἐμῶν
751 2920 1036 2998 ῥημάτων.

256 3103 307 3159 Ὀ
334 3100 480 3166 λίθος
512 3104 686 3164 οὗτος
713 3104 741 3157 ὁ
772 3100 1087 3175 πολύτιμος
1141 3101 1275 3176 μετὰ
1325 3105 1432 3157 τῶν
1481 3097 1822 3177 προειρημέ-

196 3213 283 3245 νων
313 3192 581 3268 ἐνεργειῶν
620 3192 712 3247 καὶ
748 3191 1050 3265 δυνάμεων,
1109 3189 1187 3247 ἔτι
1242 3192 1330 3247 καὶ
1388 3192 1589 3261 ταύτην
1621 3190 1817 3259 κέκτη-

200 3282 381 3348 ταιτήν
413 3283 591 3357 ἱσχῦν·
662 3282 731 3336 οὐ
794 3279 1013 3335 δύναται
1075 3282 1362 3345 θεάσασθαι
1418 3280 1577 3335 αὑτὸν
1608 3279 1666 3334 ἐκ
1719 3284 1817 3334 τοῦ
1849 3257 1891 3325 C

200 3372 470 3446 προχείρου
502 3373 529 3425 ὁ
565 3372 643 3443 μὴ
683 3365 832 3443 ἔχων
863 3368 1177 3445 ἐρρωμένην
1237 3371 1330 3442 μὶν
1362 3371 1459 3438 τὴν
1513 3370 1697 3445 ὅρασιν
1732 3369 1820 3423 καὶ

206 3458 539 3531 ὑγιαίνουσαν,
572 3460 739 3536 ἁγνὸν
775 3457 832 3513 δὶ
862 3460 961 3515 88
1020 3460 1083 3513 τὸ
1142 3464 1301 3532 σῶμα
1357 3459 1447 3514 καὶ
1478 3458 1651 3528 πάντη
1682 3456 1822 3531 ἀμό-

205 3545 391 3605 λυντον.
426 3550 483 3605 Εἰ
512 3549 614 3624 γάρ
676 3570 781 3613 τις,
820 3551 896 3621 μὴ
954 3547 1021 3602 τὰ
1080 3545 1176 3601 δύο
1230 3552 1397 3602 ταῦτα
1453 3545 1593 3601 καλᾶ
1652 3545 1821 3620 ἔχων,

206 3643 461 3708 προπετῶς
491 3634 795 3711 ἐμϐλέψειε
823 3642 902 3709 τῷ
932 3639 1105 3710 τιμίῳ
1161 3634 1298 3709 λίθῳ
1352 3637 1553 3710 τούτῳ,
1608 3636 1697 3691 καὶ
1728 3636 1825 3690 αὑ-

206 3723 287 3793 τὴν
313 3723 477 3796 δήπου
508 3727 574 3797 ἢν
606 3724 731 3803 ἔχει
766 3725 995 3794 ὀπτικήν
1054 3724 1280 3799 δύναμιν
1340 3727 1430 3780 καὶ
1486 3726 1579 3787 τάς
1629 3724 1823 3802 φρένας

207 3815 653 3887 προσαπολὲσειεν.
695 3817 837 3888 Ἐγὼ
869 3813 946 3885 δὲ,
992 3814 1091 3869 οὐκ
1144 3815 1392 3888 ἀμύητος
1420 3822 1520 3884 τῆς
1566 3816 1822 3883 ἰσποικῆς

206 3899 483 3976 ἐπιστήμης
542 3906 841 3980 ὑπάρχων,
897 3906 1112 3980 καθορῶ
1165 3926 1260 3959 σου
1316 3905 1444 3968 τοὺς
1505 3904 1826 3982 ὀφθαλμοὺς

209 3992 271 4061 μὴ
302 3994 455 4068 ὑγιῶς
482 3991 740 4069 ἔχοντας,
771 3994 860 4049 καὶ
894 3991 1112 4048 δέδοικα
1145 3995 1220 4066 μὴ
1254 3994 1343 4048 καὶ
1376 3995 1445 4063 ἧς
1499 3993 1645 4070 ἔχεις
1696 3996 1825 4069 ὁρά-

208 4100 321 4143 σεως
348 4085 590 4160 στέρησιν
622 4084 968 4160 προξενῄσω.
1018 4082 1197 4140 Ἀλλὰ
1223 4085 1313 4139 τὸν
1369 4085 1484 4138 υἱὸν
1539 4088 1636 4139 τοῦ
1670 4085 1824 4160 βασι-

204 4164 322 4231 λέως
350 4173 551 4243 ἀκήκοα
574 4174 702 4250 βίον
736 4174 832 4247 μὲν
853 4167 1003 4248 ἔχειν
1037 4173 1310 4249 σώφρονα,
1341 4173 1470 4237 τοὺς
1505 4173 1825 4253 ὀφθαλμοὺς

206 4253 253 4311 δὲ
279 4261 492 4333 ὡραίους
518 4264 609 4318 καὶ
643 4264 812 4339 ὑγιῶς
846 4263 1107 4338 ὁρῶντας·
1157 4262 1355 4317 τούτου
1414 4265 1577 4339 χάριν
1639 4263 1827 4337 ἐκείνῳ

206 4345 447 4420 ὑποδεῖξαι
477 4353 569 4407 τὸν
624 4352 896 4425 θησαυρὸν
955 4355 1150 4406 τοῦτον
1205 4352 1533 4428 τεθάῤῥηκα.
1597 4352 1672 4407 Σὺ
1730 4353 1825 4407 οὗν

208 4437 273 4505 μή
302 4437 512 4510 ἀμελῶς
539 4442 669 4517 περῖ
711 4441 911 4495 τοῦτου
972 4438 1245 4514 διατεθῇς,
1311 4438 1451 4513 μηδὲ
1508 4444 1825 4518 πράγματος

200 4527 424 4582 τοιούτου
450 4531 543 4585 τὸν
574 4530 768 4603 κύριόν
829 4550 929 4583 σου
988 4530 1387 4604 ἀποστερήσῃς.
1454 4531 1515 4587 Ὀ
1576 4528 1633 4585 δὶ
1690 4532 1826 4603 πρὸς

203 4612 364 4684 αὐτὸν,
398 4620 497 4674 Καὶ
532 4620 579 4674 εί
610 4624 806 4687 ταῦτα,
863 4620 1049 4696 φησὶν,
1111 4619 1284 4683 οὕτως
1322 4617 1458 4693 ἔχει,
1497 4622 1571 4692 μή
1614 4641 1705 4693 μοι
1737 4621 1827 4675 τὸν

202 4698 336 4767 λίθον
392 4707 702 4783 ὑποδείεῃς·
766 4708 818 4764 έν
880 4708 1169 4785 ἁμαρτίαις
1226 4710 1330 4783 γὰρ
1381 4708 1674 4771 πολλαῖςὸ
1711 4711 1831 4786 βίος

205 4812 294 4861 μου
318 4793 641 4870 έρῥύπωται·
680 4799 787 4873 οὐχ
812 4798 980 4872 ὑγιῶς
1040 4795 1096 4852 δὶ
1126 4797 1214 4851 καὶ
1262 4800 1360 4866 τὴν
1394 4798 1603 4874 ὅρασιν,
1645 4800 1823 4862 καθὼς

202 4880 678 4961 είπας,κέκτημαι.
737 4886 895 4943 Ἀλλ’
950 4886 1079 4963 ἐγὼ,
1139 4893 1256 4949 τοῖς
1290 4894 1405 4950 σοῖς
1464 4890 1697 4953 πεισθεῖς
1729 4889 1827 4967 ῥή-

204 4991 336 5041 μασι,
383 4976 647 5051 γνωρίσαι
707 4981 872 5031 ταῦτα
927 4982 1004 5049 τῷ
1061 4978 1236 5051 κυρίῳ
1300 4999 1405 5049 μου
1461 4978 1550 5033 καὶ
1614 4980 1831 5055 βασιλεῖ

202 5057 285 5115 οὑκ
312 5062 543 5135 ὀκνήσω.
578 5066 721 5123 Εἶπε
767 5071 953 5135 ταῦτα,
1014 5066 1103 5121 καὶ
1164 5066 1418 5121 εἰσελθὼν
1477 5068 1612 5123 κατὰ
1668 5069 1830 5144 μέρος

201 5150 354 5205 πάντα
401 5160 480 5226 τῷ
531 5156 639 5227 υίῷ
697 5160 793 5210 τοῦ
856 5157 1125 5230 βασιλέως
1183 5155 1532 5231 ἀπήγγειλεν.
1592 5161 1831 5223 Ἐκεῖνος

204 5231 267 5306 et,
321 5239 389 5303 ὠς
440 5243 652 5313 ἢκουσε
710 5247 775 5300 τὰ
822 5251 916 5301 τοῦ
974 5243 1325 5322 παιδαγωγοῦ
1359 5244 1599 5321 ῥήματα,
1656 5252 1829 5323 χαρᾶς

202 5345 325 5391 τινος
368 5334 455 5386 καὶ
531 5331 813 5407 θυμηδίας
865 5343 1240 5409 πνευματικῆς
1286 5334 1507 5409 ᾔσθετο,
1562 5341 1630 5411 τῇ
1664 5337 1829 5392 αὐτοῦ

200 5412 548 5494 ἔμπνευσάσης
606 5422 825 5497 καρδίᾳ,
888 5425 1000 5494 καὶ,
1055 5421 1240 5488 ἔνθους
1292 5424 1472 5500 ὥσπερ
1541 5425 1829 5500 γενόμενος

199 5507 285 5574 τήν
305 5512 504 5586 ψυχήν,
540 5512 791 5570 ἐκέλευσε
822 5520 1013 5579 θᾶττον
1048 5514 1353 5592 εἰσαγαγεῖν
1376 5514 1466 5570 τὸν
1504 5512 1692 5592 ἃνδρα.

267 5729 379 5799 (81)
407 5732 474 5800 Α,
500 5728 722 5785 συνετόν
752 5750 809 5785 σε
836 5730 930 5785 καὶ
983 5728 1197 5805 ν.βλ.ἃ.

1920 603 2345 674 declaro,quod
2370 609 2424 658 te
2452 604 2804 675 prudentem
2830 621 2895 659 ac
2921 604 3224 659 cordatum
3242 605 3431 659 virum
3447 623 3573 661 esse

1918 693 2170 759 videam,
2205 700 2269 748 ut
2298 710 2391 747 me
2424 693 2499 749 ad
2531 695 2686 766 regis
2719 694 2910 749 ﬁlium
2938 693 3303 760 introducas,
3340 694 3574 765 ipsique

1920 799 2055 837 eum
2086 782 2241 837 dono
2257 783 2724 854 dem.Siquidem
2746 784 2901 837 bona
2916 784 3117 837 omnia
3142 782 3577 854 incomparabi-

1919 872 2058 925 liter
2104 873 2429 927 antecellit.
2462 874 2604 926 Nam
2636 879 2696 927 et
2727 873 2801 926 iis
2828 873 2927 943 qui
2962 873 3158 927 cordis
3180 872 3370 927 oculis
3422 873 3575 944 capti

1922 963 2403 1032 suntsapientize
2427 962 2619 1017 lucem
2653 964 2845 1027 affert,
2866 969 2925 1016 et
2946 962 3143 1017 surdis
3167 979 3341 1017 aures
3363 962 3575 1033 aperit,

1924 1057 1982 1105 et
2007 1053 2183 1106 mutis
2208 1069 2408 1107 vocem
2433 1054 2786 1123 impertit.et
2815 1059 3168 1124 aegrotantes
3186 1054 3577 1109 insanitatem

1922 1142 2154 1207 asserit,
2173 1147 2233 1195 et
2254 1141 2465 1196 stultes
2492 1143 2785 1212 sapientia
2804 1142 3002 1207 donat,
3035 1148 3092 1195 et
3109 1141 3409 1197 daemones
3439 1144 3574 1215 pel-

1922 1230 2010 1295 lit,
2044 1248 2111 1286 ac
2132 1231 2393 1301 denique
2418 1232 2708 1302 quidquid
2740 1232 3054 1302 pulchrum
3098 1237 3155 1285 et
3178 1232 3576 1302 expetendum

1925 1327 2033 1386 est,
2058 1321 2301 1375 domino
2336 1338 2440 1375 suo
2490 1321 2787 1375 uberrime
2817 1321 3173 1392 suppeditat.
3208 1322 3303 1376 Ait
3331 1322 3405 1377 ad
3440 1339 3574 1377 eum

1923 1410 2275 1482 paedagogus
2302 1428 2313 1463 :
2341 1412 2416 1465 Te
2440 1411 2679 1480 quidem
2713 1412 3017 1465 hominem
3040 1412 3228 1482 gravis
3242 1416 3418 1482 atque
3434 1429 3577 1467 con-

1925 1500 2136 1554 stantis
2158 1499 2342 1553 animi
2371 1516 2499 1553 esse
2531 1499 3026 1566 video;caeterum
3041 1500 3217 1555 verba
3232 1506 3331 1555 tua
3360 1503 3576 1556 immo-

1924 1588 2119 1644 dicam
2161 1589 2479 1658 quamdam
2511 1588 2864 1658 jactantiam
2897 1607 3016 1659 pra)
3060 1606 3121 1643 se
3165 1589 3382 1644 ferunt.
3411 1591 3576 1655 Quod

1928 1680 2085 1735 enim
2110 1678 2468 1733 excellentes
2501 1685 2675 1748 atque
2728 1679 2985 1749 ingentis
3029 1679 3203 1749 pretii
3245 1679 3474 1751 lapides
3520 1686 3579 1734 et

1926 1769 2178 1823 uniones
2200 1768 2734 1838 viderim,quonam
2750 1766 2926 1821 modo
2951 1768 3353 1824 enumerando
3370 1785 3577 1824 recen-

1927 1873 2056 1911 sere
2079 1872 2291 1927 queam
2313 1854 2460 1910 ?nec
2486 1862 2681 1909 tamen
2714 1871 2976 1925 unquam
2999 1860 3097 1909 aut
3120 1855 3233 1909 vidi
3261 1860 3360 1910 aut
3378 1855 3577 1910 audivi

1926 1947 2025 2017 qui
2050 1962 2149 2001 eas
2171 1961 2317 2016 quas
2335 1946 2814 1999 commemorasti
2834 1945 2986 1999 vires
3019 1944 3578 1999 haberent.Verum-

1926 2041 2125 2090 tamen
2157 2052 2293 2090 eum
2318 2036 2459 2089 mihi
2485 2035 2834 2101 ostende,ac
2867 2036 2913 2087 si
2940 2035 3075 2089 talis
3098 2035 3440 2105 estqualem
3466 2037 3575 2102 ais,

1926 2127 2053 2180 sine
2071 2126 2194 2179 ulla
2214 2124 2589 2179 cunctatione
2618 2124 2692 2178 ad
2708 2124 2858 2195 regis
2884 2124 3073 2178 tilium
3098 2130 3151 2178 te
3176 2123 3575 2192 introducam,

1925 2215 2025 2285 qui
2048 2221 2103 2268 te
2118 2215 2391 2268 maximis
2406 2213 2729 2267 honoribus
2752 2230 2817 2267 ac
2835 2213 3142 2267 beneﬁciis
3159 2213 3418 2267 ornabit.
3452 2214 3580 2267 Pri-

1923 2320 2175 2375 usquam
2209 2310 2406 2358 autem
2427 2320 2532 2374 per
2566 2302 2760 2374 ipsum
2810 2303 3119 2357 oculorum
3143 2302 3437 2370 obtutum,
3473 2304 3575 2374 qui

1924 2394 2049 2449 falli
2079 2393 2472 2463 nequit,dicta
2491 2398 2589 2446 tua
2615 2392 3147 2459 conﬁrmarisﬁeri
3173 2409 3289 2446 non
3304 2397 3499 2463 potest
3516 2396 3579 2447 ut

1927 2482 2167 2537 domino
2206 2498 2336 2536 meo
2377 2498 2443 2536 ac
2465 2482 2586 2551 regi
2612 2481 2683 2535 de
2706 2498 2767 2535 re
2794 2482 3022 2536 incerta
3060 2487 3118 2535 et
3143 2482 3580 2554 incognitahaac

1927 2577 2044 2626 tam
2061 2571 2382 2625 immodica
2393 2587 2459 2625 ac
2475 2571 2826 2641 prmtumida
2840 2571 3363 2625 renuntiem.Dixit
3382 2576 3580 2625 autem

1926 2661 2196 2716 Barlaam
2224 2677 2235 2714 :
2264 2662 2439 2715 Recte
2464 2659 2686 2726 dixisti,
2706 2665 2759 2713 te
2785 2659 3128 2730 hujusmodi
3155 2661 3303 2714 vires
3316 2677 3382 2715 ac
3396 2660 3584 2715 facul-

1927 2755 2077 2805 tates
2110 2766 2219 2804 nec
2238 2765 2502 2819 unquam
2524 2748 2922 2819 perspexisse,
2953 2764 3061 2803 nec
3085 2747 3583 2804 audisse.Etenim

1927 2839 2114 2894 oratio
2147 2837 2221 2893 ad
2262 2844 2316 2891 te
2348 2853 2480 2892 mea
2502 2854 2622 2891 non
2647 2837 2795 2893 dere
2818 2836 3170 2908 vulgari,sed
3195 2837 3418 2908 ingenti
3434 2854 3583 2907 qua-

1927 2927 2064 2983 dam
2097 2932 2155 2981 et
2183 2926 2537 2981 admiranda
2570 2932 2677 2980 est.
2711 2924 2876 2990 Quod
2923 2930 3122 2980 autem
3170 2940 3305 2979 eum
3337 2941 3580 2981 cernere

1928 3016 2274 3088 quaasivisti,
2308 3014 2445 3070 audi
2471 3014 2613 3085 quid
2646 3015 2860 3069 dicam.

2001 3108 2171 3178 Lapis
2200 3107 2294 3161 hic
2319 3106 2535 3160 summi
2562 3106 2978 3176 pretii,praater
2997 3121 3093 3160 eas
3117 3120 3263 3176 quas
3285 3104 3405 3159 dixi
3430 3106 3582 3160 vires

1932 3201 1990 3251 et
2010 3196 2501 3263 facultates,hanc
2524 3196 2702 3249 etiam
2735 3194 3086 3249 habet.Eum
3120 3196 3280 3249 enim
3308 3200 3584 3266 prompte

1930 3303 1997 3342 ac
2022 3286 2194 3341 facile
2218 3286 2556 3357 prospicere
2588 3302 2709 3340 non
2741 3290 2955 3355 potest.
2980 3285 3080 3355 qui
3134 3302 3341 3339 sanum
3370 3301 3437 3339 ac
3469 3284 3579 3339 ﬁr-

1932 3393 2095 3431 mum
2128 3376 2388 3442 oculum,
2450 3390 2781 3445 corpusque
2824 3390 3035 3444 purum
3069 3380 3247 3445 atque
3299 3374 3371 3428 ab
3418 3372 3580 3429 omni

1933 3468 2215 3538 spurcitie
2247 3468 2508 3521 alienum
2536 3482 2657 3520 non
2689 3465 3034 3519 habet.Nam
3062 3466 3107 3519 si
3144 3464 3406 3536 quis,his
3438 3465 3585 3520 dua-

1932 3557 2043 3612 bus
2075 3557 2251 3612 rebus
2276 3574 2395 3611 non
2410 3562 2567 3611 recte
2595 3556 3041 3626 comparatis,in
3069 3555 3227 3609 hunc
3259 3555 3587 3626 pretiosum

1935 3648 2193 3718 lapidem
2226 3646 2429 3701 oculos
2454 3652 2674 3700 temere
2706 3662 2773 3699 ac
2805 3644 3141 3715 petulanter
3172 3644 3423 3715 inJiciat,
3457 3643 3588 3714 ipsa

1936 3753 2169 3809 quoque
2200 3736 2426 3790 scilicet
2462 3750 2578 3806 qua
2626 3734 2910 3806 praaditus
2954 3739 3043 3788 est
3096 3732 3385 3787 cernendi
3437 3731 3488 3785 vi
3520 3747 3587 3786 ac

1935 3832 2135 3882 mente
2160 3826 2404 3896 insuper
2425 3823 2829 3878 mulctabitur.
2856 3824 2971 3893 Ego
3000 3838 3199 3893 porro,
3230 3826 3436 3892 utpote
3460 3836 3587 3875 me-

1936 3917 2147 3972 dicinae
2180 3916 2424 3970 minime
2449 3914 2611 3968 rudis
2631 3919 2689 3967 et
2716 3913 2975 3985 ignarus.
2993 3912 3197 3967 oculos
3230 3917 3360 3967 tuos
3380 3926 3589 3983 parum

1936 4022 2113 4061 sanos
2146 4021 2276 4060 esse
2308 4003 2606 4074 conspicio
2639 4019 2651 4055 :
2680 4018 2745 4056 ac
2778 4001 3027 4073 proinde
3076 4018 3281 4056 vereor
3328 4018 3403 4055 ne
3434 4002 3589 4056 hanc

1936 4112 2174 4167 quoque
2206 4110 2384 4165 quam
2416 4093 2599 4147 habes
2622 4091 2907 4147 cernendi
2941 4090 3284 4146 facultatem
3323 4092 3584 4146 amittas.

1938 4188 2152 4240 Verum
2186 4184 2256 4239 de
2281 4183 2433 4254 regis
2452 4182 2575 4236 filio
2609 4181 2823 4249 audivi,
2847 4197 2983 4235 eum
3011 4186 3127 4233 tam
3159 4180 3289 4232 vitae
3313 4179 3584 4233 castitate

1936 4274 2250 4347 praaditum
2272 4288 2422 4338 esse,
2445 4277 2568 4325 tum
2591 4270 2870 4342 pulchros
2899 4286 2965 4323 ac
2989 4267 3361 4339 perspicaces
3383 4266 3588 4321 oculos

1936 4363 2155 4419 habere
2184 4361 2467 4426 Quocirca
2482 4360 2825 4414 thesaurum
2840 4359 2998 4411 hunc
3022 4357 3130 4426 ipsi
3149 4355 3460 4409 ostendere
3480 4356 3591 4411 mi-

1939 4453 2100 4508 nime
2130 4450 2430 4505 dubitabo.
2468 4448 2861 4514 Quamobrem
2895 4464 2967 4501 ne
2990 4445 3362 4501 commiseris
3385 4450 3450 4498 ut
3480 4445 3592 4500 hoc

1940 4542 2224 4613 negligas,
2267 4556 2333 4594 ac
2360 4556 2421 4593 re
2454 4538 2598 4593 tanti
2625 4536 2912 4592 momenti
2948 4534 3253 4590 dominum
3280 4539 3447 4589 tuum
3473 4534 3590 4605 pri-

1862 4636 1907 4700 1)
1939 4648 2057 4685 ves.
2093 4628 2195 4683 llle
2217 4634 2415 4682 autem
2444 4628 2514 4681 ad
2543 4643 2675 4681 eum
2710 4626 2896 4680 dixit:
2932 4626 2987 4679 Si
3014 4625 3137 4679 haec
3165 4624 3246 4678 ita
3263 4640 3324 4678 se
3345 4622 3589 4691 habent,

1940 4737 2015 4775 ne
2048 4718 2191 4772 mihi
2216 4717 2474 4788 lapidem
2508 4716 2808 4783 ostendas,
2833 4715 3129 4787 siquidem
3154 4712 3428 4785 plurimis
3447 4728 3587 4783 pec-

1939 4809 2085 4865 catis
2117 4807 2231 4861 vita
2263 4823 2394 4861 mea
2424 4806 2736 4878 inquinata
2768 4810 2875 4870 est,
2894 4822 2959 4859 ac
2975 4810 3261 4875 praeterea
3283 4818 3357 4857 ne
3383 4801 3590 4857 oculos

1939 4896 2181 4969 quidem
2206 4896 2348 4950 satis
2373 4911 2550 4950 sanos
2582 4894 2791 4950 habeo.
2828 4896 2906 4948 De
2931 4894 3041 4949 hac
3072 4898 3270 4947 autem
3300 4908 3363 4946 re
3399 4890 3593 4945 domi-

1940 5003 2082 5041 num
2098 5003 2295 5041 meum
2322 5002 2519 5059 regem
2535 4986 2847 5040 certiorem
2870 4985 3060 5038 facere
3085 4983 3331 5037 minime
3355 4985 3597 5036 cuncta-

1981 5094 2067 5130 or.
2116 5078 2235 5132 Hoc
2266 5092 2542 5131 sermone
2592 5075 2813 5142 habito,
2870 5074 2942 5129 ad
2992 5075 3146 5147 regis
3218 5073 3411 5127 filium
3494 5071 3585 5127 in-

1938 5182 2197 5238 gressus,
2217 5165 2417 5221 omnia
2434 5166 2485 5219 ei
2504 5165 2809 5237 sigillatim
2831 5164 3122 5235 exposuit.
3166 5162 3270 5217 Ille
3303 5167 3502 5217 autem
3528 5165 3595 5215 ut

1938 5255 2318 5327 praeceptoris
2346 5254 2522 5309 verba
2543 5252 3087 5325 audivit,spirituali
3108 5252 3363 5324 quadam
3387 5250 3595 5306 laetitia

1940 5345 2315 5416 etvoluptate
2338 5350 2544 5416 pectus
2588 5358 2763 5399 suum
2821 5343 3012 5399 afflari
3056 5342 3279 5410 sensit;
3324 5358 3392 5397 ac
3435 5340 3597 5396 velut

1940 5436 2187 5491 numine
2227 5441 2556 5508 correptus,
2608 5434 2915 5491 hominem
2964 5433 3238 5490 celeriter
3297 5430 3596 5489 introduci

1932 5526 2136 5598 jussit.
