  <div class='ocr_page' id='page_1' title='image "/cluster/home/n/w/nwhite01/storage/ocr_20150623/96/hvd.32044073502122/455.png"; bbox 0 0 3952 6202; ppageno 0'>
   <div class='ocr_carea' id='block_1_1' title="bbox 1953 384 2058 442">
    <p class='ocr_par' dir='ltr' id='par_1_1' title="bbox 1953 384 2058 436">
     <span class='ocr_line' id='line_1_1' title="bbox 1953 384 2058 436; baseline 0 -1"><span class='ocrx_word' id='word_1_1' title='bbox 1953 384 2058 436; x_wconf 66' lang='lat' dir='ltr'>ADJ</span> 
     </span>
    </p>
   </div>
   <div class='ocr_carea' id='block_1_2' title="bbox 2180 384 3763 442">
    <p class='ocr_par' dir='ltr' id='par_1_2' title="bbox 2180 385 3763 442">
     <span class='ocr_line' id='line_1_2' title="bbox 2180 385 3763 442; baseline 0.002 -4"><span class='ocrx_word' id='word_1_2' title='bbox 2180 385 2319 441; x_wconf 77' lang='grc' dir='ltr'><strong>[ΒΔ.</strong></span> <span class='ocrx_word' id='word_1_3' title='bbox 3683 386 3763 442; x_wconf 79' lang='lat'>900</span> 
     </span>
    </p>
   </div>
   <div class='ocr_carea' id='block_1_3' title="bbox 2259 504 3764 582">
    <p class='ocr_par' dir='ltr' id='par_1_3' title="bbox 2259 504 3764 582">
     <span class='ocr_line' id='line_1_3' title="bbox 2259 504 3764 582; baseline 0.001 -20"><span class='ocrx_word' id='word_1_4' title='bbox 2259 507 2350 570; x_wconf 81' lang='grc' dir='ltr'>Ὠς</span> <span class='ocrx_word' id='word_1_5' title='bbox 2405 505 2496 562; x_wconf 73' lang='grc' dir='ltr'>οὖν</span> <span class='ocrx_word' id='word_1_6' title='bbox 2557 505 2809 578; x_wconf 66' lang='grc' dir='ltr'>εἰσῆλθεν</span> <span class='ocrx_word' id='word_1_7' title='bbox 2857 509 2886 564; x_wconf 98' lang='lat'>6</span> <span class='ocrx_word' id='word_1_8' title='bbox 2941 508 3233 582; x_wconf 78' lang='grc' dir='ltr'>Βαρλαᾶμ,</span> <span class='ocrx_word' id='word_1_9' title='bbox 3283 507 3372 562; x_wconf 78' lang='grc' dir='ltr'>καὶ</span> <span class='ocrx_word' id='word_1_10' title='bbox 3435 504 3638 563; x_wconf 72' lang='grc' dir='ltr'>δέδωκεν</span> <span class='ocrx_word' id='word_1_11' title='bbox 3660 508 3764 582; x_wconf 67' lang='grc' dir='ltr'>αὖτῷ</span> 
     </span>
    </p>
   </div>
   <div class='ocr_carea' id='block_1_4' title="bbox 2187 597 3766 673">
    <p class='ocr_par' dir='ltr' id='par_1_4' title="bbox 2187 597 3766 673">
     <span class='ocr_line' id='line_1_4' title="bbox 2187 597 3766 673; baseline 0.001 -23"><span class='ocrx_word' id='word_1_12' title='bbox 2187 599 2284 666; x_wconf 69' lang='grc' dir='ltr'>τήν</span> <span class='ocrx_word' id='word_1_13' title='bbox 2346 599 2654 672; x_wconf 84' lang='grc' dir='ltr'>πρέπουσαν</span> <span class='ocrx_word' id='word_1_14' title='bbox 2707 599 2929 673; x_wconf 71' lang='grc' dir='ltr'>εἰρήνην</span> <span class='ocrx_word' id='word_1_15' title='bbox 2955 602 3092 670; x_wconf 76' lang='lat'>(82),</span> <span class='ocrx_word' id='word_1_16' title='bbox 3155 597 3440 672; x_wconf 71' lang='grc' dir='ltr'>ἐπέτρεψεν</span> <span class='ocrx_word' id='word_1_17' title='bbox 3499 597 3636 652; x_wconf 67' lang='grc' dir='ltr'>αὐτὸν</span> <span class='ocrx_word' id='word_1_18' title='bbox 3675 613 3766 663; x_wconf 64' lang='grc' dir='ltr'>καθ.</span> 
     </span>
    </p>
   </div>
   <div class='ocr_carea' id='block_1_5' title="bbox 431 399 538 455">
    <p class='ocr_par' dir='ltr' id='par_1_5' title="bbox 431 399 538 455">
     <span class='ocr_line' id='line_1_5' title="bbox 431 399 538 455; baseline 0.009 -1"><span class='ocrx_word' id='word_1_19' title='bbox 431 399 538 455; x_wconf 86' lang='grc'>899</span> 
     </span>
    </p>
   </div>
   <div class='ocr_carea' id='block_1_6' title="bbox 504 509 2161 592">
    <p class='ocr_par' dir='ltr' id='par_1_6' title="bbox 504 509 2161 592">
     <span class='ocr_line' id='line_1_6' title="bbox 504 509 2161 592; baseline -0.01 -15"><span class='ocrx_word' id='word_1_20' title='bbox 504 524 576 578; x_wconf 88' lang='lat' dir='ltr'>Ut</span> <span class='ocrx_word' id='word_1_21' title='bbox 597 516 1093 592; x_wconf 86' lang='lat' dir='ltr'>igituringressus</span> <span class='ocrx_word' id='word_1_22' title='bbox 1125 517 1214 569; x_wconf 78' lang='lat' dir='ltr'>est</span> <span class='ocrx_word' id='word_1_23' title='bbox 1243 509 1714 580; x_wconf 87' lang='lat' dir='ltr'>Barlaam,eique</span> <span class='ocrx_word' id='word_1_24' title='bbox 1747 523 1925 580; x_wconf 90' lang='lat' dir='ltr'>quam</span> <span class='ocrx_word' id='word_1_25' title='bbox 1943 524 2077 563; x_wconf 88' lang='lat' dir='ltr'>con-</span> <span class='ocrx_word' id='word_1_26' title='bbox 2106 509 2161 576; x_wconf 78' lang='grc' dir='ltr'><strong>Α</strong></span> 
     </span>
    </p>
   </div>
   <div class='ocr_carea' id='block_1_7' title="bbox 424 600 2074 678">
    <p class='ocr_par' dir='ltr' id='par_1_7' title="bbox 424 600 2074 678">
     <span class='ocr_line' id='line_1_7' title="bbox 424 600 2074 678; baseline -0.01 -12"><span class='ocrx_word' id='word_1_27' title='bbox 424 611 695 667; x_wconf 74' lang='lat' dir='ltr'>veniebat</span> <span class='ocrx_word' id='word_1_28' title='bbox 725 622 932 678; x_wconf 89' lang='lat' dir='ltr'>pacem</span> <span class='ocrx_word' id='word_1_29' title='bbox 971 603 1152 669; x_wconf 84' lang='lat' dir='ltr'>dedit,</span> <span class='ocrx_word' id='word_1_30' title='bbox 1205 601 1410 656; x_wconf 89' lang='lat' dir='ltr'>sedere</span> <span class='ocrx_word' id='word_1_31' title='bbox 1440 600 1645 670; x_wconf 85' lang='lat' dir='ltr'>jussus</span> <span class='ocrx_word' id='word_1_32' title='bbox 1668 605 1774 652; x_wconf 91' lang='lat' dir='ltr'>est.</span> <span class='ocrx_word' id='word_1_33' title='bbox 1811 600 2074 668; x_wconf 82' lang='lat' dir='ltr'>Cumque</span> 
     </span>
    </p>
   </div>
   <div class='ocr_carea' id='block_1_8' title="bbox 423 687 2076 774">
    <p class='ocr_par' dir='ltr' id='par_1_8' title="bbox 423 687 2076 774">
     <span class='ocr_line' id='line_1_8' title="bbox 423 687 2076 774; baseline -0.009 -19"><span class='ocrx_word' id='word_1_34' title='bbox 423 705 752 774; x_wconf 68' lang='lat' dir='ltr'>praeceptor</span> <span class='ocrx_word' id='word_1_35' title='bbox 773 691 1426 761; x_wconf 72' lang='lat' dir='ltr'>secessissetJosaphat</span> <span class='ocrx_word' id='word_1_36' title='bbox 1458 689 1530 744; x_wconf 83' lang='lat' dir='ltr'>ad</span> <span class='ocrx_word' id='word_1_37' title='bbox 1563 687 1956 744; x_wconf 86' lang='lat' dir='ltr'>senemdixit:</span> <span class='ocrx_word' id='word_1_38' title='bbox 1977 688 2076 740; x_wconf 87' lang='lat' dir='ltr'>Ve-</span> 
     </span>
    </p>
   </div>
   <div class='ocr_carea' id='block_1_9' title="bbox 425 777 2077 858">
    <p class='ocr_par' dir='ltr' id='par_1_9' title="bbox 425 777 2077 858">
     <span class='ocr_line' id='line_1_9' title="bbox 425 777 2077 858; baseline -0.01 -13"><span class='ocrx_word' id='word_1_39' title='bbox 425 791 529 846; x_wconf 91' lang='lat' dir='ltr'>lim</span> <span class='ocrx_word' id='word_1_40' title='bbox 549 789 697 843; x_wconf 88' lang='lat' dir='ltr'>mihi</span> <span class='ocrx_word' id='word_1_41' title='bbox 724 786 1051 858; x_wconf 88' lang='lat' dir='ltr'>pretiosum</span> <span class='ocrx_word' id='word_1_42' title='bbox 1076 782 1244 836; x_wconf 89' lang='lat' dir='ltr'>illum</span> <span class='ocrx_word' id='word_1_43' title='bbox 1264 780 1521 850; x_wconf 87' lang='lat' dir='ltr'>lapidem</span> <span class='ocrx_word' id='word_1_44' title='bbox 1555 778 1853 838; x_wconf 91' lang='lat' dir='ltr'>ostendas,</span> <span class='ocrx_word' id='word_1_45' title='bbox 1872 777 2077 846; x_wconf 88' lang='lat' dir='ltr'>dequo</span> 
     </span>
    </p>
   </div>
   <div class='ocr_carea' id='block_1_10' title="bbox 424 868 2077 951">
    <p class='ocr_par' dir='ltr' id='par_1_10' title="bbox 424 868 2077 951">
     <span class='ocr_line' id='line_1_10' title="bbox 424 868 2077 951; baseline -0.011 -15"><span class='ocrx_word' id='word_1_46' title='bbox 424 896 639 951; x_wconf 90' lang='lat' dir='ltr'>magna</span> <span class='ocrx_word' id='word_1_47' title='bbox 659 884 714 930; x_wconf 88' lang='lat' dir='ltr'>et</span> <span class='ocrx_word' id='word_1_48' title='bbox 728 873 1079 930; x_wconf 88' lang='lat' dir='ltr'>admiranda</span> <span class='ocrx_word' id='word_1_49' title='bbox 1093 872 1195 925; x_wconf 89' lang='lat' dir='ltr'>abs</span> <span class='ocrx_word' id='word_1_50' title='bbox 1214 877 1263 924; x_wconf 74' lang='lat' dir='ltr'>te</span> <span class='ocrx_word' id='word_1_51' title='bbox 1279 868 1730 924; x_wconf 81' lang='lat' dir='ltr'>commemorari</span> <span class='ocrx_word' id='word_1_52' title='bbox 1751 872 2077 938; x_wconf 72' lang='lat' dir='ltr'>przeceptor</span> 
     </span>
    </p>
   </div>
   <div class='ocr_carea' id='block_1_11' title="bbox 424 955 2076 1024">
    <p class='ocr_par' dir='ltr' id='par_1_11' title="bbox 424 955 2076 1024">
     <span class='ocr_line' id='line_1_11' title="bbox 424 955 2076 1024; baseline -0.008 0"><span class='ocrx_word' id='word_1_53' title='bbox 424 985 592 1024; x_wconf 87' lang='lat' dir='ltr'>meus</span> <span class='ocrx_word' id='word_1_54' title='bbox 610 965 751 1020; x_wconf 82' lang='lat' dir='ltr'>mihi</span> <span class='ocrx_word' id='word_1_55' title='bbox 779 963 1055 1019; x_wconf 85' lang='lat' dir='ltr'>narravit.</span> <span class='ocrx_word' id='word_1_56' title='bbox 1101 960 1366 1015; x_wconf 90' lang='lat' dir='ltr'>Barlaam</span> <span class='ocrx_word' id='word_1_57' title='bbox 1413 965 1607 1013; x_wconf 89' lang='lat' dir='ltr'>autem</span> <span class='ocrx_word' id='word_1_58' title='bbox 1633 973 1799 1011; x_wconf 92' lang='lat' dir='ltr'>suam</span> <span class='ocrx_word' id='word_1_59' title='bbox 1833 955 1906 1010; x_wconf 89' lang='lat' dir='ltr'>ad</span> <span class='ocrx_word' id='word_1_60' title='bbox 1940 972 2076 1010; x_wconf 90' lang='lat' dir='ltr'>eum</span> 
     </span>
    </p>
   </div>
   <div class='ocr_carea' id='block_1_12' title="bbox 2189 686 3770 764">
    <p class='ocr_par' dir='ltr' id='par_1_12' title="bbox 2189 686 3770 764">
     <span class='ocr_line' id='line_1_12' title="bbox 2189 686 3770 764; baseline 0.011 -26"><span class='ocrx_word' id='word_1_61' title='bbox 2189 691 2427 756; x_wconf 82' lang='grc' dir='ltr'>εσθῆναι,</span> <span class='ocrx_word' id='word_1_62' title='bbox 2462 690 2576 754; x_wconf 84' lang='grc' dir='ltr'>καὶ,</span> <span class='ocrx_word' id='word_1_63' title='bbox 2606 693 2702 744; x_wconf 79' lang='grc' dir='ltr'>τοῦ</span> <span class='ocrx_word' id='word_1_64' title='bbox 2733 686 3090 764; x_wconf 73' lang='grc' dir='ltr'>παιδαγωγοῦ</span> <span class='ocrx_word' id='word_1_65' title='bbox 3154 690 3624 763; x_wconf 63' lang='grc' dir='ltr'>ὑποχωρήσαντος.</span> <span class='ocrx_word' id='word_1_66' title='bbox 3665 688 3770 763; x_wconf 78' lang='grc' dir='ltr'>λέγει</span> 
     </span>
    </p>
   </div>
   <div class='ocr_carea' id='block_1_13' title="bbox 2189 777 3774 856">
    <p class='ocr_par' dir='ltr' id='par_1_13' title="bbox 2189 777 3774 856">
     <span class='ocr_line' id='line_1_13' title="bbox 2189 777 3774 856; baseline 0 -24"><span class='ocrx_word' id='word_1_67' title='bbox 2189 779 2217 832; x_wconf 90' lang='lat'>6</span> <span class='ocrx_word' id='word_1_68' title='bbox 2243 781 2343 835; x_wconf 73' lang='lat'>39</span> <span class='ocrx_word' id='word_1_69' title='bbox 2375 778 2607 856; x_wconf 72' lang='grc' dir='ltr'>Ἱωάσαφ</span> <span class='ocrx_word' id='word_1_70' title='bbox 2637 784 2716 852; x_wconf 78' lang='grc' dir='ltr'>τῷ</span> <span class='ocrx_word' id='word_1_71' title='bbox 2745 782 2980 856; x_wconf 86' lang='grc' dir='ltr'>γέροντι·</span> <span class='ocrx_word' id='word_1_72' title='bbox 3017 777 3322 851; x_wconf 78' lang='grc' dir='ltr'>’Υπόδειξόν</span> <span class='ocrx_word' id='word_1_73' title='bbox 3365 798 3456 850; x_wconf 86' lang='grc' dir='ltr'>μοι</span> <span class='ocrx_word' id='word_1_74' title='bbox 3509 778 3594 830; x_wconf 81' lang='grc' dir='ltr'>τὸν</span> <span class='ocrx_word' id='word_1_75' title='bbox 3643 777 3774 832; x_wconf 61' lang='lat' dir='ltr'>mici-</span> 
     </span>
    </p>
   </div>
   <div class='ocr_carea' id='block_1_14' title="bbox 2186 867 3778 944">
    <p class='ocr_par' dir='ltr' id='par_1_14' title="bbox 2186 867 3778 944">
     <span class='ocr_line' id='line_1_14' title="bbox 2186 867 3778 944; baseline -0.001 -22"><span class='ocrx_word' id='word_1_76' title='bbox 2186 889 2346 940; x_wconf 75' lang='grc' dir='ltr'>τιμον</span> <span class='ocrx_word' id='word_1_77' title='bbox 2409 867 2585 937; x_wconf 71' lang='grc' dir='ltr'>λίθον,</span> <span class='ocrx_word' id='word_1_78' title='bbox 2643 869 2762 943; x_wconf 80' lang='grc' dir='ltr'>περὶ</span> <span class='ocrx_word' id='word_1_79' title='bbox 2845 867 2908 923; x_wconf 79' lang='grc' dir='ltr'>οὗ</span> <span class='ocrx_word' id='word_1_80' title='bbox 2971 867 3180 944; x_wconf 75' lang='grc' dir='ltr'>μεγάλα</span> <span class='ocrx_word' id='word_1_81' title='bbox 3235 867 3358 921; x_wconf 74' lang='grc' dir='ltr'>τινὰ</span> <span class='ocrx_word' id='word_1_82' title='bbox 3413 868 3498 921; x_wconf 77' lang='grc' dir='ltr'>καὶ</span> <span class='ocrx_word' id='word_1_83' title='bbox 3556 869 3778 938; x_wconf 72' lang='grc' dir='ltr'>θαυμαστὲ</span> 
     </span>
    </p>
   </div>
   <div class='ocr_carea' id='block_1_15' title="bbox 2189 955 3780 1034">
    <p class='ocr_par' dir='ltr' id='par_1_15' title="bbox 2189 955 3780 1034">
     <span class='ocr_line' id='line_1_15' title="bbox 2189 955 3780 1034; baseline -0.001 -20"><span class='ocrx_word' id='word_1_84' title='bbox 2189 957 2368 1031; x_wconf 86' lang='grc' dir='ltr'>λέγειν</span> <span class='ocrx_word' id='word_1_85' title='bbox 2427 980 2483 1013; x_wconf 88' lang='grc' dir='ltr'>σε</span> <span class='ocrx_word' id='word_1_86' title='bbox 2545 961 2572 1014; x_wconf 89' lang='lat'>6</span> <span class='ocrx_word' id='word_1_87' title='bbox 2631 959 2763 1032; x_wconf 76' lang='grc' dir='ltr'>ἐμὸς</span> <span class='ocrx_word' id='word_1_88' title='bbox 2846 957 3200 1034; x_wconf 85' lang='grc' dir='ltr'>παιδαγωγὸς</span> <span class='ocrx_word' id='word_1_89' title='bbox 3287 956 3602 1032; x_wconf 72' lang='grc' dir='ltr'>διηγήσατο.</span> <span class='ocrx_word' id='word_1_90' title='bbox 3651 960 3698 1010; x_wconf 84' lang='grc' dir='ltr'>Ὀ</span> <span class='ocrx_word' id='word_1_91' title='bbox 3742 955 3780 1013; x_wconf 68' lang='grc' dir='ltr'>δὲ</span> 
     </span>
    </p>
   </div>
   <div class='ocr_carea' id='block_1_16' title="bbox 423 1045 2079 1129">
    <p class='ocr_par' dir='ltr' id='par_1_16' title="bbox 423 1045 2079 1129">
     <span class='ocr_line' id='line_1_16' title="bbox 423 1045 2079 1129; baseline -0.007 -17"><span class='ocrx_word' id='word_1_92' title='bbox 423 1056 886 1129; x_wconf 81' lang='lat' dir='ltr'>disputationem</span> <span class='ocrx_word' id='word_1_93' title='bbox 901 1053 971 1106; x_wconf 87' lang='lat' dir='ltr'>ad</span> <span class='ocrx_word' id='word_1_94' title='bbox 988 1053 1144 1105; x_wconf 89' lang='lat' dir='ltr'>hunc</span> <span class='ocrx_word' id='word_1_95' title='bbox 1160 1049 1400 1104; x_wconf 91' lang='lat' dir='ltr'>modum</span> <span class='ocrx_word' id='word_1_96' title='bbox 1417 1047 1753 1119; x_wconf 84' lang='lat' dir='ltr'>auspicatus</span> <span class='ocrx_word' id='word_1_97' title='bbox 1769 1045 2079 1100; x_wconf 73' lang='lat' dir='ltr'>estzilaud-</span> 
     </span>
    </p>
   </div>
   <div class='ocr_carea' id='block_1_17' title="bbox 423 1138 2071 1218">
    <p class='ocr_par' dir='ltr' id='par_1_17' title="bbox 423 1138 2071 1218">
     <span class='ocr_line' id='line_1_17' title="bbox 423 1138 2071 1218; baseline -0.008 -16"><span class='ocrx_word' id='word_1_98' title='bbox 423 1162 724 1218; x_wconf 89' lang='lat' dir='ltr'>quaquam</span> <span class='ocrx_word' id='word_1_99' title='bbox 749 1159 986 1215; x_wconf 68' lang='lat' dir='ltr'>aequum</span> <span class='ocrx_word' id='word_1_100' title='bbox 1011 1147 1160 1200; x_wconf 88' lang='lat' dir='ltr'>est,o</span> <span class='ocrx_word' id='word_1_101' title='bbox 1192 1157 1314 1206; x_wconf 82' lang='lat' dir='ltr'>rex,</span> <span class='ocrx_word' id='word_1_102' title='bbox 1348 1139 1420 1194; x_wconf 91' lang='lat' dir='ltr'>ad</span> <span class='ocrx_word' id='word_1_103' title='bbox 1453 1138 1748 1192; x_wconf 85' lang='lat' dir='ltr'>illustrem</span> <span class='ocrx_word' id='word_1_104' title='bbox 1783 1142 1944 1190; x_wconf 88' lang='lat' dir='ltr'>tuam</span> <span class='ocrx_word' id='word_1_105' title='bbox 1977 1152 2071 1189; x_wconf 83' lang='lat' dir='ltr'>ex-</span> 
     </span>
    </p>
   </div>
   <div class='ocr_carea' id='block_1_18' title="bbox 422 1225 2076 1304">
    <p class='ocr_par' dir='ltr' id='par_1_18' title="bbox 422 1225 2076 1304">
     <span class='ocr_line' id='line_1_18' title="bbox 422 1225 2076 1304; baseline -0.009 -11"><span class='ocrx_word' id='word_1_106' title='bbox 422 1235 765 1292; x_wconf 89' lang='lat' dir='ltr'>cellentiam</span> <span class='ocrx_word' id='word_1_107' title='bbox 785 1233 1110 1304; x_wconf 79' lang='lat' dir='ltr'>quidquam</span> <span class='ocrx_word' id='word_1_108' title='bbox 1135 1229 1282 1284; x_wconf 89' lang='lat' dir='ltr'>falso</span> <span class='ocrx_word' id='word_1_109' title='bbox 1300 1235 1357 1283; x_wconf 91' lang='lat' dir='ltr'>et</span> <span class='ocrx_word' id='word_1_110' title='bbox 1379 1227 1814 1283; x_wconf 81' lang='lat' dir='ltr'>inconsiderate</span> <span class='ocrx_word' id='word_1_111' title='bbox 1832 1241 1972 1281; x_wconf 89' lang='lat' dir='ltr'>ame</span> <span class='ocrx_word' id='word_1_112' title='bbox 1987 1225 2076 1279; x_wconf 89' lang='lat' dir='ltr'>di-</span> 
     </span>
    </p>
   </div>
   <div class='ocr_carea' id='block_1_19' title="bbox 422 1318 2074 1392">
    <p class='ocr_par' dir='ltr' id='par_1_19' title="bbox 422 1318 2074 1392">
     <span class='ocr_line' id='line_1_19' title="bbox 422 1318 2074 1392; baseline -0.008 -11"><span class='ocrx_word' id='word_1_113' title='bbox 422 1325 714 1381; x_wconf 77' lang='lat' dir='ltr'>ci.0mnia</span> <span class='ocrx_word' id='word_1_114' title='bbox 729 1323 886 1377; x_wconf 85' lang='lat' dir='ltr'>enim</span> <span class='ocrx_word' id='word_1_115' title='bbox 903 1339 1032 1392; x_wconf 66' lang='lat' dir='ltr'>qua)</span> <span class='ocrx_word' id='word_1_116' title='bbox 1047 1320 1117 1374; x_wconf 90' lang='lat' dir='ltr'>de</span> <span class='ocrx_word' id='word_1_117' title='bbox 1135 1337 1226 1373; x_wconf 91' lang='lat' dir='ltr'>me</span> <span class='ocrx_word' id='word_1_118' title='bbox 1241 1319 1312 1373; x_wconf 89' lang='lat' dir='ltr'>ad</span> <span class='ocrx_word' id='word_1_119' title='bbox 1331 1324 1384 1372; x_wconf 88' lang='lat' dir='ltr'>te</span> <span class='ocrx_word' id='word_1_120' title='bbox 1409 1318 1588 1372; x_wconf 86' lang='lat' dir='ltr'>allata</span> <span class='ocrx_word' id='word_1_121' title='bbox 1600 1323 1737 1370; x_wconf 89' lang='lat' dir='ltr'>sunt</span> <span class='ocrx_word' id='word_1_122' title='bbox 1750 1331 1883 1369; x_wconf 88' lang='lat' dir='ltr'>vera</span> <span class='ocrx_word' id='word_1_123' title='bbox 1897 1321 2074 1384; x_wconf 88' lang='lat' dir='ltr'>atque</span> 
     </span>
    </p>
   </div>
   <div class='ocr_carea' id='block_1_20' title="bbox 421 1404 2073 1473">
    <p class='ocr_par' dir='ltr' id='par_1_20' title="bbox 421 1404 2073 1473">
     <span class='ocr_line' id='line_1_20' title="bbox 421 1404 2073 1473; baseline -0.008 -5"><span class='ocrx_word' id='word_1_124' title='bbox 421 1415 493 1468; x_wconf 89' lang='lat' dir='ltr'>ab</span> <span class='ocrx_word' id='word_1_125' title='bbox 517 1413 677 1467; x_wconf 91' lang='lat' dir='ltr'>omni</span> <span class='ocrx_word' id='word_1_126' title='bbox 712 1410 1081 1465; x_wconf 82' lang='lat' dir='ltr'>dubitatione</span> <span class='ocrx_word' id='word_1_127' title='bbox 1105 1407 1302 1461; x_wconf 82' lang='lat' dir='ltr'>aliena</span> <span class='ocrx_word' id='word_1_128' title='bbox 1333 1411 1490 1460; x_wconf 88' lang='lat' dir='ltr'>sunt.</span> <span class='ocrx_word' id='word_1_129' title='bbox 1530 1407 1740 1459; x_wconf 80' lang='lat' dir='ltr'>Verum</span> <span class='ocrx_word' id='word_1_130' title='bbox 1778 1404 1891 1457; x_wconf 88' lang='lat' dir='ltr'>nisi</span> <span class='ocrx_word' id='word_1_131' title='bbox 1926 1419 2073 1473; x_wconf 89' lang='lat' dir='ltr'>pru-</span> 
     </span>
    </p>
   </div>
   <div class='ocr_carea' id='block_1_21' title="bbox 420 1494 2073 1573">
    <p class='ocr_par' dir='ltr' id='par_1_21' title="bbox 420 1494 2073 1573">
     <span class='ocr_line' id='line_1_21' title="bbox 420 1494 2073 1573; baseline -0.005 -15"><span class='ocrx_word' id='word_1_132' title='bbox 420 1506 638 1561; x_wconf 74' lang='lat' dir='ltr'>dentim</span> <span class='ocrx_word' id='word_1_133' title='bbox 663 1510 776 1557; x_wconf 74' lang='lat' dir='ltr'>tum</span> <span class='ocrx_word' id='word_1_134' title='bbox 799 1503 963 1573; x_wconf 89' lang='lat' dir='ltr'>prius</span> <span class='ocrx_word' id='word_1_135' title='bbox 988 1499 1318 1570; x_wconf 89' lang='lat' dir='ltr'>periculum</span> <span class='ocrx_word' id='word_1_136' title='bbox 1355 1497 1571 1562; x_wconf 84' lang='lat' dir='ltr'>fecero,</span> <span class='ocrx_word' id='word_1_137' title='bbox 1601 1496 1767 1549; x_wconf 80' lang='lat' dir='ltr'>nefas</span> <span class='ocrx_word' id='word_1_138' title='bbox 1819 1499 1907 1548; x_wconf 87' lang='lat' dir='ltr'>est</span> <span class='ocrx_word' id='word_1_139' title='bbox 1963 1494 2073 1549; x_wconf 90' lang='lat' dir='ltr'>hoc</span> 
     </span>
    </p>
   </div>
   <div class='ocr_carea' id='block_1_22' title="bbox 417 1585 2071 1665">
    <p class='ocr_par' dir='ltr' id='par_1_22' title="bbox 417 1585 2071 1665">
     <span class='ocr_line' id='line_1_22' title="bbox 417 1585 2071 1665; baseline -0.007 -17"><span class='ocrx_word' id='word_1_140' title='bbox 417 1593 770 1665; x_wconf 80' lang='lat' dir='ltr'>mysterium</span> <span class='ocrx_word' id='word_1_141' title='bbox 795 1591 899 1644; x_wconf 90' lang='lat' dir='ltr'>tibi</span> <span class='ocrx_word' id='word_1_142' title='bbox 925 1587 1352 1643; x_wconf 83' lang='lat' dir='ltr'>declarare.Ait</span> <span class='ocrx_word' id='word_1_143' title='bbox 1384 1587 1545 1640; x_wconf 90' lang='lat' dir='ltr'>enim</span> <span class='ocrx_word' id='word_1_144' title='bbox 1565 1585 1848 1639; x_wconf 90' lang='lat' dir='ltr'>Dominus</span> <span class='ocrx_word' id='word_1_145' title='bbox 1868 1599 2071 1638; x_wconf 90' lang='lat' dir='ltr'>meus:</span> 
     </span>
    </p>
   </div>
   <div class='ocr_carea' id='block_1_23' title="bbox 417 1673 2073 1752">
    <p class='ocr_par' dir='ltr' id='par_1_23' title="bbox 417 1673 2073 1752">
     <span class='ocr_line' id='line_1_23' title="bbox 417 1673 2073 1752; baseline -0.005 -16"><span class='ocrx_word' id='word_1_146' title='bbox 417 1683 573 1737; x_wconf 82' lang='lat' dir='ltr'>Exiit</span> <span class='ocrx_word' id='word_1_147' title='bbox 596 1681 696 1752; x_wconf 91' lang='lat' dir='ltr'>qui</span> <span class='ocrx_word' id='word_1_148' title='bbox 725 1680 980 1735; x_wconf 89' lang='lat' dir='ltr'>seminat</span> <span class='ocrx_word' id='word_1_149' title='bbox 1013 1678 1329 1733; x_wconf 89' lang='lat' dir='ltr'>seminare.</span> <span class='ocrx_word' id='word_1_150' title='bbox 1370 1678 1438 1728; x_wconf 88' lang='lat' dir='ltr'>Et</span> <span class='ocrx_word' id='word_1_151' title='bbox 1472 1675 1610 1729; x_wconf 91' lang='lat' dir='ltr'>dum</span> <span class='ocrx_word' id='word_1_152' title='bbox 1647 1674 1921 1739; x_wconf 85' lang='lat' dir='ltr'>seminat,</span> <span class='ocrx_word' id='word_1_153' title='bbox 1955 1673 2073 1728; x_wconf 85' lang='lat' dir='ltr'>alia</span> 
     </span>
    </p>
   </div>
   <div class='ocr_carea' id='block_1_24' title="bbox 420 1762 2072 1844">
    <p class='ocr_par' dir='ltr' id='par_1_24' title="bbox 420 1762 2072 1844">
     <span class='ocr_line' id='line_1_24' title="bbox 420 1762 2072 1844; baseline -0.007 -18"><span class='ocrx_word' id='word_1_154' title='bbox 420 1771 659 1844; x_wconf 86' lang='lat' dir='ltr'>quidem</span> <span class='ocrx_word' id='word_1_155' title='bbox 685 1769 1030 1824; x_wconf 87' lang='lat' dir='ltr'>ceciderunt</span> <span class='ocrx_word' id='word_1_156' title='bbox 1060 1783 1230 1822; x_wconf 90' lang='lat' dir='ltr'>secus</span> <span class='ocrx_word' id='word_1_157' title='bbox 1252 1765 1494 1827; x_wconf 86' lang='lat' dir='ltr'>viam,et</span> <span class='ocrx_word' id='word_1_158' title='bbox 1525 1764 1794 1818; x_wconf 86' lang='lat' dir='ltr'>volucres</span> <span class='ocrx_word' id='word_1_159' title='bbox 1821 1762 1951 1817; x_wconf 66' lang='lat' dir='ltr'>caeli</span> <span class='ocrx_word' id='word_1_160' title='bbox 1979 1779 2072 1816; x_wconf 92' lang='lat' dir='ltr'>co-</span> 
     </span>
    </p>
   </div>
   <div class='ocr_carea' id='block_1_25' title="bbox 2188 1044 3782 1124">
    <p class='ocr_par' dir='ltr' id='par_1_25' title="bbox 2188 1044 3782 1124">
     <span class='ocr_line' id='line_1_25' title="bbox 2188 1044 3782 1124; baseline -0.002 -20"><span class='ocrx_word' id='word_1_161' title='bbox 2188 1048 2458 1124; x_wconf 71' lang='grc' dir='ltr'>Βαρλαὰμ</span> <span class='ocrx_word' id='word_1_162' title='bbox 2515 1048 2688 1111; x_wconf 79' lang='grc' dir='ltr'>οὕτως</span> <span class='ocrx_word' id='word_1_163' title='bbox 2745 1051 3026 1122; x_wconf 68' lang='grc' dir='ltr'>ἀπήρξατο</span> <span class='ocrx_word' id='word_1_164' title='bbox 3082 1055 3183 1116; x_wconf 78' lang='grc' dir='ltr'>τῆς</span> <span class='ocrx_word' id='word_1_165' title='bbox 3237 1048 3376 1122; x_wconf 86' lang='grc' dir='ltr'>πρὸς</span> <span class='ocrx_word' id='word_1_166' title='bbox 3444 1047 3596 1101; x_wconf 79' lang='grc' dir='ltr'>αὐτὸν</span> <span class='ocrx_word' id='word_1_167' title='bbox 3643 1044 3782 1101; x_wconf 70' lang='grc' dir='ltr'>διαλέ-</span> 
     </span>
    </p>
   </div>
   <div class='ocr_carea' id='block_1_26' title="bbox 2187 1135 3782 1214">
    <p class='ocr_par' dir='ltr' id='par_1_26' title="bbox 2187 1135 3782 1214">
     <span class='ocr_line' id='line_1_26' title="bbox 2187 1135 3782 1214; baseline -0.001 -23"><span class='ocrx_word' id='word_1_168' title='bbox 2187 1139 2335 1210; x_wconf 83' lang='grc' dir='ltr'>ξεως·</span> <span class='ocrx_word' id='word_1_169' title='bbox 2372 1139 2450 1194; x_wconf 80' lang='grc' dir='ltr'>Οὐ</span> <span class='ocrx_word' id='word_1_170' title='bbox 2497 1135 2702 1194; x_wconf 86' lang='grc' dir='ltr'>δίκαιόν</span> <span class='ocrx_word' id='word_1_171' title='bbox 2750 1137 2916 1207; x_wconf 76' lang='grc' dir='ltr'>ἐστιν,</span> <span class='ocrx_word' id='word_1_172' title='bbox 2966 1140 3012 1193; x_wconf 82' lang='grc' dir='ltr'><strong>ὦ</strong></span> <span class='ocrx_word' id='word_1_173' title='bbox 3073 1137 3319 1214; x_wconf 76' lang='grc' dir='ltr'>βασιλεῦ,</span> <span class='ocrx_word' id='word_1_174' title='bbox 3382 1135 3589 1210; x_wconf 74' lang='grc' dir='ltr'>ψευδῶς</span> <span class='ocrx_word' id='word_1_175' title='bbox 3633 1157 3676 1190; x_wconf 84' lang='grc' dir='ltr'>τι</span> <span class='ocrx_word' id='word_1_176' title='bbox 3718 1138 3782 1190; x_wconf 70' lang='grc' dir='ltr'>καὶ</span> 
     </span>
    </p>
   </div>
   <div class='ocr_carea' id='block_1_27' title="bbox 2187 1223 3781 1304">
    <p class='ocr_par' dir='ltr' id='par_1_27' title="bbox 2187 1223 3781 1304">
     <span class='ocr_line' id='line_1_27' title="bbox 2187 1223 3781 1304; baseline -0.001 -23"><span class='ocrx_word' id='word_1_177' title='bbox 2187 1226 2590 1302; x_wconf 68' lang='grc' dir='ltr'>ἀπερισκέπτως</span> <span class='ocrx_word' id='word_1_178' title='bbox 2621 1230 2755 1304; x_wconf 86' lang='grc' dir='ltr'>πρὸς</span> <span class='ocrx_word' id='word_1_179' title='bbox 2779 1230 2841 1283; x_wconf 81' lang='grc' dir='ltr'>τὸ</span> <span class='ocrx_word' id='word_1_180' title='bbox 2895 1229 3160 1302; x_wconf 73' lang='grc' dir='ltr'>ὑπερέχον</span> <span class='ocrx_word' id='word_1_181' title='bbox 3220 1234 3323 1296; x_wconf 84' lang='grc' dir='ltr'>τῆς</span> <span class='ocrx_word' id='word_1_182' title='bbox 3373 1234 3474 1295; x_wconf 77' lang='grc' dir='ltr'>σῆς</span> <span class='ocrx_word' id='word_1_183' title='bbox 3531 1223 3676 1295; x_wconf 79' lang='grc' dir='ltr'>δόξης</span> <span class='ocrx_word' id='word_1_184' title='bbox 3717 1223 3781 1280; x_wconf 77' lang='grc' dir='ltr'>λέ-</span> 
     </span>
    </p>
   </div>
   <div class='ocr_carea' id='block_1_28' title="bbox 2183 1316 3784 1395">
    <p class='ocr_par' dir='ltr' id='par_1_28' title="bbox 2183 1316 3784 1395">
     <span class='ocr_line' id='line_1_28' title="bbox 2183 1316 3784 1395; baseline -0.002 -24"><span class='ocrx_word' id='word_1_185' title='bbox 2183 1338 2292 1390; x_wconf 72' lang='grc' dir='ltr'>γειν</span> <span class='ocrx_word' id='word_1_186' title='bbox 2358 1336 2443 1389; x_wconf 80' lang='grc' dir='ltr'>με’</span> <span class='ocrx_word' id='word_1_187' title='bbox 2503 1320 2675 1373; x_wconf 73' lang='grc' dir='ltr'>πάντα</span> <span class='ocrx_word' id='word_1_188' title='bbox 2727 1320 2826 1395; x_wconf 68' lang='grc' dir='ltr'>γὰρ</span> <span class='ocrx_word' id='word_1_189' title='bbox 2875 1321 2944 1374; x_wconf 77' lang='grc' dir='ltr'>τὰ</span> <span class='ocrx_word' id='word_1_190' title='bbox 3002 1316 3320 1387; x_wconf 83' lang='grc' dir='ltr'>δηλωθέντα</span> <span class='ocrx_word' id='word_1_191' title='bbox 3378 1337 3463 1371; x_wconf 82' lang='grc' dir='ltr'>σοι</span> <span class='ocrx_word' id='word_1_192' title='bbox 3521 1318 3640 1390; x_wconf 85' lang='grc' dir='ltr'>παρ’</span> <span class='ocrx_word' id='word_1_193' title='bbox 3686 1316 3784 1387; x_wconf 67' lang='grc' dir='ltr'>ἐμοῦ</span> 
     </span>
    </p>
   </div>
   <div class='ocr_carea' id='block_1_29' title="bbox 2185 1405 3784 1482">
    <p class='ocr_par' dir='ltr' id='par_1_29' title="bbox 2185 1405 3784 1482">
     <span class='ocr_line' id='line_1_29' title="bbox 2185 1405 3784 1482; baseline -0.001 -22"><span class='ocrx_word' id='word_1_194' title='bbox 2185 1406 2367 1476; x_wconf 80' lang='grc' dir='ltr'>ἀληθῆ</span> <span class='ocrx_word' id='word_1_195' title='bbox 2399 1405 2499 1461; x_wconf 83' lang='grc' dir='ltr'>είσι</span> <span class='ocrx_word' id='word_1_196' title='bbox 2553 1409 2640 1462; x_wconf 82' lang='grc' dir='ltr'>καὶ</span> <span class='ocrx_word' id='word_1_197' title='bbox 2699 1407 3096 1482; x_wconf 73' lang='grc' dir='ltr'>ἀναμφίλεκτα.</span> <span class='ocrx_word' id='word_1_198' title='bbox 3157 1406 3338 1474; x_wconf 83' lang='grc' dir='ltr'>Ἀλλ’,</span> <span class='ocrx_word' id='word_1_199' title='bbox 3384 1405 3428 1460; x_wconf 85' lang='grc' dir='ltr'>εἶ</span> <span class='ocrx_word' id='word_1_200' title='bbox 3468 1407 3541 1478; x_wconf 74' lang='grc' dir='ltr'>μη</span> <span class='ocrx_word' id='word_1_201' title='bbox 3572 1407 3784 1480; x_wconf 72' lang='grc' dir='ltr'>πρότερον</span> 
     </span>
    </p>
   </div>
   <div class='ocr_carea' id='block_1_30' title="bbox 2185 1494 3786 1576">
    <p class='ocr_par' dir='ltr' id='par_1_30' title="bbox 2185 1494 3786 1576">
     <span class='ocr_line' id='line_1_30' title="bbox 2185 1494 3786 1576; baseline -0.002 -25"><span class='ocrx_word' id='word_1_202' title='bbox 2185 1494 2419 1570; x_wconf 73' lang='grc' dir='ltr'>δοκιμῆν</span> <span class='ocrx_word' id='word_1_203' title='bbox 2451 1505 2552 1567; x_wconf 80' lang='grc' dir='ltr'>τῆς</span> <span class='ocrx_word' id='word_1_204' title='bbox 2584 1505 2683 1567; x_wconf 76' lang='grc' dir='ltr'>σῆς</span> <span class='ocrx_word' id='word_1_205' title='bbox 2717 1494 2871 1554; x_wconf 68' lang='grc' dir='ltr'>λάϐω</span> <span class='ocrx_word' id='word_1_206' title='bbox 2901 1501 3234 1576; x_wconf 67' lang='grc' dir='ltr'>φρονήσεως,</span> <span class='ocrx_word' id='word_1_207' title='bbox 3255 1496 3316 1551; x_wconf 79' lang='grc' dir='ltr'>οὐ</span> <span class='ocrx_word' id='word_1_208' title='bbox 3347 1496 3502 1569; x_wconf 72' lang='grc' dir='ltr'>θέμις</span> <span class='ocrx_word' id='word_1_209' title='bbox 3532 1497 3591 1551; x_wconf 84' lang='grc' dir='ltr'>τὸ</span> <span class='ocrx_word' id='word_1_210' title='bbox 3624 1498 3786 1569; x_wconf 70' lang='grc' dir='ltr'>μυστή-</span> 
     </span>
    </p>
   </div>
   <div class='ocr_carea' id='block_1_31' title="bbox 2184 1586 3786 1664">
    <p class='ocr_par' dir='ltr' id='par_1_31' title="bbox 2184 1586 3786 1664">
     <span class='ocr_line' id='line_1_31' title="bbox 2184 1586 3786 1664; baseline 0 -24"><span class='ocrx_word' id='word_1_211' title='bbox 2184 1607 2298 1661; x_wconf 86' lang='grc' dir='ltr'>ριον</span> <span class='ocrx_word' id='word_1_212' title='bbox 2329 1589 2633 1664; x_wconf 65' lang='grc' dir='ltr'>φανερῶσαί</span> <span class='ocrx_word' id='word_1_213' title='bbox 2667 1609 2771 1645; x_wconf 89' lang='grc' dir='ltr'>σοι.</span> <span class='ocrx_word' id='word_1_214' title='bbox 2807 1588 2951 1659; x_wconf 82' lang='grc' dir='ltr'>Φησῖ</span> <span class='ocrx_word' id='word_1_215' title='bbox 2986 1589 3091 1663; x_wconf 69' lang='grc' dir='ltr'>γὰρ</span> <span class='ocrx_word' id='word_1_216' title='bbox 3143 1589 3170 1641; x_wconf 87' lang='lat'>6</span> <span class='ocrx_word' id='word_1_217' title='bbox 3227 1586 3360 1658; x_wconf 79' lang='grc' dir='ltr'>ἐμὸς</span> <span class='ocrx_word' id='word_1_218' title='bbox 3392 1586 3657 1654; x_wconf 83' lang='grc' dir='ltr'>Δεσπότης</span> <span class='ocrx_word' id='word_1_219' title='bbox 3686 1589 3786 1654; x_wconf 63' lang='grc'>(83)·</span> 
     </span>
    </p>
   </div>
   <div class='ocr_carea' id='block_1_32' title="bbox 2184 1675 3786 1750">
    <p class='ocr_par' dir='ltr' id='par_1_32' title="bbox 2184 1675 3786 1750">
     <span class='ocr_line' id='line_1_32' title="bbox 2184 1675 3786 1750; baseline -0.004 -18"><span class='ocrx_word' id='word_1_220' title='bbox 2184 1677 2438 1750; x_wconf 78' lang='grc' dir='ltr'>Ἐξῆλθεν</span> <span class='ocrx_word' id='word_1_221' title='bbox 2474 1677 2501 1732; x_wconf 87' lang='lat'>6</span> <span class='ocrx_word' id='word_1_222' title='bbox 2535 1677 2766 1750; x_wconf 84' lang='grc' dir='ltr'>σπείρων</span> <span class='ocrx_word' id='word_1_223' title='bbox 2825 1681 2921 1732; x_wconf 77' lang='grc' dir='ltr'>τοῦ</span> <span class='ocrx_word' id='word_1_224' title='bbox 2981 1682 3198 1747; x_wconf 81' lang='grc' dir='ltr'>σπεῖραι</span> <span class='ocrx_word' id='word_1_225' title='bbox 3255 1675 3347 1730; x_wconf 82' lang='grc' dir='ltr'>τὸν</span> <span class='ocrx_word' id='word_1_226' title='bbox 3411 1676 3605 1750; x_wconf 82' lang='grc' dir='ltr'>σπόρον</span> <span class='ocrx_word' id='word_1_227' title='bbox 3636 1675 3786 1729; x_wconf 70' lang='grc' dir='ltr'>αὐτοῦ·</span> 
     </span>
    </p>
   </div>
   <div class='ocr_carea' id='block_1_33' title="bbox 2179 1761 3788 1840">
    <p class='ocr_par' dir='ltr' id='par_1_33' title="bbox 2179 1761 3788 1840">
     <span class='ocr_line' id='line_1_33' title="bbox 2179 1761 3788 1840; baseline -0.004 -19"><span class='ocrx_word' id='word_1_228' title='bbox 2179 1768 2265 1821; x_wconf 80' lang='grc' dir='ltr'>καὶ</span> <span class='ocrx_word' id='word_1_229' title='bbox 2329 1767 2381 1821; x_wconf 78' lang='grc' dir='ltr'>ἐν</span> <span class='ocrx_word' id='word_1_230' title='bbox 2422 1772 2502 1839; x_wconf 75' lang='grc' dir='ltr'>τῷ</span> <span class='ocrx_word' id='word_1_231' title='bbox 2533 1767 2767 1840; x_wconf 73' lang='grc' dir='ltr'>σπείρειν</span> <span class='ocrx_word' id='word_1_232' title='bbox 2826 1765 3010 1836; x_wconf 78' lang='grc' dir='ltr'>αὐτὸν,</span> <span class='ocrx_word' id='word_1_233' title='bbox 3070 1763 3105 1820; x_wconf 75' lang='grc' dir='ltr'>ἆ</span> <span class='ocrx_word' id='word_1_234' title='bbox 3163 1766 3257 1838; x_wconf 77' lang='grc' dir='ltr'>μὶν</span> <span class='ocrx_word' id='word_1_235' title='bbox 3319 1761 3475 1819; x_wconf 75' lang='grc' dir='ltr'>ἔπεσε</span> <span class='ocrx_word' id='word_1_236' title='bbox 3529 1765 3662 1838; x_wconf 81' lang='grc' dir='ltr'>παρᾶ</span> <span class='ocrx_word' id='word_1_237' title='bbox 3707 1766 3788 1831; x_wconf 73' lang='grc' dir='ltr'>τήν</span> 
     </span>
    </p>
   </div>
   <div class='ocr_carea' id='block_1_34' title="bbox 416 1849 2058 1953">
    <p class='ocr_par' dir='ltr' id='par_1_34' title="bbox 416 1852 2058 1924">
     <span class='ocr_line' id='line_1_34' title="bbox 416 1852 2058 1924; baseline -0.007 -8"><span class='ocrx_word' id='word_1_238' title='bbox 416 1860 734 1916; x_wconf 90' lang='lat' dir='ltr'>mederunt</span> <span class='ocrx_word' id='word_1_239' title='bbox 766 1859 887 1914; x_wconf 89' lang='lat' dir='ltr'>illa.</span> <span class='ocrx_word' id='word_1_240' title='bbox 931 1857 1064 1913; x_wconf 84' lang='lat' dir='ltr'>Alia</span> <span class='ocrx_word' id='word_1_241' title='bbox 1093 1855 1439 1912; x_wconf 88' lang='lat' dir='ltr'>ceciderunt</span> <span class='ocrx_word' id='word_1_242' title='bbox 1469 1870 1650 1924; x_wconf 88' lang='lat' dir='ltr'>super</span> <span class='ocrx_word' id='word_1_243' title='bbox 1680 1858 1935 1924; x_wconf 87' lang='lat' dir='ltr'>petrosa,</span> <span class='ocrx_word' id='word_1_244' title='bbox 1970 1852 2058 1906; x_wconf 80' lang='lat' dir='ltr'>ubi</span> 
     </span>
    </p>
   </div>
   <div class='ocr_carea' id='block_1_35' title="bbox 2180 1849 3787 1953">
    <p class='ocr_par' dir='ltr' id='par_1_35' title="bbox 2183 1849 3787 1927">
     <span class='ocr_line' id='line_1_35' title="bbox 2183 1849 3787 1927; baseline -0.002 -19"><span class='ocrx_word' id='word_1_245' title='bbox 2183 1851 2330 1920; x_wconf 83' lang='grc' dir='ltr'>ὁδὸν,</span> <span class='ocrx_word' id='word_1_246' title='bbox 2362 1855 2450 1910; x_wconf 79' lang='grc' dir='ltr'>καὶ</span> <span class='ocrx_word' id='word_1_247' title='bbox 2483 1853 2622 1924; x_wconf 75' lang='grc' dir='ltr'>ἦλθε</span> <span class='ocrx_word' id='word_1_248' title='bbox 2653 1856 2718 1909; x_wconf 72' lang='grc' dir='ltr'>τὰ</span> <span class='ocrx_word' id='word_1_249' title='bbox 2747 1855 2963 1909; x_wconf 84' lang='grc' dir='ltr'>πετεινᾶ</span> <span class='ocrx_word' id='word_1_250' title='bbox 3009 1854 3099 1908; x_wconf 81' lang='lat' dir='ltr'>xui</span> <span class='ocrx_word' id='word_1_251' title='bbox 3159 1852 3459 1927; x_wconf 73' lang='grc' dir='ltr'>κατέφαγεν</span> <span class='ocrx_word' id='word_1_252' title='bbox 3497 1850 3638 1906; x_wconf 71' lang='grc' dir='ltr'>αὐτά·</span> <span class='ocrx_word' id='word_1_253' title='bbox 3667 1849 3787 1905; x_wconf 68' lang='grc' dir='ltr'>ἄλλα</span> 
     </span>
    </p>
   </div>
   <div class='ocr_carea' id='block_1_36' title="bbox 418 1944 2071 2011">
    <p class='ocr_par' dir='ltr' id='par_1_36' title="bbox 418 1944 2071 2011">
     <span class='ocr_line' id='line_1_36' title="bbox 418 1944 2071 2011; baseline -0.006 -5"><span class='ocrx_word' id='word_1_254' title='bbox 418 1967 539 2006; x_wconf 93' lang='lat' dir='ltr'>non</span> <span class='ocrx_word' id='word_1_255' title='bbox 557 1955 683 2004; x_wconf 88' lang='lat' dir='ltr'>erat</span> <span class='ocrx_word' id='word_1_256' title='bbox 705 1955 863 2004; x_wconf 87' lang='lat' dir='ltr'>terra</span> <span class='ocrx_word' id='word_1_257' title='bbox 884 1948 1091 2011; x_wconf 87' lang='lat' dir='ltr'>multa,</span> <span class='ocrx_word' id='word_1_258' title='bbox 1128 1951 1185 2002; x_wconf 90' lang='lat' dir='ltr'>et</span> <span class='ocrx_word' id='word_1_259' title='bbox 1208 1944 1522 2000; x_wconf 86' lang='lat' dir='ltr'>confestim</span> <span class='ocrx_word' id='word_1_260' title='bbox 1549 1947 1750 1997; x_wconf 86' lang='lat' dir='ltr'>exorta</span> <span class='ocrx_word' id='word_1_261' title='bbox 1781 1945 1942 2006; x_wconf 88' lang='lat' dir='ltr'>sunt,</span> <span class='ocrx_word' id='word_1_262' title='bbox 2004 1956 2071 1996; x_wconf 87' lang='lat' dir='ltr'>eo</span> 
     </span>
    </p>
   </div>
   <div class='ocr_carea' id='block_1_37' title="bbox 419 2034 2071 2112">
    <p class='ocr_par' dir='ltr' id='par_1_37' title="bbox 419 2034 2071 2112">
     <span class='ocr_line' id='line_1_37' title="bbox 419 2034 2071 2112; baseline -0.007 -16"><span class='ocrx_word' id='word_1_263' title='bbox 419 2041 576 2112; x_wconf 89' lang='lat' dir='ltr'>quod</span> <span class='ocrx_word' id='word_1_264' title='bbox 598 2040 1022 2095; x_wconf 87' lang='lat' dir='ltr'>nonhaberent</span> <span class='ocrx_word' id='word_1_265' title='bbox 1047 2045 1264 2091; x_wconf 86' lang='lat' dir='ltr'>terram</span> <span class='ocrx_word' id='word_1_266' title='bbox 1289 2034 1697 2090; x_wconf 88' lang='lat' dir='ltr'>multam.Sole</span> <span class='ocrx_word' id='word_1_267' title='bbox 1721 2049 1856 2087; x_wconf 88' lang='lat' dir='ltr'>vero</span> <span class='ocrx_word' id='word_1_268' title='bbox 1872 2037 2071 2086; x_wconf 84' lang='lat' dir='ltr'>exorto</span> 
     </span>
    </p>
   </div>
   <div class='ocr_carea' id='block_1_38' title="bbox 418 2123 2072 2199">
    <p class='ocr_par' dir='ltr' id='par_1_38' title="bbox 418 2123 2072 2199">
     <span class='ocr_line' id='line_1_38' title="bbox 418 2123 2072 2199; baseline -0.007 -14"><span class='ocrx_word' id='word_1_269' title='bbox 418 2136 836 2193; x_wconf 66' lang='lat' dir='ltr'>aestuaverunt,</span> <span class='ocrx_word' id='word_1_270' title='bbox 877 2135 933 2182; x_wconf 89' lang='lat' dir='ltr'>et</span> <span class='ocrx_word' id='word_1_271' title='bbox 957 2128 1096 2199; x_wconf 85' lang='lat' dir='ltr'>quia</span> <span class='ocrx_word' id='word_1_272' title='bbox 1128 2143 1248 2180; x_wconf 92' lang='lat' dir='ltr'>non</span> <span class='ocrx_word' id='word_1_273' title='bbox 1273 2123 1872 2188; x_wconf 86' lang='lat' dir='ltr'>habebantradicem,</span> <span class='ocrx_word' id='word_1_274' title='bbox 1900 2138 2072 2176; x_wconf 87' lang='lat' dir='ltr'>arue-</span> 
     </span>
    </p>
   </div>
   <div class='ocr_carea' id='block_1_39' title="bbox 416 2212 2072 2283">
    <p class='ocr_par' dir='ltr' id='par_1_39' title="bbox 416 2212 2072 2283">
     <span class='ocr_line' id='line_1_39' title="bbox 416 2212 2072 2283; baseline -0.005 -10"><span class='ocrx_word' id='word_1_275' title='bbox 416 2219 714 2274; x_wconf 84' lang='lat' dir='ltr'>runt.Alia</span> <span class='ocrx_word' id='word_1_276' title='bbox 745 2223 941 2271; x_wconf 89' lang='lat' dir='ltr'>autem</span> <span class='ocrx_word' id='word_1_277' title='bbox 975 2215 1320 2270; x_wconf 82' lang='lat' dir='ltr'>ceciderunt</span> <span class='ocrx_word' id='word_1_278' title='bbox 1344 2214 1498 2267; x_wconf 89' lang='lat' dir='ltr'>inter</span> <span class='ocrx_word' id='word_1_279' title='bbox 1520 2212 1810 2283; x_wconf 90' lang='lat' dir='ltr'>spinas,et</span> <span class='ocrx_word' id='word_1_280' title='bbox 1832 2227 2072 2282; x_wconf 85' lang='lat' dir='ltr'>surgen-</span> 
     </span>
    </p>
   </div>
   <div class='ocr_carea' id='block_1_40' title="bbox 419 2300 2075 2378">
    <p class='ocr_par' dir='ltr' id='par_1_40' title="bbox 419 2300 2075 2378">
     <span class='ocr_line' id='line_1_40' title="bbox 419 2300 2075 2378; baseline -0.005 -16"><span class='ocrx_word' id='word_1_281' title='bbox 419 2314 506 2362; x_wconf 92' lang='lat' dir='ltr'>tes</span> <span class='ocrx_word' id='word_1_282' title='bbox 523 2308 708 2378; x_wconf 65' lang='lat' dir='ltr'>spinae</span> <span class='ocrx_word' id='word_1_283' title='bbox 723 2303 1400 2361; x_wconf 71' lang='lat' dir='ltr'>suifocaveruntea.Alia</span> <span class='ocrx_word' id='word_1_284' title='bbox 1415 2307 1714 2373; x_wconf 88' lang='lat' dir='ltr'>postremo</span> <span class='ocrx_word' id='word_1_285' title='bbox 1731 2300 2075 2356; x_wconf 88' lang='lat' dir='ltr'>ceciderunt</span> 
     </span>
    </p>
   </div>
   <div class='ocr_carea' id='block_1_41' title="bbox 418 2389 2068 2461">
    <p class='ocr_par' dir='ltr' id='par_1_41' title="bbox 418 2389 2068 2461">
     <span class='ocr_line' id='line_1_41' title="bbox 418 2389 2068 2461; baseline -0.005 -10"><span class='ocrx_word' id='word_1_286' title='bbox 418 2396 480 2450; x_wconf 92' lang='lat' dir='ltr'>in</span> <span class='ocrx_word' id='word_1_287' title='bbox 501 2404 719 2451; x_wconf 89' lang='lat' dir='ltr'>terram</span> <span class='ocrx_word' id='word_1_288' title='bbox 745 2397 982 2460; x_wconf 85' lang='lat' dir='ltr'>bonam,</span> <span class='ocrx_word' id='word_1_289' title='bbox 1032 2400 1089 2447; x_wconf 86' lang='lat' dir='ltr'>et</span> <span class='ocrx_word' id='word_1_290' title='bbox 1111 2393 1402 2448; x_wconf 89' lang='lat' dir='ltr'>dederunt</span> <span class='ocrx_word' id='word_1_291' title='bbox 1441 2391 1696 2445; x_wconf 90' lang='lat' dir='ltr'>fructum</span> <span class='ocrx_word' id='word_1_292' title='bbox 1723 2389 2068 2461; x_wconf 90' lang='lat' dir='ltr'>centuplum</span> 
     </span>
    </p>
   </div>
   <div class='ocr_carea' id='block_1_42' title="bbox 415 2479 2069 2555">
    <p class='ocr_par' dir='ltr' id='par_1_42' title="bbox 415 2479 2069 2555">
     <span class='ocr_line' id='line_1_42' title="bbox 415 2479 2069 2555; baseline -0.005 -15"><span class='ocrx_word' id='word_1_293' title='bbox 415 2486 635 2555; x_wconf 83' lang='lat' dir='ltr'>(Matth.</span> <span class='ocrx_word' id='word_1_294' title='bbox 670 2488 812 2550; x_wconf 85' lang='lat' dir='ltr'>xm).</span> <span class='ocrx_word' id='word_1_295' title='bbox 839 2483 1123 2548; x_wconf 85' lang='lat' dir='ltr'>Quocirca</span> <span class='ocrx_word' id='word_1_296' title='bbox 1141 2482 1186 2536; x_wconf 91' lang='lat' dir='ltr'>si</span> <span class='ocrx_word' id='word_1_297' title='bbox 1222 2482 1281 2535; x_wconf 92' lang='lat' dir='ltr'>in</span> <span class='ocrx_word' id='word_1_298' title='bbox 1315 2479 1490 2535; x_wconf 91' lang='lat' dir='ltr'>corde</span> <span class='ocrx_word' id='word_1_299' title='bbox 1525 2485 1622 2533; x_wconf 87' lang='lat' dir='ltr'>tuo</span> <span class='ocrx_word' id='word_1_300' title='bbox 1647 2479 1987 2550; x_wconf 78' lang='lat' dir='ltr'>frugiferam</span> <span class='ocrx_word' id='word_1_301' title='bbox 2003 2495 2069 2532; x_wconf 91' lang='lat' dir='ltr'>ac</span> 
     </span>
    </p>
   </div>
   <div class='ocr_carea' id='block_1_43' title="bbox 415 2568 2068 2638">
    <p class='ocr_par' dir='ltr' id='par_1_43' title="bbox 415 2568 2068 2638">
     <span class='ocr_line' id='line_1_43' title="bbox 415 2568 2068 2638; baseline -0.005 -8"><span class='ocrx_word' id='word_1_302' title='bbox 415 2573 635 2630; x_wconf 89' lang='lat' dir='ltr'>bonam</span> <span class='ocrx_word' id='word_1_303' title='bbox 660 2581 876 2629; x_wconf 88' lang='lat' dir='ltr'>terram</span> <span class='ocrx_word' id='word_1_304' title='bbox 902 2571 1472 2638; x_wconf 88' lang='lat' dir='ltr'>invenero,divinum</span> <span class='ocrx_word' id='word_1_305' title='bbox 1499 2571 1777 2623; x_wconf 77' lang='lat' dir='ltr'>semenin</span> <span class='ocrx_word' id='word_1_306' title='bbox 1795 2574 1849 2622; x_wconf 91' lang='lat' dir='ltr'>te</span> <span class='ocrx_word' id='word_1_307' title='bbox 1881 2568 2068 2638; x_wconf 86' lang='lat' dir='ltr'>conji-</span> 
     </span>
    </p>
   </div>
   <div class='ocr_carea' id='block_1_44' title="bbox 419 2657 2069 2734">
    <p class='ocr_par' dir='ltr' id='par_1_44' title="bbox 419 2657 2069 2734">
     <span class='ocr_line' id='line_1_44' title="bbox 419 2657 2069 2734; baseline -0.005 -16"><span class='ocrx_word' id='word_1_308' title='bbox 419 2669 766 2734; x_wconf 90' lang='lat' dir='ltr'>cere,atque</span> <span class='ocrx_word' id='word_1_309' title='bbox 801 2663 1008 2734; x_wconf 87' lang='lat' dir='ltr'>ingens</span> <span class='ocrx_word' id='word_1_310' title='bbox 1042 2660 1391 2732; x_wconf 79' lang='lat' dir='ltr'>mysterium</span> <span class='ocrx_word' id='word_1_311' title='bbox 1418 2659 1520 2712; x_wconf 89' lang='lat' dir='ltr'>tibi</span> <span class='ocrx_word' id='word_1_312' title='bbox 1554 2659 1783 2729; x_wconf 89' lang='lat' dir='ltr'>aperire</span> <span class='ocrx_word' id='word_1_313' title='bbox 1817 2657 2069 2712; x_wconf 92' lang='lat' dir='ltr'>minime</span> 
     </span>
    </p>
   </div>
   <div class='ocr_carea' id='block_1_45' title="bbox 415 2745 2063 2822">
    <p class='ocr_par' dir='ltr' id='par_1_45' title="bbox 415 2745 2063 2822">
     <span class='ocr_line' id='line_1_45' title="bbox 415 2745 2063 2822; baseline -0.005 -14"><span class='ocrx_word' id='word_1_314' title='bbox 415 2752 785 2808; x_wconf 86' lang='lat' dir='ltr'>dubitabo.Si</span> <span class='ocrx_word' id='word_1_315' title='bbox 816 2759 1014 2807; x_wconf 86' lang='lat' dir='ltr'>autem</span> <span class='ocrx_word' id='word_1_316' title='bbox 1037 2757 1275 2822; x_wconf 86' lang='lat' dir='ltr'>petrosa</span> <span class='ocrx_word' id='word_1_317' title='bbox 1297 2766 1365 2804; x_wconf 88' lang='lat' dir='ltr'>ea</span> <span class='ocrx_word' id='word_1_318' title='bbox 1396 2754 1454 2804; x_wconf 87' lang='lat' dir='ltr'>et</span> <span class='ocrx_word' id='word_1_319' title='bbox 1483 2748 1693 2818; x_wconf 87' lang='lat' dir='ltr'>spinea</span> <span class='ocrx_word' id='word_1_320' title='bbox 1723 2747 1921 2813; x_wconf 89' lang='lat' dir='ltr'>fuerit,</span> <span class='ocrx_word' id='word_1_321' title='bbox 1949 2745 2063 2800; x_wconf 88' lang='lat' dir='ltr'>via-</span> 
     </span>
    </p>
   </div>
   <div class='ocr_carea' id='block_1_46' title="bbox 417 2837 2067 2913">
    <p class='ocr_par' dir='ltr' id='par_1_46' title="bbox 417 2837 2067 2913">
     <span class='ocr_line' id='line_1_46' title="bbox 417 2837 2067 2913; baseline -0.004 -17"><span class='ocrx_word' id='word_1_322' title='bbox 417 2859 530 2913; x_wconf 90' lang='lat' dir='ltr'>que</span> <span class='ocrx_word' id='word_1_323' title='bbox 562 2859 594 2897; x_wconf 94' lang='lat' dir='ltr'>a</span> <span class='ocrx_word' id='word_1_324' title='bbox 627 2839 1406 2912; x_wconf 86' lang='lat' dir='ltr'>quolibetcalcata,omnino</span> <span class='ocrx_word' id='word_1_325' title='bbox 1434 2837 1692 2892; x_wconf 87' lang='lat' dir='ltr'>salutare</span> <span class='ocrx_word' id='word_1_326' title='bbox 1718 2838 1828 2891; x_wconf 89' lang='lat' dir='ltr'>hoc</span> <span class='ocrx_word' id='word_1_327' title='bbox 1861 2852 2067 2891; x_wconf 89' lang='lat' dir='ltr'>semen</span> 
     </span>
    </p>
   </div>
   <div class='ocr_carea' id='block_1_47' title="bbox 414 2926 2067 3002">
    <p class='ocr_par' dir='ltr' id='par_1_47' title="bbox 414 2926 2067 3002">
     <span class='ocr_line' id='line_1_47' title="bbox 414 2926 2067 3002; baseline -0.005 -16"><span class='ocrx_word' id='word_1_328' title='bbox 414 2931 876 3002; x_wconf 86' lang='lat' dir='ltr'>haudquaquam</span> <span class='ocrx_word' id='word_1_329' title='bbox 902 2930 1440 2999; x_wconf 88' lang='lat' dir='ltr'>serere,ipsumque</span> <span class='ocrx_word' id='word_1_330' title='bbox 1456 2927 1657 2982; x_wconf 86' lang='lat' dir='ltr'>avibus</span> <span class='ocrx_word' id='word_1_331' title='bbox 1673 2933 1732 2981; x_wconf 89' lang='lat' dir='ltr'>et</span> <span class='ocrx_word' id='word_1_332' title='bbox 1760 2926 2067 2992; x_wconf 80' lang='lat' dir='ltr'>feris,ante</span> 
     </span>
    </p>
   </div>
   <div class='ocr_carea' id='block_1_48' title="bbox 414 3015 2067 3092">
    <p class='ocr_par' dir='ltr' id='par_1_48' title="bbox 414 3015 2067 3092">
     <span class='ocr_line' id='line_1_48' title="bbox 414 3015 2067 3092; baseline -0.005 -16"><span class='ocrx_word' id='word_1_333' title='bbox 414 3038 562 3092; x_wconf 89' lang='lat' dir='ltr'>quas</span> <span class='ocrx_word' id='word_1_334' title='bbox 583 3021 930 3092; x_wconf 78' lang='lat' dir='ltr'>margaritas</span> <span class='ocrx_word' id='word_1_335' title='bbox 955 3019 1246 3090; x_wconf 86' lang='lat' dir='ltr'>projicere</span> <span class='ocrx_word' id='word_1_336' title='bbox 1263 3017 1405 3072; x_wconf 88' lang='lat' dir='ltr'>mihi</span> <span class='ocrx_word' id='word_1_337' title='bbox 1425 3033 1668 3088; x_wconf 89' lang='lat' dir='ltr'>prorsus</span> <span class='ocrx_word' id='word_1_338' title='bbox 1685 3015 2067 3070; x_wconf 86' lang='lat' dir='ltr'>interdictum</span> 
     </span>
    </p>
   </div>
   <div class='ocr_carea' id='block_1_49' title="bbox 414 3104 2066 3181">
    <p class='ocr_par' dir='ltr' id='par_1_49' title="bbox 414 3104 2066 3181">
     <span class='ocr_line' id='line_1_49' title="bbox 414 3104 2066 3181; baseline -0.005 -16"><span class='ocrx_word' id='word_1_339' title='bbox 414 3117 522 3177; x_wconf 89' lang='lat' dir='ltr'>est,</span> <span class='ocrx_word' id='word_1_340' title='bbox 553 3111 613 3164; x_wconf 91' lang='lat' dir='ltr'>in</span> <span class='ocrx_word' id='word_1_341' title='bbox 640 3109 904 3181; x_wconf 75' lang='lat' dir='ltr'>prmdam</span> <span class='ocrx_word' id='word_1_342' title='bbox 955 3108 1214 3180; x_wconf 82' lang='lat' dir='ltr'>objicere</span> <span class='ocrx_word' id='word_1_343' title='bbox 1265 3106 1628 3177; x_wconf 75' lang='lat' dir='ltr'>prmstiterit.</span> <span class='ocrx_word' id='word_1_344' title='bbox 1660 3107 1872 3161; x_wconf 85' lang='lat' dir='ltr'>Verum</span> <span class='ocrx_word' id='word_1_345' title='bbox 1905 3104 1976 3158; x_wconf 92' lang='lat' dir='ltr'>de</span> <span class='ocrx_word' id='word_1_346' title='bbox 2012 3110 2066 3157; x_wconf 88' lang='lat' dir='ltr'>te</span> 
     </span>
    </p>
   </div>
   <div class='ocr_carea' id='block_1_50' title="bbox 410 3195 2068 3265">
    <p class='ocr_par' dir='ltr' id='par_1_50' title="bbox 410 3195 2068 3265">
     <span class='ocr_line' id='line_1_50' title="bbox 410 3195 2068 3265; baseline -0.005 -10"><span class='ocrx_word' id='word_1_347' title='bbox 410 3199 928 3255; x_wconf 88' lang='lat' dir='ltr'>melioraacsaluti</span> <span class='ocrx_word' id='word_1_348' title='bbox 957 3198 1241 3252; x_wconf 84' lang='lat' dir='ltr'>viciniora</span> <span class='ocrx_word' id='word_1_349' title='bbox 1265 3195 1499 3251; x_wconf 81' lang='lat' dir='ltr'>confido</span> <span class='ocrx_word' id='word_1_350' title='bbox 1527 3212 1538 3249; x_wconf 85' lang='lat'>:</span> <span class='ocrx_word' id='word_1_351' title='bbox 1570 3211 1784 3265; x_wconf 90' lang='lat' dir='ltr'>nempe</span> <span class='ocrx_word' id='word_1_352' title='bbox 1818 3195 1976 3265; x_wconf 90' lang='lat' dir='ltr'>quod</span> <span class='ocrx_word' id='word_1_353' title='bbox 2009 3198 2068 3247; x_wconf 89' lang='lat' dir='ltr'>et</span> 
     </span>
    </p>
   </div>
   <div class='ocr_carea' id='block_1_51' title="bbox 2183 1938 3789 2018">
    <p class='ocr_par' dir='ltr' id='par_1_51' title="bbox 2183 1938 3789 2018">
     <span class='ocr_line' id='line_1_51' title="bbox 2183 1938 3789 2018; baseline -0.004 -20"><span class='ocrx_word' id='word_1_354' title='bbox 2183 1941 2238 1999; x_wconf 75' lang='grc' dir='ltr'>δὲ</span> <span class='ocrx_word' id='word_1_355' title='bbox 2270 1941 2425 1998; x_wconf 72' lang='grc' dir='ltr'>ἔπεσε</span> <span class='ocrx_word' id='word_1_356' title='bbox 2455 1944 2601 2018; x_wconf 73' lang='grc' dir='ltr'>παρὰ</span> <span class='ocrx_word' id='word_1_357' title='bbox 2629 1945 2696 1999; x_wconf 78' lang='grc' dir='ltr'>τὰ</span> <span class='ocrx_word' id='word_1_358' title='bbox 2725 1941 3002 2018; x_wconf 83' lang='grc' dir='ltr'>πετρώδη,</span> <span class='ocrx_word' id='word_1_359' title='bbox 3037 1941 3174 1997; x_wconf 77' lang='grc' dir='ltr'>ὅπου</span> <span class='ocrx_word' id='word_1_360' title='bbox 3218 1941 3324 1996; x_wconf 72' lang='grc' dir='ltr'>οὐκ</span> <span class='ocrx_word' id='word_1_361' title='bbox 3377 1942 3494 2015; x_wconf 75' lang='grc' dir='ltr'>εἶχε</span> <span class='ocrx_word' id='word_1_362' title='bbox 3545 1947 3640 2015; x_wconf 76' lang='grc' dir='ltr'>γῆν</span> <span class='ocrx_word' id='word_1_363' title='bbox 3674 1938 3789 1993; x_wconf 67' lang='grc' dir='ltr'>πολι</span> 
     </span>
    </p>
   </div>
   <div class='ocr_carea' id='block_1_52' title="bbox 2183 2027 3791 2104">
    <p class='ocr_par' dir='ltr' id='par_1_52' title="bbox 2183 2027 3791 2104">
     <span class='ocr_line' id='line_1_52' title="bbox 2183 2027 3791 2104; baseline -0.006 -14"><span class='ocrx_word' id='word_1_364' title='bbox 2183 2032 2308 2103; x_wconf 77' lang='grc' dir='ltr'>λῆν,</span> <span class='ocrx_word' id='word_1_365' title='bbox 2339 2032 2429 2088; x_wconf 76' lang='grc' dir='ltr'>καὶ</span> <span class='ocrx_word' id='word_1_366' title='bbox 2461 2033 2655 2096; x_wconf 79' lang='grc' dir='ltr'>εὐθέως</span> <span class='ocrx_word' id='word_1_367' title='bbox 2685 2027 3010 2103; x_wconf 67' lang='grc' dir='ltr'>ἐϐλάστησε,</span> <span class='ocrx_word' id='word_1_368' title='bbox 3072 2029 3162 2086; x_wconf 78' lang='grc' dir='ltr'>διὰ</span> <span class='ocrx_word' id='word_1_369' title='bbox 3217 2031 3278 2085; x_wconf 86' lang='grc' dir='ltr'>τὸ</span> <span class='ocrx_word' id='word_1_370' title='bbox 3342 2032 3417 2102; x_wconf 72' lang='grc' dir='ltr'>μή</span> <span class='ocrx_word' id='word_1_371' title='bbox 3479 2029 3616 2104; x_wconf 80' lang='grc' dir='ltr'>ἔχειν</span> <span class='ocrx_word' id='word_1_372' title='bbox 3661 2030 3791 2104; x_wconf 67' lang='grc' dir='ltr'>βάθος</span> 
     </span>
    </p>
   </div>
   <div class='ocr_carea' id='block_1_53' title="bbox 2180 2117 3789 2198">
    <p class='ocr_par' dir='ltr' id='par_1_53' title="bbox 2180 2117 3789 2198">
     <span class='ocr_line' id='line_1_53' title="bbox 2180 2117 3789 2198; baseline -0.006 -17"><span class='ocrx_word' id='word_1_373' title='bbox 2180 2131 2307 2198; x_wconf 78' lang='grc' dir='ltr'>γῆς,</span> <span class='ocrx_word' id='word_1_374' title='bbox 2342 2124 2504 2193; x_wconf 80' lang='grc' dir='ltr'>ἡλίου</span> <span class='ocrx_word' id='word_1_375' title='bbox 2529 2121 2585 2179; x_wconf 83' lang='grc' dir='ltr'>δέ</span> <span class='ocrx_word' id='word_1_376' title='bbox 2616 2123 2999 2184; x_wconf 77' lang='grc' dir='ltr'>ἀνατείλαντος</span> <span class='ocrx_word' id='word_1_377' title='bbox 3035 2120 3433 2194; x_wconf 72' lang='grc' dir='ltr'>ἐκαυματίσθη,</span> <span class='ocrx_word' id='word_1_378' title='bbox 3483 2118 3591 2184; x_wconf 78' lang='grc' dir='ltr'>καί,</span> <span class='ocrx_word' id='word_1_379' title='bbox 3647 2117 3724 2173; x_wconf 73' lang='grc' dir='ltr'>διὰ</span> <span class='ocrx_word' id='word_1_380' title='bbox 3747 2119 3789 2172; x_wconf 79' lang='grc' dir='ltr'>τὸ</span> 
     </span>
    </p>
   </div>
   <div class='ocr_carea' id='block_1_54' title="bbox 2185 2206 3791 2290">
    <p class='ocr_par' dir='ltr' id='par_1_54' title="bbox 2185 2206 3791 2290">
     <span class='ocr_line' id='line_1_54' title="bbox 2185 2206 3791 2290; baseline -0.005 -22"><span class='ocrx_word' id='word_1_381' title='bbox 2185 2214 2259 2288; x_wconf 79' lang='grc' dir='ltr'>μὴ</span> <span class='ocrx_word' id='word_1_382' title='bbox 2293 2211 2438 2290; x_wconf 78' lang='grc' dir='ltr'>ἔχειν</span> <span class='ocrx_word' id='word_1_383' title='bbox 2473 2213 2646 2290; x_wconf 80' lang='grc' dir='ltr'>ῥίζαν,</span> <span class='ocrx_word' id='word_1_384' title='bbox 2691 2213 2979 2285; x_wconf 77' lang='grc' dir='ltr'>ἐξηράνθη·</span> <span class='ocrx_word' id='word_1_385' title='bbox 3040 2208 3186 2265; x_wconf 74' lang='grc' dir='ltr'>ἄλλα</span> <span class='ocrx_word' id='word_1_386' title='bbox 3236 2207 3295 2265; x_wconf 72' lang='grc' dir='ltr'><strong>ὂὶ</strong></span> <span class='ocrx_word' id='word_1_387' title='bbox 3353 2208 3534 2264; x_wconf 82' lang='grc' dir='ltr'>ἔπεσεν</span> <span class='ocrx_word' id='word_1_388' title='bbox 3585 2206 3667 2263; x_wconf 74' lang='grc' dir='ltr'>ἐπὶ</span> <span class='ocrx_word' id='word_1_389' title='bbox 3721 2210 3791 2267; x_wconf 72' lang='grc' dir='ltr'>τὰς</span> 
     </span>
    </p>
   </div>
   <div class='ocr_carea' id='block_1_55' title="bbox 2180 2297 3791 2373">
    <p class='ocr_par' dir='ltr' id='par_1_55' title="bbox 2180 2297 3791 2373">
     <span class='ocr_line' id='line_1_55' title="bbox 2180 2297 3791 2373; baseline -0.005 -15"><span class='ocrx_word' id='word_1_390' title='bbox 2180 2304 2433 2373; x_wconf 70' lang='grc' dir='ltr'>ἀκάνθας,</span> <span class='ocrx_word' id='word_1_391' title='bbox 2489 2305 2576 2358; x_wconf 84' lang='grc' dir='ltr'>καὶ</span> <span class='ocrx_word' id='word_1_392' title='bbox 2636 2297 2899 2370; x_wconf 74' lang='grc' dir='ltr'>ἀνέϐησαν</span> <span class='ocrx_word' id='word_1_393' title='bbox 2962 2302 3016 2354; x_wconf 83' lang='lat' dir='ltr'>ui</span> <span class='ocrx_word' id='word_1_394' title='bbox 3071 2300 3293 2364; x_wconf 77' lang='grc' dir='ltr'>ἃκανθαι</span> <span class='ocrx_word' id='word_1_395' title='bbox 3373 2300 3466 2354; x_wconf 84' lang='grc' dir='ltr'>καὶ</span> <span class='ocrx_word' id='word_1_396' title='bbox 3539 2297 3791 2367; x_wconf 70' lang='grc' dir='ltr'>ἀπέπνιξαν</span> 
     </span>
    </p>
   </div>
   <div class='ocr_carea' id='block_1_56' title="bbox 2179 2386 3792 2464">
    <p class='ocr_par' dir='ltr' id='par_1_56' title="bbox 2179 2386 3792 2464">
     <span class='ocr_line' id='line_1_56' title="bbox 2179 2386 3792 2464; baseline -0.007 -17"><span class='ocrx_word' id='word_1_397' title='bbox 2179 2392 2330 2448; x_wconf 78' lang='grc' dir='ltr'>αὐτά·</span> <span class='ocrx_word' id='word_1_398' title='bbox 2366 2391 2511 2448; x_wconf 79' lang='grc' dir='ltr'>ἄλλα</span> <span class='ocrx_word' id='word_1_399' title='bbox 2542 2390 2597 2447; x_wconf 80' lang='grc' dir='ltr'>δέ</span> <span class='ocrx_word' id='word_1_400' title='bbox 2656 2391 2838 2447; x_wconf 78' lang='grc' dir='ltr'>ἔπεσεν</span> <span class='ocrx_word' id='word_1_401' title='bbox 2899 2389 2987 2445; x_wconf 84' lang='grc' dir='ltr'>ἐπῖ</span> <span class='ocrx_word' id='word_1_402' title='bbox 3035 2391 3136 2458; x_wconf 72' lang='grc' dir='ltr'>τὴν</span> <span class='ocrx_word' id='word_1_403' title='bbox 3192 2397 3296 2464; x_wconf 78' lang='grc' dir='ltr'>γῆν</span> <span class='ocrx_word' id='word_1_404' title='bbox 3354 2390 3454 2456; x_wconf 75' lang='grc' dir='ltr'>τήν</span> <span class='ocrx_word' id='word_1_405' title='bbox 3513 2386 3792 2457; x_wconf 72' lang='grc' dir='ltr'>κα).ην,καῖ</span> 
     </span>
    </p>
   </div>
   <div class='ocr_carea' id='block_1_57' title="bbox 2179 2477 3790 2558">
    <p class='ocr_par' dir='ltr' id='par_1_57' title="bbox 2179 2477 3790 2558">
     <span class='ocr_line' id='line_1_57' title="bbox 2179 2477 3790 2558; baseline -0.006 -22"><span class='ocrx_word' id='word_1_406' title='bbox 2179 2480 2358 2537; x_wconf 77' lang='grc' dir='ltr'>ἐδίδου</span> <span class='ocrx_word' id='word_1_407' title='bbox 2450 2483 2655 2558; x_wconf 87' lang='grc' dir='ltr'>καρπὸν</span> <span class='ocrx_word' id='word_1_408' title='bbox 2731 2480 3174 2537; x_wconf 67' lang='grc' dir='ltr'>ἐκατοστεῦοντα.</span> <span class='ocrx_word' id='word_1_409' title='bbox 3241 2479 3308 2536; x_wconf 69' lang='grc' dir='ltr'>Εἴ</span> <span class='ocrx_word' id='word_1_410' title='bbox 3368 2480 3462 2550; x_wconf 72' lang='grc' dir='ltr'>μὲν</span> <span class='ocrx_word' id='word_1_411' title='bbox 3539 2477 3627 2532; x_wconf 77' lang='grc' dir='ltr'>οὖν</span> <span class='ocrx_word' id='word_1_412' title='bbox 3719 2484 3790 2549; x_wconf 69' lang='grc' dir='ltr'>γῆν</span> 
     </span>
    </p>
   </div>
   <div class='ocr_carea' id='block_1_58' title="bbox 2177 2567 3794 2646">
    <p class='ocr_par' dir='ltr' id='par_1_58' title="bbox 2177 2567 3794 2646">
     <span class='ocr_line' id='line_1_58' title="bbox 2177 2567 3794 2646; baseline -0.006 -18"><span class='ocrx_word' id='word_1_413' title='bbox 2177 2571 2318 2646; x_wconf 76' lang='grc' dir='ltr'>εῧρω</span> <span class='ocrx_word' id='word_1_414' title='bbox 2349 2571 2400 2626; x_wconf 82' lang='grc' dir='ltr'>ἐν</span> <span class='ocrx_word' id='word_1_415' title='bbox 2425 2577 2492 2646; x_wconf 80' lang='grc' dir='ltr'>τῇ</span> <span class='ocrx_word' id='word_1_416' title='bbox 2525 2569 2721 2645; x_wconf 75' lang='grc' dir='ltr'>καρδίᾳ</span> <span class='ocrx_word' id='word_1_417' title='bbox 2752 2593 2847 2626; x_wconf 90' lang='grc' dir='ltr'>σου</span> <span class='ocrx_word' id='word_1_418' title='bbox 2892 2571 3246 2646; x_wconf 72' lang='grc' dir='ltr'>καρποφόρον</span> <span class='ocrx_word' id='word_1_419' title='bbox 3303 2569 3393 2622; x_wconf 80' lang='grc' dir='ltr'>καὶ</span> <span class='ocrx_word' id='word_1_420' title='bbox 3452 2568 3671 2643; x_wconf 74' lang='grc' dir='ltr'>ἀγαθὴν,</span> <span class='ocrx_word' id='word_1_421' title='bbox 3719 2567 3794 2620; x_wconf 67' lang='grc' dir='ltr'>οὐκ</span> 
     </span>
    </p>
   </div>
   <div class='ocr_carea' id='block_1_59' title="bbox 2180 2656 3796 2735">
    <p class='ocr_par' dir='ltr' id='par_1_59' title="bbox 2180 2656 3796 2735">
     <span class='ocr_line' id='line_1_59' title="bbox 2180 2656 3796 2735; baseline -0.005 -19"><span class='ocrx_word' id='word_1_422' title='bbox 2180 2662 2397 2732; x_wconf 73' lang='grc' dir='ltr'>ὀκνήσω</span> <span class='ocrx_word' id='word_1_423' title='bbox 2425 2663 2518 2716; x_wconf 80' lang='grc' dir='ltr'>τὸν</span> <span class='ocrx_word' id='word_1_424' title='bbox 2550 2664 2695 2715; x_wconf 77' lang='grc' dir='ltr'>θεῖον</span> <span class='ocrx_word' id='word_1_425' title='bbox 2753 2656 2956 2735; x_wconf 87' lang='grc' dir='ltr'>σπόρον</span> <span class='ocrx_word' id='word_1_426' title='bbox 3019 2659 3348 2735; x_wconf 64' lang='grc' dir='ltr'>ἐμφιδτεῦσαί</span> <span class='ocrx_word' id='word_1_427' title='bbox 3385 2679 3468 2712; x_wconf 84' lang='grc' dir='ltr'>σοι</span> <span class='ocrx_word' id='word_1_428' title='bbox 3526 2664 3613 2711; x_wconf 74' lang='grc' dir='ltr'>καὶ</span> <span class='ocrx_word' id='word_1_429' title='bbox 3672 2675 3796 2734; x_wconf 68' lang='grc' dir='ltr'>φανε-</span> 
     </span>
    </p>
   </div>
   <div class='ocr_carea' id='block_1_60' title="bbox 2177 2745 3794 2826">
    <p class='ocr_par' dir='ltr' id='par_1_60' title="bbox 2177 2745 3794 2826">
     <span class='ocr_line' id='line_1_60' title="bbox 2177 2745 3794 2826; baseline -0.005 -21"><span class='ocrx_word' id='word_1_430' title='bbox 2177 2756 2348 2826; x_wconf 81' lang='grc' dir='ltr'>ρῶσαι</span> <span class='ocrx_word' id='word_1_431' title='bbox 2374 2754 2437 2806; x_wconf 88' lang='grc' dir='ltr'>τὸ</span> <span class='ocrx_word' id='word_1_432' title='bbox 2501 2750 2634 2826; x_wconf 75' lang='grc' dir='ltr'>μέγα</span> <span class='ocrx_word' id='word_1_433' title='bbox 2698 2753 3020 2825; x_wconf 74' lang='grc' dir='ltr'>μυστήριον·</span> <span class='ocrx_word' id='word_1_434' title='bbox 3055 2748 3102 2804; x_wconf 81' lang='grc' dir='ltr'>εί</span> <span class='ocrx_word' id='word_1_435' title='bbox 3162 2746 3218 2803; x_wconf 76' lang='grc' dir='ltr'>δὲ</span> <span class='ocrx_word' id='word_1_436' title='bbox 3248 2745 3541 2823; x_wconf 79' lang='grc' dir='ltr'>πετρώδης</span> <span class='ocrx_word' id='word_1_437' title='bbox 3574 2745 3702 2815; x_wconf 70' lang='grc' dir='ltr'>αὕτη</span> <span class='ocrx_word' id='word_1_438' title='bbox 3727 2746 3794 2799; x_wconf 70' lang='grc' dir='ltr'>καὶ</span> 
     </span>
    </p>
   </div>
   <div class='ocr_carea' id='block_1_61' title="bbox 2176 2835 3796 2913">
    <p class='ocr_par' dir='ltr' id='par_1_61' title="bbox 2176 2835 3796 2913">
     <span class='ocr_line' id='line_1_61' title="bbox 2176 2835 3796 2913; baseline -0.006 -16"><span class='ocrx_word' id='word_1_439' title='bbox 2176 2839 2496 2912; x_wconf 75' lang='grc' dir='ltr'>ἀκανθώδης</span> <span class='ocrx_word' id='word_1_440' title='bbox 2553 2841 2661 2896; x_wconf 82' lang='grc' dir='ltr'>ἐστὶ</span> <span class='ocrx_word' id='word_1_441' title='bbox 2717 2844 2806 2896; x_wconf 79' lang='grc' dir='ltr'>καί</span> <span class='ocrx_word' id='word_1_442' title='bbox 2866 2837 2992 2901; x_wconf 84' lang='grc' dir='ltr'>ὁδὸς</span> <span class='ocrx_word' id='word_1_443' title='bbox 3025 2839 3342 2912; x_wconf 72' lang='grc' dir='ltr'>πατουμένη</span> <span class='ocrx_word' id='word_1_444' title='bbox 3395 2843 3472 2910; x_wconf 80' lang='grc' dir='ltr'>τῷ</span> <span class='ocrx_word' id='word_1_445' title='bbox 3506 2835 3796 2913; x_wconf 70' lang='grc' dir='ltr'>βουλομέιῳ</span> 
     </span>
    </p>
   </div>
   <div class='ocr_carea' id='block_1_62' title="bbox 2175 2925 3795 3006">
    <p class='ocr_par' dir='ltr' id='par_1_62' title="bbox 2175 2925 3795 3006">
     <span class='ocr_line' id='line_1_62' title="bbox 2175 2925 3795 3006; baseline -0.005 -21"><span class='ocrx_word' id='word_1_446' title='bbox 2175 2932 2357 3000; x_wconf 78' lang='grc' dir='ltr'>παντὶ,</span> <span class='ocrx_word' id='word_1_447' title='bbox 2389 2937 2633 3006; x_wconf 84' lang='grc' dir='ltr'>κρεῖττον</span> <span class='ocrx_word' id='word_1_448' title='bbox 2669 2928 2933 3004; x_wconf 81' lang='grc' dir='ltr'>μηδόλως</span> <span class='ocrx_word' id='word_1_449' title='bbox 2958 2927 3149 2983; x_wconf 71' lang='grc' dir='ltr'>τοῦτον</span> <span class='ocrx_word' id='word_1_450' title='bbox 3184 2925 3250 2998; x_wconf 83' lang='grc' dir='ltr'>δὴ</span> <span class='ocrx_word' id='word_1_451' title='bbox 3305 2929 3398 2982; x_wconf 87' lang='grc' dir='ltr'>τὸν</span> <span class='ocrx_word' id='word_1_452' title='bbox 3429 2929 3694 2997; x_wconf 68' lang='grc' dir='ltr'>σωτήριον</span> <span class='ocrx_word' id='word_1_453' title='bbox 3720 2945 3795 2978; x_wconf 74' lang='grc' dir='ltr'>κα-</span> 
     </span>
    </p>
   </div>
   <div class='ocr_carea' id='block_1_63' title="bbox 2176 3016 3794 3095">
    <p class='ocr_par' dir='ltr' id='par_1_63' title="bbox 2176 3016 3794 3095">
     <span class='ocr_line' id='line_1_63' title="bbox 2176 3016 3794 3095; baseline -0.006 -20"><span class='ocrx_word' id='word_1_454' title='bbox 2176 3016 2432 3075; x_wconf 77' lang='grc' dir='ltr'>ταϐαλεῖν</span> <span class='ocrx_word' id='word_1_455' title='bbox 2469 3021 2671 3095; x_wconf 79' lang='grc' dir='ltr'>σπόρον</span> <span class='ocrx_word' id='word_1_456' title='bbox 2703 3019 2791 3074; x_wconf 86' lang='grc' dir='ltr'>καὶ</span> <span class='ocrx_word' id='word_1_457' title='bbox 2852 3018 2929 3080; x_wconf 78' lang='grc' dir='ltr'>εἷς</span> <span class='ocrx_word' id='word_1_458' title='bbox 2961 3016 3269 3092; x_wconf 69' lang='grc' dir='ltr'>διαρπαγὴν</span> <span class='ocrx_word' id='word_1_459' title='bbox 3303 3017 3463 3070; x_wconf 72' lang='grc' dir='ltr'>αὐτὸν</span> <span class='ocrx_word' id='word_1_460' title='bbox 3519 3022 3681 3080; x_wconf 67' lang='grc' dir='ltr'>θεῖναι</span> <span class='ocrx_word' id='word_1_461' title='bbox 3706 3019 3794 3070; x_wconf 81' lang='grc' dir='ltr'>τοῖς</span> 
     </span>
    </p>
   </div>
   <div class='ocr_carea' id='block_1_64' title="bbox 2174 3103 3785 3183">
    <p class='ocr_par' dir='ltr' id='par_1_64' title="bbox 2174 3103 3785 3183">
     <span class='ocr_line' id='line_1_64' title="bbox 2174 3103 3785 3183; baseline -0.005 -20"><span class='ocrx_word' id='word_1_462' title='bbox 2174 3115 2441 3170; x_wconf 78' lang='grc' dir='ltr'>πετεινοῖς</span> <span class='ocrx_word' id='word_1_463' title='bbox 2474 3109 2561 3163; x_wconf 80' lang='grc' dir='ltr'>καὶ</span> <span class='ocrx_word' id='word_1_464' title='bbox 2596 3108 2834 3183; x_wconf 81' lang='grc' dir='ltr'>θηρίοις,</span> <span class='ocrx_word' id='word_1_465' title='bbox 2867 3109 2940 3161; x_wconf 81' lang='grc' dir='ltr'>ὧν</span> <span class='ocrx_word' id='word_1_466' title='bbox 3003 3106 3308 3181; x_wconf 82' lang='grc' dir='ltr'>ἔμπροσθεν</span> <span class='ocrx_word' id='word_1_467' title='bbox 3346 3104 3494 3166; x_wconf 76' lang='grc' dir='ltr'>δλως</span> <span class='ocrx_word' id='word_1_468' title='bbox 3531 3105 3606 3178; x_wconf 69' lang='grc' dir='ltr'>μὴ</span> <span class='ocrx_word' id='word_1_469' title='bbox 3639 3103 3785 3179; x_wconf 74' lang='grc' dir='ltr'>βαλεῖν</span> 
     </span>
    </p>
   </div>
   <div class='ocr_carea' id='block_1_65' title="bbox 2173 3195 3792 3275">
    <p class='ocr_par' dir='ltr' id='par_1_65' title="bbox 2173 3195 3792 3275">
     <span class='ocr_line' id='line_1_65' title="bbox 2173 3195 3792 3275; baseline -0.012 -13"><span class='ocrx_word' id='word_1_470' title='bbox 2173 3200 2300 3261; x_wconf 62' lang='grc' dir='ltr'>τοὺς</span> <span class='ocrx_word' id='word_1_471' title='bbox 2335 3200 2673 3275; x_wconf 84' lang='grc' dir='ltr'>μαργαρίτας</span> <span class='ocrx_word' id='word_1_472' title='bbox 2723 3197 3048 3264; x_wconf 84' lang='grc' dir='ltr'>ἐντέταλμαι</span> <span class='ocrx_word' id='word_1_473' title='bbox 3109 3201 3245 3270; x_wconf 71' lang='grc'>(84).</span> <span class='ocrx_word' id='word_1_474' title='bbox 3307 3195 3488 3251; x_wconf 73' lang='grc' dir='ltr'>Ἀλλὰ</span> <span class='ocrx_word' id='word_1_475' title='bbox 3533 3196 3792 3264; x_wconf 72' lang='grc' dir='ltr'>πέπεισμαι</span> 
     </span>
    </p>
   </div>
   <div class='ocr_carea' id='block_1_66' title="bbox 411 3267 2058 3364">
    <p class='ocr_par' dir='ltr' id='par_1_66' title="bbox 411 3285 2058 3360">
     <span class='ocr_line' id='line_1_66' title="bbox 411 3285 2058 3360; baseline -0.004 -16"><span class='ocrx_word' id='word_1_476' title='bbox 411 3289 668 3360; x_wconf 88' lang='lat' dir='ltr'>lapidem</span> <span class='ocrx_word' id='word_1_477' title='bbox 690 3289 787 3359; x_wconf 89' lang='lat' dir='ltr'>qui</span> <span class='ocrx_word' id='word_1_478' title='bbox 820 3289 1075 3360; x_wconf 89' lang='lat' dir='ltr'>pretium</span> <span class='ocrx_word' id='word_1_479' title='bbox 1097 3303 1271 3342; x_wconf 92' lang='lat' dir='ltr'>omne</span> <span class='ocrx_word' id='word_1_480' title='bbox 1305 3291 1544 3357; x_wconf 84' lang='lat' dir='ltr'>superat</span> <span class='ocrx_word' id='word_1_481' title='bbox 1576 3285 1820 3342; x_wconf 89' lang='lat' dir='ltr'>videbis.</span> <span class='ocrx_word' id='word_1_482' title='bbox 1855 3301 1922 3339; x_wconf 90' lang='lat' dir='ltr'>ac</span> <span class='ocrx_word' id='word_1_483' title='bbox 1954 3301 2058 3354; x_wconf 87' lang='lat' dir='ltr'>per</span> 
     </span>
    </p>
   </div>
   <div class='ocr_carea' id='block_1_67' title="bbox 2180 3267 3796 3364">
    <p class='ocr_par' dir='ltr' id='par_1_67' title="bbox 2180 3283 3796 3364">
     <span class='ocr_line' id='line_1_67' title="bbox 2180 3283 3796 3364; baseline -0.003 -17"><span class='ocrx_word' id='word_1_484' title='bbox 2180 3293 2273 3347; x_wconf 73' lang='grc'>40</span> <span class='ocrx_word' id='word_1_485' title='bbox 2333 3291 2455 3364; x_wconf 83' lang='grc' dir='ltr'>περῖ</span> <span class='ocrx_word' id='word_1_486' title='bbox 2513 3295 2608 3344; x_wconf 78' lang='grc' dir='ltr'>σοῦ</span> <span class='ocrx_word' id='word_1_487' title='bbox 2661 3291 2727 3343; x_wconf 72' lang='grc' dir='ltr'>τὰ</span> <span class='ocrx_word' id='word_1_488' title='bbox 2783 3286 3064 3363; x_wconf 79' lang='grc' dir='ltr'>κρείττονα</span> <span class='ocrx_word' id='word_1_489' title='bbox 3120 3287 3210 3341; x_wconf 80' lang='grc' dir='ltr'>καὶ</span> <span class='ocrx_word' id='word_1_490' title='bbox 3263 3286 3507 3361; x_wconf 87' lang='grc' dir='ltr'>ἐχόμενα</span> <span class='ocrx_word' id='word_1_491' title='bbox 3539 3283 3796 3357; x_wconf 70' lang='grc' dir='ltr'>σωτηρίας,</span> 
     </span>
    </p>
   </div>
   <div class='ocr_carea' id='block_1_68' title="bbox 409 3374 2062 3449">
    <p class='ocr_par' dir='ltr' id='par_1_68' title="bbox 409 3374 2062 3449">
     <span class='ocr_line' id='line_1_68' title="bbox 409 3374 2062 3449; baseline -0.005 -15"><span class='ocrx_word' id='word_1_492' title='bbox 409 3379 654 3434; x_wconf 87' lang='lat' dir='ltr'>luminis</span> <span class='ocrx_word' id='word_1_493' title='bbox 680 3378 864 3449; x_wconf 89' lang='lat' dir='ltr'>ipsius</span> <span class='ocrx_word' id='word_1_494' title='bbox 889 3377 1268 3449; x_wconf 89' lang='lat' dir='ltr'>splendorem</span> <span class='ocrx_word' id='word_1_495' title='bbox 1302 3377 1412 3430; x_wconf 86' lang='lat' dir='ltr'>hoc</span> <span class='ocrx_word' id='word_1_496' title='bbox 1443 3374 2062 3444; x_wconf 87' lang='lat' dir='ltr'>consequeris,utipse</span> 
     </span>
    </p>
   </div>
   <div class='ocr_carea' id='block_1_69' title="bbox 414 3462 2061 3539">
    <p class='ocr_par' dir='ltr' id='par_1_69' title="bbox 414 3462 2061 3539">
     <span class='ocr_line' id='line_1_69' title="bbox 414 3462 2061 3539; baseline -0.004 -17"><span class='ocrx_word' id='word_1_497' title='bbox 414 3485 652 3539; x_wconf 91' lang='lat' dir='ltr'>quoque</span> <span class='ocrx_word' id='word_1_498' title='bbox 687 3467 887 3522; x_wconf 89' lang='lat' dir='ltr'>lumen</span> <span class='ocrx_word' id='word_1_499' title='bbox 921 3465 1221 3528; x_wconf 83' lang='lat' dir='ltr'>efficiaris,</span> <span class='ocrx_word' id='word_1_500' title='bbox 1285 3464 1662 3534; x_wconf 87' lang='lat' dir='ltr'>fructumque</span> <span class='ocrx_word' id='word_1_501' title='bbox 1713 3462 2061 3533; x_wconf 88' lang='lat' dir='ltr'>centuplum</span> 
     </span>
    </p>
   </div>
   <div class='ocr_carea' id='block_1_70' title="bbox 411 3553 2060 3626">
    <p class='ocr_par' dir='ltr' id='par_1_70' title="bbox 411 3553 2060 3626">
     <span class='ocr_line' id='line_1_70' title="bbox 411 3553 2060 3626; baseline -0.003 -16"><span class='ocrx_word' id='word_1_502' title='bbox 411 3556 590 3611; x_wconf 84' lang='lat' dir='ltr'>feras.</span> <span class='ocrx_word' id='word_1_503' title='bbox 618 3557 849 3610; x_wconf 88' lang='lat' dir='ltr'>Etenim</span> <span class='ocrx_word' id='word_1_504' title='bbox 908 3561 1007 3609; x_wconf 88' lang='lat' dir='ltr'>tua</span> <span class='ocrx_word' id='word_1_505' title='bbox 1061 3571 1236 3610; x_wconf 92' lang='lat' dir='ltr'>causa</span> <span class='ocrx_word' id='word_1_506' title='bbox 1277 3553 1513 3626; x_wconf 79' lang='lat' dir='ltr'>longam</span> <span class='ocrx_word' id='word_1_507' title='bbox 1565 3553 1715 3607; x_wconf 85' lang='lat' dir='ltr'>viam</span> <span class='ocrx_word' id='word_1_508' title='bbox 1764 3554 2060 3607; x_wconf 81' lang='lat' dir='ltr'>conficere</span> 
     </span>
    </p>
   </div>
   <div class='ocr_carea' id='block_1_71' title="bbox 414 3641 2056 3713">
    <p class='ocr_par' dir='ltr' id='par_1_71' title="bbox 414 3641 2056 3713">
     <span class='ocr_line' id='line_1_71' title="bbox 414 3641 2056 3713; baseline -0.003 -16"><span class='ocrx_word' id='word_1_509' title='bbox 414 3643 633 3708; x_wconf 85' lang='lat' dir='ltr'>studui,</span> <span class='ocrx_word' id='word_1_510' title='bbox 667 3649 882 3713; x_wconf 73' lang='lat' dir='ltr'>utqum</span> <span class='ocrx_word' id='word_1_511' title='bbox 917 3660 1226 3713; x_wconf 88' lang='lat' dir='ltr'>nunquam</span> <span class='ocrx_word' id='word_1_512' title='bbox 1260 3643 1476 3706; x_wconf 82' lang='lat' dir='ltr'>vidisti,</span> <span class='ocrx_word' id='word_1_513' title='bbox 1503 3641 1604 3694; x_wconf 89' lang='lat' dir='ltr'>tibi</span> <span class='ocrx_word' id='word_1_514' title='bbox 1658 3641 2056 3705; x_wconf 89' lang='lat' dir='ltr'>ostenderem,</span> 
     </span>
    </p>
   </div>
   <div class='ocr_carea' id='block_1_72' title="bbox 409 3729 1767 3801">
    <p class='ocr_par' dir='ltr' id='par_1_72' title="bbox 409 3729 1767 3801">
     <span class='ocr_line' id='line_1_72' title="bbox 409 3729 1767 3801; baseline 0 -17"><span class='ocrx_word' id='word_1_515' title='bbox 409 3735 586 3801; x_wconf 85' lang='lat' dir='ltr'>atque</span> <span class='ocrx_word' id='word_1_516' title='bbox 621 3747 688 3785; x_wconf 82' lang='lat' dir='ltr'>ea</span> <span class='ocrx_word' id='word_1_517' title='bbox 719 3730 994 3785; x_wconf 87' lang='lat' dir='ltr'>docerem</span> <span class='ocrx_word' id='word_1_518' title='bbox 1021 3748 1151 3801; x_wconf 68' lang='lat' dir='ltr'>quas</span> <span class='ocrx_word' id='word_1_519' title='bbox 1186 3747 1492 3800; x_wconf 87' lang='lat' dir='ltr'>nunquam</span> <span class='ocrx_word' id='word_1_520' title='bbox 1527 3729 1767 3785; x_wconf 81' lang='lat' dir='ltr'>audisti.</span> 
     </span>
    </p>
   </div>
   <div class='ocr_carea' id='block_1_73' title="bbox 481 3925 2058 3997">
    <p class='ocr_par' dir='ltr' id='par_1_73' title="bbox 481 3925 2058 3997">
     <span class='ocr_line' id='line_1_73' title="bbox 481 3925 2058 3997; baseline -0.003 -15"><span class='ocrx_word' id='word_1_521' title='bbox 481 3927 635 3982; x_wconf 81' lang='lat' dir='ltr'>Dixit</span> <span class='ocrx_word' id='word_1_522' title='bbox 657 3932 853 3982; x_wconf 83' lang='lat' dir='ltr'>autem</span> <span class='ocrx_word' id='word_1_523' title='bbox 888 3927 960 3982; x_wconf 89' lang='lat' dir='ltr'>ad</span> <span class='ocrx_word' id='word_1_524' title='bbox 996 3943 1128 3982; x_wconf 89' lang='lat' dir='ltr'>eum</span> <span class='ocrx_word' id='word_1_525' title='bbox 1161 3927 1442 3997; x_wconf 81' lang='lat' dir='ltr'>Josaphat</span> <span class='ocrx_word' id='word_1_526' title='bbox 1468 3925 1782 3996; x_wconf 89' lang='lat' dir='ltr'>:Equidem</span> <span class='ocrx_word' id='word_1_527' title='bbox 1808 3925 2058 3996; x_wconf 86' lang='lat' dir='ltr'>ipse.ve-</span> 
     </span>
    </p>
   </div>
   <div class='ocr_carea' id='block_1_74' title="bbox 408 4013 2057 4085">
    <p class='ocr_par' dir='ltr' id='par_1_74' title="bbox 408 4013 2057 4085">
     <span class='ocr_line' id='line_1_74' title="bbox 408 4013 2057 4085; baseline -0.004 -12"><span class='ocrx_word' id='word_1_528' title='bbox 408 4017 675 4074; x_wconf 86' lang='lat' dir='ltr'>nerande</span> <span class='ocrx_word' id='word_1_529' title='bbox 697 4015 1238 4071; x_wconf 64' lang='lat' dir='ltr'>senexdncredibili</span> <span class='ocrx_word' id='word_1_530' title='bbox 1266 4015 1728 4085; x_wconf 85' lang='lat' dir='ltr'>quodam.atque</span> <span class='ocrx_word' id='word_1_531' title='bbox 1743 4013 2057 4085; x_wconf 87' lang='lat' dir='ltr'>ejusmodi,</span> 
     </span>
    </p>
   </div>
   <div class='ocr_carea' id='block_1_75' title="bbox 413 4103 2056 4180">
    <p class='ocr_par' dir='ltr' id='par_1_75' title="bbox 413 4103 2056 4180">
     <span class='ocr_line' id='line_1_75' title="bbox 413 4103 2056 4180; baseline -0.004 -17"><span class='ocrx_word' id='word_1_532' title='bbox 413 4107 573 4180; x_wconf 90' lang='lat' dir='ltr'>quod</span> <span class='ocrx_word' id='word_1_533' title='bbox 599 4107 763 4161; x_wconf 90' lang='lat' dir='ltr'>nullo</span> <span class='ocrx_word' id='word_1_534' title='bbox 790 4105 962 4161; x_wconf 91' lang='lat' dir='ltr'>modo</span> <span class='ocrx_word' id='word_1_535' title='bbox 988 4105 1246 4160; x_wconf 89' lang='lat' dir='ltr'>coerceri</span> <span class='ocrx_word' id='word_1_536' title='bbox 1273 4111 1468 4176; x_wconf 87' lang='lat' dir='ltr'>queat,</span> <span class='ocrx_word' id='word_1_537' title='bbox 1503 4103 1797 4158; x_wconf 89' lang='lat' dir='ltr'>desiderio</span> <span class='ocrx_word' id='word_1_538' title='bbox 1833 4108 2056 4170; x_wconf 87' lang='lat' dir='ltr'>teneor,</span> 
     </span>
    </p>
   </div>
   <div class='ocr_carea' id='block_1_76' title="bbox 411 4193 2061 4268">
    <p class='ocr_par' dir='ltr' id='par_1_76' title="bbox 411 4193 2061 4268">
     <span class='ocr_line' id='line_1_76' title="bbox 411 4193 2061 4268; baseline -0.004 -14"><span class='ocrx_word' id='word_1_539' title='bbox 411 4215 629 4254; x_wconf 90' lang='lat' dir='ltr'>novum</span> <span class='ocrx_word' id='word_1_540' title='bbox 647 4196 964 4268; x_wconf 89' lang='lat' dir='ltr'>quemdam</span> <span class='ocrx_word' id='word_1_541' title='bbox 979 4213 1046 4250; x_wconf 90' lang='lat' dir='ltr'>ac</span> <span class='ocrx_word' id='word_1_542' title='bbox 1068 4194 1289 4248; x_wconf 89' lang='lat' dir='ltr'>bonum</span> <span class='ocrx_word' id='word_1_543' title='bbox 1307 4210 1640 4248; x_wconf 88' lang='lat' dir='ltr'>sermonem</span> <span class='ocrx_word' id='word_1_544' title='bbox 1659 4193 2061 4248; x_wconf 54' lang='lat' dir='ltr'>audiendi.“-</span> 
     </span>
    </p>
   </div>
   <div class='ocr_carea' id='block_1_77' title="bbox 409 4282 2059 4360">
    <p class='ocr_par' dir='ltr' id='par_1_77' title="bbox 409 4282 2059 4360">
     <span class='ocr_line' id='line_1_77' title="bbox 409 4282 2059 4360; baseline -0.004 -18"><span class='ocrx_word' id='word_1_545' title='bbox 409 4305 522 4360; x_wconf 90' lang='lat' dir='ltr'>que</span> <span class='ocrx_word' id='word_1_546' title='bbox 549 4287 699 4359; x_wconf 90' lang='lat' dir='ltr'>ignis</span> <span class='ocrx_word' id='word_1_547' title='bbox 727 4287 788 4341; x_wconf 91' lang='lat' dir='ltr'>in</span> <span class='ocrx_word' id='word_1_548' title='bbox 814 4292 1048 4357; x_wconf 89' lang='lat' dir='ltr'>pectore</span> <span class='ocrx_word' id='word_1_549' title='bbox 1073 4301 1205 4339; x_wconf 93' lang='lat' dir='ltr'>meo</span> <span class='ocrx_word' id='word_1_550' title='bbox 1257 4284 1536 4338; x_wconf 81' lang='lat' dir='ltr'>incensus</span> <span class='ocrx_word' id='word_1_551' title='bbox 1561 4289 1667 4346; x_wconf 87' lang='lat' dir='ltr'>est,</span> <span class='ocrx_word' id='word_1_552' title='bbox 1695 4282 1793 4352; x_wconf 89' lang='lat' dir='ltr'>qui</span> <span class='ocrx_word' id='word_1_553' title='bbox 1843 4298 1938 4336; x_wconf 90' lang='lat' dir='ltr'>me</span> <span class='ocrx_word' id='word_1_554' title='bbox 1988 4282 2059 4336; x_wconf 87' lang='lat' dir='ltr'>ad</span> 
     </span>
    </p>
   </div>
   <div class='ocr_carea' id='block_1_78' title="bbox 406 4371 2062 4447">
    <p class='ocr_par' dir='ltr' id='par_1_78' title="bbox 406 4371 2062 4447">
     <span class='ocr_line' id='line_1_78' title="bbox 406 4371 2062 4447; baseline -0.004 -15"><span class='ocrx_word' id='word_1_555' title='bbox 406 4376 1070 4447; x_wconf 88' lang='lat' dir='ltr'>necessariasquasdam</span> <span class='ocrx_word' id='word_1_556' title='bbox 1087 4374 1446 4445; x_wconf 76' lang='lat' dir='ltr'>quaestiones</span> <span class='ocrx_word' id='word_1_557' title='bbox 1462 4371 1876 4443; x_wconf 83' lang='lat' dir='ltr'>intelligendas</span> <span class='ocrx_word' id='word_1_558' title='bbox 1892 4371 2062 4425; x_wconf 81' lang='lat' dir='ltr'>vehe-</span> 
     </span>
    </p>
   </div>
   <div class='ocr_carea' id='block_1_79' title="bbox 407 4461 2057 4522">
    <p class='ocr_par' dir='ltr' id='par_1_79' title="bbox 407 4461 2057 4522">
     <span class='ocr_line' id='line_1_79' title="bbox 407 4461 2057 4522; baseline -0.005 0"><span class='ocrx_word' id='word_1_559' title='bbox 407 4472 638 4522; x_wconf 88' lang='lat' dir='ltr'>menter</span> <span class='ocrx_word' id='word_1_560' title='bbox 671 4465 1331 4519; x_wconf 71' lang='lat' dir='ltr'>inflammat.Czeterum</span> <span class='ocrx_word' id='word_1_561' title='bbox 1365 4461 1556 4516; x_wconf 92' lang='lat' dir='ltr'>adhuc</span> <span class='ocrx_word' id='word_1_562' title='bbox 1582 4461 1878 4514; x_wconf 83' lang='lat' dir='ltr'>hominem</span> <span class='ocrx_word' id='word_1_563' title='bbox 1909 4477 2057 4514; x_wconf 83' lang='lat' dir='ltr'>nan-</span> 
     </span>
    </p>
   </div>
   <div class='ocr_carea' id='block_1_80' title="bbox 405 4551 2053 4622">
    <p class='ocr_par' dir='ltr' id='par_1_80' title="bbox 405 4551 2053 4622">
     <span class='ocr_line' id='line_1_80' title="bbox 405 4551 2053 4622; baseline -0.004 -12"><span class='ocrx_word' id='word_1_564' title='bbox 405 4557 543 4610; x_wconf 90' lang='lat' dir='ltr'>cisci</span> <span class='ocrx_word' id='word_1_565' title='bbox 569 4555 715 4610; x_wconf 89' lang='lat' dir='ltr'>mihi</span> <span class='ocrx_word' id='word_1_566' title='bbox 750 4571 867 4608; x_wconf 91' lang='lat' dir='ltr'>non</span> <span class='ocrx_word' id='word_1_567' title='bbox 894 4553 1082 4617; x_wconf 88' lang='lat' dir='ltr'>licuit,</span> <span class='ocrx_word' id='word_1_568' title='bbox 1133 4553 1232 4622; x_wconf 90' lang='lat' dir='ltr'>qui</span> <span class='ocrx_word' id='word_1_569' title='bbox 1283 4551 1354 4605; x_wconf 92' lang='lat' dir='ltr'>de</span> <span class='ocrx_word' id='word_1_570' title='bbox 1387 4551 1496 4605; x_wconf 89' lang='lat' dir='ltr'>hac</span> <span class='ocrx_word' id='word_1_571' title='bbox 1537 4568 1599 4605; x_wconf 91' lang='lat' dir='ltr'>re</span> <span class='ocrx_word' id='word_1_572' title='bbox 1654 4556 1875 4605; x_wconf 81' lang='lat' dir='ltr'>certam</span> <span class='ocrx_word' id='word_1_573' title='bbox 1909 4551 2053 4604; x_wconf 84' lang='lat' dir='ltr'>mihi</span> 
     </span>
    </p>
   </div>
   <div class='ocr_carea' id='block_1_81' title="bbox 2172 3370 3795 3452">
    <p class='ocr_par' dir='ltr' id='par_1_81' title="bbox 2172 3370 3795 3452">
     <span class='ocr_line' id='line_1_81' title="bbox 2172 3370 3795 3452; baseline -0.006 -18"><span class='ocrx_word' id='word_1_574' title='bbox 2172 3379 2253 3434; x_wconf 81' lang='grc' dir='ltr'>ὅτι</span> <span class='ocrx_word' id='word_1_575' title='bbox 2280 3381 2367 3434; x_wconf 83' lang='lat' dir='ltr'>xui</span> <span class='ocrx_word' id='word_1_576' title='bbox 2401 3381 2492 3434; x_wconf 85' lang='grc' dir='ltr'>τὸν</span> <span class='ocrx_word' id='word_1_577' title='bbox 2525 3378 2681 3432; x_wconf 81' lang='grc' dir='ltr'>λίθον</span> <span class='ocrx_word' id='word_1_578' title='bbox 2725 3378 2844 3452; x_wconf 75' lang='grc' dir='ltr'>ὄψει</span> <span class='ocrx_word' id='word_1_579' title='bbox 2902 3377 2993 3431; x_wconf 86' lang='grc' dir='ltr'>τὸν</span> <span class='ocrx_word' id='word_1_580' title='bbox 3056 3377 3348 3449; x_wconf 81' lang='grc' dir='ltr'>ἀτίμητον,</span> <span class='ocrx_word' id='word_1_581' title='bbox 3402 3377 3490 3430; x_wconf 71' lang='grc' dir='ltr'>καὶ</span> <span class='ocrx_word' id='word_1_582' title='bbox 3551 3379 3617 3448; x_wconf 76' lang='grc' dir='ltr'>τῇ</span> <span class='ocrx_word' id='word_1_583' title='bbox 3660 3370 3795 3446; x_wconf 50' lang='grc' dir='ltr'>αέγλῃ</span> 
     </span>
    </p>
   </div>
   <div class='ocr_carea' id='block_1_82' title="bbox 2169 3463 3796 3546">
    <p class='ocr_par' dir='ltr' id='par_1_82' title="bbox 2169 3463 3796 3546">
     <span class='ocr_line' id='line_1_82' title="bbox 2169 3463 3796 3546; baseline -0.007 -22"><span class='ocrx_word' id='word_1_584' title='bbox 2169 3473 2265 3524; x_wconf 80' lang='grc' dir='ltr'>τοῦ</span> <span class='ocrx_word' id='word_1_585' title='bbox 2297 3470 2476 3546; x_wconf 71' lang='grc' dir='ltr'>φωτὸς</span> <span class='ocrx_word' id='word_1_586' title='bbox 2512 3468 2676 3522; x_wconf 65' lang='grc' dir='ltr'>αὐτοῦ</span> <span class='ocrx_word' id='word_1_587' title='bbox 2708 3472 2823 3545; x_wconf 77' lang='grc' dir='ltr'>φῶς</span> <span class='ocrx_word' id='word_1_588' title='bbox 2854 3466 2944 3521; x_wconf 81' lang='lat' dir='ltr'>xui</span> <span class='ocrx_word' id='word_1_589' title='bbox 3000 3465 3161 3527; x_wconf 79' lang='grc' dir='ltr'>αὐτὸς</span> <span class='ocrx_word' id='word_1_590' title='bbox 3225 3467 3504 3539; x_wconf 70' lang='grc' dir='ltr'>ἀξιωθησῃ</span> <span class='ocrx_word' id='word_1_591' title='bbox 3559 3463 3796 3539; x_wconf 74' lang='grc' dir='ltr'>γενέσθαι,</span> 
     </span>
    </p>
   </div>
   <div class='ocr_carea' id='block_1_83' title="bbox 2170 3550 3796 3632">
    <p class='ocr_par' dir='ltr' id='par_1_83' title="bbox 2170 3550 3796 3632">
     <span class='ocr_line' id='line_1_83' title="bbox 2170 3550 3796 3632; baseline -0.006 -19"><span class='ocrx_word' id='word_1_592' title='bbox 2170 3560 2256 3613; x_wconf 79' lang='grc' dir='ltr'>καὶ</span> <span class='ocrx_word' id='word_1_593' title='bbox 2293 3559 2496 3631; x_wconf 80' lang='grc' dir='ltr'>καρπὸν</span> <span class='ocrx_word' id='word_1_594' title='bbox 2557 3558 2786 3632; x_wconf 73' lang='grc' dir='ltr'>ἐνέγκῃς</span> <span class='ocrx_word' id='word_1_595' title='bbox 2844 3557 3264 3611; x_wconf 71' lang='grc' dir='ltr'>ἐκατοστεῦοντα</span> <span class='ocrx_word' id='word_1_596' title='bbox 3469 3554 3565 3608; x_wconf 81' lang='grc' dir='ltr'>Διά</span> <span class='ocrx_word' id='word_1_597' title='bbox 3619 3555 3673 3608; x_wconf 75' lang='grc' dir='ltr'>σέ</span> <span class='ocrx_word' id='word_1_598' title='bbox 3715 3550 3796 3624; x_wconf 56' lang='lat'>75,:-</span> 
     </span>
    </p>
   </div>
   <div class='ocr_carea' id='block_1_84' title="bbox 2170 3642 3798 3724">
    <p class='ocr_par' dir='ltr' id='par_1_84' title="bbox 2170 3642 3798 3724">
     <span class='ocr_line' id='line_1_84' title="bbox 2170 3642 3798 3724; baseline -0.006 -21"><span class='ocrx_word' id='word_1_599' title='bbox 2170 3643 2323 3724; x_wconf 77' lang='grc' dir='ltr'>ἔργον</span> <span class='ocrx_word' id='word_1_600' title='bbox 2385 3647 2584 3719; x_wconf 72' lang='grc' dir='ltr'>ἐθέμην</span> <span class='ocrx_word' id='word_1_601' title='bbox 2645 3647 2735 3701; x_wconf 83' lang='lat' dir='ltr'>xui</span> <span class='ocrx_word' id='word_1_602' title='bbox 2799 3645 3009 3721; x_wconf 68' lang='grc' dir='ltr'>μακρὰν</span> <span class='ocrx_word' id='word_1_603' title='bbox 3073 3643 3300 3715; x_wconf 77' lang='grc' dir='ltr'>διήνυσα</span> <span class='ocrx_word' id='word_1_604' title='bbox 3360 3642 3508 3711; x_wconf 78' lang='grc' dir='ltr'>ὁδὸν,</span> <span class='ocrx_word' id='word_1_605' title='bbox 3562 3643 3655 3697; x_wconf 80' lang='grc' dir='ltr'>τοῦ</span> <span class='ocrx_word' id='word_1_606' title='bbox 3690 3643 3798 3696; x_wconf 67' lang='grc' dir='ltr'>ὑποε-</span> 
     </span>
    </p>
   </div>
   <div class='ocr_carea' id='block_1_85' title="bbox 2171 3729 3797 3810">
    <p class='ocr_par' dir='ltr' id='par_1_85' title="bbox 2171 3729 3797 3810">
     <span class='ocr_line' id='line_1_85' title="bbox 2171 3729 3797 3810; baseline -0.007 -18"><span class='ocrx_word' id='word_1_607' title='bbox 2171 3735 2340 3810; x_wconf 79' lang='grc' dir='ltr'>δεῖξαί</span> <span class='ocrx_word' id='word_1_608' title='bbox 2373 3758 2455 3791; x_wconf 88' lang='grc' dir='ltr'>σοι</span> <span class='ocrx_word' id='word_1_609' title='bbox 2490 3733 2524 3790; x_wconf 76' lang='grc' dir='ltr'><em>ἅ</em></span> <span class='ocrx_word' id='word_1_610' title='bbox 2551 3735 2660 3810; x_wconf 81' lang='grc' dir='ltr'>οὐχ</span> <span class='ocrx_word' id='word_1_611' title='bbox 2690 3734 2930 3810; x_wconf 78' lang='grc' dir='ltr'>ἐώρακας</span> <span class='ocrx_word' id='word_1_612' title='bbox 2987 3735 3212 3789; x_wconf 88' lang='grc' dir='ltr'>πώποτε</span> <span class='ocrx_word' id='word_1_613' title='bbox 3268 3733 3360 3788; x_wconf 83' lang='lat' dir='ltr'>xui</span> <span class='ocrx_word' id='word_1_614' title='bbox 3420 3730 3628 3803; x_wconf 75' lang='grc' dir='ltr'>διδάξαι</span> <span class='ocrx_word' id='word_1_615' title='bbox 3661 3734 3690 3785; x_wconf 79' lang='grc' dir='ltr'><em>ἆ</em></span> <span class='ocrx_word' id='word_1_616' title='bbox 3716 3729 3797 3783; x_wconf 77' lang='grc' dir='ltr'>οὖι</span> 
     </span>
    </p>
   </div>
   <div class='ocr_carea' id='block_1_86' title="bbox 2172 3825 2431 3895">
    <p class='ocr_par' dir='ltr' id='par_1_86' title="bbox 2172 3825 2431 3895">
     <span class='ocr_line' id='line_1_86' title="bbox 2172 3825 2431 3895; baseline 0.008 -15"><span class='ocrx_word' id='word_1_617' title='bbox 2172 3825 2431 3895; x_wconf 67' lang='grc' dir='ltr'>ἀκήκοας.</span> 
     </span>
    </p>
   </div>
   <div class='ocr_carea' id='block_1_87' title="bbox 2242 3924 3794 4006">
    <p class='ocr_par' dir='ltr' id='par_1_87' title="bbox 2242 3924 3794 4006">
     <span class='ocr_line' id='line_1_87' title="bbox 2242 3924 3794 4006; baseline -0.007 -19"><span class='ocrx_word' id='word_1_618' title='bbox 2242 3935 2378 3988; x_wconf 81' lang='grc' dir='ltr'>Εἴπε</span> <span class='ocrx_word' id='word_1_619' title='bbox 2437 3929 2493 3986; x_wconf 82' lang='grc' dir='ltr'>δέ</span> <span class='ocrx_word' id='word_1_620' title='bbox 2549 3931 2685 4006; x_wconf 84' lang='grc' dir='ltr'>πρὸς</span> <span class='ocrx_word' id='word_1_621' title='bbox 2743 3929 2903 3985; x_wconf 81' lang='grc' dir='ltr'>αὐτὸν</span> <span class='ocrx_word' id='word_1_622' title='bbox 2957 3931 2984 3984; x_wconf 91' lang='lat'>6</span> <span class='ocrx_word' id='word_1_623' title='bbox 3052 3931 3283 4005; x_wconf 74' lang='grc' dir='ltr'>Ἰωάσαφ</span> <span class='ocrx_word' id='word_1_624' title='bbox 3528 3927 3664 4004; x_wconf 76' lang='grc' dir='ltr'>Ἐγὼ</span> <span class='ocrx_word' id='word_1_625' title='bbox 3697 3924 3794 3998; x_wconf 77' lang='grc' dir='ltr'>μὲν,</span> 
     </span>
    </p>
   </div>
   <div class='ocr_carea' id='block_1_88' title="bbox 2168 4013 3798 4095">
    <p class='ocr_par' dir='ltr' id='par_1_88' title="bbox 2168 4013 3798 4095">
     <span class='ocr_line' id='line_1_88' title="bbox 2168 4013 3798 4095; baseline -0.006 -18"><span class='ocrx_word' id='word_1_626' title='bbox 2168 4017 2441 4095; x_wconf 67' lang='grc' dir='ltr'>πρεσϐύτα</span> <span class='ocrx_word' id='word_1_627' title='bbox 2498 4020 2670 4094; x_wconf 83' lang='grc' dir='ltr'>τίμιε,</span> <span class='ocrx_word' id='word_1_628' title='bbox 2721 4021 2876 4093; x_wconf 78' lang='grc' dir='ltr'>πόθῳ</span> <span class='ocrx_word' id='word_1_629' title='bbox 2933 4018 3036 4074; x_wconf 79' lang='grc' dir='ltr'>τινὶ</span> <span class='ocrx_word' id='word_1_630' title='bbox 3096 4019 3182 4074; x_wconf 86' lang='lat' dir='ltr'>xui</span> <span class='ocrx_word' id='word_1_631' title='bbox 3244 4013 3410 4093; x_wconf 74' lang='grc' dir='ltr'>ἔρωτι</span> <span class='ocrx_word' id='word_1_632' title='bbox 3470 4017 3798 4090; x_wconf 72' lang='grc' dir='ltr'>ἀκατασχὲτῳ</span> 
     </span>
    </p>
   </div>
   <div class='ocr_carea' id='block_1_89' title="bbox 2171 4107 3798 4186">
    <p class='ocr_par' dir='ltr' id='par_1_89' title="bbox 2171 4107 3798 4186">
     <span class='ocr_line' id='line_1_89' title="bbox 2171 4107 3798 4186; baseline -0.006 -20"><span class='ocrx_word' id='word_1_633' title='bbox 2171 4115 2317 4181; x_wconf 84' lang='grc' dir='ltr'>ζητῶ</span> <span class='ocrx_word' id='word_1_634' title='bbox 2348 4109 2511 4186; x_wconf 85' lang='grc' dir='ltr'>λόγον</span> <span class='ocrx_word' id='word_1_635' title='bbox 2543 4111 2765 4165; x_wconf 78' lang='grc' dir='ltr'>ἀκοῦσαι</span> <span class='ocrx_word' id='word_1_636' title='bbox 2826 4108 3012 4164; x_wconf 75' lang='grc' dir='ltr'>καινόν</span> <span class='ocrx_word' id='word_1_637' title='bbox 3043 4130 3162 4164; x_wconf 87' lang='grc' dir='ltr'>τινα</span> <span class='ocrx_word' id='word_1_638' title='bbox 3216 4110 3302 4162; x_wconf 75' lang='grc' dir='ltr'>καὶ</span> <span class='ocrx_word' id='word_1_639' title='bbox 3342 4109 3562 4182; x_wconf 78' lang='grc' dir='ltr'>ἀγαθὸν,</span> <span class='ocrx_word' id='word_1_640' title='bbox 3595 4107 3679 4160; x_wconf 75' lang='grc' dir='ltr'>καὶ</span> <span class='ocrx_word' id='word_1_641' title='bbox 3709 4109 3798 4175; x_wconf 65' lang='grc' dir='ltr'>πῐρ</span> 
     </span>
    </p>
   </div>
   <div class='ocr_carea' id='block_1_90' title="bbox 2169 4196 3801 4274">
    <p class='ocr_par' dir='ltr' id='par_1_90' title="bbox 2169 4196 3801 4274">
     <span class='ocr_line' id='line_1_90' title="bbox 2169 4196 3801 4274; baseline -0.007 -18"><span class='ocrx_word' id='word_1_642' title='bbox 2169 4198 2379 4256; x_wconf 81' lang='grc' dir='ltr'>ἔνδοθεν</span> <span class='ocrx_word' id='word_1_643' title='bbox 2415 4199 2464 4255; x_wconf 81' lang='grc' dir='ltr'>ἐν</span> <span class='ocrx_word' id='word_1_644' title='bbox 2505 4204 2570 4274; x_wconf 79' lang='grc' dir='ltr'>τῇ</span> <span class='ocrx_word' id='word_1_645' title='bbox 2603 4197 2797 4271; x_wconf 79' lang='grc' dir='ltr'>καρδίᾳ</span> <span class='ocrx_word' id='word_1_646' title='bbox 2833 4221 2937 4271; x_wconf 90' lang='grc' dir='ltr'>μου</span> <span class='ocrx_word' id='word_1_647' title='bbox 3000 4199 3318 4254; x_wconf 69' lang='grc' dir='ltr'>ἐκκέκαυται</span> <span class='ocrx_word' id='word_1_648' title='bbox 3379 4197 3570 4261; x_wconf 79' lang='grc' dir='ltr'>δεινῶς</span> <span class='ocrx_word' id='word_1_649' title='bbox 3623 4196 3801 4273; x_wconf 65' lang='grc' dir='ltr'>φλέγον</span> 
     </span>
    </p>
   </div>
   <div class='ocr_carea' id='block_1_91' title="bbox 2171 4284 3802 4364">
    <p class='ocr_par' dir='ltr' id='par_1_91' title="bbox 2171 4284 3802 4364">
     <span class='ocr_line' id='line_1_91' title="bbox 2171 4284 3802 4364; baseline -0.005 -20"><span class='ocrx_word' id='word_1_650' title='bbox 2171 4311 2237 4363; x_wconf 85' lang='grc' dir='ltr'>με</span> <span class='ocrx_word' id='word_1_651' title='bbox 2267 4289 2356 4344; x_wconf 85' lang='grc' dir='ltr'>καὶ</span> <span class='ocrx_word' id='word_1_652' title='bbox 2415 4295 2722 4364; x_wconf 79' lang='grc' dir='ltr'>παρορμῶν</span> <span class='ocrx_word' id='word_1_653' title='bbox 2787 4291 2972 4359; x_wconf 78' lang='grc' dir='ltr'>μαθεῖν</span> <span class='ocrx_word' id='word_1_654' title='bbox 3033 4287 3324 4363; x_wconf 72' lang='grc' dir='ltr'>ἀναγκαίας</span> <span class='ocrx_word' id='word_1_655' title='bbox 3384 4289 3531 4349; x_wconf 78' lang='grc' dir='ltr'>τινάς</span> <span class='ocrx_word' id='word_1_656' title='bbox 3588 4284 3802 4353; x_wconf 63' lang='grc' dir='ltr'>συζητῆ-</span> 
     </span>
    </p>
   </div>
   <div class='ocr_carea' id='block_1_92' title="bbox 2168 4371 3802 4453">
    <p class='ocr_par' dir='ltr' id='par_1_92' title="bbox 2168 4371 3802 4453">
     <span class='ocr_line' id='line_1_92' title="bbox 2168 4371 3802 4453; baseline -0.005 -19"><span class='ocrx_word' id='word_1_657' title='bbox 2168 4398 2298 4442; x_wconf 82' lang='grc' dir='ltr'>σεις”</span> <span class='ocrx_word' id='word_1_658' title='bbox 2335 4380 2432 4434; x_wconf 77' lang='grc' dir='ltr'>ουκ</span> <span class='ocrx_word' id='word_1_659' title='bbox 2473 4375 2667 4453; x_wconf 72' lang='grc' dir='ltr'>ἔτυχον</span> <span class='ocrx_word' id='word_1_660' title='bbox 2729 4375 2785 4432; x_wconf 80' lang='grc' dir='ltr'>δέ</span> <span class='ocrx_word' id='word_1_661' title='bbox 2823 4379 2988 4453; x_wconf 86' lang='grc' dir='ltr'>μέχρι</span> <span class='ocrx_word' id='word_1_662' title='bbox 3017 4382 3114 4432; x_wconf 77' lang='grc' dir='ltr'>τοῦ</span> <span class='ocrx_word' id='word_1_663' title='bbox 3173 4381 3265 4431; x_wconf 77' lang='grc' dir='ltr'>νῦν</span> <span class='ocrx_word' id='word_1_664' title='bbox 3321 4377 3607 4452; x_wconf 77' lang='grc' dir='ltr'>ἀνθρώπου</span> <span class='ocrx_word' id='word_1_665' title='bbox 3661 4371 3802 4427; x_wconf 64' lang='lat' dir='ltr'>am.</span> 
     </span>
    </p>
   </div>
   <div class='ocr_carea' id='block_1_93' title="bbox 2171 4462 3801 4546">
    <p class='ocr_par' dir='ltr' id='par_1_93' title="bbox 2171 4462 3801 4546">
     <span class='ocr_line' id='line_1_93' title="bbox 2171 4462 3801 4546; baseline -0.007 -23"><span class='ocrx_word' id='word_1_666' title='bbox 2171 4471 2334 4541; x_wconf 74' lang='grc' dir='ltr'>μένου</span> <span class='ocrx_word' id='word_1_667' title='bbox 2375 4469 2803 4546; x_wconf 70' lang='grc' dir='ltr'>πληροφορῆσαί</span> <span class='ocrx_word' id='word_1_668' title='bbox 2867 4489 2935 4539; x_wconf 87' lang='grc' dir='ltr'>με</span> <span class='ocrx_word' id='word_1_669' title='bbox 2992 4467 3114 4540; x_wconf 83' lang='grc' dir='ltr'>περῖ</span> <span class='ocrx_word' id='word_1_670' title='bbox 3171 4466 3405 4522; x_wconf 72' lang='grc' dir='ltr'>τούτων,</span> <span class='ocrx_word' id='word_1_671' title='bbox 3469 4464 3532 4522; x_wconf 79' lang='lat' dir='ltr'>Ei</span> <span class='ocrx_word' id='word_1_672' title='bbox 3583 4462 3638 4518; x_wconf 71' lang='grc' dir='ltr'>δὲ</span> <span class='ocrx_word' id='word_1_673' title='bbox 3665 4463 3801 4534; x_wconf 64' lang='grc' dir='ltr'>τύχω</span> 
     </span>
    </p>
   </div>
   <div class='ocr_carea' id='block_1_94' title="bbox 2168 4552 3799 4631">
    <p class='ocr_par' dir='ltr' id='par_1_94' title="bbox 2168 4552 3799 4631">
     <span class='ocr_line' id='line_1_94' title="bbox 2168 4552 3799 4631; baseline -0.004 -20"><span class='ocrx_word' id='word_1_674' title='bbox 2168 4561 2337 4631; x_wconf 70' lang='grc' dir='ltr'>σοφοῦ</span> <span class='ocrx_word' id='word_1_675' title='bbox 2388 4559 2537 4618; x_wconf 84' lang='grc' dir='ltr'>τινὸς</span> <span class='ocrx_word' id='word_1_676' title='bbox 2605 4556 2693 4612; x_wconf 83' lang='lat' dir='ltr'>xui</span> <span class='ocrx_word' id='word_1_677' title='bbox 2753 4555 3142 4629; x_wconf 71' lang='grc' dir='ltr'>ἐπιστήμονος,</span> <span class='ocrx_word' id='word_1_678' title='bbox 3201 4555 3291 4609; x_wconf 77' lang='lat' dir='ltr'>xui</span> <span class='ocrx_word' id='word_1_679' title='bbox 3349 4554 3572 4609; x_wconf 71' lang='grc' dir='ltr'>ἀκούσω</span> <span class='ocrx_word' id='word_1_680' title='bbox 3652 4552 3799 4621; x_wconf 75' lang='grc' dir='ltr'>Λόγον</span> 
     </span>
    </p>
   </div>
   <div class='ocr_carea' id='block_1_95' title="bbox 407 4638 2058 4720">
    <p class='ocr_par' dir='ltr' id='par_1_95' title="bbox 407 4640 2054 4713">
     <span class='ocr_line' id='line_1_95' title="bbox 407 4640 2054 4713; baseline -0.003 -14"><span class='ocrx_word' id='word_1_681' title='bbox 407 4645 586 4699; x_wconf 82' lang='lat' dir='ltr'>ﬁdem</span> <span class='ocrx_word' id='word_1_682' title='bbox 611 4644 801 4698; x_wconf 86' lang='lat' dir='ltr'>facere</span> <span class='ocrx_word' id='word_1_683' title='bbox 832 4648 1052 4713; x_wconf 85' lang='lat' dir='ltr'>posset.</span> <span class='ocrx_word' id='word_1_684' title='bbox 1077 4641 1238 4705; x_wconf 91' lang='lat' dir='ltr'>Quod</span> <span class='ocrx_word' id='word_1_685' title='bbox 1273 4641 1319 4694; x_wconf 90' lang='lat' dir='ltr'>si</span> <span class='ocrx_word' id='word_1_686' title='bbox 1353 4640 1681 4710; x_wconf 87' lang='lat' dir='ltr'>sapientem</span> <span class='ocrx_word' id='word_1_687' title='bbox 1716 4640 2054 4709; x_wconf 86' lang='lat' dir='ltr'>quemdam,</span> 
     </span>
    </p>
   </div>
   <div class='ocr_carea' id='block_1_96' title="bbox 2180 4638 3798 4720">
    <p class='ocr_par' dir='ltr' id='par_1_96' title="bbox 2180 4638 3798 4720">
     <span class='ocr_line' id='line_1_96' title="bbox 2180 4638 3798 4720; baseline -0.006 -20"><span class='ocrx_word' id='word_1_688' title='bbox 2180 4648 2466 4720; x_wconf 75' lang='grc' dir='ltr'>τωτηρίας,</span> <span class='ocrx_word' id='word_1_689' title='bbox 2501 4645 2623 4700; x_wconf 60' lang='grc' dir='ltr'>οὕτε</span> <span class='ocrx_word' id='word_1_690' title='bbox 2650 4651 2941 4715; x_wconf 74' lang='grc' dir='ltr'>πετεινοῖς,</span> <span class='ocrx_word' id='word_1_691' title='bbox 3002 4645 3075 4706; x_wconf 88' lang='grc' dir='ltr'>ὡς</span> <span class='ocrx_word' id='word_1_692' title='bbox 3109 4646 3290 4713; x_wconf 77' lang='grc' dir='ltr'>οἶμαι,</span> <span class='ocrx_word' id='word_1_693' title='bbox 3339 4644 3528 4698; x_wconf 68' lang='grc' dir='ltr'>τοῦτον</span> <span class='ocrx_word' id='word_1_694' title='bbox 3576 4638 3798 4700; x_wconf 77' lang='grc' dir='ltr'>ἐκδώσω,</span> 
     </span>
    </p>
   </div>
   <div class='ocr_carea' id='block_1_97' title="bbox 405 4729 2055 4803">
    <p class='ocr_par' dir='ltr' id='par_1_97' title="bbox 405 4729 2055 4803">
     <span class='ocr_line' id='line_1_97' title="bbox 405 4729 2055 4803; baseline -0.004 -15"><span class='ocrx_word' id='word_1_695' title='bbox 405 4739 463 4788; x_wconf 90' lang='lat' dir='ltr'>et</span> <span class='ocrx_word' id='word_1_696' title='bbox 486 4734 757 4789; x_wconf 89' lang='lat' dir='ltr'>doctrina</span> <span class='ocrx_word' id='word_1_697' title='bbox 776 4731 1091 4803; x_wconf 78' lang='lat' dir='ltr'>praeditum</span> <span class='ocrx_word' id='word_1_698' title='bbox 1125 4729 1314 4783; x_wconf 87' lang='lat' dir='ltr'>virum</span> <span class='ocrx_word' id='word_1_699' title='bbox 1349 4735 1557 4782; x_wconf 87' lang='lat' dir='ltr'>nactus</span> <span class='ocrx_word' id='word_1_700' title='bbox 1589 4729 1774 4793; x_wconf 86' lang='lat' dir='ltr'>fuero,</span> <span class='ocrx_word' id='word_1_701' title='bbox 1801 4745 1866 4782; x_wconf 92' lang='lat' dir='ltr'>ac</span> <span class='ocrx_word' id='word_1_702' title='bbox 1900 4729 2055 4782; x_wconf 88' lang='lat' dir='ltr'>salu-</span> 
     </span>
    </p>
   </div>
   <div class='ocr_carea' id='block_1_98' title="bbox 404 4817 2057 4887">
    <p class='ocr_par' dir='ltr' id='par_1_98' title="bbox 404 4817 2057 4887">
     <span class='ocr_line' id='line_1_98' title="bbox 404 4817 2057 4887; baseline -0.003 -11"><span class='ocrx_word' id='word_1_703' title='bbox 404 4827 590 4878; x_wconf 90' lang='lat' dir='ltr'>tarem</span> <span class='ocrx_word' id='word_1_704' title='bbox 627 4837 963 4876; x_wconf 90' lang='lat' dir='ltr'>sermonem</span> <span class='ocrx_word' id='word_1_705' title='bbox 979 4819 1362 4884; x_wconf 86' lang='lat' dir='ltr'>audiero,nec</span> <span class='ocrx_word' id='word_1_706' title='bbox 1381 4818 1677 4882; x_wconf 88' lang='lat' dir='ltr'>avibus,ut</span> <span class='ocrx_word' id='word_1_707' title='bbox 1707 4817 2057 4887; x_wconf 87' lang='lat' dir='ltr'>opinor,nec</span> 
     </span>
    </p>
   </div>
   <div class='ocr_carea' id='block_1_99' title="bbox 328 4905 2057 4977">
    <p class='ocr_par' dir='ltr' id='par_1_99' title="bbox 328 4905 2057 4977">
     <span class='ocr_line' id='line_1_99' title="bbox 328 4905 2057 4977; baseline -0.002 -16"><span class='ocrx_word' id='word_1_708' title='bbox 328 4958 329 4961; x_wconf 44' lang='grc' dir='ltr'>η</span> <span class='ocrx_word' id='word_1_709' title='bbox 405 4910 546 4967; x_wconf 86' lang='lat' dir='ltr'>feris</span> <span class='ocrx_word' id='word_1_710' title='bbox 579 4930 714 4968; x_wconf 90' lang='lat' dir='ltr'>eum</span> <span class='ocrx_word' id='word_1_711' title='bbox 735 4911 960 4966; x_wconf 87' lang='lat' dir='ltr'>tradam</span> <span class='ocrx_word' id='word_1_712' title='bbox 990 4928 1001 4976; x_wconf 91' lang='lat'><strong>;</strong></span> <span class='ocrx_word' id='word_1_713' title='bbox 1029 4925 1138 4963; x_wconf 91' lang='lat' dir='ltr'>nec</span> <span class='ocrx_word' id='word_1_714' title='bbox 1162 4923 1396 4962; x_wconf 90' lang='lat' dir='ltr'>rursum</span> <span class='ocrx_word' id='word_1_715' title='bbox 1423 4913 1694 4977; x_wconf 88' lang='lat' dir='ltr'>petrosus</span> <span class='ocrx_word' id='word_1_716' title='bbox 1717 4912 1774 4960; x_wconf 92' lang='lat' dir='ltr'>et</span> <span class='ocrx_word' id='word_1_717' title='bbox 1796 4905 2057 4976; x_wconf 87' lang='lat' dir='ltr'>spineus,</span> 
     </span>
    </p>
   </div>
   <div class='ocr_carea' id='block_1_100' title="bbox 406 4994 2060 5068">
    <p class='ocr_par' dir='ltr' id='par_1_100' title="bbox 406 4994 2060 5068">
     <span class='ocr_line' id='line_1_100' title="bbox 406 4994 2060 5068; baseline -0.002 -15"><span class='ocrx_word' id='word_1_718' title='bbox 406 5006 472 5055; x_wconf 89' lang='lat' dir='ltr'>ut</span> <span class='ocrx_word' id='word_1_719' title='bbox 495 5003 610 5057; x_wconf 89' lang='lat' dir='ltr'>tuis</span> <span class='ocrx_word' id='word_1_720' title='bbox 637 5001 830 5056; x_wconf 89' lang='lat' dir='ltr'>verbis</span> <span class='ocrx_word' id='word_1_721' title='bbox 854 5007 1007 5068; x_wconf 89' lang='lat' dir='ltr'>utar,</span> <span class='ocrx_word' id='word_1_722' title='bbox 1043 5014 1164 5053; x_wconf 89' lang='lat' dir='ltr'>ero.</span> <span class='ocrx_word' id='word_1_723' title='bbox 1197 4997 1350 5062; x_wconf 89' lang='lat' dir='ltr'>Quin</span> <span class='ocrx_word' id='word_1_724' title='bbox 1382 4995 1578 5066; x_wconf 86' lang='lat' dir='ltr'>potius</span> <span class='ocrx_word' id='word_1_725' title='bbox 1611 5000 1668 5048; x_wconf 90' lang='lat' dir='ltr'>et</span> <span class='ocrx_word' id='word_1_726' title='bbox 1710 4994 1961 5049; x_wconf 91' lang='lat' dir='ltr'>candido</span> <span class='ocrx_word' id='word_1_727' title='bbox 1993 5011 2060 5049; x_wconf 88' lang='lat' dir='ltr'>ac</span> 
     </span>
    </p>
   </div>
   <div class='ocr_carea' id='block_1_101' title="bbox 411 5083 2064 5160">
    <p class='ocr_par' dir='ltr' id='par_1_101' title="bbox 411 5083 2064 5160">
     <span class='ocr_line' id='line_1_101' title="bbox 411 5083 2064 5160; baseline -0.003 -17"><span class='ocrx_word' id='word_1_728' title='bbox 411 5090 639 5148; x_wconf 88' lang='lat' dir='ltr'>sincero</span> <span class='ocrx_word' id='word_1_729' title='bbox 661 5091 860 5149; x_wconf 89' lang='lat' dir='ltr'>animo</span> <span class='ocrx_word' id='word_1_730' title='bbox 877 5107 1012 5148; x_wconf 88' lang='lat' dir='ltr'>eum</span> <span class='ocrx_word' id='word_1_731' title='bbox 1028 5087 1405 5160; x_wconf 82' lang='lat' dir='ltr'>excipiam,et</span> <span class='ocrx_word' id='word_1_732' title='bbox 1421 5083 1650 5142; x_wconf 90' lang='lat' dir='ltr'>erudite</span> <span class='ocrx_word' id='word_1_733' title='bbox 1664 5101 1730 5139; x_wconf 88' lang='lat' dir='ltr'>ac</span> <span class='ocrx_word' id='word_1_734' title='bbox 1745 5083 2064 5157; x_wconf 86' lang='lat' dir='ltr'>diligenter</span> 
     </span>
    </p>
   </div>
   <div class='ocr_carea' id='block_1_102' title="bbox 2169 4727 3801 4808">
    <p class='ocr_par' dir='ltr' id='par_1_102' title="bbox 2169 4727 3801 4808">
     <span class='ocr_line' id='line_1_102' title="bbox 2169 4727 3801 4808; baseline -0.005 -18"><span class='ocrx_word' id='word_1_735' title='bbox 2169 4736 2290 4790; x_wconf 69' lang='grc' dir='ltr'>οῧτε</span> <span class='ocrx_word' id='word_1_736' title='bbox 2333 4734 2572 4808; x_wconf 78' lang='grc' dir='ltr'>θηρίοις,</span> <span class='ocrx_word' id='word_1_737' title='bbox 2635 4735 2757 4790; x_wconf 73' lang='grc' dir='ltr'>οὕτε</span> <span class='ocrx_word' id='word_1_738' title='bbox 2815 4735 2921 4807; x_wconf 70' lang='grc' dir='ltr'>μήν</span> <span class='ocrx_word' id='word_1_739' title='bbox 2981 4731 3268 4807; x_wconf 74' lang='grc' dir='ltr'>πετρώδης</span> <span class='ocrx_word' id='word_1_740' title='bbox 3327 4734 3661 4806; x_wconf 57' lang='grc' dir='ltr'>φανήσομαι,</span> <span class='ocrx_word' id='word_1_741' title='bbox 3740 4727 3801 4783; x_wconf 76' lang='grc' dir='ltr'>ὡς</span> 
     </span>
    </p>
   </div>
   <div class='ocr_carea' id='block_1_103' title="bbox 2168 4815 3800 4902">
    <p class='ocr_par' dir='ltr' id='par_1_103' title="bbox 2168 4815 3800 4902">
     <span class='ocr_line' id='line_1_103' title="bbox 2168 4815 3800 4902; baseline -0.013 -13"><span class='ocrx_word' id='word_1_742' title='bbox 2168 4821 2322 4902; x_wconf 62' lang='grc' dir='ltr'>ἔφης,</span> <span class='ocrx_word' id='word_1_743' title='bbox 2356 4825 2477 4879; x_wconf 71' lang='grc' dir='ltr'>οῧτε</span> <span class='ocrx_word' id='word_1_744' title='bbox 2517 4824 2862 4893; x_wconf 76' lang='grc' dir='ltr'>ἀκανθώδης,</span> <span class='ocrx_word' id='word_1_745' title='bbox 2914 4823 3060 4878; x_wconf 79' lang='grc' dir='ltr'>ἀλλᾶ</span> <span class='ocrx_word' id='word_1_746' title='bbox 3110 4822 3201 4876; x_wconf 80' lang='lat' dir='ltr'>xui</span> <span class='ocrx_word' id='word_1_747' title='bbox 3261 4821 3625 4896; x_wconf 76' lang='grc' dir='ltr'>εὐγνωμόνως</span> <span class='ocrx_word' id='word_1_748' title='bbox 3664 4815 3800 4886; x_wconf 76' lang='grc' dir='ltr'>δέξο-</span> 
     </span>
    </p>
   </div>
   <div class='ocr_carea' id='block_1_104' title="bbox 2174 4903 3798 4981">
    <p class='ocr_par' dir='ltr' id='par_1_104' title="bbox 2174 4903 3798 4981">
     <span class='ocr_line' id='line_1_104' title="bbox 2174 4903 3798 4981; baseline -0.007 -20"><span class='ocrx_word' id='word_1_749' title='bbox 2174 4928 2271 4980; x_wconf 80' lang='grc' dir='ltr'>μαι</span> <span class='ocrx_word' id='word_1_750' title='bbox 2300 4907 2390 4962; x_wconf 78' lang='grc' dir='ltr'>καὶ</span> <span class='ocrx_word' id='word_1_751' title='bbox 2425 4905 2735 4980; x_wconf 78' lang='grc' dir='ltr'>εἷδημόνως</span> <span class='ocrx_word' id='word_1_752' title='bbox 2792 4907 3038 4981; x_wconf 77' lang='grc' dir='ltr'>τηρήσω.</span> <span class='ocrx_word' id='word_1_753' title='bbox 3099 4904 3174 4958; x_wconf 72' lang='grc' dir='ltr'>Σὺ</span> <span class='ocrx_word' id='word_1_754' title='bbox 3234 4903 3312 4975; x_wconf 71' lang='grc' dir='ltr'>δὲ,</span> <span class='ocrx_word' id='word_1_755' title='bbox 3374 4903 3427 4958; x_wconf 75' lang='grc' dir='ltr'>εἷ’</span> <span class='ocrx_word' id='word_1_756' title='bbox 3470 4924 3521 4956; x_wconf 85' lang='grc' dir='ltr'>τι</span> <span class='ocrx_word' id='word_1_757' title='bbox 3573 4904 3798 4955; x_wconf 73' lang='grc' dir='ltr'>τοιοῦτον</span> 
     </span>
    </p>
   </div>
   <div class='ocr_carea' id='block_1_105' title="bbox 2172 4986 3801 5070">
    <p class='ocr_par' dir='ltr' id='par_1_105' title="bbox 2172 4986 3801 5070">
     <span class='ocr_line' id='line_1_105' title="bbox 2172 4986 3801 5070; baseline -0.006 -21"><span class='ocrx_word' id='word_1_758' title='bbox 2172 4995 2474 5066; x_wconf 86' lang='grc' dir='ltr'>ἐπίστασαι,</span> <span class='ocrx_word' id='word_1_759' title='bbox 2513 4997 2588 5069; x_wconf 78' lang='grc' dir='ltr'>μὴ</span> <span class='ocrx_word' id='word_1_760' title='bbox 2622 4993 2925 5070; x_wconf 65' lang='grc' dir='ltr'>διακρῦψῃς</span> <span class='ocrx_word' id='word_1_761' title='bbox 2987 4990 3078 5049; x_wconf 70' lang='grc' dir='ltr'>ἀπ’</span> <span class='ocrx_word' id='word_1_762' title='bbox 3131 4993 3290 5066; x_wconf 77' lang='grc' dir='ltr'>ἐμοῦ,</span> <span class='ocrx_word' id='word_1_763' title='bbox 3325 4992 3452 5048; x_wconf 81' lang='grc' dir='ltr'>ἀλλ’</span> <span class='ocrx_word' id='word_1_764' title='bbox 3502 4986 3801 5064; x_wconf 81' lang='grc' dir='ltr'>ἀνάγγει).όν</span> 
     </span>
    </p>
   </div>
   <div class='ocr_carea' id='block_1_106' title="bbox 2175 5082 3800 5164">
    <p class='ocr_par' dir='ltr' id='par_1_106' title="bbox 2175 5082 3800 5164">
     <span class='ocr_line' id='line_1_106' title="bbox 2175 5082 3800 5164; baseline -0.003 -24"><span class='ocrx_word' id='word_1_765' title='bbox 2175 5106 2290 5158; x_wconf 85' lang='grc' dir='ltr'>μοι.</span> <span class='ocrx_word' id='word_1_766' title='bbox 2324 5087 2413 5148; x_wconf 78' lang='grc' dir='ltr'>Ὡς</span> <span class='ocrx_word' id='word_1_767' title='bbox 2441 5087 2543 5164; x_wconf 72' lang='grc' dir='ltr'>γὰρ</span> <span class='ocrx_word' id='word_1_768' title='bbox 2601 5086 2808 5156; x_wconf 66' lang='grc' dir='ltr'>ἤκουσα</span> <span class='ocrx_word' id='word_1_769' title='bbox 2865 5085 2924 5139; x_wconf 81' lang='grc' dir='ltr'>ἐκ</span> <span class='ocrx_word' id='word_1_770' title='bbox 2985 5090 3195 5158; x_wconf 82' lang='grc' dir='ltr'>μακρᾶς</span> <span class='ocrx_word' id='word_1_771' title='bbox 3257 5083 3535 5161; x_wconf 56' lang='grc' dir='ltr'>ἀρικέσθαι</span> <span class='ocrx_word' id='word_1_772' title='bbox 3586 5100 3642 5133; x_wconf 88' lang='grc' dir='ltr'>σε</span> <span class='ocrx_word' id='word_1_773' title='bbox 3687 5082 3800 5150; x_wconf 76' lang='grc' dir='ltr'>γῆς,</span> 
     </span>
    </p>
   </div>
   <div class='ocr_carea' id='block_1_107' title="bbox 485 5297 3795 5375">
    <p class='ocr_par' dir='ltr' id='par_1_107' title="bbox 485 5297 3795 5375">
     <span class='ocr_line' id='line_1_107' title="bbox 485 5297 3795 5375; baseline -0.002 -20"><span class='ocrx_word' id='word_1_774' title='bbox 485 5300 594 5375; x_wconf 73' lang='grc' dir='ltr'>(82ὶ</span> <span class='ocrx_word' id='word_1_775' title='bbox 617 5302 858 5375; x_wconf 75' lang='grc' dir='ltr'>Εἰρήνην</span> <span class='ocrx_word' id='word_1_776' title='bbox 892 5303 1077 5359; x_wconf 77' lang='grc' dir='ltr'>δοῦναι</span> <span class='ocrx_word' id='word_1_777' title='bbox 1101 5302 1359 5361; x_wconf 84' lang='lat' dir='ltr'>formula</span> <span class='ocrx_word' id='word_1_778' title='bbox 1379 5307 1468 5358; x_wconf 90' lang='lat' dir='ltr'>est</span> <span class='ocrx_word' id='word_1_779' title='bbox 1496 5299 1791 5356; x_wconf 86' lang='lat' dir='ltr'>salutandi</span> <span class='ocrx_word' id='word_1_780' title='bbox 1815 5299 2144 5358; x_wconf 88' lang='lat' dir='ltr'>orientalis.</span> <span class='ocrx_word' id='word_1_781' title='bbox 2185 5301 2312 5358; x_wconf 81' lang='lat' dir='ltr'>Vid.</span> <span class='ocrx_word' id='word_1_782' title='bbox 2346 5301 2594 5375; x_wconf 84' lang='lat' dir='ltr'>Raphel.</span> <span class='ocrx_word' id='word_1_783' title='bbox 2647 5301 2721 5360; x_wconf 89' lang='lat' dir='ltr'>ad</span> <span class='ocrx_word' id='word_1_784' title='bbox 2777 5305 2943 5358; x_wconf 86' lang='lat' dir='ltr'>Joan.</span> <span class='ocrx_word' id='word_1_785' title='bbox 2977 5317 3093 5369; x_wconf 72' lang='lat' dir='ltr'>xxv,</span> <span class='ocrx_word' id='word_1_786' title='bbox 3125 5303 3215 5370; x_wconf 79' lang='lat'>27,</span> <span class='ocrx_word' id='word_1_787' title='bbox 3275 5299 3378 5356; x_wconf 88' lang='lat' dir='ltr'>ubi</span> <span class='ocrx_word' id='word_1_788' title='bbox 3416 5299 3652 5365; x_wconf 82' lang='lat' dir='ltr'>frustra,</span> <span class='ocrx_word' id='word_1_789' title='bbox 3673 5297 3795 5366; x_wconf 73' lang='lat' dir='ltr'>puto</span> 
     </span>
    </p>
   </div>
   <div class='ocr_carea' id='block_1_108' title="bbox 411 5371 1079 5433">
    <p class='ocr_par' dir='ltr' id='par_1_108' title="bbox 411 5371 1079 5433">
     <span class='ocr_line' id='line_1_108' title="bbox 411 5371 1079 5433; baseline 0.01 -8"><span class='ocrx_word' id='word_1_790' title='bbox 411 5371 608 5428; x_wconf 87' lang='lat' dir='ltr'>Grotio</span> <span class='ocrx_word' id='word_1_791' title='bbox 632 5371 1079 5433; x_wconf 85' lang='lat' dir='ltr'>contradicitur.</span> 
     </span>
    </p>
   </div>
   <div class='ocr_carea' id='block_1_109' title="bbox 477 5444 2244 5518">
    <p class='ocr_par' dir='ltr' id='par_1_109' title="bbox 477 5444 2244 5518">
     <span class='ocr_line' id='line_1_109' title="bbox 477 5444 2244 5518; baseline -0.001 -18"><span class='ocrx_word' id='word_1_792' title='bbox 477 5444 582 5518; x_wconf 69' lang='lat'>(83)</span> <span class='ocrx_word' id='word_1_793' title='bbox 608 5446 872 5502; x_wconf 85' lang='lat' dir='ltr'>Christus</span> <span class='ocrx_word' id='word_1_794' title='bbox 905 5449 1062 5518; x_wconf 84' lang='lat' dir='ltr'>apud</span> <span class='ocrx_word' id='word_1_795' title='bbox 1094 5449 1433 5504; x_wconf 69' lang='lat' dir='ltr'>Matthmum</span> <span class='ocrx_word' id='word_1_796' title='bbox 1472 5461 1606 5518; x_wconf 20' lang='lat' dir='ltr'>x1117;</span> <span class='ocrx_word' id='word_1_797' title='bbox 1643 5444 1776 5501; x_wconf 88' lang='lat' dir='ltr'>Luc.</span> <span class='ocrx_word' id='word_1_798' title='bbox 1804 5461 1895 5499; x_wconf 85' lang='lat' dir='ltr'>vm</span> <span class='ocrx_word' id='word_1_799' title='bbox 1920 5446 2136 5518; x_wconf 10' lang='lat' dir='ltr'>;7Mars.</span> <span class='ocrx_word' id='word_1_800' title='bbox 2163 5461 2244 5518; x_wconf 61' lang='lat' dir='ltr'>iv.</span> 
     </span>
    </p>
   </div>
   <div class='ocr_carea' id='block_1_110' title="bbox 477 5502 2058 5608">
    <p class='ocr_par' dir='ltr' id='par_1_110' title="bbox 477 5502 2058 5608">
     <span class='ocr_line' id='line_1_110' title="bbox 477 5502 2058 5608; baseline 0.003 -40"><span class='ocrx_word' id='word_1_801' title='bbox 477 5502 588 5604; x_wconf 48' lang='grc' dir='ltr'>(ὃς)</span> <span class='ocrx_word' id='word_1_802' title='bbox 623 5518 766 5608; x_wconf 41' lang='lat' dir='ltr'>ricta</span> <span class='ocrx_word' id='word_1_803' title='bbox 788 5502 1001 5608; x_wconf 52' lang='lat' dir='ltr'>Christi</span> <span class='ocrx_word' id='word_1_804' title='bbox 1035 5502 1209 5603; x_wconf 52' lang='lat' dir='ltr'>verba</span> <span class='ocrx_word' id='word_1_805' title='bbox 1239 5519 1393 5608; x_wconf 82' lang='lat' dir='ltr'>apud</span> <span class='ocrx_word' id='word_1_806' title='bbox 1429 5502 1768 5572; x_wconf 69' lang='lat' dir='ltr'>Mattlizeum</span> <span class='ocrx_word' id='word_1_807' title='bbox 1800 5534 1897 5581; x_wconf 83' lang='lat' dir='ltr'>vn,</span> <span class='ocrx_word' id='word_1_808' title='bbox 1921 5502 1962 5570; x_wconf 64' lang='grc'>’6</span> <span class='ocrx_word' id='word_1_809' title='bbox 1997 5517 2058 5572; x_wconf 70' lang='lat' dir='ltr'>:lt</span> 
     </span>
    </p>
   </div>
   <div class='ocr_carea' id='block_1_111' title="bbox 2180 5502 3788 5608">
    <p class='ocr_par' dir='ltr' id='par_1_111' title="bbox 2180 5502 3788 5592">
     <span class='ocr_line' id='line_1_111' title="bbox 2180 5502 3788 5592; baseline -0.005 -23"><span class='ocrx_word' id='word_1_810' title='bbox 2180 5518 2299 5570; x_wconf 75' lang='grc' dir='ltr'>ἱῶτε</span> <span class='ocrx_word' id='word_1_811' title='bbox 2326 5516 2390 5572; x_wconf 88' lang='grc' dir='ltr'>τὸ</span> <span class='ocrx_word' id='word_1_812' title='bbox 2424 5517 2579 5592; x_wconf 79' lang='grc' dir='ltr'>ἅγιον</span> <span class='ocrx_word' id='word_1_813' title='bbox 2608 5522 2725 5579; x_wconf 82' lang='grc' dir='ltr'>τοῖς</span> <span class='ocrx_word' id='word_1_814' title='bbox 2755 5516 2904 5588; x_wconf 72' lang='grc' dir='ltr'>κυσὶ,</span> <span class='ocrx_word' id='word_1_815' title='bbox 2943 5512 3083 5589; x_wconf 79' lang='grc' dir='ltr'>μηδέ</span> <span class='ocrx_word' id='word_1_816' title='bbox 3143 5515 3352 5591; x_wconf 72' lang='grc' dir='ltr'>βάλητε</span> <span class='ocrx_word' id='word_1_817' title='bbox 3382 5511 3506 5572; x_wconf 65' lang='grc' dir='ltr'>τοὺς</span> <span class='ocrx_word' id='word_1_818' title='bbox 3543 5502 3788 5584; x_wconf 67' lang='grc' dir='ltr'>μαργαρῖ·</span> 
     </span>
    </p>
   </div>
   <div class='ocr_carea' id='block_1_112' title="bbox 404 5583 1430 5663">
    <p class='ocr_par' dir='ltr' id='par_1_112' title="bbox 404 5583 1430 5663">
     <span class='ocr_line' id='line_1_112' title="bbox 404 5583 1430 5663; baseline 0.001 -23"><span class='ocrx_word' id='word_1_819' title='bbox 404 5605 500 5648; x_wconf 71' lang='grc' dir='ltr'>τας</span> <span class='ocrx_word' id='word_1_820' title='bbox 535 5585 688 5656; x_wconf 78' lang='grc' dir='ltr'>ὑμῶν</span> <span class='ocrx_word' id='word_1_821' title='bbox 721 5583 1022 5658; x_wconf 80' lang='grc' dir='ltr'>ἔμπροσθεν</span> <span class='ocrx_word' id='word_1_822' title='bbox 1055 5593 1162 5641; x_wconf 81' lang='grc' dir='ltr'>τῶν</span> <span class='ocrx_word' id='word_1_823' title='bbox 1196 5583 1430 5663; x_wconf 77' lang='grc' dir='ltr'>χοίρων.</span> 
     </span>
    </p>
   </div>
   <div class='ocr_carea' id='block_1_113' title="bbox 477 5655 2058 5742">
    <p class='ocr_par' dir='ltr' id='par_1_113' title="bbox 477 5655 2058 5742">
     <span class='ocr_line' id='line_1_113' title="bbox 477 5655 2058 5742; baseline -0.001 -28"><span class='ocrx_word' id='word_1_824' title='bbox 626 5655 864 5742; x_wconf 45' lang='lat' dir='ltr'>Lemma</span> <span class='ocrx_word' id='word_1_825' title='bbox 894 5655 1305 5742; x_wconf 58' lang='lat' dir='ltr'>metricum&#39;in&#39;</span> <span class='ocrx_word' id='word_1_826' title='bbox 1329 5665 1376 5716; x_wconf 83' lang='lat' dir='ltr'><strong>A</strong></span> <span class='ocrx_word' id='word_1_827' title='bbox 1407 5656 1764 5742; x_wconf 56' lang='grc' dir='ltr'>εηρὸῥρησις</span> <span class='ocrx_word' id='word_1_828' title='bbox 1786 5655 1891 5742; x_wconf 70' lang='grc' dir='ltr'>ὧδε</span> <span class='ocrx_word' id='word_1_829' title='bbox 1914 5657 2058 5728; x_wconf 85' lang='grc' dir='ltr'>Βαρλ</span> 
     </span>
    </p>
   </div>
   <div class='ocr_carea' id='block_1_114' title="bbox 2180 5655 2594 5742">
    <p class='ocr_par' dir='ltr' id='par_1_114' title="bbox 2180 5658 2594 5742">
     <span class='ocr_line' id='line_1_114' title="bbox 2180 5658 2594 5742; baseline 0.012 -29"><span class='ocrx_word' id='word_1_830' title='bbox 2180 5661 2386 5742; x_wconf 38' lang='grc' dir='ltr'>ὲσ-οιιρὴς</span> <span class='ocrx_word' id='word_1_831' title='bbox 2419 5658 2594 5718; x_wconf 83' lang='grc' dir='ltr'>πέλει.</span> 
     </span>
    </p>
   </div>
   <div class='ocr_carea' id='block_1_115' title="bbox 482 5729 2058 5812">
    <p class='ocr_par' dir='ltr' id='par_1_115' title="bbox 482 5729 2058 5812">
     <span class='ocr_line' id='line_1_115' title="bbox 482 5729 2058 5812; baseline -0.003 -22"><span class='ocrx_word' id='word_1_832' title='bbox 482 5729 597 5812; x_wconf 80' lang='grc'>(86)</span> <span class='ocrx_word' id='word_1_833' title='bbox 628 5733 868 5792; x_wconf 84' lang='lat' dir='ltr'>Lemma</span> <span class='ocrx_word' id='word_1_834' title='bbox 895 5729 1210 5791; x_wconf 84' lang='lat' dir='ltr'>metricum</span> <span class='ocrx_word' id='word_1_835' title='bbox 1237 5733 1297 5788; x_wconf 90' lang='lat' dir='ltr'>in</span> <span class='ocrx_word' id='word_1_836' title='bbox 1323 5735 1370 5788; x_wconf 85' lang='lat' dir='ltr'><strong>A</strong></span> <span class='ocrx_word' id='word_1_837' title='bbox 1396 5747 1410 5786; x_wconf 92' lang='lat'><strong>:</strong></span> <span class='ocrx_word' id='word_1_838' title='bbox 1444 5729 1620 5803; x_wconf 74' lang='grc' dir='ltr'>Ἀρχὴ</span> <span class='ocrx_word' id='word_1_839' title='bbox 1654 5729 1832 5808; x_wconf 86' lang='grc' dir='ltr'>λόγων</span> <span class='ocrx_word' id='word_1_840' title='bbox 1866 5729 2058 5786; x_wconf 64' lang='grc' dir='ltr'>ἐνταῦθι</span> 
     </span>
    </p>
   </div>
   <div class='ocr_carea' id='block_1_116' title="bbox 2180 5729 2494 5812">
    <p class='ocr_par' dir='ltr' id='par_1_116' title="bbox 2180 5729 2494 5812">
     <span class='ocr_line' id='line_1_116' title="bbox 2180 5729 2494 5812; baseline 0.01 -25"><span class='ocrx_word' id='word_1_841' title='bbox 2180 5736 2204 5786; x_wconf 80' lang='grc' dir='ltr'><strong>ὗ</strong></span> <span class='ocrx_word' id='word_1_842' title='bbox 2239 5729 2494 5812; x_wconf 75' lang='grc' dir='ltr'>ἰὼάσαφ.</span> 
     </span>
    </p>
   </div>
  </div>
