4000 6202
185 373 288 430 901

1369 380 1541 433 VITA
1578 378 1931 434 BABLAAM
1965 380 2061 434 ET
2097 379 2445 434 JOASAPH.

3501 383 3610 440 902

185 499 334 571 ἥσθη
371 521 478 574 μου
510 502 544 571 ἡ
571 501 748 574 ψυχὴ,
805 499 896 557 καὶ
956 499 1176 565 εὔελπις
1225 498 1472 578 έγενόμεν
1509 499 1598 557 διὰ
1626 505 1723 557 σοῦ
1752 505 1843 557 τοῦ

1963 505 2348 561 conservabo.
2377 507 2460 561 Tu
2490 521 2624 562 vero
2677 504 2725 562 si
2775 504 2909 578 quis
2959 504 3254 577 ejusmodi
3303 508 3479 577 nosti,
3529 528 3603 567 ne

190 592 538 663 ποθουμὲνυυ
593 589 912 666 ἐπιτυχεῖν.
975 592 1073 647 Διὰ
1126 595 1287 647 τοῦτο
1345 593 1434 647 καὶ
1495 596 1683 656 θᾶττον
1735 590 1848 646 εἷσ-

191 681 406 756 ἡγαγόν
439 701 498 736 σε
525 681 663 752 πρός
706 701 772 753 με
820 681 909 736 καὶ
967 687 1287 756 προστηνῶς
1333 680 1617 755 ἐδεξάμην,
1669 680 1852 756 ὥσπερ

189 772 313 825 τινὰ
342 775 452 824 τῶν
503 773 753 840 συνήθων
813 793 903 844 μοι
957 771 1046 827 καὶ
1079 771 1420 844 ἡλικιωτῶν,
1454 770 1603 846 εἷ’περ
1637 769 1698 826 οὐ
1721 774 1853 844 ψευ-

191 864 470 934 σθῆσομαι
501 869 602 931 τῆς
637 860 881 925 ἐλπίδος.
925 864 1030 918 Καὶ
1090 865 1118 918 6
1172 867 1442 940 Βαρλααμ
1497 861 1620 933 ἔφη’
1657 860 1854 924 Καλῶς

190 951 462 1021 ἐποίησας
511 957 673 1007 τοῦτο
731 952 819 1007 καὶ
880 958 972 1009 ΔΙ
1039 953 1198 1027 ἀξίως
1253 961 1352 1024 τῆς
1410 961 1509 1024 σῆς
1562 951 1853 1028 βασιλικῆς

189 1041 677 1117 μεγαλοπρεπείας
714 1085 730 1110 ,
788 1043 870 1097 δτι
933 1044 1010 1116 μὴ
1078 1047 1147 1118 τῇ
1205 1044 1502 1120 φαινομένῃ
1549 1042 1851 1118 προσέσχες

182 1131 460 1201 εὐτέλείᾳ,
496 1129 642 1186 ἀλλὰ
671 1138 772 1200 τῆς
801 1131 1184 1208 κεκρυμμένης
1213 1132 1393 1210 ἒγένου
1426 1131 1676 1195 ἐλπίδος.

1959 612 2158 666 quaeso
2173 596 2232 650 id
2247 597 2517 664 reticeas,
2540 613 2740 651 verum
2755 596 2899 652 mihi
2916 613 3142 652 narres.
3161 597 3606 668 Quamprimum

1965 686 2124 740 enim
2156 703 2185 740 ο
2216 686 2541 758 longinqua
2571 688 2808 759 regione
2840 693 2895 740 te
2927 687 3155 741 venisse
3183 685 3396 752 audivi,
3422 687 3606 743 animi

1962 775 2258 847 voluptate
2289 777 2535 832 affectus
2567 795 2718 843 sum,
2749 783 2925 848 atque
2957 778 3016 831 in
3039 778 3256 832 bonam
3289 795 3453 850 spem
3475 781 3605 834 veni

1962 864 2087 919 fore
2114 869 2180 919 ut
2210 882 2389 937 opera
2421 871 2519 920 tua
2550 866 2608 920 id
2641 866 2797 936 quod
2829 867 3139 938 cupiebam
3185 884 3604 939 consequerer.

1963 954 2162 1024 quue
2191 954 2430 1008 nomine
2465 955 2661 1008 statim
2689 959 2740 1008 te
2773 954 2845 1008 ad
2878 972 2970 1009 me
3001 955 3607 1019 introduxi,comiter-

1964 1059 2077 1114 que
2101 1048 2380 1114 tanquam
2403 1045 2784 1099 familiarium
2807 1061 3076 1100 meorum
3095 1047 3484 1117 etmqualium
3507 1048 3611 1103 ali-

1962 1149 2140 1203 quem
2164 1135 2386 1205 excepi.
2415 1137 2606 1205 Atque
2629 1136 2856 1189 utinam
2873 1152 2974 1205 spe
2997 1152 3127 1190 mea
3145 1136 3389 1192 minime
3411 1137 3603 1192 fallar!

180 1224 351 1278 Dixit
382 1229 588 1278 autem
621 1223 887 1278 Barlaam
921 1241 932 1279 :
968 1225 1277 1292 Praeclare,
1311 1231 1487 1296 atque
1513 1230 1580 1280 ut
1609 1224 1769 1296 regia
1799 1222 2243 1294 magniﬁcentia
2286 1224 2529 1296 dignum
2587 1230 2731 1292 erat,
2793 1225 2904 1279 hoc
2961 1225 3175 1292 fecisti,
3235 1231 3302 1280 ut
3351 1243 3472 1281 non
3531 1226 3606 1282 ad

179 1320 458 1368 externae
492 1313 736 1368 vilitatis
763 1315 1023 1385 speciem
1055 1316 1320 1370 animum
1353 1316 1663 1387 adjiceres,
1697 1328 1900 1367 verum
1930 1312 2216 1368 abstrusas
2248 1315 2372 1384 spei
2405 1315 2661 1385 teipsum
2693 1314 2979 1370 traderes.

247 1406 357 1456 Ἢν
387 1401 494 1474 γὰρ
529 1404 638 1473 (87}
669 1422 751 1463 τις
807 1399 1063 1476 βασιλεὺς
1121 1404 1288 1478 μέγας
1339 1404 1425 1458 καὶ
1477 1398 1710 1474 ἔνδοξος,
1755 1404 1843 1458 καὶ

174 1489 430 1564 ἐγένετο,
467 1486 830 1564 διερχομένου
859 1488 1022 1545 αὐτοῦ
1052 1489 1144 1563 ἐφ’
1175 1493 1416 1566 ἅρματος
1453 1490 1848 1566 χρυσοκολλή-

167 1599 274 1632 του
340 1577 435 1632 καὶ
483 1585 585 1647 τῆς
647 1581 758 1650 (88)
822 1578 1040 1655 βασιλεῖ
1094 1580 1414 1656 πρεπούσης
1471 1579 1845 1659 δορυφορίας,

171 1669 494 1737 ὑπαντῆσαι
528 1665 624 1723 δύο
682 1664 905 1744 ἄνδρας,
965 1667 1320 1746 διερῥωγώτα
1381 1673 1474 1746 μὶν
1533 1673 1843 1750 ἠμφιεσμέ-

181 1777 324 1819 νους
356 1755 450 1811 καὶ
495 1755 854 1832 ῥερυπωμένα
887 1760 1018 1830 (89),
1053 1756 1406 1828 έκτετηκότας
1457 1756 1514 1814 δὲ
1563 1761 1632 1814 τὰ
1678 1760 1846 1833 πρόσ-

185 1867 317 1902 ωπα
373 1845 468 1901 καὶ
530 1845 652 1900 λίαν
712 1845 1213 1922 κατωχριωμένους
1247 1867 1258 1880 ·
1320 1847 1387 1916 ἦν
1450 1846 1506 1903 δὶ
1562 1848 1845 1922 γινώσκων

187 1938 423 1999 τούτους
454 1939 483 1992 6
519 1937 773 2012 βασιλεὺς
819 1942 900 2010 τῷ
944 1938 1292 2010 ὑπωπιασμῷ
1321 1943 1418 1994 τοῦ
1475 1939 1727 2012 σώματος
1757 1939 1846 1994 καὶ

187 2033 304 2090 τοῖς
358 2029 459 2095 τῆς
509 2028 755 2096 ἀσήσεως
812 2025 1007 2102 ἱδρῶσι
1063 2029 1125 2083 τὸ
1201 2028 1418 2103 σαρκίον
1479 2027 1845 2100 ἐκδεδαπανη-

185 2117 379 2178 κότας.
414 2117 504 2178 Ὠς
536 2113 630 2170 δῦν
663 2113 802 2171 εἶδεν
845 2117 1068 2183 αὐτοὺς,
1117 2115 1505 2189 καταπηδήσας
1565 2118 1721 2183 εὐθὺς
1751 2122 1848 2174 τοῦ

186 2209 438 2282 ἅρματος
469 2207 563 2261 καὶ
620 2205 710 2261 ἐπὶ
763 2209 862 2277 τήν
921 2213 1025 2282 γῆν
1091 2209 1287 2277 πεσὼν,
1343 2209 1733 2280 προσεκύνησε,
1756 2210 1844 2264 καὶ

182 2295 421 2357 ἀναστὰς
501 2294 844 2371 περιεπλάκη
933 2296 1118 2358 αὐτοῖς
1202 2295 1642 2372 προσφιλέστατοι
1718 2319 1848 2354 κατ-

183 2385 589 2457 ασπαζόμενος.
635 2385 699 2440 Οἳ
757 2383 815 2440 δὲ
873 2392 1189 2460 μεγιστᾶνες
1221 2386 1384 2440 αὐτοῦ
1435 2386 1525 2441 καὶ
1586 2388 1848 2462 ἄρχοντες

183 2473 556 2550 ἐδυσχέραναν
590 2475 677 2530 ἐπὶ
724 2475 925 2548 τούτῳ,
959 2475 1146 2545 ἀνάξια
1172 2482 1272 2542 τῆς
1334 2477 1624 2551 βασιλικῆς
1679 2474 1843 2546 δόξης

183 2566 552 2635 πεποιηκέναι
609 2563 768 2618 αὑτὸν
842 2564 1198 2637 νομίζοντεςσ
1266 2566 1340 2637 μή
1416 2564 1732 2638 τολμῶντες
1790 2563 1847 2620 δὲ

183 2654 325 2710 κατὰ
355 2653 652 2722 πρόσωπον
699 2651 973 2728 ἐλέγχειν,
1029 2653 1121 2708 τὸν
1169 2655 1388 2728 γνήσιον
1462 2655 1626 2710 αὐτοῦ
1685 2652 1844 2710 ἀδελο

187 2745 289 2821 φὸν
321 2741 512 2819 ἔλεγον
546 2740 784 2812 λαλῆσαι
842 2747 922 2814 τῷ
979 2741 1194 2818 βασιλεῖ
1235 2744 1310 2816 μή
1342 2748 1404 2798 τὸ
1436 2742 1569 2816 ὕψος
1598 2748 1695 2798 τοῦ
1728 2742 1842 2798 δια-

191 2830 446 2904 δήματος
508 2832 707 2886 οὕτωσί
764 2827 1128 2907 καθυϐρίζειν.
1160 2836 1263 2886 Τοῦ
1297 2829 1352 2886 δὲ
1384 2832 1633 2895 εἷ’πόντος
1679 2837 1846 2888 ταῦτα

189 2926 272 2992 τῷ
304 2919 528 2998 ἀδελσῷ
568 2921 657 2975 καὶ
710 2920 1214 2994 καταμεμψαμένου
1260 2922 1359 2986 τήν
1408 2919 1628 2997 ἄκαιρον
1679 2921 1844 2978 αὐτοῦ

191 3009 615 3086 σμικρολογίαν,
675 3007 904 3065 δέδωκεν
965 3009 1111 3083 αὐτῷ
1167 3010 1454 3088 ἀπόκρισιν
1505 3011 1841 3088 δβασιλεὺς,

183 3100 252 3169 ἣν
283 3099 352 3154 οὐ
383 3101 607 3168 συνῆκιν
642 3099 670 3152 6
701 3095 938 3179 ἀδελφὸς
979 3100 1165 3156 αὐτοῦ.

249 3282 419 3345 ’Ἐθος
446 3281 552 3356 γὰρ
585 3281 650 3348 ἦν
710 3279 896 3353 ἐκείνῳ
948 3285 1028 3352 τῷ
1089 3282 1326 3356 βασιλεῖ,
1385 3279 1510 3337 ὅταν
1569 3280 1838 3356 ἀπόφασιν

181 3370 423 3425 θανάτου
477 3370 614 3424 κατὰ
669 3391 816 3432 τινος
879 3368 1083 3439 ἐδίδου,
1141 3373 1355 3446 κήρυκα
1414 3372 1488 3433 εἷς
1516 3373 1615 3442 τὴν
1676 3373 1842 3427 αὐτοῦ

179 3460 342 3536 Θῦραν
404 3459 772 3516 ἀποστέλλειν
838 3462 970 3534 μετᾶ
1026 3460 1333 3536 σάλπιγγος
1387 3461 1720 3538 τεταγμένης
1770 3461 1844 3524 εἷς

180 3553 369 3606 τοῧτοο
404 3549 498 3604 καὶ
530 3553 600 3622 τῇ
628 3549 782 3624 φωνῆ
827 3557 927 3619 τῆς
983 3548 1287 3626 σάλπιγγος
1347 3550 1556 3622 ἐκείνης
1612 3547 1841 3626 ᾔστοντο

185 3640 386 3701 πάντες
435 3638 669 3694 Θανάτου
722 3635 918 3714 ἔνοχον
980 3639 1182 3694 ἐκεῖνον
1241 3639 1526 3716 ὑπάρχειν,
1581 3642 1841 3716 Ἐσπέρας

185 3733 290 3789 42
351 3733 446 3784 οὖν
506 3723 962 3799 καταλαϐούσης,
1019 3728 1337 3784 ἀπάστειλεν
1379 3731 1406 3784 6
1441 3728 1695 3804 βασιλεὺς
1745 3730 1844 3799 τὴν

181 3817 466 3895 σάλπιγγα
513 3822 610 3872 τοῦ
669 3819 898 3872 θανάτου
957 3815 1232 3887 σαλπίζειν
1291 3817 1379 3873 ἐπὶ
1436 3822 1504 3892 τῇ
1559 3821 1693 3895 θυρᾳ
1748 3823 1842 3873 τοῦ

181 3907 338 3961 οἴκου
369 3909 476 3960 τοῦ
536 3901 774 3982 ἀδελφοῦ
825 3905 1011 3961 αὐτοῦ.
1073 3905 1161 3968 Ὦς
1205 3905 1296 3960 οὗν
1356 3902 1587 3974 ἤκουσει
1643 3905 1846 3969 ἐκεῖνος

176 3999 274 4066 τήν
309 3996 600 4072 σάλπιγγα
624 4000 720 4050 τοῦ
775 3997 1026 4066 θανάτου,
1083 3995 1300 4071 ἀπέγνω
1350 4004 1451 4067 τῆς
1512 3997 1703 4052 ἑαυτοῦ
1735 4018 1845 4051 σω-

174 4086 374 4162 τηρίας
429 4087 524 4140 καὶ
583 4082 787 4149 διέθετο
844 4085 911 4140 τὰ
966 4087 1085 4140 κατ’
1140 4085 1300 4141 αὐτὸν
1335 4083 1472 4155 ὃλην
1503 4089 1604 4156 τὴν
1655 4085 1840 4141 νύκτα’

175 4179 290 4249 ἅμα
325 4175 387 4232 δὲ
419 4173 591 4250 πρωΐ,
626 4175 1041 4253 ἀμφιασάμενος
1070 4173 1280 4248 μέλανα
1308 4176 1398 4231 καὶ
1429 4178 1672 4252 πενθήρη
1707 4180 1840 4251 (90),

176 4275 319 4338 μετα
351 4265 611 4340 γυναικὸς
659 4266 750 4319 καὶ
801 4267 1004 4320 τέκνων
1057 4264 1352 4342 ἀπέρχεται
1404 4265 1478 4328 εἷς
1523 4267 1622 4334 τήν
1679 4267 1840 4341 Θύραν

171 4360 272 4411 τοῦ
307 4353 593 4410 παλατίου
622 4353 829 4409 κλαίων
867 4355 956 4410 καὶ
1011 4352 1365 4430 ὀδυρόμενος.
1413 4355 1733 4431 Εἴσαγαγὼν
1787 4353 1844 4410 δὲ

169 4447 348 4502 αὐτὸν
380 4446 411 4498 ὁ
450 4443 730 4517 βασιλεὺς,
760 4445 848 4499 καὶ
883 4441 1057 4506 οὕτως
1089 4441 1217 4499 ἰδὼν
1247 4443 1682 4520 ὀλοφυρόμενον,
1714 4439 1838 4522 ἔφη·

2027 1404 2165 1456 Erat
2195 1403 2353 1457 enim
2385 1403 2702 1474 aliquando
2731 1420 2979 1477 magnus
3001 1404 3246 1476 quidam
3270 1412 3328 1460 et
3348 1406 3603 1463 illustris

1957 1506 2082 1559 rex,
2115 1492 2230 1556 cui,
2265 1509 2398 1547 cum
2429 1493 2490 1546 in
2523 1509 2702 1548 aureo
2735 1511 2932 1559 curru,
2959 1495 3285 1550 satellitum
3317 1513 3499 1552 manu
3521 1514 3609 1552 re-

1957 1580 2064 1652 gias
2087 1582 2383 1653 majestati
2415 1582 2592 1654 digna
2621 1583 2850 1637 cinctus
2883 1584 2997 1638 iter
3025 1583 3523 1659 faceret,contigit
3544 1591 3610 1642 ut

1957 1669 2106 1724 duos
2134 1671 2310 1736 viros,
2345 1671 2556 1726 laceris
2587 1688 2653 1727 ac
2685 1671 2940 1727 sordidis
2975 1673 3256 1740 vestibus,
3295 1680 3472 1745 atque
3504 1692 3605 1730 ore

1957 1759 2145 1813 macie
2177 1759 2550 1826 confecto,ac
2579 1762 2870 1832 majorem
2893 1761 2955 1815 in
2975 1761 3218 1817 modum
3240 1762 3482 1834 pallido,
3499 1764 3603 1818 ob-

1879 1835 1925 1898 B
1955 1847 2079 1902 vios
2131 1847 2395 1904 haberet.
2429 1849 2568 1921 Regi
2601 1867 2778 1921 porro
2806 1850 3176 1920 exploratum
3203 1857 3331 1907 erat
3352 1868 3452 1907 eos
3478 1870 3604 1907 cor-

1955 1937 2116 2007 poris
2130 1937 2513 1993 afllictatione
2529 1955 2595 1994 ac
2620 1940 2750 1992 vitm
2773 1941 2890 1994 Deo
2905 1945 3263 1995 consecratas
3295 1940 3601 1997 laboribus

1953 2042 2161 2081 carnes
2191 2045 2329 2082 suas
2361 2028 2443 2082 ita
2481 2027 2827 2084 confecisse.
2885 2031 2957 2084 Ut
3003 2030 3182 2102 igitur
3211 2045 3311 2084 eos
3353 2031 3518 2100 vidit,
3569 2048 3599 2086 e

1951 2132 2130 2170 curru
2161 2116 2362 2172 statim
2394 2117 2701 2182 desiliens,
2733 2124 2909 2188 atque
2943 2119 3106 2172 humi
3136 2125 3598 2190 prostratus,eos

1951 2205 2234 2272 adoravit;
2255 2223 2323 2261 ac
2355 2205 2570 2261 deinde
2599 2207 3235 2276 surgens,amicissime
3258 2209 3601 2279 complexus

1953 2301 2060 2361 est,
2097 2300 2154 2350 et
2185 2295 2477 2350 salutavit.
2504 2297 2784 2350 Proceres
2812 2301 3010 2350 autem
3033 2296 3222 2368 ipsius
3253 2313 3319 2352 ae
3341 2297 3600 2368 praefecti

1953 2386 2063 2440 hoc
2095 2385 2343 2440 moleste
2374 2384 2660 2452 tulerunt,
2695 2401 2829 2439 eum
2860 2385 3091 2441 facinus
3114 2387 3275 2458 regia
3295 2387 3485 2459 gloria
3513 2387 3604 2442 in-

1952 2476 2195 2548 dignum
2227 2475 2539 2530 admisisse
2569 2475 2994 2530 existimantes.
3017 2478 3232 2532 Verum
3245 2493 3379 2532 cum
3401 2493 3600 2532 coram

1950 2566 2147 2637 ipsum
2161 2564 2599 2636 reprehendere
2610 2565 2840 2619 minime
2855 2565 3303 2633 auderent,cum
3318 2583 3598 2639 germano

1953 2655 2141 2727 ipsius
2169 2655 2352 2710 frater
2382 2654 2652 2726 agebant,
2689 2660 2754 2708 ut
2778 2671 2977 2727 regem
3009 2656 3460 2724 admoneret,ne
3481 2657 3603 2712 dia-

1953 2743 2204 2798 dematis
2221 2743 2678 2814 amplitudinem
2697 2749 2755 2797 et
2769 2743 3196 2798 sublimitatem
3211 2745 3284 2800 ad
3298 2745 3456 2798 hunc
3474 2762 3599 2799 mo-

1954 2833 2092 2887 dum
2129 2831 2414 2887 dedecore
2443 2849 2510 2887 ac
2527 2832 2888 2887 contumelio
2920 2832 3205 2888 afﬁceret.
3231 2835 3375 2887 Cum
3399 2833 3600 2904 itaque

1951 2939 2077 2994 ipse
2109 2923 2234 2976 haec
2263 2920 2428 2976 fratri
2473 2921 2740 2984 dixisset,
2789 2926 2966 2992 atque
3014 2921 3495 2993 intempestivam
3543 2928 3603 2977 et

1950 3017 2375 3085 praeposteram
2389 3011 2577 3082 ipsius
2591 3010 2987 3066 humilitatem
3000 3017 3603 3083 accusasset,respon-

1952 3118 2083 3157 sum
2114 3101 2228 3173 ipsi
2260 3117 2362 3156 rex
2392 3099 2574 3165 dedit,
2613 3099 2770 3172 quod
2801 3117 2836 3156 a
2863 3100 3044 3156 fratre
3077 3101 3325 3157 minime
3359 3101 3598 3157 intelle-

1873 3203 1916 3271 ρ
1955 3197 2114 3248 ctum
2147 3196 2255 3246 est.

2025 3283 2146 3336 Mos
2178 3281 2337 3336 enim
2360 3280 2479 3354 regi
2502 3284 2708 3336 eratut
2727 3297 2862 3336 cum
2884 3280 3144 3351 aliquem
3168 3287 3358 3337 morte
3379 3281 3600 3338 multa-

1949 3377 2059 3439 ret,
2079 3389 2412 3443 praeconem
2429 3389 2562 3427 cum
2580 3371 2879 3442 tuba,quaa
2895 3372 3135 3443 quidem
3158 3374 3366 3428 mortis
3381 3373 3599 3430 idcirco

1951 3461 2279 3528 dicebatur,
2313 3460 2390 3516 ad
2419 3460 2606 3531 ipsius
2636 3459 2792 3515 fores
2824 3461 3106 3526 mitteret,
3137 3467 3314 3534 atque
3342 3480 3413 3518 ex
3443 3463 3600 3518 tubae

1951 3550 2114 3605 illius
2145 3550 2419 3622 clangore
2450 3567 2658 3605 omnes
2685 3550 2736 3604 ei
2761 3551 3140 3606 moriendum
3163 3568 3290 3607 esse
3313 3552 3604 3624 intellige-

1949 3640 2112 3696 bant.
2145 3641 2349 3711 Itaque
2381 3656 2515 3694 cum
2531 3639 3289 3710 advesperasset,lethalem
3312 3641 3601 3697 tubamad

1947 3730 2148 3786 fratris
2181 3729 2270 3784 sui
2303 3729 2462 3784 fores
2493 3729 2831 3802 clangorem
2862 3730 3154 3785 edituram
3185 3747 3289 3785 rex
3320 3732 3502 3788 misit.
3529 3733 3602 3787 Ut

1949 3820 2130 3892 igitur
2158 3819 2258 3874 ille
2277 3820 2429 3874 hanc
2454 3819 2652 3874 tubam
2676 3819 2920 3886 audivit,
2946 3819 3259 3892 desperata
3280 3820 3469 3876 salute
3495 3837 3600 3892 per

1950 3914 2133 3964 totam
2165 3915 2402 3964 noctem
2451 3909 2792 3964 domesticis
2830 3910 3009 3965 rebus
3059 3911 3379 3966 consuluit.
3431 3913 3598 3967 Mane

1951 4005 2149 4054 autem
2183 4003 2310 4053 atra
2341 4014 2407 4053 ac
2434 3998 2669 4071 lugubri
2690 4003 2847 4053 veste
2878 3997 3143 4066 indutus,
3167 4017 3301 4054 cum
3324 4016 3508 4055 uxore
3530 4018 3596 4056 ac

1948 4089 2154 4143 liberis
2184 4089 2258 4144 ad
2288 4088 2490 4159 palatii
2511 4088 2667 4143 fores
2685 4088 2835 4143 flens
2853 4105 2919 4143 ac
2941 4089 3278 4144 lamentans
3298 4089 3597 4159 profectus

1951 4184 2060 4236 est.
2098 4180 2242 4233 Cum
2265 4185 2462 4234 autem
2493 4195 2596 4233 rex
2627 4178 2823 4250 ipsum
2849 4177 2924 4233 ad
2956 4194 3016 4232 se
3039 4178 3396 4243 admisisset,
3417 4183 3594 4247 atque

1950 4271 2032 4326 ita
2063 4270 2388 4342 ejulantem
2418 4270 2680 4336 vidisset,
2715 4269 2807 4323 his
2826 4269 3018 4323 verbis
3039 4285 3180 4324 usus
3203 4272 3292 4322 est
3317 4269 3391 4323 :0
3418 4267 3595 4323 stulte

1950 4377 2018 4416 ac
2049 4360 2321 4427 demens,
2355 4359 2403 4414 si
2434 4359 2633 4413 fratris
2665 4359 2770 4426 tui,
2805 4375 2938 4413 cum
2962 4375 3077 4429 quo
3101 4357 3254 4412 idem
3282 4357 3388 4411 tibi
3409 4373 3596 4429 genus

1953 4455 2011 4505 et
2039 4466 2147 4520 par
2171 4449 2364 4503 honor
2395 4452 2501 4516 est,
2530 4448 2590 4501 in
2623 4463 2798 4517 quem
2829 4445 3055 4502 nullius
3087 4447 3330 4502 omnino
3354 4446 3596 4502 sceleris

167 4539 233 4591 Ὠ
269 4534 504 4590 ἆσῦνετε
561 4534 650 4588 καὶ
684 4531 876 4610 ἄφρον,
935 4533 980 4588 εί
1041 4533 1102 4587 σὺ
1159 4534 1332 4596 οὕτως
1392 4531 1694 4596 ἐδειλίασας
1748 4535 1839 4590 τὸν

1964 4539 2070 4593 tibi
2089 4539 2362 4593 conscius
2392 4554 2476 4599 es,
2504 4553 2839 4608 praeconem
2868 4537 2950 4592 ita
2971 4536 3316 4603 extimuisti;
3337 4553 3598 4607 quonam

169 4628 402 4700 κήρυκα
442 4626 540 4676 τοῦ
598 4622 872 4696 ὁμοτίμου
911 4643 1004 4677 σου
1063 4619 1320 4700 ἀδελφοῦ,
1381 4625 1516 4698 πρὸς
1578 4625 1636 4679 ὃν
1687 4621 1842 4679 οὐδὲν

167 4714 332 4775 ὅλως
404 4712 592 4766 ἑαυτὸν
681 4713 1060 4786 ἡμαρτηκέναι
1113 4713 1442 4788 γινώσκεις,
1517 4718 1634 4776 πῶς
1716 4713 1841 4785 ἐμοὶ

172 4805 396 4877 μέμψιν
461 4801 735 4876 ἐπήγαγες
796 4801 846 4857 ἐν
891 4801 1220 4857 ταπεινώσεν
1298 4803 1662 4877 ἀσπασαμένῳ
1716 4803 1844 4868 τοὺς

165 4897 426 4967 κήρυκας
464 4895 560 4946 τοῦ
585 4896 719 4948 Θεοῦ
781 4914 908 4964 μου,
941 4891 1068 4954 τοὺς
1125 4891 1489 4968 εὖηχέστερον
1540 4891 1845 4967 σάλπιγγος

173 4979 523 5056 μηνύοντάς,
576 5001 668 5054 μοι
725 4981 816 5034 τὸν
877 4980 1103 5045 θάνατον
1159 4982 1246 5036 καὶ
1297 4982 1396 5050 τήν
1456 4977 1690 5058 φοϐερὰν
1745 4986 1843 5036 τοῦ

176 5070 470 5127 Δεσπότου
531 5069 846 5141 ὑπάντησιν,
879 5071 924 5144 ᾧ
956 5069 1142 5126 πολλᾶ
1197 5071 1288 5125 καὶ
1345 5070 1554 5147 μεγάλα
1611 5070 1843 5144 ἐμαυτὸν

173 5159 568 5237 ἡμαρτηκέναι
616 5158 958 5234 ἐπίσταμαις
1004 5157 1144 5217 Ἰδοὺ
1196 5160 1374 5216 τοίνυν
1405 5161 1505 5230 τήν
1537 5161 1636 5230 σὴν
1686 5159 1846 5237 ἐλέγ-

176 5271 303 5328 χων
339 5250 528 5306 ἄνοιαν
556 5249 735 5325 τούτῳ
775 5248 842 5322 δὴ
901 5255 980 5325 τῷ
1033 5252 1223 5328 τρόπῳ
1281 5250 1630 5327 ἐχρησάμην,
1664 5251 1844 5329 ὥσπερ

1953 4628 2128 4684 modo
2160 4628 2304 4682 mihi
2332 4626 2814 4697 reprehensionis
2837 4631 3039 4681 notam
3062 4625 3281 4680 idcirco
3304 4626 3595 4694 inussisti,

1952 4716 2110 4787 quod
2143 4716 2242 4770 Dei
2279 4716 2392 4770 mei
2419 4731 2743 4786 prmcones,
2763 4715 2862 4786 qui
2888 4721 3162 4782 mortem,
3183 4731 3250 4769 ac
3275 4715 3509 4770 Domini
3536 4715 3598 4770 in

1953 4823 2128 4878 quem
2161 4822 2255 4861 me
2287 4806 2476 4861 multa
2508 4811 2565 4860 et
2592 4805 2787 4878 gravia
2817 4805 3043 4861 scelera
3073 4811 3443 4877 perpetrasse
3475 4805 3595 4860 scio

1953 4895 2497 4968 pertimescendum
2525 4895 2842 4950 adventum
2870 4895 3014 4949 mihi
3038 4893 3399 4966 quavistuba
3419 4909 3596 4949 voca-

1953 4985 2068 5040 lius
2083 4985 2380 5056 altiusque
2393 4985 2503 5040 den
2513 4985 3082 5052 untiant,humiliter
3094 5001 3161 5040 ac
3175 4982 3429 5039 demisse
3445 4984 3599 5039 salu-

1953 5075 2246 5131 larim?En
2263 5075 2439 5148 igitur
2450 5081 2517 5130 ut
2528 5082 2689 5132 tuam
2704 5075 3065 5131 dementiam
3079 5073 3599 5147 coarguerem,hac

1957 5165 2186 5220 ratione
2218 5181 2360 5220 usus
2375 5165 3037 5237 sum,quemadmodum
3056 5165 3235 5220 etiam
3256 5180 3356 5219 eos
3377 5164 3478 5235 qui
3494 5163 3599 5218 tibi

1954 5260 2021 5311 ut
2033 5271 2126 5312 me
2139 5255 2698 5328 reprehenderes,in
2711 5256 2980 5313 animum
3008 5254 3601 5326 induxerunt,statim

256 5444 376 5521 (ξξῖ)
404 5443 658 5521 gemma
686 5443 1001 5521 metricum
1033 5443 1094 5499 in
1127 5443 1330 5501 codice
1360 5445 1446 5501 A:
1480 5437 1776 5520 Παραϐολή
1814 5463 1843 5498 ιι

1956 5465 2006 5514 ιη
2034 5464 2098 5521 γε.
2123 5442 2258 5515 αὕτη
2289 5439 2568 5519 τυγχάνει.

251 5517 370 5584 (88)
403 5516 628 5571 Forsan
658 5513 746 5568 καὶ
785 5514 918 5582 μετά
946 5521 1066 5582 τῆς.

251 5588 366 5656 (89)
403 5588 484 5642 De
517 5588 628 5658 hac
661 5587 904 5658 perfecti
927 5587 1137 5654 forma,
1173 5593 1213 5646 t.
1246 5591 1343 5654 III,

1375 5607 1432 5660 p.
1464 5591 1589 5644 459.
1624 5588 1708 5644 Cf.
1742 5588 1918 5644 modo
1950 5607 2007 5660 p.
2042 5591 2129 5658 38,
2162 5593 2248 5644 19.

491 5654 720 5738 μελανεῖ.
756 5661 834 5715 De
867 5661 1154 5738 adjectivo
1190 5654 1419 5738 Helaide
1450 5677 1485 5716 1.
1519 5662 1615 5738 Ill,
1648 5679 1702 5732 p.
1743 5664 1843 5738 liii

1956 5654 2240 5738 fesych‘ius
2275 5677 2289 5717 :
2321 5657 2571 5734 περκνὸν,
2633 5659 2888 5736 μελανόν.
2921 5664 2981 5720 C.
3015 5672 3166 5726 πενο.
3198 5660 3415 5738 ἱμάτια,
3448 5678 3509 5718 ιιι
3536 5677 3596 5733 p.

177 5727 273 5802 41,
308 5727 362 5799 7,
393 5727 508 5805 ῥερ.
542 5728 756 5804 ἱμάτια·
795 5748 910 5804 quo
937 5727 1388 5790 homine'facile
1419 5727 1774 5789 carebimus.
1808 5733 1843 5788 C

1956 5727 2054 5804 »δεῖ
2087 5733 2177 5791 43.
