4000 6202
465 298 572 355 903

1981 302 2353 361 ADDENDA.
3671 318 3752 374 9M

470 426 714 483 stolidos
729 430 786 483 et
798 431 1069 483 amentes
1084 445 1213 483 esse
1228 427 1667 484 demonstrabo.
1693 430 1881 499 Atque
1904 428 1987 485 ita
2008 445 2106 485 cu-

2232 424 2322 484 οὗν
2354 428 2445 483 καὶ
2475 424 2602 490 τοὺς
2635 428 2998 503 ὑποθεμένους
3041 450 3138 485 σου
3167 430 3261 499 τὴν
3306 433 3413 487 κατ’
3457 435 3569 505 ἑμοῦ
3613 439 3749 516 μέμψιν

468 526 661 576 ratum
679 528 734 574 et
756 521 983 575 utiliter
1004 521 1358 576 instructum
1382 520 1625 575 fratrem
1654 538 1849 588 suum,
1873 521 2114 576 domum

468 610 723 665 remisit.

531 700 714 753 Jussit
744 704 945 753 autem
969 715 998 753 e
1030 699 1189 771 ligno
1207 705 1462 770 quatuor
1478 716 1646 755 arcas
1676 700 2115 769 efﬁcizquarum

460 805 594 844 cum
622 789 767 843 duas
782 788 1045 860 undique
1063 806 1206 844 auro
1230 789 1914 859 contexisset.felidaque
1939 789 2117 844 cada-

460 895 665 932 verum
697 895 825 933 ossa
856 880 917 931 in
946 895 1042 933 eas
1068 880 1148 950 inj
1162 880 1393 945 ecisset,
1419 880 1615 934 aureis
1638 880 1786 934 seris
1811 896 1909 933 eos
1933 878 2113 932 obﬁr-

462 968 641 1022 mavit
662 984 673 1032 ;
692 968 937 1039 reliquis
953 974 1150 1023 autem
1167 969 1396 1024 duabus
1412 969 1538 1040 pice
1555 986 1622 1023 ac
1653 969 1947 1023 bitumine
1972 967 2117 1021 obli-

462 1058 558 1119 tis,
600 1058 994 1129 pretiosisque
1028 1059 1325 1129 lapidibus
1358 1065 1415 1113 et
1447 1059 1734 1129 exquistis
1768 1057 2111 1124 unionibus,

464 1148 744 1216 omnique
762 1148 1155 1217 unguentaria
1186 1148 1507 1218 fragrantia
1539 1148 1820 1218 impletis.
1859 1147 2115 1217 asperis-

463 1236 828 1307 quefunibus
843 1237 1197 1295 constrictis.
1215 1253 1490 1307 proceres
1506 1253 1625 1302 eos,
1653 1253 1687 1290 a
1701 1234 1915 1305 quibus
1932 1234 2003 1287 ob
2028 1234 2107 1287 vi-

460 1342 665 1380 rorum
697 1326 939 1381 illorum
961 1343 1272 1380 occursum
1297 1327 1692 1397 reprehensus
1714 1325 1923 1388 fuerat,
1950 1325 2023 1378 ad
2049 1342 2109 1379 se

458 1416 687 1479 accivit,
718 1416 984 1485 ipsisque
1017 1421 1271 1485 quatuor
1300 1415 1406 1469 has
1455 1432 1622 1470 arcas
1678 1414 2007 1485 proposuit,
2045 1419 2110 1468 ut

460 1504 662 1574 quanti
680 1504 790 1568 has,
826 1504 1149 1574 quantique
1166 1504 1281 1557 illae
1298 1504 1470 1575 pretii
1501 1502 2097 1559 essentmstimarent.

458 1592 551 1646 Illi
567 1597 764 1646 autem
777 1591 923 1647 duas
937 1609 1035 1647 eas
1051 1609 1180 1662 qum
1196 1593 1483 1647 inaurataa
1500 1598 1687 1656 erant,
1708 1593 1949 1647 maximi
1964 1609 2097 1663 pre-

461 1681 527 1736 tii
547 1697 675 1735 esse
699 1682 1063 1747 asserebant;
1091 1698 1283 1752 neque
1304 1683 1462 1735 enim
1490 1681 1663 1736 aliter
1680 1682 1806 1736 ﬁeri
1829 1698 2000 1753 posse
2020 1682 2109 1735 in-

466 1771 769 1841 quiebant,
792 1772 936 1841 quin
969 1772 1029 1825 in
1052 1772 1195 1843 ipsis
1216 1771 1390 1843 regiae
1416 1788 1647 1825 coronm
1669 1788 1735 1825 ac
1758 1770 1994 1843 cingula
2018 1788 2111 1825 re-

465 1860 703 1915 condita
717 1862 1054 1915 essent.Eas
1068 1865 1275 1915 contra
1288 1878 1416 1931 qum
1432 1861 1560 1931 pice
1576 1877 1641 1914 ac
1656 1860 1947 1914 bitumine
1966 1860 2111 1913 obli-

464 1956 538 2004 ιω
554 1955 741 2016 erant,
767 1950 909 2003 viles
925 1951 1167 2004 omnino
1182 1966 1246 2003 ac
1263 1949 1484 2003 nullius
1507 1950 1679 2019 pretii
1701 1965 1829 2003 esse
1849 1950 2107 2003 aiebant.

463 2041 584 2093 Rex
596 2046 794 2093 autem
810 2039 954 2109 ipsis
969 2039 1222 2092 dixitzNe
1238 2038 1581 2109 mequidem
1597 2038 1980 2110 fugiebat,vos
2000 2039 2109 2092 hoc

463 2127 725 2182 dicturos
741 2144 1036 2192 esse;nam
1059 2128 1443 2181 sensibilibus
1458 2127 1644 2181 oculis
1659 2144 1726 2181 ea
1744 2145 1872 2197 qua:
1897 2128 1957 2181 in
1982 2144 2108 2182 sen-

464 2233 595 2272 sum
616 2217 835 2271 cadunt
854 2217 1392 2288 perspicitis.Atqui
1410 2234 1527 2271 non
1546 2217 1627 2270 ita
1640 2216 1976 2271 faciendum
1998 2224 2104 2285 est;

466 2322 669 2361 verum
687 2306 1071 2360 interioribus
1095 2306 1283 2360 oculis
1308 2306 1427 2360 sive
1451 2306 1726 2376 pretium,
1755 2307 2110 2361 siveutilita—

466 2400 587 2450 tem
611 2401 669 2450 et
689 2395 1033 2462 fwditatem,
1059 2413 1188 2465 quae
1214 2396 1373 2449 intus
1400 2395 1640 2449 condita
1660 2401 1817 2463 sunt,
1845 2403 2109 2467 spectare

467 2490 718 2556 oportet.
755 2487 836 2539 Ac
852 2486 1119 2556 protinus
1141 2485 1443 2539 inauratas
1466 2501 1632 2539 arcas
1662 2485 1880 2555 aperiri
1905 2486 2107 2556 jussit.

470 2574 691 2639 Quibus
719 2574 1044 2644 patefactis,
1066 2574 1253 2644 gravis
1276 2573 1517 2644 quidam
1532 2591 1596 2627 ac
1613 2578 1761 2627 teter
1773 2574 1919 2628 odor
1932 2575 2109 2630 exha-

461 2663 807 2735 lavit,atque
820 2663 1382 2735 injucundissimum
1396 2663 1798 2735 spectaculum
1812 2664 2001 2719 oculis
2015 2664 2112 2719 ob-

456 2753 689 2825 jectum
722 2759 830 2808 est.

535 2845 632 2897 Ait
663 2844 861 2913 itaque
901 2859 1041 2897 rex:
1076 2843 1178 2897 Hic
1228 2859 1432 2897 eorum
1482 2847 1654 2914 typus
1702 2848 1793 2898 est
1841 2843 1941 2913 qui
1974 2859 2108 2898 cum

455 2932 795 3003 splendidis
829 2938 887 2987 et
906 2932 1240 2987 illustribus
1260 2932 1520 2987 vestibus
1550 2938 1810 2998 utantur,
1838 2939 2012 3004 atque
2037 2932 2110 2988 ob

456 3022 761 3095 ingentem
793 3022 1040 3093 gloriam
1083 3028 1139 3076 et
1160 3022 1485 3093 potentiam
1518 3022 1850 3076 insolenter
1880 3039 1941 3076 se
1966 3023 2103 3077 effe-

458 3112 781 3179 rant,intus
797 3118 991 3166 tamen
1007 3112 1205 3167 fetidis
1219 3110 1599 3167 cadaveribus
1613 3129 1679 3167 ac
1696 3111 1933 3183 ﬂagitiis
1948 3112 2108 3182 pleni

2228 516 2419 571 θᾶττον
2474 515 2812 587 ἀνοηταίνειν
2869 516 3097 593 ἐλέγξω.
3157 520 3256 576 Καὶ
3307 520 3434 576 οὕτω
3489 515 3749 596 eamme-Seu;

2224 604 2315 659 τὸν
2351 602 2584 682 ἀδελφὸν
2618 605 2783 661 αὐτοῦ
2812 608 2903 661 καὶ
2935 606 3225 684 ὠφελήσας
3257 607 3423 665 οἴκαδε
3448 611 3707 674 ἀπέστειλεν.

2298 691 2583 750 Ἐκέλευσε
2616 692 2673 749 δὲ
2704 695 2947 770 γενέσθαι
2981 697 3040 750 ἐκ
3070 695 3245 767 ξύλων
3300 698 3533 773 βαλάντια
3577 705 3749 782 τέσσαρα,

2226 784 2427 839 Καὶτά
2460 785 2555 857 μὲν
2615 782 2712 839 δύο
2769 783 3148 860 περικαλύψας
3201 788 3443 853 πάντοθεν
3498 799 3754 867 χρυσιῳ,καῖ

2225 872 2356 927 ὁστᾶ
2410 877 2614 949 νεκρῶν
2694 871 2945 929 ἀδωδότα
3007 876 3189 951 βαλὼν
3248 876 3297 931 ὲν
3352 878 3533 945 αύτοῖς,
3599 892 3754 957 χρυσαῖς

2223 962 2477 1035 περόναις
2534 964 3004 1037 κατησφαλίσατο·
3066 966 3134 1019 τά
3178 963 3235 1020 δὲ
3284 965 3418 1022 ἄλλα
3466 970 3601 1043 πίσσῃ
3652 994 3757 1027 xm-

2222 1051 2419 1126 χρίσας
2484 1052 2576 1106 καὶ
2634 1051 2995 1129 ἀσφαλτώσας
3028 1098 3045 1122 ,
3099 1054 3379 1125 ἐπλήρωσε
3443 1055 3587 1121 λίθων
3624 1063 3756 1132 τιμίων

2222 1141 2314 1195 καὶ
2369 1139 2664 1216 μαργάρων
2722 1141 3046 1216 πολυτίμων
3080 1147 3179 1201 43
3210 1145 3296 1199 καὶ
3328 1146 3488 1217 πάσης
3540 1154 3761 1223 μυρεψικῆς

2224 1226 2476 1292 εὐωδίας.
2541 1230 2824 1305 Σχοινίοις
2850 1252 2909 1286 τε
2963 1233 3234 1308 τριχίνοις
3287 1239 3442 1289 ταῦτα
3485 1237 3760 1311 περισφίγξας,

2222 1315 2443 1373 ἐκάλεσε
2472 1318 2601 1381 τοὺς
2656 1319 3047 1392 μεμψαμένους
3095 1322 3242 1394 αὐτῷ
3294 1330 3581 1397 μεγιστᾶνας
3619 1324 3684 1379 ἐπὶ
3715 1332 3757 1400 τῇ

2220 1410 2325 1459 τῶν
2358 1404 2570 1482 ἀνδρῶν
2600 1407 2818 1462 ἐκείνων
2866 1412 3206 1482 συναντήσει,
3239 1411 3326 1466 καὶ
3374 1414 3599 1487 προέθετο
3641 1414 3763 1476 αὐτοῖς

2221 1495 2288 1549 τὰ
2315 1496 2546 1567 τέσσαρα
2580 1495 2864 1571 βαλάντια,
2896 1502 2998 1552 τοῦ
3046 1500 3476 1573 ἀποτιμήσασθαι
3526 1502 3661 1557 πόσου
3703 1506 3763 1574 μὶν

2220 1589 2410 1653 ταῦτα,
2469 1585 2644 1639 πόσου
2704 1583 2761 1640 δὶ
2820 1585 2997 1641 ἐκεῖνα
3051 1589 3366 1662 τιμήματός
3419 1590 3537 1644 εἰσιν
3581 1592 3685 1660 ἀξια.
3724 1594 3765 1647 Οἳ

2224 1672 2281 1728 δὲ
2311 1675 2376 1728 τά
2412 1674 2505 1747 μὶν
2540 1672 2636 1728 δύο
2684 1676 2752 1728 τά
2803 1676 3199 1750 κεχρυσωμένα
3255 1680 3415 1751 τιμῆς
3467 1678 3538 1733 ὅτι
3582 1676 3767 1749 πλείστης

2223 1764 2356 1817 εἶναι
2419 1760 2763 1837 διωρίζοντο.
2824 1766 3036 1835 ’Ἐξεστι
3094 1767 3198 1841 γάρ
3233 1809 3247 1833 ,
3304 1768 3456 1841 φησὶν
3490 1812 3504 1836 ,
3554 1766 3598 1822 ἐν
3644 1768 3767 1828 αὐτοῇ

2225 1851 2483 1928 βασιλικά
2540 1850 2853 1925 διαδήματα
2907 1855 2997 1908 καὶ
3069 1856 3243 1925 ζώνας
3298 1856 3602 1920 ἀποκεῖσθαι·
3648 1858 3696 1911 τὰ
3734 1855 3768 1910 δὶ

2218 1945 2286 2015 τῇ
2320 1940 2486 2015 πίσσῃ
2535 1944 3006 2018 κατακεχρισμένα
3062 1944 3153 1999 καὶ
3211 1950 3281 2019 τῇ
3314 1945 3549 2018 ἀσφάλτῳ
3591 1944 3769 2009 εὐτελοῦς

2218 2051 2362 2094 τινος
2391 2031 2481 2085 καὶ
2539 2031 2763 2105 οἰκτροῦ
2813 2036 3131 2106 τιμήματος
3197 2035 3445 2110 ὑπάρχει.
3487 2036 3536 2088 Ὀ
3578 2032 3624 2089 δὲ
3664 2036 3767 2109 βασι.

2221 2119 2345 2182 λεὺς
2388 2117 2488 2197 ἔφη
2548 2122 2685 2195 πρὸς
2743 2120 2957 2183 αὐτοὺς·
3019 2121 3161 2181 Οἶδα
3213 2125 3366 2198 γάγὼ
3408 2122 3603 2179 τοιαῦτα
3649 2122 3767 2198 λέγειν

2222 2210 2379 2280 ὑμᾶς·
2411 2214 2530 2270 τοῖς
2571 2209 2856 2280 αἶ’σθητοῖς
2915 2212 3016 2286 γὰρ
3075 2212 3385 2291 ὀφθαλμοῖς
3433 2216 3522 2282 τήν
3575 2213 3763 2283 αἰσθητὴν

2218 2292 2340 2370 ὄψιν
2396 2303 2731 2352 κατανοεῖτε·
2796 2299 2883 2353 καὶ
2949 2300 3055 2371 μήν
3126 2300 3240 2376 οὐχ
3295 2301 3459 2362 οὕτως
3511 2298 3581 2355 δεῖ
3628 2307 3766 2354 ποιεῖν.

2219 2383 2365 2440 ἀλλά
2392 2391 2508 2447 τοῖς
2541 2380 2689 2440 ἔνδον
2718 2383 2929 2459 ὄμμασι
2985 2388 3084 2456 τήν
3145 2388 3300 2451 ἐντὸς
3357 2391 3672 2461 ἀποκειμένην
3692 2391 3767 2462 χρὴ

2224 2473 2442 2548 βλέπειν
2503 2474 2610 2530 εἴτε
2682 2476 2850 2549 τιμὴν
2908 2474 3015 2531 εἷ’τε
3090 2477 3313 2550 ἀτιμίαν
3349 2521 3362 2535 .
3420 2478 3507 2532 Καὶ
3570 2476 3769 2532 ἱκέλευσεν

2219 2562 2505 2637 ἀνοιγῆναι
2534 2565 2602 2618 τὰ
2644 2563 3041 2638 κεχρυσωμένα
3103 2564 3387 2635 βαλάντια.
3439 2567 3770 2640 Διανοιχοὲντων

2222 2650 2298 2721 δὶ,
2335 2650 2481 2724 δεινή
2514 2675 2599 2718 τις
2631 2647 2851 2709 ἔπνευσε
2902 2651 3140 2710 δυσωδία
3199 2657 3288 2712 καὶ
3350 2654 3618 2727 ἀηδεστάτῃ
3644 2656 3770 2727 ὡράθη

2222 2742 2336 2806 θέα.

2294 2832 2468 2903 Φησὶν
2494 2832 2585 2887 οὗν
2615 2834 2643 2887 6
2669 2833 2941 2909 βασιλεὺς
2977 2835 3151 2898 Οὗτος
3173 2837 3205 2892 6
3229 2837 3397 2901 τύπος
3414 2841 3513 2892 τῶν
3535 2837 3591 2891 τά
3614 2832 3773 2907 λαμπρὰ

2223 2925 2318 2997 μὲν
2351 2924 2439 2978 καὶ
2484 2919 2670 2997 ἔνδοξα
2725 2927 3140 3000 ἠμφιεσμένων,
3203 2928 3392 3001 πολλῇ
3446 2927 3557 3000 δόξῃ
3600 2929 3668 2981 καὶ
3712 2923 3770 2978 δυ-

2218 3014 2433 3086 ναστείᾳ
2490 3009 2956 3090 σοϐαριυομένων,
3013 3019 3104 3071 καὶ
3163 3016 3362 3082 ἔσωθεν
3418 3018 3689 3087 ἀποζώντων
3710 3033 3769 3066 νε·

2217 3108 2359 3178 κρῶν
2391 3104 2479 3159 καὶ
2516 3109 2769 3179 πονηρῶν
2804 3102 2985 3181 ἔργον.
3048 3108 3179 3163 Εἶτα
3232 3108 3324 3163 καὶ
3378 3108 3443 3162 τά
3472 3105 3771 3176 πεπισσωμὲντ

459 3201 2100 3272 ευῐιῐΡοδῐᾶιιίθῐιι,ουῐηθαεᾳιιωρὶοθαοὺίῐιιωὶηθοωὶ-
2134 3186 2175 3251 C
2217 3192 2305 3247 καὶ
2364 3191 2864 3270 κατησφαλτωμένα
2918 3193 3183 3258 κελεύσας
3241 3192 3772 3274 amnigenam.

456 3297 529 3346 tas
561 3297 750 3351 erant.
773 3291 1307 3363 aperirijussisset,
1337 3306 1544 3344 omnes
1568 3307 1667 3345 eos
1698 3290 1798 3361 qui
1827 3290 2096 3357 aderant,

453 3379 775 3451 splendore
807 3386 983 3451 atque
1016 3379 1215 3433 odoris
1249 3379 1532 3433 suavitate
1570 3395 1699 3448 qua:
1740 3378 1801 3432 in
1834 3378 1979 3449 ipsis
2013 3394 2107 3431 re-

449 3469 692 3523 condita
716 3475 838 3522 erat
867 3468 1202 3523 oblectavit.
1230 3468 1501 3538 Dixitque
1525 3468 1608 3521 eis
1634 3484 1647 3520 :
1673 3468 1842 3522 Scitis
1866 3468 2104 3523 cuinam

450 3558 537 3611 rei
559 3558 649 3610 hae
675 3574 827 3611 arcm
851 3557 1077 3611 similes
1102 3557 1257 3611 sint?
1279 3557 1603 3611 humilibus
1620 3557 1902 3611 nimirum
1926 3562 2105 3628 atque

450 3645 699 3716 abjectis
723 3646 842 3699 illis
864 3646 1022 3712 viris,
1048 3646 1379 3716 vilibusque
1402 3646 1659 3701 vestibus
1680 3646 1923 3710 indutis,
1959 3664 2104 3718 quo-

457 3748 587 3787 rum
622 3750 720 3787 vos
752 3740 1061 3788 externum
1098 3734 1703 3798 habitumintuentes,
1729 3737 2103 3790 contumeliae

454 3837 522 3876 ac
546 3822 728 3892 probo
754 3823 898 3877 mihi
924 3823 1194 3890 duxistis,
1221 3824 1379 3894 quod
1403 3831 1538 3878 ante
1562 3842 1662 3879 eos
1685 3825 1743 3877 in
1772 3830 1987 3879 terram
2011 3841 2103 3879 me

452 3911 824 3981 abjecissem.
862 3914 976 3984 Ego
1011 3918 1211 3967 autem
1252 3930 1460 3968 eorum
1507 3914 1877 3979 dignitatem,
1928 3920 2104 3985 atque

445 4001 786 4055 animorum
810 4001 1323 4072 pulchritudinem
1339 4003 1747 4074 spiritualibus
1764 4003 1949 4057 oculis
1964 4020 2101 4057 con-

448 4089 816 4149 sideransex
832 4092 1096 4162 ipsorum
1116 4098 1389 4146 contactu
1412 4092 1661 4163 gloriam
1677 4092 2102 4151 contraxi.eos-

450 4195 566 4250 que
588 4181 791 4250 quavis
815 4198 1033 4235 corona
1058 4186 1115 4235 et
1134 4182 1341 4252 quavis
1364 4182 1523 4251 regia
1537 4199 1797 4253 purpura
1818 4187 2101 4253 praastan-

451 4268 632 4322 tiores
665 4270 1010 4324 existimavi.
1047 4270 1132 4324 Ad
1160 4271 1318 4325 hunc
1346 4272 1523 4342 igitur
1553 4271 1795 4325 modum
1816 4272 2103 4341 pudorem

453 4357 600 4429 ipsis
633 4358 1142 4429 incussit.eosqué
1176 4360 1234 4413 in
1258 4360 1347 4413 his
1362 4359 1537 4413 rebus
1558 4377 1688 4430 qua;
1713 4361 1773 4414 in
1798 4367 2103 4431 aspectum

446 4446 674 4501 cadunt
707 4448 955 4503 minime
977 4448 1256 4503 oberrare
1272 4448 1490 4509 docuit,
1516 4466 1715 4503 verum
1739 4450 1811 4504 iis
1834 4450 2103 4504 animum

2209 3304 2305 3346 τας
2338 3281 2567 3361 εὕφρανε
2609 3282 2736 3345 τοὺς
2762 3285 3034 3359 παρόντας
3064 3289 3131 3359 τῇ
3187 3291 3296 3341 τῶν
3344 3287 3395 3341 ἐν
3427 3286 3591 3346 αὐτοῖς
3616 3285 3775 3338 ἀποκει-

2215 3373 2388 3445 μένων
2421 3369 2745 3449 φαιὸρότητι
2769 3372 2859 3426 καὶ
2910 3370 3126 3445 εὐωδίᾳ.
3160 3376 3307 3452 Ἔφη
3369 3372 3425 3430 δὲ
3452 3375 3573 3448 πρὸς
3620 3369 3773 3429 αότοὺς

2212 3460 2410 3519 Οἴδατε
2439 3460 2547 3516 τίνι
2579 3460 2749 3533 ὅμοια
2776 3465 2943 3516 ταῦτα
2977 3480 2990 3529 ;
3040 3468 3159 3525 τοῖς
3193 3463 3467 3525 ταπεινοὶς
3519 3462 3700 3521 ἐκείνοις
3719 3456 3777 3511 καὶ

2211 3549 2404 3619 εὐτελῆ
2438 3551 2840 3625 περικειμένοις
2869 3548 3143 3624 ἐνδυματα
3163 3556 3305 3626 (91),
3341 3551 3413 3607 ῶν
3444 3553 3583 3624 ὑμεῖς
3605 3550 3654 3604 τὸ
3674 3546 3776 3603 ἐκτὸς

2212 3641 2445 3713 δρῶντες
2478 3645 2577 3696 44
2612 3647 2831 3714 σχῆμα.
2889 3635 3042 3715 ὕϐριν
3096 3644 3382 3717 ἡγήσασθε
3435 3642 3525 3710 τήν
3554 3640 3667 3712 ἐμὴν
3691 3633 3778 3690 κατᾶ

2211 3728 2505 3799 πρόσωπον
2526 3728 2705 3782 αὐτῶν
2738 3728 2826 3783 ἐπὶ
2855 3736 2957 3804 γῆς
3014 3731 3407 3804 προσκύνησιν·
3464 3730 3563 3805 ἐγὼ
3614 3726 3777 3797 δὶ,τοῖς

2209 3822 2424 3893 νοεροῖς
2453 3813 2667 3891 ὄμμασι
2696 3819 2758 3872 τὸ
2787 3817 2973 3891 τίμιον
3032 3820 3212 3875 αὐτῶν
3268 3823 3357 3876 καὶ
3413 3816 3698 3896 περικαλλὲς
3718 3834 3778 3867 Μ’

2209 3908 2478 3976 τανοήσας
2524 3911 2631 3961 τῶν
2688 3910 2907 3982 ψυχῶν,
2966 3906 3321 3982 ένεδοξάσθην
3385 3912 3472 3983 μὲν
3525 3913 3582 3981 τῇ
3630 3903 3777 3960 τούτων

2210 3995 2570 4071 προσψαόσει,
2626 3997 2827 4058 παντὸς
2885 3995 2941 4051 δὲ
2997 4000 3265 4075 στεφάνου
3332 4002 3419 4055 καὶ
3472 3999 3623 4066 πάσης
3671 3995 3781 4067 ﬂm-

2213 4086 2377 4155 λικῆς
2434 4084 2763 4160 ἁλουργίδος
2831 4088 3194 4162 τιμιωτέρους
3272 4088 3461 4149 αὐτοὺς
3537 4084 3779 4158 ἡγησάμην-

2212 4177 2402 4240 Οὕτως
2431 4175 2522 4231 οὖν
2568 4176 2762 4239 αὐτοὺς
2822 4182 3048 4252 ᾔσχυνε,
3082 4179 3173 4233 καὶ
3228 4178 3433 4251 ἐδίδαξε
3464 4180 3530 4252 μή
3554 4181 3648 4235 τοῖς
3687 4191 3783 4249 φαι-

2209 4266 2462 4337 νομένοις
2497 4265 2821 4335 πλανᾶσθαι,
2853 4265 2999 4321 ἀλλά
3051 4274 3169 4329 τοῖς
3203 4268 3516 4342 νοουμένοις
3542 4263 3781 4339 προσέχειν.

2212 4356 2340 4410 Κατ’
2377 4353 2577 4409 ἐκεῖνον
2634 4355 2813 4410 τοίνυν
2858 4356 2951 4410 τὸν
3014 4352 3209 4427 εὐσεϐῆ
3269 4358 3357 4412 καὶ
3413 4356 3563 4430 σοφὸν
3616 4344 3785 4427 βασιλέα

2207 4445 2297 4498 καὶ
2331 4443 2393 4497 σὺ
2450 4443 2778 4514 πεποίηκας,
2828 4449 2896 4517 τῇ
2956 4444 3130 4520 ἀγαθῇ
3192 4445 3377 4503 ἐλπίδι
3438 4438 3785 4518 προσδεξάμενός

449 4535 541 4607 adj
555 4552 772 4605 ungere
790 4554 919 4607 quas
935 4537 1242 4592 intellectu
1257 4538 1683 4608 percipiuntur.
1707 4540 1904 4609 Itaque
1929 4540 2003 4593 ad
2018 4541 2097 4609 pii

2217 4555 2306 4605 μεν
2338 4534 2406 4602 ἧς
2437 4533 2502 4588 οὗ
2535 4538 2833 4608 ψευσθῆσῃ,
2878 4536 2952 4597 ὡς
3006 4530 3179 4612 ἔγωγε
3210 4540 3392 4609 οἶμαι.
3449 4537 3572 4592 Eine
3622 4527 3667 4584 δὶ
3689 4523 3784 4599 πρὸς

449 4629 508 4679 et
539 4625 826 4695 sapientis
840 4626 994 4696 regis
1016 4626 1471 4681 similitudinem
1489 4627 1615 4698 ipse
1638 4644 1873 4698 quoque
1899 4645 2101 4683 acces-

446 4715 613 4779 snsti;
649 4720 715 4768 ut
743 4714 843 4785 qui
876 4714 1030 4768 bona
1060 4730 1165 4785 spe
1198 4715 1372 4769 nixus
1416 4733 1511 4769 me
1562 4718 1914 4787 susceperis,
1968 4735 2101 4788 qua:

446 4802 706 4874 quidem,
735 4809 800 4857 ut
821 4804 1316 4875 Opinor,minime
1335 4810 1388 4860 te
1418 4805 1603 4861 fallet.
1630 4807 1785 4860 Dixit
1806 4813 2004 4862 autem
2028 4808 2101 4862 ad

443 4908 577 4947 eum
600 4894 919 4963 Josapbat:
959 4895 1090 4947 Haec
1116 4894 1317 4949 omnia
1338 4894 1584 4966 pulchre
1607 4901 1784 4966 atque
1812 4896 2103 4951 concinne

444 4980 664 5036 dixisti.
687 4983 902 5036 Verum
928 4982 1077 5037 illud
1102 4983 1253 5038 scire
1276 4984 1725 5054 aveo,quisnam
1742 4985 1813 5039 sit
1838 4991 1972 5039 tuus
1993 4986 2101 5039 Do-

444 5072 663 5138 minus,
689 5087 866 5143 quem
900 5078 961 5127 tu
993 5073 1282 5128 orationis
1316 5074 1487 5129 initio
1513 5074 1584 5129 de
1607 5075 1709 5129 illo
1746 5076 2103 5130 seminatore

440 5159 619 5215 verba
647 5160 857 5217 fecisse
891 5161 1021 5216 dice
1033 5162 1158 5217 bas'

519 5248 651 5303 CAP.
685 5252 801 5303 VII.
837 5281 903 5290 —
936 5252 1165 5307 Rursus
1196 5252 1375 5325 igitur
1409 5270 1751 5309 sermonem
1794 5270 2105 5310 assumens

2213 4622 2369 4677 αὐτὸν
2406 4624 2433 4677 6
2468 4625 2721 4702 Ἰωασάφ.
2754 4628 2933 4679 Ταῦτα
2971 4625 3068 4698 μὲν
3125 4623 3192 4693 δὴ
3257 4629 3423 4680 πάντα
3474 4622 3634 4680 καλῶς
3677 4617 3783 4670 εἶπαί

2211 4712 2301 4767 καὶ
2330 4711 2697 4787 εὐαρμόστως’
2735 4712 2861 4768 ἀλλ’
2920 4713 3095 4769 ἐκεῖνο
3154 4713 3301 4770 Θέλω
3361 4713 3554 4787 μαθεὶν,
3578 4709 3647 4770 τίς
3682 4703 3779 4759 ἦστε*

2214 4802 2241 4856 ὁ
2274 4800 2367 4865 σὸς
2399 4800 2698 4872 Δεσπότης,
2733 4803 2791 4857 ’ὸν
2819 4803 2936 4857 κατ’
2992 4803 3168 4878 ἀρχάς
3224 4802 3323 4859 τοῦ
3380 4802 3535 4878 λόγου
3583 4797 3683 4867 περὶ
3714 4792 3781 4843 τοῦ

2212 4892 2461 4967 σπορέως
2494 4890 2702 4947 ἐκείνου
2732 4891 3003 4968 εἰρηκέναι
3032 4890 3235 4971 ἔλεγες.

2289 5252 2455 5308 ΚΕΦ.
2481 5250 2553 5307 Ζ’.
2587 5246 2752 5311 Αὖθις
2782 5244 2872 5301 οὖν
2900 5242 3186 5303 ἀναλαϐὼν
3206 5248 3301 5302 τὸν
3326 5245 3486 5319 λόγον
3511 5242 3535 5296 ὁ
3558 5229 3776 5310 Rapidi“!

523 5443 633 5537 Q1)
668 5446 1117 5537 ρθδπεριικεῖσθαί
1148 5452 1908 5537 tz'notaviin‘Notithmss‘.
1943 5457 2091 5537 tom;~

2249 5467 2311 5513 ιι,
2344 5467 2442 5521 pp.
2477 5449 2788 5537 gget'lSt.
2822 5450 3077 5537 {capnes
3125 5447 3409 5537 Chrys;p.
3442 5448 3521 5537 46ι
3537 5426 3769 5537 ςὲίειξηβξς

447 5512 632 5594 σιλεὺς
663 5518 731 5584 εἴ,
757 5512 1053 5594 διαδήματι
1087 5521 1410 5594 περίκεισαι.
1447 5527 1592 5594 Puto
1626 5524 2028 5583 scribendum.
2065 5519 2106 5576 δι

2217 5542 2308 5594 δμα
2337 5512 2458 5593 ἑτέρ.
2494 5519 2780 5594 Displicet
2819 5515 3063 5594 διάδημά
3085 5539 3137 5594 τι
3165 5512 3286 5594 περς
3316 5512 3441 5594 Ipse
3461 5588 3473 5594 _
3495 5516 3650 5594 bona.“

455 5568 731 5669 Lumina;
759 5568 829 5669 ές
855 5568 2106 5669 donaris;.2;..:".3;a“;;;;;.;z,;g

2217 5568 3136 5663 ',‘“ﬁa'r;zs’na‘aaitutata;
3173 5568 3371 5647 gem};
3384 5568 3435 5643 ιζ
3461 5568 3507 5656 1,
3522 5603 3571 5657 ρ.
3598 5581 3652 5635 so
3674 5591 3685 5629 :
3708 5568 3760 5635 Ti

459 5658 607 5736 χιιρί
637 5664 705 5738 τῇ
734 5658 833 5733 τῆν
867 5659 1060 5719 ἅλυσιν
1092 5658 1470 5742 περικειμένῃ·
1502 5658 1604 5724 ubi
1635 5658 1847 5724 editor.
