4000 6202
194 375 307 429 905

1379 382 1550 437 ΥῙῚἍ
1585 377 1938 436 BARLAAM
1973 378 2069 434 ET
2101 375 2445 431 JOABAPH.

3506 384 3616 444 906

197 517 347 553 ειπεν
383 494 605 570 (92)·Εἶ
660 499 751 553 τὸν
806 498 936 572 ὶμὸν
1001 499 1189 576 βούλει
1250 500 1523 571 Δεσπότην
1584 500 1793 574 μαθεῖν,

1936 562 1941 571 ,
1973 499 2262 563 Barlaam,
2288 498 2467 555 dixit:
2492 499 2546 554 Si
2580 499 2856 571 quisnam
2884 500 3172 557 Dominus
3201 519 3371 562 meus
3402 508 3479 564 sit
3508 511 3611 567 in-

196 586 403 667 Κύριός
436 585 580 642 ἐστιν
639 590 850 657 Ἰησοῦς
908 590 1161 664 Χριστὸς,
1194 591 1221 646 6
1257 592 1559 666 μονογενὴς
1606 590 1730 652 Υἱὸς
1758 591 1857 643 τοῦ

194 680 354 741 Θεοῦ,
417 676 443 731 6
505 676 774 751 μακάριος
832 678 922 732 καὶ
986 678 1151 751 μόνος
1210 676 1853 747 δυνάστης,ὁΒασιλεὺς

191 768 303 818 τῶν
372 763 771 840 βασιλευόντων
832 770 921 821 καί
982 766 1182 836 Κύριος
1236 772 1340 821 τῶν
1392 767 1777 841 κυριευόντων,
1824 766 1852 820 6

197 852 371 925 μόνος
401 848 547 928 ἔχων
602 853 916 923 ἀθανασίαν,
972 860 1087 933 φῶς
1144 855 1307 911 οἰκῶν
1362 855 1655 929 ἀπρόσιτον
1715 858 1849 927 (93),

188 943 217 996 6
252 942 347 995 σὺν
385 943 554 1013 lla-:92
613 943 704 998 καὶ
766 943 904 1018 ἁγίῳ
966 945 1241 1018 Ιινεύματι
1301 943 1683 1017 δοξαζόμενος.
1737 943 1851 1001 Ούκ

186 1031 304 1103 εἰμὶ
341 1033 444 1107 γὰρ
479 1031 584 1109 ἐγὼ
614 1037 721 1087 τῶν
752 1034 880 1096 τοὺς
911 1033 1158 1095 πολλοὺς
1186 1034 1411 1097 τούτους
1452 1034 1541 1089 καὶ
1584 1035 1847 1095 ἀτάκτους

182 1121 635 1197 ἀναγορευόντων
669 1122 848 1191 θεοὺς,
889 1126 980 1179 καὶ
1037 1126 1104 1180 τὰ
1133 1123 1319 1201 ἄψυχα
1346 1129 1516 1181 ταῦτα
1571 1125 1660 1180 καὶ
1690 1124 1848 1198 κωφὰ

178 1206 501 1282 σεϐομένων
556 1210 778 1267 εἶ’δωλα·
813 1213 939 1269 ἀλλ’
995 1210 1087 1269 ἕνα
1142 1215 1271 1271 Θεὸν
1302 1214 1552 1283 γινώσκω
1581 1215 1672 1270 καὶ
1703 1215 1838 1286 ὁμο-

176 1298 339 1375 λογῶ
372 1306 466 1360 45
530 1300 585 1356 ἐν
642 1304 816 1378 τρισὶν
879 1303 1202 1359 ὑποστάσεσι
1258 1301 1642 1377 δοξαζόμενον,
1678 1302 1845 1377 Πατρί

174 1412 351 1467 φημι,
385 1390 471 1445 καὶ
504 1393 637 1464 Υἱῷ,
670 1393 758 1447 καί
812 1394 950 1468 ἁγιῳ
1009 1393 1302 1467 Πνεύματι,
1334 1393 1386 1449 ἐν
1423 1399 1520 1468 μιᾷ
1573 1391 1630 1448 δὲ
1687 1392 1841 1471 φύσει

172 1482 266 1533 καὶ
302 1480 484 1551 οὐσίᾳ,
520 1479 572 1535 ἐν
610 1480 708 1553 μίᾷ
737 1479 862 1555 δόξῃ
909 1481 997 1537 καὶ
1034 1481 1283 1557 βασιλείᾳ
1342 1485 1417 1556 μή
1480 1484 1836 1559 μεριζομένῃ.

172 1570 354 1629 Οὗτος
387 1570 477 1623 οὖν
508 1571 536 1624 6
568 1569 622 1625 ἐν
650 1570 826 1645 τρισὶν
865 1572 1218 1627 ὑποστάσεσιν
1281 1572 1356 1635 εἷς
1414 1573 1561 1645 Θεὸς,
1596 1570 1837 1647 ἄναρχός

169 1679 232 1713 τε
266 1658 360 1712 καὶ
392 1656 779 1730 ἂτελεύτητος,
829 1660 1049 1723 αἰώνιός
1103 1681 1163 1716 τε
1214 1660 1304 1715 καὶ
1335 1658 1533 1730 ἀΐδιος,
1567 1659 1835 1730 δικτιστος,

171 1746 449 1822 ἅτρεπτός
482 1770 539 1803 τε
578 1749 667 1804 καὶ
727 1751 1035 1823 ἀσώματος,
1098 1750 1350 1826 ἀόρατος,
1408 1752 1832 1826 ἀπερίγραπτος,

170 1838 570 1910 ἆπερινόητος,
628 1840 830 1914 ἀγαθὸς
882 1839 972 1894 καὶ
1032 1837 1241 1902 δίκαιος
1301 1840 1484 1913 μόνος,
1517 1840 1635 1895 ὁτᾶ
1662 1839 1833 1895 πάντα

165 1925 227 1981 ἐκ
292 1928 373 1999 μή
433 1923 601 1982 ὅντων
646 1929 1114 2002 ὑποστησάμενος,
1170 1930 1238 1984 τά
1282 1950 1341 1985 τε
1393 1929 1563 2004 ὁρατᾶ
1615 1928 1704 1984 καὶ
1760 1930 1827 1984 τὰ

164 2015 399 2088 ἀόρατα,
432 2020 652 2091 πρῶτον
689 2017 783 2089 μὶν
833 2014 1165 2091 δημιουργεῖ
1190 2016 1288 2079 τὰς
1335 2016 1619 2084 οὐρανίους
1668 2015 1823 2072 δυνά-

163 2126 295 2176 μεις
327 2106 414 2159 καὶ
451 2106 741 2181 ἀοράτους,
799 2105 1147 2181 ἀναρίθμητά
1175 2128 1297 2162 τινα
1325 2106 1514 2177 πλήθη
1575 2105 1714 2162 ἄϋλά
1766 2127 1824 2161 τε

156 2194 257 2248 καὶ
293 2193 576 2266 ἀσώματα,
638 2195 989 2272 λειτουργικᾶ
1044 2196 1322 2269 πνεύματα
1378 2204 1478 2265 τῆς
1535 2200 1632 2252 τοῦ
1689 2200 1821 2251 Θεοῦ

160 2282 624 2357 μεγαλειότητοςο
659 2282 846 2339 ἔπειτα
869 2287 960 2340 τὸν
1014 2286 1291 2360 ὁρώμενον
1343 2286 1549 2358 κόσμον
1605 2288 1820 2350 τοῦτον,

153 2370 396 2447 οὐρανόν
432 2392 487 2426 τε
545 2371 636 2427 καὶ
692 2380 793 2450 γῆν
853 2374 943 2428 καὶ
1000 2375 1097 2442 τὴν
1158 2373 1453 2442 θάλασσαν,
1511 2374 1670 2448 ὅνπερ
1730 2375 1819 2428 καὶ

153 2460 300 2537 φωτὶ
364 2458 663 2537 φαιδρύνας
718 2462 1121 2534 κατεκόσμησεν
1156 2510 1171 2535 ,
1230 2462 1455 2538 οὐρανὸν
1516 2463 1612 2535 μὲν
1670 2462 1818 2535 ἡλίῳ

149 2550 245 2603 καὶ
282 2550 489 2624 σελήνῃ
520 2551 607 2605 καὶ
666 2556 785 2614 τοῖς
839 2549 1080 2625 ἄστροις,
1124 2558 1227 2626 γῆν
1261 2549 1318 2606 δὲ
1347 2552 1625 2614 παντοίοις
1682 2549 1817 2627 βλα-

153 2644 404 2712 στήμασι
436 2640 528 2695 καὶ
562 2638 843 2719 διαφόροις
877 2643 1061 2711 ζώοις,
1094 2643 1192 2710 τήν
1244 2662 1302 2697 τε
1353 2639 1622 2696 θάλασσαν
1652 2638 1817 2696 πάλιν

150 2730 235 2804 τῷ
296 2730 635 2805 παμπληθεῖ
708 2737 815 2787 τῶν
871 2738 1083 2802 νηκτῶν
1138 2754 1320 2807 γενει.
1375 2735 1555 2789 Ταῦτα
1619 2730 1812 2801 πάντα,

150 2820 321 2882 αὐτὸς
389 2822 529 2890 εἷπε,
572 2822 661 2876 καὶ
719 2820 1105 2896 ἐγεννήθησαν,
1158 2821 1315 2884 αύτὸς
1375 2818 1676 2876 ἐνετείλατο
1723 2821 1810 2876 καὶ

151 2909 484 2978 ἐκτίσθησαν
539 2914 653 2982 σ’94)
688 2955 703 2970 .
761 2911 892 2968 Εἶτα
978 2909 1305 2986 δημιουργεῖ
1376 2911 1469 2965 τὸν
1528 2908 1810 2985 ἄνθρωπον

152 3000 352 3074 χερσὶν
412 2996 603 3067 ἰδίαις,
664 3004 801 3074 χοῦν
863 3001 957 3073 μὲν
1019 2996 1203 3055 λαϐὼν
1258 3000 1364 3054 ἀπὸ
1418 3006 1518 3069 τῆς
1573 3005 1676 3074 γῆς
1735 2999 1811 3060 είς

148 3086 458 3143 διάπλασιν
486 3093 584 3143 τοῦ
617 3089 893 3161 σώματος,
948 3090 1048 3157 τήν
1109 3087 1167 3144 δὲ
1216 3090 1400 3165 ψυχὴν
1462 3087 1693 3162 λογικὴν
1720 3088 1811 3143 καὶ

142 3180 341 3251 vos.in
378 3175 470 3232 διὰ
497 3181 592 3232 τοῦ
620 3178 827 3233 οἰκείου
860 3177 1251 3255 ἐμφυσήματος
1309 3179 1457 3250 αύτῷ
1515 3176 1639 3239 δοὺς
1673 3181 1808 3251 (95),

1965 588 2230 657 telligere
2246 587 2726 659 cupis.Dominus
2747 590 2915 645 Jesus
2931 589 3198 647 Christus
3221 597 3612 669 est.unigeni-

1961 682 2078 745 tus,
2110 678 2376 747 inquam,
2410 676 2511 731 ille
2535 678 2635 732 Dei
2660 678 2858 741 Filius.
2888 679 2987 735 ille
3012 680 3219 737 beatus
3247 689 3306 738 et
3322 685 3484 741 solus
3507 705 3613 758 po-

1962 773 2116 830 tens,
2140 767 2240 821 ille
2264 769 2381 822 Rex
2402 782 2605 839 regum
2629 773 2686 822 et
2711 768 2994 824 Dominus
3020 770 3482 840 dominantium,
3507 778 3611 847 qui

1961 857 2122 911 solus
2154 856 2872 924 habetimmortalitatem,
2897 874 2964 913 ac
2985 859 3179 915 lucem
3206 862 3610 922 habitatinac-

1958 944 2320 1011 cessibilem,
2345 945 2443 1016 qui
2467 962 2601 1000 cum
2631 947 2800 1001 Patre
2828 953 2885 1002 et
2907 947 3126 1019 Spiritu
3152 958 3358 1007 sancto
3385 954 3607 1026 glorifi-

1957 1039 2125 1089 catur
2153 1036 2203 1104 (I
2222 1036 2467 1096 Tim.vi).
2486 1036 2859 1105 Nequeenim
2875 1053 2942 1091 ex
2975 1055 3180 1094 eorum
3204 1058 3454 1099 numero
3469 1049 3609 1102 sunt

1955 1124 2055 1195 qui
2089 1124 2307 1178 multos
2322 1124 2429 1178 hos
2444 1129 2502 1179 et
2523 1124 2859 1195 petulantes
2874 1127 3017 1183 deos
3039 1129 3265 1197 colunt,
3286 1138 3462 1203 atque
3478 1135 3604 1190 haec

1954 1213 2166 1267 animae
2200 1213 2463 1284 expertia
2493 1219 2550 1267 et
2579 1213 2759 1269 surda
2780 1216 3101 1273 simulacra
3118 1228 3607 1291 venerantur;ve—

1951 1318 2083 1356 rum
2114 1318 2300 1357 unum
2318 1303 2501 1357 Deum
2533 1318 2788 1375 agnosco
2802 1307 3178 1368 etconfiteor.
3204 1311 3303 1381 qui
3327 1311 3389 1366 in
3413 1312 3603 1369 tribus

1950 1392 2247 1463 personis,
2280 1392 2391 1445 hoc
2421 1396 2512 1446 est
2540 1394 2713 1447 Patre
2747 1400 2805 1448 et
2834 1395 2979 1450 Filio
3012 1403 3071 1452 et
3100 1397 3319 1469 Spiritu
3370 1408 3597 1473 sancto,

1949 1485 2125 1549 atque
2157 1495 2274 1534 una
2305 1484 2877 1543 naturaetessentia.
2902 1484 2963 1538 in
2986 1501 3104 1540 una
3128 1487 3316 1558 gloria
3338 1495 3395 1544 et
3415 1508 3595 1564 regno

1947 1568 2192 1622 minime
2221 1567 2801 1641 divisogloriﬁcatur.
2828 1572 2932 1627 Hic
2962 1573 3139 1645 igitur
3170 1576 3230 1630 in
3257 1578 3444 1634 tribus
3458 1598 3593 1651 per-

1946 1658 2109 1711 sonis
2140 1673 2293 1711 unus
2318 1657 2490 1724 Deus,
2521 1657 2799 1729 principii
2852 1676 2919 1715 ac
2972 1661 3108 1716 finis
3154 1679 3363 1734 expers
3412 1669 3589 1737 (Νίκη

1944 1753 2083 1801 orat.
2117 1749 2170 1812 2,
2205 1746 2271 1800 de
2304 1745 2544 1818 Pasch.),
2573 1749 2995 1819 sempiternus,
3016 1750 3336 1823 increatus,
3370 1755 3589 1812 immu-

1945 1834 2415 1906 tabilis,corpore
2430 1837 3010 1904 vacans,invisibilis.
3037 1841 3588 1916 circumscriptione

1940 1940 2170 1990 carens,
2203 1924 2385 1979 animi
2401 1925 2998 1995 comprehensionem
3020 1928 3274 2001 fugiens,
3298 1933 3460 1989 solus
3473 1936 3586 1991 bo-

1931 2028 2045 2068 nus
2058 2014 2332 2084 acjustus
2350 2018 2460 2072 est.
2494 2012 2595 2083 qui
2611 2014 3103 2087 omnia.tamqua3
3120 2019 3311 2075 oculis
3322 2039 3586 2080 cernun-

1931 2109 2029 2157 tur
2041 2119 2217 2172 quam
2243 2118 2373 2172 quae
2396 2102 2706 2157 oculorum
2725 2102 2997 2160 obtutum
3029 2106 3282 2179 fugiunt,
3310 2127 3381 2166 ex
3393 2113 3581 2171 nihilo

1929 2191 1991 2246 in
2005 2197 2199 2245 ortum
2232 2190 2527 2261 produxit.
2547 2191 2813 2247 Primum
2846 2193 3075 2249 scilicet
3094 2196 3482 2255 invisibilium
3511 2220 3579 2259 ac

1929 2280 2257 2336 caelestium
2272 2279 2555 2334 virtutum
2570 2279 3068 2337 innumerabilem
3085 2286 3408 2355 quamdam
3422 2290 3572 2346 mul-

1928 2370 2241 2425 titudinem
2256 2368 2551 2423 amateria
2563 2374 2622 2422 et
2639 2386 2886 2441 corpore
2912 2380 3203 2429 secretam
3224 2376 3336 2431 hoc
3360 2383 3449 2433 est
3466 2378 3573 2435 ad-

1926 2460 2232 2515 ministros
2246 2458 2460 2513 divinae
2484 2458 2598 2529 maj
2610 2459 2814 2514 estatis
2840 2460 3105 2531 spiritus;
3130 2462 3344 2521 deinde
3365 2473 3566 2525 autem

1923 2548 2212 2606 mundum
2228 2548 2386 2602 hunc
2416 2548 2477 2601 in
2509 2553 2815 2618 aspectum
2848 2549 3181 2619 cadentem,
3208 2552 3319 2611 hoc
3349 2563 3569 2614 estcui-

1922 2638 2069 2699 lum.
2095 2654 2162 2692 ac
2180 2642 2422 2701 terram,
2447 2641 2505 2689 et
2521 2651 2704 2703 mare;
2724 2654 2902 2707 quem
2922 2640 3099 2695 etiam
3114 2642 3565 2702 lmtissimaluce

1923 2725 2245 2790 coornavit,
2270 2723 2482 2779 caelum
2500 2740 2714 2795 nempe
2740 2726 2864 2781 sole
2896 2742 2963 2781 ac
2991 2728 3136 2784 luna
3166 2735 3223 2784 et
3252 2733 3569 2805 sideribus,

1922 2821 2138 2870 terram
2155 2818 2352 2868 autem
2375 2812 2572 2866 omnis
2594 2814 2832 2883 generis
2854 2815 3139 2886 stirpibus
3156 2835 3223 2873 ac
3241 2821 3421 2875 variis
3433 2824 3571 2877 ani-

1920 2904 2433 2963 mantibus.mare
2461 2901 2719 2972 denique
2763 2906 3273 2963 numerosissimis
3318 2910 3573 2981 piscium

1918 2992 2255 3067 generibus.
2280 2991 2627 3046 Haacomnia
2657 2992 2784 3062 ipse
2802 2992 2970 3061 dixit,
3000 3000 3059 3049 et
3087 2995 3242 3053 facta
3263 3006 3422 3066 sunt;
3448 3001 3576 3072 ipse

1918 3081 2514 3149 mandavit,etcreata
2528 3080 2826 3150 sunt(Psal
2852 3086 3242 3154 cxnvin).Post
3254 3094 3450 3145 autem
3468 3090 3572 3145 ho-

1919 3172 2143 3226 minem
2174 3168 2713 3225 suismetmanibus
2732 3169 2938 3241 efﬁgit,
2969 3179 3205 3245 sumpto
3229 3176 3517 3233 nimirum
3539 3195 3574 3235 ε,

145 3266 275 3336 ⁴ἲζτις
309 3268 429 3322 κατ’
458 3265 639 3321 εἰκόνα
690 3267 779 3321 καὶ
843 3267 1109 3337 ὁμοίωσιν
1166 3267 1263 3321 τοῦ
1293 3271 1426 3322 Θεοῦ
1483 3264 1813 3341 δεδημιούρ-

1936 3268 2087 3316 terra
2115 3260 2188 3315 ad
2220 3257 2483 3329 corporis
2496 3259 3571 3330 compositionemluto,animaautem

140 3364 353 3431 γῆσθαι
384 3356 685 3431 γέγραπται
732 3359 861 3429 (96)’
922 3358 1039 3411 κατ’
1071 3355 1251 3411 εἲκόνα
1284 3357 1404 3428 μὲν,
1429 3354 1519 3411 διὰ
1573 3357 1638 3411 τὸ
1696 3376 1813 3410 νοε-

142 3448 234 3519 ρον
292 3446 391 3499 καὶ
450 3444 817 3515 αὐτεξούσιον,
876 3446 996 3509 καθ’
1049 3444 1315 3518 ὁμοίωσιν
1345 3442 1403 3499 δὲ
1452 3442 1540 3499 διὰ
1585 3445 1685 3513 τὴν
1712 3450 1811 3512 τῆς

137 3536 344 3609 ἀρετῆς
379 3534 520 3589 κατά
548 3534 610 3589 τὸ
643 3532 867 3589 δυνατὸν
894 3538 993 3592 46
1017 3535 1285 3608 ὁμοίωσιν
1319 3536 1450 3608 (97).
1484 3536 1691 3591 Τοῦτον
1721 3534 1813 3588 τὸν

141 3623 439 3698 ἄνθρωπον
529 3623 968 3698 αύτεξουσιότητι
1054 3626 1141 3681 καὶ
1212 3624 1475 3697 ἀθανασίᾳ
1551 3626 1811 3696 τιμήσας,

144 3713 382 3787 βασιλέα
430 3716 539 3767 τῶν
591 3713 679 3769 ἐπὶ
734 3717 839 3789 γῆς
899 3715 1247 3785 κατέστησεν·
1280 3713 1470 3783 ἐπίησε
1521 3710 1579 3768 δὶ
1632 3710 1684 3783 ἐξ
1715 3711 1815 3767 αύ-

136 3808 237 3857 τοῦ
268 3803 336 3859 τὸ
371 3800 540 3872 θῆλυ,
578 3804 782 3878 βοηθὸν
815 3804 963 3877 αὐτῷ
991 3804 1108 3860 κατ’
1141 3802 1302 3859 αὐτόν
1334 3807 1464 3876 (98).

1918 3350 2171 3406 rationis
2201 3347 2681 3421 etintelligentim
2696 3349 2982 3422 participe
2996 3369 3102 3421 per
3118 3369 3284 3409 suam
3298 3355 3570 3413 insufﬂa-

1920 3442 2143 3495 tionem
2168 3438 2282 3509 ipsi
2306 3437 2683 3509 tributa,quaa
2704 3437 2945 3509 quidem
2959 3440 3034 3495 ad
3060 3442 3157 3497 Dei
3178 3442 3500 3517 imaginem
3514 3452 3575 3503 et

1922 3526 2378 3582 similitudinem
2412 3526 2620 3580 effecta
2662 3543 2790 3581 esse
2845 3528 3066 3599 scripta
3109 3536 3199 3585 est
3230 3531 3379 3590 (Gen.
3407 3550 3462 3587 ιε
3495 3534 3572 3591 ad

1923 3616 2241 3689 imaginem
2276 3613 2568 3681 videlicet,
2584 3620 2829 3687 propter
2857 3616 2970 3670 vim
3000 3618 3370 3692 intelligendi
3394 3627 3571 3694 atque

1924 3706 2156 3763 arbitrii
2170 3702 2611 3770 libertatem;ad
2624 3704 3081 3762 similitudinem
3102 3714 3576 3783 autem,propter

1923 3796 2158 3852 virtutis
2178 3793 2388 3865 ipsius,
2412 3792 2751 3865 quoadejus
2779 3794 2907 3850 fieri
2936 3798 3575 3867 potest,imitationem.

148 3894 321 3949 llunc
352 3910 535 3964 porro
570 3892 899 3964 hominem,
932 3895 1160 3949 arbitrii
1191 3895 1463 3949 libertate
1496 3898 1672 3965 atque
1704 3886 2153 3947 immortalitate
2185 3883 2495 3943 donatum.
2530 3900 2737 3939 eorum
2767 3899 2899 3955 quae
2931 3884 2991 3939 in
3027 3892 3183 3943 terra
3212 3896 3351 3945 sunt
3379 3907 3578 3964 regem

140 3983 499 4050 constituit;
533 3987 713 4054 atque
745 4001 815 4039 ex
844 3985 974 4056 ipso
1005 3985 1313 4044 feminam.
1346 4000 1477 4055 quae
1503 3984 1617 4055 ipsi
1648 3980 1870 4037 auxilio
1902 3980 2079 4041 esset,
2112 3972 2225 4045 ipsi
2259 3971 2517 4027 similem
2546 3972 2763 4027 effecit.

217 4089 315 4143 Καὶ
378 4088 647 4163 φυτεύσας
722 4088 1048 4165 παράδεισον
1110 4089 1161 4146 ἐν
1221 4087 1390 4162 Ἐδὶμ
1467 4090 1604 4143 κατὰ
1678 4088 1803 4142 ἀνα-

137 4175 353 4245 τολὰς,
406 4175 747 4254 εὐφροσύνης
802 4178 893 4233 καὶ
946 4176 1218 4252 θυμηδίας
1270 4180 1449 4249 πάσης
1503 4174 1807 4249 πεπληρω-

141 4268 302 4336 μένον
336 4309 351 4336 ,
412 4263 565 4329 ἔθετο
618 4266 670 4321 ἐν
733 4267 881 4340 αὐτῷ
939 4270 1034 4324 τὸν
1095 4264 1380 4343 ἄνθρωπον
1440 4265 1499 4322 ὂν
1555 4262 1805 4332 ἔπλασε,

134 4356 359 4410 πάντων
396 4356 493 4429 μὶν
524 4361 634 4411 τῶν
687 4356 859 4413 ἐκεῖσε
919 4357 1079 4421 θείων
1136 4362 1318 4432 φυτῶν
1370 4355 1631 4420 κελεύσας
1662 4355 1808 4410 ἀκω-

132 4440 318 4508 λύτως
352 4441 634 4519 μετέχειν,
662 4438 792 4508 ἑνὸς
823 4442 881 4502 δέ
917 4443 1083 4520 μόνου
1115 4447 1348 4520 θέμενος
1390 4444 1617 4513 ἐντολὴν
1661 4443 1808 4505 ὅλως

1989 4081 2347 4151 Consitoque
2381 4078 2443 4133 in
2475 4079 2636 4134 Eden
2658 4078 2733 4134 ad
2758 4079 3057 4137 Orientem
3090 4085 3388 4156 paradiso,
3415 4089 3582 4146 volu-

1919 4173 2099 4244 ptatis
2130 4169 2325 4225 omnis
2356 4173 2534 4239 atque
2565 4168 2986 4226 oblectamenti
3012 4172 3212 4242 pleno,
3248 4176 3575 4247 hominem,

1920 4278 2100 4334 quem
2133 4260 2464 4324 efﬂuxerat,
2498 4257 2560 4312 in
2590 4258 2720 4329 ipso
2747 4258 3097 4327 collocavit;
3131 4262 3216 4316 sic
3241 4264 3581 4334 quidem,ut

1920 4351 2122 4407 divina
2150 4347 2385 4402 bonitas
2398 4346 2601 4401 omnia
2630 4346 2790 4419 ligna
2822 4364 2952 4418 quae
2968 4349 3092 4405 illic
3108 4358 3280 4406 erant
3302 4353 3432 4409 sine
3451 4355 3575 4411 ullo

1922 4439 2352 4512 impedimento
2388 4452 2521 4491 eum
2548 4436 2857 4507 percipere
2881 4437 3355 4509 juberet;unius
3377 4450 3576 4501 autem

134 4532 213 4604 μή
248 4532 569 4606 γεύσασθαι,
622 4534 754 4610 ὅπερ
817 4534 978 4604 ξύλον
1005 4540 1102 4590 τοῦ
1157 4535 1436 4611 γινώσκειν
1494 4532 1663 4589 καλὸν
1719 4531 1809 4587 καὶ

1936 4530 2203 4585 luntaxat
2226 4525 2637 4598 degustatione
2671 4524 2788 4597 ipsi
2821 4526 3204 4586 interdiceret
3234 4532 3414 4603 (quod
3444 4536 3579 4605 qui-

131 4623 387 4694 πονηρὸν
414 4620 709 4693 κέκληται,
737 4622 911 4687 οὕτως
955 4624 1123 4679 εἰπών
1153 4628 1284 4700 (99).
1342 4624 1413 4693 ᾝ
1472 4620 1519 4677 δ’
1575 4623 1633 4676 ἂν
1667 4621 1811 4694 ἠμε-

1922 4619 2056 4673 dem
2073 4617 2299 4689 lignum
2315 4614 2578 4670 scientia
2593 4614 2735 4670 boni
2750 4620 2809 4671 et
2821 4616 2953 4672 mali
2968 4619 3333 4691 appellatum
3349 4623 3579 4693 est),his

217 4787 339 4862 (92)
366 4787 620 4862 lemma
649 4789 964 4862 metricum
996 4788 1056 4843 in
1088 4792 1135 4844 Α
1159 4804 1173 4844 :
1200 4784 1465 4862 Βαρλαᾶμ
1492 4782 1600 4840 ὧδε
1622 4780 1817 4853 διάλεξι

1936 4779 2129 4855 meper.

216 4861 332 4927 (93)
366 4859 386 4913 Ι
421 4859 610 4927 Epist.
644 4860 720 4915 ad
749 4861 896 4915 Tim.
931 4878 1002 4915 VI-
1028 4864 1116 4927 15,
1154 4863 1237 4916 16.

220 4929 341 4997 (94)
365 4929 520 4985 Psal.
558 4948 781 4995 cnvm,
814 4936 866 4988 5.

361 5002 523 5081 “Gen.
563 5020 626 5069 ii,
661 5008 692 5057 7
719 4989 870 5077 εηΚαὶ
900 4995 1132 5058 ἔπλασεν
1166 5002 1194 5057 6
1217 5002 1348 5081 Θεὸς
1376 4999 1470 5055 τὸν
1503 4996 1808 5076 ἄνθρωπον,
1829 4996 1966 5070 χοῦν
2000 4993 2105 5048 ἀπὸ
2128 4998 2250 5062 τῆς,
2278 4997 2407 5066 γῆς,
2430 4991 2521 5046 καὶ
2546 4989 2866 5063 ἐνεφύσησεν
2896 4992 2972 5056 εἷς
2998 4994 3062 5050 τὸ
3091 4994 3389 5072 πρόσωπον
3417 4994 3582 5054 αὐτοῦ

140 5073 326 5137 πνοὴν
360 5076 528 5139 ζωῆς.

218 5143 335 5214 196)
368 5136 515 5200 Cen.
553 5162 589 5207 ι.
627 5149 714 5201 26.
748 5176 816 5187 -
848 5147 928 5201 De
959 5147 1154 5202 verbis
1182 5146 1301 5200 κατ’
1330 5142 1514 5199 εἷ’κόνα
1541 5141 1634 5198 καὶ
1666 5138 1817 5214 ὁμοίω

1963 5136 2094 5193 vide
2125 5142 2166 5193 t.
2212 5138 2257 5204 Ι,
2302 5154 2359 5208 p.
2393 5139 2497 5192 250
2532 5155 2545 5204 ;
2577 5136 2954 5208 Chevraeana,
2980 5143 3024 5195 t.
3053 5140 3126 5206 II,
3159 5158 3217 5213 p.
3251 5142 3375 5197 314.
3410 5143 3579 5201 Lem-

140 5216 342 5289 ma_ir_1
373 5220 419 5270 Α
456 5217 637 5289 ε”Ορα
664 5216 718 5269 τί
748 5216 813 5271 τὸ
835 5217 953 5271 κατ’
985 5216 1166 5272 εἰκόνα
1196 5218 1286 5271 καὶ
1316 5217 1434 5271 καθ’
1465 5214 1753 5289 ὁμοίωσιν,

209 5287 332 5363 (ῌ9ἶ)
364 5289 435 5341 Et
465 5279 695 5363 ethnici
723 5306 957 5363 quoque
992 5291 1385 5363 sapientesiin
1417 5279 1817 5363 philosophia.
1849 5279 2492 5363 virtutette‘rrfstrium
2526 5280 2674 5363 fuga
2716 5287 2774 5337 et
2820 5281 2975 5363 odio.
3000 5290 3339 5363 posuerunt
3363 5284 3463 5363 τὴν
3494 5290 3575 5363 τῷ

136 5361 264 5424 Θεῷ
292 5350 587 5429 ὅμοιωσιν.
628 5350 775 5417 Loca
811 5350 940 5415 vide
966 5363 1025 5416 in
1060 5350 1217 5417 iiotis
1246 5362 1319 5418 ad
1353 5350 1556 5417 Mariui
1591 5350 1817 5414 Proclui

1936 5372 1979 5425 ς).
2018 5350 2493 5429 10.3,_i03:.apud
2525 5350 2775 5429 Falster:
2802 5350 3337 5429 Anzgzni}.pl_tilol.i,
3366 5350 3472 5425 20;
3507 5350 3570 5417 (ἶ.

137 5430 452 5506 hiatthiam
478 5431 719 5506 Proles,
754 5433 828 5488 ad
858 5434 1134 5506 Hippocr.
1168 5452 1206 5506 p

143 5500 546 5578 V’icAt;_Cleric.
585 5503 660 5557 ad
691 5500 949 5578 Sentent'
972 5500 1136 5561 'Plat.
1170 5500 1303 5578 pag.
1344 5507 1468 5561 519.

1214 5479 1227 5491 .
1265 5437 1349 5494 14,
1383 5451 1444 5488 n.
1482 5437 1504 5487 1
1536 5450 1550 5498 ;
1582 5434 1835 5487 Remum
1865 5423 1989 5484 not.
2025 5424 2097 5481 ad
2128 5423 2410 5479 Themist.
2461 5441 2519 5493 p.
2558 5425 2654 5478 135
2685 5441 2699 5491 ;
2735 5425 3035 5482 Heindorf.
3073 5423 3157 5483 ad
3210 5429 3386 5484 Teaet.
3415 5423 3573 5499 §684z

221 5572 337 5663 [982
365 5574 513 5661 gen.
547 5590 610 5643 ii,
641 5578 835 5663 2οη-
865 5576 1083 5663 ξΓῙιερίξ.
1118 5566 1479 5663 Prodromus
1508 5572 2066 5663 '[etrastsinguqeng
2097 5583 2252 5663 pag;
2266 5566 2635 5663 ξεὶξιέξξέιιη
2665 5566 2738 5623 de
2796 5568 2925 5624 Evaa
2978 5568 3334 5630 formatione
3365 5588 3379 5629 :
3417 5570 3573 5649 Σίγα,

139 5638 503 5725 Θερᾼςᾼδρξιται
535 5638 792 5725 γυναικὸς
822 5645 921 5715 τὴν
952 5647 1174 5706 πλάσινο
1207 5652 1329 5707 imo
1359 5645 1463 5725 δρᾷ
1486 5652 1607 5718 τῆς,
1640 5652 1707 5703 ιιι
1733 5660 1817 5703 ωε

1936 5660 1949 5697 ι
1981 5644 2070 5696 est
2097 5638 2160 5696 in
2189 5638 2390 5694 codice
2418 5638 2580 5696 2831.

210 5716 328 5791 (99)
345 5716 505 5775 'Gen.
539 5716 605 5790 ii,
640 5722 726 5776 17.

425 5836 705 5899 Panos.
753 5835 866 5899 Gl.
909 5837 1120 5901 XCVI.

3210 5835 3286 5891 29
