4000 6202
458 287 569 349 907

1984 281 2356 340 ADDENDA.

3669 293 3742 352 vos

461 411 659 471 verbis
687 413 881 469 utens.
916 408 1277 477 Quacunque
1308 403 1405 459 die
1454 403 1848 460 comederetis
1897 420 1968 460 ex
2016 421 2106 474 eo,

2227 423 2294 480 ρᾳ
2341 402 2553 479 φάγητε
2605 404 2698 460 ἀπ’
2750 403 2935 474 αὐτοῦ,
2995 406 3205 480 θανάτῳ
3257 405 3575 474 ἀποθανεῖσθε,
3617 412 3753 471 Eia},

464 510 659 563 morte
688 498 1050 557 moriemini.
1078 498 1390 553 Enimvero
1415 513 1571 551 unus
1594 513 1664 551 ex
1687 495 1987 567 praedictis
2010 513 2114 552 an-

463 589 1001 669 geliciscopiis.qui
1035 589 1136 643 uni
1152 587 1374 660 agmini
1392 593 1805 658 praeerat,cum
1829 586 2117 641 naturalis

466 682 595 739 vitii
612 698 684 737 ne
699 680 1014 735 minimum
1030 677 1270 748 quidem
1291 676 1597 748 vestigium
1614 692 1649 730 a
1664 681 1928 730 creatore
1951 690 2121 729 acce-

464 774 673 846 pisset,
706 786 910 826 verum
935 768 1075 823 boni
1098 783 1277 822 causa
1301 772 1646 838 procreatus
1677 765 1903 824 fuisset.
1932 764 2120 819 libera

467 862 686 919 mentis
708 859 1050 915 inductione
1069 874 1103 912 a
1128 857 1283 912 bono
1307 856 1367 911 in
1401 856 1625 911 malum
1661 854 1922 919 deﬂexit,
1942 860 2120 925 atque

463 952 786 1011 insolentia
841 949 1055 1015 elatus,
1107 947 1389 1004 adversus
1448 946 1768 1002 Dominum
1818 962 1886 1001 ac
1935 946 2119 999 Deum

464 1042 758 1101 rebellare
788 1039 990 1095 voluit.
1026 1040 1108 1094 Ac
1147 1044 1464 1110 propterea
1513 1053 1583 1092 ex
1633 1036 1839 1090 ordine
1891 1051 1997 1089 suo
2054 1050 2121 1089 ac

465 1134 753 1206 dignitate
776 1130 1056 1201 expulsus
1075 1134 1368 1198 est,atque
1400 1144 1503 1197 pro
1530 1125 1705 1181 beata
1736 1125 1841 1179 illa
1861 1124 2049 1196 gloria
2067 1128 2125 1177 et

468 1222 737 1296 angelico
751 1220 1014 1287 nomine,
1031 1218 1255 1274 diaboli
1271 1234 1337 1273 ac
1352 1217 1581 1273 Satanae
1599 1231 1817 1270 nomen
1839 1231 2123 1270 consecu-

470 1320 565 1369 tus
578 1319 681 1369 est.
696 1312 851 1367 Deus
865 1310 1026 1365 enim
1054 1306 1569 1379 ipsum.etcwlesti
1592 1304 2120 1376 gloriaindignum,

463 1401 831 1476 praecipitem
865 1416 895 1454 e
927 1398 1073 1454 cmlo
1108 1396 1622 1452 exturbavit.Cum
1648 1410 1715 1448 eo
1747 1410 1923 1464 porro
1946 1391 2125 1446 simul

474 1494 680 1548 avulsa
710 1498 767 1545 et
792 1491 981 1561 ejecta
1006 1494 1096 1542 est
1123 1488 1333 1559 ingens
1347 1485 1693 1558 angelorum
1726 1484 1825 1553 qui
1851 1483 1963 1553 ipsi
1988 1482 2125 1537 sub-

471 1586 641 1637 erant
670 1578 986 1634 multitudo
1009 1577 1129 1647 :qui
1145 1576 1384 1647 quidem
1402 1575 1616 1630 mentis
1630 1573 1973 1628 inductione
1988 1571 2128 1626 mali

477 1669 919 1727 eﬁ‘ecti.acboni
937 1668 1064 1722 loco
1081 1666 1391 1738 principiis
1406 1665 1494 1720 sui
1512 1664 1903 1719 defectionem
1918 1661 2125 1727 secuti,

478 1761 820 1817 daamonum
850 1763 1163 1826 nomen,ut
1188 1756 1541 1827 impostores
1571 1772 1639 1810 ac
1652 1753 2126 1824 circumscripto-

474 1868 590 1909 res.
623 1854 1006 1921 acceperunt.

547 1940 825 1996 Diabolus
848 1939 1043 2011 igitur,
1078 1935 1350 2007 abjurato
1382 1951 1625 2006 prorsus
1648 1934 1802 1989 bono
1850 1934 2124 2004 malaque

476 2037 691 2087 natura
719 2024 1333 2098 assumpta,invidiam
1365 2023 1645 2079 adversus
1667 2023 1967 2078 hominem
1982 2040 2122 2078 con-

483 2120 640 2190 cepit
669 2120 821 2188 iSap.
856 2120 934 2187 ιι),
968 2121 1282 2186 prOpterea
1302 2114 1461 2185 quod
1483 2113 1742 2184 seipsum
1765 2130 1794 2169 e
1818 2119 1980 2167 tanta
1999 2113 2124 2185 glo-

480 2207 570 2262 ria
599 2207 875 2278 ejectum,
906 2204 1076 2258 illum
1108 2209 1305 2258 autem
1329 2203 1401 2257 ad
1425 2208 1653 2257 tantum
1675 2203 1962 2257 honorem
1986 2201 2126 2257 sub-

478 2300 706 2351 vectum
731 2294 1136 2366 perspiceret:
1170 2308 1423 2362 eumque
1464 2309 1494 2347 e
1546 2291 1716 2346 beata
1758 2291 1863 2346 illa
1890 2291 2123 2347 vivendi

480 2385 709 2440 ratione
722 2382 979 2455 dejicere
994 2381 1565 2447 moliebatur.Quare
1579 2387 1916 2453 serpentem
1935 2381 2123 2452 impo-

480 2479 659 2529 sturaa
692 2490 812 2529 sum
843 2472 1145 2528 ofﬁcinam
1160 2477 1648 2542 nactus.pereum
1680 2471 1964 2526 feminam
1983 2488 2121 2526 con-

480 2563 656 2619 venit.
692 2564 956 2633 Cumque
984 2578 1114 2617 eam
1148 2576 1251 2631 spe
1293 2560 1617 2616 divinitatis
1665 2560 2029 2628 adduxisset,
2062 2565 2126 2615 ut

479 2652 863 2708 interdictum
877 2651 1103 2722 lignum
1115 2650 1586 2722 degustaret.per
1598 2666 1727 2705 eam
1743 2650 2128 2721 posteaetiam

480 2741 774 2798 Adamum
804 2745 966 2810 (nam
997 2739 1109 2795 hoc
1140 2740 1330 2811 primo
1358 2740 1584 2795 homini
1618 2756 1833 2795 nomen
1883 2739 2013 2809 fuit)
2062 2740 2125 2793 in

477 2832 748 2888 fraudem
780 2832 1036 2904 impulit.
1070 2833 1251 2886 Porro
1290 2836 1509 2897 autem,
1561 2837 1626 2885 ut
1673 2832 1901 2901 primus
1946 2830 2123 2884 homo

479 2928 687 2979 contra
714 2922 979 2977 divinum
1005 2921 1322 2992 imperium
1345 2920 1721 2976 interdictam
1740 2920 2004 2991 plantam
2019 2919 2123 2973 de-

477 3012 791 3087 gustavit,a
803 3028 1035 3067 summo
1047 3017 1291 3082 parente
1306 3018 1481 3081 atque
1495 3011 1816 3065 architecto
1839 3028 1868 3065 e
1888 3009 2125 3064 delicia-

476 3118 610 3158 rum
642 3101 915 3173 paradiso
950 3100 1958 3171 exterminatur,atquebeataaillius
1980 3099 2121 3154 etab

477 3191 656 3248 exitio
687 3191 970 3247 immunis
1000 3191 1135 3245 vitas
1169 3191 1295 3246 loco
1330 3191 1389 3245 in
1421 3192 1572 3245 hanc
1596 3192 1735 3256 (heu
1761 3190 1799 3261 !)
1841 3191 2121 3245 miscram

475 3283 651 3337 vitam
687 3281 911 3336 incidit.
947 3297 1015 3336 ac
1047 3288 1344 3352 postremo
1381 3288 1567 3335 morte
1600 3281 1905 3336 multatur.
1931 3284 2121 3352 Atque

475 3372 635 3427 hunc
664 3371 820 3427 vires
850 3376 1058 3426 nactus
1090 3370 1447 3437 diabolus,et
1474 3370 2119 3437 victoriaelatus,aucto

472 3460 785 3516 hominum
807 3476 1044 3532 genere,
1065 3476 1240 3514 omne
1263 3459 1660 3531 improbitatis
1682 3477 1868 3530 genus
1892 3461 2035 3532 ipsis
2060 3479 2121 3517 in

472 3550 741 3604 animum
774 3550 1088 3619 injecit.Ex
1103 3566 1220 3619 quo
1243 3550 1461 3604 factum
1476 3555 1567 3604 est
1582 3550 1800 3605 utDeus
1819 3551 2118 3623 ingentem

470 3638 696 3710 peccati
711 3638 999 3708 impetum
1013 3654 1285 3692 coercere
1299 3654 1366 3692 ac
1382 3640 1703 3709 reprimere
1718 3640 2120 3706 volens,terraa

471 3725 759 3781 diluvium
778 3726 1281 3797 induxerit,atque
1296 3744 1536 3782 omnem
1552 3729 1812 3783 animam
1831 3730 2118 3787 viventem

475 3815 823 3871 exstinxerit
852 3820 864 3879 <
874 3815 1007 3872 Gen.
1041 3816 1310 3883 vu).Cum
1328 3822 1525 3871 autem
1544 3834 1727 3873 unum
1752 3818 2037 3874 duntaxat
2058 3822 2119 3875 in

473 3905 580 3961 illa
608 3910 779 3960 mtate
803 3906 1036 3977 justum
1049 3905 1234 3959 virum
1258 3906 1602 3970 invenisset.
1618 3907 1776 3962 hunc
1790 3925 1921 3963 cum
1937 3927 2119 3965 uxore

464 4010 533 4051 ac
564 3994 770 4050 liberis
794 3995 855 4049 in
878 4010 1015 4050 arca
1036 3994 1291 4065 quadam
1319 4002 1633 4051 servatum.
1662 3997 1852 4051 solum
1876 3998 1936 4053 in
1964 4005 2118 4054 terra

464 4084 788 4140 constituit.
824 4086 1217 4155 Posteaquam
1246 4091 1445 4140 autem
1461 4103 1477 4138 ι
1493 4102 1696 4140 ursum
1714 4086 1988 4142 homines
2005 4106 2114 4144 nu-

460 4190 625 4230 mero
660 4174 858 4247 augeri
886 4179 1211 4245 rmperunt,
1248 4175 1349 4230 Dei
1403 4174 1699 4230 oblivione
1748 4176 1902 4247 capti
1955 4183 2113 4247 sunt,

459 4269 639 4335 atque
671 4264 744 4320 ad
761 4263 1090 4336 graviorem
1118 4264 1487 4336 impietatem
1502 4268 2112 4339 proruperunt,utqui

459 4352 710 4409 diversis
740 4354 998 4426 peccatis
1029 4354 1090 4409 in
1115 4355 1456 4411 servitutem
1480 4371 1541 4410 se
1572 4356 2112 4429 addixerint,atque

456 4443 521 4501 in
551 4445 714 4501 varia
744 4460 1011 4501 errorum
1043 4460 1260 4517 genera
1291 4443 1694 4501 distraxerint.

522 4622 637 4678 Alii
669 4622 829 4678 enim
853 4639 992 4678 casu
1018 4639 1085 4678 ac
1108 4622 1354 4678 fortuito
1379 4625 1581 4680 omnia
1602 4625 1759 4680 ferri
1790 4624 2101 4696 providen-

448 4713 665 4784 timque
692 4712 957 4784 expertia
984 4729 1113 4767 esse
1142 4721 1511 4769 censuerunt
1537 4732 1549 4781 ;
1573 4721 1855 4786 tanquam
1880 4714 2107 4771 scilicet

449 4802 654 4860 nullus
685 4801 971 4858 Dominus
1004 4802 1082 4856 sit
1112 4801 1212 4873 qui
1244 4818 1315 4857 ea
1334 4810 1497 4874 regat
1514 4820 1580 4859 ac
1612 4804 2103 4861 moderetur.Alii

448 5082 537 5134 καὶ

451 5151 615 5224 γνοὺς
648 5150 820 5227 παῖδα
834 5155 1014 5227 γεννᾷ
1045 5151 1135 5205 τὸν
1171 5150 1319 5227 Κα’ῐν’.
1350 5150 1695 5226 Ξῑινὶςῐιδῐυδ,
1730 5156 1829 5227 qui

519 5008 601 5135 (lg
628 5010 774 5066 Gen.
808 5026 888 5067 In.
921 5011 995 5094 23'
1045 5008 1127 5063 Cf.
1163 5013 1202 5063 t.
1236 5010 1333 5095 IlI,
1366 5027 1423 5097 pl:
1459 5011 1549 5077 31,
1600 5027 1658 5066 n.
1694 5016 1745 5071 2.
1776 5012 1878 5096 'llh.
1931 5011 2119 5067 Prodr

519 5082 537 5134 ὶ
606 5080 810 5135 ακοόω.
838 5075 1194 5135 Ἐκϐαλλεται
1225 5099 1325 5135 γαρ
1351 5101 1452 5135 τις
1481 5088 1691 5135 teucri:
1723 5103 1822 5135 του
1853 5082 2085 5135 γωοίου.

2227 5028 2317 5076 us,
2366 5014 2595 5067 Tetrast.
2630 5012 2793 5083 p.‘8;
2846 5007 3072 5073 Βλέπεις
3115 5010 3207 5065 τὸν
3256 5007 3391 5065 ’Λδά

2227 5105 2249 5135 ν
2294 5080 2352 5135 δὶ
2404 5087 2581 5135 μισεῖν
2612 5085 2708 5135 τοῦ
2755 5086 2925 5135 κακοῦ
2969 5083 3068 5135 τίν
3114 5081 3317 5135 αίτίαν.
3368 5082 3391 5130 ’4

2222 498 2327 548 τῶν
2366 492 2668 570 εἰρημένων
2719 495 3017 571 ἀγγελικῶν
3078 493 3367 568 δυνάμεων,
3420 503 3527 569 μιᾶς
3571 510 3752 574 στρατιᾶς

2224 587 2637 658 πρωτοστάτης,
2671 581 2923 646 οὐδόλως
2981 584 3033 639 ἐν
3068 585 3242 658 ἑαυτῷ
3273 587 3406 659 παρά
3446 593 3529 643 τοῦ
3556 597 3751 667 Δημιουρ.

2225 677 2327 747 γοῦ
2358 674 2546 737 κακίας
2577 682 2807 751 φυσικῆς
2852 673 3106 750 ἐσχηκὼς
3163 672 3333 750 ἴχνος,
3364 674 3471 731 ἀλλ’
3521 678 3589 732 ἐπ’
3627 681 3757 755 ἀγαθῴ

2225 763 2518 837 γενόμενος
2555 808 2569 831 ,
2627 764 2957 836 αῦτεξουσίῳ
3032 765 3337 839 προαιρέσει
3400 764 3574 840 ἐτράπη
3621 766 3666 823 ἐκ
3696 774 3761 824 τοῦ

2224 851 2396 906 καλοῦ
2429 852 2503 914 εἷς
2549 853 2611 907 τὸ
2661 854 2847 920 κακὸν,
2907 853 2995 907 καὶ
3057 852 3268 927 ἐπήρθη
3323 856 3387 928 τῇ
3440 856 3645 928 ἀπονοίᾳ,
3679 859 3760 914 ἀντ·

2229 948 2351 1015 ἆραι
2386 941 2678 1017 βουληθεῖς
2734 947 2813 1015 τῷ
2845 942 3087 1016 Δεσπότῃ
3143 943 3232 995 καὶ
3265 947 3393 1015 Θεῷ.
3423 945 3502 998 Διὸ
3550 941 3763 1018 ἀπεϐλήθη

2226 1037 2325 1099 τῆς
2354 1032 2554 1102 τάξεως
2588 1032 2752 1085 αὐτοῦ
2781 1030 2872 1085 καὶ
2903 1034 3003 1100 τῆς
3058 1031 3230 1104 ἀξίας,
3287 1031 3391 1103 καὶ,
3442 1033 3544 1088 ἀντὶ
3580 1037 3657 1103 τῆς
3694 1058 3766 1108 μα,

2227 1120 2416 1196 καιρίας
2474 1118 2635 1193 δόξης
2706 1121 2916 1192 ἐκείνης
3002 1122 3090 1177 καὶ
3175 1118 3462 1197 ἀγγελικῆς
3509 1124 3768 1197 ὀνομασίας,

2238 1205 2499 1272 διάϐολος
2532 1210 2742 1281 ἐκλήθη
2766 1212 2855 1266 καὶ
2883 1218 3122 1273 Σατανᾶς
3140 1212 3582 1286 προσωνόμαστὰι.
3607 1213 3768 1289 Ἐῥριψε

2226 1299 2327 1374 γὰρ
2384 1299 2541 1354 αὐτὸν
2603 1302 2631 1355 ὁ
2688 1301 2817 1365 Θεὸς
2873 1301 2947 1363 ὡς
3008 1302 3215 1375 ἀνάξιον
3284 1308 3376 1371 τῆς
3428 1303 3596 1357 ἀνωθεν
3645 1298 3769 1372 δόξης

2233 1390 2643 1460 συναπεσπάσθη
2708 1387 2765 1445 δὲ
2822 1386 2967 1463 αῦτῷ
3016 1391 3105 1444 καὶ
3164 1384 3528 1461 συναπεϐληθη
3576 1391 3646 1444 καὶ
3676 1396 3775 1457 mi,-

2236 1481 2327 1541 θος
2360 1478 2504 1535 πολὺ
2538 1484 2633 1534 τοῦ
2684 1480 2772 1535 ὑπ’
2832 1481 2991 1536 αὐτὸν
3038 1480 3312 1557 τάγματος
3340 1485 3437 1535 τῶν
3488 1479 3777 1557 ἀγγέλων,οᾎ

2231 1591 2391 1639 τινες,
2451 1571 2609 1625 κακοὶ
2665 1571 2979 1646 γεγονόντες
3036 1574 3129 1629 47
3193 1572 3293 1639 τήν
3362 1572 3664 1645 προαίρεσιν,
3705 1570 3782 1641 καὶ,

2236 1660 2351 1714 ἀντὶ
2419 1664 2514 1715 τοῦ
2602 1661 2799 1736 ἀγαθοῦ
2855 1665 2923 1736 τῇ
2979 1661 3283 1733 ἀποστασία
3361 1659 3781 1731 ἐξακολουθήσαντες

2160 1755 2331 1850 Βτοῦ
2389 1749 2662 1827 ἄρχοντος
2726 1752 2925 1822 αὐτῶν,
2986 1751 3242 1827 δαίμονες
3302 1752 3695 1826 ὠνομάσθησαν,
3736 1752 3784 1813 ὡς

2236 1840 2435 1897 πλάνοι
2465 1842 2555 1897 καί
2587 1844 2911 1907 ἀπατεῶνες.

2306 1932 2713 2007 Ἀρνησάμενος
2775 1934 2863 1988 οὗν
2922 1932 3094 2004 πάντη
3134 1933 3199 1989 τὸ
3260 1932 3446 2009 ἀγαθὸν
3502 1933 3527 1987 ὁ
3575 1925 3784 1993 διάϐολος,

2231 2020 2319 2076 καὶ
2362 2023 2606 2096 πονηρὰν
2659 2018 3113 2097 προσλαϐόμενος
3144 2023 3329 2099 φύσιν,
3360 2021 3541 2101 φθόνον
3582 2017 3783 2090 ἀνεδέξατο

2230 2110 2367 2186 πρὸς
2398 2112 2487 2165 τὸν
2546 2110 2853 2186 ἄνθρωπον,
2885 2114 3026 2187 ὁρῶο
3084 2113 3273 2169 ἑαυτὸν
3308 2112 3399 2185 μὲν
3426 2109 3480 2165 ἐκ
3527 2107 3787 2182 τηλικαΰτης

2231 2200 2601 2280 ἀπορῥιφέντα
2639 2199 2823 2275 δόξης,
2883 2202 3085 2259 ἐκεῖνον
3138 2200 3197 2258 δὲ
3230 2204 3369 2277 πρὸς
3421 2203 3645 2271 τοιαύτην
3669 2201 3783 2271 τιμήν

2232 2290 2582 2368 ἀναγόμενον,
2640 2292 2732 2348 καὶ
2790 2292 3183 2370 ἐμηχανήσατο
3246 2288 3484 2349 ἐκϐαλεῖν
3547 2290 3678 2346 αὐτὸν
3719 2295 3788 2356 τῆς

2236 2381 2499 2456 μακαρίας
2528 2380 2738 2454 ἐκείνης
2795 2381 3093 2459 διαγωγῆς.
3152 2384 3264 2442 Τὸν
3295 2382 3411 2461 ὅφιν
3468 2381 3549 2436 οὗν
3585 2379 3787 2455 ἐργαστή-

2234 2490 2350 2545 ριον
2380 2478 2481 2541 τῆς
2513 2469 2651 2537 ἰδίας
2680 2472 2892 2543 πλάνης
2944 2468 3279 2546 λαϐόμενος,
3336 2470 3403 2527 δι’
3431 2470 3579 2526 αὐτοῦ
3603 2466 3788 2542 ὡμίλησε

2230 2564 2299 2634 τῇ
2330 2562 2567 2637 γυναικὶ,
2606 2563 2695 2618 καὶ
2743 2565 2934 2626 πείσας
2986 2563 3155 2631 αὐτὴν
3187 2568 3375 2642 φαγεῖν
3408 2560 3464 2618 ἐκ
3506 2564 3592 2616 τοῦ
3636 2559 3787 2630 ἀπηγο-

2234 2653 2498 2725 ρευμένου
2555 2650 2760 2707 ἐκείνου
2818 2652 2981 2725 ξύλου
3039 2651 3227 2709 ἐλπίδι
3289 2646 3628 2719 θεώσεως,δι⁵
3673 2647 3788 2713 αὐτῆς

2233 2740 2482 2811 ἠπάτησε
2535 2742 2624 2797 καὶ
2670 2743 2765 2799 τὸν
2819 2740 2992 2816 Ἀδὰμ
3023 2785 3037 2811 ,
3091 2742 3237 2798 οὕτω
3292 2746 3390 2798 τοῦ
3446 2735 3789 2814 πρωτοπλάστιν

2232 2828 2555 2899 κληθέντος.
2617 2832 2719 2888 Καὶ
2778 2830 2967 2908 φαγὼν
3000 2833 3028 2887 ὁ
3059 2836 3281 2906 πρῶτος
3333 2830 3598 2905 ἄνθρωπος
3622 2830 3787 2901 10599-

2230 2923 2328 2974 τοῦ
2385 2927 2484 2990 τῆς
2541 2928 2822 2993 παρακοῆς
2878 2921 3150 2996 ἐξόριστος
3216 2922 3417 2998 γίνεται
3471 2923 3558 2974 τοῦ
3606 2911 3791 2990 παραδεί-

2235 3029 2331 3063 σου
2355 3016 2455 3079 τῆς
2507 3017 2719 3088 τρυφῆς
2778 3016 2853 3081 (1)
2915 3011 3019 3066 ὑπὸ
3067 3015 3165 3067 τοῦ
3224 2999 3790 3085 Δημιουργοῦ,καὶ,ἁντὶ

2231 3100 2332 3165 τῆς
2379 3100 2644 3173 μακαρίας
2703 3106 2846 3170 ζωῆς
2894 3098 3099 3170 ἐκείνης
3155 3102 3249 3155 καὶ
3309 3096 3600 3174 ἀνωλὲθρου
3646 3092 3792 3166 διαγω-

2234 3194 2362 3262 γῆς,
2422 3188 2497 3251 εἷς
2541 3190 2641 3258 τήν
2703 3188 2891 3253 ἀθλίαν
2948 3190 3149 3261 ταύτην
3199 3191 3294 3244 καὶ
3346 3186 3662 3257 ταλαίπωρον
3708 3184 3792 3255 (φεῦ

2232 3298 2327 3350 μοι
2363 3279 2398 3350 ί)
2434 3279 2621 3353 βιοτὴν
2683 3278 2964 3352 ἐμπιπτει,
3021 3280 3115 3334 καὶ
3172 3281 3401 3344 θάνατον
3451 3279 3510 3334 τὸ
3556 3274 3793 3332 τελευταῖον

2228 3365 2662 3438 καταδικάζεται.
2697 3370 2967 3434 Ἐντεῦθεν
3003 3370 3160 3445 ῗσχὺν
3196 3371 3225 3424 ὁ
3261 3365 3512 3430 διάϐολος
3555 3360 3703 3422 λαϐὼν
3732 3358 3792 3413 καὶ

2227 3460 2296 3531 τῇ
2328 3457 2448 3532 νίκῃ
2490 3456 2935 3534 ἐγκαυχώμενος,
2990 3459 3402 3529 πληθυνθὲντος
3435 3461 3527 3513 τοῦ
3550 3446 3702 3530 γίνου(
3721 3453 3795 3504 τῶν

2228 3545 2553 3621 ἀνθρώπων,
2586 3548 2684 3604 48
2745 3551 2913 3601 πᾶσαν
2974 3547 3163 3609 κακίας
3222 3545 3351 3603 ὁδὸν
3384 3544 3557 3605 αὐτοῖς
3611 3542 3792 3602 ὑπέθετο»

2226 3636 2314 3699 Ὦς
2346 3680 2360 3704 ,
2422 3633 2659 3699 ἐντεῦθεν
2716 3633 2970 3710 διακόψαι
3026 3637 3128 3705 τὴν
3177 3634 3404 3706 πολλὴν
3459 3636 3551 3704 τῆς
3596 3625 3795 3705 ἁμαρτὶκ

2227 3725 2395 3802 φορὰν
2456 3722 2871 3799 βουλόμενος,ὁ
2904 3726 3031 3789 Θεὸς
3088 3725 3474 3799 κατακλυσμὸν
3532 3716 3794 3793 ἐπήγαγετῇ

2225 3817 2322 3888 γῇ,
2380 3812 2652 3876 ἀπολέσας
2704 3820 2875 3870 πᾶσαν
2934 3816 3118 3891 ψυχὴν
3192 3821 3391 3886 ζῶσαψ
3449 3812 3533 3869 ἕνα
3581 3808 3633 3865 δὶ
3679 3806 3791 3879 μόνον

2226 3901 2396 3975 εὑρὼν
2431 3900 2640 3959 δίκαιον
2674 3902 2723 3958 ἐν
2755 3908 2824 3978 τῇ
2855 3909 3007 3980 γενεᾷ
3037 3904 3238 3980 ἐκείνῃ,
3280 3909 3471 3960 τοῦτον
3520 3901 3600 3957 σὸν
3640 3891 3795 3971 γυναικῖ

2224 3992 2313 4047 καὶ
2355 3995 2563 4055 τέκνοις
2622 3994 2674 4048 ἒν
2734 3989 2957 4066 κιϐωτῷ
3002 4016 3111 4048 τινι
3170 3993 3503 4069 περισώσας,
3552 3987 3793 4063 μονώτατῠν

2226 4080 2303 4143 εἷς
2333 4083 2431 4150 τὴν
2464 4088 2563 4156 γῆν
2597 4082 2941 4152 κατέστησεν.
2970 4083 3164 4138 Ἡνίκα
3196 4080 3257 4137 δὲ
3314 4080 3514 4156 ἤρξατο
3566 4075 3701 4131 πάλιν
3746 4068 3800 4129 εἷς

2221 4170 2431 4239 πλῆθος
2461 4172 2523 4225 τὸ
2551 4175 2658 4227 τῶν
2709 4172 3012 4247 ἀνθρώπων
3063 4172 3224 4247 γένος
3287 4176 3509 4247 χωρεῖν,
3539 4162 3797 4221 ἐπελάθοντο

2220 4264 2315 4315 τοῦ
2376 4264 2509 4315 Θεοῦ
2566 4261 2655 4314 καὶ
2710 4260 2785 4323 εἷς
2847 4265 3032 4335 χεῖρον
3092 4255 3344 4322 ἀσεϐείας
3407 4258 3681 4335 προέγοψαν
3730 4252 3798 4322 (2).

2220 4348 2502 4426 διαφόροις
2536 4347 2902 4412 δουλωθέντες
2931 4351 3317 4426 ἁμαρτήμασι,
3349 4349 3439 4404 καὶ
3477 4346 3650 4404 δεινοῖς
3677 4357 3797 4395 καῖον

2221 4440 2505 4515 φθαρέντες
2539 4440 2713 4511 ἆτοπή
2725 4460 2880 4509 μασι,
2912 4439 3001 4495 καὶ
3063 4439 3138 4503 εἷς
3168 4434 3488 4516 πολυσχιδῆ
3522 4440 3587 4511 (3)
3636 4428 3799 4495 πλάνην

2153 3149 2196 3216 C

2142 4521 2184 4586 Π
2218 4527 2673 4604 διαμερισθέντες.

2287 4620 2351 4678 0:
2392 4621 2485 4693 μὲν
2518 4623 2621 4695 γὰρ
2680 4623 2759 4694 (4)
2814 4619 3134 4695 αὐτομάτως
3192 4622 3449 4699 φέρεσθαι
3477 4617 3537 4674 τὸ
3565 4620 3653 4670 πᾶν
3700 4605 3796 4699 {vti-

2218 4733 2398 4786 μισαν,
2455 4712 2546 4768 καὶ
2612 4711 2929 4785 ἀπρονόητα
3011 4696 3380 4787 ἐδογμάτισαν
3414 4756 3432 4779 ,
3494 4708 3563 4771 ὡς
3616 4696 3796 4778 μηδενὸς

2213 4802 2573 4879 ἐφεστηκότος
2629 4800 2922 4856 Δεσπότου’
2980 4798 3147 4857 ἄλλοι
3222 4800 3553 4878 εἲμαρμὲνην
3620 4787 3796 4864 cim‘ﬂr

3467 5004 3638 5097 ξηκιιὲο.
3654 4996 3797 5097 ἕλξω

453 5219 711 5297 conjecit
738 5224 766 5278 ὁ
799 5220 845 5278 δ’
866 5219 1025 5291 ’ἄλλη
1059 5248 1084 5274 ‹‹
1120 5232 1186 5280 ut
1212 5225 1287 5280 sit
1318 5219 1546 5281 sensu‘s.
1568 5219 1684 5281 alia
1715 5219 1862 5281 ιὴαια
1884 5229 2106 5283 edoctus
2137 5219 2231 5282 est.
2260 5250 2283 5279 ν
2310 5229 2399 5284 Nil
2422 5219 2796 5284 inn-tandum.
2822 5230 2924 5284 Est
2946 5224 2991 5282 δ’
3026 5224 3186 5281 mar
3209 5224 3633 5297 conjunctionis
3651 5219 3795 5297 fore}?

447 5283 733 5391 {reddens
763 5297 824 5351 in
857 5283 1245 5368 scrip-toribus
1276 5298 1427 5355 istis.
1462 5304 1520 5391 et
1548 5300 1720 5391 cujus
1754 5301 2118 5391 exempla‘co

2227 5301 2261 5389 εἰ
2295 5283 2369 5356 ad
2402 5302 2687 5391 Eicetam,
2719 5317 2777 5371 p.
2802 5303 2925 5387 304..
2960 5283 3475 5391 Ἐτειγνρὺςαῖτίοιν,
3506 5298 3662 5391 Evam

452 5355 823 5447 cetidictum
852 5376 943 5425 est
970 5355 1106 5424 cum
1138 5377 1412 5442 respectu
1441 5370 1515 5426 ad
1547 5355 1688 5426 ce‘h.
1720 5388 1794 5440 iv,
1828 5375 1852 5425 1
1884 5388 1896 5427 :
1926 5355 2104 5444 ’Λδὰμ

2227 5355 2358 5447 ίγνω
2406 5368 2546 5429 Εὕαν
2598 5355 2698 5440 τὴν
2719 5355 2979 5446 ⁵γυναῖκα
3006 5355 3190 5443 αὐτοῦ,
3216 5369 3311 5427 καὶ
3340 5355 3665 5427 συλλαϐοῦσα
3683 5355 3792 5416 Em“

448 5437 540 5492 τὸν
575 5439 730 5496 Καϊν.

523 5513 601 5585 (2)
640 5512 702 5585 β,
732 5506 811 5585 εἷς
842 5508 1079 5585 χείρονα.
1093 5530 1187 5585 πρ.
1221 5506 1486 5572 ἀσέϐειαν.

629 5580 766 5667 god.
791 5578 1146 5667 gemmea:
1175 5585 1423 5667 ‘L‘emma
1452 5586 1770 5667 metricum
1803 5587 1863 5667 in
1964 5604 1982 5667 ξ
2013 5587 2119 5667 ’⁸οσ

2227 5590 2295 5667 Dav
2328 5586 2726 5667 πῇςὲξὲφυσαν
2753 5584 3010 5667 αἱρέσεις.

522 5653 603 5729 (4)
634 5654 830 5713 Schol.
862 5654 925 5714 in
953 5653 1041 5715 AW:
1074 5654 1128 5709 οἱ
1157 5653 1471 5729 Αίγύπτιον
1507 5666 1568 5717 et
1593 5677 1754 5734 mox,
1784 5661 1859 5717 ad
1889 5656 2054 5717 ἄλλοι
2084 5659 2119 5715 εἲ

2250 5661 2303 5718 οἱ
2334 5653 2627 5735 Ἕλληνες.
