4000 6202
218 364 313 420 909

1359 358 1534 413 VITA
1567 352 1922 409 BARLAAM
1962 353 2055 405 ET
2089 353 2432 410 JOASAPH.

3499 364 3615 427 910"

216 515 374 563 σαντο,
404 493 475 565 τῇ
513 489 717 569 γενέσει
769 486 831 543 τὸ
884 492 987 543 πᾶν
1040 484 1446 561 ἐπιτρέψαντες
1491 478 1658 538 ἂλλοι
1700 477 1841 535 πολ-

1971 478 2145 536 l‘atum
2166 480 2939 559 invexeruntnatalitiisque
2953 488 3249 546 sideribus
3262 494 3462 551 omnia
3475 496 3605 555 com

216 586 330 644 Αοὺς
356 582 510 639 θεοὺς
559 579 756 641 κακοὺς
793 578 882 634 καὶ
927 576 1265 641 πολυπαθεῖς
1310 570 1698 642 ἐσεϐάσθησαν,
1741 573 1839 624 τοῦ

214 670 565 751 ξγιιναύτοὺς
594 676 701 725 τῶν
766 667 919 724 ἰδίων
979 673 1167 732 παθῶν
1212 666 1299 721 καὶ
1359 662 1547 720 δεινῶν
1595 661 1836 736 πράξεων

214 764 556 839 συνηγόρους,
585 762 659 815 ὧν
698 759 788 814 καὶ
845 760 1192 835 μορφώματα
1230 756 1569 815 τυπώσαντες
1615 751 1838 819 ἀνεστή-

216 854 379 910 λωσαν
409 852 568 924 ξόανα
596 850 755 927 κωφὰ
802 848 890 903 καὶ
946 849 1243 917 ἀναίσθητα
1296 842 1521 914 εἷ’δωλα,
1573 841 1663 896 καὶ
1716 861 1842 914 συγ-

212 945 508 1003 κλείσαντες
566 939 618 995 έν
672 944 823 1000 ναοῖς
880 937 1310 1012 προσεκύνησαν,
1372 931 1719 1009 λατρεύοντες
1772 932 1839 1001 τῇ

210 1035 367 1088 κτίσει
398 1030 541 1106 παρᾶ
569 1030 660 1083 τὸν
697 1027 965 1083 Κτίσαντα
1005 1031 1104 1098 (ὅ),
1156 1026 1206 1079 οἱ
1259 1026 1351 1095 μέν
1401 1026 1482 1094 τῷ
1529 1019 1700 1093 ἡλίῳ,
1752 1018 1842 1073 καὶ

211 1126 276 1196 τῇ
306 1119 531 1195 σελήνῃ,
563 1119 653 1173 καὶ
680 1122 796 1179 τοῖς
858 1116 1074 1190 ἂστροις
1132 1114 1165 1169 ἃ
1200 1126 1349 1177 εθετο
1380 1113 1408 1167 6
1438 1112 1568 1173 Θεὸς
1600 1110 1736 1183 πρὸς
1778 1106 1841 1161 τὸ

208 1216 387 1288 φαῦσιν
446 1227 707 1283 παρεχειν
764 1211 843 1277 τῷ
902 1204 1159 1280 περιγείῳ
1217 1202 1400 1274 τούτῳ
1474 1200 1667 1273 κόσμῳ
1741 1201 1840 1271 (6),

205 1300 383 1375 ἅψυχά
411 1321 469 1354 τε
515 1295 645 1353 ὄντα
692 1296 779 1351 καὶ
827 1296 1142 1365 ἀναίσθητα,
1191 1297 1260 1366 τῇ
1312 1291 1540 1366 προνοίᾳ
1583 1293 1683 1343 τοῦ
1732 1295 1842 1355 Δη-

205 1392 465 1464 μίουργοῦ
519 1386 889 1462 φωτιζόμενα,
946 1386 1035 1439 καὶ
1114 1380 1568 1457 διακρατούμενα,
1615 1377 1676 1432 ού
1734 1376 1841 1448 μὴν

201 1478 255 1535 δὶ
287 1478 499 1534 ο⁹’κοθέν
528 1499 582 1531 τι
616 1479 715 1534 49
758 1473 1044 1547 δυνάμενα”
1096 1474 1147 1528 οἱ
1191 1470 1248 1527 δὲ
1288 1475 1368 1543 τῷ
1414 1470 1544 1545 πυρὶ
1595 1468 1679 1522 καὶ
1729 1470 1845 1526 τοῖς

205 1567 357 1624 ὕδασι
388 1572 626 1629 καὶτοῖς
669 1563 890 1627 λοιποῖς
941 1562 1238 1636 στοιχείοις
1282 1564 1382 1625 τῆς
1429 1566 1553 1634 γῆς,
1608 1555 1846 1631 ἀψύχοις

196 1660 283 1714 καὶ
312 1658 666 1727 ἀναισθήτοις
701 1652 838 1710 οὖσι⁸
874 1654 963 1709 καὶ
1012 1652 1111 1707 οὐκ
1161 1650 1513 1726 ᾐσχύνθησαν
1567 1648 1618 1702 οἱ
1667 1644 1847 1719 ἔμψυ-

198 1769 289 1824 χοι
322 1746 413 1803 καὶ
446 1744 660 1821 λογικοὶ
708 1745 775 1799 τὰ
821 1746 1045 1798 τοιαῦτα
1101 1736 1369 1804 σέϐεσθαι·
1423 1737 1585 1794 ἄλλοι
1634 1735 1848 1824 θηρίοις

1945 570 2253 627 miserunt.
2279 572 2395 628 Alii
2422 576 2637 631 multos
2661 577 2805 633 deos
2828 579 3038 647 malos,
3065 596 3132 635 ac
3150 582 3355 637 multis
3377 584 3608 641 vitiosis

1946 664 2369 721 affectionibus
2400 666 2739 724 laborantes
2775 671 3115 728 coluerunt.
3170 689 3286 743 quo
3336 674 3611 731 videlicet

1948 768 2189 808 suarum
2207 756 2587 811 affectionum
2605 766 2662 810 et
2678 759 2941 829 gravium
2964 760 3326 832 flagitiorum
3342 762 3609 819 defenso-

1945 859 2039 897 res
2055 850 2408 914 etpatronos
2430 862 2528 901 eos
2554 847 2868 903 haberent.
2896 852 3159 914 Quorum
3187 852 3363 906 etiam
3387 853 3609 909 formas

1945 931 2181 1001 pictura
2204 935 2625 1004 exprimentes,
2654 938 2864 993 surdas
2889 944 3113 994 statuas
3128 956 3195 995 ac
3214 957 3389 996 sensu
3406 959 3609 999 caren-

1947 1021 2026 1114 tia
2045 1022 2443 1080 simulacrain
2471 1026 2657 1081 altum
2688 1034 3029 1095 erexerunt,
3066 1046 3251 1100 eaque
3276 1031 3335 1086 in
3369 1032 3607 1104 templis

1946 1112 2181 1187 inclusa
2202 1115 2515 1170 coluerunt
2535 1122 2591 1170 et
2612 1117 2956 1185 adorarunt,
2978 1121 3300 1176 servientes
3322 1122 3608 1178 nimirum

1949 1209 2235 1262 creaturae
2255 1207 2450 1275 potius
2470 1223 2646 1277 quam
2664 1208 2945 1263 Creatori.
2970 1209 3219 1274 Quidam
3241 1213 3403 1267 enim
3420 1213 3607 1269 solem

1948 1293 2222 1349 etlunam
2240 1312 2306 1349 ac
2322 1296 2537 1354 sidera.
2560 1315 2690 1368 quia
2717 1300 2869 1354 Deus
2894 1300 2966 1355 ad
2986 1300 3181 1357 lucem
3207 1308 3442 1358 terreno
3470 1304 3610 1360 huic

1946 1384 2170 1437 mundo
2188 1386 2552 1441 afferendam
2574 1389 2788 1458 posuit,
2824 1390 3138 1445 coluerunt
3164 1407 3177 1446 :
3210 1409 3341 1463 qua;
3365 1394 3607 1463 quidem

1947 1474 2147 1527 anima
2174 1480 2231 1527 et
2275 1492 2457 1530 sensu
2506 1483 2731 1543 carent,
2784 1495 2851 1534 ac
2900 1480 3193 1535 Creatoris
3238 1484 3609 1552 providentia

1946 1562 2369 1619 illuminantur
2391 1571 3039 1631 etconservantur,non
3059 1576 3257 1625 autem
3279 1572 3606 1643 quidquam

1948 1670 2053 1724 per
2080 1671 2141 1708 se
2172 1654 2379 1710 vitium
2413 1654 2656 1710 habent.
2694 1657 2810 1711 Alii
2841 1662 3042 1712 autem
3075 1659 3273 1731 ignem
3299 1666 3356 1714 et
3381 1677 3601 1731 aquam

1949 1759 2016 1797 ac
2042 1744 2277 1814 reliqua
2308 1749 2480 1799 terras
2514 1745 2835 1815 elementa,
2869 1747 3085 1817 quibus
3118 1765 3227 1803 nec
3259 1750 3460 1805 anima
3492 1767 3603 1807 nec

342 1819 593 1910 ἑρπετοῖς
659 1835 749 1888 καὶ
806 1835 1025 1902 κτήνεσι
1104 1826 1461 1903 τετραπόδοις
1537 1826 1601 1882 τὸ
1686 1819 1844 1885 σέϐας

1971 1848 2169 1888 sensus
2185 1834 2341 1889 inest
2385 1836 2585 1904 Neque
2600 1852 2700 1891 eos
2718 1836 2819 1906 qui
2836 1837 3036 1891 anima
3051 1843 3107 1891 et
3122 1838 3351 1893 ratione
3370 1839 3605 1910 praediti

194 1927 514 1999 ἀπένειμον,
570 1920 1043 1996 κτηνωδεστέρους
1100 1923 1208 1974 τῶν
1263 1913 1571 1991 σεϐομένων
1625 1913 1847 1974 ἑαυτοὺς

193 2014 625 2077 ἀποδεικνύντες·
678 2013 729 2067 οἱ
790 2009 847 2066 δέ
898 2011 1199 2084 ἀνθρώπων
1252 2012 1413 2063 τινῶν
1464 2005 1708 2081 αἰσχρῶν
1758 2002 1848 2058 καὶ

194 2106 433 2161 εὐτελῶν
498 2104 846 2179 μορφώματα
927 2099 1360 2167 ἀνετυπώσαντο,
1435 2097 1523 2150 καὶ
1597 2092 1845 2161 τούτους,

198 2194 359 2259 θεοὺς
390 2193 671 2260 ἐκάλεσαν,
703 2190 793 2246 καὶ
824 2190 953 2251 τοὺς
1016 2200 1109 2261 μέν
1165 2188 1339 2242 αὐτῶν
1403 2181 1647 2262 ἅρέενας,
1699 2180 1845 2237 τινας

196 2282 259 2340 δὲ
315 2281 542 2354 θηλείας
598 2280 912 2353 ὠνόμασαν,
975 2278 1069 2341 οὕς
1126 2278 1319 2332 ἐκεῖνοι
1377 2275 1527 2330 αὐτοὶ
1612 2272 1847 2345 ἐξέθεντο

194 2373 441 2449 μοιχοὺς
476 2373 610 2427 εἶναι
639 2370 729 2426 καὶ
762 2374 967 2448 φονεῖς,
1006 2368 1283 2443 όργλους,
1313 2366 1402 2421 καὶ
1436 2364 1705 2435 ζηλωτὰς,
1757 2362 1847 2415 κτιὶ

186 2461 586 2537 θυμαντικοὺς,
696 2458 1093 2534 πατροκτόνους
1193 2456 1283 2511 καὶ
1387 2451 1847 2531 ἀδελφοκτόνου,

182 2554 432 2615 κλέπτας
491 2557 583 2607 καὶ
638 2551 905 2625 ἅρπαγας,
961 2546 1188 2624 χωλοὺς
1244 2545 1335 2601 καὶ
1410 2542 1675 2609 κυλλοὺς,
1750 2542 1845 2595 καὶ

186 2641 541 2718 φαρμακοὺς,
571 2641 659 2695 καὶ
726 2638 1109 2713 μαινομένους,
1159 2636 1248 2691 καὶ
1296 2635 1506 2690 τούτων
1553 2634 1703 2694 τινὰς
1752 2633 1846 2704 μὶν

184 2732 676 2801 τετελευτηκότας,
757 2729 910 2789 τινας
994 2724 1052 2781 δέ
1138 2724 1668 2796 κεκεραυνωμένους,
1759 2720 1849 2775 καὶ

184 2822 601 2894 κοπτομένους,
649 2818 739 2874 καὶ
800 2817 1207 2892 θρηνουμένους
1260 2813 1347 2869 καὶ
1426 2811 1850 2872 δεδουλευκότας

191 2912 536 2987 ἀνθρώποις,
596 2908 687 2963 καὶ
749 2904 988 2982 φυγάδας
1044 2905 1389 2981 γενομένους,
1447 2902 1539 2957 καὶ
1607 2901 1682 2962 εἰς
1742 2905 1852 2969 ζῶα

194 2997 764 3078 μεταμορφουμένους
806 2996 890 3052 ἐπὶ
939 3000 1207 3067 πονηραῖς
1261 2992 1351 3047 καὶ
1402 2992 1657 3067 αἰσχραῖς
1709 2989 1851 3064 μίξε-

190 3112 298 3147 σιν·
336 3092 523 3154 ’Ὀθεν,
576 3083 950 3160 λαμϐάνοντες
1010 3085 1062 3139 οἱ
1120 3084 1396 3157 ἄνθρωποι
1450 3081 1698 3158 ἀφορμὰς
1748 3080 1853 3133 ὰπὸ

1960 1929 2098 1976 sunt
2120 1923 2415 1993 ejusmodi
2448 1924 2627 1979 rebus
2659 1926 2885 1980 cultum
2918 1926 3200 1981 adhibere
3231 1929 3463 1998 puduit.
3489 1929 3605 1984 Alii

1955 2011 2119 2077 feris,
2154 2019 2211 2066 et
2237 2012 2569 2083 reptilibus,
2592 2020 2649 2067 et
2667 2014 3018 2084 pecudibus,
3042 2022 3101 2069 et
3119 2016 3605 2087 quadrupedibus

1955 2101 2363 2156 animantibus
2376 2102 2816 2158 venerationem
2834 2104 3168 2158 tribuerunt
3188 2122 3199 2158 :
3221 2106 3358 2160 hinc
3381 2107 3608 2163 scilicet

1958 2207 2088 2246 sese
2112 2192 2359 2246 rationis
2392 2193 2577 2263 magis
2602 2200 2873 2263 expertes
2905 2194 3290 2249 ostendentes
3324 2212 3502 2265 quam
3537 2212 3607 2251 ea

1955 2281 2084 2351 ipsa
2102 2297 2233 2351 quae
2256 2280 2533 2336 colebant
2590 2282 2701 2336 Alii
2726 2283 2984 2352 turpium
3013 2283 3407 2353 quorumdam
3429 2292 3487 2340 et
3503 2284 3608 2341 ab-

1946 2371 2241 2443 jectorum
2260 2371 2566 2426 hominum
2580 2371 2799 2427 formas
2812 2372 3451 2445 depinxerunt,eosque
3465 2375 3608 2431 deos

1955 2460 2350 2531 appellarunt,
2371 2461 2586 2532 partim
2610 2461 2925 2529 masculos,
2948 2464 3604 2535 partimfeminas:quos

1957 2551 2133 2604 etiam
2150 2550 2388 2621 ipsimet
2407 2550 2728 2617 adulteros,
2751 2557 2808 2605 et
2825 2552 3152 2607 homicidas
3181 2558 3239 2608 et
3264 2554 3600 2621 iracundos,

1957 2644 2014 2693 et
2046 2639 2295 2699 invidos.
2331 2646 2390 2693 et
2416 2639 2695 2699 furiosos.
2729 2641 3146 2711 etparricidas,
3167 2648 3225 2695 et
3247 2642 3600 2707 fratricidas,

1958 2736 2017 2784 et
2046 2728 2226 2793 fures,
2260 2735 2320 2783 et
2348 2736 2637 2799 raptores,
2673 2735 2730 2783 et
2758 2730 3025 2789 claudos.
3055 2738 3111 2784 et
3144 2731 3390 2787 debiles.
3425 2738 3483 2786 et
3509 2749 3604 2786 ve-

1958 2818 2202 2875 neﬁcos.
2238 2823 2298 2872 et
2327 2817 2573 2872 insanos
2605 2834 2733 2873 esse
2763 2818 3154 2878 tradiderunt.
3181 2827 3356 2890 atque
3391 2821 3606 2877 horum

1957 2908 2282 2964 nonnullos
2308 2914 2559 2962 mortem
2584 2907 2824 2973 obiisse,
2853 2908 3176 2963 nonnullos
3206 2909 3455 2964 fulmine
3477 2926 3611 2981 per-

1961 3016 2167 3054 cussos
2185 2998 2393 3065 fuisse,
2417 2998 2739 3053 nonnullos
2758 2998 3103 3053 hominibus
3125 2999 3607 3070 serviisse,atque

1964 3088 2197 3143 exsules
2232 3088 2548 3154 exstitisse,
2584 3087 2906 3142 nonnullos
2928 3088 3173 3142 vulnera
3193 3089 3513 3159 accepisse,
3547 3105 3615 3144 ac

189 3186 305 3237 τῶν
368 3183 504 3234 θεῶν
558 3178 757 3245 αὐτῶν,
818 3174 987 3236 ἀδεῶς
1041 3173 1453 3246 κατεμιαίνοντο
1510 3171 1651 3245 πάσῃ
1720 3171 1844 3224 ἀκα-

1971 3178 2229 3233 lamenta
2258 3177 2535 3242 edidisse,
2568 3182 2745 3247 atque
2767 3176 2840 3231 ob
2859 3177 3131 3248 improba
3153 3184 3210 3231 et
3230 3177 3619 3249 fcedaﬂagitia

193 3270 412 3341 θαρσίᾳ.
450 3268 549 3324 Καὶ
581 3267 729 3338 δεινή
780 3271 1003 3341 κατεῖχε
1053 3266 1316 3325 σκότωσις
1362 3263 1424 3317 τὸ
1480 3260 1636 3336 γένος
1687 3263 1849 3334 ἡμῶν

196 3363 249 3418 ἐν
283 3360 519 3421 ἐκείνοις
550 3364 669 3420 τοῖς
720 3357 965 3433 χρόνοις,
1015 3355 1106 3410 καὶ
1156 3353 1253 3409 οὐκ
1300 3353 1366 3422 ἦν
1415 3354 1443 3407 6
1487 3351 1705 3421 συνιὼν,
1762 3350 1861 3405 οὐκ

193 3451 262 3526 ᾖν
296 3450 327 3506 6
359 3445 609 3519 ἕκζητῶν
639 3446 731 3503 τὸν
765 3444 893 3503 Θεόν

271 3715 541 3792 Ἀϐραὰμ
577 3715 636 3772 δέ
664 3738 746 3778 τις
784 3717 836 3770 ἐν
896 3713 1069 3788 ἐκείνῃ
1114 3716 1183 3786 τῇ
1241 3716 1394 3787 γενεᾷ
1452 3712 1617 3784 μόνος
1670 3708 1859 3784 εὑρέθη

190 3812 291 3873 τὰς
358 3809 647 3879 αἰσθήσεις
697 3812 796 3869 τῆς
850 3808 1037 3879 ψυχῆς
1094 3801 1404 3879 ἐρρωμένας
1461 3796 1628 3876 ἔχων,
1684 3800 1742 3855 ’ὸς
1792 3802 1861 3873 τῇ

193 3897 407 3974 θεωρίᾳ
436 3899 551 3952 τῶν
582 3895 899 3967 κτισμάτων
934 3892 1140 3967 ἐπέγνω
1196 3890 1287 3946 τὸν
1340 3887 1701 3963 Δημιουργόν.
1749 3893 1861 3942 Κα-

187 3990 490 4059 τανοήσας
528 3985 634 4060 γὰρ
669 3984 899 4056 οὐρανὸν
932 3982 1022 4036 καὶ
1078 3987 1181 4055 γῆν
1228 3979 1316 4034 καὶ
1358 3977 1651 4046 θάλασσαν,
1701 3975 1861 4045 ἣλιον

188 4080 287 4135 καὶ
323 4076 575 4146 σελήνην
603 4073 694 4128 καὶ
724 4073 791 4127 τὰ
843 4069 1032 4132 λοιπὰ,
1079 4068 1350 4140 ἐθαύμασε
1394 4068 1494 4136 τήν
1543 4065 1862 4139 ἐναρμόνιον

186 4189 410 4236 ταυτην
445 4162 831 4235 διακόσμησιν·
868 4158 996 4215 ἰδὼν
1052 4156 1109 4213 δέ
1158 4159 1249 4213 τὸν
1302 4158 1507 4229 κόσμον
1559 4156 1648 4210 καὶ
1694 4156 1760 4209 τὰ
1813 4154 1864 4210 ἐν

188 4259 363 4328 αὐτῷ
395 4255 595 4317 πάντα,
626 4251 727 4307 ούκ
776 4250 1105 4323 αὐτομάτως
1161 4253 1485 4322 γεγενῆσθαι
1534 4245 1622 4300 καὶ
1670 4266 1869 4315 συντη-

185 4347 423 4423 ρεῖσθαι
457 4346 558 4401 50
588 4342 859 4414 ἐνόμισεν,
908 4335 1029 4393 οὔτε
1091 4338 1199 4409 μὴν
1252 4340 1368 4396 τοῖς
1426 4333 1722 4409 στοιχείοις
1770 4341 1869 4402 τῆς

181 4422 302 4512 γῆς
342 4434 379 4502 ἧ
406 4438 527 4494 τοῖς
562 4429 799 4505 ἀψύχοις
830 4424 1087 4487 εἰδώλοις
1115 4426 1214 4492 τὴν
1246 4424 1420 4479 αἰτίαν
1459 4430 1559 4492 τῆς
1610 4422 1868 4491 τοιαύτης

184 4522 640 4592 διακοσμήσεως
700 4516 1078 4592 προσανέθετο·
1140 4513 1285 4569 αλλὰ
1336 4514 1428 4568 τὸν
1488 4514 1669 4583 ἀληθῆ
1739 4512 1865 4567 Θεὸν

187 4612 294 4669 διὰ
330 4612 548 4667 τούτων
580 4608 810 4685 ἐπέγνω,
851 4607 938 4661 καὶ
993 4603 1152 4660 αὐτόν
1209 4605 1340 4659 εἶναι
1388 4602 1733 4677 Δημιουργὸν
1778 4606 1874 4656 τοῦ

190 4702 427 4763 παντὸς
486 4698 574 4754 καὶ
662 4694 898 4771 συνοχέᾳ
980 4697 1227 4758 συνῆκεν.
1313 4691 1739 4764 Ἀποδεξαμενος
1821 4688 1877 4745 δέ

187 4796 416 4847 τοῦτον
476 4796 578 4858 τῆς
636 4782 1061 4861 εὐγνωμοσύνης
1119 4782 1208 4835 καὶ
1297 4780 1466 4856 ὀρθῆς
1541 4779 1793 4855 κρίσεως,
1849 4780 1877 4834 6

194 4882 354 4944 Θεὸς
388 4881 700 4956 ἐνεφάνισεν
735 4876 893 4931 αὐτὸν
943 4872 1111 4946 αύτῷ,
1156 4872 1218 4927 ού
1267 4873 1447 4935 καθὼς
1500 4869 1615 4947 ἔχει
1670 4871 1879 4949 φύσεως

194 4972 376 5045 (Θεὸν
408 4969 514 5045 γὰρ
551 4964 686 5022 ἴδεῖν
736 4967 966 5039 γεννητῇ
1024 4963 1179 5037 φύσει
1237 4958 1546 5035 ἀδύνατον),
1603 4959 1730 5015 ἀλλ’
1788 4961 1880 5015 οἱ-

205 5062 572 5133 κονομικαῖς
601 5077 711 5111 τισι
773 5052 1129 5132 θεοφανείαις,
1192 5051 1267 5114 ὡς
1323 5047 1464 5104 οἶδεν
1523 5049 1687 5111 αὐτός
1768 5049 1882 5120 καὶ,

204 5147 571 5222 τελεωτέραν
610 5150 806 5222 γνῶσιν
864 5142 1034 5206 ὶνθεὶς
1090 5141 1256 5196 αὐτοῦ
1298 5144 1366 5214 τῇ
1415 5143 1593 5214 ψυχῇ,
1643 5138 1883 5211 ἐδόξασε,

202 5242 308 5296 καὶ
350 5239 559 5295 οἶκεῖον
590 5233 743 5300 ἔθετο
802 5234 1124 5307 θεράποντα,
1170 5230 1252 5300 ὅς,
1298 5230 1388 5283 καὶ
1432 5230 1567 5283 κατὰ
1615 5226 1881 5305 διαδοχήν

197 5336 343 5394 τοῖς
372 5329 427 5402 ἐξ
462 5327 629 5384 αὐτώ
663 5325 1029 5399 παραπέμψας
1055 5324 1155 5391 τήν
1211 5314 1507 5389 εὐσέϐειαν,
1556 5321 1646 5376 τὸν
1700 5319 1882 5393 ἀληθῆ

196 5420 511 5497 γνωρίζειν
545 5413 751 5489 ἐδίδαξε
779 5415 931 5472 Θεόν.
991 5413 1084 5467 Διὸ
1141 5412 1230 5466 καὶ
1284 5410 1362 5472 εἷς
1404 5407 1620 5480 πλῆθος
1663 5413 1885 5490 ἄπειρον

1968 3272 2026 3324 in
2050 3268 2334 3324 animalia
2360 3284 2488 3322 sese
2519 3268 2885 3322 immutasse.
2920 3268 3040 3332 Quo
3061 3267 3239 3321 fiebat
3263 3268 3616 3323 uthomines

1967 3359 2209 3431 ab:ipsis
2223 3358 2336 3413 diis
2352 3357 2727 3412 occasionem
2744 3358 3239 3423 sumentes,omni
3255 3357 3616 3428 impuritatis

1966 3465 2180 3521 genere
2203 3465 2332 3503 sese
2365 3447 2863 3503 contaminarent.
2897 3449 2978 3501 Ac
3010 3452 3132 3500 tum
3168 3447 3467 3502 horrenda
3488 3447 3622 3517 qui-

1967 3540 2102 3594 dem
2128 3538 2314 3610 caligo
2338 3554 2524 3610 genus
2547 3543 2815 3591 nostrum
2840 3537 3115 3602 tenebat;
3143 3552 3339 3607 neque
3364 3541 3490 3592 erat
3520 3536 3622 3608 qui

1968 3628 2347 3699 intelligeret,
2382 3644 2490 3682 nec
2520 3628 2620 3698 qui
2656 3628 2839 3681 Deum
2879 3627 3217 3697 requireret
3245 3626 3413 3695 (Psal.
3448 3632 3587 3693 xm).

2040 3721 2120 3773 Ea
2149 3722 2346 3772 autem
2371 3722 2543 3772 zetate
2577 3715 2871 3771 Abraham
2896 3716 3057 3771 solus
3091 3716 3364 3770 inventus
3397 3720 3487 3770 est
3517 3714 3619 3785 qui

1967 3808 2184 3863 animae
2217 3823 2458 3862 sensum
2491 3806 2730 3860 firmum
2748 3822 2815 3859 ac
2844 3805 3140 3859 valentem
3161 3805 3423 3867 haberet,
3448 3812 3627 3876 atque

1969 3915 2039 3953 ex
2070 3913 2270 3951 rerum
2301 3895 2677 3950 conditarum
2712 3900 3032 3965 prospectu
3054 3894 3426 3950 conditorem
3443 3911 3627 3966 agno-

1970 3991 2205 4044 *sceret.
2240 3987 2381 4039 Nam
2397 4001 2527 4039 cum
2546 3984 2781 4050 coelum,
2808 4000 2874 4038 ac
2888 3990 3125 4038 terram.
3149 3988 3400 4050 etmare,
3422 3984 3630 4049 solem,

1993 4084 2109 4133 tem
2130 4081 2187 4130 et
2219 4075 2421 4129 lunam
2454 4091 2521 4129 ac
2545 4073 2776 4144 reliqua
2799 4073 3260 4133 considerasset.
3283 4071 3630 4142 hujusmodi

1973 4172 2249 4224 ornatum
2264 4162 2686 4219 concinnitatis
2714 4162 2958 4234 plenum
2981 4162 3304 4217 admiratus
3324 4167 3427 4214 est.
3456 4161 3625 4215 Cum-

1974 4273 2087 4328 que
2114 4254 2427 4318 mundum,
2452 4258 2507 4307 et
2531 4268 2599 4306 ea
2622 4268 2752 4322 quae
2771 4252 2831 4305 in
2856 4251 2983 4322 ipso
3004 4255 3162 4311 sunt.
3198 4249 3626 4319 conspexisset,

1974 4364 2093 4402 non
2123 4360 2263 4400 casu
2285 4360 2351 4398 ac
2372 4342 2614 4396 fortuito
2647 4357 2716 4395 ea
2747 4340 3043 4395 exstitisse
3076 4345 3252 4410 atque
3286 4337 3627 4394 conservari

1978 4432 2354 4490 existimavit.
2377 4433 2494 4486 Nec
2517 4446 2753 4484 rursum
2779 4434 2949 4483 terrm
2972 4428 3417 4495 elementis,aut
3439 4426 3628 4481 inani-

1984 4524 2095 4579 mis
2128 4521 2464 4577 simulacris
2496 4525 2741 4573 ornatus
2763 4518 3179 4588 hujuscemodi
3201 4516 3626 4573 causamascri—

1987 4614 2104 4686 psit
2129 4632 2142 4679 ;
2167 4611 2269 4666 sed
2295 4613 2476 4667 Deum
2512 4625 2711 4664 verum
2733 4625 2837 4679 per
2860 4609 2983 4663 haac
3004 4608 3259 4680 agnovit,
3294 4614 3469 4677 atque
3502 4605 3639 4660 uni-

1985 4702 2135 4758 versi
2169 4703 2509 4757 effectorem
2543 4705 2601 4753 et
2631 4704 3104 4754 conservatorem
3142 4714 3270 4753 esse
3314 4695 3628 4751 intellexit.

1988 4795 2142 4849 Deus
2163 4798 2361 4846 autem
2385 4790 2515 4861 ejus
2530 4788 2883 4860 probitatem
2906 4787 3088 4842 animi
3104 4793 3280 4857 atque
3297 4786 3642 4849 candorem,

1989 4879 2640 4952 rectumquejudicium
2656 4878 3340 4949 comprobans,seipsum
3357 4877 3407 4930 ei
3428 4873 3646 4946 patefe-

1993 4974 2073 5028 cit
2102 4972 2243 5042 (non
2278 4969 2519 5041 quidem
2554 4974 2619 5023 ut
2651 4974 2865 5022 natura
2896 4972 3004 5032 est,
3057 4983 3250 5036 neque
3305 4965 3463 5019 enim
3515 4962 3646 5018 ﬁeri

1994 5067 2190 5134 potest
2218 5066 2282 5114 ut
2312 5064 2509 5113 creata
2540 5064 2752 5112 natura
2783 5058 2967 5111 Deum
3010 5060 3233 5126 cernat,
3289 5070 3492 5109 verum
3542 5069 3649 5125 per

1994 5149 2458 5222 dispensatorias
2472 5146 2864 5217 quasdamDei
2879 5145 3132 5199 visiones
3147 5142 3649 5214 quemadmodum

1997 5242 2125 5313 ipse
2150 5239 2349 5303 novit),
2374 5236 2824 5309 plenioremque
2845 5235 2934 5289 sui
2958 5234 3356 5306 cognitionem
3378 5233 3438 5287 in
3464 5232 3651 5305 ipsius

1998 5332 2198 5387 animo
2225 5324 2711 5397 inserens,gloria
2727 5341 2861 5379 eum
2887 5323 3343 5394 afl‘ecit,sibique
3357 5321 3648 5377 famulum

1999 5420 2224 5477 ascivit.
2258 5418 2367 5483 Qui
2399 5414 2642 5487 quidem
2672 5430 2779 5486 per
2831 5413 3270 5469 successionem
3319 5412 3412 5469 his
3443 5412 3543 5484 qui
3576 5410 3649 5466 ab

290 5585 380 5655 (5)
411 5580 601 5653 Epist.
638 5577 707 5631 11d
742 5579 910 5633 Βοω.
941 5592 983 5641 ἰ,
1015 5577 1118 5629 252
1150 5566 1547 5641 Ἐσεόἀσθησαν
1575 5574 1665 5628 καὶ
1700 5574 2025 5655 ἐλάτρευσαν
2051 5579 2120 5636 τ’
2148 5577 2320 5634 κτίσει
2353 5574 2497 5650 παρὰ
2525 5575 2618 5629 τὸν
2650 5572 2932 5658 Ιξτίσαντα.

293 5658 382 5710 (6)
415 5655 500 5709 De
534 5650 826 5710 adiectivo
856 5646 1156 5710 περίγειος,
1190 5656 1230 5701 t.
1264 5646 1362 5710 ΙΙΙ,
1396 5662 1525 5710 pag.
1561 5650 1651 5709 25.
1684 5667 1742 5706 n.
1778 5656 1847 5710 7:
1880 5671 2011 5710 nan.
2045 5603 2135 5710 4E,
2168 5670 2228 5710 η,
2259 5654 2312 5709 4,
2344 5679 2415 5693 __
2453 5648 2647 5707 schol.
2682 5650 2854 5710 "1A;
2885 5646 2932 5701 οξ

293 5646 382 5723 (ὃ)
415 5646 826 5728 Qeadjectivo
856 5646 1156 5728 περίγειος,
1190 5656 1241 5728 ξ
1264 5646 1362 5728 ΙΙΙ,
1396 5650 1742 5728 pag.-25,_n.
1778 5646 1847 5721 7ξ
1880 5671 2011 5728 pag.
2045 5657 2077 5709 4

2168 5670 2228 5710 n.
2259 5654 2312 5709 4.
2344 5642 2647 5707 -ῈοῙιοΙ
2682 5649 2744 5705 in
2764 5650 2812 5704 Α
2838 5665 2854 5718 ς
2885 5646 2936 5701 οἱ
2968 5642 3259 5703 Χαλδαῖοι.

412 5717 628 5800 Epist:
643 5720 718 5779 ad
748 5717 1029 5790 Bonum,
1060 5722 1123 5776 11
1153 5735 1170 5789 ς
1201 5717 1358 5775 Psal.
1380 5717 1505 5792 xm,
1538 5722 1594 5793 2,
1621 5720 1704 5785 Cf.
1734 5741 1796 5797 p.
1832 5717 1919 5800 16,
1952 5717 2013 5785 ii.
2038 5730 2094 5784 2.
