4000 6202
477 328 582 388 911

1999 326 2365 381 ADDENDA.
3686 340 3752 397 9l2

476 460 604 533 ipso
636 455 1068 532 promanarunt
1090 450 1441 507 transmissa
1470 446 1714 522 pietate.
1749 464 1849 503 eos
1880 447 1983 502 viri
2016 448 2119 503 Dei

2243 448 2293 501 τὸ
2356 444 2573 521 σπὲρμα
2620 447 2784 504 αὐτοῦ
2841 448 3017 514 ἐλθεῖν
3047 450 3077 505 6
3109 450 3375 521 Δεσπότης
3423 450 3653 528 εὖόόκησε,
3692 464 3754 517 καὶ

474 548 812 622 cognitione
844 543 1146 599 instruxit.
1174 544 1436 612 Eamque
1467 540 1541 594 ob
1574 555 1816 594 causam
1843 538 2135 593 Dominus

474 654 682 696 semen
709 635 896 708 ipsius
942 634 1004 687 in
1061 630 1358 685 inﬁnitam
1418 628 1868 685 multitudinem
1929 644 2139 682 excre-

475 744 643 785 scere
664 725 868 793 voluit,
885 722 1292 795 populumque
1309 719 1417 774 sibi
1437 718 1799 791 peculiarem
1815 717 2140 788 appellavit

475 818 633 890 (Gen.
667 832 767 878 xv;
800 815 972 868 IPet.
1030 813 1126 881 u);
1189 825 1410 879 eosque
1464 807 1745 880 Egyptian
1802 806 2023 877 gentis.
2072 822 2139 859 ac

476 906 716 980 tyranni
732 902 1057 959 Pharaonis
1071 901 1353 955 servitute
1368 897 1811 971 pressoseditis
1824 894 2139 950 horrendis

480 1004 658 1069 atque
690 991 1060 1051 admirandis
1093 990 1278 1061 signis
1298 996 1357 1044 et
1378 988 1664 1060 prodigiis
1688 1003 1792 1058 per
1816 988 2055 1057 Moysen
2084 990 2143 1040 et

483 1090 803 1153 Aaronem,
834 1083 990 1137 viros
1022 1086 1261 1136 sanctos
1292 1096 1359 1134 ac
1384 1076 1713 1150 prophetia;
1739 1075 1894 1130 dono
1925 1073 2142 1145 ρεαδόὶ-

490 1183 603 1247 tos,
637 1175 840 1232 eduxit
868 1173 1073 1245 (Exodi
1102 1172 1217 1242 xv).
1268 1170 1528 1234 Quorum
1553 1166 1731 1222 etiam
1765 1181 1945 1236 opera
1972 1166 2139 1236 Egy-

484 1269 672 1342 ptios,
698 1282 808 1338 pro
831 1280 897 1318 eo
926 1262 1380 1333 atqueipsorum
1405 1256 1754 1327 improbitas
1778 1254 2139 1319 merebatur,

489 1356 871 1414 excruciavit:
899 1350 1269 1407 etlsraelitas
1292 1348 1399 1418 (sic
1418 1346 1575 1400 enim
1602 1344 1859 1415 populus
1894 1342 2016 1410 ille,
2041 1343 2140 1412 qui

477 1447 552 1505 ab
581 1446 918 1502 Abrahamo
952 1448 1147 1497 ortum
1181 1438 1368 1505 duxit,
1402 1435 1741 1503 voeabatur)
1778 1432 1953 1487 siccis
1983 1430 2144 1502 pedi-

475 1537 514 1593 b
530 1555 605 1593 us
626 1552 733 1608 per
753 1533 1016 1589 Rubrum
1040 1547 1225 1587 mare.
1254 1529 1455 1583 scissis
1478 1525 2141 1595 videlicetaquis,atque

474 1632 608 1681 tum
632 1642 665 1680 a
684 1625 892 1679 dextra
911 1626 1037 1676 tum
1057 1638 1090 1675 a
1114 1620 1355 1674 sinistra
1379 1616 1533 1672 muri
1558 1617 1746 1670 instar
1767 1614 2143 1681 eﬂectis,tra-

479 1715 647 1788 jecit.
679 1716 823 1769 Cum
848 1718 1045 1767 autem
1068 1710 1298 1765 Pharao
1324 1714 1381 1762 et
1398 1706 1651 1779 Egyptii
1676 1722 1709 1760 a
1730 1710 1892 1776 tergo
1918 1719 2018 1757 eos
2048 1718 2143 1757 se-

2241 536 2371 591 λαὸν
2434 536 2747 609 περιούσιον
2802 540 2950 611 αύτῷ
3007 538 3279 613 ὠνόμασε,
3332 542 3408 595 καὶ
3487 540 3763 613 δουλωθέπικ

2240 624 2437 687 αὐτοὺς
2471 623 2607 681 ἔθνει
2638 628 2927 702 Αίγυπτίῳ
2956 627 3046 682 καὶ
3098 633 3298 702 Φαραῷ
3341 650 3433 683 τινι
3473 636 3669 707 τυράννῳ
3702 660 3767 709 ση-

2244 714 2419 787 μείοις
2470 715 2557 768 καὶ
2628 717 2814 788 τέρασι
2875 722 3127 791 φρικτοῖς
3177 716 3267 772 καί
3321 718 3542 791 ἐξαισίοις
3589 723 3766 802 ἐξήγαγει

2242 802 2442 867 ἐκεῖθεν
2478 802 2566 859 διὰ
2612 808 2859 869 Μωσέως
2913 807 3004 862 καὶ
3048 808 3280 879 Ἀαρὼν,
3317 806 3503 883 ἀνδρῶν
3546 813 3678 887 ἁγίων
3714 818 3772 870 καὶ

2245 893 2430 969 χάριτι
2493 895 2830 972 προφητείας
2917 893 3299 970 δοξασθέντων
3356 894 3419 952 δι’
3469 900 3533 953 ὧν
3580 903 3772 968 καὶτοὺς

2243 980 2575 1057 Αἰγυπτίους
2609 982 2865 1039 ἐκόλασεν
2900 985 3063 1055 ἀξίως
3092 993 3191 1055 τῆς
3249 985 3412 1041 αὐτῶν
3450 991 3686 1064 πονηρίας,
3718 995 3776 1049 καὶ

2241 1072 2368 1133 τοὺς
2414 1072 2752 1147 Ἰσραηλίτας
2813 1074 2979 1147 (οὕτω
3028 1076 3131 1149 γὰρ
3186 1076 3214 1129 ὁ
3269 1074 3393 1139 λαὸς
3442 1075 3610 1141 ἐκεῖνος
3653 1083 3674 1135 ὁ
3713 1088 3775 1137 τοῦ

2240 1156 2491 1234 ’Λϐραὰμ
2542 1163 2814 1237 ἀπόγονος
2872 1163 3161 1237 ἐκέκλητο)
3215 1161 3302 1219 διὰ
3354 1166 3501 1240 ξηρᾶς
3547 1169 3627 1236 τὴν
3672 1171 3777 1244 Ἑρ).

2243 1251 2370 1325 θρὰν
2399 1249 2667 1306 θάλασσαν
2729 1250 2978 1329 διήγαγε,
3041 1250 3448 1329 διασχισθέντων
3494 1260 3585 1311 τῶν
3632 1255 3775 1314 ὑδάτων

2242 1339 2333 1393 καὶ
2362 1345 2552 1415 τεῖχος
2583 1340 2643 1397 ἐκ
2692 1338 2877 1414 δεξιῶν
2921 1342 3010 1397 καὶ
3057 1348 3244 1417 τεῖχος
3294 1343 3342 1414 ἐξ
3388 1343 3642 1417 εὐωνύμων
3676 1369 3780 1423 γεγεα

2243 1430 2493 1501 νημὲνων
2658 1435 2755 1485 τοῦ
2786 1428 2843 1485 δὲ
2874 1432 3076 1505 Φαραὼ
3106 1431 3197 1486 καὶ
3244 1436 3349 1487 τῶν
3398 1434 3666 1507 Αίγυπτίων
3706 1441 3782 1491 κατ’

2244 1516 2406 1592 ἴχνος
2434 1519 2612 1573 αὐτῶν
2672 1520 3050 1589 εἰσελθόντων,
3106 1520 3550 1598 ἐπαναστραφὲντα
3582 1525 3636 1577 τὰ
3671 1522 3784 1581 ὕδατα

2245 1607 2413 1684 ἂρδην
2475 1609 2670 1673 αὐτοὺς
2728 1609 3029 1671 ἀπώλεσεν.
3084 1616 3175 1671 5|
3246 1614 3373 1669 Εἶτα
3419 1616 3623 1686 θαύμασι
3683 1620 3788 1692 μεγί·

2244 1719 2392 1760 στοις
2423 1700 2511 1754 καὶ
2548 1701 2883 1777 θεοφανείαις
2924 1700 3011 1756 ἐπὶ
3065 1701 3289 1777 χρόνοις
3335 1703 3679 1778 τεσσαράκοντα
3713 1702 3788 1759 δια.

485 1787 1095 1877 querentur,reversw
1111 1816 1278 1869 aquas
1298 1814 1397 1852 eos
1412 1812 1655 1867 prorsus
1671 1794 2034 1849 deleverunt.
2060 1794 2135 1845 Ac

2249 1787 2430 1862 γαγὼν
2463 1789 2553 1842 τὸν
2586 1790 2715 1844 λαὸν
2742 1789 2795 1844 ἐν
2819 1793 2901 1877 τῇ
2954 1791 3149 1865 δρήμῳ
3196 1792 3287 1845 καὶ
3330 1792 3468 1867 ἄρτῳ
3513 1792 3705 1866 οὐρανίῳ
3737 1791 3790 1848 δι-

482 1902 711 1970 postea,
756 1910 891 1949 cum
926 1908 1032 1964 per
1063 1890 1327 1947 maxima
1345 1886 1637 1942 miracula
1657 1886 2006 1954 divinosque
2022 1897 2124 1953 pro

492 1993 729 2059 spectus
744 1982 1140 2055 quadraginta
1153 1994 1445 2035 annorum
1463 1976 1651 2048 spatio
1670 1975 1957 2047 populum
1972 1975 2031 2027 in
2046 1972 2149 2026 de-

497 2082 654 2133 serto
680 2074 1021 2137 deduceret,
1042 2087 1109 2125 ac
1132 2068 1353 2124 caelesti
1377 2083 1529 2138 pane
1555 2082 1688 2120 eum
1720 2065 1925 2130 aleret,
1958 2064 2147 2134 legem

484 2166 640 2236 (qua:
665 2164 1003 2217 futurorum
1034 2165 1208 2231 typus
1233 2162 1409 2228 atque
1436 2154 1809 2210 adumbratio
1834 2158 1980 2217 erat;
2002 2152 2143 2222 lapi-

478 2254 606 2309 deis
640 2251 857 2307 tabulis
893 2248 1177 2303 divinitus
1231 2247 1292 2299 in
1314 2245 1599 2315 scriptam
1658 2242 1840 2308 dedit,
1893 2258 2146 2311 eamque

479 2341 551 2398 ab
566 2339 843 2396 omnibus
863 2335 1202 2392 simulacris
1223 2333 1606 2405 etﬂagitiosis
1620 2330 1952 2386 actionibus
1965 2330 2145 2385 abdu-

481 2431 671 2495 cebat,
697 2429 1014 2498 solumque
1028 2441 1231 2480 verum
1259 2425 1445 2478 Deum
1461 2422 1730 2477 venerari
1762 2420 2029 2475 docebat.
2053 2420 2145 2475 Sic

482 2521 662 2591 igitur
678 2535 786 2590 per
806 2516 1072 2590 ingentia
1096 2513 1386 2569 miracula
1408 2512 1570 2583 ipsos
1594 2511 1655 2565 in
1678 2510 1899 2565 bonam
1923 2526 2139 2580 quam-

484 2610 622 2667 dam
640 2614 858 2663 terram
880 2605 1317 2674 induxit,quam
1337 2602 1479 2656 olim
1494 2601 1843 2671 patriarcha}
1860 2600 1947 2653 illi
1966 2598 2141 2653 Abra-

487 2700 665 2755 hamo
692 2711 752 2751 se
776 2694 963 2767 ipsius
996 2692 1211 2747 semini
1239 2691 1515 2745 daturum
1537 2694 1863 2760 receperat.
1898 2691 1977 2742 Ac
2007 2687 2136 2742 lon-

400 2805 404 2809 '
490 2803 629 2861 gum
664 2790 822 2840 esset
848 2796 1318 2839 commemorare
1349 2785 1494 2850 quot
1520 2794 1821 2849 quamque
1841 2794 2053 2850 magna
2085 2782 2142 2831 et

492 2873 844 2932 admiranda
867 2877 925 2928 et
945 2870 1201 2926 illustria
1214 2875 1391 2940 atque
1415 2868 1632 2923 eximia
1660 2868 1972 2931 beneﬁcia,
2006 2883 2136 2937 quas

491 2983 809 3024 numerum
828 2980 1065 3020 omnem
1091 2962 1405 3025 excedunt,
1439 2962 1499 3016 in
1522 2978 1623 3016 eos
1637 2960 1973 3015 contulerit.
1995 2960 2137 3024 Qui-

489 3056 604 3113 bus
626 3055 901 3112 omnibus
933 3054 992 3109 id
1023 3053 1324 3123 agebatur.
1350 3058 1418 3107 ut
1445 3051 1517 3106 ab
1536 3052 1695 3105 omni
1727 3049 1953 3105 nefario
1975 3048 2136 3103 cultu

484 3151 543 3203 et
559 3146 781 3219 ﬂagitio
794 3160 982 3218 genus
995 3144 1321 3198 humanum
1337 3140 1728 3206 abstraheret,
1747 3145 1924 3208 atque
1950 3137 2010 3191 in
2033 3153 2131 3191 ve-

480 3240 670 3292 terem
702 3240 920 3291 statum
948 3237 1267 3288 revocaret.
1293 3230 1487 3285 Nihilo
1512 3229 1704 3285 secius
1728 3234 1925 3283 tamen
1939 3226 2128 3281 adhuc

481 3332 696 3382 natura
726 3328 933 3379 nostra
962 3321 1182 3377 erroris
1232 3319 1491 3374 libertati
1552 3315 1863 3383 serviebat,
1913 3331 1981 3369 ac
2025 3329 2132 3384 per

481 3414 703 3471 diaboli
736 3411 1115 3484 tyrannidem
1147 3426 1309 3465 mors
1335 3409 1397 3463 in
1430 3408 1704 3463 homines
1737 3419 1983 3477 regnum
2026 3402 2132 3457 ob-

484 3504 733 3567 tinebat,
763 3516 1091 3571 omnesque
1140 3498 1339 3554 divina
1376 3497 1672 3553 sententia
1703 3493 2133 3550 condemnatos

484 3592 549 3648 in
578 3591 878 3646 infernum
909 3587 1371 3645 transmittebat.

557 3708 703 3762 Cum
726 3705 904 3777 igitur
922 3705 984 3759 in
1002 3703 1294 3775 ejusmodi
1318 3703 1716 3758 calamitatem
1741 3720 1808 3757 ac
1830 3703 2134 3758 miseriam

481 3795 869 3861 venissemus,
891 3793 1136 3846 minime
1166 3809 1274 3847 nos
1297 3791 1565 3862 despexit
1588 3792 1700 3846 ista
1719 3809 1836 3862 quo
1851 3792 2030 3846 efﬁcti
2045 3796 2131 3845 at-

493 3899 609 3957 que
635 3884 697 3937 in
729 3887 923 3937 ortum
954 3879 1221 3952 producti
1248 3880 1550 3934 fueramus
1577 3897 1590 3945 ;
1622 3895 1815 3949 neque
1848 3896 2134 3934 manuum

492 3988 736 4029 suarum
766 3987 915 4043 Opus
945 3968 1213 4024 funditus
1244 3969 1438 4040 perire
1469 3969 1619 4023 sivit.
1648 3970 1858 4022 Verum
1882 3968 2137 4040 benigna

491 4060 593 4116 Dei
624 4078 690 4116 ac
721 4059 910 4114 Patris
942 4059 1244 4112 voluntate
1278 4058 1620 4129 unigenitus
1666 4057 1872 4119 Filius.
1932 4063 1991 4111 et
2032 4058 2132 4111 Dei

487 4150 766 4216 Verbum,
799 4148 900 4219 qui
934 4152 1024 4201 est
1052 4146 1111 4200 in
1135 4146 1268 4201 sinu
1298 4146 1523 4211 Patris;
1554 4146 1677 4208 ille,
1709 4146 2136 4217 inquam,ejus-

483 4240 619 4296 dem
652 4255 787 4294 cum
820 4240 991 4293 Patre
1023 4251 1090 4290 ac
1121 4236 1343 4307 Spiritu
1377 4241 1581 4290 sancto
1633 4235 2001 4297 substantiae,
2036 4233 2136 4288 ille

481 4345 603 4384 avo
636 4328 800 4383 omni
831 4324 1156 4395 antiquior,
1183 4324 1285 4379 ille
1318 4324 1596 4395 principii
1630 4340 1863 4395 expers,
1919 4324 2020 4395 qui
2074 4323 2135 4377 in

478 4417 775 4491 principio
810 4422 955 4482 erat,
989 4421 1047 4469 et
1075 4413 1231 4485 apud
1269 4416 1452 4468 Deum
1498 4431 1563 4469 ac
1625 4417 1857 4468 Patrem
1900 4422 2043 4474 erat.
2081 4422 2137 4468 et

477 4508 630 4562 Deus
670 4511 816 4572 erat,
849 4504 922 4559 ad
955 4519 1152 4558 servos
1187 4518 1324 4557 suos
1356 4502 1735 4573 indulgenter
1757 4518 1820 4556 se
1848 4502 2123 4569 dimittit;

478 4600 537 4651 et
559 4595 799 4666 quidem
824 4595 924 4658 ita,
951 4598 1015 4647 ut
1040 4593 1166 4646 hinc
1191 4591 1473 4646 demissio
1498 4607 1606 4646 nec
1630 4591 1820 4645 verbis
1840 4592 2131 4646 declarari

475 4702 587 4742 nec
608 4690 807 4739 mente
825 4680 1247 4752 comprehendi
1276 4679 1533 4750 possit.N
1554 4696 1650 4733 am
1672 4696 1804 4733 cum
1823 4681 1975 4734 Deus
1990 4696 2125 4750 per-

467 4774 660 4831 fectus
688 4778 863 4838 esset,
897 4769 1196 4843 perfectus
1228 4769 1407 4823 homo
1440 4786 1510 4823 ex
1567 4768 1788 4839 Spiritu
1836 4776 2037 4823 sancto
2071 4776 2131 4824 et

468 4869 677 4921 sancta
705 4861 884 4917 Maria
914 4859 1136 4931 virgine
1167 4858 1269 4912 Dei
1290 4857 1574 4930 genitrice
1598 4857 1872 4925 efﬁcitur,
1908 4875 2030 4913 non
2056 4876 2126 4914 ex

2254 1879 2520 1955 ατρὲφων,
2551 1879 2716 1951 νόμον
2752 1876 2952 1934 δέδωκε
2979 1880 3144 1951 πλαξὶ
3173 1879 3402 1945 λιθίναις
3430 1883 3587 1946 θεόθεν
3616 1903 3789 1956 γεγραμ-

2258 1963 2437 2037 μὲνον,
2472 1966 2637 2042 ὅνπερ
2695 1965 2989 2043 ἐνεχείρισε
3043 1972 3123 2040 τῷ
3182 1970 3373 2025 Μωσεῖ
3417 1968 3497 2024 ἐπὶ
3547 1974 3627 2025 τοῦ
3667 1966 3792 2043 ὅρους,

2251 2052 2419 2109 τύπον
2466 2050 2591 2109 ὅντα
2646 2055 2737 2110 καὶ
2794 2058 3150 2134 σκιαγραφίαν
3207 2064 3316 2113 τῶν
3394 2058 3685 2132 μελλόντων,
3725 2064 3795 2113 τῶν

2256 2143 2352 2215 μὲν
2407 2140 2652 2200 εἰδώλων
2707 2145 2797 2200 καὶ
2853 2144 3069 2202 πάντων
3116 2151 3226 2203 τῶν
3300 2153 3535 2222 πονηρῶν
3599 2148 3798 2222 ἀπάγοντι

2251 2234 2515 2309 πράξεων,
2554 2236 2714 2309 μόνον
2750 2235 2806 2293 δὲ
2866 2236 3187 2295 διδάσκοντα
3239 2241 3331 2296 τὸν
3377 2236 3531 2302 ὅντως
3573 2236 3677 2295 ὄντα
3711 2240 3795 2295 Θεὸν

2251 2320 2519 2394 σέϐεσθαι,
2550 2327 2639 2381 καὶ
2696 2333 2804 2383 τῶν
2859 2329 3073 2403 ἀγαθῶν
3135 2324 3313 2405 ἔργων
3369 2328 3668 2405 ἀπέχεσθαι’
3710 2333 3798 2386 Tox-

2250 2413 2437 2476 αύταις
2499 2415 2589 2469 οὗν
2670 2416 3075 2493 τερατουργίαις
3164 2418 3447 2494 εἰσήγαγεν
3525 2418 3687 2480 αὐτοὺς
3747 2439 3797 2479 εις

2249 2504 2453 2579 ἀγαθήν
2482 2527 2604 2560 τινα
2627 2513 2751 2582 γῆν,
2786 2506 2958 2582 ἥνπερ
2990 2506 3161 2563 πάλαι
3212 2515 3298 2582 τῷ
3344 2510 3631 2585 πατριάρχῃ
3670 2508 3799 2579 ἐκείνῳ

2250 2590 2500 2670 Ἀϐραὰμ
2557 2596 2917 2673 ἐπηγγείλατο
2978 2596 3168 2654 δώσειν
3232 2599 3395 2655 αὐτοῦ
3446 2604 3519 2672 τῷ
3584 2607 3798 2672 σπερμστι.

2247 2683 2349 2739 Καὶ
2385 2684 2589 2761 μακρὸν
2622 2683 2679 2740 ἂν
2729 2686 2811 2757 εί¹η
2866 2684 3232 2763 διηγήσασθαι
3285 2690 3385 2744 ’ὸσα
3431 2688 3502 2751 είς
3549 2687 3706 2750 αὖτοὺς
3746 2686 3797 2741 ἱν-

2246 2771 2482 2845 εδείξατο
2517 2775 2729 2851 μεγάλα
2756 2778 2844 2833 καὶ
2897 2780 3196 2852 θαυμαστὰ,
3262 2777 3445 2853 ἔνδοξά
3491 2800 3543 2835 τε
3586 2781 3659 2834 καὶ
3705 2776 3799 2847 ἐξαί-

2244 2885 2353 2929 σια,
2386 2866 2457 2919 ὧν
2492 2867 2593 2921 οὐκ
2621 2863 2762 2923 ἔστιν
2814 2868 3067 2944 ἀριθμὸς,
3114 2867 3187 2924 δι’
3235 2872 3308 2925 ὧν
3360 2872 3560 2925 πάντων
3601 2873 3727 2924 τοῦτο
3756 2869 3797 2934 ἦν

2240 2957 2303 3012 τὸ
2353 2956 2792 3031 σπουδαζόμενον
2874 2962 3051 3031 πάσης
3143 2958 3388 3034 ἀθέσμου
3469 2961 3682 3038 λατρείας
3740 2960 3795 3012 καί

2241 3048 2482 3122 πράξεως
2537 3049 2599 3104 τὸ
2664 3054 2772 3105 τῶν
2832 3050 3133 3127 ἀνθρώπων
3196 3053 3498 3107 ἀποσπάσαι
3551 3052 3696 3127 γένος,
3735 3047 3795 3101 καὶ

2241 3136 2318 3198 εἷς
2348 3138 2447 3205 τὴν
2499 3138 2731 3213 ἀρχαίαν
2776 3137 3125 3217 ἐπαναγαγεῖν
3179 3142 3520 3197 κατάστασιν.
3568 3138 3706 3198 Ἀλλά
3739 3134 3798 3190 καὶ

2241 3221 2320 3281 ἔτι
2339 3231 2407 3300 τῇ
2431 3228 2732 3302 αὐτονομίᾳ
2758 3234 2859 3301 τῇς
2890 3229 3102 3303 πλάνης
3134 3230 3433 3289 ἐδουλοῦτο
3462 3237 3495 3303 ἡ
3518 3232 3652 3312 φύσις
3669 3232 3798 3302 ἡμῶν,

2235 3318 2325 3371 καὶ
2368 3312 2650 3375 ἐϐασίλευε
2703 3325 2810 3375 τῶν
2872 3322 3173 3398 ἀνθρώπων
3209 3324 3239 3378 6
3274 3326 3513 3394 θάνατος,
3563 3326 3622 3396 τῇ
3663 3340 3800 3394 τυραν-

2234 3405 2343 3463 νίδι
2373 3412 2469 3463 τοῦ
2504 3405 2767 3466 διαϐόλου
2797 3412 2885 3467 καὶ
2927 3416 2994 3487 τῇ
3047 3411 3316 3489 καταδίκῃ
3362 3418 3456 3469 τοῦ
3499 3410 3617 3485 ᾅδου
3654 3412 3799 3467 πάντας

2234 3502 2632 3576 παραπέμπων.

2309 3696 2402 3759 Εἷς
2433 3699 2693 3769 τοιαύτην
2750 3700 2843 3754 οὗν
2893 3701 3178 3780 συμφορὰν
3230 3705 3324 3759 καὶ
3370 3702 3705 3778 ταλαιπωρίαν
3745 3698 3805 3753 έλ-

2238 3786 2427 3850 θόντας
2456 3789 2603 3859 ἡμᾶς
2653 3787 2716 3841 οὐ
2765 3786 3017 3863 παρεῖδεν
3052 3792 3079 3845 ὁ
3110 3789 3331 3855 πλάσας
3389 3793 3476 3847 καὶ
3530 3791 3583 3847 ἐκ
3631 3789 3709 3844 τοῦ
3755 3787 3805 3859 μή

2239 3875 2390 3937 ὅντος
2421 3876 2497 3940 εἷς
2524 3876 2585 3931 τὸ
2617 3876 2749 3931 εἶναι
2784 3880 3137 3955 παραγαγὼν.
3170 3880 3300 3937 οὐδὲ
3357 3884 3551 3959 ἀφῆκεν
3599 3880 3665 3943 είς
3700 3876 3809 3934 τέλος

2238 3963 2537 4020 ἀπολέσθαι
2566 3966 2629 4020 τὸ
2658 3971 2765 4021 τῶν
2794 3972 2999 4042 χειρῶν
3045 3969 3214 4025 αύτοῦ
3270 3970 3449 4045 ἔργον,
3497 3970 3611 4025 ἀλλ’
3651 3964 3812 4031 εὐδοκία

2240 4052 2462 4113 52105
2521 4058 2654 4110 Θεοῦ
2704 4057 2793 4110 καὶ
2850 4060 3058 4131 Πατρὸς
3116 4060 3209 4113 καὶ
3272 4060 3523 4137 συνεργία
3576 4062 3659 4113 τοῦ
3704 4054 3815 4128 ἁγίου

2241 4143 2573 4215 Ιινεύματος,
2606 4146 2633 4199 ὁ
2670 4147 2965 4221 μονογενὴς
2999 4148 3120 4209 Υἱὸς
3148 4149 3246 4203 καὶ
3291 4151 3464 4225 Λόγος
3518 4153 3604 4202 τοῦ
3651 4142 3811 4213 Θεοῦ,ὀ

2241 4230 2313 4285 ὤν
2348 4232 2423 4294 εἰς
2454 4234 2546 4287 τὸν
2577 4233 2787 4288 κόλπον
2847 4240 2944 4289 τοῦ
2999 4238 3215 4311 ΙΙατρὸς
3265 4244 3370 4313 (9,,
3406 4239 3431 4294 ό
3462 4235 3720 4310 ὁμοούσιος
3762 4234 3816 4301 τῷ

2240 4322 2410 4395 Πατδοί
2437 4322 2525 4377 καὶ
2573 4328 2654 4396 τῷ
2701 4325 2843 4398 ἁγίῳ
2894 4327 3190 4399 Πνεύματι,
3227 4331 3257 4384 ὁ
3288 4332 3619 4402 προαιώνιος,
3648 4327 3670 4379 ὁ
3695 4323 3810 4393 ἄνερ·

2240 4432 2365 4487 χος,
2397 4414 2425 4467 ὂ
2457 4412 2507 4466 ἐν
2540 4414 2688 4489 ἀρχῇ
2743 4414 2838 4484 ὢν,
2891 4417 2977 4471 καὶ
3026 4418 3164 4488 πρὸς
3219 4420 3315 4473 τὸν
3367 4420 3491 4475 Θεὸν
3534 4418 3615 4472 καὶ
3661 4411 3815 4485 Πατέρα

2242 4499 2336 4568 ὥν,
2388 4503 2477 4557 καὶ
2537 4506 2668 4567 Θεὸς
2726 4503 2797 4560 ὢν
2854 4509 2987 4580 (10),
3052 4508 3469 4583 συγκαταϐαίνει
3523 4514 3627 4569 τοῖς
3677 4505 3813 4559 ἑαυτοῦ

2242 4587 2463 4654 δούλοις
2519 4589 2914 4668 συγκατάϐασιν
2972 4594 3244 4673 ἄφραστον
3315 4600 3405 4653 καὶ
3484 4594 3814 4663 ἀκατάληπτον,

2240 4680 2351 4746 καὶ,
2384 4682 2513 4742 Θεὸς
2547 4677 2620 4736 ὥν
2676 4682 2909 4755 τέλειος,
2968 4684 3256 4762 ἅνθρωπος
3315 4689 3521 4751 τέλειος
3568 4686 3735 4761 γίνεται
3774 4677 3814 4731 ἐκ

2241 4771 2555 4844 Πνεύματος
2616 4775 2773 4851 ἁγίου
2832 4778 2919 4831 καὶ
2973 4779 3189 4851 Μαρίας
3243 4783 3346 4847 τῆς
3404 4779 3556 4855 ἁγίας
3605 4771 3813 4849 Βαρθένου

2240 4860 2331 4914 καὶ
2362 4862 2652 4933 Θεοτόκου,
2706 4863 2805 4919 οὐκ
2862 4863 2922 4920 ἐκ
2978 4867 3293 4942 σπέρματος
3342 4864 3814 4944 ἀνδρὸς,ἤθελήμαο

538 5093 614 5164 (8)
645 5088 825 5149 Codd.
861 5086 1049 5159 ξηρᾶς.
1078 5084 1257 5139 Exod.
1298 5099 1412 5147 xiv,
1445 5086 1507 5137 21
1542 5098 1556 5135 :
1590 5080 1860 5153 Κύριος...
1897 5081 2122 5152 ἐποίησε

538 5184 563 5215 ν
598 5162 648 5215 οἱ
680 5159 791 5215 υἱοῖ
825 5158 1047 5223 Ἰσραὴλ
1082 5154 1157 5216 εἰς
1195 5155 1357 5223 μέσον
1389 5160 1488 5222 τῆς
1521 5152 1797 5220 θαλάσσης
1827 5155 1963 5209 κατὰ
1991 5157 2051 5209 τὸ
2083 5158 2135 5223 ξτ

2243 5109 2249 5134 ν
2285 5086 2557 5180 θάλασσαν
2592 5090 2777 5166 ξηρὰν,
2837 5093 2927 5147 καὶ
2973 5093 3165 5169 ἐσχίσθ
3243 5097 3309 5151 τὸ
3340 5093 3502 5169 ὕδωρ·
3547 5093 3625 5147 καὶ
3666 5084 3807 5153 εἰσῆλ-

2243 5178 2264 5197 ’·
2298 5160 2384 5213 καὶ
2415 5181 2477 5214 το
2534 5158 2679 5223 ὕδωρ
2740 5162 2907 5223 αὐτῆς
2952 5172 3141 5223 τεῑγος
3170 5117 3250 5223 ’ὲκ
3311 5165 3493 5223 δεξιῶν
3539 5166 3617 5220 καὶ
3671 5165 3807 5223 τεῖχος

471 5154 563 5226 θον
595 5154 648 5233 οἱ
680 5159 791 5233 υἱοῖ
825 5154 1157 5233 Ἰσραὴλμεῖς

1238 5155 1357 5208 ἐσον
1389 5152 1797 5233 τῆεθαλᾶσσης
1827 5155 2051 5233 {arduo
2083 5152 2264 5230 ξηρόν·
2298 5160 2384 5213 καὶ
2415 5159 2477 5214 τὸ
2534 5152 2679 5227 ὕδωρ
2740 5152 2907 5233 αὐτῆς
2952 5152 3141 5233 τεῖἳος

3216 5189 3281 5241 κ-
3311 5165 3493 5241 δεξιῶν
3539 5165 3808 5241 καίητιῖχος

469 5231 881 5321 ἐὲΜΞύωνύμιυγ.
903 5227 1442 5321 ':l‘h.nProdromus.
1474 5227 1812 5321 Tetrast._in
2056 5247 2111 5300 p.

2243 5233 2511 5321 :PXépqov
2576 5227 2946 5321 ἀϐυσσότοκον
3006 5227 3167 5321 πῖδον
3218 5227 3393 5321 ᾗλιοξ
3443 5227 3808 5321 ἀμφεπόλὲυξὲν

493 5298 670 5389 ξΥδωρ
839 5300 1088 5384 ἒκᾴτερθε
1118 5298 1469 5372 πεπηγμένον
1500 5298 1631 5380 ἠύτε
1658 5300 1868 5389 τεῖχος]
1902 5298 2128 5369 Μίμνει.

2243 5303 2358 5359 .lim
2386 5298 2758 5389 ἄβυσσοτόκον
2817 5327 2951 5389 cu_I_n
2993 5313 3120 5389 cod:
3167 5298 3342 5389 28-31,
3377 5298 3543 5389 qudd‘
3574 5304 3808 5389 et

491 5370 650 5458 ianas'
673 5370 942 5458 editioni,
975 5370 1096 5458 qua
1126 5370 1290 5458 nunc
1314 5387 1507 5458 careo,
1543 5371 1738 5424 inesse
1770 5370 2020 5458 Videtur,
2054 5391 2190 5458 cum
2224 5391 2291 5429 ex
2323 5394 2391 5458 e_o
2424 5379 2552 5433 loco
2589 5380 2647 5434 in
2677 5398 2828 5436 nova
2862 5384 3123 5438 Thesauri
3154 5370 3342 5440 Graeci
3358 5370 3601 5439 editione
3618 5379 3801 5436 allatum

465 5449 665 5530 fuerit.
698 5448 923 5530 Sensus.
949 5442 1039 5499 est
1062 5461 1074 5497 :
1094 5443 1673 5530 ‘solum‘ab‘ys‘sorum
1698 5448 2003 5530 parentem
2019 5446 2191 5530 velut
2208 5449 2623 5530 c‘ontinentjm
2639 5452 2728 5506 sol
2751 5453 3077 5522 oberravit;
3100 5456 3257 5527 quod
3283 5472 3493 5511 moneo
3514 5455 3580 5510 ob
3594 5442 3800 5530 Suvignyi

700 5498 837 5589 quae
871 5517 978 5599 hic
994 5498 1151 5569 mala
1181 5520 1338 5569 sunt.
1372 5498 1590 5570 Eadem
1632 5498 1723 5569 est
1751 5498 2065 5572 antithesis
2107 5498 2135 5573 il

2243 5518 2275 5574 ί.
2304 5536 2394 5586 cv,
2426 5524 2457 5575 9
2485 5539 2498 5577 :
2532 5520 2836 5597 Ὠδήγησεν
2873 5498 3077 5589 αὐτοὺς
3101 5498 3797 5599 ECEéaEK‘Egv'évvipiei'

536 5595 613 5661 (9)
643 5588 807 5645 Joan.
846 5603 881 5653 ι,
917 5588 1002 5641 18.

531 5654 645 5738 (10)
672 5663 839 5719 Joan.
874 5675 909 5727 I,
946 5661 964 5712 l
1000 5672 1011 5710 :
1045 5654 1173 5714 Θεὸς
1203 5654 1268 5722 ἦν
1299 5656 1327 5710 6
1355 5655 1555 5728 Λόγος’
1590 5657 1747 5717 οὗτος
1777 5658 1843 5726 ἦν
1875 5657 1927 5711 ἐν
1962 5658 2112 5735 ἀρχῇ
2145 5661 2285 5735 πρὸς
2312 5662 2408 5718 τὸν
2440 5662 2593 5722 Θεόν.
