3952 6202
190 366 274 424 913
1302 368 1468 422 νιΤΑ
1511 366 1766 421 BARLA.

1925 366 1991 418 ΞΤ
2025 362 2370 419 JOASAPH.

3427 363 3538 423 9H

184 515 279 561 τος,
304 490 333 561 ἢ
359 485 646 566 συναφείας,
702 487 756 544 ἐν
804 492 872 563 τῇ
932 488 1192 565 ἀχράντῳ
1224 492 1407 564 μήτρᾳ
1433 496 1533 559 τῆς
1564 488 1766 563 Παρθέ-

1925 488 1994 542 iri
2023 487 2250 542 semine
2281 490 2382 541 aut
2411 485 2709 541 voluntate
2726 485 3159 542 autconcubitu
3181 488 3359 560 (Joan.
3386 493 3527 555 i),in

185 605 259 638 νου
284 579 605 656 συλληφθεὶς,
639 577 766 634 ἀλλ’
794 579 855 634 ἐκ
887 579 1201 652 Πνεύματος
1240 579 1397 653 ὁγίου
1428 582 1563 652 (11),
1595 578 1777 640 καθὼς

184 672 253 725 καί
297 671 386 744 πρὸ
434 675 529 737 τῆς
588 666 920 741 συλλήψεως
978 671 1056 732 εἷς
1109 673 1219 723 τῶν
1276 665 1639 744 ἀρχαγγὲλων
1674 668 1780 721 ἀπ-

181 759 341 828 εστάλη
374 756 581 831 μηνύων
613 761 681 831 τῇ
713 759 971 831 Παρθένῳ
1000 759 1098 827 τήν
1152 759 1303 829 ξένην
1336 756 1612 831 σύλληψιν
1638 755 1775 811 ἐκεί-

178 871 254 918 νην
300 849 373 902 καὶ
426 848 510 901 τὸν
572 843 846 923 ἄφραστον
902 846 1080 903 τόκον.
1140 847 1427 921 Ἀσπόρως
1490 846 1592 922 γὰρ
1647 867 1774 899 συν-

178 935 348 1013 ελήφθη
400 937 424 990 ὁ
481 936 605 996 Υἱὸς
665 939 764 989 τοῦ
820 939 954 990 Θεοῦ
1008 934 1067 990 ἐκ
1116 937 1427 1008 Πνεῦματος
1476 935 1654 1008 ἁγίου,
1684 933 1775 988 καὶ

179 1027 409 1097 συμπήξας
436 1025 607 1096 ἑαυτῷ
669 1022 720 1078 ἐν
779 1022 849 1097 τῇ
911 1027 1093 1099 μήτρᾳ
1147 1030 1247 1093 τῆς
1298 1024 1571 1098 Παρθένου
1604 1024 1775 1091 σάρκα

170 1113 546 1189 ἐμψυχουμένην
576 1117 730 1187 ψυχῇ
776 1112 974 1188 λογικῇ
1031 1134 1090 1169 τε
1148 1114 1237 1167 καὶ
1270 1118 1455 1187 νοερᾷ,
1494 1111 1772 1185 προῆλθεν

172 1204 213 1257 ἐν
264 1209 345 1274 μιᾷ
393 1208 455 1277 τῇ
516 1204 824 1270 ὑποστάσει,
886 1200 982 1257 δύο
1043 1201 1099 1257 δὲ
1156 1208 1273 1265 ταῖς
1325 1200 1772 1279 φύσεσι,τὲλειος

166 1293 287 1357 Θεὸς,
312 1291 394 1346 καὶ
446 1290 656 1353 τέλειος
716 1288 1022 1363 ἅνθρωπος,
1086 1288 1321 1369 ἄφθορον
1354 1293 1450 1356 τήν
1484 1294 1768 1363 παρθενίαν

162 1388 241 1450 τῆς
278 1380 531 1451 Τεκοόσης
579 1382 666 1436 καὶ
728 1383 861 1454 μετὰ
905 1381 999 1436 τὸν
1050 1381 1211 1436 τόκον
1266 1378 1524 1455 φυλάξας,
1571 1380 1682 1448 καὶ,
1717 1378 1768 1433 ἐν

159 1477 287 1525 πᾶσιν
364 1472 703 1543 ὁμοιοπαθής
758 1473 894 1544 ἡμῖν
971 1470 1268 1545 γενόμενος
1341 1468 1519 1544 χωρὶς
1591 1468 1772 1543 ἁμαρ-

156 1560 249 1621 τῖας
277 1564 394 1635 (12),
422 1562 514 1622 τὰς
546 1559 825 1624 ἀσθενείας
858 1562 1020 1633 ἡμῶν
1068 1554 1302 1615 ἀνέλαϐε
1330 1560 1420 1613 καὶ
1450 1559 1546 1619 τὰς
1578 1557 1768 1619 νόσους

156 1644 401 1705 ἐϐάστασεν
454 1653 585 1722 (13).
647 1650 798 1706 Ἑπεὶ
852 1649 951 1725 γάρ
1016 1646 1087 1703 δι’
1142 1647 1413 1719 ἁμαρτίας
1456 1646 1707 1712 εἶσῆλθεν
1742 1647 1769 1699 ὁ

154 1739 344 1799 θάνατος
373 1738 444 1801 εἰς
471 1740 563 1793 τὸν
598 1738 804 1810 κόσμον
838 1741 972 1811 (14),
1022 1742 1123 1797 53
1177 1735 1282 1793 ἔδει
1314 1738 1403 1793 τὸν
1441 1740 1767 1811 Αυτροῦσθαι

153 1824 393 1898 μέλλοντα
448 1829 829 1904 ἀναμάρτητον
887 1828 1023 1883 εἶναι
1076 1829 1167 1883 καὶ
1203 1829 1278 1903 μὴ
1322 1832 1403 1899 τῷ
1435 1828 1646 1899 θανάτῳ
1681 1822 1768 1880 διὰ

148 1914 225 1981 τῆς
248 1917 494 1992 ἁμαρτίας
524 1916 845 1974 ὑπεύθυνον.

201 2097 307 2151 Ἐπὶ
339 2096 631 2174 τριάκοντα
660 2095 717 2153 δὶ
759 2096 989 2173 χρόνοις
1019 2102 1139 2159 τοῖς
1188 2097 1498 2173 ἀνθρώποις
1533 2117 1765 2152 συνανα-

147 2187 382 2261 στραφεὶς,
438 2182 740 2258 ἐϐαπτίσθη
803 2186 857 2242 ἐν
931 2191 1010 2260 τῷ
1067 2184 1312 2262 Ἰορδάνῃ
1364 2191 1599 2259 ποταμῷ
1664 2187 1767 2241 ὑπὸ

144 2274 379 2343 Ἰωάννου,
435 2276 635 2350 ἀνδρὸς
697 2276 854 2351 ἁγίου
910 2278 999 2332 καὶ
1056 2276 1270 2331 πάντων
1320 2281 1429 2331 τῶν
1462 2279 1764 2353 προφητῶν

141 2362 511 2438 ὑπερκειμένου.
564 2368 963 2428 Βαπτισθὲντος
1024 2364 1081 2422 δὲ
1138 2365 1323 2433 αὐτοῦ,
1365 2367 1517 2443 φωνή
1551 2365 1760 2439 ἠνέχθη

136 2451 387 2526 οὐρανόθεν
420 2454 479 2511 ἐκ
538 2457 641 2511 τοῦ
694 2460 828 2512 Θεοῦ
879 2456 970 2511 καὶ
1033 2456 1265 2531 ΙΙατρὸς,
1313 2454 1564 2531 λέγουσα·
1599 2453 1767 2514 Οὗτός

136 2540 381 2613 ἐστινζίό)
437 2547 464 2601 ὁ
523 2547 655 2609 Υἱὸς
728 2567 834 2619 μου
892 2547 920 2600 ὁ
977 2545 1276 2623 ἀγαπητὸς,
1312 2545 1440 2617 ἐνῷ
1473 2542 1761 2613 εὐδόκησα,

130 2631 291 2689 Καέτὸ
326 2640 547 2709 Πνεῦμα
602 2636 667 2691 τὸ
726 2635 879 2711 ἅγιον
914 2634 966 2691 ἐν
1010 2635 1140 2691 ἔδει
1194 2641 1514 2710 περιστερᾶς
1555 2632 1766 2701 κατῆλ-

132 2732 200 2783 θεν
246 2723 322 2778 ἐπ’
375 2725 563 2781 αὐτὸν.
627 2726 721 2780 Καὶ
783 2725 1016 2781 ἆποτότε
1072 2725 1275 2801 ἤρξατο
1329 2729 1534 2797 σημεῖα
1585 2719 1762 2777 ποιεῖν

129 2812 312 2886 μεγάλα
361 2818 473 2889 (16)
530 2814 628 2871 καὶ
705 2816 1008 2888 θαυμαστὰ,
1082 2814 1304 2889 νεκροὺς
1357 2812 1610 2879 ἆνιστῶν,
1667 2832 1760 2864 τυ-

128 2898 275 2973 ολους
329 2905 610 2980 φωτίζων,
671 2903 933 2978 δαίμονας
989 2904 1335 2973 ἀπελαῦνων,
1392 2905 1613 2978 κωφοὺς
1668 2899 1759 2955 καὶ

126 2988 335 3055 κυλλοὺς
377 2994 724 3069 θεραπεύων,
786 2993 1023 3068 λεπροὺς
1078 2993 1404 3067 καθαρίζων,
1438 2993 1522 3046 καὶ
1558 3011 1758 3045 παντα-

126 3077 264 3154 χόθεν
314 3084 688 3155 ἀνακαινίζιυν
743 3087 841 3154 τήν
900 3082 1305 3140 παλαιωθεῖσαν
1364 3085 1524 3155 ἡμῶν
1576 3079 1756 3159 φύσιν,

122 3168 246 3246 ἔργῳ
282 3194 337 3229 τε
391 3176 486 3231 καὶ
549 3175 709 3253 λόγῳ
764 3173 1035 3231 παιδεύων
1084 3177 1173 3231 καὶ
1226 3173 1493 3230 διδάσκων
1524 3174 1621 3242 τὴν
1654 3178 1752 3241 τῆς

1889 579 2038 634 labis
2053 578 2247 633 omnis
2262 582 2498 648 experte
2523 576 2776 649 Virginis
2798 582 2965 632 utero
2979 579 3436 650 conceptus,sed
3458 597 3529 637 ex

1887 669 2104 740 Spiritu
2139 665 2885 737 sancto,quemadmodum
2913 674 3049 723 ante
3079 670 3534 741 conceptionem

1885 758 2378 830 archangelorum
2410 773 2564 811 unus
2581 757 2797 811 missus
2816 763 2924 821 est,
2944 757 3045 829 qui
3066 775 3275 814 novam
3299 760 3464 815 illam
3480 765 3541 817 et

1885 848 2297 905 admirandam
2331 846 2782 918 conceptionem
2815 847 3035 920 Virgini
3070 850 3395 906 nuntiaret.
3440 853 3539 906 Et-

1884 941 2044 995 enim
2061 939 2161 994 Dei
2175 938 2357 993 Filius
2373 954 2441 992 ex
2458 937 2678 1008 Spiritu
2705 943 2909 992 sancto
2927 939 3056 994 sine
3084 941 3309 997 semine
3325 957 3539 998 conce-

1883 1036 2018 1100 ptus
2050 1034 2177 1084 est:
2212 1032 2638 1099 compactaque
2657 1026 2768 1081 sibi
2800 1027 2861 1081 in
2893 1027 3147 1100 Virginis
3168 1036 3336 1086 utero
3353 1048 3531 1087 carne

1881 1118 2143 1173 animata
2165 1119 2368 1173 anima
2386 1117 2632 1171 rationis
2655 1133 2721 1171 ac
2742 1118 2961 1172 mentis
2983 1120 3289 1191 participe.
3314 1120 3539 1192 prodiit

1881 1209 1941 1262 in
1974 1226 2091 1263 una
2123 1225 2398 1279 persona,
2432 1213 2489 1261 et
2520 1206 2751 1262 duabus
2772 1208 3022 1271 naturis,
3044 1210 3533 1280 perfectusDeus,

1880 1305 1938 1352 et
1968 1298 2145 1352 homo
2178 1298 2472 1367 perfectus
2497 1314 2510 1363 ;
2540 1298 2744 1351 matris
2776 1298 3171 1367 virginitatem
3201 1300 3378 1355 etiam
3402 1304 3537 1371 post

1880 1394 2115 1458 partum
2148 1387 2219 1442 ab
2235 1387 2395 1441 omni
2416 1386 2546 1441 labe
2566 1403 2923 1441 conservans
2964 1392 3154 1458 Atque
3180 1388 3389 1443 iisdem
3404 1406 3529 1444 om-

1879 1476 2020 1531 nino
2053 1476 2271 1546 quibus
2304 1493 2436 1532 nos.
2469 1481 2711 1546 excepto
2736 1482 2995 1548 peccato,
3022 1478 3402 1547 passionibus
3425 1479 3536 1534 ob-

1876 1567 2089 1621 noxius
2112 1568 2358 1621 effectus
2381 1566 2643 1632 (Hebuv),
2668 1566 3049 1620 infirmitates
3073 1572 3305 1621 nostras
3325 1584 3530 1623 susce-

1876 1657 1983 1728 pit,
2017 1673 2085 1711 ac
2116 1656 2354 1710 morbos
2388 1661 2626 1709 nostros
2657 1655 2907 1726 portavit
2928 1656 3188 1727 (Isa.Lm)
3237 1657 3527 1720 Quoniam

1878 1747 2038 1800 enim
2070 1762 2176 1816 per
2206 1750 2513 1817 peccatum
2557 1761 2717 1799 mors
2758 1744 2820 1798 in
2866 1743 3159 1799 mundum
3214 1744 3527 1800 introierat

1876 1838 2051 1906 (Rom.
2077 1852 2148 1901 vi,
2193 1850 2437 1890 necesse
2486 1840 2613 1889 erat
2657 1838 2723 1887 ut
2779 1834 2879 1904 qui
2930 1832 3360 1904 redemptionis
3393 1851 3528 1889 mu-

1878 1942 2019 1980 nere
2051 1924 2470 1995 perfuncturus
2521 1930 2665 1987 erat,
2719 1922 2789 1977 ab
2841 1924 3003 1977 omni
3049 1929 3289 1994 peccato
3338 1940 3523 1995 purus

1879 2023 2054 2083 esset,
2087 2016 2432 2087 peccatique
2462 2014 2640 2070 morti
2672 2012 2920 2068 minime
2953 2013 3262 2069 obnoxius.

1946 2105 2207 2176 Triginta
2219 2122 2394 2175 porro
2419 2104 2593 2158 annis
2624 2118 2759 2158 cum
2780 2102 3125 2157 hominibus
3148 2108 3435 2167 versatus,
3459 2104 3523 2159 in

1875 2194 2616 2251 Jordanisundisaloanne
2630 2194 2752 2247 viro
2772 2198 2977 2247 sancto
3008 2209 3074 2248 ac
3097 2193 3521 2264 prOphetarum

1876 2284 2144 2340 omnium
2158 2282 3004 2355 praestantissimo,baptizatus
3017 2289 3106 2337 est
3132 2282 3529 2355 quuebapti-

1876 2382 1998 2429 zato
2032 2392 2137 2429 vox
2170 2373 2460 2445 ejusmodi
2495 2373 2565 2428 de
2598 2372 2744 2428 ccelo
2776 2389 2811 2427 a
2842 2373 2958 2427 Deo
2992 2374 3163 2427 Patre
3186 2372 3383 2428 delata
3405 2378 3525 2429 est:

1878 2465 1979 2518 Hic
2002 2470 2092 2519 est
2112 2464 2295 2518 Filius
2319 2479 2483 2518 meus
2502 2462 2755 2517 dilectus
2808 2462 2866 2515 in
2893 2479 3008 2533 quo
3032 2461 3173 2516 mihi
3198 2461 3350 2517 bene
3363 2479 3525 2517 com-

1875 2553 2069 2624 placui
2098 2556 2277 2610 (Lucaz
2312 2554 2389 2622 ιιι)
2417 2569 2429 2606 :
2459 2558 2635 2622 atque
2676 2551 2931 2621 Spiritus
2963 2557 3204 2605 sanctus
3236 2552 3525 2607 columbae

1876 2642 2070 2713 specie
2096 2643 2155 2696 in
2169 2642 2364 2713 ipsum
2392 2640 2713 2696 descendit.
2728 2642 2807 2694 Ac
2821 2640 3103 2711 deinceps
3121 2657 3332 2712 magna
3345 2641 3521 2694 etad-

1873 2731 2146 2785 miranda
2177 2731 2344 2801 signa
2374 2730 2609 2783 efficeie
2637 2729 2830 2798 caapit.
2857 2735 3122 2783 mortuos
3144 2728 3415 2782 videlicet
3447 2727 3523 2782 ad

1872 2820 2049 2873 vitam
2083 2836 2383 2883 revocans,
2408 2818 2579 2873 caecis
2610 2818 2801 2871 lucem
2826 2818 3106 2874 efferens.
3131 2816 3432 2871 daemones
3454 2816 3517 2871 in

1870 2910 2067 2980 fugam
2100 2915 2354 2973 vertens,
2388 2906 2597 2962 surdos
2628 2911 2687 2960 et
2716 2905 2959 2961 claudos
2991 2921 3226 2972 curans,
3251 2905 3517 2976 leprosos

1872 3017 2150 3073 purgans,
2167 3005 2344 3070 atque
2363 2999 2746 3053 inveteratam
2766 3003 3039 3051 naturam
3054 3000 3316 3051 nostram
3341 2994 3517 3049 undi-

1870 3109 1985 3163 que
2006 3088 2720 3161 renovans,operibusque
2736 3087 3108 3151 erudiens,ac
3121 3086 3351 3141 virtutis
3364 3085 3516 3140 viam

1871 3181 2148 3239 edocens.
2168 3186 2342 3250 atque
2364 3196 2398 3233 a
2418 3178 2797 3249 corruptione
2814 3176 3257 3239 abstrahens,et
3276 3173 3350 3230 ad
3366 3191 3518 3230 sem-

116 3259 284 3334 ἀρετῆς
314 3264 466 3335 ὁδὸν,
529 3269 640 3336 τῆς
702 3266 795 3339 μὶν
857 3269 1059 3344 φθορᾶς
1119 3266 1363 3340 ἀπάγων,
1395 3264 1534 3340 πρὸς
1567 3262 1624 3317 δὲ
1652 3263 1750 3329 τὴν

1925 3271 2169 3325 iternam
2193 3270 2368 3324 vitam
2394 3267 2505 3322 iter
2524 3272 2883 3322 monstrans.
2912 3264 3075 3321 Unde
3094 3265 3273 3320 etiam
3295 3263 3520 3319 duode-

120 3352 239 3419 ζωῆν
287 3353 555 3432 ποδηγῶν
616 3356 717 3424 τήν
772 3354 1013 3410 αἶ’ώνιον.
1064 3357 1224 3418 ’Ὀθεν
1274 3354 1365 3409 καὶ
1404 3353 1649 3426 μαθητὰς
1682 3354 1766 3421 ἐξ-

111 3436 305 3511 ελέξατο
357 3441 609 3513 δώδεκα,
665 3444 756 3507 οὕς
804 3444 894 3499 καὶ
953 3443 1296 3506 ἀποστόλους
1349 3442 1593 3498 ἐκάλεσε
1672 3440 1764 3495 καὶ

110 3530 367 3602 κηρύττειν
428 3534 637 3596 αὐτοῖς
693 3532 952 3608 ἐπέτρεψε
1003 3535 1102 3602 τὴν
1164 3532 1417 3609 οὐράνιον
1451 3530 1763 3599 πολιτείαν,

112 3618 168 3687 ἣν
216 3622 377 3692 ἦλθεν
436 3626 529 3681 in?
598 3633 702 3695 τῆς
757 3632 859 3702 γῆς
916 3623 1274 3695 ἐνδείξασθαι,
1326 3624 1415 3679 καὶ
1474 3623 1764 3697 οὐρανίους

107 3712 219 3775 τοὺς
240 3718 535 3781 ταπεινοὺς
602 3720 754 3789 ἡμᾶς
810 3719 902 3772 καὶ
963 3716 1245 3793 ἐπιγείους
1294 3720 1364 3792 τῇ
1414 3717 1581 3772 αὐτοῦ
1613 3715 1765 3772 οἶκο-

108 3804 256 3876 νομῖᾳ
279 3805 528 3867 τελέσαι.

162 3896 347 3969 sed»...
408 3896 471 3953 δὲ
532 3904 643 3968 τῆς
702 3898 1018 3970 θαυμαστῆς
1073 3896 1241 3952 αὐτοῦ
1288 3898 1379 3952 καὶ
1427 3899 1763 3969 θεοπρεποῦς

100 3980 365 4049 πολιτείας
426 3988 528 4043 καὶ
591 3991 707 4041 τῶν
759 3986 998 4063 ἀπείρων
1059 3988 1349 4059 θαυμάτων
1379 3987 1430 4042 οἱ
1481 3988 1764 4063 ἀρχιερεῖς

89 4072 165 4124 καὶ
194 4073 433 4152 ἄσχηγοὶ
488 4082 615 4133 τῶν
666 4073 975 4141 Ἰουδαίων,
1026 4074 1152 4139 ἔνθα
1201 4074 1266 4146 δὴ
1299 4075 1390 4131 καὶ
1423 4077 1519 4137 τὰς
1553 4073 1761 4150 διατρι-

92 4152 177 4221 6ἆς
231 4161 504 4236 ἐποιεῖτο,
601 4166 883 4239 μανέντες,
967 4167 1157 4239 οἷσπερ
1239 4164 1305 4219 τὰ
1384 4168 1763 4239 προειρημένα

84 4249 352 4324 θαυμαστᾶ
384 4260 618 4329 σημεῖα
675 4256 766 4310 καὶ
821 4256 1021 4329 τέρατα
1071 4260 1183 4328 (17)
1230 4257 1546 4327 πεποιήκει,
1577 4255 1768 4329 ἀμνη-

89 4344 407 4412 μονήσαντες
508 4343 764 4411 πάντων,
845 4346 1061 4416 θανάτῳ
1172 4345 1335 4399 αὐτὸν
1388 4341 1763 4400 κατεδίκασαν,

80 4431 169 4487 54
194 4430 287 4489 ἕνα
341 4441 461 4491 τῶν
532 4438 815 4509 μαθητῶν
876 4434 1044 4489 αὐτοῦ
1104 4432 1180 4495 εἲς
1232 4430 1530 4508 προδοσίαν
1573 4455 1765 4510 συναρ-

83 4521 349 4586 πάσαντες·
414 4524 546 4596 καῖ,
609 4525 987 4598 κρατήσαντες
1044 4521 1227 4589 αὐτὸν,
1275 4527 1391 4585 τοῖς
1441 4521 1645 4578 ἔθνεσιν
1679 4522 1765 4579 ἕκ-

1874 3362 1987 3415 cim
2030 3358 2352 3430 discipulos
2389 3356 2566 3428 elegit
2597 3356 2814 3423 (Matth.
2867 3357 3007 3423 xxx),
3040 3371 3187 3425 quos
3217 3353 3519 3426 apostolos

1871 3447 2489 3518 nominavit.ipsisque
2506 3446 2807 3517 negotium
2821 3442 3521 3499 deditutcmlestemvitm

1872 3539 2165 3593 rationem
2187 3536 2603 3608 praedicarent,
2622 3551 2803 3606 quam
2818 3540 2882 3588 ut
2896 3534 2958 3588 in
2982 3539 3139 3589 terra
3159 3532 3522 3599 ostenderet,

1871 3644 1937 3682 ac
1970 3643 2079 3681 nos
2102 3626 2358 3680 humiles
2381 3629 2439 3680 et
2457 3631 2726 3679 terrenos
2742 3640 2849 3694 per
2867 3622 3339 3679 incarnationem
3353 3636 3523 3677 suam

1872 3716 2140 3771 cmlestes
2167 3716 2448 3784 efficeret,
2477 3719 2735 3781 venerat,

1942 3899 2163 3951 Atvero
2180 3895 2543 3951 admiranda)
2566 3894 2753 3967 ipsius
2775 3911 2842 3950 ac
2865 3890 3078 3950 Deitati
3100 3897 3517 3949 consentaneae

1870 3988 1998 4042 vitea
2012 3986 2574 4058 atqueintinitorum
2591 3984 3010 4041 miraculorum
3024 3984 3243 4039 invidia
3256 3983 3521 4037 etfurore

1871 4077 2151 4132 commoti
2181 4077 2517 4132 Judzeorum
2550 4075 2862 4147 pontifices
2888 4092 2954 4129 ac
2986 4073 3308 4145 principes,
3360 4068 3520 4141 apud

1872 4187 2019 4241 quos
2043 4169 2271 4224 scilicet
2290 4168 2789 4228 commorabatur.
2816 4172 2874 4222 et
2896 4166 2968 4221 ad
3015 4180 3269 4236 quorum
3292 4159 3515 4215 utilita-

1870 4264 1987 4315 tem
2021 4258 2372 4313 admiranda
2394 4257 2493 4327 huj
2506 4255 2737 4310 usmodi
2765 4254 2930 4325 signa
2953 4260 3010 4307 et
3030 4251 3297 4324 prodigia
3318 4261 3523 4320 perpe-

1872 4354 2056 4402 trarat
2083 4346 2510 4401 beneficiorum
2527 4345 2791 4399 omnium
2811 4344 3355 4405 immemores,eum
3373 4356 3523 4394 mor-

1873 4443 1927 4491 te
1948 4437 2418 4497 multarunt,uno
2437 4434 2717 4488 nimirum
2738 4432 3007 4503 exipsius
3020 4429 3329 4500 discipulis
3343 4428 3415 4483 ad
3431 4429 3517 4499 ip-

1872 4542 2002 4581 sum
2019 4525 2387 4596 prodendum
2403 4530 2658 4595 arrepta,
2683 4523 3297 4593 comprehensumque
3320 4518 3515 4589 ipsum

82 4605 224 4667 δοτον
276 4616 380 4685 τὴν
452 4617 622 4686 ζωὴν
682 4618 788 4669 τῶν
850 4614 1098 4669 ἁπάντων
1157 4611 1509 4683 ἐποιήσαντο,
1544 4613 1760 4685 ἑκουσίᾳ

1925 4614 2141 4670 antibus
2155 4613 3003 4684 dediderunt,ipsum.inquam
3016 4609 3135 4681 .qui
3150 4608 3419 4663 omnium
3432 4608 3517 4661 vi-

82 4698 243 4775 βουλῇ
296 4710 480 4761 ταῦτα
540 4701 980 4775 καταδεξαμὲνου
1057 4702 1242 4761 αὐτοῦ.
1300 4704 1475 4759 Ἦλθε
1525 4706 1627 4780 γάρ
1687 4702 1757 4759 δι’

73 4789 209 4862 illi;
266 4796 457 4851 πάντα
523 4798 751 4858 παθεῖν,
805 4793 873 4847 ’ἐν’
926 4796 1077 4867 ἡμᾶς
1130 4797 1239 4848 τῶν
1299 4797 1484 4857 παθῶν
1538 4795 1754 4869 ἐγευθε-

74 4882 234 4956 ρώσῃ.
277 4885 493 4942 Πολλὰ
561 4882 628 4939 δὲ
684 4882 761 4947 είς
812 4882 970 4938 αὐτὸν
1029 4880 1417 4956 ἐνδειξάμενοι,
1450 4888 1664 4958 σταυρῷ
1693 4886 1754 4939 τὸ

1870 4711 1926 4761 ta
1940 4711 2085 4765 erat.
2101 4721 2167 4759 ac
2182 4710 2389 4775 sponte
2404 4704 2528 4757 haec
2543 4701 2921 4772 suscipiebat.
2944 4701 3062 4755 Hac
3078 4698 3235 4753 enim
3250 4697 3321 4752 de
3337 4713 3516 4752 causa

1866 4796 2048 4863 venit,
2071 4801 2138 4850 ut
2156 4801 2359 4850 nostra
2380 4810 2558 4849 causa
2571 4792 2773 4846 omnia
2785 4795 3338 4863 perpeteretur.quo
3351 4787 3516 4843 vide-

1867 4885 2125 4940 licetnos
2138 4902 2171 4939 a
2199 4884 2422 4939 vitiosis
2435 4881 2853 4938 affectionibus
2876 4882 2936 4935 in
2959 4880 3295 4934 libertatem
3317 4876 3511 4933 vindi-

132 5088 451 5163 (ffliloan.
492 5105 541 5158 ι,
587 5089 695 5141 i3:
727 5085 793 5142 Οἳ
826 5082 924 5139 οὐκ
954 5082 1003 5156 ἐξ
1035 5083 1302 5159 αἱμάτων,
1335 5081 1463 5140 οὐδὲ
1495 5084 1552 5140 ἰκ
1589 5086 1900 5160 θελήματος
1960 5086 2176 5163 σαρκὸς,
2230 5083 2354 5140 οὐδὶ
2410 5084 2470 5139 ἐκ
2527 5082 2839 5158 θελήματος
2889 5077 3107 5160 ἀνδρός,
3139 5078 3266 5138 ἀλλ’
3295 5080 3356 5138 ἐκ
3380 5084 3513 5138 Θεοῦ

67 5153 313 5230 ἐγεννήθη
324 5180 432 5215 σαν
442 5205 455 5217 .

124 5223 235 5303 (121
266 5223 472 5306 Epist.
514 5230 603 5306 ad
636 5230 807 5306 Hebr.
842 5246 913 5306 ιγ,
969 5231 1074 5283 16;
1117 5226 1203 5306 Δ0ςό
1259 5227 1361 5306 γᾴρ
1420 5223 1652 5306 ἔχομεν-
1679 5232 1766 5306 ἀρ]

1925 5251 1938 5284 ι
2001 5232 2077 5303 μή
2139 5227 2434 5301 δυνάμενον
2470 5230 2819 5302 συμπαθῆσαι
2849 5233 2970 5291 ταῖς
2998 5224 3294 5290 ἀσθενείαις
3324 5228 3511 5304 ἡμῶν,

64 5297 508 5378 πεπειρασμένον
548 5299 620 5355 δὲ
647 5300 781 5378 κατᾶ
809 5298 980 5355 πάντα
1010 5301 1128 5363 καθ’
1160 5297 1489 5375 ὁμοιότητα,
1513 5297 1690 5378 χωρὶς
1721 5297 2010 5377 ἁμαρτίαςξ

121 5378 233 5447 (13)
268 5377 497 5434 Matth.
540 5391 666 5447 vi".
701 5376 753 5430 ’1.

102 5441 226 5527 ,(144
258 5452 466 5522 Epist.
508 5446 602 5504 ad
636 5447 801 5504 Rom.
832 5463 886 5515 ν,
922 5448 1027 5502 l2:
1061 5443 1140 5498 Δι’
1170 5444 1283 5508 ἑνὸς
1329 5445 1623 5523 ἀνθρώπου
1651 5447 1685 5516 ἠ
1719 5444 1957 5520 ἁμαρτία
2005 5444 2084 5510 εἲς
2138 5444 2233 5502 τὸν
2286 5443 2492 5518 κόσμον
2543 5442 2786 5516 εἰσῆλθε,
2813 5446 2901 5501 καὶ
2940 5441 3031 5501 διὰ
3056 5446 3156 5516 τῆς
3186 5443 3450 5523 ἁμαρτίας
3476 5448 3504 5504 ὁ

56 5525 298 5582 Gnatae.

110 5593 220 5664 (15)
254 5596 483 5651 Matth.
522 5608 626 5652 ιιι,
660 5594 743 5648 1⁸1.

110 5660 216 5741 (416)
254 5670 481 5741 Άρᾳῑιὴ.
501 5678 691 5741 “x‘xxv,
722 5664 795 5741 24(
819 5676 833 5717 :
866 5660 1109 5715 Δώσουσι
1141 5665 1343 5734 σημεῖα
1375 5661 1587 5741 μεγάλα
1614 5664 1705 5719 καὶ
1733 5684 1762 5720 τ

109 5739 224 5813 (17)
253 5739 349 5798 Cf.
382 5756 455 5812 p.
498 5736 586 5791 50
616 5739 677 5790 et
700 5739 842 5793 nota
864 5749 1044 5808 praue.
