4000 6202
196 426 313 483 917

1374 425 1543 479 VITA
1584 424 1935 478 BARLAAM
1972 425 2069 479 ET
2102 423 2444 480 JOASAPH.

3508 424 3618 481 918

199 552 407 618 πείθων
439 549 569 614 τοὺς
603 553 701 610 56
760 550 996 629 ἄφρονας
1051 551 1142 606 καὶ
1204 549 1489 612 ἀσυνέτους
1543 546 1618 602 ἔτι
1648 555 1750 617 τῆς
1783 568 1848 602 ει-

1975 550 2066 606 dis
2078 549 2441 621 persuadens
2454 554 2519 605 ut
2531 548 2824 605 idolorum
2841 547 3063 604 cultum
3080 546 3275 603 adhuc
3296 549 3613 621 retineant,

200 640 618 717 δωλολατεείας
679 641 1019 717 άντέχεσθαι,
1077 638 1202 695 ἀλλ’
1264 639 1489 707 ἀσθενὴς
1544 639 1577 706 ἠ
1637 635 1865 709 δύναμις

199 731 373 789 αὖτοῦ
402 733 615 809 γέγονε,
647 734 735 787 καὶ
796 731 850 785 αἱ
921 730 1187 809 ρομφαῖαι
1246 730 1410 784 αὐτοῦ
1467 727 1544 788 εἰς
1588 723 1752 789 τέλος
1785 726 1864 796 ἐξ·

1975 640 2275 697 imbecilla
2303 646 2499 696 tamen
2523 640 2706 713 ipsius
2739 641 2822 695 vis
2845 641 3055 695 effecta
3087 643 3196 702 est,
3229 643 3405 710 atque
3427 638 3615 710 ipsius

1971 730 2212 787 frameaa
2234 747 2340 803 per
2358 730 2571 786 Christi
2595 729 2917 802 potentiam
2954 729 3015 783 in
3044 728 3228 784 finem
3252 727 3615 785 defecerunt.

201 822 646 896 έλιπον(30)τῇ
706 825 801 877 τοῦ
860 822 1098 896 Χριστοῦ
1156 817 1403 891 δυνάμει.
1461 813 1605 874 Ἰδού
1636 837 1720 871 σοι
1773 817 1848 870 τὸη

1970 823 2054 875 Ευ
2072 822 2173 876 tibi
2191 821 2503 877 Dominum
2522 836 2720 876 meum
2743 821 2998 876 acDeum
3013 825 3072 874 et
3092 818 3302 874 salutis
3314 823 3619 875 auctorem

199 912 340 986 ἐμὸν
387 911 690 983 Δεσπότην,
725 912 816 965 καὶ
874 910 1001 965 Θεὸν
1062 908 1152 964 καὶ
1214 914 1468 981 Σωτῆρα,
1526 902 1596 960 δι’
1656 904 1861 980 ὀλίγων

201 1002 479 1078 ἐγνώρισα
537 1001 822 1079 ῥημάτων
892 998 1225 1073 τελεώτερον
1313 997 1371 1053 δὶ
1452 995 1755 1073 γνωρίσεις,
1816 994 1861 1049 εἰ

192 1094 299 1161 τήν
336 1092 503 1169 χάριν
534 1089 699 1147 αὐτοῦ
731 1088 852 1165 δέξῃ
882 1089 933 1144 ὲν
965 1094 1035 1164 τῇ
1064 1092 1219 1165 ψυχῇ
1252 1109 1347 1144 σου
1376 1086 1467 1142 καὶ
1526 1083 1727 1148 δοῦλος
1762 1084 1857 1140 αύ-

195 1187 299 1238 τοῦ
330 1184 675 1256 καταξιωθῇς
697 1181 963 1257 γενέσθαι.

272 1276 437 1330 ΚΕΦ.
474 1273 553 1330 Η’.
582 1272 797 1327 Τούτων
824 1272 898 1333 ὡς
955 1268 1162 1339 ἤκουσε
1217 1273 1325 1324 τῶν
1382 1267 1641 1344 ῥημάτων
1702 1267 1730 1321 6
1759 1266 1856 1319 τοῦ

196 1361 480 1439 βασιλέως
538 1362 677 1428 υίὸς,
729 1365 842 1438 φῶς
899 1359 1062 1414 αὐτοῦ
1117 1360 1488 1433 περιήστραψε
1567 1358 1666 1424 τήν
1749 1360 1854 1427 ψυ-

190 1454 308 1528 χήν
344 1456 481 1527 (31)’
513 1452 606 1507 καὶ
638 1450 923 1522 ἐξαναστὰς
975 1454 1071 1503 τοῦ
1127 1448 1328 1521 θρόνου
1385 1447 1444 1501 ἐκ
1478 1445 1851 1521 περιχαρείας,

191 1544 285 1597 καὶ
324 1540 685 1618 περιπλακεῖς
709 1544 787 1611 τῷ
819 1537 1109 1612 Βαρλαὰμ,
1143 1531 1266 1615 ἔφη’
1315 1538 1474 1611 Τάχα
1505 1536 1659 1596 οὗτός
1690 1534 1850 1605 ἐστιν,

192 1632 274 1694 ὡς
307 1631 417 1708 ἐγὼ
450 1632 671 1702 εἰκάζω,
727 1631 1027 1704 τιμιώτατε
1070 1632 1178 1684 τῶν
1232 1626 1554 1701 ἀνθρώπων,
1615 1624 1642 1679 ό
1702 1624 1852 1689 λίθος

190 1723 407 1786 ἐκεῖνος
438 1723 467 1777 6
493 1721 782 1794 ἀτίμητος,
829 1722 885 1775 δν
920 1718 974 1775 ἐν
1010 1720 1293 1793 μυστηρίῳ
1324 1713 1547 1779 εἰκότως
1578 1716 1850 1791 κατέχεις,

193 1815 276 1886 μὴ
309 1813 471 1868 παντὶ
502 1815 583 1883 τῷ
616 1808 941 1885 βουλομένῳ
994 1813 1186 1865 τοῦτον
1242 1805 1523 1874 δεικνύων,
1583 1805 1711 1861 ἀλλ’
1767 1807 1849 1867 οἷς

1968 911 2175 983 paucis
2206 911 2397 967 verbis
2428 910 2717 966 declaravi
2744 927 2757 977 ;
2783 909 3017 983 plenius
3040 916 3387 965 autemcum
3400 925 3616 982 cogno-

1969 1018 2118 1070 sces,
2163 1002 2211 1057 si
2259 1000 2446 1073 ipsius
2490 1002 2738 1074 gratiam
2783 1000 2845 1054 in
2896 1000 3099 1055 anima
3148 1006 3247 1055 tua
3293 999 3616 1071 acceperis,

1968 1092 2285 1163 divinoque
2317 1091 2606 1147 beneflcio
2640 1090 2744 1145 tibi
2775 1090 3090 1162 contigerit
3116 1095 3181 1145 ut
3209 1089 3395 1162 ipsius
3416 1105 3615 1146 servus

1965 1183 2094 1239 ﬁas.

2034 1276 2164 1331 CAP.
2201 1274 2344 1331 VIII.
2379 1306 2445 1316 —
2475 1275 2609 1329 Hinc
2638 1272 2816 1329 verba
2845 1277 2912 1327 ut
2952 1273 3107 1345 regis
3160 1272 3318 1327 filius
3366 1271 3609 1339 audivit,

1961 1368 2148 1439 ipsius
2178 1368 2410 1423 animus
2440 1365 3148 1435 lumineperstrict:sest,
3178 1379 3247 1418 ac
3263 1380 3384 1434 praa
3408 1362 3613 1419 latitia

1963 1474 1992 1512 e
2026 1457 2175 1511 solio
2207 1473 2311 1511 suo
2360 1472 2703 1527 exsurgens,
2750 1454 3135 1524 Barlaamque
3184 1453 3605 1524 complectens,

1961 1547 2143 1603 dixit:
2181 1547 2473 1611 Fortasse,
2505 1546 2619 1599 nisi
2654 1561 2746 1600 me
2780 1544 3124 1613 conjectura
3155 1542 3429 1608 fallit,vir
3455 1560 3609 1614 prte-

1961 1636 2451 1699 stantissime,bic
2466 1639 2554 1689 est
2568 1632 3003 1688 inaestimabilis
3016 1632 3115 1685 ille
3130 1631 3283 1702 lapis
3296 1648 3471 1701 quem
3486 1648 3607 1688 non

1958 1726 2062 1783 abs
2081 1744 2141 1782 re
2162 1726 2462 1782 occultum
2481 1731 2785 1779 tenesnec
2799 1721 3603 1792 cuilibetpromiscueosten-

1960 1819 2069 1879 dis,
2086 1816 2376 1873 verumiis
2390 1814 2629 1869 demum
2645 1812 2746 1883 qui
2769 1811 2931 1867 sanis
2954 1828 3021 1866 ac
3045 1811 3233 1865 ﬁrmis
3259 1810 3443 1865 animi
3466 1826 3605 1866 sen-

186 1900 463 1979 ἔρῥωνται
495 1904 590 1960 57
654 1900 719 1956 τὰ
764 1906 863 1969 τῆς
918 1902 1103 1973 ψυχῆς
1153 1898 1500 1971 αἰσθητήρια.
1546 1893 1685 1951 Ἰδοὺ
1722 1895 1845 1985 γάρτ

1963 1910 2124 1964 sibus
2146 1906 2379 1979 praediti
2401 1910 2557 1959 sunt.
2585 1905 2731 1957 Ecce
2754 1903 2911 1957 enim
2937 1902 3139 1956 uthaac
3164 1901 3339 1956 verba
3360 1900 3602 1956 auribus

188 1995 273 2056 ὡς
304 1997 477 2048 ταῦτα
499 1991 565 2047 τά
595 1990 814 2067 ῥήματα
846 1986 1109 2061 ἐδεξάμην
1164 1993 1281 2050 ταῖς
1308 1986 1521 2053 ἀκοαῖς,
1551 1990 1663 2063 φῶς
1700 1984 1846 2059 γλυ-

184 2083 431 2139 κύτατον
465 2078 642 2136 εἷσέδυ
672 2101 777 2154 μου
806 2083 875 2153 τῇ
906 2076 1123 2151 καρδίᾳ,
1153 2075 1241 2131 καί
1270 2077 1332 2131 τὸ
1360 2076 1495 2149 βαρὺ
1527 2074 1700 2129 ἐκεῖνο
1748 2081 1849 2143 τῆς

188 2171 390 2244 λύπης
420 2170 709 2243 κάλυμμα,
741 2169 803 2225 τὸ
842 2165 1017 2224 πολὺν
1048 2164 1156 2236 ἤδη
1220 2165 1419 2241 χρόνον
1470 2164 1847 2238 περικείμενον

185 2265 265 2336 τῇ
298 2258 495 2338 καρδίᾳ
518 2282 645 2333 μου,
680 2265 869 2324 θᾶττον
903 2259 1207 2331 περιῃρήθη
1245 2258 1380 2328 (32).
1416 2253 1478 2311 Et
1511 2254 1601 2309 οὗν
1661 2252 1845 2316 καλῶς

183 2346 775 2426 εἷκάζω,ἆνάγγειλόν
840 2367 954 2423 μοι’
1016 2346 1061 2402 εί
1120 2343 1178 2400 δὲ
1229 2345 1319 2401 καὶ
1378 2345 1622 2416 κρεῖττόν
1662 2348 1846 2399 τιτῶν

182 2443 511 2518 εἰρημένων
541 2441 845 2517 γινώσκεις,
908 2438 985 2512 μή
1045 2431 1361 2491 ἆναόάλλου
1392 2432 1443 2506 ἐξ
1483 2434 1651 2505 αὐτῆς
1684 2455 1847 2513 φανε-

182 2533 372 2613 ρῶσαί
407 2552 524 2603 μοι.

264 2624 442 2687 Αὖθις
478 2620 568 2676 οὗν
602 2621 630 2674 6
661 2616 933 2695 Βαρλαάμ
985 2615 1332 2691 ἀπεκρίνατο·
1388 2612 1487 2670 Nai
1534 2616 1663 2688 μῆν,
1695 2615 1847 2685 κύριέ

187 2736 305 2789 μου
337 2710 429 2767 καὶ
468 2707 716 2787 βασιλεῦ,
758 2706 943 2762 τοῦτό
977 2705 1087 2761 ἐστι
1142 2706 1205 2761 τὸ
1259 2704 1397 2780 μέγα
1457 2706 1752 2777 μυστήριον
1783 2706 1846 2759 τὸ

183 2800 688 2875 ἀποκεκρυμμένον
775 2796 881 2851 ἀπὸ
956 2800 1064 2851 τῶν
1150 2794 1362 2850 αἰώνων
1429 2794 1519 2849 καὶ
1579 2794 1684 2848 ἀπὸ
1739 2798 1845 2847 τῶν

177 2897 414 2971 γενεῶν,
472 2889 553 2946 ἐπ’
614 2886 863 2963 ἐσχάτων
945 2883 1002 2941 δὲ
1055 2890 1161 2940 τῶν
1250 2886 1464 2960 χρόνων
1539 2884 1843 2959 φανερωθέν

178 2982 270 3055 τῷ
326 2980 470 3057 γένει
531 2977 640 3034 τῶν
702 2977 1002 3051 ἀνθρώπων
1049 2978 1187 3049 (33),
1247 2976 1309 3029 οὗ
1364 2976 1464 3043 τὴν
1544 2975 1844 3051 φανέρωσιν

179 3071 366 3127 πάλαι
396 3073 467 3143 τῇ
500 3072 598 3124 τοῦ
656 3067 802 3131 θείου
861 3065 1178 3139 ῙῙνεύματος
1236 3064 1423 3139 χάριτι
1476 3060 1845 3139 προτςγγειλαν

176 3159 399 3217 πολλοὶ
435 3164 715 3233 προφῆται
772 3154 862 3210 καὶ
923 3152 1151 3224 δίκαιοι,
1207 3154 1541 3227 πολυμερῶς
1596 3151 1685 3207 καὶ
1744 3174 1847 3207 πο-

178 3247 486 3324 λυτρόπως
539 3250 650 3320 (34)
713 3245 1028 3320 μυηθέντεςο
1087 3242 1177 3298 καὶ
1240 3242 1651 3320 μεγαλοφώνως
1720 3264 1837 3297 κατέ

178 3336 566 3417 αγγείλαντες,
624 3337 711 3391 καὶ
800 3336 997 3395 πάντες
1084 3335 1182 3402 τήν
1238 3332 1502 3405 ἐσομένην
1568 3332 1841 3407 σωτηρίαν

176 3433 563 3506 προορῶντες,
633 3424 861 3489 ἐπόθουν
948 3424 1235 3487 θεάσασθαι
1315 3419 1543 3492 ταύτην,
1596 3424 1683 3477 καὶ
1746 3422 1845 3478 οὐκ

176 3518 650 3589 ἒθεάσαντο(35)·
712 3511 841 3569 ἀλλ’
895 3512 1102 3587 ἐσχάτη
1160 3512 1321 3586 γενεὰ
1350 3509 1481 3581 αὕτη
1516 3512 1723 3584 ἠξιώθη
1782 3513 1843 3567 τὸ

182 3612 472 3685 σωτήριον
506 3602 775 3677 δέξασθαι.
805 3605 866 3661 Ὁ
925 3601 1213 3664 πιστεύσας
1268 3601 1358 3656 οὖν
1387 3601 1476 3656 καὶ
1533 3602 1844 3676 βαπτισθεὶς

175 3702 524 3773 σωθήσεται,
560 3697 588 3751 6
622 3692 679 3750 ’δὲ
708 3693 1009 3765 ἆπίστήσας
1039 3693 1491 3769 κατακριθήσεται
1530 3695 1665 3765 (36).

248 3883 316 3939 '0
382 3878 454 3949 δὴ
534 3874 766 3951 Ἰωάσαφ
824 3869 948 3954 ἔφη·
1028 3872 1208 3931 Πάντα
1262 3872 1331 3929 τὰ
1417 3872 1679 3947 εἰρημένα
1758 3893 1843 3929 σοι

173 3970 586 4032 ἆνενδοιάστως
617 3967 879 4037 πιστεύω,
936 3965 1027 4022 καὶ
1077 3965 1135 4020 ὅν
1190 3963 1577 4041 καταγγέλλεις
1637 3961 1845 4036 δοξάζω

177 4064 341 4120 Θεόν.
380 4062 482 4120 58
515 4061 699 4117 Μόνον
733 4054 994 4120 ἁπλανῶς
1027 4077 1121 4128 μοι
1177 4058 1346 4109 ταῦτα
1394 4056 1713 4132 σαφήνισον,
1752 4053 1843 4108 καὶ

173 4154 230 4209 τί
268 4174 341 4227 με
372 4149 459 4207 δεῖ
487 4155 665 4205 ποιεῖν
696 4143 935 4214 ἀκριϐῶς
967 4143 1205 4214 δίδαξον*
1241 4142 1385 4199 ἀλλὰ
1412 4143 1499 4199 καὶ
1530 4144 1591 4198 τὸ
1618 4143 1840 4219 βάπτισ-

180 4266 259 4318 μα
291 4242 347 4297 τί
380 4239 553 4305 ἐστιν,
584 4239 614 4293 8
656 4237 786 4300 τοὺς
838 4234 1191 4297 πιστεύοντας
1228 4232 1472 4303 δέξασθαι
1528 4232 1681 4311 ἔφης,
1728 4235 1844 4290 κατ’

179 4328 524 4389 ἀκολουθίαν
558 4329 708 4401 αὖτῷ
744 4329 918 4382 πάντα
952 4347 1047 4399 μοι
1077 4323 1339 4397 γνώρισεν
1375 4327 1503 4395 ι37).

1955 1998 2175 2069 excepi,
2211 1994 2561 2051 suavissima
2585 1993 2681 2046 lux
2697 1997 2901 2063 pectus
2917 2007 3115 2045 meum
3135 1990 3336 2047 subiit.
3354 1996 3411 2045 et
3429 2006 3599 2063 grave

1955 2088 2105 2145 illud
2120 2086 2388 2142 maeroris
2401 2082 2988 2153 velamen,quodjam
3007 2080 3235 2151 pridem
3250 2081 3449 2136 animo
3467 2096 3596 2136 meo

1952 2179 2219 2248 undique
2241 2173 2645 2239 incumbebat,
2666 2171 2866 2226 statim
2889 2170 3188 2225 sublatum
3212 2175 3319 2225 est.
3346 2170 3401 2224 Si
3422 2171 3601 2243 igitur

1953 2275 2112 2324 recte
2134 2267 2408 2339 conjicio,
2428 2264 2539 2325 fac.
2565 2279 2787 2334 quasso,
2812 2261 3014 2315 sciam.
3040 2261 3139 2315 Sin
3162 2266 3358 2315 autem
3375 2260 3603 2331 aliquid

1952 2358 2046 2414 his
2064 2375 2193 2430 quae
2207 2356 2312 2413 abs
2327 2362 2379 2411 te
2393 2342 3014 2411 commemorata'sunt
3028 2350 3404 2422 praestantius
3422 2350 3600 2424 nosti,

1952 2465 2030 2504 ne
2060 2447 2355 2503 cuncteris
2386 2444 2445 2499 id
2477 2443 2620 2499 mihi
2650 2459 2857 2497 rursus
2897 2441 3151 2512 aperire.

2026 2540 2281 2594 Rursum
2321 2536 2501 2608 igitur
2538 2531 2816 2605 repondit
2863 2530 3134 2587 Barlaam
3165 2547 3178 2585 :
3209 2533 3297 2587 Ita
3324 2548 3488 2591 sane.
3520 2531 3602 2587 mi

1957 2628 2194 2683 domine
2216 2644 2282 2682 ac
2308 2643 2425 2681 rex.
2448 2625 2559 2679 hoc
2591 2629 2682 2678 est
2719 2621 2867 2677 illud
2917 2638 3196 2691 magnum
3228 2623 3599 2695 mysterium,

1954 2718 2111 2788 quod
2143 2714 2555 2772 absconditum
2591 2718 2680 2767 est
2728 2729 2762 2766 a
2812 2711 3044 2765 saeculis
3095 2716 3154 2765 et
3204 2712 3600 2783 generationi-

1952 2806 2083 2871 bus,
2108 2808 2170 2860 in
2186 2804 2463 2860 extremis
2478 2808 2673 2857 autem
2692 2800 3057 2871 temporibus
3072 2800 3384 2854 hominum
3398 2802 3600 2869 generi

1952 2894 2311 2966 patefactum
2334 2892 2627 2958 (COIOSSJ).
2646 2891 2826 2961 Cujus
2852 2888 3315 2943 declarationem
3338 2888 3479 2943 olim
3494 2905 3601 2960 per

1953 2984 2203 3055 Spiritus
2224 2982 2401 3037 divini
2425 2980 2673 3053 gratiam
2702 2979 2865 3034 multi
2894 2978 3195 3050 propheta:
3218 2995 3285 3033 ac
3310 2978 3455 3050 justi
3489 2979 3596 3033 viri

1951 3074 2367 3145 praedixeruat,
2400 3072 2786 3126 multifariam
2816 3069 3140 3139 multisque
3182 3069 3374 3124 modis
3404 3068 3596 3124 edocti

1952 3164 2136 3235 (Hebr.
2164 3166 2264 3231 ιι),
2293 3168 2471 3233 atque
2511 3162 2629 3216 alta
2668 3177 2804 3215 voce
2853 3160 3298 3215 annuntiantes.
3332 3160 3596 3229 Cumque

1958 3254 2205 3308 salutem
2230 3253 2474 3307 omnino
2494 3251 2749 3305 futuram
2768 3249 3191 3321 prospicerent,
3209 3250 3457 3319 ejusque
3471 3265 3594 3303 cer-

1956 3344 2164 3399 nendas
2198 3342 2519 3415 cupiditate
2545 3347 2908 3407 tenerentur,
2942 3356 3062 3394 non
3095 3345 3293 3394 tamen
3318 3355 3447 3395 eam
3464 3354 3600 3410 per-

1956 3439 2312 3505 spexerunt;
2380 3448 2582 3486 verum
2634 3430 2847 3485 ultima
2890 3429 3015 3484 haec
3058 3429 3360 3501 generatio
3401 3427 3597 3483 divino

1954 3522 2243 3577 beneficio
2276 3522 2482 3577 salutis
2523 3526 2823 3576 auctorem
2876 3519 3153 3590 suscepit.
3205 3518 3600 3584 Quamobrem

1956 3614 2057 3685 qui
2111 3611 2451 3681 crediderit,
2507 3618 2565 3666 et
2608 3609 2932 3681 baptizatus
2979 3608 3177 3678 fuerit,
3246 3608 3440 3663 salvus
3489 3608 3603 3664 erit

1952 3704 2149 3772 (Marc.
2182 3705 2314 3770 xvr).

2026 3792 2183 3847 Dixit
2203 3798 2404 3849 autem
2424 3791 2733 3863 Josaphat:
2758 3788 2969 3846 Omnia
2991 3806 3059 3845 ea
3082 3806 3211 3860 quas
3235 3789 3340 3845 abs
3363 3792 3421 3845 te
3447 3787 3604 3846 dicta

1956 3887 2094 3936 sunt
2118 3883 2245 3937 sine
2262 3881 2382 3935 ulla
2406 3880 2773 3936 dubitatione
2792 3879 2989 3946 credo,
3015 3895 3268 3950 eumque
3292 3896 3470 3951 quem
3493 3896 3570 3935 an
3587 3911 3602 3921 -

1956 3971 2196 4026 nuntias
2218 3972 2404 4027 Deum
2428 3970 2616 4043 gloria
2636 3971 2830 4025 afficio
2881 3971 2997 4025 Iloc
3015 3986 3199 4024 unum
3222 3976 3379 4040 peto,
3403 3969 3603 4024 utsint

1954 4060 2078 4115 ullo
2103 4078 2302 4116 errore
2325 4066 2538 4116 cuncta
2558 4060 2705 4115 mihi
2730 4058 3016 4128 declares,
3052 4059 3313 4130 quidque
3346 4059 3491 4112 mihi
3521 4059 3600 4113 fa-

1953 4150 2233 4205 ciendum
2268 4151 2344 4205 sit
2375 4158 2576 4206 exacte
2609 4151 2839 4206 doceas.
2878 4152 3067 4219 Atque
3096 4149 3271 4202 etiam
3315 4147 3600 4217 quidnam

1954 4238 2284 4311 baptismus
2303 4239 2567 4310 sitquem
2583 4239 2654 4293 ab
2670 4239 2741 4293 iis
2757 4238 2854 4308 qui
2872 4238 2987 4291 fide
3001 4235 3233 4307 prmditi
3258 4241 3397 4289 sunt
3412 4233 3601 4304 accipi

1956 4329 2065 4395 ais,
2097 4330 2379 4400 deinceps
2409 4330 2499 4384 fac
2539 4329 2886 4400 intelligam.

176 4489 379 4568 ditum
410 4486 532 4568 fuit
557 4480 877 4568 παράληψις
908 4481 1093 4568 latina
1114 4496 1257 4568 yoce
1288 4483 1565 4568 responsio
1588 4499 1609 4545 ;
1644 4506 1668 4531 »
1695 4486 1796 4566 sed
1826 4488 1839 4540 1

1977 4485 2328 4562 παράλειψις,
2356 4496 2423 4568 ut
2454 4490 2623 4568 estin
2648 4489 2777 4544 cod.
2812 4491 3059 4568 296j,_e‘t
3085 4491 3598 4568 vertoprmterz‘ljo.

174 4561 402 4637 Nullus
434 4553 645 4613 dubito
673 4553 1089 4637 quinnrectese
1112 4553 1485 4637 habeatiste‘
1509 4555 1672 4610 locus
1704 4558 1764 4612 in
1791 4553 2189 4637 nuperajqua
2230 4553 2497 4637 nondum
2543 4563 2627 4637 uti
2688 4562 2871 4637 potui.
2908 4560 3158 4637 Bekkeri
3191 4553 3470 4637 editione.
3507 4561 3599 4637 Li-

170 4632 403 4689 banius
433 4646 667 4704 rursus.
693 4625 862 4704 't.7lV,
897 4645 951 4704 ρ.
984 4629 1131 4704 £913
1161 4625 1397 4704 ’rﬂutqi;
1427 4626 1526 4692 τὴν
1559 4632 1841 4704 συμφοράν

1966 4625 2049 4692 τίς
2084 4625 2192 4688 ἔστι
2230 4654 2243 4700 ;
2278 4635 2405 4689 cod.
2443 4637 2581 4689 3017
2613 4625 2766 4688 bene
2789 4631 2935 4701 ἣτις,
2967 4633 3125 4704 quod
3155 4632 3417 4689 malebat
3439 4633 3600 4690 Reis-

173 4706 346 4759 kius.
382 4701 548 4758 Idem
582 4718 711 4773 pag.
748 4692 872 4765 671,
898 4692 973 4773 '3;
1004 4692 1507 4773 p’quiv-i,-6cxsicea_t
1541 4692 1803 4773 νομίζειν·
1841 4704 1848 4757 i

1990 4692 2306 4773 ἠοικῆσθαι.

259 4776 382 4846 (30)
418 4766 689 4848 Ρεᾶιηίχῖ
714 4774 753 4848 εξ
771 4788 784 4827 :
806 4773 921 4848 Τοῖ’).
944 4766 1146 4843 ἐχθροῦ
1169 4766 1413 4848 ἐξέλιπον
1445 4769 1501 4848 αἱ
1534 4766 1796 4848 ῥομφαῖαι
1821 4772 1898 4836 εἰς
1925 4766 2110 4838 τέλός.

253 4842 382 4927 (3η
411 4848 485 4927 Α,
510 4846 579 4917 τῇ
602 4845 781 4927 ψυχῇ,
808 4842 1248 4927 mala'Syntani.
1294 4842 1568 4927 Act.“Ap,
1626 4842 1711 4927 ιῇ(ζ
1739 4847 1767 4899 3
1813 4865 1826 4902 ε

1963 4848 2251 4927 ριήῂσταψεν
2311 4847 2471 4927 αὐτὸν
2534 4852 2669 4927 φῶς.
2721 4849 2813 4905 Sic
2869 4844 3234 4927 περιλάμπειν
3266 4855 3325 4905 et
3357 4848 3596 4927 similia.

172 4915 565 4995 Esculapius
596 4915 669 4972 ad
684 4915 1045 4995 '{immonem
1068 4932 1125 4986 p.
1151 4917 1238 4995 9_i,
1261 4920 1405 4995 post
1435 4915 1848 4973 Paamandrum

1963 4915 2070 4995 ’ύτῆ
2106 4923 2145 4995 ἡ,
2172 4915 2296 4994 ὅψις
2328 4915 2688 4995 λααπρότατα
2710 4993 2721 4995 _
2745 4915 3085 4995 περιλάμπεί
3130 4921 3302 4995 πάντα
3357 4920 3452 4974 τὸν
3486 4920 3601 4995 Δκό-

181 5011 331 5062 σμον
359 4982 456 5068 τρν
492 4986 900 5068 ὑπερκείμενον·
939 4982 1101 5060 μέσος
1131 4986 1233 5061 γὰρ
1261 4982 1480 5060 ἵδρυται
1512 4994 1932 5067 στεφανηφορῶν
1962 4982 2313 5068 τὸνκόσμον.
2347 4982 2588 5050 Plenius
2619 4982 2823 5051 codex‘
2874 4982 3010 5048 42Ξο
3044 5008 3057 5047 :
3113 4993 3208 5047 τὸν
3275 4991 3597 5068 ὑπερκείμε-

174 5058 274 5117 νον
310 5060 409 5115 καὶ
437 5058 819 5144 ὑποκείμενον,

260 5137 381 5205 (32)
414 5135 516 5189 Est
544 5130 1145 5209 imita_tio_loc_utionis
1175 5131 1440 5209 Paulina;
1471 5148 1484 5187 :
1517 5134 1722 5209 confer
1750 5152 1880 5209 pag.
1914 5138 1967 5205 6,
1994 5154 2056 5193 n.
2083 5142 2169 5196 12.
2203 5140 2327 5194 Non
2358 5138 2529 5194 facile
2564 5138 2750 5193 feram
2781 5138 3104 5209 Josaphum
3153 5136 3419 5193 nondum
3469 5154 3601 5194 con-

182 5204 431 5269 versum,
466 5212 526 5262 et
555 5206 654 5278 qui
684 5205 759 5278 de
784 5204 964 5278 Paulo
995 5221 1070 5260 ne
1096 5204 1273 5278 fando

1302 5204 1542 5277 quidem
1565 5204 1889 5277 audiverat,
1923 5204 2089 5265 suam
2114 5212 2443 5266 orationem
2474 5210 2690 5265 talibus
2721 5204 2935 5266 ornare
2963 5211 3249 5267 ﬂosculis.

260 5281 382 5358 (_33)
416 5276 603 5358 Epist.
628 5276 946 5358 ad_Colo_ss.
981 5278 1162 5358 1,‘26_:
1194 5276 1270 5332 Τὸ
1306 5276 1607 5351 μυστήριον
1630 5278 1692 5332 τὸ
1725 5280 1848 5333 alno:

1967 5283 2207 5355 υμμένον
2242 5282 2345 5336 ἀπὸ
2374 5285 2482 5335 τῶν
2516 5280 2727 5335 αἰώνων
2786 5282 2873 5336 καὶ
2936 5282 3040 5337 ἀπὸ
3097 5286 3206 5336 τῶν
3237 5284 3458 5358 γενεῶν,
3488 5280 3606 5338 νυνὶ

183 5346 245 5405 δὶ
267 5346 602 5427 trivisse".
636 5347 955 5427 τοῖύγίοις
983 5346 1167 5427 αὐτοῦς

259 5416 381 5505 (θῖίι)
416 5416 601 5495 Epist.
638 5421 713 5478 ad
746 5416 924 5477 Hebr.
960 5436 996 5490 1,
1025 5424 1047 5476 1
1080 5438 1093 5477 :
1128 5416 1466 5498 Πολυμερῶς
1492 5421 1583 5476 καὶ
1614 5421 1981 5498 πολυτρόπως
2009 5422 2177 5481 παλαι
2211 5425 2237 5481 6
2272 5424 2402 5488 Θεὸς
2459 5422 2709 5497 λαλήσας
2762 5430 2878 5488 τοῖς
2930 5427 3196 5503 πατράσιν
3239 5424 3290 5482 έν
3321 5431 3439 5491 τοῖς
3470 5448 3611 5505 προ-

183 5496 415 5574 φὴταις.

267 5587 547 5668 (Βδλιιιο.
581 5604 640 5656 x,
668 5584 737 5642 24
772 5602 787 5641 :
820 5580 974 5661 Λέγω
1003 5580 1110 5662 γὰρ
1144 5580 1269 5659 ὑμῖν
1303 5582 1385 5641 ὅτι
1416 5580 1623 5642 πολλοὶ
1679 5593 1959 5665 προφῆται
2013 5588 2104 5646 καὶ
2152 5587 2397 5667 βασιλεῖς
2456 5588 2729 5662 ἠθέλησαν
2759 5585 2892 5646 ἲδεῖν
2923 5585 2957 5646 ἄ
3000 5589 3157 5666 ὑμεῖς
3204 5589 3456 5668 βλέπετε,
3513 5600 3605 5655 καὶ

191 5654 298 5714 οὐκ
322 5654 490 5715 εἶδον.

274 5734 387 5804 (36)
410 5734 590 5790 Marc.
622 5746 746 5804 xvi,
771 5732 859 5789 16.

257 5796 381 5882 (3η
404 5805 631 5865 Forsan
658 5796 752 5861 καὶ
780 5802 899 5859 κατ’
928 5796 1092 5864 ἄκολ.
1114 5832 1186 5849 —
1216 5802 1278 5875 C,
1308 5804 1427 5860 κατ’
1455 5797 1620 5864 ἁκολ.
1652 5806 1946 5886 γνώρισον.
