4000 6202
480 291 591 349 923

1997 301 2367 360 Anulum.
3696 320 3779 378 ης

485 417 759 490 superius
780 418 923 486 dixi,
952 418 1109 491 quod
1140 421 1404 479 Salvator
1432 430 1637 481 noster
1664 426 1930 483 Christus
1953 428 2126 483 disci-

2255 428 2339 495 ιήν
2387 423 2601 497 ἔνδοξον
2657 430 2754 483 τοῦ
2812 427 3085 484 Δεσπότου
3117 427 3193 492 είς
3223 427 3474 506 οὐρανοὺς
3521 431 3676 493 ἄνοδον
3716 451 3786 512 τῆς

489 507 661 579 pulos
694 513 753 563 et
780 510 1083 581 apostolos
1116 511 1377 579 elegerit.
1403 515 1509 580 Qui
1542 516 1783 587 quidem
1808 517 1979 573 nobis
2002 523 2134 589 post

487 596 803 668 gloriosam
828 598 925 652 Dei
949 598 1010 654 in
1033 600 1659 664 coalosascensionem.
1684 607 1872 677 ipsius
1894 608 1955 662 in
1978 614 2135 663 terra

486 685 617 740 vitae
649 687 961 754 rationem,
986 695 1044 744 et
1063 689 1396 748 doctrinam
1419 710 1485 749 ac
1508 695 1797 751 miracula
1847 702 2134 767 quantum

487 774 559 831 ab
591 776 936 832 hominibus
966 781 1234 849 praestari
1274 788 1526 852 poterat,
1557 784 1889 841 litterarum
1922 802 2136 841 monu-

487 865 710 922 mentis
740 866 1123 923 mandarunt.
1160 869 1252 925 Sic
1275 873 1494 928 etenim
1520 874 1580 930 in
1604 881 1866 931 extrema
1887 875 2020 931 libri
2046 876 2136 932 sui

489 960 656 1025 parte
688 954 938 1010 eximius
970 956 1070 1012 ille
1092 959 1248 1015 inter
1276 960 1506 1018 divinos
1536 965 1927 1034 evangelistas
1949 966 2135 1021 dixit:

493 1042 641 1098 Sunt
656 1048 717 1099 et
743 1043 861 1100 alia
882 1045 1089 1115 multa,
1109 1064 1241 1119 qua;
1263 1049 1404 1106 fecit
1422 1053 1609 1120 Jesus,
1635 1070 1768 1124 quas
1791 1055 1839 1109 si
1873 1055 2137 1111 scriban-

491 1137 587 1188 tur
609 1150 714 1205 per
731 1133 984 1207 singula,
1008 1153 1117 1193 nec
1138 1138 1331 1209 ipsum
1351 1141 1607 1197 arbitror
1620 1143 1908 1199 mundum
1922 1161 2023 1200 eos
2036 1144 2138 1216 qui

497 1221 799 1279 scribendi
824 1233 964 1281 sunt
984 1243 1193 1298 capere
1222 1245 1397 1300 posse
1428 1230 1612 1285 libros
1642 1233 1822 1301 (Joan.
1856 1237 1995 1306 XXI).

561 1312 627 1367 In
654 1314 767 1368 hoc
798 1315 977 1387 igitur
1014 1316 1213 1372 divino
1256 1320 1592 1392 Evangelio,
1616 1328 1736 1376 tum
1778 1321 2142 1379 incarnatio~

495 1401 611 1464 nis,
657 1409 778 1457 tum
835 1403 1286 1475 declarationis,
1338 1415 1464 1464 tum
1514 1411 1969 1478 miraculorum,
2012 1419 2137 1469 tum

2233 514 2322 572 ἐπὶ
2352 523 2453 587 γῆς
2486 515 2654 572 άύτοῦ
2692 516 3000 585 πολιτείας,
3054 518 3147 583 τάς
3200 541 3257 575 τε
3310 518 3625 587 διδασκαλίας
3670 531 3784 587 αὐτοῦ

2233 604 2323 659 καὶ
2379 605 2445 659 τὰ
2501 604 2769 679 θαύματα,
2827 607 2964 663 κατὰ
3018 608 3081 663 τὸ
3135 609 3410 684 ἐγχωροῦν
3456 619 3613 688 γραφῇ
3656 639 3781 691 παρα.

2238 691 2627 753 δοῦναι.οῧτω
2656 697 2755 771 γάρ
2811 698 2948 772 πρὸς
3000 702 3083 771 τῷ
3128 698 3270 754 τέλει
3324 704 3417 755 τοῦ
3468 699 3782 778 λόγουόίξαί.

2240 805 2396 859 ρετος
2426 790 2533 840 τῶν
2587 785 2743 851 θείων
2798 785 3014 842 ἐκείνων
3077 788 3461 865 εύαγγέλιστῶν
3492 795 3591 864 (55)
3617 794 3781 868 εἴρηκεν·

2237 874 2413 944 Ἐστι,
2446 876 2600 952 φησί,
2632 874 2724 930 λαί
2761 871 2906 931 όίλλα
2935 873 3123 932 πολλά
3165 876 3264 932 ὅσα
3311 875 3542 949 ἐποίησεν
3571 887 3595 935 ὸ
3620 883 3784 957 Ἰησοῦς,

2239 966 2392 1021 ἅτινα
2422 965 2511 1020 ἐὰν
2549 966 2821 1042 γράφηται
2882 969 3001 1032 καθ’
3056 965 3133 1027 ἓν.
3189 965 3316 1024 οὐδὲ
3372 969 3518 1026 αὐτὸν
3573 973 3785 1047 οἷμαιτὸν

2237 1054 2444 1128 κόσμον
2476 1063 2729 1131 χωρῆσαι
2760 1056 2827 1112 τὰ
2854 1058 3173 1135 γραφόμενα
3208 1053 3417 1134 βιϐλία.

2310 1328 2399 1382 Ἐν
2428 1325 2607 1400 τούτῳ
2650 1327 2741 1381 οὗν
2796 1332 2875 1401 τῷ
2916 1327 3176 1402 θειοτάτῳ
3228 1327 3534 1405 Εὐαγγελίῳ
3582 1328 3792 1410 ἔμφίρεται

2240 1417 2340 1482 τῆς
2362 1436 2419 1470 τε
2458 1416 2802 1489 σαρκώσεως,
2858 1423 2959 1487 τῆς
3016 1439 3076 1473 τε
3132 1415 3465 1491 ἀναδείξεως,
3493 1425 3589 1474 τῶν
3614 1442 3661 1475 τε
3705 1434 3793 1485 on-

494 1501 926 1565 praaceptorum
960 1498 1149 1569 ipsius
1185 1500 1448 1557 historia.
1482 1504 1580 1557 Dei
1641 1503 1850 1575 spiritu
1904 1511 2143 1562 exarata

2255 1524 2396 1575 ματι,
2449 1508 2557 1559 τῶν
2615 1526 2673 1560 τε
2730 1506 3062 1580 πραγμάτων
3112 1506 3299 1578 αὐτοῦ,
3355 1510 3388 1578 ἡ
3447 1509 3633 1584 ἱστορία
3677 1511 3795 1566 [lyri-

495 1584 854 1640 continetur.
890 1590 971 1641 Ac
1002 1587 1217 1643 deinde
1249 1592 1501 1662 supplici
1525 1592 1685 1648 illius
1717 1594 1789 1649 ab
1825 1596 1985 1650 omni
2008 1595 2141 1651 labe

2255 1612 2373 1664 ματι
2404 1596 2538 1647 Θεοῦ
2572 1595 2952 1668 γεγραμμένη,
2987 1592 3174 1650 ἔπειτα
3203 1595 3295 1650 καὶ
3350 1597 3467 1669 περὶ
3521 1602 3606 1652 τοῦ
3650 1598 3795 1674 ἀχράνο

494 1674 730 1741 remoti,
755 1675 913 1745 quod
938 1677 1225 1734 Dominus
1251 1687 1455 1737 nostra
1475 1699 1653 1738 causa
1674 1684 1874 1747 subiit,
1901 1692 2143 1741 sanctae-

2255 1702 2338 1737 του
2396 1684 2603 1746 πάθους
2659 1682 2825 1760 οὗπερ
2886 1684 3138 1758 ὑπέμεινε
3169 1682 3242 1739 δι’
3271 1688 3417 1759 ἡμᾶς
3466 1686 3799 1763 ὁΚύριος,τῆς

497 1778 614 1833 que
649 1762 844 1819 triduo
880 1773 1015 1837 post
1044 1770 1519 1835 resurrectionis,
1550 1778 1728 1844 atque
1758 1775 1819 1829 in
1842 1775 2019 1831 caelos
2041 1792 2129 1830 as-

2255 1792 2302 1827 τε
2333 1773 2490 1847 ἁγίας
2538 1775 2629 1829 καὶ
2676 1775 2980 1848 τριημὲρου
3038 1774 3320 1851 ἐγὲρσεως,
3372 1777 3462 1831 καὶ
3514 1782 3600 1846 τῆς
3646 1778 3707 1840 είς
3739 1778 3800 1833 οὗ·

498 1853 821 1918 censionis,
857 1872 924 1911 ac
955 1856 1213 1930 denique
1244 1859 1494 1917 illustris
1524 1879 1592 1918 ac
1622 1864 1925 1920 metuendi
1956 1865 2143 1936 ipsius

2255 1860 2451 1937 ρανοὺς
2481 1861 2695 1933 ἀνόδου,
2725 1864 2861 1937 πρὸς
2895 1860 2953 1919 δὲ
2981 1864 3071 1919 καί
3099 1872 3203 1935 τῆς
3258 1863 3469 1936 ἐνδόξου
3512 1868 3589 1921 καί
3634 1862 3802 1943 φοϐερᾶς

503 1942 747 1998 secundi
771 1943 1055 2002 adventus
1078 1950 1302 2004 mentio
1315 1951 1847 2010 habeturBursum
1865 1956 2025 2011 enim
2046 1955 2147 2012 Dei

498 2032 683 2090 Filius
696 2051 827 2089 cum
846 2036 1055 2107 gloria,
1077 2041 1237 2094 omni
1267 2057 1541 2097 sermone
1558 2047 1954 2115 praestantiori
1972 2054 2148 2119 atque

501 2121 725 2195 ingenti
749 2126 1006 2182 cmlestis
1032 2128 1259 2185 militiae
1282 2132 1663 2191 multitudine
1686 2136 1747 2192 in
1770 2143 1988 2194 terram
2011 2155 2152 2194 ven-

503 2216 672 2266 turus
693 2219 801 2281 est,
834 2221 901 2269 ut
930 2216 1003 2271 de
1034 2219 1375 2275 mortalium
1424 2238 1636 2294 genere
1669 2228 2025 2282 sententiam
2064 2228 2152 2283 fe-

502 2305 616 2367 rat,
644 2307 821 2372 atque
852 2304 1174 2376 unicuique
1225 2325 1331 2379 pro
1389 2325 1456 2365 eo
1515 2329 1582 2367 ac
1633 2316 1833 2386 gessit.
1865 2316 2154 2388 rependat

502 2390 682 2460 (Luca
734 2396 868 2453 xxx).
894 2394 1124 2450 Etenim
1150 2413 1282 2452 cum
1317 2400 1468 2455 Deus
1519 2401 1823 2459 hominem
1869 2405 1941 2460 ab
1981 2406 2149 2461 initio

516 2479 848 2537 efﬂuxisset
867 2495 1064 2554 (quem
1080 2485 1400 2544 admodum
1417 2491 1593 2546 etiam
1608 2493 1733 2564 jam
1758 2494 1861 2549 tibi
1887 2497 2151 2568 exposui)

515 2566 845 2626 insufﬂavit
874 2573 935 2627 in
969 2590 1013 2629 ei
1044 2589 1102 2630 m
1125 2576 1487 2648 spiraculum
1524 2581 1654 2636 vitae
1704 2585 1856 2647 (Gen.
1908 2566 1988 2653 ll),
2022 2566 2151 2656 quas

507 2659 750 2729 quidem
770 2661 971 2718 anima
982 2664 1228 2721 rationis
1242 2673 1420 2739 atque
1434 2670 1844 2728 intelligentiaa
1859 2674 2155 2747 particeps

509 2749 866 2820 appellatur.
892 2752 1179 2817 Quoniam
1203 2763 1401 2812 autem
1428 2767 1614 2815 morte
1637 2760 1899 2818 damnati
1922 2781 2153 2831 sumus,

508 2838 788 2894 omnibus
805 2840 977 2896 nobis
1000 2844 1148 2898 mori
1175 2861 1419 2903 necesse
1443 2856 1564 2917 est;
1591 2867 1700 2905 nec
1725 2852 1851 2906 fieri
1875 2860 2069 2925 potest
2093 2860 2158 2910 ut

508 2926 606 2983 hic
643 2929 795 2983 calix
827 2930 1129 2988 hominem
1162 2935 1353 2991 ullum
1387 2945 1717 3009 prmtereat.
1754 2942 1909 2997 Nihil
1957 2951 2156 3000 autem

505 3020 596 3072 est
623 3017 781 3073 aliud
805 3036 966 3076 mors
987 3038 1164 3093 quam
1188 3025 1371 3080 animi
1404 3044 1438 3083 a
1455 3030 2049 3103 corporedisjunctio.
2076 3037 2156 3091 Ac

507 3105 751 3177 quidem
790 3109 940 3165 illud
997 3127 1231 3185 corpus,
1283 3116 1439 3187 quod
1466 3135 1497 3173 e
1529 3124 1685 3175 terra
1744 3122 2005 3178 effictum
2038 3129 2146 3191 est,

2252 1950 2416 2006 αὐτοῦ
2438 1949 2687 2025 δευτέρας
2734 1953 3047 2030 παρουσίας.
3094 1954 3306 2011 Μέλλει
3362 1955 3458 2030 γὰρ
3511 1954 3801 2017 πάλινὸΐίός

2251 2045 2351 2095 τοῦ
2400 2045 2534 2096 Θεοῦ
2590 2040 2764 2098 ἐλθεῖν
2813 2042 2901 2099 ἐπὶ
2956 2049 3056 2113 τῆς
3113 2048 3242 2121 γῆς,
3280 2047 3412 2117 μετά
3440 2046 3586 2115 δόξης
3634 2043 3806 2120 ἂῤῥήτου

2253 2130 2345 2187 καὶ
2395 2129 2642 2202 πλήθους
2696 2139 2798 2202 τῆς
2858 2132 3112 2208 οὐρανίου
3174 2140 3423 2209 στρατιᾶς
3472 2133 3806 2209 (56),κρῖναιτὸ
3916 2144 3917 2147 ‘

2254 2219 2413 2297 γένος
2469 2222 2632 2295 ἡμῶν
2686 2221 2775 2277 καὶ
2835 2219 3133 2277 ἀποδοῦναι
3212 2223 3420 2297 ἑκάστῳ
3471 2223 3591 2279 κατὰ
3634 2223 3689 2278 τὰ
3720 2219 3807 2297 ἔργα

2256 2313 2428 2367 αὐτοῦ
2459 2314 2574 2385 (57)
2625 2312 2730 2367 Τὸν
2753 2310 2853 2388 γὰρ
2878 2309 3160 2387 ἄνθρωπον
3188 2311 3247 2384 ἐξ
3278 2314 3457 2388 ἀρχῆς
3486 2313 3511 2368 ὁ
3536 2311 3647 2374 Θεὸς
3671 2309 3715 2367 ἐκ
3735 2316 3807 2384 (58)

2256 2409 2360 2477 γῆς
2414 2400 2736 2473 διαπλάσας,
2769 2402 2906 2465 καθά
2962 2400 3029 2470 δὴ
3088 2402 3177 2457 καὶ
3239 2398 3526 2473 προλαϐὼν
3578 2402 3695 2457 εἶπόν
3735 2422 3807 2468 σοι,
3916 2408 3917 2415 “

2260 2490 2578 2570 ἐνεφύσησεν
2614 2490 2691 2553 εἷς
2750 2490 2908 2547 αὐτὸν
2965 2494 3137 2561 πνοήν
3166 2496 3305 2566 (59),
3335 2490 3453 2563 ἥτις
3506 2492 3637 2567 ψυχῆ
3664 2489 3801 2565 λογιιιή

2259 2604 2317 2638 τε
2368 2585 2469 2640 08
2527 2583 2614 2637 καὶ
2674 2582 2834 2656 νοερὰ
2892 2582 3380 2658 προσαγορεύεταιο
3436 2581 3541 2637 ἐπεὶ
3580 2580 3627 2636 δὲ
3650 2583 3806 2645 θάνατον

2257 2672 2673 2748 κατεκρίθημεν,
2734 2671 3147 2746 ἀποθνήσκομεν
3211 2673 3437 2740 πάντες,
3489 2672 3569 2727 καί
3618 2671 3695 2726 οὐκ
3734 2664 3806 2725 ἔστι

2258 2764 2321 2820 τὸ
2377 2764 2646 2837 ποτήριον
2702 2764 2864 2816 τοῦτο
2911 2782 3031 2816 τινα
3085 2766 3198 2817 τῶν
3251 2762 3540 2838 ἀνθρώπων
3606 2756 3805 2835 παραδρα-

2264 2860 2384 2930 μεῖν
2411 2857 2545 2923 (60)’
2601 2851 2713 2909 ἔστι
2772 2850 3143 2916 δὶὸθάνατος
3201 2857 3319 2926 (61)
3376 2853 3634 2930 χωρισμὸς
3678 2853 3805 2925 ψυχῆς

2262 2944 2367 3000 ἀπὸ
2394 2948 2491 2999 τοῦ
2524 2943 2796 3016 σώματος.
2851 2943 3061 2999 Ἐκεῖνο
3118 2944 3217 3016 μὶν
3279 2941 3370 2999 οῦν
3426 2944 3483 2998 τὸ
3512 2941 3565 2998 ἐκ
3610 2946 3688 3015 γῆς
3728 2936 3805 2993 δισ-

2262 3032 2501 3090 πλασθὲν
2551 3036 2730 3105 σῶμα,
2792 3032 3074 3107 χωρισθὴν
3133 3038 3238 3102 τῆς
3288 3035 3490 3108 ψυχῆς,
3522 3031 3589 3093 εἷς
3615 3037 3692 3105 γῆν
3714 3029 3805 3083 ὑπο-

2266 3124 2477 3197 στρέφει
2512 3121 2563 3193 ἐξ
2592 3121 2767 3194 ἧσπερ
2823 3120 2913 3175 καὶ
2964 3120 3181 3200 ἐλήφθη
3247 3125 3359 3194 (62)
3413 3121 3497 3177 καὶ
3542 3118 3804 3198 φθειρόμενον

506 3201 894 3268 posteaquam
918 3200 989 3255 ab
1002 3202 1201 3258 animo
1230 3206 1566 3276 sejunctum
1590 3216 1699 3276 est,
1726 3210 1787 3266 in
1815 3218 2053 3281 terram,
2077 3230 2149 3269 ex

2270 3173 2323 3179 "
2368 3173 2388 3178 '
2436 3173 2476 3177 ν’
2515 3173 2563 3193 ⁷Ὂ
2601 3173 2655 3191 Ἰ’
2678 3173 2761 3194 "'r
2827 3173 2910 3175 '7‘"
2969 3173 3181 3200 “’“ἹῘ“¹Ί
3248 3173 3358 3194 1⁷⁷1
3415 3173 3496 3177 ““””
3550 3173 3653 3198 Ῐίίι
3698 3173 3706 3190 I

2267 3173 2544 3268 διαλύεται
2580 3232 2593 3244 ’
2653 3213 2688 3280 ἡ
2748 3208 2805 3265 δὲ
2861 3210 3037 3284 ψυχὴ,
3099 3211 3364 3275 ἄθάνατος
3415 3210 3555 3280 οῦσα,
3602 3206 3806 3276 πορεύεται

508 3303 627 3359 qua
660 3296 964 3364 sumptum
991 3293 1205 3355 fuerat.
1230 3300 1564 3369 revertitur,
1589 3317 1656 3357 ac
1678 3311 2019 3377 corruptum
2044 3304 2161 3362 dis-

509 3376 757 3435 solvitur
786 3382 937 3451 (Gen.
972 3401 1073 3450 m;
1102 3387 1269 3441 Eccli.
1294 3395 1393 3456 ιιι).
1431 3390 1644 3448 Anima
1675 3376 1871 3450 autem
1916 3395 2158 3451 immor-

514 3467 653 3523 talis
683 3486 819 3525 cum
842 3472 940 3539 sit,
974 3490 1040 3528 eo
1064 3478 1476 3546 proﬁciscetur
1502 3499 1616 3553 quo
1650 3499 1918 3540 summus
1957 3486 2059 3541 ille
2081 3485 2160 3542 ef-

511 3556 699 3613 fector
720 3560 992 3631 imperat,
1026 3565 1136 3631 vel,
1165 3573 1230 3621 ut
1254 3569 1472 3625 rectius
1504 3570 1733 3643 loquar,
1762 3575 2157 3645 quemadmo-

513 3646 654 3703 dum
683 3648 811 3721 ipsa
833 3652 969 3721 sibi,
996 3671 1129 3709 cum
1155 3658 1347 3714 adhuc
1370 3660 1430 3715 in
1453 3679 1629 3718 carne
1646 3672 1998 3731 versaretur,
2023 3668 2159 3724 hos~

515 3735 729 3807 pitium
760 3744 1129 3813 praaparavit.
1166 3747 1237 3801 Ut
1266 3749 1425 3804 enim
1458 3752 1709 3824 quisque
1739 3755 1870 3811 vitae
1912 3773 2161 3813 munere

517 3825 615 3881 hic
638 3825 877 3885 functus
901 3830 1100 3901 fuerit,
1135 3835 1259 3891 illic
1290 3847 1635 3911 recepturus
1660 3849 1767 3901 est.

590 3915 856 3990 Denique
914 3923 1197 3980 confectis
1228 3926 1418 4000 longis
1462 3936 1793 4003 temporum
1824 3936 2159 4004 curriculis,

520 4005 674 4063 Deus
704 4013 908 4065 noster
929 4028 1062 4067 cum
1093 4017 1413 4073 metuenda
1430 4026 1486 4074 et
1503 4024 1796 4079 sermonis
1818 4024 2161 4082 facultatem

521 4104 838 4169 superante
860 4101 1047 4175 gloria
1077 4104 1149 4160 ad
1166 4106 1458 4177 judicium
1482 4110 1554 4165 de
1578 4111 1717 4167 orbe
1739 4114 2048 4172 ferendum
2070 4134 2165 4172 ve-

516 4187 660 4242 niet.
685 4189 865 4259 Cujus
897 4198 1058 4248 metu
1089 4195 1370 4251 ccelorum
1403 4199 1648 4256 virtutes
1696 4205 2163 4263 commovebun-

514 4280 631 4343 tur,
658 4283 834 4350 atque
852 4282 1049 4338 omnis
1070 4286 1414 4356 angelorum
1441 4291 1734 4348 exercitus
1760 4300 2014 4350 tremore
2037 4314 2163 4351 cor-

516 4371 723 4436 reptus
754 4385 953 4426 coram
978 4372 1109 4443 ipso
1131 4375 1501 4441 astabit(Lué
1524 4383 1636 4452 xxx)
1666 4398 1679 4437 :
1714 4388 1840 4438 tum
1872 4385 2162 4453 videlicet,

2262 3299 2386 3367 ἔνθα
2415 3298 2625 3356 κελεύει
2659 3301 2687 3355 ὁ
2721 3300 3095 3375 Δημιουργὸς,
3158 3299 3376 3373 μᾶλλον
3425 3298 3479 3355 δὲ
3532 3297 3680 3362 καθὼς
3716 3292 3806 3361 ait)

2262 3389 2672 3467 προητοίμασεν
2731 3389 2896 3462 ἑαυτῇ
2955 3387 3253 3462 κατάλυμα
3310 3385 3385 3444 ἔτι
3414 3389 3488 3461 τῷ
3517 3386 3687 3462 σαρκίῳ
3727 3404 3808 3437 συν-
3916 3390 3917 3443 ἶ

2264 3485 2419 3536 οῦσα.
2454 3480 2643 3541 Καθὼς
2686 3480 2789 3556 γάρ
2845 3500 2929 3544 τις
2979 3477 3378 3552 πολιτεύσηται
3438 3478 3651 3549 ἐνταῦθα,
3679 3470 3811 3549 μέλλει
3916 3478 3917 3489 ‘

2263 3562 2675 3643 ἀπολαμϐάνειν
2710 3567 2931 3633 ἐκεῖθεν.

2338 3930 2471 3989 Εἶτα
2526 3928 2661 4005 μετᾶ
2714 3928 3007 3996 πλείστους
3061 3929 3303 4008 χρόνους
3349 3927 3596 3988 ἐλεύσεται
3646 3920 3809 3999 Χριστδς

2269 4024 2296 4078 ὁ
2330 4021 2460 4085 Θεὸς
2496 4023 2659 4095 ἡμῶν
2702 4026 2876 4097 κρῖναι
2932 4023 3060 4114 τὸνΔ
3084 4022 3294 4096 κόσμον
3328 4020 3380 4078 ἐν
3413 4019 3529 4095 δόξῃ
3575 4016 3738 4114 φοϐερᾷ
3916 4040 3917 4099 1

2270 4109 2672 4187 ἀνεκδιηγήτῳ,
2707 4112 2768 4167 οὗ
2823 4112 2902 4186 τῷ
2953 4106 3110 4191 φόϐῳ
3142 4114 3200 4167 αἱ
3232 4110 3482 4203 δυνάμεις
3509 4114 3599 4164 τῶν
3641 4105 3812 4203 alioquin
3916 4136 3917 4195 γ

3400 4201 3451 4256 αἱ
3507 4192 3704 4273 στρατιαὶ
3744 4192 3814 4244 τῶν
3916 4192 3917 4231 έ

2272 4292 2518 4367 ἀγγέλων
2578 4292 2772 4366 τρύμῳ
2828 4291 3182 4367 παρίστανται
3244 4291 3464 4348 ἐνώπιον
3530 4287 3665 4343 αὐτοῦ
3710 4284 3815 4345 (64).
3916 4292 3917 4367 ξ

2270 4202 2698 4273 σαλευθήσονται
2760 4203 2922 4276 (63),
2980 4202 3071 4257 καὶ
3149 4206 3316 4257 πᾶσαι

2271 4383 2402 4438 Τότε
2430 4380 2483 4437 ἐν
2518 4386 2672 4459 φωνῇ
2704 4382 3060 4458 ἀρχαγγέλου
3089 4382 3180 4437 καὶ
3213 4380 3265 4437 ἐν
3316 4378 3555 4456 σάλπιγγι
3593 4377 3699 4431 Θεοῦ
3734 4367 3817 4459 ἄναξ

520 4469 656 4510 cum
689 4456 751 4512 in
783 4460 1123 4534 archangeli
1150 4481 1289 4521 voce
1319 4483 1386 4522 ac
1418 4467 1614 4526 divina
1662 4471 1802 4528 tuba
1844 4475 2062 4530 mortui
2095 4478 2150 4531 ac

2276 4456 2561 4543 στήσονται
2620 4471 2674 4527 οἱ
2731 4472 2913 4547 νεκροὶ
2973 4474 3135 4545 (65),
3219 4473 3309 4527 καί
3356 4470 3728 4546 παραστήσονται
3766 4478 3817 4523 τφ

521 4543 698 4601 vitam
724 4546 1026 4620 redibunt,
1042 4568 1109 4609 ac
1128 4555 1439 4613 tremendo
1454 4557 1639 4631 ipsius
1656 4561 1867 4619 throno
1892 4564 2150 4621 sistentu:

2283 4540 2502 4638 φοϐερῷ
2561 4562 2729 4618 αὐτοῦ
2795 4540 2994 4637 θρόνῳ.
3054 4540 3213 4620 ’Ἐστι
3271 4557 3327 4617 δὶ
3372 4540 3698 4630 ’δ’ἀνάστασις
3738 4568 3817 4602 συν·

616 4729 707 4797 55)
734 4730 989 4788 Joannes
1019 4733 1310 4794 videlicet.

613 4802 700 4885 59)
731 4803 934 4895 λέξίξδο
968 4822 1096 4873 XXV.
1231 4826 1244 4865 ε
1278 4809 1443 4866 Ὅταν
1472 4807 1530 4866 δὲ
1584 4808 1718 4889 ἔλθῃ
1753 4817 1780 4871 ὃ
1813 4816 1937 4880 Υἱὸς
1987 4822 2086 4873 τοῦ
2142 4818 2432 4895 ἀνθρώπου
2490 4816 2541 4873 ἐν
2593 4820 2664 4893 τῇ
2723 4813 2850 4891 δόξῃ
2880 4816 3070 4891 αὐτοῦ,
3101 4813 3193 4872 καὶ
3223 4812 3415 4877 πάντες
3445 4812 3493 4868 oi
3519 4804 3697 4887 ἄγγελοι
3740 4797 3814 4875 μετ’
3916 4880 3917 4887 γ

517 4871 708 4929 αὐτοῦ.
741 4875 821 4929 Cf.
858 4876 993 4932 Luc.
1026 4871 1091 4945 ιι,
1122 4882 1209 4940 13.

594 4947 703 5015 (57)
737 4946 901 5018 Conf.
925 4966 983 5018 p.
1026 4951 1114 5018 35,
1147 4969 1205 5007 n.
1239 4954 1291 5008 4.

595 4966 703 5015 (οι)
737 4966 901 5002 honr.

595 5018 702 5089 (58)
728 5019 797 5084 Α,
831 4966 965 5076 ἦστῖ

517 5084 700 5241 gulae)
732 5163 898 5241 conf.
932 5183 990 5237 p.
1024 5168 1127 5241 45,
1148 5184 1207 5225 n.
1242 5174 1293 5228 2.

526 5298 681 5376 ἒμοῦ.

994 5021 1353 5083 Scholiastes
1378 5031 1518 5087 Nub.
1555 5034 1693 5090 159:
1724 5031 1825 5089 Καὶ
1855 5032 1954 5111 γὰρ
2014 5032 2150 5092 ἔστιν

2273 5039 2384 5092 τῶν
2413 5034 2668 5112 τεττίγων
2698 5035 2861 5091 τοῦτο
2888 5032 2981 5090 καὶ
3012 5036 3119 5089 τῶν
3180 5026 3477 5108 ἰγκελάδων
3506 5022 3633 5082 ἰδεῖν.
3660 5022 3811 5078 Forsan

598 5224 708 5326 (60)
740 5224 1031 5308 Respectu
1060 5224 1137 5296 ad
1166 5224 1341 5301 verba
1366 5245 1580 5304 Christi
1614 5250 1771 5323 apud
1813 5255 2014 5311 Matth.
2070 5272 2145 5311 xx

2255 5257 2319 5311 42
2352 5271 2367 5311 :
2425 5252 2495 5311 Ei
2523 5251 2585 5309 οὗ
2616 5248 2836 5309 δύναται
2865 5254 3036 5309 τοῦτο
3087 5249 3151 5309 τὸ
3194 5246 3450 5325 ποτήριον
3497 5235 3728 5317 παρελθεῖν
3750 5224 3808 5281 ἀπ’

741 5380 981 5472 [gemma
1009 5385 1323 5472 metricum
1354 5389 1506 5472 in_A_
1530 5410 1545 5449 ε
1576 5393 1637 5453 Ὀ
1667 5393 1894 5472 θάνατος
1921 5396 1978 5472 τί
2005 5395 2053 5454 δ’
2082 5397 2150 5472 ἐσ·

2258 5395 2442 5472 ἐνθάδε
2475 5396 2665 5472 βλέπε.

910 5473 1002 5549 11—1,
1037 5460 1148 5549 L9”:
1181 5461 1325 5525 Ἕως
1352 5467 1449 5519 τοῦ
1480 5464 1814 5545 ἀποστρέψαι
1847 5453 1906 5525 σε
1937 5453 2022 5534 εἰς
2171 5476 2272 5549 γῆν
2307 5470 2359 5543 ἐξ
2387 5469 2455 5542 ἧς
2476 5453 2755 5546 ’ἐλήφθης

599 5524 709 5592 (63)
744 5524 879 5581 Luc.
910 5543 1024 5591 xxx,
1058 5531 1145 5585 26.

618 5596 710 5665 64)
738 5594 875 5649 Luc.
905 5612 943 5665 ι,
978 5600 1062 5651 19.

616 5668 705 5745 65)
733 5666 918 5744 Epist.
951 5670 1026 5729 ad
1055 5670 1315 5732 Thesea].
1344 5694 1422 5754 ιν,
1453 5685 1541 5742 16.
