3952 6202
158 308 265 366 929

1343 320 1517 378 νιτΑ
1552 324 1907 383 BABLAAM
1942 330 2036 384 ΒΤ
2070 331 2414 393 ΙΟΔΒΔΡΗ.

3464 354 3574 411 930

156 433 238 495 τίς
270 434 306 503 ἡ
330 430 540 488 τούτων
590 431 868 505 ἀποδειξις
898 452 913 505 ;
945 433 1035 490 καὶ
1072 440 1215 506 πῶς,
1246 438 1309 494 τὸ
1337 434 1476 503 τέως
1509 444 1584 515 μὴ
1620 446 1783 508 θεαθὶ.

1958 458 2219 511 estarum
2239 473 2486 515 examen
2512 474 2579 517 ac
2599 466 3072 523 merces.Verum
3091 484 3208 540 quo
3221 484 3569 545 argumento

165 524 441 598 μαθόντας,
496 522 673 586 οὕτως
732 525 1012 600 ἀραρότως
1070 529 1161 582 καὶ
1223 528 1643 608 ἀναμφιλέκτως
1690 535 1810 591 ἐπι-

167 613 461 683 στεύσατε;
510 616 594 670 Τά
653 616 749 687 μὲν
788 617 890 690 γαρ
944 613 1051 687 ἤδη
1114 622 1427 695 πραχθέντα
1484 624 1574 678 καὶ
1633 620 1811 701 ἔργοις

166 704 551 781 φανερωθέντα,
582 702 680 759 κᾶν
714 704 867 759 αὐτοί
927 705 1025 761 οὐκ
1056 705 1247 775 εἷ’δετε,
1282 708 1428 766 ἀλλά
1457 718 1563 767 τῶν
1593 716 1813 790 ἱστορη-

162 793 363 849 σᾶντων
394 794 683 865 ἠκούσατε·
714 799 832 857 πῶς
885 793 965 865 δὲ,
1016 797 1104 851 καὶ
1152 800 1276 873 περὶ
1326 806 1431 855 τῶν
1490 802 1807 875 μελλόντων

161 889 381 939 τοιαῦτα
431 884 643 960 μεγαλα
692 883 781 938 καὶ
842 886 1113 962 ὑπέρογκα
1171 890 1554 965 κηρύττοντες,
1589 894 1806 972 ἀσφαλῆ

153 987 253 1056 τὴν
284 984 407 1059 περὶ
443 984 619 1040 αὐτῶν
647 996 910 1056 κεκτησθε
940 984 1325 1063 πληροφορίαν
1363 1011 1375 1060 ;

223 1257 328 1313 Καὶ
370 1276 537 1334 φησιν
568 1256 596 1311 6
628 1255 915 1329 Βαρλαάμ·
971 1258 1067 1315 Ἐκ
1118 1257 1227 1313 τῶν
1282 1258 1393 1332 ἤδη
1452 1266 1807 1339 πραχθέντων

152 1345 469 1418 ἰκτησὴαην
510 1346 600 1401 καὶ
647 1350 755 1400 τῶν
809 1345 1125 1419 μελλόντων
1173 1350 1271 1419 τήν
1322 1350 1726 1428 πληροφορίαν·
1758 1357 1809 1410 οἱ

152 1437 259 1511 γὰρ
306 1440 477 1491 ταῦτα
533 1436 861 1507 κηρύξαντες
907 1436 958 1490 ἐν
1021 1435 1199 1492 οὐδενὶ
1252 1432 1352 1509 τῆς
1408 1441 1666 1512 ἀληθείας
1726 1443 1811 1499 δι-

154 1526 513 1599 αμαρτόντες,
547 1522 692 1579 ἀλλά
720 1545 971 1595 σημειοις
1011 1527 1103 1580 καὶ
1156 1529 1340 1601 τὲρασι
1390 1532 1477 1584 καὶ
1528 1533 1807 1596 ποικίλαις

156 1613 413 1686 δυνάμεσι
474 1618 578 1685 (84)
633 1613 699 1668 τὰ
774 1611 1039 1689 λεχθέντα
1096 1614 1547 1689 ἐμπεδωσάμενοι
1581 1664 1595 1689 ,
1654 1622 1807 1677 αὐτοὶ

155 1706 255 1761 68
288 1705 378 1758 καὶ
430 1704 556 1776 περὶ
614 1707 719 1757 τῶν
785 1702 1103 1776 μελλόντων
1166 1706 1544 1782 εἰσηγήσαντο.
1604 1714 1805 1789 ’Ὥσπερ

155 1793 247 1848 οῦν
274 1794 503 1857 ἐνταῦθα
534 1791 686 1848 οὐδὲν
730 1794 916 1849 σκαιὸν
971 1794 1061 1849 καὶ
1119 1795 1504 1868 πεπλασμένον
1538 1796 1803 1871 ἐδίδαξαν,

153 1883 295 1938 ἀλλα
320 1886 493 1938 πάντα
538 1880 894 1959 φαιδρότερον
947 1883 1111 1953 ἠλίου
1162 1882 1411 1958 ἔλαμψαν
1459 1891 1569 1960 (85)
1620 1889 1718 1944 ὅσα
1747 1912 1805 1946 τε

153 1974 297 2027 εἶπον
329 1972 418 2027 καὶ
452 1971 737 2042 ἐποίησαν,
798 1970 971 2034 οὕτως
1004 1977 1160 2027 κακεῖ
1218 1971 1460 2044 ἀληθινὰ
1517 1973 1806 2052 ἐδογμάτι-

156 2081 272 2116 σαν·
305 2064 459 2115 ἅτινα
509 2060 599 2115 καὶ
659 2061 819 2122 αὐτὸς
852 2062 881 2115 ὁ
913 2060 1110 2131 Κύριος
1168 2064 1329 2134 ἡμῶν
1388 2064 1481 2118 καὶ
1538 2062 1805 2137 δεσπότης

154 2148 361 2220 Ἰησοῦς
413 2151 645 2225 Χριστὸς
726 2148 875 2225 λόγῳ
940 2169 997 2204 τε
1062 2149 1152 2203 καὶ
1210 2144 1357 2225 ἔργῳ
1415 2150 1752 2210 ἐπιστώσατο
1787 2198 1801 2213 .

162 2239 333 2311 Ἀμὴν
357 2240 479 2314 γὰρ,
511 2239 646 2316 φησί
674 2241 812 2311 (86),
844 2240 991 2312 Λέγω
1026 2237 1154 2311 ὑμῖν
1188 2238 1273 2294 ὅτι
1320 2238 1541 2316 ἔρχεται
1576 2242 1715 2317 ὥρα,
1748 2244 1799 2299 ἐν

155 2328 187 2403 ᾗ
217 2330 403 2393 πάντες
433 2330 485 2384 οἱ
530 2328 583 2384 ἂν
613 2335 731 2391 τοῖς
786 2328 1082 2402 μνημείοις
1134 2329 1453 2386 ἀκούσονται
1484 2336 1585 2398 τῆς
1617 2342 1803 2408 φωνῆς

160 2423 247 2473 τοῦ
294 2421 419 2473 Υ¹ιοῦ
447 2422 545 2474 τοῦ
588 2423 745 2487 Θεοῦ,
798 2419 961 2473 καἰοὶ
1014 2418 1336 2483 ἀκούσαντες
1388 2424 1664 2492 ζήσονταυ
1710 2417 1801 2480 καὶ

162 2509 323 2571 αὖθις.
352 2512 612 2585 Ἔρχεται
648 2505 786 2584 ὥρα,
837 2505 927 2564 ὅτε
981 2509 1035 2564 οἱ
1091 2511 1271 2583 νεκροὶ
1333 2512 1647 2569 ἀκούσονται
1699 2522 1801 2584 τῆς

158 2607 327 2677 φωνῆς
357 2600 543 2668 αὐτοῦ,
576 2599 668 2655 καὶ
725 2598 1143 2673 ὖκπορεόσονται
1202 2601 1255 2654 οἱ
1308 2602 1374 2656 τὰ
1432 2602 1600 2675 ἀγοθά
1630 2606 1796 2675 ποιή-

159 2709 325 2751 σαντες
360 2689 433 2751 εἷς
489 2689 778 2743 ἀνάστασιν
828 2694 995 2758 ζωῆς,
1031 2690 1082 2743 οἱ
1138 2686 1195 2743 δὲ
1248 2689 1317 2744 τά
1348 2690 1532 2764 φαῦλα
1562 2694 1800 2765 πράξαν-

165 2801 241 2841 τες
295 2780 365 2842 εἷς
421 2780 706 2834 ἀνάστασιν
766 2778 996 2854 κρίσεως
1031 2797 1042 2809 ·
1123 2779 1211 2833 καὶ
1294 2778 1460 2835 πάλιν
1516 2781 1640 2851 περὶ
1695 2783 1794 2848 τῆς

166 2870 479 2931 ἀναστάσεως
512 2889 645 2946 φησι
676 2872 784 2923 τῶν
844 2871 1069 2940 νεκρῶψ
1103 2867 1213 2922 Οὐκ
1270 2868 1541 2943 ἀνέγνωτε
1597 2869 1661 2924 τὸ
1692 2868 1792 2944 ῥη-

163 2959 247 3013 θὲν
278 2960 388 3031 ὑμῖν
440 2959 544 3013 ὑπὸ
592 2961 688 3012 τοῦ
733 2960 866 3012 Θεοῦ
921 2955 1194 3032 λεγοντος·
1230 2957 1372 3032 Ἐγώ
1422 2956 1536 3029 εῗμι
1586 2958 1614 3012 ὁ
1663 2958 1794 3020 Θεὸς

158 3043 394 3123 ’Λόραᾶμ
441 3050 532 3104 καὶ
566 3050 595 3103 6
634 3048 764 3109 Θεὸς
821 3046 1005 3103 Ἰσαὰκ
1054 3047 1145 3102 καὶ
1177 3048 1205 3102 6
1260 3048 1388 3109 Θεὸς
1445 3043 1660 3103 Ἰακώϐ·
1690 3049 1793 3104 οὐκ

153 3136 290 3194 ἔστιν
318 3140 344 3193 6
372 3140 496 3201 Θεὸς
539 3138 668 3199 Θεὸς
714 3141 942 3208 νεκρῶν,
976 3134 1122 3191 ἀλλά
1161 3138 1377 3206 ζώντων
1436 3140 1566 3211 (87)·
1602 3137 1783 3213 ὥσπερ

1918 542 2044 599 haec
2066 546 2282 616 probas
2305 548 2332 602 ?
2353 556 2683 620 etquonam
2711 555 2763 609 ei
2796 556 2881 610 rei
2915 574 3046 627 quze
3078 542 3343 616 nondum
3377 566 3563 623 oculis

1918 641 2227 705 perspecta
2257 644 2347 692 est
2371 640 2586 696 auditae
2619 648 2795 713 atque
2847 647 3164 703 intellectas
3192 667 3378 722 usque
3411 655 3557 711 adeo

1916 723 2147 813 ﬁrmam
2174 732 2232 781 et
2253 726 2644 785 indubitatam
2665 733 2838 787 fidem
2862 734 3221 792 adhibuistis
3238 740 3419 796 ?Nam
3435 761 3565 813 qum

1906 812 2035 884 jam
2055 820 2217 886 gesta
2239 832 2306 870 ac
2326 834 2386 871 re
2410 818 2541 888 ipsa
2558 820 2856 878 declarata
2879 832 3037 892 sunt,
3060 827 3293 882 etiamsi
3318 831 3427 901 ipsi
3453 812 3565 887 mi-

1914 902 2075 957 nime
2110 903 2389 967 videritis,
2416 908 2641 963 atabiis
2664 912 2763 980 qui
2813 928 2881 967 ea
2926 914 3217 984 viderunt,
3244 934 3311 972 ac
3343 936 3557 977 memo-

1912 990 2016 1045 ria)
2039 992 3059 1066 prodiderunt,audivistis.Quonam
3077 1012 3275 1062 autem
3301 1009 3474 1065 modo
3489 1011 3563 1066 de

1913 1079 2092 1135 rebus
2105 1081 2317 1137 futuris
2339 1095 2456 1138 tam
2482 1103 2693 1159 magna
2707 1097 2765 1144 et
2779 1093 3132 1161 praatumida
3144 1096 3560 1169 praedicantes,

1913 1176 2135 1225 certam
2170 1172 2241 1227 de
2274 1172 2347 1227 iis
2379 1174 2556 1231 ﬁdem
2590 1180 2746 1233 nacti
2780 1182 2964 1236 estis?

1986 1350 2309 1437 Respondit
2330 1353 2598 1409 Barlaam
2621 1373 2633 1409 :
2656 1359 2735 1412 Ex
2756 1358 2830 1412 iis
2853 1362 3127 1431 quaejam
3160 1366 3557 1437 contigerunt,

1913 1436 1984 1491 de
2007 1436 2221 1493 futuris
2244 1442 2423 1497 etiam
2446 1450 2671 1499 certam
2696 1447 2872 1501 {idem
2896 1458 3106 1505 nactus
3129 1470 3281 1508 sum.
3299 1436 3440 1510 Nam
3457 1459 3561 1527 qui

1915 1525 2039 1581 hinc
2061 1528 2480 1598 praedicarunt,
2507 1550 2615 1587 nec
2638 1535 2758 1590 ulla
2781 1538 2839 1590 in
2864 1554 2925 1591 re
2958 1555 2991 1592 a
3020 1558 3153 1594 vero
3183 1525 3557 1615 aberrarunt,

1910 1630 2111 1670 verum
2139 1634 2242 1688 per
2265 1620 2430 1691 signa
2458 1628 2515 1675 et
2537 1623 2825 1696 prodigia,
2846 1628 3152 1698 variasque
3178 1632 3419 1688 virtutes
3435 1653 3558 1689 ser-

1910 1705 2189 1761 monibus
2213 1709 2334 1762 suis
2355 1710 2536 1765 robur
2555 1714 2969 1783 conciliarunt,
2991 1718 3170 1773 iidem
3192 1721 3369 1776 etiam
3384 1722 3455 1777 de
3472 1724 3561 1779 fu-

1836 1822 1881 1886 B
1913 1795 2062 1886 turis
2093 1812 2202 1851 nos
2233 1798 2689 1857 admonuerunt.
2723 1804 3233 1868 Quemadmodum
3266 1810 3443 1880 igitur
3463 1813 3558 1870 hic

1911 1885 2064 1939 nihil
2081 1894 2507 1958 praeposterum
2531 1906 2597 1945 ac
2622 1892 2823 1947 fictum
2848 1893 3401 1964 docuerunt,verum
3427 1918 3561 1957 om-

1911 1975 2011 2029 nia
2035 1992 2101 2031 ea
2122 1994 2253 2047 quas
2276 1977 2348 2032 ab
2368 1978 2509 2048 ipsis
2535 1980 2692 2035 dicta
2715 1989 2772 2036 et
2794 1982 2946 2038 facta
2986 1992 3144 2048 sunt.
3185 1989 3307 2043 sole
3339 1990 3559 2048 clarius

1911 2066 2284 2132 effulserunt,
2321 2068 2529 2122 eodem
2562 2087 2800 2141 quoque
2832 2073 3007 2128 modo
3038 2075 3163 2130 illic
3194 2094 3326 2133 vere
3359 2083 3559 2137 omnia

1911 2154 2450 2220 tradiderunt.Qum
2465 2158 2705 2227 quidem
2730 2161 2905 2216 etiam
2928 2163 3343 2233 ipseDominus
3357 2177 3562 2225 noster

1908 2259 1976 2298 ac
1999 2244 2176 2299 herus
2200 2246 2368 2299 Jesus
2394 2246 2683 2314 Christus,
2719 2255 2842 2303 tum
2889 2268 3185 2315 sermone,
3230 2260 3352 2311 tum
3381 2274 3559 2329 opere

1908 2333 2297 2388 confirmavit.
2332 2338 2520 2389 Amen
2553 2337 2735 2404 enim,
2789 2339 3003 2410 inquit,
3038 2341 3169 2397 dico
3198 2344 3384 2413 vobis,
3420 2348 3560 2418 quia

1907 2423 2247 2480 venithora.
2274 2424 2513 2494 quando
2535 2428 2752 2481 mortui
2782 2429 3029 2484 audient
3057 2448 3257 2488 vocem
3290 2435 3397 2490 Flii
3430 2437 3556 2505 Dei,

1906 2518 1963 2566 et
1984 2513 2083 2582 qui
2107 2513 2433 2575 audierint.
2465 2514 2658 2570 vivent
2686 2518 2848 2579 (Joan
2892 2526 3009 2583 xu).
3036 2523 3116 2575 Ac
3138 2539 3374 2579 rursum
3401 2542 3413 2579 :
3452 2528 3559 2581 Ve-

1903 2601 1994 2653 nit
2013 2602 2176 2667 hora,
2206 2602 2264 2655 in
2284 2618 2399 2671 qua
2423 2620 2632 2659 omnes
2653 2605 2754 2674 qui
2776 2606 2836 2660 in
2862 2612 3267 2666 monumentis
3300 2620 3558 2670 suntau-

1906 2687 2072 2742 dient
2086 2706 2283 2743 vocem
2299 2690 2429 2743 Filii
2450 2692 2984 2762 Dei.Etprocedent
2997 2697 3097 2766 qui
3121 2698 3272 2754 bona
3284 2701 3558 2758 fecerunt

1902 2776 1963 2830 in
1984 2778 2483 2832 resurrectionem
2516 2781 2679 2845 vitas;
2708 2782 2807 2849 qui
2838 2799 2971 2836 vero
3002 2790 3161 2839 mala
3192 2796 3455 2858 egerunt,
3493 2792 3553 2845 in

1901 2866 2399 2920 resurrectionem
2424 2867 2637 2938 judicii
2688 2872 2866 2938 (Lucas
2898 2873 3013 2939 xx).
3048 2879 3129 2927 Ac
3160 2891 3396 2932 rursum
3430 2878 3551 2935 ait:

1901 2956 1980 3009 De
2014 2960 2386 3009 mortuorum
2431 2962 2629 3011 autem
2661 2960 3097 3015 resurrectione
3146 2980 3266 3017 non
3324 2965 3549 3038 legistis

1898 3044 2057 3115 quod
2086 3043 2307 3099 dictum
2342 3052 2431 3100 est
2461 3046 2625 3101 vobis
2671 3063 2704 3101 a
2754 3049 2893 3117 Deo,
2925 3048 3198 3106 dicente:
3259 3055 3373 3125 Ego
3416 3072 3549 3110 sum

1897 3134 2049 3188 Deus
2080 3133 2399 3199 Abraham,
2435 3136 2587 3189 Deus
2618 3136 2800 3199 Isaac.
2834 3144 2894 3191 et
2936 3139 3089 3194 Deus
3127 3141 3349 3195 Jacob'?
3387 3144 3541 3198 Deus

151 3228 251 3303 γὰρ
303 3227 610 3304 συλλέγεται
657 3227 723 3281 τά
773 3204 981 3295 ζιζάνια
1027 3225 1117 3280 καὶ
1164 3204 1295 3297 πυρὶ
1348 3226 1579 3291 καίεται,
1611 3226 1783 3289 οὕτως

1956 3240 2075 3277 )rro
2109 3229 2478 3277 mortuorum
2511 3225 2665 3279 Deus
2688 3242 2803 3279 non
2824 3232 2932 3290 est,
2958 3227 3063 3281 sed
3092 3229 3432 3289 viventium.
3469 3234 3539 3287 Ut

151 3314 287 3372 ἔσται
342 3318 391 3372 ἰν
447 3321 517 3390 τῇ
579 3313 855 3385 συντελείᾳ
915 3314 1119 3377 αἰῶνος
1184 3316 1386 3370 τούτου
1422 3337 1434 3349 ·
1494 3315 1790 3372 ἀποστελεῖ

153 3407 178 3460 6
206 3408 320 3470 Υἱὸς
348 3413 439 3463 τοῦ
470 3410 605 3462 Θεοῦ
631 3405 757 3467 τοὺς
805 3401 1076 3480 ἀγγέλους
1124 3404 1293 3459 αὐτοῦ
1343 3405 1432 3459 καὶ
1465 3404 1787 3476 συλλέξουσι

153 3497 314 3551 πάντα
342 3498 405 3551 τά
433 3492 710 3551 σκάνδαλα
738 3492 828 3548 καὶ
878 3491 1007 3553 τοὺς
1055 3497 1341 3554 ποιοῦντας
1386 3496 1486 3562 τῆν
1534 3494 1787 3567 ἀνομίαν,

155 3584 240 3638 καὶ
296 3584 547 3660 βαλοῦσιν
606 3583 804 3644 αὑτοὺς
861 3581 937 3642 εἷς
989 3582 1090 3651 τὴν
1144 3581 1375 3654 κάμινον
1430 3586 1529 3637 τοῦ
1593 3583 1785 3657 πυρός’

156 3672 257 3727 tu?
307 3672 443 3730 ἔσται
476 3676 505 3728 6
536 3671 819 3745 κλαυθμὸς
876 3670 965 3725 καὶ
1000 3672 1029 3725 6
1063 3670 1310 3745 βρυγμὸς
1365 3674 1474 3725 τῶν
1536 3668 1784 3728 £86»sz-

150 3762 263 3818 τότε
291 3766 341 3818 οἱ
370 3762 571 3819 δίκαιοι
596 3760 969 3834 ἐκλάμψουσιν
1001 3760 1075 3821 ὡς
1102 3759 1130 3813 6
1162 3758 1324 3828 ἥλιος
1356 3757 1410 3814 ἐν
1433 3763 1501 3834 τῇ
1536 3759 1789 3836 βασιλείᾳ

147 3857 234 3907 τοῦ
266 3855 464 3930 Πατρὸς
511 3854 690 3908 αὐτῶν
724 3854 811 3923 (88
839 3892 853 3907 .

212 3945 386 4000 Ταῦτα
438 3942 646 4010 εἰπὼν,
707 3940 1023 4015 προσέθετο”
1084 3939 1144 3995 Ὀ
1201 3935 1344 4013 ἔχων
1404 3940 1518 3995 ὦτα
1574 3941 1788 3996 ἀκούειν

154 4029 392 4087 ἀκουέτω.
439 4032 727 4092 Τοιούτοις
764 4030 862 4101 μὲν
919 4028 1105 4104 λόγοις
1160 4028 1250 4083 καὶ
1305 4027 1511 4103 ἑτέροις
1568 4030 1787 4085 πλείοσι

150 4120 243 4188 τήν
296 4125 388 4179 89
439 4126 547 4177 τῶν
615 4119 885 4192 σωμάτων
944 4120 1107 4189 ἡμῶν
1156 4117 1441 4174 ἀναστασιν
1502 4120 1530 4173 6
1586 4119 1789 4196 Κύριος

149 4205 487 4285 ἰφανὲρωσεν·
537 4206 681 4287 ἔργῳ
713 4207 770 4265 δὲ
811 4207 940 4269 τοὺς
992 4207 1194 4282 λόγους
1249 4207 1609 4278 ἐπιστώσατο,
1640 4206 1785 4263 πολ-

142 4300 270 4361 Αοίις
301 4300 505 4375 ἑγείρας
538 4297 784 4374 νεκροὺς,
819 4297 957 4371 πρὸς
987 4293 1046 4351 δὲ
1073 4300 1153 4367 τῷ
1202 4294 1351 4351 τέλει
1401 4303 1501 4365 τῆς
1560 4296 1647 4352 ἐπὶ
1679 4305 1786 4372 γῆς

140 4387 305 4443 αὐτοῦ
349 4388 651 4451 πολιτείας.
692 4387 784 4442 καὶ
840 4390 1157 4461 τεταρταῖον
1217 4383 1325 4455 ἤδη
1380 4388 1787 4463 καταφθαρέντα

131 4478 229 4531 καὶ
261 4477 497 4535 ὀδωδότα
556 4476 799 4552 Λάζαρόν
850 4497 969 4532 τινα
1028 4479 1141 4548 (89)
1174 4472 1335 4550 φίλον
1369 4475 1561 4529 ἑαυτοῦ
1601 4474 1660 4529 ἐκ
1688 4479 1785 4530 τοῦ

1895 3312 2055 3368 enim
2082 3312 2445 3384 colliguntur
2472 3314 2708 3380 zizania,
2739 3320 2797 3368 et
2826 3315 3278 3387 comburuntur,
3312 3322 3395 3375 sic
3428 3322 3543 3376 erit

1896 3402 1957 3456 in
1971 3402 2486 3456 consummatione
2509 3403 2710 3457 saeculi
2736 3403 2833 3473 huj
2845 3406 3127 3465 us(Matth
3162 3409 3335 3478 xxw).
3357 3411 3545 3466 Mittet

1895 3490 2077 3545 Filius
2100 3490 2198 3544 Dei
2230 3490 2474 3562 angelos
2505 3508 2662 3558 suos,
2699 3498 2757 3546 et
2793 3492 3076 3566 colligent
3104 3495 3175 3550 de
3209 3514 3391 3570 regno
3415 3500 3544 3571 ejus

1894 3581 2098 3635 omnia
2127 3580 2430 3643 scandala.
2462 3585 2520 3635 et
2551 3597 2652 3635 eos
2684 3581 2784 3651 qui
2817 3582 3455 3655 faciuntiniquitatem.
3477 3592 3546 3645 Et

1894 3670 2134 3725 mittent
2163 3686 2263 3724 eos
2296 3669 2356 3723 in
2388 3670 2690 3724 caminum
2723 3670 2911 3739 ignis:
2946 3671 3071 3727 illic
3118 3675 3233 3728 erit
3280 3676 3456 3733 ﬂetus
3486 3682 3546 3733 et

1894 3758 2115 3814 stridor
2142 3758 2431 3813 dentium.
2466 3760 2627 3814 Tunc
2649 3760 2799 3830 justi
2830 3760 3144 3833 fulgebunt
3174 3764 3327 3820 sicut
3356 3767 3445 3822 sol
3480 3769 3543 3824 in

1892 3864 2106 3920 regnas
2139 3848 2329 3903 Patris
2360 3864 2585 3902 eorum.

1964 3937 2097 3991 Haec
2123 3936 2327 3992 dicens
2354 3936 2620 3993 addidit:
2656 3938 2762 4004 Qui
2796 3939 2975 3995 habet
3012 3958 3185 3998 aures
3236 3945 3539 4012 audiendi,

1891 4024 2098 4080 audiat
2152 4029 2295 4085 (Luc.
2337 4033 2413 4093 ιι).
2450 4028 2551 4082 His
2604 4027 2783 4100 igitur
2813 4029 3203 4102 pluribusque
3252 4035 3385 4088 aliis
3417 4053 3545 4090 ver-

1894 4116 1987 4172 bis
2018 4118 2304 4173 Dominus
2335 4135 2649 4190 corporum
2682 4122 3178 4177 resurrectionem
3203 4123 3542 4182 declaravit.

1892 4207 2108 4278 Reipsa
2146 4214 2343 4263 autem
2376 4208 2755 4263 sermonibus
2772 4210 2894 4264 suis
2918 4210 3096 4264 ﬁdem
3127 4214 3543 4279 a3truxit,cum

1894 4302 2162 4351 mortuos
2193 4296 2265 4351 ad
2296 4297 2471 4352 vitam
2507 4298 2817 4362 revocavit,
2850 4315 2917 4353 ac
2952 4298 3059 4352 sub
3092 4303 3388 4356 terrestris
3412 4303 3541 4358 vitm

1894 4401 2014 4440 suas
2028 4386 2441 4456 catastrophen
2459 4386 2733 4440 Lazarum
2752 4386 3068 4456 quemdam
3080 4388 3331 4444 amicum
3346 4406 3541 4461 suum,

1893 4475 2137 4547 quijam
2165 4475 2481 4545 quatriduo
2504 4482 2771 4530 mortuus
2795 4482 2941 4535 erat.
2970 4493 3036 4531 ac
3065 4476 3327 4545 fmtebat,
3350 4496 3380 4533 e
3414 4496 3539 4535 mo-

124 4570 423 4640 μνήματος
461 4568 718 4636 καλέσας,
750 4566 839 4620 καὶ
896 4569 1068 4634 ζῶντα
1095 4567 1187 4619 τὸν
1244 4562 1452 4619 ἄπνουν
1506 4585 1783 4639 παραστη-

1956 4571 2186 4618 imento
2209 4564 2717 4635 vocavit,eumque
2740 4565 2838 4635 qui
2856 4564 3119 4620 animam
3142 4567 3546 4634 efflaverat,vi-

115 4656 385 4727 «άμενος.
438 4660 563 4716 Ἐπὶ
620 4656 840 4716 τούτοις
899 4653 956 4709 δὲ
1004 4656 1091 4710 καὶ
1125 4654 1286 4716 αὐτὸς
1346 4655 1375 4709 6
1435 4653 1631 4728 Κύριος
1682 4656 1781 4710 ἀπ-

132 4746 286 4817 σιρχή
317 4752 423 4820 (90)
452 4754 554 4816 τῆς
583 4744 794 4805 τελείας
843 4743 933 4798 καὶ
970 4744 1164 4815 μηκέτι
1198 4742 1411 4815 θανάτῳ
1445 4743 1787 4797 ὑποπιπτού-

159 4846 253 4895 σῆς
275 4834 603 4897 ἀναστάσεως
651 4832 859 4909 γὲγονε,
893 4832 1049 4900 σαρκὶ
1104 4834 1201 4885 τοῦ
1256 4831 1485 4893 θανάτου
1515 4830 1787 4905 γευσάμε-

157 4934 243 4981 νος
265 4925 385 4999 (9i),
416 4924 647 4985 ἀναστὰς
680 4920 739 4977 δὶ
764 4922 1068 4997 τριήμερος
1096 4919 1184 4973 καὶ
1235 4923 1343 4973 τῶν
1394 4923 1600 4992 νεκρῶν
1633 4938 1785 4993 πρω-

1896 4668 2028 4706 vum
2048 4653 2273 4707 exibuit
2301 4655 2483 4723 (Joan.
2518 4654 2619 4723 χι).
2655 4654 2805 4718 Quin
2838 4654 2962 4724 ipse
2995 4671 3230 4725 quoque
3258 4656 3544 4713 Dominus

1895 4740 2491 4813 perfectam,necjam
2510 4742 2687 4796 morti
2703 4741 3029 4813 subjectam
3045 4744 3544 4800 resurrectionem

1896 4829 2235 4896 auspicatus
2258 4831 2600 4902 est:quippe
2624 4832 2723 4903 qui
2751 4830 3201 4888 morteincarne
3217 4833 3544 4905 degustata,

1895 4919 2091 4975 triduo
2114 4924 2248 4991 post
2268 4921 2340 4975 ad
2364 4920 2541 4974 vitam
2567 4920 2766 4987 rediit,
2791 4936 2858 4975 ac
2874 4924 3242 4975 mortuorum
3257 4922 3546 4997 primoge-

224 5102 311 5175 (84)
338 5109 464 5163 Act.
498 5107 607 5177 Ap.
640 5120 700 5172 Il,
732 5105 802 5156 22
834 5118 848 5159 :
879 5095 1090 5173 ’Ἄνδρα
1118 5095 1226 5152 ἀπὸ
1254 5100 1352 5151 τοῦ
1383 5099 1519 5151 Θεοῦ
1550 5094 1780 5153 ἀποδεδε

1956 5118 2001 5152 >ν
2035 5094 2114 5159 εἷς
2146 5097 2285 5169 ὑμᾶς
2331 5094 2585 5169 δυνάμεσι
2615 5096 2705 5150 καὶ
2736 5094 2916 5172 τέρασι
2970 5096 3059 5151 καὶ
3092 5096 3344 5172 σημείοις
3375 5104 3543 5166 Conf.

146 5178 582 5321 Ρῖξίὸῗῗοιάιιιῗὸ
623 5245 872 5321 bibltca.
896 5242 1248 5321 conferatur
1272 5258 1408 5298 mox
1438 5246 1580 5297 nota
1599 5243 1691 5297 88.

203 5313 312 5450 ’86}
335 5320 507 5394 Apud
536 5322 702 5375 Joan.
736 5335 787 5384 v,
810 5320 901 5381 25,
932 5318 1023 5370 28.

223 5388 311 5450 87)
346 5396 520 5449 Marc.
554 5408 653 5450 xu.
686 5392 776 5450 26,
802 5392 870 5443 27
900 5404 914 5442 :
949 5404 1023 5444 co

223 5385 311 5455 87}
346 5385 520 5449 Μαι-ο.
554 5408 653 5455 xu,
686 5392 776 5453 26,
802 5392 870 5443 27
900 5404 914 5442 :
949 5385 1104 5444 conf.
1138 5386 1273 5442 Luc.
1306 5402 1405 5441 xx.
1438 5387 1527 5454 3'7,
1560 5387 1647 5440 38.

198 5459 311 5535 ςβε)
345 5466 548 5519 Matth.
586 5478 705 5519 xm.
741 5464 809 5515 40
846 5461 936 5535 ξ3.

336 5539 503 5591 Joan°
538 5552 616 5597 xx,
646 5535 711 5587 39
738 5550 750 5587 :
781 5527 921 5600 Ἣδη
956 5525 1087 5597 ὄζειο
1115 5531 1439 5603 τεταρταῖοσ
1466 5528 1567 5603 γάρ
1599 5525 1731 5603 ἐστι.

340 5611 360 5662 1
390 5607 572 5679 Epist.
606 5604 681 5660 ad
702 5605 833 5679 Cor_.
866 5621 957 5679 xy,
990 5605 1056 5679 23
1084 5599 1330 5679 ίᾶπαρχὴ
1355 5604 1395 5654 X

204 5620 307 5679 νυ)
344 5620 359 5662 l
391 5620 572 5679 Epist.
606 5620 681 5660 aa
702 5620 833 5691 υοιλ.
866 5621 957 5669 xv,
990 5620 1056 5689 ἥδ
1084 5620 1330 5693 ζαπαρχη
1355 5620 1608 5726 Δριστος.
1640 5620 1654 5654 ι

200 5672 314 5753 91)
346 5681 485 5736 Luc.
518 5694 597 5733 Ix.
630 5680 696 5731 2'7
722 5692 737 5733 :
759 5682 830 5732 Οι
857 5673 922 5728 οὐ
956 5694 1035 5746 μη
1067 5691 1369 5749 γευσωνται
1432 5670 1654 5729 ανάτου.

1441 5599 1608 5662 ιστὸς.
1640 5599 1725 5657 Cf.
1757 5616 1895 5657 mox
1923 5616 1985 5657 n.
2016 5601 2072 5655 4.
