4000 6202
474 335 578 394 931

2028 323 2395 378 ADDENDA.

3708 331 3791 388 93?.

475 464 639 523 nitus
662 458 907 516 euectus
936 458 1027 511 est
1048 454 1099 524 (ι
1133 454 1255 512 Cor.
1290 452 1424 520 xu).
1458 451 1808 520 Quanquam
1834 448 1995 505 enim
2025 446 2127 503 alii

2252 444 2465 513 rdroxoc
2516 448 2808 525 γενόμενος
2866 454 2983 525 (92)
3017 492 3030 506 .
3088 450 3416 526 Ἦγὲρθησαν
3478 448 3565 523 μὶν
3610 452 3691 527 vi?
3733 460 3801 512 ui

482 567 718 627 quoque
735 565 770 604 a
788 553 974 603 morte
993 546 1067 601 ad
1088 545 1267 599 vitam
1290 541 1528 598 excitati
1557 545 1911 605 sunt,morte
1930 545 2132 594 tamen

483 658 691 699 rursus
720 639 906 694 functi
940 642 1097 700 sunt,
1132 651 1241 689 nec
1268 632 1483 687 futura
1508 647 1655 685 verm
1678 628 2132 685 resurrectionis

481 731 805 797 imaginem
830 727 1108 783 exhibere
1130 728 1471 795 potuerunt.
1497 721 1667 776 Solus
1682 726 1877 775 autem
1901 720 2025 790 ipse
2045 734 2132 773 re-

482 818 871 878 surrectionis
894 816 1055 871 illius
1078 820 1285 871 auctor
1303 830 1369 868 ac
1388 812 1662 884 priuceps
1684 810 1928 870 exstitit,
1952 807 2131 878 utqui

478 907 805 967 immortali
828 904 1262 961 resurrectione
1293 901 1366 957 ad
1386 901 1560 955 vitam
1583 899 1827 955 redierit
1883 899 2014 952 Haec
2046 895 2134 951 illi

481 1001 660 1057 etiam
686 998 785 1068 qui
805 996 877 1051 ab
900 995 1070 1049 initio
1096 998 1459 1064 spectatores
1477 1007 1544 1045 ac
1568 988 1823 1044 ministri
1840 987 1994 1042 verbi
2012 986 2137 1041 fue-

482 1082 1343 1160 runt,prmdicarunt.Aitenim
1358 1078 1913 1149 beatusPaulus.qui
1928 1094 2048 1132 non
2060 1075 2134 1131 ab

486 1177 855 1243 hominibus,
886 1175 989 1230 sed
1020 1190 1049 1227 e
1081 1173 1227 1228 coelo
1259 1178 1497 1227 vocatus
1528 1175 1617 1224 est
1647 1168 1773 1235 \Gal
1827 1170 1888 1238 1):
1922 1169 2135 1223 Notum

487 1269 654 1324 vobis
669 1267 837 1329 facio,
860 1265 1091 1326 fratres,
1112 1261 1489 1333 Evangelium
1505 1259 1662 1330 quod
1675 1257 2023 1313 annuntiavi
2036 1273 2137 1309 vo-

488 1355 840 1414 bis.Tradidi
857 1354 1016 1408 enim
1034 1352 1197 1407 vobis
1214 1352 1269 1405 in
1288 1350 1494 1422 primis
1510 1347 1666 1419 quod
1681 1352 1737 1402 et
1751 1345 2137 1417 accepi,quod

489 1447 758 1503 Christus
784 1449 1050 1499 mortuus
1064 1448 1153 1496 est
1176 1459 1278 1512 pro
1299 1439 1556 1511 peccatis
1578 1436 1796 1492 nostris
1812 1433 2139 1489 secundum

490 1537 909 1607 Scripturas,et
930 1531 1088 1602 quod
1113 1529 1380 1601 sepultus
1404 1533 1580 1592 est,et
1609 1525 1767 1597 quod
1791 1524 2137 1591 resurrexit,

492 1623 819 1681 secundum
840 1621 1175 1691 Scripturas
1222 1620 1393 1680 (Rom.
1439 1618 1532 1687 ιν).
1559 1616 1615 1669 Si
1646 1621 1843 1670 autem
1874 1615 2141 1669 Christus

490 1712 848 1785 praedicatur
860 1709 1018 1782 quod
1040 1707 1363 1763 resurrexit
1383 1723 1418 1761 a
1437 1706 1708 1770 mortuis,
1730 1703 2030 1775 quomodo
2051 1703 2141 1757 di-

490 1806 634 1858 cunt
654 1800 919 1872 quidam.
946 1798 1105 1869 quod
1130 1796 1453 1852 resurectio
1476 1802 1843 1849 mortuorum
1866 1810 1987 1848 non
2014 1791 2143 1847 est?

492 1894 636 1949 Nam
669 1893 717 1947 si
749 1890 965 1946 mortui
999 1906 1118 1944 non
1152 1892 1486 1959 resurgunt,
1507 1902 1580 1940 ne
1611 1885 1876 1940 Christus
1896 1882 2141 1955 quidem

488 1980 899 2038 resurrexit.Si
922 1984 1120 2034 autem
1144 1977 1413 2032 Christus
1432 1993 1554 2031 non
1578 1975 1920 2039 resurrexit,
1944 1974 2142 2029 inanis

494 2076 585 2125 est
606 2070 755 2126 fides
776 2074 985 2123 vestra.
1014 2066 1220 2122 Adhuc
1243 2066 1384 2120 estis
1407 2064 1467 2119 in
1482 2065 1739 2136 peccatis
1752 2064 1981 2119 vestris.
2008 2064 2064 2118 Si
2081 2063 2143 2119 in

496 2159 609 2217 hac
636 2166 862 2215 tantum
888 2158 1003 2211 vita
1026 2162 1331 2228 sperantes
1351 2172 1554 2209 sumus
1571 2155 1630 2209 in
1648 2153 2146 2221 Christo,misera-

494 2249 739 2305 biliores
770 2263 976 2302 sumus
1026 2246 1303 2300 omnibus
1352 2243 1716 2299 hominibus.
1745 2246 1908 2298 Nunc
1947 2250 2145 2298 autem

494 2337 764 2393 Christus
794 2334 1120 2391 resurrexit
1150 2350 1184 2389 a
1231 2334 1502 2388 mortuis.
1538 2332 1814 2404 primitiae
1846 2332 2145 2387 dormien-

501 2427 669 2482 tium.
703 2424 990 2490 Quoniam
1007 2422 1248 2494 quidem
1268 2438 1371 2493 per
1385 2422 1691 2477 hominem
1706 2438 1886 2486 mors,
1920 2422 2141 2491 perho-

499 2516 725 2571 minem
748 2520 946 2568 autem
980 2512 1336 2567 resurrectio
1368 2518 1755 2565 mortuorum.
1794 2510 1866 2565 Ut
1895 2511 2054 2565 enim
2086 2510 2148 2565 in

500 2604 686 2661 Adam
701 2619 909 2658 omnes
929 2602 1283 2663 moriuntur,
1317 2601 1397 2656 ita
1412 2601 1470 2655 in
1494 2601 1723 2655 Christo
1738 2616 1945 2655 omnes
1962 2599 2145 2655 viviﬁ-

498 2693 793 2749 cabuntur
826 2691 1017 2762 (1001'.
1049 2697 1160 2751 xv).
1189 2692 1257 2744 Et
1285 2690 1487 2759 paucis
1508 2690 1836 2761 interjectis
1861 2706 1874 2744 :
1908 2691 2151 2761 Oportet

501 2781 684 2843 enim,
706 2780 919 2851 inquit.
956 2778 1342 2850 corruptibile
1358 2780 1467 2834 hoc
1493 2778 2148 2851 induereincorruptio-

502 2887 665 2935 nem,
688 2870 1007 2925 etmortale
1031 2870 1141 2924 hoc
1170 2869 1419 2923 induere
1451 2868 1981 2926 immortalitatem.
2005 2870 2150 2924 Cum

507 2967 707 3018 autem
740 2959 989 3014 mortale
1016 2960 1129 3013 hoc
1161 2957 1423 3012 induerit
1454 2957 1984 3018 immortalitatem.
2011 2963 2154 3013 tunc

506 3051 815 3107 ﬂetsermo
830 3049 931 3121 qui
946 3049 1203 3119 scriptus
1217 3047 1892 3118 est.Absorptaestmors
1906 3048 1966 3102 in
1981 3048 2154 3102 victo-

503 3139 729 3196 ria.Ubi
745 3145 834 3193 est
863 3137 2152 3202 mors.victoriatua?Ubiest.mors,stimulus

500 3235 639 3286 tuus
661 3229 689 3284 ?
710 3230 1057 3285 Destruetur
1071 3234 1268 3283 autem
1285 3244 1526 3299 prorsus
1548 3244 1614 3282 ac
1636 3226 2152 3282 delebiturmortis

501 3319 788 3393 potentia,
808 3324 875 3374 ut
896 3319 1175 3389 qumjam
1218 3334 1335 3371 vim
1369 3332 1536 3371 suam
1579 3333 1696 3371 non
1726 3322 2155 3382 exerat,verum

505 3410 787 3481 deinceps
806 3408 1153 3464 hominibus
1169 3408 1588 3463 immortalitas
1613 3406 2155 3478 atqueincorrupti-

507 3498 711 3555 bilitas
725 3500 1090 3570 sempiterna
1111 3497 1490 3553 concedatur.
1526 3497 1649 3551 Erit
1670 3497 1868 3567 igitur.
1899 3497 2031 3559 erit,
2064 3496 2159 3551 in-

508 3605 710 3659 quam.
730 3588 859 3643 sine
875 3588 996 3643 ulla
1012 3587 1379 3642 dubitatione
1395 3594 1760 3641 mortuorum
1781 3586 2158 3655 resurrectio,

510 3676 690 3747 idque
704 3677 1034 3732 certissime
1052 3676 1370 3731 credimus.
1395 3676 1729 3741 Quinetiam
1748 3692 1945 3731 rerum
1966 3677 2027 3731 in
2044 3677 2161 3732 vita

505 3772 1087 3837 gestarum.examen
1103 3782 1170 3820 ac
1185 3767 1428 3836 praemia
1440 3772 1497 3819 et
1510 3782 1712 3836 pmnas
1736 3766 1859 3820 fore
1884 3783 2160 3837 perspec-

506 3858 631 3908 tum
649 3854 1023 3922 habemus,in
1043 3855 1358 3909 metuendo
1373 3853 2163 3910 videlicetadventusChristi

510 3943 662 4014 die(1
682 3945 779 3998 Pet
823 3945 905 4013 ιι),
932 3944 991 3998 in
1016 3960 1131 4014 quo
1145 3944 1274 3999 caeli
1301 3944 1435 4015 igne
1457 3944 1760 3998 solventur
1780 3951 1837 3997 et
1870 3944 2165 4000 elementa

505 4032 717 4089 ardore
738 4033 1192 4099 contabescent,
1245 4040 1310 4089 ut
1342 4034 1597 4099 theologi
1630 4033 1939 4105 cujusdam
1971 4035 2164 4089 verbis

510 4123 860 4179 utar.Novos
874 4128 1072 4178 autem
1088 4123 1363 4189 cmlos,ac
1377 4140 1586 4179 novam
1605 4128 1819 4177 terram
1836 4124 2163 4179 secundum

507 4212 697 4284 ipsius
713 4212 1107 4284 promissione
1120 4214 1698 4284 exspectamus.Nam
1718 4212 1874 4282 quod
1888 4213 2012 4267 illic
2025 4230 2164 4285 ope-

514 4318 647 4357 rum
662 4302 907 4372 prmmia
920 4309 977 4356 et
991 4319 1178 4374 pmnae
1193 4302 1608 4373 sint.nihilque
1623 4302 2165 4358 omninobonorum

519 4391 612 4446 vel
631 4391 923 4446 malorum
946 4392 1298 4465 negligatur,
1324 4408 1523 4447 verum
1547 4392 1942 4459 etactionum,
1967 4398 2025 4447 et
2041 4410 2159 4448 ver-

508 4480 745 4542 borum.
778 4488 836 4535 et
856 4481 1276 4553 cogitationum
1302 4499 1531 4537 merces
1554 4480 2045 4538 reconditasit.ex
2069 4482 2161 4538 his

510 4570 727 4626 Christi
750 4571 944 4626 verbis
958 4578 1216 4626 constat:
1236 4572 1583 4642 Quicunque
1598 4577 1802 4642 potum
1818 4571 2163 4627 dederituni

514 4674 583 4714 ex
603 4660 1012 4716 minimisistis
1030 4660 1279 4716 calicem
1296 4661 1960 4733 aqumfrigidm.tantum
1983 4662 2043 4716 in
2059 4678 2161 4717 no-

513 4750 675 4807 mine
693 4751 972 4824 discipuli
986 4769 1105 4808 non
1120 4751 1677 4825 perdetmercedem
1693 4754 2164 4825 suam(Matth.x).

2242 534 2405 594 ἄλλοι
2438 538 2632 595 ἐκτῶν
2681 545 2911 617 νεκρᾶν,
2965 537 3095 595 ἀλλ’
3147 540 3299 604 αὖθις
3348 538 3593 594 ἀπέθανον
3631 543 3798 603 καὶούκ

2242 626 2471 704 ἔφθασαν
2502 628 2676 684 εἰκόνα
2724 637 2825 699 τῆς
2860 629 3178 702 μελλούσης
3230 628 3493 700 ἀληθινῆς
3540 631 3800 697 ἀναστάσεως

2241 726 2602 793 παραστῆσαι·
2639 720 2800 791 μόνος
2843 718 2899 775 δὲ
2930 720 3091 782 αὐτὸς
3140 727 3238 789 τῆς
3293 719 3613 781 ἀναστάσεως
3652 722 3803 792 ἐκείνης

2243 809 2493 884 ἀρχηγὸς
2554 810 2763 885 ἐγένετο
2797 858 2812 879 ,
2871 815 3090 883 πρῶτος
3168 810 3268 877 τήν
3345 808 3589 873 ἀθάνατον
3635 809 3803 885 mea.

2243 897 2566 956 ἀνάστασιν.
2620 902 2800 955 Ταῦτα
2854 899 2943 953 καὶ
3002 900 3055 953 oi
3113 897 3205 953 ἀπ’
3255 898 3437 973 ἀρχῆς
3492 898 3713 953 αὐτόπται
3745 902 3803 955 λαὶ

2246 989 2509 1063 ὑπηρέται
2545 990 2824 1066 γενόμενοι
2873 994 2970 1046 τοῦ
3019 988 3186 1065 λόγου
3244 989 3501 1062 ἐκήρυξαν
3549 994 3662 1063 (93).
3702 994 3802 1061 Φησὶ

2244 1078 2347 1154 γὰρ
2399 1079 2427 1133 6
2476 1081 2742 1153 μακάριος
2798 1079 3030 1149 Παῦλος,
3087 1080 3149 1133 οὗ
3204 1081 3240 1148 ἠ
3300 1078 3496 1146 κλῆσις
3548 1080 3637 1133 οὐκ
3683 1080 3805 1152 ἐξάν-

2244 1168 2499 1243 θρώπων,
2531 1167 2655 1224 ἀλλ’
2702 1169 2988 1244 ούράνόθεν
3050 1172 3162 1241 (94)
3215 1170 3420 1244 γὲγονε·
3480 1169 3699 1243 Γνωρίζω
3728 1173 3806 1243 (95)

2246 1256 2399 1329 ὑμῖν,
2429 1254 2682 1332 ἀδελφοὶ,
2720 1258 2784 1314 τὸ
2830 1257 3169 1333 Εὖαγγέλιον
3203 1258 3233 1313 ὃ
3264 1256 3673 1331 εὐηγγελισάμην
3700 1259 3803 1329 ὑμὶν

2246 1344 2533 1418 παρέδωκα
2562 1347 2664 1421 γὰρ
2712 1347 2838 1421 ὑμῖν
2874 1346 2926 1403 ἰν
2984 1349 3227 1420 πρώτοις
3260 1348 3289 1402 ὀ
3320 1346 3409 1402 καὶ
3439 1342 3726 1421 παρέλαϐον,
3750 1349 3807 1401 ὃτι

2248 1437 2478 1511 Χριστὸς
2528 1438 2786 1492 ἀπέθανεν
2848 1437 2979 1510 ὑπὲρ
3035 1441 3143 1491 τῶν
3203 1438 3483 1511 ἁμαρτιῶν
3539 1438 3811 1508 ἡμῶν,ιιατὲ

2245 1528 2341 1589 τὰς
2372 1526 2605 1603 Γραφάςο
2664 1526 2712 1582 εἴ
2770 1524 2827 1581 δὲ
2884 1527 3117 1598 Χριστὸς
3167 1527 3516 1599 κηρύσσεται,
3549 1526 3622 1581 δτι
3669 1526 3715 1581 ἑκ
3755 1547 3813 1581 vt-

2247 1620 2393 1689 κρῶν
2445 1616 2757 1691 ἐγήγερται,
2805 1621 2903 1674 πο
2933 1622 3052 1679 πῶς
3104 1616 3331 1691 λέγουσί
3388 1637 3523 1677 τινες
3550 1618 3623 1671 δτι
3648 1616 3813 1670 ἀνάστα·

2251 1728 2333 1769 σις
2365 1708 2467 1761 οὐκ
2516 1703 2710 1775 ἔστινς
2769 1705 2819 1762 si
2861 1706 2965 1783 γαρ
3020 1708 3202 1781 νεκροὶ
3267 1705 3370 1760 οὐκ
3426 1702 3814 1781 ἐγείρονται,ὠᾶ

2176 1815 2218 1880 Β
2251 1797 2483 1871 Χριστὸς
2542 1795 2854 1870 ὲγήγερταιο
2918 1795 2968 1852 εί
3026 1793 3084 1850 δὶ
3140 1796 3379 1869 Χριστὸς
3436 1796 3532 1851 οὐκ
3577 1794 3815 1869 ἐγήγερται,

2252 1886 2451 1960 ματαία
2488 1887 2524 1955 ἡ
2565 1884 2744 1947 πίστις
2802 1888 2988 1957 ἡμῶν,
3048 1882 3126 1940 ἔτι
3184 1884 3307 1939 ἐστὶ
3364 1884 3415 1940 ἐν
3471 1889 3579 1945 ταῖς
3626 1884 3817 1954 ἀνομίαις

2250 1977 2425 2049 ὑμῶν’
2460 1973 2507 2030 έί
2540 1974 2591 2029 ἒν
2636 1978 2703 2046 τῇ
2738 1976 2851 2046 ζωῇ
2904 1973 3075 2049 ταύτῃ
3135 1973 3441 2043 ἠλπικότες
3492 1972 3630 2045 ἰσμὶν
3655 1970 3697 2026 ἐν
3722 1973 3815 2043 Χρι-

2252 2070 2362 2137 στῷ
2417 2066 2614 2139 μόνον,
2672 2063 3027 2139 ἐλεεινότεροι
3086 2063 3304 2119 πάντων
3365 2062 3638 2133 ἀνθρώπων
3686 2060 3816 2133 ὶσμέν.

2251 2154 2382 2210 Νυνὶ
2414 2151 2473 2210 δὲ
2504 2155 2733 2228 Χριστὸς
2792 2154 3078 2229 ἐγήγερται
3133 2153 3193 2208 ἐκ
3251 2157 3475 2219 νεκεῶν,
3530 2151 3719 2225 ἀκαρχή
3741 2154 3815 2203 τῶν

2251 2244 2668 2317 κεκοιμημένων
2724 2243 3035 2319 γενόμενος’
3095 2239 3289 2309 ἐπειδὴ
3325 2242 3426 2318 γὰρ
3484 2238 3550 2295 δι’
3601 2238 3818 2312 ἀνθρώπου

2253 2335 2281 2389 6
2340 2336 2617 2402 θάνατος,
2670 2333 2759 2389 καὶ
2818 2331 2887 2389 δι’
2954 2333 3248 2407 ἀνθρώπου
3318 2332 3586 2390 ἀνάστασις
3636 2333 3819 2402 νιιιρὶιιιν⁸

2255 2424 2435 2499 ὥσπερ
2465 2424 2567 2499 γὰρ
2600 2422 2650 2478 ἐν
2682 2428 2762 2495 τῷ
2802 2419 2978 2495 Ἀδὰμ
3022 2422 3220 2483 πάντες
3272 2422 3695 2489 ἀποθνήσκουσιν,
3721 2418 3822 2471 οὓτω

2253 2513 2343 2570 καὶ
2401 2512 2453 2567 ἕν
2512 2517 2592 2583 τῷ
2648 2515 2865 2587 Χριστῷ
2923 2512 3117 2573 πάντες
3173 2512 3671 2581 ζωοποιηθήσονται
3715 2507 3817 2577 (96).

2258 2602 2354 2657 Καὶ
2387 2602 2502 2674 μετ’
2532 2600 2709 2675 ὀλίγα·
2746 2606 2837 2656 Δεῖ
2863 2601 2966 2676 γάρ
2998 2601 3061 2655 τὸ
3091 2601 3335 2678 φθαρτὸν
3383 2603 3538 2653 τοῦτο
3580 2594 3821 2651 ὶνόύσασθαι

2258 2691 2555 2769 ἀφθαρσίαν
2597 2691 2687 2746 xui
2738 2692 2800 2745 τὸ
2859 2690 3053 2759 θνητὸν
3110 2694 3281 2744 τοῦτο
3344 2686 3634 2749 ἐνδύσασθαι
3681 2684 3821 2747 ἀθανα-

2260 2782 2397 2836 σίαν·
2430 2779 2555 2836 ὅταν
2587 2778 2644 2835 δὶ
2670 2781 2733 2835 τὸ
2764 2780 2995 2856 φθαρτὸν
3044 2782 3211 2834 τοῦτο
3274 2775 3551 2847 ἐνδύσηται
3602 2771 3819 2852 ἀφθαρσίαν

2258 2871 2346 2927 καὶ
2378 2872 2441 2926 τὸ
2471 2870 2666 2938 θνητὸν
2711 2872 2871 2924 τοῦτο
2925 2866 3214 2938 ἐνδύσηται
3273 2866 3573 2933 ἀθανασίαν,
3597 2864 3697 2919 τότε
3719 2860 3817 2928 πλη·

2262 2962 2565 3038 ρωθήσεται
2598 2960 2626 3014 6
2657 2956 2825 3033 λόγος
2858 2959 2886 3013 6
2917 2956 3329 3033 γεγραμμένος·
3387 2956 3642 3024 Κατεπόθη
3669 2952 3818 3008 601'»:-

2258 3072 2352 3114 τος
2382 3050 2457 3111 εἰς
2498 3054 2667 3111 νῖκος*
2699 3052 2804 3103 ποῦ
2845 3069 2964 3114 σου,
3015 3048 3233 3113 θάνατε,
3266 3049 3330 3103 τὸ
3359 3049 3567 3122 κέντρον
3598 3064 3612 3113 ς
3638 3046 3717 3097 τοῦ
3736 3059 3814 3093 σου.

2184 3160 2226 3226 C
2264 3138 2390 3211 ἄδην
2419 3138 2481 3194 τδ
2512 3144 2661 3200 νῖκος
2692 3158 2706 3206 i
2742 3140 3105 3210 Καταργεῖται
3134 3138 3243 3211 γάρ
3272 3135 3468 3226 τέλεον,
3488 3138 3522 3203 ἡ
3550 3137 3634 3226 τοῦ

2264 3227 2485 3301 δύναμις
2513 3228 2636 3282 τότε
2664 3226 2753 3281 xui
2805 3227 3135 3303 ἀφανίζεται,
3173 3228 3376 3299 μηκὲτι
3425 3224 3563 3285 ὅλως
3591 3222 3819 3292 ἐνεργῶσι.

2256 3317 2382 3375 ἀλλ’
2413 3316 2669 3373 ἀθανασία
2699 3314 2893 3372 λοιπὸν
2923 3316 3014 3370 καὶ
3072 3314 3353 3393 ἀφθαρσία
3411 3311 3605 3369 δίδοται
3629 3314 3719 3367 τοῖς
3759 3306 3822 3359 ἀν-

2259 3408 2500 3485 θρώποις
2546 3405 2785 3466 κίώνιος.
2843 3407 3034 3461 Ἔσται
3082 3404 3200 3474 οὖν,
3234 3402 3385 3460 ἔσται
3433 3404 3539 3474 (97)
3567 3395 3822 3485 humauit-

2256 3483 2367 3560 τως
2397 3500 2431 3567 ἡ
2486 3501 2591 3551 τῶν
2652 3499 2853 3569 νεκρῶν
2913 3495 3223 3561 ἀνάστασις,
3282 3493 3376 3549 καὶ
3432 3496 3581 3548 τοῦτο
3630 3483 3823 3544 ἀνενδοά-

2261 3609 2399 3649 στως
2434 3584 2778 3657 πιστεύομεν
2838 3583 2987 3640 ἀλλά
3038 3584 3127 3638 xui
3157 3578 3403 3657 ἀμοιῦἀς
3433 3583 3517 3637 καὶ
3546 3578 3729 3643 εὐθύνας
3751 3576 3822 3626 Ti"

2266 3672 2596 3750 βιϐωμένων
2655 3674 2983 3749 γινόσκομεν
3059 3671 3198 3727 κατά
3247 3674 3350 3741 τήν
3406 3665 3621 3749 φοϐερὰν
3681 3658 3825 3735 ἡμέραν

2259 3775 2359 3837 τῆς
2387 3770 2485 3822 τοῦ
2515 3768 2747 3839 Χριστοῦ
2804 3760 3126 3832 παρουσίας,
3160 3759 3233 3816 δι’
3262 3763 3330 3831 ἧς
3359 3759 3567 3834 ούρανοί
3616 3753 3820 3829 πυρούμε·

2260 3878 2343 3911 νοι
2379 3856 2704 3924 λυθήσονται
2736 3852 2825 3907 καί
2884 3856 3136 3927 στοιχεῖα
3196 3850 3507 3923 καυσύμενα
3557 3838 3821 3915 rixanti}:

2264 3946 2394 4025 φησί
2423 3966 2505 4005 τις
2538 3947 2651 4015 (98)
2680 3946 2789 3997 τῶν
2837 3940 3143 4015 θεηγόρων,
3183 3944 3276 3997 71
3318 3939 3529 3999 καινοὺς
3558 3934 3607 3991 6i
3639 3927 3823 4025 οὖρανρῦς

2264 4035 2352 4091 καὶ
2382 4034 2572 4100 καινὴν
2618 4038 2742 4105 γῆν,
2796 4029 2934 4085 κατά
2962 4029 3026 4084 τὸ
3080 4028 3403 4104 ἐπάγγελμα
3458 4026 3609 4081 αὐτοῦ
3652 4014 3823 4105 προσξοι

2264 4129 2467 4196 κῶμεν.
2501 4123 2623 4179 Ὀτι
2665 4121 2770 4195 γὰρ
2827 4113 3060 4190 ἀμοιϐαὶ
3115 4118 3209 4172 καὶ
3271 4117 3479 4173 εύθύναι
3536 4113 3623 4169 εἶσὶ
3643 4114 3728 4165 τῶν
3768 4100 3824 4175 ἔρ·

2265 4236 2376 4290 γων
2410 4211 2541 4275 ἐκεῖ,
2571 4212 2661 4265 καὶ
2693 4206 2849 4265 οὐδὲν
2882 4206 3028 4269 ὅλως
3056 4210 3162 4262 τῶν
3202 4208 3419 4281 ἀγαθῶν
3444 4206 3477 4273 ἧ
3502 4208 3598 4259 τῶν
3635 4195 3822 4292 πονηρῶτ

2270 4303 2673 4377 παροφθήσεται
2707 4346 2722 4368 ,
2781 4296 2927 4353 ἀλλά
2982 4296 3073 4351 xui
3141 4292 3319 4370 ἔργων
3378 4296 3464 4350 καὶ
3519 4293 3725 4380 ῥηματον
3764 4300 3824 4380 ῑαξ

2266 4392 2615 4464 δνθυμήσεων
2673 4384 3060 4449 ἀνταποδόσεις
3117 4385 3471 4448 ἀπόκεινται,
3528 4378 3691 4449 δῆλον
3730 4378 3821 4464 qui“

2266 4482 2367 4559 γὰρ
2462 4480 2677 4553 Κύριος·
2711 4478 2808 4539 ’ος
2842 4479 2956 4548 (99)
2987 4474 3075 4530 ἐάν
3132 4495 3334 4549 ποτισῃ
3392 4470 3482 4527 ’ένα
3530 4474 3626 4559 τῶν
3674 4462 3822 4535 μιιρῦη

2270 4556 2478 4631 τούτων
2511 4570 2773 4642 ποτήριον
2813 4570 3064 4641 ψυχροῦν
3110 4570 3186 4637 (1)
3221 4565 3390 4637 μόνον
3421 4561 3493 4623 εἷς
3533 4556 3681 4627 ὄνομα
3699 4560 3823 4642 uti?

2273 4666 2391 4729 τοῦ,
2424 4660 2489 4715 ού
2524 4659 2600 4730 μή
2644 4656 2888 4729 ἀπολέσῃ
2945 4656 3041 4709 τὰν
3102 4654 3293 4726 μισθὸν
3348 4652 3525 4706 αὐτοῦ.
3576 4644 3665 4703 Καὶ

2276 4722 2443 4826 λὲγει·
2504 4722 2672 4803 ’ῘΟταν
2732 4747 2810 4817 (2)
2863 4722 3001 4817 ἔλθῃ
3034 4742 3062 4797 ὁ
3093 4722 3217 4797 Ῠὶὸε
3276 4745 3372 4795 τοῦ
3424 4735 3679 4811 ἀνθρώπου
3719 4726 3759 4781 ἐν
3775 4722 3821 4791 τί

582 4990 694 5055 (92)
726 4988 912 5059 Epist.
946 4988 1019 5044 ad
1052 4987 1275 5060 Coloss.
1311 5004 1351 5051 ι,
1384 4989 1471 5060 18.
1507 4987 1579 5042 de
1608 4988 1745 5043 Jesu
1779 4987 1931 5060 χνος
1955 4985 2097 5042 ἐστιν
2128 4987 2146 5041 ἁ

2252 4987 2302 5060 ἦ,
2330 4981 2680 5060 πρωτότοκος
2713 4978 2772 5060 ὲκ
2802 4981 3030 5060 νεκρῶγ.
3273 5050 3300 5060 _
3334 5044 3354 5060 κ
3387 5044 3396 5057 ⁸

585 5044 694 5143 ς93)
731 5044 846 5142 Litt:
903 5076 941 5125 ι,
974 5058 1232 5143 2_:Ku0€o:
1263 5054 1565 5131 παρέδοσαν
1594 5060 1732 5143 ᾑμῖν
1764 5058 1815 5143 οἱ
1846 5059 1935 5143 ἀπ’
1967 5044 2555 5143 ἀρχῇξαύτόπέαιθκαιὶ
2595 5044 3181 5143 ύπηρὲτα,ι“γειςύμεγοὲ
3207 5050 3304 5137 τοῦ
3334 5044 3515 5143 λόγρΊυς

522 5156 555 5204 ;_
585 5132 696 5201 (94:
727 5132 909 5204 Epist.
943 5132 1014 5187 ad
1049 5132 1239 5204 Galat.
1270 5148 1306 5198 1,
1344 5134 1366 5185 1
1398 5147 1411 5186 :

512 5201 748 5272 Χριστοῦ
777 5201 868 5256 καὶ
897 5206 1030 5256 Θεοῦ
1066 5202 1292 5275 Πατρός.

588 5277 698 5338 (95)
729 5277 751 5329 I
785 5274 966 5345 Epist.
1000 5275 1073 5331 ad
1104 5274 1215 5331 Cor
1276 5292 1364 5331 xv.
1394 5275 1417 5329 1
1451 5292 1581 5346 sqq.

1471 5098 1714 5201 Ηαῦλᾨ,
1774 5098 2386 5192 ἀπόοῖτολνοῗιδούκὶνάπ*
2445 5098 2739 5200 ἀνθρώπόύ
2793 5098 2919 5177 οὐδέ
2963 5098 3066 5175 διΓ
3088 5118 3395 5195 ἀνθρώπου,
3416 5098 3555 5170 ’ἀλλᾶ
3580 5106 3653 5163 διὸ
3696 5103 3819 5167 ἰησθν

1383 5316 1811 5416 λῖδοιιίιιω
1840 5348 1893 5412 2,
1916 5347 2181 5403 Christus
2205 5346 2398 5402 dictus
2421 5348 2532 5410 est,
2561 5363 2590 5394 α
2613 5338 2987 5399 Mortalitatis
3014 5338 3133 5395 vita
3157 5341 3371 5394 nostras
3400 5339 3455 5390 at
3480 5342 3618 5388 mors
3642 5316 3774 5377 necis.
3796 5331 3807 5355 ι

515 5410 959 5486 παροιμιῶδες...
994 5419 1131 5475 Cod.
1155 5410 1345 5473 '27'20:
1379 5410 1525 5471 ἔσται
1557 5438 1645 5473 σοι
1675 5414 1821 5473 ἔσται
1854 5410 2024 5476 οὐκ...

613 5489 701 5555 98)
736 5490 893 5544 Petr.
925 5491 973 5544 ΙΙ
1004 5490 1188 5560 Epist.
1221 5507 1302 5560 ιιι,
1335 5493 1420 5560 12,
1455 5492 1543 5551 13.

589 5559 700 5627 (99)
737 5559 939 5615 Matth.
972 5577 1028 5627 x,
1054 5559 1142 5615 '42.

588 5630 666 5701 (1)
697 5630 792 5686 Sic
823 5630 1059 5687 codices
1082 5632 1191 5691 AC.

586 5704 669 5779 (2)
704 5703 912 5765 Matth.
946 5720 1075 5776 xxv,
1104 5704 1168 5761 31
1206 5720 1372 5779 seqq.
