4000 6202
114 340 214 398 933

1280 337 1454 392 VITA
1487 331 1841 390 BARLAAH
1875 332 1971 387 ΕΤ
2004 331 2348 388 JOASAPH.

3402 344 3514 405 934

119 465 241 543 δόξῃ
272 466 456 537 αὐτοῦ,
486 464 578 520 καὶ
634 463 831 526 πάντες
881 463 934 518 οἱ
992 459 1137 539 ἅγιοι
1194 458 1425 539 ἄγγελοι
1487 460 1603 535 μετ’
1659 458 1759 516 αὐ-

1903 474 1956 516 lc
1976 476 2214 515 rursum
2271 477 2343 516 ex
2383 460 2508 516 his:
2533 462 2678 517 Cum
2703 465 2929 520 venerit
2943 465 3126 523 Filius
3155 469 3417 530 hominis
3448 475 3509 533 in

118 563 228 627 τοῦ,
256 557 376 612 τότε
420 555 861 629 συναχθήσονται
911 550 1212 627 ἔμπροσθεν
1265 550 1433 608 αὐτοῦ
1480 550 1651 606 πάντα
1692 549 1759 605 τὰ

1903 554 2179 621 injestate
2192 567 2319 618 sua,
2344 556 2621 607 etomnes
2636 555 2979 627 angelicum
2994 573 3084 623 eo,
3120 562 3260 615 tunc
3283 561 3515 619 sedebit

118 643 238 717 ἔθνη
268 645 357 701 καὶ
384 644 601 723 ἀφοριεῖ
642 642 838 707 αὐτοὺς
885 642 976 697 ἀπ’
1022 640 1312 714 ἀλλήλων,
1365 646 1547 716 ῶσπερ
1583 642 1611 696 ὁ
1641 660 1763 694 ποι-

122 741 227 813 μήν
256 736 495 815 ἀφορίζει
524 735 591 790 τά
622 729 871 810 πρόϐατα
899 733 1005 789 ἀπὸ
1053 737 1158 787 τῶν
1212 730 1435 809 ἐρίφων,
1480 732 1567 786 καὶ
1621 731 1762 798 στή-

120 829 287 884 οειτά
320 827 415 899 μὶν
446 819 697 899 πρόϐατα
740 824 800 879 ἐκ
856 821 1042 894 δεξιῶν
1100 822 1289 891 αὐτοῦ,
1343 824 1410 876 τά
1465 818 1524 876 δε
1581 819 1765 895 ἐρίφια

116 917 515 991 ἰξεύωνύμων·
548 915 674 970 τότε
702 913 816 987 ἐρεῖ
865 914 893 968 ὁ
956 910 1214 989 βασιλεὺς
1271 917 1389 974 τοῖς
1459 910 1519 968 ἐκ
1577 908 1763 983 δεξιῶν

114 1008 295 1063 αὐτοῦ⁸
330 1010 509 1073 Δεῦτε,
542 1003 595 1060 οἷ
628 1003 997 1079 εὐλογημένοι
1026 1007 1124 1058 τοῦ
1182 1001 1394 1078 Πατρός
1448 1022 1577 1075 μου,
1628 998 1768 1069 κλη-

114 1098 460 1174 ρονομήσατε
506 1095 606 1163 τήν
663 1092 1080 1166 ἡτοιμασμένην
1143 1092 1270 1166 ὑμῖν
1328 1090 1605 1168 βασιλείαν
1663 1088 1769 1144 ἀπὸ

112 1181 432 1254 καταϐολῆς
477 1184 711 1257 κόσμου·
775 1181 1029 1238 ἐπείνασα
1073 1182 1175 1258 γάρ
1231 1181 1318 1238 καὶ
1375 1178 1612 1236 ἐδώκατέ
1672 1198 1770 1252 μοι

109 1281 333 1356 φαγεῖν,
360 1273 595 1349 ἐδίψησα
624 1273 714 1328 καὶ
774 1271 1056 1329 ἐποτίσατέ
1116 1292 1203 1346 με,
1264 1271 1412 1345 ξένος
1472 1270 1623 1343 ἢμην
1682 1266 1772 1324 καὶ

107 1360 451 1441 συνηγάγετέ
502 1383 592 1438 με,
652 1363 863 1439 γυμνὸς
917 1362 1007 1416 καὶ
1065 1357 1419 1435 περιεϐάλετέ
1478 1381 1564 1433 με,
1606 1360 1773 1428 ἦσθο-

106 1478 252 1528 νησα
308 1456 401 1510 καὶ
461 1454 829 1527 ἐπεσκέψασθέ
889 1473 978 1525 με,
1039 1451 1092 1506 ἐν
1156 1452 1375 1529 φυλακῇ
1455 1449 1608 1523 ἤμην
1684 1449 1772 1504 καὶ

109 1546 320 1617 ἤλθετε
349 1544 487 1618 πρός
525 1564 610 1616 με.
646 1542 712 1600 Τί
741 1546 903 1598 τοῦτο
935 1538 1110 1618 λέγων
1140 1559 1156 1610 ;
1186 1542 1283 1603 τὰς
1312 1538 1604 1616 γινομένας
1651 1538 1778 1612 παρ’

110 1637 283 1709 ἡμῶν
320 1633 398 1696 εἷς
426 1631 555 1695 τοὺς
588 1630 884 1706 δεομένους
934 1631 1179 1693 εὐποιῒας
1232 1631 1408 1704 ἐαυτῷ
1453 1627 1777 1702 eiimmine-

110 1747 233 1790 νος.
267 1724 376 1782 Καὶ
406 1722 459 1777 ἐν
493 1720 663 1796 Ξτέρῳ
709 1718 879 1797 λέγει’
937 1726 1048 1783 Πᾶς
1106 1724 1184 1794 (3)
1232 1721 1382 1781 ’ὀστις
1440 1718 1778 1794 ὁμολογήσει

115 1816 170 1872 ἐν
203 1813 334 1888 ἐμοὶ
365 1812 673 1887 ἔμπροσθεν
702 1816 811 1867 τῶν
869 1810 1191 1886 ἀνθρώπων,
1241 1807 1584 1883 ὁμολογήσω
1630 1806 1781 1883 κάγὼ

116 1904 172 1960 ἐν
200 1904 353 1975 αὐτῷ
382 1900 691 1977 ἔμπροσθεν
722 1903 819 1955 τοῦ
850 1898 1061 1974 Πατρός
1098 1920 1203 1973 μου
1228 1903 1327 1954 τοῦ
1358 1897 1409 1952 ἐν
1434 1897 1708 1970 οὐρανοῖς.

198 1990 346 2051 Ἰδοὺ
407 1990 497 2047 διὰ
554 1991 769 2047 πάντων
850 1989 1061 2046 τούτων
1119 1988 1207 2045 καὶ
1269 1986 1459 2045 ἄλλων
1515 1986 1782 2043 πλειόνων

129 2090 171 2143 7
186 2088 235 2144 α
267 2081 522 2153 ἐδήλωσε
554 2076 774 2158 βεϐαίας
804 2080 937 2136 εἶναι
968 2079 1057 2136 καὶ
1090 2077 1347 2158 ἀσφαλεῖς
1401 2079 1497 2140 τὰς
1550 2071 1787 2150 ἀμοιϐάς

126 2178 249 2230 τῶν
279 2173 489 2249 ἀγαθῶν
524 2170 714 2249 ἔργων·
749 2168 901 2226 ἀλλά
954 2169 1046 2224 καὶ
1096 2173 1203 2224 τῶν
1254 2167 1507 2224 ἐναντίων
1565 2165 1787 2230 εὐθύνας

138 2265 463 2326 ἀποκεῖσθαι
495 2260 933 2337 προκατήγγειλε
964 2256 1054 2314 διὰ
1082 2253 1413 2335 παραϐολῶν
1472 2254 1787 2329 θαυμασίων

134 2354 224 2409 καί
258 2351 529 2425 ἐξαισίων,
561 2352 622 2413 ἃς
669 2352 705 2420 ὴ
763 2350 914 2425 πηγή
971 2354 1073 2418 τῆς
1127 2347 1316 2426 σοφίας
1371 2349 1447 2419 (4)
1503 2344 1791 2423 πανσόφως

138 2440 470 2519 διηγήσατο·
531 2439 666 2495 ποτὶ
725 2440 820 2513 μὶν
905 2435 1170 2492 πλούσιόν
1247 2457 1369 2492 τινα
1450 2435 1789 2512 παρεισάγων

138 2532 429 2611 πορφύραν
486 2530 577 2585 καὶ
655 2531 852 2607 βύσσον
936 2527 1289 2602 ἐνδεδυμένον
1351 2531 1449 2600 (5),
1505 2526 1597 2581 καὶ
1675 2526 1795 2581 καθ’

138 2621 359 2697 ἡμέραν
392 2621 665 2693 λαμπρῶς
707 2617 1151 2696 εὐφραινόμενον,
1210 2614 1541 2689 ἁμετάδοτον
1601 2612 1658 2670 δὲ
1703 2611 1795 2669 καὶ

145 2709 359 2781 ἀνηλεῆ
421 2707 557 2785 πρὸς
614 2706 746 2769 τοὺς
805 2706 1095 2780 δεομένους
1180 2706 1516 2781 ὑπάρχοντα,
1577 2703 1653 2767 ὡς
1704 2702 1796 2757 καὶ

141 2795 375 2875 πτωχόν
408 2818 531 2854 τινα
560 2798 806 2872 Λάζαρον
842 2795 1071 2869 ὀνόματι
1099 2795 1234 2871 πρὸς
1287 2796 1378 2848 τὸν
1432 2792 1658 2848 πυλῶνα
1702 2791 1796 2846 αὐ-

141 2895 242 2947 τοῦ
285 2884 631 2966 βεϐλημένον
684 2880 1083 2963 παραϐλέπειν,
1138 2885 1227 2941 καὶ
1286 2882 1415 2939 οὐδὲ
1472 2881 1647 2938 αὐτῶν
1686 2886 1796 2937 τῶν

145 2987 250 3050 τῆς
279 2980 553 3054 τραπέζης
586 2976 750 3032 αὐτοῦ
780 2975 986 3050 ψιχίων
1022 2971 1323 3029 ἐπιδιδόναι
1373 2972 1538 3045 αὐτῷ·
1590 2972 1799 3026 ἀποθα-

140 3071 348 3126 νόντων
413 3066 507 3122 οὖν
564 3066 917 3141 ἀμφοτέρων,
973 3065 1001 3118 ὁ
1058 3064 1153 3138 μὶν
1206 3064 1373 3134 πένης
1451 3061 1653 3124 ἐκεῖνος
1707 3058 1799 3116 καὶ

144 3157 479 3231 ἡλκωμένος
502 3155 816 3231 ἀπηνέχθη,
840 3177 912 3233 φη
924 3155 1023 3223 σίν,
1049 3153 1126 3217 εἰς
1144 3154 1236 3208 τὸν
1286 3149 1496 3207 κόλπον
1524 3147 1800 3224 Ἀϐραὰμ,

1813 1857 1861 1923 Β

1868 657 2048 712 super
2061 641 2258 696 sedem
2285 643 2612 713 maiestatis
2626 652 2833 711 suaa,et
2845 648 3365 719 congregabuntur
3378 660 3517 709 ante

1872 746 2007 786 eum
2034 749 2242 787 omnes
2255 735 2969 805 gentesetseparabiteos
2983 737 3055 792 ab
3070 739 3323 795 invicem
3340 785 3352 803 .
3370 741 3524 797 sicut

1870 829 2074 893 pastor
2086 828 2352 893 segregat
2364 839 2498 877 oves
2510 823 2582 878 ab
2598 824 2783 879 haadis
2796 872 2799 875 .
2812 827 3113 883 Etstaluet
3128 846 3262 884 oves
3278 832 3521 902 quidem

1872 928 1906 967 a
1928 912 2149 966 dextris
2171 912 2315 971 suis.
2346 912 2545 968 haedos
2575 920 2774 969 autem
2806 917 3148 973 a’sinistris.
3176 921 3334 976 Tunc
3367 921 3526 978 dicet

1874 1004 1995 1059 Rex
2017 1004 2108 1057 his
2128 1003 2281 1074 quia
2301 1002 2521 1059 dextris
2545 1012 2715 1060 erunt
2739 1023 2751 1060 :
2779 1008 3307 1075 Venite,benedicti
3331 1013 3523 1069 Patris

1875 1093 1993 1149 mei
2005 1092 2321 1163 .possidete
2332 1110 2582 1166 regnum
2596 1096 2758 1151 vobis
2772 1104 3041 1168 paratum
3056 1115 3089 1154 a
3102 1102 3524 1160 constitutione

1876 1183 2105 1239 mundi.
2138 1184 2365 1238 Esurivi
2389 1184 2569 1251 enim,
2595 1191 2652 1241 et
2683 1187 2931 1243 dedistis
2954 1190 3098 1244 mihi
3127 1192 3525 1261 manducare;

1878 1273 2053 1337 sitivi,
2078 1277 2137 1327 et
2155 1272 2403 1328 dedistis
2423 1275 2569 1329 mihi
2586 1275 2817 1343 bibere;
2840 1278 3057 1349 hospes
3079 1288 3329 1347 eram,et
3348 1282 3527 1337 colle-

1878 1362 2045 1434 gistis
2074 1378 2170 1417 me
2195 1379 2208 1429 ;
2240 1362 2456 1427 nudus,
2488 1370 2546 1418 et
2575 1367 2963 1436 cooperuistis
2994 1384 3088 1423 me
3115 1370 3444 1440 ;inﬁrmus,
3471 1377 3530 1427 et

1878 1451 2160 1506 visitastis
2192 1467 2286 1505 me
2317 1469 2331 1517 ;
2364 1452 2425 1506 in
2459 1470 2694 1509 carcere
2723 1472 2905 1522 eram,
2940 1464 2998 1512 et
3025 1460 3270 1514 venistis
3302 1460 3374 1516 ad
3434 1478 3529 1516 me

1881 1541 2098 1611 (Matth.
2134 1546 2283 1608 xxv).
2313 1543 2430 1596 Cur
2457 1543 2967 1613 hisverbisutitur,
2992 1548 3107 1602 nisi
3131 1549 3271 1619 quia
3300 1549 3532 1605 benefl-

1884 1631 1993 1690 cia.
2029 1646 2160 1700 quas
2192 1646 2226 1685 a
2254 1630 2428 1686 nobis
2451 1632 2509 1686 in
2530 1638 2769 1705 egentes
2792 1636 3200 1706 conferuntur,
3224 1638 3334 1693 sibi
3354 1639 3534 1694 ascis-

1886 1718 2007 1774 cit?
2032 1721 2101 1773 Et
2132 1719 2248 1773 alio
2281 1719 2410 1775 loco
2442 1722 2557 1776 ait:
2593 1724 2798 1779 Omnis
2830 1725 3173 1797 quicunque
3217 1727 3534 1783 confitebi-

1888 1815 1985 1863 tur
2014 1825 2108 1864 me
2140 1826 2337 1864 coram
2386 1810 2750 1879 hominibus,
2801 1815 3131 1870 conﬁtebor
3155 1822 3213 1870 et
3260 1834 3364 1890 ego
3396 1834 3532 1873 eum

1891 1915 2090 1954 coram
2121 1900 2293 1954 Patre
2324 1916 2477 1961 meo.
2514 1901 2614 1971 qui
2648 1908 2737 1956 est
2768 1902 2828 1957 in
2858 1904 3022 1960 cwlis
3053 1906 3230 1976 (Luca
3261 1909 3383 1978 xu).

1962 1990 2045 2043 En
2080 2005 2184 2060 per
2211 1995 2336 2045 haec
2366 1990 2587 2058 omnia,
2620 2008 2687 2047 ac
2718 1993 2891 2063 plura
2921 1994 3058 2057 alia.
3094 1995 3265 2052 ﬁrma
3287 2003 3346 2051 et
3376 2002 3538 2054 certa

1893 2094 2022 2133 esse
2053 2078 2347 2133 bonorum
2369 2096 2616 2151 operum
2638 2083 2884 2152 praemia
2908 2083 3541 2151 declaravit.Quemad~

1892 2166 2131 2222 modam
2155 2168 2331 2222 etiam
2356 2175 2562 2225 contra
2585 2170 2989 2241 improbarum
3014 2174 3316 2230 actionum
3334 2192 3540 2246 pmnas

1894 2256 2016 2312 illic
2029 2257 2269 2312 recondi
2280 2264 2366 2312 tas
2380 2274 2508 2314 esse
2526 2259 3029 2333 denuntiavit,per
3038 2262 3109 2317 ad
3120 2263 3421 2319 mirandas
3435 2264 3543 2319 sci-

1895 2346 2036 2401 licet
2067 2351 2125 2400 et
2150 2346 2396 2402 eximias
2422 2347 2734 2418 parabolas
2758 2366 2904 2421 quas
2945 2350 3046 2407 ille
3071 2353 3377 2423 sapientiae
3407 2353 3541 2409 fons

1896 2452 2140 2508 prorsus
2177 2436 2478 2507 sapienter
2507 2438 2796 2509 exposuit.
2822 2440 3052 2494 Etenim
3070 2441 3311 2497 divitem
3329 2459 3539 2514 quem-

1898 2525 2033 2580 dam
2060 2524 2291 2580 inducit
2316 2527 2494 2596 (Luca:
2523 2530 2652 2597 xw),
2686 2545 2947 2600 purpura
2964 2537 3022 2584 et
3042 2530 3216 2601 bysso
3238 2532 3537 2601 indutum,

1900 2630 1967 2670 ac
1998 2614 2262 2686 quotidie
2295 2615 2604 2686 splendide
2636 2618 3012 2689 epulantem;
3040 2626 3310 2676 tenacem
3342 2629 3541 2679 autem

1900 2711 2076 2774 atque
2107 2721 2142 2758 a
2173 2704 2580 2761 misericordia
2609 2713 2925 2775 remotum,
2954 2708 3100 2763 adeo
3126 2715 3192 2765 ut
3220 2726 3543 2782 pauperem

1903 2790 2242 2864 quemdam,
2274 2794 2549 2848 Lazarum
2581 2796 2846 2855 nomine.
2878 2796 2953 2851 ad
2982 2795 3139 2852 fores
3179 2815 3315 2852 suos
3338 2799 3549 2869 jacen-

1905 2889 2021 2939 tem
2056 2882 2403 2954 despiceret.
2439 2900 2507 2938 ac
2537 2901 2611 2939 ne
2656 2886 2815 2956 ipsas
2864 2885 3105 2957 quidem
3152 2903 3372 2942 mensaa
3425 2906 3546 2945 sum

1905 2972 2088 3028 micas
2122 2972 2173 3025 ei
2203 2970 2552 3044 impertiret.
2590 2974 2847 3045 Utroque
2899 2975 3077 3048 igitur
3126 2982 3386 3031 extremo
3416 2978 3547 3034 vita:

1905 3062 1999 3118 die
2030 3063 2253 3123 functo.
2288 3079 2514 3135 pauper
2533 3063 2775 3135 quidem
2798 3064 2898 3120 ille
2922 3072 3099 3136 atque
3143 3066 3450 3122 ulcerosus
3486 3068 3549 3123 in

1906 3152 2159 3207 Abrahae
2183 3152 2377 3207 sinum
2393 3152 2624 3208 delatus
2647 3159 2878 3225 esthuo
2900 3171 3114 3226 nempe
3127 3154 3410 3211 vocabulo
3424 3173 3556 3228 pro-

144 3227 246 3317 τήν
279 3227 393 3302 τῶν
420 3243 643 3302 δικαίων
679 3227 967 3300 συναυλίαν
999 3241 1140 3298 οὕτω
1172 3240 1449 3311 δηλώσας·
1481 3240 1509 3295 ὁ
1540 3237 1597 3295 δὲ
1626 3237 1785 3294 πλού‹

1912 3243 2121 3297 borum
2137 3242 2391 3297 virorum
2408 3242 2605 3297 sedem
2630 3242 2950 3298 declaravit
2977 3244 3157 3311 ,dives
3171 3251 3379 3301 contra
3400 3227 3558 3301 acer-

144 3360 263 3400 σιος
324 3335 604 3407 παρεδόθη
660 3332 830 3413 φλογὶ
888 3338 1085 3407 πικρᾶς
1138 3331 1371 3406 βασάνου
1428 3329 1480 3385 ἐν
1537 3334 1619 3403 τῷ
1674 3326 1800 3402 ᾄδῃο

146 3430 286 3504 πρὸς
344 3426 405 3483 ὅν
467 3420 717 3498 ’Λϐραάμ
770 3422 971 3499 ἔλεγεν·
1034 3415 1336 3482 ’Λπὲλαϐες
1396 3418 1457 3474 οὺ
1514 3418 1581 3473 τὰ
1636 3417 1806 3492 ἀγαθά

147 3541 244 3575 σου
278 3517 333 3573 ἐν
364 3520 437 3589 τῇ
484 3513 599 3590 ζώῇ
659 3535 778 3583 σου,
828 3513 919 3567 καὶ
970 3509 1216 3587 Λάζαρος
1259 3507 1468 3584 ὁμοίως
1524 3508 1593 3562 τὰ
1644 3508 1801 3562 κακά·

144 3613 239 3664 νῦν
275 3605 336 3663 δὲ
368 3606 528 3667 οὗτος
563 3606 657 3678 μὲν
690 3600 1107 3676 παρακαλεῖται,
1140 3599 1203 3655 σῖ)
1237 3597 1294 3655 δὶ
1325 3596 1600 3655 ὀδυνᾶσαι.

215 3697 483 3771 Ἐτὲριυθι
517 3692 575 3749 δὲ
622 3692 961 3767 παρεικάζων
1020 3691 1123 3761 τὴν
1174 3694 1282 3745 τῶν
1339 3689 1583 3764 οὐρανῶν
1648 3688 1805 3763 βασι-

145 3786 299 3844 λείαν
341 3784 619 3859 ἀνθρώπῳ
682 3779 920 3859 βασιλεῖ,
979 3779 1130 3844 ὅστις
1187 3778 1412 3848 ἐποίησε
1463 3778 1673 3853 γάμους
1730 3774 1809 3849 τῷ

153 3878 258 3949 alii)
290 3874 463 3930 αὐτοῦ
497 3877 596 3946 (6),
625 3873 723 3941 τὴν
781 3868 1088 3945 μέλλουσαν
1149 3866 1482 3946 εὐφροσύνην
1528 3864 1617 3922 καί
1661 3865 1809 3939 λαμ-

146 3966 411 4043 πρότητα
442 3961 585 4017 οὕτω
618 3958 827 4032 δηλῶν.
865 3959 1005 4033 Πρὸς
1036 3958 1358 4033 ανθρώπους
1390 3955 1491 4031 γὰρ
1522 3955 1810 4017 ταπεινοὺς

141 4057 238 4111 καὶ
269 4054 339 4109 τά
370 4052 587 4127 ἐπίγεια
636 4053 969 4128 φοονοῦντας
1016 4047 1109 4103 τὸν
1160 4045 1327 4123 λόγον
1372 4045 1705 4119 ποιούμενος
1753 4044 1812 4100 ἐκ

142 4150 262 4201 τῶν
293 4145 549 4213 συνήθων
582 4140 769 4203 αὐτοῖς
796 4139 889 4194 καὶ
920 4136 1218 4213 γνωρίμων
1267 4133 1449 4191 ἐδίδου
1491 4136 1587 4197 τὰς
1639 4154 1811 4209 παρα-

142 4233 351 4296 ϐολάς.
386 4232 468 4290 Οὐ
504 4231 689 4305 μέντοι
721 4226 780 4285 δὲ
816 4229 1035 4302 γάμους
1087 4225 1178 4282 καὶ
1226 4226 1494 4298 τραπέζας
1536 4223 1588 4279 ἐν
1617 4221 1811 4297 ἐκείνῳ

140 4322 479 4403 παρεδήλου
507 4327 588 4394 τῷ
616 4320 775 4376 αἰῶνι
804 4320 957 4374 εἶναι·
1014 4316 1158 4373 ἀλλά
1203 4318 1274 4388 τῆ
1321 4316 1496 4371 αὐτῶν
1544 4335 1813 4390 συγκατα-

140 4413 363 4472 ϐαίνων
400 4408 1001 4487 παχύτητι,τοιούτοις
1050 4406 1282 4480 ἀνόμασι
1335 4406 1626 4481 κέχρηται,
1672 4426 1812 4479 γνω-

141 4508 308 4583 ρίσαι
339 4502 529 4563 αὐτοῖς
567 4502 635 4556 τὰ
692 4495 968 4572 μέλλοντα
1026 4496 1388 4573 βουλόμενος.
1446 4498 1545 4554 78
1602 4494 1813 4555 Πάντας

1912 3330 2160 3386 bissimo
2192 3329 2447 3385 ﬂammae
2479 3331 2769 3403 supplicio
2801 3333 2862 3387 in
2884 3332 3117 3388 inferno
3148 3333 3419 3390 addictus
3445 3341 3556 3391 est.

1914 3420 2003 3476 Ad
2038 3435 2216 3491 quem
2242 3420 2421 3475 etiam
2453 3420 2750 3476 Abraham
2782 3421 2875 3477 his
2896 3422 3089 3477 verbis
3111 3423 3414 3479 utebatur:
3450 3427 3560 3481 Re-

1916 3510 2125 3582 cepisti
2156 3509 2311 3564 bona
2341 3510 2401 3564 in
2432 3509 2550 3565 vita
2581 3515 2699 3575 tua,
2734 3517 2791 3565 et
2813 3512 3058 3568 Lazarus
3081 3512 3356 3569 similiter
3380 3514 3556 3571 mala.

1916 3601 2082 3653 Nunc
2112 3603 2308 3653 autem
2345 3598 2471 3671 ipse
2504 3600 2865 3665 consolatur,
2901 3606 2961 3656 tu
2992 3619 3125 3656 vero
3156 3603 3460 3659 cruciaris.

1987 3689 2242 3743 Rursum
2270 3688 2385 3743 alio
2419 3689 2548 3745 loco
2579 3689 2861 3746 caelorum
2892 3707 3141 3764 regnum
3177 3692 3407 3747 homini
3438 3692 3560 3767 regi

1918 3777 2113 3833 simile
2129 3794 2255 3832 esse
2269 3778 2352 3833 ait
2372 3778 2473 3850 qui
2498 3778 2621 3833 filio
2636 3796 2742 3834 suo
2767 3781 3004 3851 nuptias
3018 3781 3158 3837 fecit
3179 3783 3566 3849 (Manlianum.

1919 3870 2030 3922 Per
2042 3868 2279 3939 nuptias
2294 3884 2467 3939 porro
2487 3868 2685 3924 futura
2698 3870 2905 3926 lmtitia
2918 3871 3130 3927 etclari
3140 3877 3226 3927 tas
3246 3872 3568 3928 indicatur.

1918 3958 2150 4013 Etenim
2164 3959 2237 4014 ad
2253 3958 2510 4013 humiles
2522 3976 2589 4015 ac
2604 3961 2855 4015 terrenis
2869 3961 3177 4016 affectibus
3193 3962 3448 4017 imbutos
3464 3963 3565 4017 ho-

1918 4049 2111 4104 mines
2133 4048 2309 4103 verba
2329 4048 2574 4113 faciens,
2609 4049 2681 4103 ab
2714 4050 2785 4104 iis
2816 4050 2993 4105 rebus
3018 4068 3149 4122 qum
3173 4050 3318 4122 ipsis
3337 4052 3564 4106 u-itataa

1918 4154 1986 4193 ac
2020 4138 2340 4193 lamiliares
2371 4145 2559 4199 erant.
2590 4139 2902 4211 parabolas
2934 4140 3221 4193 ducebat:
3255 4156 3375 4193 non
3406 4138 3565 4209 quod

1919 4229 2158 4300 nuptias
2187 4229 2818 4284 etmensasinzevoillo
2840 4246 2968 4284 esse
2998 4228 3342 4284 ostenderet
3370 4228 3473 4283 sed
3488 4228 3563 4284 ad

1920 4334 2125 4373 eorum
2152 4319 2482 4373 crassitiem
2506 4335 2633 4373 sese
2657 4318 3098 4385 demittens,his
3114 4318 3415 4374 vocabulis
3438 4324 3566 4373 ute-

1920 4406 2186 4474 batur,ut
2199 4408 2553 4480 futuraipsis
2566 4408 2878 4479 perspicua
2890 4408 3123 4463 faceret
3138 4408 3568 4479 Omnesitaque

1919 4497 2243 4568 inquit.rex
2262 4497 2363 4551 ille
2377 4496 2615 4552 sublimi
2631 4497 2927 4569 praeconio
2944 4496 3017 4553 ad
3031 4498 3269 4568 nuptias
3282 4498 3569 4570 invitavit,

142 4597 256 4672 μὶν
290 4591 411 4661 οὐν,
445 4591 603 4670 φησὶ,
636 4585 987 4645 συνεκάλεσεν
1021 4587 1048 4642 ὁ
1083 4584 1337 4663 βασιλεὺς
1399 4583 1600 4659 ὑψηλῷ
1644 4583 1783 4659 κηρύ

1924 4593 2100 4659 atque
2122 4593 2187 4641 ut
2206 4587 2379 4642 bonis
2398 4586 2517 4641 illis
2539 4585 2612 4642 ad
2640 4587 2973 4642 satietatem
2997 4602 3185 4659 usque
3209 4587 3568 4646 fruerentur.

134 4706 326 4764 γματι
357 4686 436 4756 (Ἰ)
467 4678 744 4736 συνελθεῖν
779 4677 858 4741 εἷς
883 4676 1011 4739 τοὺς
1042 4673 1256 4749 λάμους
1281 4673 1372 4764 καί
1422 4673 1811 4764 ,ἐμφορηθῆναι

139 4760 261 4832 τῶν
297 4769 630 4848 ἀπορρήτων
664 4766 878 4844 ἀγαθῶν
935 4765 1175 4820 ἐκείνων·
1230 4760 1438 4819 πολλοὶ
1468 4760 1526 4818 δὶ
1554 4767 1662 4819 τῶν
1721 4784 1808 4818 κε-

141 4863 457 4936 κλημένων
487 4858 859 4931 ἀμελήσαντες
894 4854 994 4911 οὐκ
1024 4854 1299 4925 ἀπῆλθον,
1351 4851 1499 4919 ἀλλ’,
1550 4852 1810 4929 ἀπασχο-

143 4951 431 5025 λησαντες
462 4946 706 5019 ἱαυτοὺς,
738 4946 791 5001 οἱ
845 4946 939 5019 μὶν
970 4944 1047 5008 εἷς
1094 4942 1318 5018 ἀγροὺς,
1363 4942 1417 4998 οἱ
1475 4939 1534 4997 δὶ
1585 4942 1664 5006 εἷς
1711 4940 1810 5015 ἐμ-

142 5041 378 5117 πορίας,
413 5036 557 5094 οἱδὶ
614 5036 690 5100 εἷς
733 5034 1071 5112 νεονὺμφους
1116 5036 1389 5108 γυναῖκας,
1439 5031 1806 5103 ἀπεστέρησαν

146 5129 388 5192 ἑαυτοὺς
417 5134 522 5197 τῆς
579 5124 978 5199 λαμπρότητος
1032 5125 1131 5177 τοῦ
1187 5118 1500 5198 νυμφῶνος.
1553 5121 1806 5179 Ἐκείνων

146 5218 211 5276 δὶ
241 5218 493 5277 ἐθελοντί
528 5210 1013 5293 ἀλλοτριωθέντων
1041 5218 1143 5282 τῆς
1168 5217 1404 5288 τερπνῆς
1446 5210 1807 5290 εὐφροσύνης,

226 5427 311 5497 (3)
342 5425 483 5497 Luc.
513 5440 619 5497 xu,
650 5423 706 5482 8.

228 5487 310 5568 (4)
343 5496 571 5569 Sirach.
603 5487 645 5564 ι,
677 5499 707 5550 5
735 5511 750 5549 :
780 5492 935 5567 πηγὴ
967 5487 1157 5569 σοφίας
1190 5487 1356 5565 λόγος
1390 5489 1546 5545 Θεοῦ.

258 5572 318 5637 5)
352 5568 490 5623 Luc.
523 5583 643 5631 nn.
680 5570 745 5623 19
768 5582 936 5637 seqq.

254 5642 311 5711 ὃ)
347 5639 554 5695 Matth.
587 5655 729 5706 xxii,
760 5642 797 5711 2
824 5653 991 5711 seqq.

1922 4677 2085 4732 Multi
2118 4683 2316 4732 autem
2349 4693 2552 4732 eorum
2583 4676 2686 4748 qui
2718 4676 2944 4732 invitati
2974 4678 3229 4745 fuerant,
3255 4677 3339 4733 ire
3372 4676 3575 4750 negle-

1919 4772 2172 4823 xerunt:
2214 4783 2420 4821 verum
2454 4784 2514 4822 se
2545 4767 2706 4839 ipsos
2736 4768 2954 4838 partim
2979 4767 3039 4821 in
3073 4767 3251 4839 agris,
3272 4765 3490 4840 partim
3511 4766 3573 4823 in

1920 4855 2443 4929 negotiationibus,
2476 4855 2692 4928 partim
2714 4856 2775 4911 in
2802 4856 3083 4912 uxoribus
3100 4870 3291 4927 nuper
3314 4855 3574 4926 acceptis

1921 4951 2299 5017 occupantes,
2323 4945 2609 5017 nuptialis
2626 4945 2870 5001 thalami
2890 4943 3207 5017 splendore
3231 4949 3573 5002 caruerunt.

1918 5034 2044 5089 Illis
2057 5041 2255 5089 autem
2277 5051 2384 5089 sua
2406 5040 2614 5105 sponte
2632 5052 2666 5090 a
2683 5034 3031 5091 suavissima
3051 5034 3154 5089 illa
3167 5033 3372 5090 laetitia
3386 5034 3581 5090 exclu-

1920 5123 2130 5190 sis,alii
2145 5124 2331 5180 vocati
2348 5131 2690 5196 sunt,atque
2708 5125 2966 5198 impleta:
2981 5124 3319 5196 suntepulaa
3332 5124 3579 5182 discum-

1917 5213 2217 5273 bentibus.
2249 5215 2558 5288 Ingressus
2597 5221 2796 5272 autem
2836 5220 3018 5272 rexut
3053 5214 3279 5273 videret
3317 5212 3578 5276 discum-

259 5699 317 5785 7)
356 5712 527 5771 Prov.
564 5728 645 5785 ix,
680 5699 753 5771 3':
786 5699 1100 5773 Ἀπέστειλε
1125 5701 1256 5772 τοὺς
1287 5703 1487 5778 εαυτῆς
1522 5699 1779 5780 δοὸλους,
1809 5700 2157 5787 συγκαλοῢσα
2186 5707 2327 5785 μετὰ
2354 5705 2573 5787 ὑψηλοῦ
2599 5704 2980 5787 κηρῦγματος.
