  <div class='ocr_page' id='page_1' title='image "/cluster/home/n/w/nwhite01/storage/ocr_20150623/96/hvd.32044073502122/474.png"; bbox 0 0 4000 6202; ppageno 0'>
   <div class='ocr_carea' id='block_1_1' title="bbox 172 402 275 458">
    <p class='ocr_par' dir='ltr' id='par_1_1' title="bbox 172 402 275 458">
     <span class='ocr_line' id='line_1_1' title="bbox 172 402 275 458; baseline 0.039 -4"><span class='ocrx_word' id='word_1_1' title='bbox 172 402 275 458; x_wconf 86' lang='lat'>937</span> 
     </span>
    </p>
   </div>
   <div class='ocr_carea' id='block_1_2' title="bbox 1336 400 2400 458">
    <p class='ocr_par' dir='ltr' id='par_1_2' title="bbox 1336 400 2400 458">
     <span class='ocr_line' id='line_1_2' title="bbox 1336 400 2400 458; baseline -0.006 0"><span class='ocrx_word' id='word_1_2' title='bbox 1336 406 1506 458; x_wconf 74' lang='lat' dir='ltr'>VITA</span> <span class='ocrx_word' id='word_1_3' title='bbox 1548 401 1895 457; x_wconf 73' lang='lat' dir='ltr'>BABLAAM</span> <span class='ocrx_word' id='word_1_4' title='bbox 1932 402 2026 455; x_wconf 79' lang='grc' dir='ltr'>ΒΤ</span> <span class='ocrx_word' id='word_1_5' title='bbox 2060 400 2400 454; x_wconf 78' lang='lat' dir='ltr'>JOASAPH.</span> 
     </span>
    </p>
   </div>
   <div class='ocr_carea' id='block_1_3' title="bbox 3466 409 3574 464">
    <p class='ocr_par' dir='ltr' id='par_1_3' title="bbox 3466 409 3574 464">
     <span class='ocr_line' id='line_1_3' title="bbox 3466 409 3574 464; baseline 0.019 -2"><span class='ocrx_word' id='word_1_6' title='bbox 3466 409 3574 464; x_wconf 69' lang='grc' dir='ltr'>οδε</span> 
     </span>
    </p>
   </div>
   <div class='ocr_carea' id='block_1_4' title="bbox 173 521 1810 605">
    <p class='ocr_par' dir='ltr' id='par_1_4' title="bbox 173 521 1810 605">
     <span class='ocr_line' id='line_1_4' title="bbox 173 521 1810 605; baseline -0.002 -22"><span class='ocrx_word' id='word_1_7' title='bbox 173 528 379 583; x_wconf 66' lang='grc' dir='ltr'>δννοιῶν</span> <span class='ocrx_word' id='word_1_8' title='bbox 413 524 671 601; x_wconf 71' lang='grc' dir='ltr'>καρδίας*</span> <span class='ocrx_word' id='word_1_9' title='bbox 710 525 800 581; x_wconf 81' lang='grc' dir='ltr'>καὶ</span> <span class='ocrx_word' id='word_1_10' title='bbox 833 524 941 583; x_wconf 77' lang='grc' dir='ltr'>οὐκ</span> <span class='ocrx_word' id='word_1_11' title='bbox 995 521 1108 581; x_wconf 74' lang='grc' dir='ltr'>ἔστι</span> <span class='ocrx_word' id='word_1_12' title='bbox 1150 526 1323 591; x_wconf 87' lang='grc' dir='ltr'>κτίσις</span> <span class='ocrx_word' id='word_1_13' title='bbox 1351 526 1557 605; x_wconf 73' lang='grc' dir='ltr'>ἀφανὴς</span> <span class='ocrx_word' id='word_1_14' title='bbox 1589 525 1810 581; x_wconf 67' lang='grc' dir='ltr'>ἰνώπιοι</span> 
     </span>
    </p>
   </div>
   <div class='ocr_carea' id='block_1_5' title="bbox 1926 521 3576 605">
    <p class='ocr_par' dir='ltr' id='par_1_5' title="bbox 1936 525 3576 598">
     <span class='ocr_line' id='line_1_5' title="bbox 1936 525 3576 598; baseline 0.007 -16"><span class='ocrx_word' id='word_1_15' title='bbox 1936 525 2356 598; x_wconf 78' lang='lat' dir='ltr'>cogitationum</span> <span class='ocrx_word' id='word_1_16' title='bbox 2379 531 2438 581; x_wconf 92' lang='lat' dir='ltr'>et</span> <span class='ocrx_word' id='word_1_17' title='bbox 2457 526 2860 584; x_wconf 86' lang='lat' dir='ltr'>intentionum</span> <span class='ocrx_word' id='word_1_18' title='bbox 2875 529 3088 587; x_wconf 84' lang='lat' dir='ltr'>cordis.</span> <span class='ocrx_word' id='word_1_19' title='bbox 3114 532 3185 587; x_wconf 89' lang='lat' dir='ltr'>Et</span> <span class='ocrx_word' id='word_1_20' title='bbox 3202 547 3324 590; x_wconf 88' lang='lat' dir='ltr'>non</span> <span class='ocrx_word' id='word_1_21' title='bbox 3347 540 3437 590; x_wconf 88' lang='lat' dir='ltr'>est</span> <span class='ocrx_word' id='word_1_22' title='bbox 3452 538 3576 594; x_wconf 84' lang='lat' dir='ltr'>ulla</span> 
     </span>
    </p>
   </div>
   <div class='ocr_carea' id='block_1_6' title="bbox 172 614 1814 694">
    <p class='ocr_par' dir='ltr' id='par_1_6' title="bbox 172 614 1814 694">
     <span class='ocr_line' id='line_1_6' title="bbox 172 614 1814 694; baseline -0.002 -21"><span class='ocrx_word' id='word_1_23' title='bbox 172 618 351 690; x_wconf 78' lang='grc' dir='ltr'>αὐτοῦ,</span> <span class='ocrx_word' id='word_1_24' title='bbox 399 619 575 673; x_wconf 81' lang='grc' dir='ltr'>πάντα</span> <span class='ocrx_word' id='word_1_25' title='bbox 633 614 691 671; x_wconf 71' lang='grc' dir='ltr'>δὲ</span> <span class='ocrx_word' id='word_1_26' title='bbox 757 617 941 692; x_wconf 76' lang='grc' dir='ltr'>γυμνὰ</span> <span class='ocrx_word' id='word_1_27' title='bbox 1009 617 1099 671; x_wconf 84' lang='grc' dir='ltr'>καὶ</span> <span class='ocrx_word' id='word_1_28' title='bbox 1157 616 1640 694; x_wconf 71' lang='grc' dir='ltr'>τετραχηλισμένα</span> <span class='ocrx_word' id='word_1_29' title='bbox 1694 619 1814 678; x_wconf 78' lang='grc' dir='ltr'>τοῖς</span> 
     </span>
    </p>
   </div>
   <div class='ocr_carea' id='block_1_7' title="bbox 170 706 1424 787">
    <p class='ocr_par' dir='ltr' id='par_1_7' title="bbox 170 706 1424 787">
     <span class='ocr_line' id='line_1_7' title="bbox 170 706 1424 787; baseline 0.001 -24"><span class='ocrx_word' id='word_1_30' title='bbox 170 708 475 787; x_wconf 59' lang='grc' dir='ltr'>ἀφθαλμοῖς</span> <span class='ocrx_word' id='word_1_31' title='bbox 509 708 698 775; x_wconf 78' lang='grc' dir='ltr'>αὐτοῦ,</span> <span class='ocrx_word' id='word_1_32' title='bbox 731 708 868 783; x_wconf 83' lang='grc' dir='ltr'>πρὸς</span> <span class='ocrx_word' id='word_1_33' title='bbox 904 706 961 763; x_wconf 80' lang='grc' dir='ltr'>ὅν</span> <span class='ocrx_word' id='word_1_34' title='bbox 1007 710 1143 781; x_wconf 77' lang='grc' dir='ltr'>ἡμῖν</span> <span class='ocrx_word' id='word_1_35' title='bbox 1174 710 1201 763; x_wconf 97' lang='lat'>6</span> <span class='ocrx_word' id='word_1_36' title='bbox 1234 708 1424 783; x_wconf 83' lang='grc' dir='ltr'>λόγος.</span> 
     </span>
    </p>
   </div>
   <div class='ocr_carea' id='block_1_8' title="bbox 232 884 1813 965">
    <p class='ocr_par' dir='ltr' id='par_1_8' title="bbox 232 884 1813 965">
     <span class='ocr_line' id='line_1_8' title="bbox 232 884 1813 965; baseline -0.005 -18"><span class='ocrx_word' id='word_1_37' title='bbox 232 892 412 947; x_wconf 85' lang='grc' dir='ltr'>Ταῦτα</span> <span class='ocrx_word' id='word_1_38' title='bbox 442 889 529 943; x_wconf 84' lang='grc' dir='ltr'>καὶ</span> <span class='ocrx_word' id='word_1_39' title='bbox 560 890 616 942; x_wconf 73' lang='grc' dir='ltr'>οἱ</span> <span class='ocrx_word' id='word_1_40' title='bbox 648 889 926 965; x_wconf 75' lang='grc' dir='ltr'>προφῆται</span> <span class='ocrx_word' id='word_1_41' title='bbox 960 887 1066 963; x_wconf 85' lang='grc' dir='ltr'>πρὸ</span> <span class='ocrx_word' id='word_1_42' title='bbox 1108 887 1324 963; x_wconf 84' lang='grc' dir='ltr'>χρόνων</span> <span class='ocrx_word' id='word_1_43' title='bbox 1358 884 1586 941; x_wconf 80' lang='grc' dir='ltr'>πολλῶν</span> <span class='ocrx_word' id='word_1_44' title='bbox 1617 890 1685 959; x_wconf 80' lang='grc' dir='ltr'>τῇ</span> <span class='ocrx_word' id='word_1_45' title='bbox 1715 887 1813 940; x_wconf 90' lang='grc' dir='ltr'>τοῦ</span> 
     </span>
    </p>
   </div>
   <div class='ocr_carea' id='block_1_9' title="bbox 163 973 1813 1052">
    <p class='ocr_par' dir='ltr' id='par_1_9' title="bbox 163 973 1813 1052">
     <span class='ocr_line' id='line_1_9' title="bbox 163 973 1813 1052; baseline -0.005 -17"><span class='ocrx_word' id='word_1_46' title='bbox 163 979 477 1050; x_wconf 70' lang='grc' dir='ltr'>Ηνεύματος</span> <span class='ocrx_word' id='word_1_47' title='bbox 537 976 889 1049; x_wconf 80' lang='grc' dir='ltr'>λαμπόμενοι</span> <span class='ocrx_word' id='word_1_48' title='bbox 946 978 1133 1052; x_wconf 80' lang='grc' dir='ltr'>χάριτι</span> <span class='ocrx_word' id='word_1_49' title='bbox 1183 973 1553 1051; x_wconf 82' lang='grc' dir='ltr'>ἀριδηλότατα</span> <span class='ocrx_word' id='word_1_50' title='bbox 1609 975 1813 1049; x_wconf 79' lang='grc' dir='ltr'>κατήγ-</span> 
     </span>
    </p>
   </div>
   <div class='ocr_carea' id='block_1_10' title="bbox 155 1062 1810 1141">
    <p class='ocr_par' dir='ltr' id='par_1_10' title="bbox 155 1062 1810 1141">
     <span class='ocr_line' id='line_1_10' title="bbox 155 1062 1810 1141; baseline -0.002 -22"><span class='ocrx_word' id='word_1_51' title='bbox 155 1064 365 1141; x_wconf 83' lang='grc' dir='ltr'>γειλαν.</span> <span class='ocrx_word' id='word_1_52' title='bbox 427 1066 575 1135; x_wconf 78' lang='grc' dir='ltr'>Φησὶ</span> <span class='ocrx_word' id='word_1_53' title='bbox 636 1066 737 1140; x_wconf 75' lang='grc' dir='ltr'>γὰρ</span> <span class='ocrx_word' id='word_1_54' title='bbox 797 1066 824 1119; x_wconf 98' lang='lat'>6</span> <span class='ocrx_word' id='word_1_55' title='bbox 877 1063 1122 1127; x_wconf 55' lang='grc' dir='ltr'>Ἠσαίας</span> <span class='ocrx_word' id='word_1_56' title='bbox 1187 1065 1329 1141; x_wconf 84' lang='grc' dir='ltr'>Ἐγὼ</span> <span class='ocrx_word' id='word_1_57' title='bbox 1375 1068 1443 1120; x_wconf 74' lang='grc' dir='ltr'>τὰ</span> <span class='ocrx_word' id='word_1_58' title='bbox 1473 1063 1605 1138; x_wconf 84' lang='grc' dir='ltr'>ἔργα</span> <span class='ocrx_word' id='word_1_59' title='bbox 1633 1062 1810 1118; x_wconf 78' lang='grc' dir='ltr'>αὐτῶν</span> 
     </span>
    </p>
   </div>
   <div class='ocr_carea' id='block_1_11' title="bbox 152 1150 1811 1230">
    <p class='ocr_par' dir='ltr' id='par_1_11' title="bbox 152 1150 1811 1230">
     <span class='ocr_line' id='line_1_11' title="bbox 152 1150 1811 1230; baseline -0.004 -20"><span class='ocrx_word' id='word_1_60' title='bbox 152 1154 407 1217; x_wconf 72' lang='grc' dir='ltr'>καὶτοὺς</span> <span class='ocrx_word' id='word_1_61' title='bbox 458 1152 765 1230; x_wconf 74' lang='grc' dir='ltr'>λογισμοὺς</span> <span class='ocrx_word' id='word_1_62' title='bbox 821 1153 1117 1227; x_wconf 81' lang='grc' dir='ltr'>ἐπίσταμαι</span> <span class='ocrx_word' id='word_1_63' title='bbox 1166 1155 1255 1208; x_wconf 83' lang='grc' dir='ltr'>καὶ</span> <span class='ocrx_word' id='word_1_64' title='bbox 1315 1150 1686 1209; x_wconf 73' lang='grc' dir='ltr'>ἀνταποδώσω</span> <span class='ocrx_word' id='word_1_65' title='bbox 1717 1150 1811 1205; x_wconf 80' lang='grc' dir='ltr'>αὖ·</span> 
     </span>
    </p>
   </div>
   <div class='ocr_carea' id='block_1_12' title="bbox 149 1238 1812 1318">
    <p class='ocr_par' dir='ltr' id='par_1_12' title="bbox 149 1238 1812 1318">
     <span class='ocr_line' id='line_1_12' title="bbox 149 1238 1812 1318; baseline -0.005 -18"><span class='ocrx_word' id='word_1_66' title='bbox 149 1250 290 1306; x_wconf 58' lang='grc' dir='ltr'>τοῖς</span> <span class='ocrx_word' id='word_1_67' title='bbox 356 1242 477 1298; x_wconf 74' lang='grc' dir='ltr'>ἲδοὺ</span> <span class='ocrx_word' id='word_1_68' title='bbox 538 1248 858 1318; x_wconf 81' lang='grc' dir='ltr'>συναγαγεῖν</span> <span class='ocrx_word' id='word_1_69' title='bbox 920 1240 1162 1318; x_wconf 81' lang='grc' dir='ltr'>ἔρχομαι</span> <span class='ocrx_word' id='word_1_70' title='bbox 1214 1242 1386 1298; x_wconf 84' lang='grc' dir='ltr'>πάντα</span> <span class='ocrx_word' id='word_1_71' title='bbox 1432 1243 1497 1296; x_wconf 76' lang='grc' dir='ltr'>τὰ</span> <span class='ocrx_word' id='word_1_72' title='bbox 1545 1238 1670 1310; x_wconf 82' lang='grc' dir='ltr'>ἔθνη</span> <span class='ocrx_word' id='word_1_73' title='bbox 1722 1239 1812 1294; x_wconf 75' lang='grc' dir='ltr'>καὶ</span> 
     </span>
    </p>
   </div>
   <div class='ocr_carea' id='block_1_13' title="bbox 148 1327 1814 1406">
    <p class='ocr_par' dir='ltr' id='par_1_13' title="bbox 148 1327 1814 1406">
     <span class='ocr_line' id='line_1_13' title="bbox 148 1327 1814 1406; baseline -0.003 -18"><span class='ocrx_word' id='word_1_74' title='bbox 148 1335 247 1395; x_wconf 76' lang='grc' dir='ltr'>τὰς</span> <span class='ocrx_word' id='word_1_75' title='bbox 304 1332 585 1406; x_wconf 82' lang='grc' dir='ltr'>γλώσσας,</span> <span class='ocrx_word' id='word_1_76' title='bbox 643 1333 732 1386; x_wconf 79' lang='grc' dir='ltr'>καὶ</span> <span class='ocrx_word' id='word_1_77' title='bbox 789 1330 1006 1404; x_wconf 64' lang='grc' dir='ltr'>⁹ἥξουσι,</span> <span class='ocrx_word' id='word_1_78' title='bbox 1068 1333 1160 1386; x_wconf 89' lang='grc' dir='ltr'>καὶ</span> <span class='ocrx_word' id='word_1_79' title='bbox 1217 1328 1444 1405; x_wconf 75' lang='grc' dir='ltr'>ὄψονται</span> <span class='ocrx_word' id='word_1_80' title='bbox 1500 1332 1598 1399; x_wconf 76' lang='grc' dir='ltr'>τήν</span> <span class='ocrx_word' id='word_1_81' title='bbox 1660 1327 1814 1399; x_wconf 81' lang='grc' dir='ltr'>δόξαν</span> 
     </span>
    </p>
   </div>
   <div class='ocr_carea' id='block_1_14' title="bbox 152 1418 1812 1494">
    <p class='ocr_par' dir='ltr' id='par_1_14' title="bbox 152 1418 1812 1494">
     <span class='ocr_line' id='line_1_14' title="bbox 152 1418 1812 1494; baseline -0.004 -17"><span class='ocrx_word' id='word_1_82' title='bbox 152 1444 262 1494; x_wconf 82' lang='grc' dir='ltr'>μου</span> <span class='ocrx_word' id='word_1_83' title='bbox 296 1426 431 1492; x_wconf 81' lang='grc'><strong>(14).</strong></span> <span class='ocrx_word' id='word_1_84' title='bbox 464 1422 551 1475; x_wconf 78' lang='grc' dir='ltr'>καὶ</span> <span class='ocrx_word' id='word_1_85' title='bbox 585 1419 731 1475; x_wconf 88' lang='grc' dir='ltr'>ἔσται</span> <span class='ocrx_word' id='word_1_86' title='bbox 781 1422 808 1475; x_wconf 92' lang='lat'>6</span> <span class='ocrx_word' id='word_1_87' title='bbox 859 1420 1080 1494; x_wconf 79' lang='grc' dir='ltr'>οὐρανὸς</span> <span class='ocrx_word' id='word_1_88' title='bbox 1122 1422 1307 1485; x_wconf 83' lang='grc' dir='ltr'>καινὸς</span> <span class='ocrx_word' id='word_1_89' title='bbox 1334 1422 1424 1474; x_wconf 87' lang='grc' dir='ltr'>καὶ</span> <span class='ocrx_word' id='word_1_90' title='bbox 1464 1422 1499 1489; x_wconf 73' lang='grc' dir='ltr'>ἡ</span> <span class='ocrx_word' id='word_1_91' title='bbox 1529 1425 1598 1494; x_wconf 83' lang='grc' dir='ltr'>γῆ</span> <span class='ocrx_word' id='word_1_92' title='bbox 1630 1418 1812 1486; x_wconf 78' lang='grc' dir='ltr'>καινὴ,</span> 
     </span>
    </p>
   </div>
   <div class='ocr_carea' id='block_1_15' title="bbox 148 1507 1812 1589">
    <p class='ocr_par' dir='ltr' id='par_1_15' title="bbox 148 1507 1812 1589">
     <span class='ocr_line' id='line_1_15' title="bbox 148 1507 1812 1589; baseline -0.004 -23"><span class='ocrx_word' id='word_1_93' title='bbox 148 1512 183 1567; x_wconf 72' lang='grc' dir='ltr'>ἃ</span> <span class='ocrx_word' id='word_1_94' title='bbox 216 1511 327 1589; x_wconf 78' lang='grc' dir='ltr'>ἐγὼ</span> <span class='ocrx_word' id='word_1_95' title='bbox 381 1514 526 1566; x_wconf 88' lang='grc' dir='ltr'>ποιῶ</span> <span class='ocrx_word' id='word_1_96' title='bbox 590 1512 685 1584; x_wconf 78' lang='grc' dir='ltr'>μὲν</span> <span class='ocrx_word' id='word_1_97' title='bbox 741 1508 975 1564; x_wconf 78' lang='grc' dir='ltr'>ἐνώπιόν</span> <span class='ocrx_word' id='word_1_98' title='bbox 1035 1529 1160 1583; x_wconf 77' lang='grc' dir='ltr'>μου’</span> <span class='ocrx_word' id='word_1_99' title='bbox 1218 1508 1309 1563; x_wconf 85' lang='grc' dir='ltr'>καὶ</span> <span class='ocrx_word' id='word_1_100' title='bbox 1364 1508 1655 1579; x_wconf 78' lang='grc' dir='ltr'>ἥξειπᾶσα</span> <span class='ocrx_word' id='word_1_101' title='bbox 1686 1507 1812 1580; x_wconf 77' lang='grc' dir='ltr'>σὰρξ</span> 
     </span>
    </p>
   </div>
   <div class='ocr_carea' id='block_1_16' title="bbox 142 1595 1811 1674">
    <p class='ocr_par' dir='ltr' id='par_1_16' title="bbox 142 1595 1811 1674">
     <span class='ocr_line' id='line_1_16' title="bbox 142 1595 1811 1674; baseline -0.005 -17"><span class='ocrx_word' id='word_1_102' title='bbox 142 1599 248 1657; x_wconf 72' lang='grc' dir='ltr'>τοῦ</span> <span class='ocrx_word' id='word_1_103' title='bbox 309 1602 685 1674; x_wconf 73' lang='grc' dir='ltr'>προσκυνῆσαι</span> <span class='ocrx_word' id='word_1_104' title='bbox 744 1599 975 1653; x_wconf 72' lang='grc' dir='ltr'>ἐνώπιόν</span> <span class='ocrx_word' id='word_1_105' title='bbox 1046 1620 1172 1672; x_wconf 89' lang='grc' dir='ltr'>μου,</span> <span class='ocrx_word' id='word_1_106' title='bbox 1233 1596 1381 1673; x_wconf 71' lang='grc' dir='ltr'>λέγει</span> <span class='ocrx_word' id='word_1_107' title='bbox 1440 1597 1663 1670; x_wconf 79' lang='grc' dir='ltr'>Κύριος,</span> <span class='ocrx_word' id='word_1_108' title='bbox 1722 1595 1811 1650; x_wconf 84' lang='grc' dir='ltr'>καὶ</span> 
     </span>
    </p>
   </div>
   <div class='ocr_carea' id='block_1_17' title="bbox 145 1686 1811 1763">
    <p class='ocr_par' dir='ltr' id='par_1_17' title="bbox 145 1686 1811 1763">
     <span class='ocr_line' id='line_1_17' title="bbox 145 1686 1811 1763; baseline -0.005 -14"><span class='ocrx_word' id='word_1_109' title='bbox 145 1692 555 1763; x_wconf 76' lang='grc' dir='ltr'>ἐξελεύσονται,</span> <span class='ocrx_word' id='word_1_110' title='bbox 614 1691 706 1746; x_wconf 80' lang='grc' dir='ltr'>καὶ</span> <span class='ocrx_word' id='word_1_111' title='bbox 746 1686 972 1763; x_wconf 78' lang='grc' dir='ltr'>ὄψονται</span> <span class='ocrx_word' id='word_1_112' title='bbox 1028 1691 1097 1745; x_wconf 79' lang='grc' dir='ltr'>τὰ</span> <span class='ocrx_word' id='word_1_113' title='bbox 1152 1689 1309 1745; x_wconf 86' lang='grc' dir='ltr'>κῶλα</span> <span class='ocrx_word' id='word_1_114' title='bbox 1356 1694 1463 1743; x_wconf 86' lang='grc' dir='ltr'>τῶν</span> <span class='ocrx_word' id='word_1_115' title='bbox 1492 1687 1811 1762; x_wconf 87' lang='grc' dir='ltr'>ἀνθρώπων,</span> 
     </span>
    </p>
   </div>
   <div class='ocr_carea' id='block_1_18' title="bbox 138 1775 1813 1856">
    <p class='ocr_par' dir='ltr' id='par_1_18' title="bbox 138 1775 1813 1856">
     <span class='ocr_line' id='line_1_18' title="bbox 138 1775 1813 1856; baseline -0.004 -19"><span class='ocrx_word' id='word_1_116' title='bbox 138 1788 258 1839; x_wconf 83' lang='grc' dir='ltr'>τῶν</span> <span class='ocrx_word' id='word_1_117' title='bbox 290 1775 767 1856; x_wconf 73' lang='grc' dir='ltr'>παραϐεϐηκότων</span> <span class='ocrx_word' id='word_1_118' title='bbox 828 1779 877 1834; x_wconf 83' lang='grc' dir='ltr'>ἐν</span> <span class='ocrx_word' id='word_1_119' title='bbox 940 1780 1087 1851; x_wconf 79' lang='grc' dir='ltr'>ἐμοί’</span> <span class='ocrx_word' id='word_1_120' title='bbox 1151 1780 1179 1833; x_wconf 87' lang='lat'>6</span> <span class='ocrx_word' id='word_1_121' title='bbox 1226 1780 1327 1855; x_wconf 76' lang='grc' dir='ltr'>γὰρ</span> <span class='ocrx_word' id='word_1_122' title='bbox 1388 1778 1608 1848; x_wconf 75' lang='grc' dir='ltr'>σκώληξ</span> <span class='ocrx_word' id='word_1_123' title='bbox 1639 1777 1813 1832; x_wconf 80' lang='grc' dir='ltr'>αὐτῶν</span> 
     </span>
    </p>
   </div>
   <div class='ocr_carea' id='block_1_19' title="bbox 142 1861 1888 1965">
    <p class='ocr_par' dir='ltr' id='par_1_19' title="bbox 142 1861 1888 1965">
     <span class='ocr_line' id='line_1_19' title="bbox 142 1861 1888 1965; baseline -0.005 -40"><span class='ocrx_word' id='word_1_124' title='bbox 142 1872 213 1927; x_wconf 78' lang='grc' dir='ltr'>οῦ</span> <span class='ocrx_word' id='word_1_125' title='bbox 268 1867 614 1939; x_wconf 75' lang='grc' dir='ltr'>τελευτήσει,</span> <span class='ocrx_word' id='word_1_126' title='bbox 672 1869 763 1923; x_wconf 83' lang='grc' dir='ltr'>καὶ</span> <span class='ocrx_word' id='word_1_127' title='bbox 817 1865 879 1922; x_wconf 82' lang='grc' dir='ltr'>τδ</span> <span class='ocrx_word' id='word_1_128' title='bbox 939 1872 1046 1942; x_wconf 91' lang='grc' dir='ltr'>πῦρ</span> <span class='ocrx_word' id='word_1_129' title='bbox 1090 1866 1265 1922; x_wconf 78' lang='grc' dir='ltr'>αὐτῶν</span> <span class='ocrx_word' id='word_1_130' title='bbox 1321 1866 1382 1921; x_wconf 81' lang='grc' dir='ltr'>οὐ</span> <span class='ocrx_word' id='word_1_131' title='bbox 1438 1861 1809 1936; x_wconf 76' lang='grc' dir='ltr'>σϐεσθήσεται,</span> <span class='ocrx_word' id='word_1_132' title='bbox 1844 1901 1888 1965; x_wconf 81' lang='grc' dir='ltr'><strong>Β</strong></span> 
     </span>
    </p>
   </div>
   <div class='ocr_carea' id='block_1_20' title="bbox 140 1954 1809 2033">
    <p class='ocr_par' dir='ltr' id='par_1_20' title="bbox 140 1954 1809 2033">
     <span class='ocr_line' id='line_1_20' title="bbox 140 1954 1809 2033; baseline -0.002 -19"><span class='ocrx_word' id='word_1_133' title='bbox 140 1961 240 2014; x_wconf 80' lang='grc' dir='ltr'>καὶ</span> <span class='ocrx_word' id='word_1_134' title='bbox 304 1954 520 2013; x_wconf 80' lang='grc' dir='ltr'>ἔσονται</span> <span class='ocrx_word' id='word_1_135' title='bbox 582 1957 658 2019; x_wconf 81' lang='grc' dir='ltr'>εἷς</span> <span class='ocrx_word' id='word_1_136' title='bbox 718 1956 903 2033; x_wconf 78' lang='grc' dir='ltr'>ὅρασιν</span> <span class='ocrx_word' id='word_1_137' title='bbox 965 1956 1109 2030; x_wconf 79' lang='grc' dir='ltr'>πάσῃ</span> <span class='ocrx_word' id='word_1_138' title='bbox 1166 1955 1341 2029; x_wconf 86' lang='grc' dir='ltr'>σαρκί.</span> <span class='ocrx_word' id='word_1_139' title='bbox 1378 1954 1652 2016; x_wconf 77' lang='grc' dir='ltr'>Καὶαῦθις</span> <span class='ocrx_word' id='word_1_140' title='bbox 1686 1955 1809 2029; x_wconf 80' lang='grc' dir='ltr'>περὶ</span> 
     </span>
    </p>
   </div>
   <div class='ocr_carea' id='block_1_21' title="bbox 139 2044 1807 2120">
    <p class='ocr_par' dir='ltr' id='par_1_21' title="bbox 139 2044 1807 2120">
     <span class='ocr_line' id='line_1_21' title="bbox 139 2044 1807 2120; baseline -0.004 -17"><span class='ocrx_word' id='word_1_141' title='bbox 139 2057 249 2117; x_wconf 77' lang='grc' dir='ltr'>τῆς</span> <span class='ocrx_word' id='word_1_142' title='bbox 280 2049 497 2120; x_wconf 68' lang='grc' dir='ltr'>ἡμέρας</span> <span class='ocrx_word' id='word_1_143' title='bbox 558 2046 767 2115; x_wconf 80' lang='grc' dir='ltr'>ἐκείνης</span> <span class='ocrx_word' id='word_1_144' title='bbox 824 2044 1001 2120; x_wconf 72' lang='grc' dir='ltr'>λέγει’</span> <span class='ocrx_word' id='word_1_145' title='bbox 1069 2044 1174 2101; x_wconf 82' lang='grc' dir='ltr'>Καὶ</span> <span class='ocrx_word' id='word_1_146' title='bbox 1235 2048 1342 2116; x_wconf 82' lang='grc'>(15)</span> <span class='ocrx_word' id='word_1_147' title='bbox 1399 2044 1807 2114; x_wconf 80' lang='grc' dir='ltr'>είληθήσεταιὸ</span> 
     </span>
    </p>
   </div>
   <div class='ocr_carea' id='block_1_22' title="bbox 142 2131 1809 2213">
    <p class='ocr_par' dir='ltr' id='par_1_22' title="bbox 142 2131 1809 2213">
     <span class='ocr_line' id='line_1_22' title="bbox 142 2131 1809 2213; baseline -0.004 -20"><span class='ocrx_word' id='word_1_148' title='bbox 142 2139 389 2213; x_wconf 65' lang='grc' dir='ltr'>οὖρα-νὸς</span> <span class='ocrx_word' id='word_1_149' title='bbox 440 2137 512 2197; x_wconf 80' lang='grc' dir='ltr'>ὡς</span> <span class='ocrx_word' id='word_1_150' title='bbox 572 2131 809 2211; x_wconf 75' lang='grc' dir='ltr'>βιϐλίον,</span> <span class='ocrx_word' id='word_1_151' title='bbox 860 2134 949 2190; x_wconf 86' lang='grc' dir='ltr'>καὶ</span> <span class='ocrx_word' id='word_1_152' title='bbox 993 2135 1165 2189; x_wconf 81' lang='grc' dir='ltr'>πάντα</span> <span class='ocrx_word' id='word_1_153' title='bbox 1213 2134 1278 2189; x_wconf 77' lang='grc' dir='ltr'>τὰ</span> <span class='ocrx_word' id='word_1_154' title='bbox 1308 2132 1474 2207; x_wconf 70' lang='grc' dir='ltr'>ἄστρα</span> <span class='ocrx_word' id='word_1_155' title='bbox 1523 2137 1809 2187; x_wconf 79' lang='grc' dir='ltr'>πεσοῦνται</span> 
     </span>
    </p>
   </div>
   <div class='ocr_carea' id='block_1_23' title="bbox 145 2222 1810 2301">
    <p class='ocr_par' dir='ltr' id='par_1_23' title="bbox 145 2222 1810 2301">
     <span class='ocr_line' id='line_1_23' title="bbox 145 2222 1810 2301; baseline -0.004 -19"><span class='ocrx_word' id='word_1_156' title='bbox 145 2230 232 2291; x_wconf 79' lang='grc' dir='ltr'>ὡς</span> <span class='ocrx_word' id='word_1_157' title='bbox 264 2223 449 2301; x_wconf 62' lang='grc' dir='ltr'>φύλλα</span> <span class='ocrx_word' id='word_1_158' title='bbox 499 2226 549 2298; x_wconf 77' lang='grc' dir='ltr'>ἐξ</span> <span class='ocrx_word' id='word_1_159' title='bbox 602 2224 875 2298; x_wconf 63' lang='grc' dir='ltr'>ἀμπέλου·</span> <span class='ocrx_word' id='word_1_160' title='bbox 934 2222 1050 2278; x_wconf 78' lang='grc' dir='ltr'>ἰδοὺ</span> <span class='ocrx_word' id='word_1_161' title='bbox 1100 2227 1206 2293; x_wconf 79' lang='lat' dir='ltr'>(l6)</span> <span class='ocrx_word' id='word_1_162' title='bbox 1264 2223 1367 2299; x_wconf 74' lang='grc' dir='ltr'>γὰρ</span> <span class='ocrx_word' id='word_1_163' title='bbox 1398 2223 1582 2296; x_wconf 71' lang='grc' dir='ltr'>ἡμέρα</span> <span class='ocrx_word' id='word_1_164' title='bbox 1614 2223 1810 2295; x_wconf 85' lang='grc' dir='ltr'>Κυρίου</span> 
     </span>
    </p>
   </div>
   <div class='ocr_carea' id='block_1_24' title="bbox 141 2311 1809 2392">
    <p class='ocr_par' dir='ltr' id='par_1_24' title="bbox 141 2311 1809 2392">
     <span class='ocr_line' id='line_1_24' title="bbox 141 2311 1809 2392; baseline -0.005 -20"><span class='ocrx_word' id='word_1_165' title='bbox 141 2312 399 2392; x_wconf 73' lang='grc' dir='ltr'>ἔρχεται,</span> <span class='ocrx_word' id='word_1_166' title='bbox 435 2313 643 2375; x_wconf 80' lang='grc' dir='ltr'>ἀνίατος</span> <span class='ocrx_word' id='word_1_167' title='bbox 693 2316 869 2386; x_wconf 80' lang='grc' dir='ltr'>θυμοῦ</span> <span class='ocrx_word' id='word_1_168' title='bbox 926 2313 1015 2367; x_wconf 83' lang='grc' dir='ltr'>καὶ</span> <span class='ocrx_word' id='word_1_169' title='bbox 1077 2312 1265 2387; x_wconf 77' lang='grc' dir='ltr'>ὀργῆς,</span> <span class='ocrx_word' id='word_1_170' title='bbox 1302 2317 1469 2375; x_wconf 83' lang='grc' dir='ltr'>θεῖναι</span> <span class='ocrx_word' id='word_1_171' title='bbox 1501 2313 1600 2379; x_wconf 68' lang='grc' dir='ltr'>τὴν</span> <span class='ocrx_word' id='word_1_172' title='bbox 1630 2311 1809 2364; x_wconf 78' lang='grc' dir='ltr'>οίκουο</span> 
     </span>
    </p>
   </div>
   <div class='ocr_carea' id='block_1_25' title="bbox 151 2394 1809 2477">
    <p class='ocr_par' dir='ltr' id='par_1_25' title="bbox 151 2394 1809 2477">
     <span class='ocr_line' id='line_1_25' title="bbox 151 2394 1809 2477; baseline -0.004 -17"><span class='ocrx_word' id='word_1_173' title='bbox 151 2406 328 2477; x_wconf 79' lang='grc' dir='ltr'>μὲνην</span> <span class='ocrx_word' id='word_1_174' title='bbox 364 2403 500 2473; x_wconf 72' lang='grc' dir='ltr'>ὃλην</span> <span class='ocrx_word' id='word_1_175' title='bbox 561 2402 766 2477; x_wconf 83' lang='grc' dir='ltr'>ἔρημον</span> <span class='ocrx_word' id='word_1_176' title='bbox 824 2402 913 2456; x_wconf 86' lang='grc' dir='ltr'>καὶ</span> <span class='ocrx_word' id='word_1_177' title='bbox 966 2400 1096 2462; x_wconf 71' lang='grc' dir='ltr'>τοὺς</span> <span class='ocrx_word' id='word_1_178' title='bbox 1154 2398 1516 2475; x_wconf 68' lang='grc' dir='ltr'>ἁμαρτωλοὺς</span> <span class='ocrx_word' id='word_1_179' title='bbox 1549 2394 1809 2454; x_wconf 75' lang='grc' dir='ltr'>ἀπολέσαι</span> 
     </span>
    </p>
   </div>
   <div class='ocr_carea' id='block_1_26' title="bbox 154 2490 1809 2567">
    <p class='ocr_par' dir='ltr' id='par_1_26' title="bbox 154 2490 1809 2567">
     <span class='ocr_line' id='line_1_26' title="bbox 154 2490 1809 2567; baseline -0.005 -16"><span class='ocrx_word' id='word_1_180' title='bbox 154 2496 209 2567; x_wconf 74' lang='grc' dir='ltr'><strong>ἐξ</strong></span> <span class='ocrx_word' id='word_1_181' title='bbox 245 2496 443 2565; x_wconf 75' lang='grc' dir='ltr'>αὐτῆς·</span> <span class='ocrx_word' id='word_1_182' title='bbox 497 2495 548 2549; x_wconf 80' lang='lat' dir='ltr'>oi</span> <span class='ocrx_word' id='word_1_183' title='bbox 604 2494 709 2567; x_wconf 74' lang='grc' dir='ltr'>γὰρ</span> <span class='ocrx_word' id='word_1_184' title='bbox 768 2494 983 2567; x_wconf 76' lang='grc' dir='ltr'>ἀστέρες</span> <span class='ocrx_word' id='word_1_185' title='bbox 1039 2497 1135 2547; x_wconf 92' lang='grc' dir='ltr'>τοῦ</span> <span class='ocrx_word' id='word_1_186' title='bbox 1193 2492 1427 2566; x_wconf 73' lang='grc' dir='ltr'>οὐρανοῦ</span> <span class='ocrx_word' id='word_1_187' title='bbox 1484 2494 1580 2548; x_wconf 74' lang='lat'><strong>76</strong></span> <span class='ocrx_word' id='word_1_188' title='bbox 1631 2490 1721 2545; x_wconf 73' lang='grc' dir='ltr'>καὶ</span> <span class='ocrx_word' id='word_1_189' title='bbox 1781 2491 1809 2544; x_wconf 84' lang='lat'>6</span> 
     </span>
    </p>
   </div>
   <div class='ocr_carea' id='block_1_27' title="bbox 150 2579 1808 2661">
    <p class='ocr_par' dir='ltr' id='par_1_27' title="bbox 150 2579 1808 2661">
     <span class='ocr_line' id='line_1_27' title="bbox 150 2579 1808 2661; baseline -0.005 -21"><span class='ocrx_word' id='word_1_190' title='bbox 150 2587 359 2661; x_wconf 85' lang='grc' dir='ltr'>Ὠρίων</span> <span class='ocrx_word' id='word_1_191' title='bbox 387 2584 477 2638; x_wconf 82' lang='grc' dir='ltr'>καὶ</span> <span class='ocrx_word' id='word_1_192' title='bbox 508 2588 615 2644; x_wconf 78' lang='grc' dir='ltr'>πᾶς</span> <span class='ocrx_word' id='word_1_193' title='bbox 648 2584 674 2637; x_wconf 95' lang='lat'>6</span> <span class='ocrx_word' id='word_1_194' title='bbox 704 2582 912 2655; x_wconf 82' lang='grc' dir='ltr'>κόσμος</span> <span class='ocrx_word' id='word_1_195' title='bbox 967 2586 1063 2636; x_wconf 86' lang='grc' dir='ltr'>τοῦ</span> <span class='ocrx_word' id='word_1_196' title='bbox 1120 2582 1350 2652; x_wconf 74' lang='grc' dir='ltr'>οὐρανοῦ</span> <span class='ocrx_word' id='word_1_197' title='bbox 1396 2582 1456 2635; x_wconf 88' lang='grc' dir='ltr'>τὸ</span> <span class='ocrx_word' id='word_1_198' title='bbox 1489 2584 1603 2655; x_wconf 75' lang='grc' dir='ltr'>φῶς</span> <span class='ocrx_word' id='word_1_199' title='bbox 1633 2579 1808 2634; x_wconf 79' lang='grc' dir='ltr'>αὐτῶν</span> 
     </span>
    </p>
   </div>
   <div class='ocr_carea' id='block_1_28' title="bbox 148 2666 1810 2740">
    <p class='ocr_par' dir='ltr' id='par_1_28' title="bbox 148 2666 1810 2740">
     <span class='ocr_line' id='line_1_28' title="bbox 148 2666 1810 2740; baseline -0.005 -10"><span class='ocrx_word' id='word_1_200' title='bbox 148 2675 212 2730; x_wconf 79' lang='grc' dir='ltr'>οῦ</span> <span class='ocrx_word' id='word_1_201' title='bbox 247 2672 512 2740; x_wconf 82' lang='grc' dir='ltr'>δώσουσι,</span> <span class='ocrx_word' id='word_1_202' title='bbox 545 2672 631 2726; x_wconf 84' lang='grc' dir='ltr'>καὶ</span> <span class='ocrx_word' id='word_1_203' title='bbox 666 2673 1073 2740; x_wconf 74' lang='grc' dir='ltr'>σκοτισθήσεται</span> <span class='ocrx_word' id='word_1_204' title='bbox 1130 2673 1228 2724; x_wconf 91' lang='grc' dir='ltr'>τοῦ</span> <span class='ocrx_word' id='word_1_205' title='bbox 1280 2667 1447 2737; x_wconf 73' lang='grc' dir='ltr'>ἡλίου</span> <span class='ocrx_word' id='word_1_206' title='bbox 1488 2666 1810 2722; x_wconf 64' lang='grc' dir='ltr'>ἀνατέλλον-</span> 
     </span>
    </p>
   </div>
   <div class='ocr_carea' id='block_1_29' title="bbox 150 2753 1812 2834">
    <p class='ocr_par' dir='ltr' id='par_1_29' title="bbox 150 2753 1812 2834">
     <span class='ocr_line' id='line_1_29' title="bbox 150 2753 1812 2834; baseline -0.008 -14"><span class='ocrx_word' id='word_1_207' title='bbox 150 2785 271 2829; x_wconf 76' lang='grc' dir='ltr'>τος,</span> <span class='ocrx_word' id='word_1_208' title='bbox 303 2763 397 2817; x_wconf 79' lang='grc' dir='ltr'>καὶ</span> <span class='ocrx_word' id='word_1_209' title='bbox 431 2764 465 2830; x_wconf 79' lang='grc' dir='ltr'><strong>ἡ</strong></span> <span class='ocrx_word' id='word_1_210' title='bbox 500 2759 704 2831; x_wconf 89' lang='grc' dir='ltr'>σελήνη</span> <span class='ocrx_word' id='word_1_211' title='bbox 743 2759 803 2814; x_wconf 77' lang='grc' dir='ltr'>οὐ</span> <span class='ocrx_word' id='word_1_212' title='bbox 837 2756 997 2813; x_wconf 86' lang='grc' dir='ltr'>δώσει</span> <span class='ocrx_word' id='word_1_213' title='bbox 1030 2759 1090 2813; x_wconf 86' lang='grc' dir='ltr'>τὸ</span> <span class='ocrx_word' id='word_1_214' title='bbox 1122 2762 1236 2834; x_wconf 77' lang='grc' dir='ltr'>φῶς</span> <span class='ocrx_word' id='word_1_215' title='bbox 1270 2757 1460 2825; x_wconf 78' lang='grc' dir='ltr'>αὐτῆς·</span> <span class='ocrx_word' id='word_1_216' title='bbox 1493 2756 1583 2811; x_wconf 82' lang='grc' dir='ltr'>καὶ</span> <span class='ocrx_word' id='word_1_217' title='bbox 1616 2753 1812 2809; x_wconf 82' lang='grc' dir='ltr'>ἀπολῶ</span> 
     </span>
    </p>
   </div>
   <div class='ocr_carea' id='block_1_30' title="bbox 151 2842 1808 2926">
    <p class='ocr_par' dir='ltr' id='par_1_30' title="bbox 151 2842 1808 2926">
     <span class='ocr_line' id='line_1_30' title="bbox 151 2842 1808 2926; baseline -0.006 -18"><span class='ocrx_word' id='word_1_218' title='bbox 151 2849 312 2926; x_wconf 70' lang='grc' dir='ltr'>ὕϐριν</span> <span class='ocrx_word' id='word_1_219' title='bbox 380 2850 599 2923; x_wconf 70' lang='grc' dir='ltr'>ἀνόμων</span> <span class='ocrx_word' id='word_1_220' title='bbox 670 2850 758 2903; x_wconf 79' lang='grc' dir='ltr'>καὶ</span> <span class='ocrx_word' id='word_1_221' title='bbox 838 2842 991 2920; x_wconf 75' lang='grc' dir='ltr'>ὓϐριν</span> <span class='ocrx_word' id='word_1_222' title='bbox 1055 2847 1413 2923; x_wconf 75' lang='grc' dir='ltr'>ὑπερηφάνων</span> <span class='ocrx_word' id='word_1_223' title='bbox 1469 2845 1808 2899; x_wconf 83' lang='grc' dir='ltr'>ταπεινώσω.</span> 
     </span>
    </p>
   </div>
   <div class='ocr_carea' id='block_1_31' title="bbox 158 2932 1814 3012">
    <p class='ocr_par' dir='ltr' id='par_1_31' title="bbox 158 2932 1814 3012">
     <span class='ocr_line' id='line_1_31' title="bbox 158 2932 1814 3012; baseline -0.008 -14"><span class='ocrx_word' id='word_1_224' title='bbox 158 2944 262 2998; x_wconf 73' lang='grc' dir='ltr'>Καὶ</span> <span class='ocrx_word' id='word_1_225' title='bbox 316 2938 485 2995; x_wconf 77' lang='grc' dir='ltr'>πάλιν</span> <span class='ocrx_word' id='word_1_226' title='bbox 544 2937 720 3012; x_wconf 72' lang='grc' dir='ltr'>λέγει·</span> <span class='ocrx_word' id='word_1_227' title='bbox 803 2936 936 2993; x_wconf 77' lang='grc' dir='ltr'>Οὐαὶ</span> <span class='ocrx_word' id='word_1_228' title='bbox 1019 2939 1130 3007; x_wconf 82' lang='grc'>(17)</span> <span class='ocrx_word' id='word_1_229' title='bbox 1188 2936 1239 2989; x_wconf 82' lang='lat' dir='ltr'>o&#39;t</span> <span class='ocrx_word' id='word_1_230' title='bbox 1297 2934 1665 3007; x_wconf 80' lang='grc' dir='ltr'>ἐπισπώμενοι</span> <span class='ocrx_word' id='word_1_231' title='bbox 1718 2932 1814 2994; x_wconf 77' lang='grc' dir='ltr'>τὰς</span> 
     </span>
    </p>
   </div>
   <div class='ocr_carea' id='block_1_32' title="bbox 157 3022 1811 3106">
    <p class='ocr_par' dir='ltr' id='par_1_32' title="bbox 157 3022 1811 3106">
     <span class='ocr_line' id='line_1_32' title="bbox 157 3022 1811 3106; baseline -0.007 -21"><span class='ocrx_word' id='word_1_232' title='bbox 157 3029 429 3106; x_wconf 81' lang='grc' dir='ltr'>ἁμαρτίας</span> <span class='ocrx_word' id='word_1_233' title='bbox 487 3026 663 3081; x_wconf 79' lang='grc' dir='ltr'>αὐτῶν</span> <span class='ocrx_word' id='word_1_234' title='bbox 718 3028 793 3089; x_wconf 87' lang='grc' dir='ltr'>ὼς</span> <span class='ocrx_word' id='word_1_235' title='bbox 849 3026 1080 3099; x_wconf 85' lang='grc' dir='ltr'>σχοινίῳ</span> <span class='ocrx_word' id='word_1_236' title='bbox 1141 3027 1334 3099; x_wconf 86' lang='grc' dir='ltr'>μακρῷ</span> <span class='ocrx_word' id='word_1_237' title='bbox 1390 3022 1478 3077; x_wconf 80' lang='grc' dir='ltr'>καὶ</span> <span class='ocrx_word' id='word_1_238' title='bbox 1529 3023 1603 3085; x_wconf 82' lang='grc' dir='ltr'>ὡς</span> <span class='ocrx_word' id='word_1_239' title='bbox 1652 3024 1811 3097; x_wconf 85' lang='grc' dir='ltr'>ζυγοῦ</span> 
     </span>
    </p>
   </div>
   <div class='ocr_carea' id='block_1_33' title="bbox 154 3109 1811 3191">
    <p class='ocr_par' dir='ltr' id='par_1_33' title="bbox 154 3109 1811 3191">
     <span class='ocr_line' id='line_1_33' title="bbox 154 3109 1811 3191; baseline -0.007 -17"><span class='ocrx_word' id='word_1_240' title='bbox 154 3120 350 3191; x_wconf 74' lang='grc' dir='ltr'>ἱμάντι</span> <span class='ocrx_word' id='word_1_241' title='bbox 411 3115 705 3189; x_wconf 75' lang='grc' dir='ltr'>δαμάλεως</span> <span class='ocrx_word' id='word_1_242' title='bbox 760 3114 853 3175; x_wconf 83' lang='grc' dir='ltr'>τὰς</span> <span class='ocrx_word' id='word_1_243' title='bbox 912 3112 1161 3185; x_wconf 76' lang='grc' dir='ltr'>ἀνομίαςο</span> <span class='ocrx_word' id='word_1_244' title='bbox 1220 3111 1360 3169; x_wconf 79' lang='grc' dir='ltr'>Οὐαὶ</span> <span class='ocrx_word' id='word_1_245' title='bbox 1388 3113 1440 3166; x_wconf 77' lang='lat' dir='ltr'>oi</span> <span class='ocrx_word' id='word_1_246' title='bbox 1472 3109 1721 3187; x_wconf 73' lang='grc' dir='ltr'>λέγοντες</span> <span class='ocrx_word' id='word_1_247' title='bbox 1748 3110 1811 3164; x_wconf 85' lang='grc' dir='ltr'>τὸ</span> 
     </span>
    </p>
   </div>
   <div class='ocr_carea' id='block_1_34' title="bbox 153 3201 1811 3283">
    <p class='ocr_par' dir='ltr' id='par_1_34' title="bbox 153 3201 1811 3283">
     <span class='ocr_line' id='line_1_34' title="bbox 153 3201 1811 3283; baseline -0.005 -19"><span class='ocrx_word' id='word_1_248' title='bbox 153 3209 401 3283; x_wconf 82' lang='grc' dir='ltr'>πονηρὸν</span> <span class='ocrx_word' id='word_1_249' title='bbox 437 3205 603 3260; x_wconf 85' lang='grc' dir='ltr'>καλὸν</span> <span class='ocrx_word' id='word_1_250' title='bbox 648 3204 738 3258; x_wconf 75' lang='grc' dir='ltr'>καὶ</span> <span class='ocrx_word' id='word_1_251' title='bbox 790 3203 853 3258; x_wconf 83' lang='grc' dir='ltr'>τὸ</span> <span class='ocrx_word' id='word_1_252' title='bbox 910 3201 1076 3257; x_wconf 85' lang='grc' dir='ltr'>καλὸν</span> <span class='ocrx_word' id='word_1_253' title='bbox 1110 3202 1372 3275; x_wconf 85' lang='grc' dir='ltr'>πονηρὸν,</span> <span class='ocrx_word' id='word_1_254' title='bbox 1405 3202 1454 3256; x_wconf 75' lang='grc' dir='ltr'>οἱ</span> <span class='ocrx_word' id='word_1_255' title='bbox 1484 3202 1721 3264; x_wconf 67' lang='grc' dir='ltr'>τιθέντες</span> <span class='ocrx_word' id='word_1_256' title='bbox 1747 3201 1811 3255; x_wconf 83' lang='grc' dir='ltr'>τὸ</span> 
     </span>
    </p>
   </div>
   <div class='ocr_carea' id='block_1_35' title="bbox 1929 616 3572 693">
    <p class='ocr_par' dir='ltr' id='par_1_35' title="bbox 1929 616 3572 693">
     <span class='ocr_line' id='line_1_35' title="bbox 1929 616 3572 693; baseline 0.006 -22"><span class='ocrx_word' id='word_1_257' title='bbox 1929 621 2200 672; x_wconf 83' lang='lat' dir='ltr'>creatura</span> <span class='ocrx_word' id='word_1_258' title='bbox 2218 616 2533 673; x_wconf 88' lang='lat' dir='ltr'>invisibilis</span> <span class='ocrx_word' id='word_1_259' title='bbox 2557 618 2616 673; x_wconf 90' lang='lat' dir='ltr'>in</span> <span class='ocrx_word' id='word_1_260' title='bbox 2639 625 2960 690; x_wconf 90' lang='lat' dir='ltr'>conspectu</span> <span class='ocrx_word' id='word_1_261' title='bbox 2984 622 3134 693; x_wconf 79' lang='lat' dir='ltr'>ejus,</span> <span class='ocrx_word' id='word_1_262' title='bbox 3159 627 3361 679; x_wconf 83' lang='lat' dir='ltr'>omnia</span> <span class='ocrx_word' id='word_1_263' title='bbox 3374 632 3572 681; x_wconf 87' lang='lat' dir='ltr'>autem</span> 
     </span>
    </p>
   </div>
   <div class='ocr_carea' id='block_1_36' title="bbox 1930 706 3575 783">
    <p class='ocr_par' dir='ltr' id='par_1_36' title="bbox 1930 706 3575 783">
     <span class='ocr_line' id='line_1_36' title="bbox 1930 706 3575 783; baseline 0.005 -22"><span class='ocrx_word' id='word_1_264' title='bbox 1930 706 2090 762; x_wconf 90' lang='lat' dir='ltr'>nuda</span> <span class='ocrx_word' id='word_1_265' title='bbox 2112 713 2168 761; x_wconf 93' lang='lat' dir='ltr'>et</span> <span class='ocrx_word' id='word_1_266' title='bbox 2186 713 2388 778; x_wconf 83' lang='lat' dir='ltr'>aperta</span> <span class='ocrx_word' id='word_1_267' title='bbox 2406 713 2543 763; x_wconf 91' lang='lat' dir='ltr'>sunt</span> <span class='ocrx_word' id='word_1_268' title='bbox 2559 708 2621 763; x_wconf 93' lang='lat' dir='ltr'>in</span> <span class='ocrx_word' id='word_1_269' title='bbox 2638 709 2826 765; x_wconf 86' lang='lat' dir='ltr'>oculis</span> <span class='ocrx_word' id='word_1_270' title='bbox 2840 710 3074 781; x_wconf 87' lang='lat' dir='ltr'>ejus,ad</span> <span class='ocrx_word' id='word_1_271' title='bbox 3087 727 3265 783; x_wconf 85' lang='lat' dir='ltr'>quem</span> <span class='ocrx_word' id='word_1_272' title='bbox 3286 714 3460 770; x_wconf 88' lang='lat' dir='ltr'>nobis</span> <span class='ocrx_word' id='word_1_273' title='bbox 3485 721 3575 772; x_wconf 89' lang='lat' dir='ltr'>est</span> 
     </span>
    </p>
   </div>
   <div class='ocr_carea' id='block_1_37' title="bbox 1928 798 2471 867">
    <p class='ocr_par' dir='ltr' id='par_1_37' title="bbox 1928 798 2471 867">
     <span class='ocr_line' id='line_1_37' title="bbox 1928 798 2471 867; baseline 0.002 -17"><span class='ocrx_word' id='word_1_274' title='bbox 1928 812 2121 851; x_wconf 88' lang='lat' dir='ltr'>sermo</span> <span class='ocrx_word' id='word_1_275' title='bbox 2153 798 2339 867; x_wconf 81' lang='lat' dir='ltr'>(Hebr.</span> <span class='ocrx_word' id='word_1_276' title='bbox 2373 802 2471 862; x_wconf 77' lang='grc' dir='ltr'>ιν),</span> 
     </span>
    </p>
   </div>
   <div class='ocr_carea' id='block_1_38' title="bbox 2000 886 3567 964">
    <p class='ocr_par' dir='ltr' id='par_1_38' title="bbox 2000 886 3567 964">
     <span class='ocr_line' id='line_1_38' title="bbox 2000 886 3567 964; baseline 0.006 -24"><span class='ocrx_word' id='word_1_277' title='bbox 2000 886 2134 940; x_wconf 58' lang='lat' dir='ltr'>Hac</span> <span class='ocrx_word' id='word_1_278' title='bbox 2156 886 2335 941; x_wconf 85' lang='lat' dir='ltr'>etiam</span> <span class='ocrx_word' id='word_1_279' title='bbox 2358 886 2662 958; x_wconf 65' lang='lat' dir='ltr'>prophetas</span> <span class='ocrx_word' id='word_1_280' title='bbox 2680 887 2873 961; x_wconf 91' lang='lat' dir='ltr'>longis</span> <span class='ocrx_word' id='word_1_281' title='bbox 2902 888 2973 944; x_wconf 88' lang='lat' dir='ltr'>ab</span> <span class='ocrx_word' id='word_1_282' title='bbox 3006 890 3145 946; x_wconf 88' lang='lat' dir='ltr'>hinc</span> <span class='ocrx_word' id='word_1_283' title='bbox 3176 893 3567 964; x_wconf 84' lang='lat' dir='ltr'>temporibus,</span> 
     </span>
    </p>
   </div>
   <div class='ocr_carea' id='block_1_39' title="bbox 1928 974 3568 1051">
    <p class='ocr_par' dir='ltr' id='par_1_39' title="bbox 1928 974 3568 1051">
     <span class='ocr_line' id='line_1_39' title="bbox 1928 974 3568 1051; baseline 0.006 -22"><span class='ocrx_word' id='word_1_284' title='bbox 1928 974 2178 1045; x_wconf 79' lang='lat' dir='ltr'>Spiritus</span> <span class='ocrx_word' id='word_1_285' title='bbox 2202 976 2388 1030; x_wconf 84' lang='lat' dir='ltr'>sancti</span> <span class='ocrx_word' id='word_1_286' title='bbox 2413 976 2599 1048; x_wconf 89' lang='lat' dir='ltr'>gratia</span> <span class='ocrx_word' id='word_1_287' title='bbox 2622 977 2922 1046; x_wconf 87' lang='lat' dir='ltr'>illustrati,</span> <span class='ocrx_word' id='word_1_288' title='bbox 2938 981 3311 1051; x_wconf 75' lang='lat' dir='ltr'>apertissime</span> <span class='ocrx_word' id='word_1_289' title='bbox 3332 984 3568 1038; x_wconf 86' lang='lat' dir='ltr'>nuntia-</span> 
     </span>
    </p>
   </div>
   <div class='ocr_carea' id='block_1_40' title="bbox 1925 1065 3573 1139">
    <p class='ocr_par' dir='ltr' id='par_1_40' title="bbox 1925 1065 3573 1139">
     <span class='ocr_line' id='line_1_40' title="bbox 1925 1065 3573 1139; baseline 0.006 -22"><span class='ocrx_word' id='word_1_290' title='bbox 1925 1069 2152 1118; x_wconf 89' lang='lat' dir='ltr'>verunt.</span> <span class='ocrx_word' id='word_1_291' title='bbox 2178 1065 2275 1118; x_wconf 87' lang='lat' dir='ltr'>Ait</span> <span class='ocrx_word' id='word_1_292' title='bbox 2298 1065 2457 1120; x_wconf 89' lang='lat' dir='ltr'>enim</span> <span class='ocrx_word' id='word_1_293' title='bbox 2482 1066 2661 1120; x_wconf 89' lang='lat' dir='ltr'>Isaias</span> <span class='ocrx_word' id='word_1_294' title='bbox 2684 1084 2695 1121; x_wconf 90' lang='lat'>:</span> <span class='ocrx_word' id='word_1_295' title='bbox 2722 1069 2835 1138; x_wconf 87' lang='lat' dir='ltr'>Ego</span> <span class='ocrx_word' id='word_1_296' title='bbox 2862 1085 3041 1139; x_wconf 84' lang='lat' dir='ltr'>opera</span> <span class='ocrx_word' id='word_1_297' title='bbox 3062 1068 3303 1126; x_wconf 90' lang='lat' dir='ltr'>illorum</span> <span class='ocrx_word' id='word_1_298' title='bbox 3330 1073 3486 1136; x_wconf 79' lang='lat' dir='ltr'>novi,</span> <span class='ocrx_word' id='word_1_299' title='bbox 3515 1078 3573 1127; x_wconf 90' lang='lat' dir='ltr'>et</span> 
     </span>
    </p>
   </div>
   <div class='ocr_carea' id='block_1_41' title="bbox 1924 1152 3572 1233">
    <p class='ocr_par' dir='ltr' id='par_1_41' title="bbox 1924 1152 3572 1233">
     <span class='ocr_line' id='line_1_41' title="bbox 1924 1152 3572 1233; baseline 0.005 -26"><span class='ocrx_word' id='word_1_300' title='bbox 1924 1152 2167 1209; x_wconf 88' lang='lat' dir='ltr'>reddam</span> <span class='ocrx_word' id='word_1_301' title='bbox 2194 1154 2294 1209; x_wconf 88' lang='lat' dir='ltr'>eis.</span> <span class='ocrx_word' id='word_1_302' title='bbox 2325 1156 2471 1209; x_wconf 92' lang='lat' dir='ltr'>Ecce</span> <span class='ocrx_word' id='word_1_303' title='bbox 2492 1156 2662 1211; x_wconf 89' lang='lat' dir='ltr'>venio</span> <span class='ocrx_word' id='word_1_304' title='bbox 2679 1162 2744 1211; x_wconf 89' lang='lat' dir='ltr'>ut</span> <span class='ocrx_word' id='word_1_305' title='bbox 2765 1174 3118 1231; x_wconf 84' lang='lat' dir='ltr'>congregem</span> <span class='ocrx_word' id='word_1_306' title='bbox 3146 1176 3355 1215; x_wconf 90' lang='lat' dir='ltr'>omnes</span> <span class='ocrx_word' id='word_1_307' title='bbox 3368 1166 3572 1233; x_wconf 86' lang='lat' dir='ltr'>gentes</span> 
     </span>
    </p>
   </div>
   <div class='ocr_carea' id='block_1_42' title="bbox 1926 1242 3573 1320">
    <p class='ocr_par' dir='ltr' id='par_1_42' title="bbox 1926 1242 3573 1320">
     <span class='ocr_line' id='line_1_42' title="bbox 1926 1242 3573 1320; baseline 0.005 -24"><span class='ocrx_word' id='word_1_308' title='bbox 1926 1248 1983 1297; x_wconf 92' lang='lat' dir='ltr'>et</span> <span class='ocrx_word' id='word_1_309' title='bbox 2003 1242 2238 1315; x_wconf 82' lang='lat' dir='ltr'>linguas</span> <span class='ocrx_word' id='word_1_310' title='bbox 2257 1249 2338 1309; x_wconf 85' lang='lat' dir='ltr'>;et</span> <span class='ocrx_word' id='word_1_311' title='bbox 2357 1245 2680 1313; x_wconf 84' lang='lat' dir='ltr'>venient,et</span> <span class='ocrx_word' id='word_1_312' title='bbox 2699 1245 2980 1301; x_wconf 89' lang='lat' dir='ltr'>videbunt</span> <span class='ocrx_word' id='word_1_313' title='bbox 2994 1248 3243 1320; x_wconf 84' lang='lat' dir='ltr'>gloriam</span> <span class='ocrx_word' id='word_1_314' title='bbox 3266 1264 3489 1317; x_wconf 88' lang='lat' dir='ltr'>meam;</span> <span class='ocrx_word' id='word_1_315' title='bbox 3516 1255 3573 1304; x_wconf 92' lang='lat' dir='ltr'>et</span> 
     </span>
    </p>
   </div>
   <div class='ocr_carea' id='block_1_43' title="bbox 1925 1332 3569 1411">
    <p class='ocr_par' dir='ltr' id='par_1_43' title="bbox 1925 1332 3569 1411">
     <span class='ocr_line' id='line_1_43' title="bbox 1925 1332 3569 1411; baseline 0.004 -24"><span class='ocrx_word' id='word_1_316' title='bbox 1925 1332 2038 1387; x_wconf 88' lang='lat' dir='ltr'>erit</span> <span class='ocrx_word' id='word_1_317' title='bbox 2067 1333 2282 1388; x_wconf 76' lang='lat' dir='ltr'>ccelum</span> <span class='ocrx_word' id='word_1_318' title='bbox 2313 1350 2549 1401; x_wconf 86' lang='lat' dir='ltr'>novum,</span> <span class='ocrx_word' id='word_1_319' title='bbox 2584 1340 2642 1389; x_wconf 90' lang='lat' dir='ltr'>et</span> <span class='ocrx_word' id='word_1_320' title='bbox 2673 1339 2827 1390; x_wconf 90' lang='lat' dir='ltr'>terra</span> <span class='ocrx_word' id='word_1_321' title='bbox 2854 1353 3019 1405; x_wconf 90' lang='lat' dir='ltr'>nova,</span> <span class='ocrx_word' id='word_1_322' title='bbox 3056 1354 3185 1408; x_wconf 65' lang='lat' dir='ltr'>qua:</span> <span class='ocrx_word' id='word_1_323' title='bbox 3220 1355 3322 1411; x_wconf 85' lang='lat' dir='ltr'>ego</span> <span class='ocrx_word' id='word_1_324' title='bbox 3356 1338 3569 1394; x_wconf 86' lang='lat' dir='ltr'>faciam</span> 
     </span>
    </p>
   </div>
   <div class='ocr_carea' id='block_1_44' title="bbox 1924 1424 3573 1497">
    <p class='ocr_par' dir='ltr' id='par_1_44' title="bbox 1924 1424 3573 1497">
     <span class='ocr_line' id='line_1_44' title="bbox 1924 1424 3573 1497; baseline 0.005 -22"><span class='ocrx_word' id='word_1_325' title='bbox 1924 1437 2167 1477; x_wconf 88' lang='lat' dir='ltr'>manere</span> <span class='ocrx_word' id='word_1_326' title='bbox 2190 1439 2389 1477; x_wconf 89' lang='lat' dir='ltr'>coram</span> <span class='ocrx_word' id='word_1_327' title='bbox 2413 1439 2526 1477; x_wconf 92' lang='lat' dir='ltr'>me.</span> <span class='ocrx_word' id='word_1_328' title='bbox 2548 1424 2617 1477; x_wconf 86' lang='lat' dir='ltr'>Et</span> <span class='ocrx_word' id='word_1_329' title='bbox 2634 1425 2832 1480; x_wconf 88' lang='lat' dir='ltr'>veniet</span> <span class='ocrx_word' id='word_1_330' title='bbox 2848 1428 3042 1480; x_wconf 89' lang='lat' dir='ltr'>omnis</span> <span class='ocrx_word' id='word_1_331' title='bbox 3061 1433 3283 1497; x_wconf 88' lang='lat' dir='ltr'>caro,et</span> <span class='ocrx_word' id='word_1_332' title='bbox 3303 1428 3573 1483; x_wconf 77' lang='lat' dir='ltr'>adorabit</span> 
     </span>
    </p>
   </div>
   <div class='ocr_carea' id='block_1_45' title="bbox 1924 1512 3570 1584">
    <p class='ocr_par' dir='ltr' id='par_1_45' title="bbox 1924 1512 3570 1584">
     <span class='ocr_line' id='line_1_45' title="bbox 1924 1512 3570 1584; baseline 0.004 -19"><span class='ocrx_word' id='word_1_333' title='bbox 1924 1528 2019 1565; x_wconf 89' lang='lat' dir='ltr'>me</span> <span class='ocrx_word' id='word_1_334' title='bbox 2047 1512 2108 1566; x_wconf 90' lang='lat' dir='ltr'>in</span> <span class='ocrx_word' id='word_1_335' title='bbox 2131 1519 2449 1583; x_wconf 90' lang='lat' dir='ltr'>conspectu</span> <span class='ocrx_word' id='word_1_336' title='bbox 2468 1529 2625 1580; x_wconf 87' lang='lat' dir='ltr'>meo,</span> <span class='ocrx_word' id='word_1_337' title='bbox 2650 1514 2793 1569; x_wconf 86' lang='lat' dir='ltr'>dicit</span> <span class='ocrx_word' id='word_1_338' title='bbox 2815 1515 3130 1584; x_wconf 87' lang='lat' dir='ltr'>Dominus;</span> <span class='ocrx_word' id='word_1_339' title='bbox 3158 1522 3215 1571; x_wconf 90' lang='lat' dir='ltr'>et</span> <span class='ocrx_word' id='word_1_340' title='bbox 3231 1518 3495 1584; x_wconf 88' lang='lat' dir='ltr'>exibunt,</span> <span class='ocrx_word' id='word_1_341' title='bbox 3513 1523 3570 1572; x_wconf 91' lang='lat' dir='ltr'>et</span> 
     </span>
    </p>
   </div>
   <div class='ocr_carea' id='block_1_46' title="bbox 1922 1600 3567 1675">
    <p class='ocr_par' dir='ltr' id='par_1_46' title="bbox 1922 1600 3567 1675">
     <span class='ocr_line' id='line_1_46' title="bbox 1922 1600 3567 1675; baseline 0.003 -20"><span class='ocrx_word' id='word_1_342' title='bbox 1922 1600 2207 1656; x_wconf 81' lang='lat' dir='ltr'>videbunt</span> <span class='ocrx_word' id='word_1_343' title='bbox 2224 1601 2506 1657; x_wconf 86' lang='lat' dir='ltr'>cadavera</span> <span class='ocrx_word' id='word_1_344' title='bbox 2522 1602 2960 1675; x_wconf 80' lang='lat' dir='ltr'>hominum,qui</span> <span class='ocrx_word' id='word_1_345' title='bbox 2980 1605 3343 1675; x_wconf 63' lang='lat' dir='ltr'>praevaricati</span> <span class='ocrx_word' id='word_1_346' title='bbox 3356 1607 3567 1661; x_wconf 90' lang='lat' dir='ltr'>suntin</span> 
     </span>
    </p>
   </div>
   <div class='ocr_carea' id='block_1_47' title="bbox 1926 1691 3567 1766">
    <p class='ocr_par' dir='ltr' id='par_1_47' title="bbox 1926 1691 3567 1766">
     <span class='ocr_line' id='line_1_47' title="bbox 1926 1691 3567 1766; baseline 0.004 -22"><span class='ocrx_word' id='word_1_347' title='bbox 1926 1691 2191 1745; x_wconf 87' lang='lat' dir='ltr'>me.Nam</span> <span class='ocrx_word' id='word_1_348' title='bbox 2207 1691 2421 1745; x_wconf 84' lang='lat' dir='ltr'>vermis</span> <span class='ocrx_word' id='word_1_349' title='bbox 2436 1707 2642 1746; x_wconf 88' lang='lat' dir='ltr'>eorum</span> <span class='ocrx_word' id='word_1_350' title='bbox 2665 1708 2784 1747; x_wconf 90' lang='lat' dir='ltr'>non</span> <span class='ocrx_word' id='word_1_351' title='bbox 2808 1693 3181 1763; x_wconf 87' lang='lat' dir='ltr'>morietur,et</span> <span class='ocrx_word' id='word_1_352' title='bbox 3193 1694 3347 1766; x_wconf 86' lang='lat' dir='ltr'>ignis</span> <span class='ocrx_word' id='word_1_353' title='bbox 3362 1711 3567 1750; x_wconf 89' lang='lat' dir='ltr'>eorum</span> 
     </span>
    </p>
   </div>
   <div class='ocr_carea' id='block_1_48' title="bbox 1925 1779 3568 1852">
    <p class='ocr_par' dir='ltr' id='par_1_48' title="bbox 1925 1779 3568 1852">
     <span class='ocr_line' id='line_1_48' title="bbox 1925 1779 3568 1852; baseline 0.004 -20"><span class='ocrx_word' id='word_1_354' title='bbox 1925 1795 2044 1833; x_wconf 89' lang='lat' dir='ltr'>non</span> <span class='ocrx_word' id='word_1_355' title='bbox 2059 1779 2744 1852; x_wconf 85' lang='lat' dir='ltr'>exstinguetur.Eterunt</span> <span class='ocrx_word' id='word_1_356' title='bbox 2758 1796 2944 1851; x_wconf 87' lang='lat' dir='ltr'>usque</span> <span class='ocrx_word' id='word_1_357' title='bbox 2958 1780 3029 1836; x_wconf 87' lang='lat' dir='ltr'>ad</span> <span class='ocrx_word' id='word_1_358' title='bbox 3047 1782 3379 1838; x_wconf 87' lang='lat' dir='ltr'>satietatem</span> <span class='ocrx_word' id='word_1_359' title='bbox 3390 1784 3568 1838; x_wconf 84' lang='lat' dir='ltr'>visio-</span> 
     </span>
    </p>
   </div>
   <div class='ocr_carea' id='block_1_49' title="bbox 1924 1867 3561 1939">
    <p class='ocr_par' dir='ltr' id='par_1_49' title="bbox 1924 1867 3561 1939">
     <span class='ocr_line' id='line_1_49' title="bbox 1924 1867 3561 1939; baseline 0.002 -19"><span class='ocrx_word' id='word_1_360' title='bbox 1924 1867 2017 1922; x_wconf 92' lang='lat' dir='ltr'>nis</span> <span class='ocrx_word' id='word_1_361' title='bbox 2035 1867 2195 1922; x_wconf 90' lang='lat' dir='ltr'>omni</span> <span class='ocrx_word' id='word_1_362' title='bbox 2217 1868 2377 1921; x_wconf 89' lang='lat' dir='ltr'>carni</span> <span class='ocrx_word' id='word_1_363' title='bbox 2399 1869 2527 1935; x_wconf 78' lang='lat' dir='ltr'>(Isa.</span> <span class='ocrx_word' id='word_1_364' title='bbox 2552 1868 2718 1939; x_wconf 78' lang='lat' dir='ltr'>va1).</span> <span class='ocrx_word' id='word_1_365' title='bbox 2744 1870 2825 1923; x_wconf 84' lang='lat' dir='ltr'>Ac</span> <span class='ocrx_word' id='word_1_366' title='bbox 2857 1886 3095 1924; x_wconf 87' lang='lat' dir='ltr'>rursum</span> <span class='ocrx_word' id='word_1_367' title='bbox 3126 1870 3197 1925; x_wconf 90' lang='lat' dir='ltr'>de</span> <span class='ocrx_word' id='word_1_368' title='bbox 3225 1869 3317 1926; x_wconf 91' lang='lat' dir='ltr'>die</span> <span class='ocrx_word' id='word_1_369' title='bbox 3336 1870 3439 1926; x_wconf 91' lang='lat' dir='ltr'>illo</span> <span class='ocrx_word' id='word_1_370' title='bbox 3453 1872 3561 1927; x_wconf 90' lang='lat' dir='ltr'>ait:</span> 
     </span>
    </p>
   </div>
   <div class='ocr_carea' id='block_1_50' title="bbox 1918 1955 3565 2025">
    <p class='ocr_par' dir='ltr' id='par_1_50' title="bbox 1918 1955 3565 2025">
     <span class='ocr_line' id='line_1_50' title="bbox 1918 1955 3565 2025; baseline 0.004 -14"><span class='ocrx_word' id='word_1_371' title='bbox 1918 1958 1989 2011; x_wconf 87' lang='lat' dir='ltr'>Et</span> <span class='ocrx_word' id='word_1_372' title='bbox 2003 1956 2332 2010; x_wconf 89' lang='lat' dir='ltr'>involvetur</span> <span class='ocrx_word' id='word_1_373' title='bbox 2353 1956 2564 2011; x_wconf 78' lang='lat' dir='ltr'>ccelum</span> <span class='ocrx_word' id='word_1_374' title='bbox 2580 1956 2733 2011; x_wconf 85' lang='lat' dir='ltr'>sicut</span> <span class='ocrx_word' id='word_1_375' title='bbox 2753 1955 3138 2025; x_wconf 88' lang='lat' dir='ltr'>liber,omnes</span> <span class='ocrx_word' id='word_1_376' title='bbox 3152 1959 3339 2014; x_wconf 65' lang='lat' dir='ltr'>stellas</span> <span class='ocrx_word' id='word_1_377' title='bbox 3352 1959 3565 2017; x_wconf 82' lang='lat' dir='ltr'>cadent</span> 
     </span>
    </p>
   </div>
   <div class='ocr_carea' id='block_1_51' title="bbox 1920 2044 3565 2106">
    <p class='ocr_par' dir='ltr' id='par_1_51' title="bbox 1920 2044 3565 2106">
     <span class='ocr_line' id='line_1_51' title="bbox 1920 2044 3565 2106; baseline 0.002 -7"><span class='ocrx_word' id='word_1_378' title='bbox 1920 2046 2073 2101; x_wconf 90' lang='lat' dir='ltr'>sicut</span> <span class='ocrx_word' id='word_1_379' title='bbox 2093 2046 2298 2101; x_wconf 87' lang='lat' dir='ltr'>folium</span> <span class='ocrx_word' id='word_1_380' title='bbox 2322 2044 2392 2100; x_wconf 90' lang='lat' dir='ltr'>de</span> <span class='ocrx_word' id='word_1_381' title='bbox 2423 2045 2609 2100; x_wconf 85' lang='lat' dir='ltr'>vinea.</span> <span class='ocrx_word' id='word_1_382' title='bbox 2643 2046 2789 2101; x_wconf 90' lang='lat' dir='ltr'>Ecce</span> <span class='ocrx_word' id='word_1_383' title='bbox 2818 2047 2977 2102; x_wconf 88' lang='lat' dir='ltr'>enim</span> <span class='ocrx_word' id='word_1_384' title='bbox 2999 2048 3127 2103; x_wconf 90' lang='lat' dir='ltr'>dies</span> <span class='ocrx_word' id='word_1_385' title='bbox 3149 2049 3381 2103; x_wconf 92' lang='lat' dir='ltr'>Domini</span> <span class='ocrx_word' id='word_1_386' title='bbox 3405 2050 3565 2106; x_wconf 87' lang='lat' dir='ltr'>venit</span> 
     </span>
    </p>
   </div>
   <div class='ocr_carea' id='block_1_52' title="bbox 1920 2135 3561 2206">
    <p class='ocr_par' dir='ltr' id='par_1_52' title="bbox 1920 2135 3561 2206">
     <span class='ocr_line' id='line_1_52' title="bbox 1920 2135 3561 2206; baseline 0.002 -18"><span class='ocrx_word' id='word_1_387' title='bbox 1920 2135 2131 2204; x_wconf 81' lang='lat' dir='ltr'>plenus</span> <span class='ocrx_word' id='word_1_388' title='bbox 2153 2136 2347 2190; x_wconf 89' lang='lat' dir='ltr'>furore</span> <span class='ocrx_word' id='word_1_389' title='bbox 2370 2140 2428 2189; x_wconf 92' lang='lat' dir='ltr'>et</span> <span class='ocrx_word' id='word_1_390' title='bbox 2448 2136 2555 2197; x_wconf 84' lang='lat' dir='ltr'>ira,</span> <span class='ocrx_word' id='word_1_391' title='bbox 2579 2135 2652 2189; x_wconf 87' lang='lat' dir='ltr'>ad</span> <span class='ocrx_word' id='word_1_392' title='bbox 2670 2136 3006 2206; x_wconf 86' lang='lat' dir='ltr'>ponendam</span> <span class='ocrx_word' id='word_1_393' title='bbox 3033 2143 3250 2192; x_wconf 89' lang='lat' dir='ltr'>terram</span> <span class='ocrx_word' id='word_1_394' title='bbox 3274 2138 3335 2193; x_wconf 93' lang='lat' dir='ltr'>in</span> <span class='ocrx_word' id='word_1_395' title='bbox 3358 2138 3561 2193; x_wconf 87' lang='lat' dir='ltr'>solitu-</span> 
     </span>
    </p>
   </div>
   <div class='ocr_carea' id='block_1_53' title="bbox 1920 2224 3554 2295">
    <p class='ocr_par' dir='ltr' id='par_1_53' title="bbox 1920 2224 3554 2295">
     <span class='ocr_line' id='line_1_53' title="bbox 1920 2224 3554 2295; baseline 0.002 -17"><span class='ocrx_word' id='word_1_396' title='bbox 1920 2224 2143 2292; x_wconf 90' lang='lat' dir='ltr'>dinem,</span> <span class='ocrx_word' id='word_1_397' title='bbox 2184 2230 2241 2278; x_wconf 90' lang='lat' dir='ltr'>et</span> <span class='ocrx_word' id='word_1_398' title='bbox 2264 2229 2601 2295; x_wconf 90' lang='lat' dir='ltr'>peccatores</span> <span class='ocrx_word' id='word_1_399' title='bbox 2627 2225 2755 2295; x_wconf 82' lang='lat' dir='ltr'>ejus</span> <span class='ocrx_word' id='word_1_400' title='bbox 2773 2226 3167 2281; x_wconf 89' lang='lat' dir='ltr'>conterendos</span> <span class='ocrx_word' id='word_1_401' title='bbox 3190 2244 3259 2281; x_wconf 85' lang='lat' dir='ltr'>ex</span> <span class='ocrx_word' id='word_1_402' title='bbox 3284 2243 3369 2282; x_wconf 89' lang='lat' dir='ltr'>ea.</span> <span class='ocrx_word' id='word_1_403' title='bbox 3404 2229 3554 2292; x_wconf 89' lang='lat' dir='ltr'>Quo-</span> 
     </span>
    </p>
   </div>
   <div class='ocr_carea' id='block_1_54' title="bbox 1920 2313 3559 2387">
    <p class='ocr_par' dir='ltr' id='par_1_54' title="bbox 1920 2313 3559 2387">
     <span class='ocr_line' id='line_1_54' title="bbox 1920 2313 3559 2387; baseline 0.001 -19"><span class='ocrx_word' id='word_1_404' title='bbox 1920 2314 2081 2369; x_wconf 90' lang='lat' dir='ltr'>niam</span> <span class='ocrx_word' id='word_1_405' title='bbox 2112 2313 2300 2368; x_wconf 73' lang='lat' dir='ltr'>stellaa</span> <span class='ocrx_word' id='word_1_406' title='bbox 2326 2313 2455 2369; x_wconf 76' lang='lat' dir='ltr'>cmli</span> <span class='ocrx_word' id='word_1_407' title='bbox 2475 2319 2532 2367; x_wconf 90' lang='lat' dir='ltr'>et</span> <span class='ocrx_word' id='word_1_408' title='bbox 2554 2314 2836 2384; x_wconf 89' lang='lat' dir='ltr'>splendor</span> <span class='ocrx_word' id='word_1_409' title='bbox 2854 2331 3056 2370; x_wconf 89' lang='lat' dir='ltr'>earum</span> <span class='ocrx_word' id='word_1_410' title='bbox 3080 2332 3201 2370; x_wconf 89' lang='lat' dir='ltr'>non</span> <span class='ocrx_word' id='word_1_411' title='bbox 3224 2315 3559 2387; x_wconf 87' lang='lat' dir='ltr'>expandent</span> 
     </span>
    </p>
   </div>
   <div class='ocr_carea' id='block_1_55' title="bbox 1920 2402 3557 2471">
    <p class='ocr_par' dir='ltr' id='par_1_55' title="bbox 1920 2402 3557 2471">
     <span class='ocr_line' id='line_1_55' title="bbox 1920 2402 3557 2471; baseline 0.003 -14"><span class='ocrx_word' id='word_1_412' title='bbox 1920 2403 2123 2459; x_wconf 90' lang='lat' dir='ltr'>lumen</span> <span class='ocrx_word' id='word_1_413' title='bbox 2138 2402 2903 2458; x_wconf 88' lang='lat' dir='ltr'>suum.Etobtenebrabitur</span> <span class='ocrx_word' id='word_1_414' title='bbox 2920 2404 3006 2459; x_wconf 94' lang='lat' dir='ltr'>sol</span> <span class='ocrx_word' id='word_1_415' title='bbox 3020 2404 3079 2459; x_wconf 88' lang='lat' dir='ltr'>in</span> <span class='ocrx_word' id='word_1_416' title='bbox 3095 2410 3226 2459; x_wconf 90' lang='lat' dir='ltr'>ortu</span> <span class='ocrx_word' id='word_1_417' title='bbox 3241 2422 3368 2471; x_wconf 89' lang='lat' dir='ltr'>suo,</span> <span class='ocrx_word' id='word_1_418' title='bbox 3392 2406 3557 2462; x_wconf 85' lang='lat' dir='ltr'>etlu-</span> 
     </span>
    </p>
   </div>
   <div class='ocr_carea' id='block_1_56' title="bbox 1922 2492 3555 2565">
    <p class='ocr_par' dir='ltr' id='par_1_56' title="bbox 1922 2492 3555 2565">
     <span class='ocr_line' id='line_1_56' title="bbox 1922 2492 3555 2565; baseline 0.002 -18"><span class='ocrx_word' id='word_1_419' title='bbox 1922 2510 1997 2547; x_wconf 89' lang='lat' dir='ltr'>na</span> <span class='ocrx_word' id='word_1_420' title='bbox 2011 2509 2130 2547; x_wconf 92' lang='lat' dir='ltr'>non</span> <span class='ocrx_word' id='word_1_421' title='bbox 2145 2492 2481 2563; x_wconf 84' lang='lat' dir='ltr'>splendebit</span> <span class='ocrx_word' id='word_1_422' title='bbox 2495 2493 2553 2546; x_wconf 89' lang='lat' dir='ltr'>in</span> <span class='ocrx_word' id='word_1_423' title='bbox 2568 2492 2791 2547; x_wconf 88' lang='lat' dir='ltr'>lumine</span> <span class='ocrx_word' id='word_1_424' title='bbox 2805 2495 3322 2565; x_wconf 88' lang='lat' dir='ltr'>sno.thuiescere</span> <span class='ocrx_word' id='word_1_425' title='bbox 3345 2495 3555 2551; x_wconf 87' lang='lat' dir='ltr'>faciam</span> 
     </span>
    </p>
   </div>
   <div class='ocr_carea' id='block_1_57' title="bbox 1922 2582 3560 2655">
    <p class='ocr_par' dir='ltr' id='par_1_57' title="bbox 1922 2582 3560 2655">
     <span class='ocr_line' id='line_1_57' title="bbox 1922 2582 3560 2655; baseline 0.001 -17"><span class='ocrx_word' id='word_1_426' title='bbox 1922 2582 2257 2654; x_wconf 88' lang='lat' dir='ltr'>superbiam</span> <span class='ocrx_word' id='word_1_427' title='bbox 2275 2582 2693 2645; x_wconf 84' lang='lat' dir='ltr'>inﬁdelium,et</span> <span class='ocrx_word' id='word_1_428' title='bbox 2705 2584 3100 2655; x_wconf 84' lang='lat' dir='ltr'>arrogantiam</span> <span class='ocrx_word' id='word_1_429' title='bbox 3116 2586 3355 2640; x_wconf 83' lang='lat' dir='ltr'>fortium</span> <span class='ocrx_word' id='word_1_430' title='bbox 3369 2587 3560 2642; x_wconf 90' lang='lat' dir='ltr'>humi-</span> 
     </span>
    </p>
   </div>
   <div class='ocr_carea' id='block_1_58' title="bbox 1920 2671 3559 2744">
    <p class='ocr_par' dir='ltr' id='par_1_58' title="bbox 1920 2671 3559 2744">
     <span class='ocr_line' id='line_1_58' title="bbox 1920 2671 3559 2744; baseline 0.002 -19"><span class='ocrx_word' id='word_1_431' title='bbox 1920 2672 2193 2740; x_wconf 81' lang='lat' dir='ltr'>liabo(Isa</span> <span class='ocrx_word' id='word_1_432' title='bbox 2217 2671 2359 2741; x_wconf 81' lang='lat' dir='ltr'>xui).</span> <span class='ocrx_word' id='word_1_433' title='bbox 2383 2674 2462 2724; x_wconf 87' lang='lat' dir='ltr'>Ac</span> <span class='ocrx_word' id='word_1_434' title='bbox 2476 2689 2680 2725; x_wconf 88' lang='lat' dir='ltr'>rursus</span> <span class='ocrx_word' id='word_1_435' title='bbox 2693 2673 2792 2725; x_wconf 88' lang='lat' dir='ltr'>ait:</span> <span class='ocrx_word' id='word_1_436' title='bbox 2813 2673 2903 2725; x_wconf 72' lang='lat' dir='ltr'>Vae</span> <span class='ocrx_word' id='word_1_437' title='bbox 2918 2673 3016 2740; x_wconf 92' lang='lat' dir='ltr'>qui</span> <span class='ocrx_word' id='word_1_438' title='bbox 3033 2674 3262 2727; x_wconf 88' lang='lat' dir='ltr'>trahitis</span> <span class='ocrx_word' id='word_1_439' title='bbox 3276 2674 3559 2744; x_wconf 85' lang='lat' dir='ltr'>iniquita-</span> 
     </span>
    </p>
   </div>
   <div class='ocr_carea' id='block_1_59' title="bbox 1920 2760 3562 2833">
    <p class='ocr_par' dir='ltr' id='par_1_59' title="bbox 1920 2760 3562 2833">
     <span class='ocr_line' id='line_1_59' title="bbox 1920 2760 3562 2833; baseline 0.001 -19"><span class='ocrx_word' id='word_1_440' title='bbox 1920 2766 2039 2814; x_wconf 87' lang='lat' dir='ltr'>tem</span> <span class='ocrx_word' id='word_1_441' title='bbox 2054 2760 2113 2813; x_wconf 89' lang='lat' dir='ltr'>in</span> <span class='ocrx_word' id='word_1_442' title='bbox 2128 2760 2409 2813; x_wconf 83' lang='lat' dir='ltr'>funiculis</span> <span class='ocrx_word' id='word_1_443' title='bbox 2420 2760 2960 2829; x_wconf 86' lang='lat' dir='ltr'>vanitatis,etquasi</span> <span class='ocrx_word' id='word_1_444' title='bbox 2975 2761 3276 2817; x_wconf 88' lang='lat' dir='ltr'>vinculum</span> <span class='ocrx_word' id='word_1_445' title='bbox 3289 2762 3562 2833; x_wconf 88' lang='lat' dir='ltr'>plaustri,</span> 
     </span>
    </p>
   </div>
   <div class='ocr_carea' id='block_1_60' title="bbox 1921 2847 3562 2921">
    <p class='ocr_par' dir='ltr' id='par_1_60' title="bbox 1921 2847 3562 2921">
     <span class='ocr_line' id='line_1_60' title="bbox 1921 2847 3562 2921; baseline 0.002 -19"><span class='ocrx_word' id='word_1_446' title='bbox 1921 2854 2249 2919; x_wconf 81' lang='lat' dir='ltr'>peccatum.</span> <span class='ocrx_word' id='word_1_447' title='bbox 2277 2848 2369 2902; x_wconf 71' lang='lat' dir='ltr'>Vae</span> <span class='ocrx_word' id='word_1_448' title='bbox 2394 2848 2495 2917; x_wconf 88' lang='lat' dir='ltr'>qui</span> <span class='ocrx_word' id='word_1_449' title='bbox 2519 2847 2713 2902; x_wconf 88' lang='lat' dir='ltr'>dicitis</span> <span class='ocrx_word' id='word_1_450' title='bbox 2742 2847 2967 2903; x_wconf 90' lang='lat' dir='ltr'>malum</span> <span class='ocrx_word' id='word_1_451' title='bbox 2996 2849 3241 2919; x_wconf 90' lang='lat' dir='ltr'>bonum,</span> <span class='ocrx_word' id='word_1_452' title='bbox 3275 2856 3562 2921; x_wconf 71' lang='lat' dir='ltr'>ponentes</span> 
     </span>
    </p>
   </div>
   <div class='ocr_carea' id='block_1_61' title="bbox 1921 2938 3564 3013">
    <p class='ocr_par' dir='ltr' id='par_1_61' title="bbox 1921 2938 3564 3013">
     <span class='ocr_line' id='line_1_61' title="bbox 1921 2938 3564 3013; baseline 0.001 -18"><span class='ocrx_word' id='word_1_453' title='bbox 1921 2955 2190 2995; x_wconf 88' lang='lat' dir='ltr'>amarum</span> <span class='ocrx_word' id='word_1_454' title='bbox 2214 2939 2275 2993; x_wconf 88' lang='lat' dir='ltr'>in</span> <span class='ocrx_word' id='word_1_455' title='bbox 2298 2938 2491 3006; x_wconf 90' lang='lat' dir='ltr'>dulce,</span> <span class='ocrx_word' id='word_1_456' title='bbox 2517 2944 2574 2993; x_wconf 85' lang='lat' dir='ltr'>et</span> <span class='ocrx_word' id='word_1_457' title='bbox 2594 2938 2767 2994; x_wconf 88' lang='lat' dir='ltr'>dulce</span> <span class='ocrx_word' id='word_1_458' title='bbox 2785 2939 2846 2994; x_wconf 88' lang='lat' dir='ltr'>in</span> <span class='ocrx_word' id='word_1_459' title='bbox 2870 2956 3158 2996; x_wconf 87' lang='lat' dir='ltr'>amarum.</span> <span class='ocrx_word' id='word_1_460' title='bbox 3198 2942 3293 2996; x_wconf 67' lang='lat' dir='ltr'>Vm</span> <span class='ocrx_word' id='word_1_461' title='bbox 3325 2942 3425 3012; x_wconf 88' lang='lat' dir='ltr'>qui</span> <span class='ocrx_word' id='word_1_462' title='bbox 3458 2959 3564 3013; x_wconf 90' lang='lat' dir='ltr'>po-</span> 
     </span>
    </p>
   </div>
   <div class='ocr_carea' id='block_1_62' title="bbox 1922 3026 3558 3095">
    <p class='ocr_par' dir='ltr' id='par_1_62' title="bbox 1922 3026 3558 3095">
     <span class='ocr_line' id='line_1_62' title="bbox 1922 3026 3558 3095; baseline 0.001 -12"><span class='ocrx_word' id='word_1_463' title='bbox 1922 3035 2112 3085; x_wconf 88' lang='lat' dir='ltr'>tentes</span> <span class='ocrx_word' id='word_1_464' title='bbox 2132 3028 2271 3084; x_wconf 89' lang='lat' dir='ltr'>estis</span> <span class='ocrx_word' id='word_1_465' title='bbox 2291 3028 2365 3083; x_wconf 90' lang='lat' dir='ltr'>ad</span> <span class='ocrx_word' id='word_1_466' title='bbox 2388 3026 2711 3083; x_wconf 90' lang='lat' dir='ltr'>bibendum</span> <span class='ocrx_word' id='word_1_467' title='bbox 2726 3028 3011 3095; x_wconf 88' lang='lat' dir='ltr'>vinum,et</span> <span class='ocrx_word' id='word_1_468' title='bbox 3031 3029 3137 3083; x_wconf 90' lang='lat' dir='ltr'>viri</span> <span class='ocrx_word' id='word_1_469' title='bbox 3155 3029 3337 3085; x_wconf 84' lang='lat' dir='ltr'>fortes</span> <span class='ocrx_word' id='word_1_470' title='bbox 3356 3030 3429 3085; x_wconf 90' lang='lat' dir='ltr'>ad</span> <span class='ocrx_word' id='word_1_471' title='bbox 3447 3032 3558 3084; x_wconf 88' lang='lat' dir='ltr'>mi-</span> 
     </span>
    </p>
   </div>
   <div class='ocr_carea' id='block_1_63' title="bbox 1921 3117 3563 3190">
    <p class='ocr_par' dir='ltr' id='par_1_63' title="bbox 1921 3117 3563 3190">
     <span class='ocr_line' id='line_1_63' title="bbox 1921 3117 3563 3190; baseline 0 -15"><span class='ocrx_word' id='word_1_472' title='bbox 1921 3118 2200 3175; x_wconf 90' lang='lat' dir='ltr'>scendam</span> <span class='ocrx_word' id='word_1_473' title='bbox 2218 3117 3044 3189; x_wconf 82' lang='lat' dir='ltr'>ebrietatem.Quijustificatis</span> <span class='ocrx_word' id='word_1_474' title='bbox 3057 3119 3307 3190; x_wconf 88' lang='lat' dir='ltr'>impium</span> <span class='ocrx_word' id='word_1_475' title='bbox 3322 3136 3424 3190; x_wconf 92' lang='lat' dir='ltr'>pro</span> <span class='ocrx_word' id='word_1_476' title='bbox 3439 3136 3563 3175; x_wconf 88' lang='lat' dir='ltr'>mu-</span> 
     </span>
    </p>
   </div>
   <div class='ocr_carea' id='block_1_64' title="bbox 1922 3205 3553 3278">
    <p class='ocr_par' dir='ltr' id='par_1_64' title="bbox 1922 3205 3553 3278">
     <span class='ocr_line' id='line_1_64' title="bbox 1922 3205 3553 3278; baseline -0.001 -15"><span class='ocrx_word' id='word_1_477' title='bbox 1922 3207 2186 3275; x_wconf 89' lang='lat' dir='ltr'>neribus,</span> <span class='ocrx_word' id='word_1_478' title='bbox 2242 3212 2299 3261; x_wconf 90' lang='lat' dir='ltr'>et</span> <span class='ocrx_word' id='word_1_479' title='bbox 2338 3205 2635 3278; x_wconf 88' lang='lat' dir='ltr'>justitiam</span> <span class='ocrx_word' id='word_1_480' title='bbox 2681 3206 2829 3278; x_wconf 87' lang='lat' dir='ltr'>justi</span> <span class='ocrx_word' id='word_1_481' title='bbox 2880 3207 3125 3263; x_wconf 82' lang='lat' dir='ltr'>aufertis</span> <span class='ocrx_word' id='word_1_482' title='bbox 3181 3208 3253 3263; x_wconf 91' lang='lat' dir='ltr'>ab</span> <span class='ocrx_word' id='word_1_483' title='bbox 3307 3226 3396 3265; x_wconf 91' lang='lat' dir='ltr'>eo.</span> <span class='ocrx_word' id='word_1_484' title='bbox 3447 3211 3553 3274; x_wconf 89' lang='lat' dir='ltr'>Qui</span> 
     </span>
    </p>
   </div>
   <div class='ocr_carea' id='block_1_65' title="bbox 156 3270 1810 3373">
    <p class='ocr_par' dir='ltr' id='par_1_65' title="bbox 156 3289 1805 3373">
     <span class='ocr_line' id='line_1_65' title="bbox 156 3289 1805 3373; baseline -0.007 -20"><span class='ocrx_word' id='word_1_485' title='bbox 156 3299 354 3358; x_wconf 80' lang='grc' dir='ltr'>σκότος</span> <span class='ocrx_word' id='word_1_486' title='bbox 384 3299 502 3373; x_wconf 68' lang='grc' dir='ltr'>φῶς</span> <span class='ocrx_word' id='word_1_487' title='bbox 530 3293 619 3348; x_wconf 84' lang='grc' dir='ltr'>καὶ</span> <span class='ocrx_word' id='word_1_488' title='bbox 654 3292 717 3347; x_wconf 87' lang='grc' dir='ltr'>τὸ</span> <span class='ocrx_word' id='word_1_489' title='bbox 771 3296 884 3369; x_wconf 73' lang='grc' dir='ltr'>φῶς</span> <span class='ocrx_word' id='word_1_490' title='bbox 932 3290 1146 3359; x_wconf 82' lang='grc' dir='ltr'>σκότος,</span> <span class='ocrx_word' id='word_1_491' title='bbox 1179 3291 1236 3343; x_wconf 71' lang='grc' dir='ltr'>οἱ</span> <span class='ocrx_word' id='word_1_492' title='bbox 1263 3289 1492 3353; x_wconf 71' lang='grc' dir='ltr'>τιθέντες</span> <span class='ocrx_word' id='word_1_493' title='bbox 1523 3290 1585 3345; x_wconf 90' lang='grc' dir='ltr'>τὸ</span> <span class='ocrx_word' id='word_1_494' title='bbox 1614 3292 1805 3364; x_wconf 72' lang='grc' dir='ltr'>πικρὸν</span> 
     </span>
    </p>
   </div>
   <div class='ocr_carea' id='block_1_66' title="bbox 1926 3270 3558 3373">
    <p class='ocr_par' dir='ltr' id='par_1_66' title="bbox 1926 3270 3558 3368">
     <span class='ocr_line' id='line_1_66' title="bbox 1926 3270 3558 3368; baseline -0.001 -16"><span class='ocrx_word' id='word_1_495' title='bbox 1926 3270 2233 3352; x_wconf 83' lang='lat' dir='ltr'>declinatis</span> <span class='ocrx_word' id='word_1_496' title='bbox 2242 3270 2537 3367; x_wconf 76' lang='lat' dir='ltr'>judicium</span> <span class='ocrx_word' id='word_1_497' title='bbox 2551 3270 2898 3366; x_wconf 77' lang='lat' dir='ltr'>pauperum,</span> <span class='ocrx_word' id='word_1_498' title='bbox 2933 3301 2991 3350; x_wconf 90' lang='lat' dir='ltr'>et</span> <span class='ocrx_word' id='word_1_499' title='bbox 3011 3296 3118 3351; x_wconf 90' lang='lat' dir='ltr'>diri</span> <span class='ocrx_word' id='word_1_500' title='bbox 3127 3297 3265 3368; x_wconf 89' lang='lat' dir='ltr'>pitis</span> <span class='ocrx_word' id='word_1_501' title='bbox 3279 3270 3558 3353; x_wconf 77' lang='lat' dir='ltr'>substan-</span> 
     </span>
    </p>
   </div>
   <div class='ocr_carea' id='block_1_67' title="bbox 151 3378 1808 3462">
    <p class='ocr_par' dir='ltr' id='par_1_67' title="bbox 151 3378 1808 3462">
     <span class='ocr_line' id='line_1_67' title="bbox 151 3378 1808 3462; baseline -0.005 -20"><span class='ocrx_word' id='word_1_502' title='bbox 151 3385 325 3462; x_wconf 65' lang='grc' dir='ltr'>γλυκὶ</span> <span class='ocrx_word' id='word_1_503' title='bbox 356 3382 540 3439; x_wconf 80' lang='grc' dir='ltr'>καὶτὸ</span> <span class='ocrx_word' id='word_1_504' title='bbox 559 3379 733 3458; x_wconf 78' lang='grc' dir='ltr'>γλυκῦ</span> <span class='ocrx_word' id='word_1_505' title='bbox 779 3380 994 3455; x_wconf 84' lang='grc' dir='ltr'>πικρόν’</span> <span class='ocrx_word' id='word_1_506' title='bbox 1057 3378 1175 3433; x_wconf 81' lang='grc' dir='ltr'>οὐαὶ</span> <span class='ocrx_word' id='word_1_507' title='bbox 1237 3380 1288 3433; x_wconf 77' lang='lat' dir='ltr'>oi</span> <span class='ocrx_word' id='word_1_508' title='bbox 1346 3379 1627 3455; x_wconf 72' lang='grc' dir='ltr'>ἰσχύοντες</span> <span class='ocrx_word' id='word_1_509' title='bbox 1656 3378 1808 3453; x_wconf 82' lang='grc' dir='ltr'>ὐμῶν</span> 
     </span>
    </p>
   </div>
   <div class='ocr_carea' id='block_1_68' title="bbox 152 3465 1812 3544">
    <p class='ocr_par' dir='ltr' id='par_1_68' title="bbox 152 3465 1812 3544">
     <span class='ocr_line' id='line_1_68' title="bbox 152 3465 1812 3544; baseline -0.005 -13"><span class='ocrx_word' id='word_1_510' title='bbox 152 3478 203 3531; x_wconf 83' lang='grc' dir='ltr'>οἱ</span> <span class='ocrx_word' id='word_1_511' title='bbox 235 3474 521 3543; x_wconf 78' lang='grc' dir='ltr'>δυνάσται,</span> <span class='ocrx_word' id='word_1_512' title='bbox 579 3472 632 3525; x_wconf 79' lang='lat' dir='ltr'>oi</span> <span class='ocrx_word' id='word_1_513' title='bbox 685 3473 973 3543; x_wconf 86' lang='grc' dir='ltr'>κιρνῶντες</span> <span class='ocrx_word' id='word_1_514' title='bbox 1026 3468 1089 3522; x_wconf 89' lang='lat'>16</span> <span class='ocrx_word' id='word_1_515' title='bbox 1148 3468 1353 3544; x_wconf 80' lang='grc' dir='ltr'>σίκερα,</span> <span class='ocrx_word' id='word_1_516' title='bbox 1384 3470 1437 3523; x_wconf 76' lang='grc' dir='ltr'>οἱ</span> <span class='ocrx_word' id='word_1_517' title='bbox 1480 3465 1812 3530; x_wconf 72' lang='grc' dir='ltr'>δικαιοῦντες</span> 
     </span>
    </p>
   </div>
   <div class='ocr_carea' id='block_1_69' title="bbox 150 3554 1814 3633">
    <p class='ocr_par' dir='ltr' id='par_1_69' title="bbox 150 3554 1814 3633">
     <span class='ocr_line' id='line_1_69' title="bbox 150 3554 1814 3633; baseline -0.006 -12"><span class='ocrx_word' id='word_1_518' title='bbox 150 3568 243 3621; x_wconf 80' lang='grc' dir='ltr'>τὸν</span> <span class='ocrx_word' id='word_1_519' title='bbox 279 3558 456 3631; x_wconf 74' lang='grc' dir='ltr'>ἀσεϐῆ</span> <span class='ocrx_word' id='word_1_520' title='bbox 488 3557 666 3615; x_wconf 66' lang='grc' dir='ltr'>ἕνεκεν</span> <span class='ocrx_word' id='word_1_521' title='bbox 719 3556 910 3633; x_wconf 86' lang='grc' dir='ltr'>δώρων</span> <span class='ocrx_word' id='word_1_522' title='bbox 962 3558 1050 3611; x_wconf 82' lang='grc' dir='ltr'>καὶ</span> <span class='ocrx_word' id='word_1_523' title='bbox 1105 3557 1167 3611; x_wconf 88' lang='grc' dir='ltr'>τὸ</span> <span class='ocrx_word' id='word_1_524' title='bbox 1218 3555 1426 3611; x_wconf 85' lang='grc' dir='ltr'>δίκαιον</span> <span class='ocrx_word' id='word_1_525' title='bbox 1476 3561 1572 3611; x_wconf 91' lang='grc' dir='ltr'>τοῦ</span> <span class='ocrx_word' id='word_1_526' title='bbox 1603 3554 1814 3611; x_wconf 79' lang='grc' dir='ltr'>δικαίου</span> 
     </span>
    </p>
   </div>
   <div class='ocr_carea' id='block_1_70' title="bbox 152 3645 1814 3728">
    <p class='ocr_par' dir='ltr' id='par_1_70' title="bbox 152 3645 1814 3728">
     <span class='ocr_line' id='line_1_70' title="bbox 152 3645 1814 3728; baseline -0.004 -23"><span class='ocrx_word' id='word_1_527' title='bbox 152 3653 408 3728; x_wconf 66' lang='grc' dir='ltr'>αἴροντες</span> <span class='ocrx_word' id='word_1_528' title='bbox 442 3654 581 3723; x_wconf 85' lang='grc'>(18),</span> <span class='ocrx_word' id='word_1_529' title='bbox 633 3650 684 3702; x_wconf 79' lang='lat' dir='ltr'>oi</span> <span class='ocrx_word' id='word_1_530' title='bbox 736 3646 1075 3706; x_wconf 79' lang='grc' dir='ltr'>ἐκκλίνοντες</span> <span class='ocrx_word' id='word_1_531' title='bbox 1107 3647 1219 3719; x_wconf 83' lang='grc'>(19)</span> <span class='ocrx_word' id='word_1_532' title='bbox 1249 3645 1425 3719; x_wconf 83' lang='grc' dir='ltr'>κρίσιν</span> <span class='ocrx_word' id='word_1_533' title='bbox 1457 3651 1697 3721; x_wconf 84' lang='grc' dir='ltr'>πτωχῶν</span> <span class='ocrx_word' id='word_1_534' title='bbox 1724 3646 1814 3700; x_wconf 82' lang='grc' dir='ltr'>καὶ</span> 
     </span>
    </p>
   </div>
   <div class='ocr_carea' id='block_1_71' title="bbox 154 3732 1812 3819">
    <p class='ocr_par' dir='ltr' id='par_1_71' title="bbox 154 3732 1812 3819">
     <span class='ocr_line' id='line_1_71' title="bbox 154 3732 1812 3819; baseline 0.022 -21"><span class='ocrx_word' id='word_1_535' title='bbox 154 3745 495 3819; x_wconf 73' lang='grc' dir='ltr'>ἁρπάζοντες</span> <span class='ocrx_word' id='word_1_536' title='bbox 528 3738 699 3814; x_wconf 74' lang='grc' dir='ltr'>κρίμα</span> <span class='ocrx_word' id='word_1_537' title='bbox 746 3737 1019 3806; x_wconf 63' lang='grc' dir='ltr'>πενήτωνν</span> <span class='ocrx_word' id='word_1_538' title='bbox 1070 3734 1207 3789; x_wconf 74' lang='grc' dir='ltr'>ὥστε</span> <span class='ocrx_word' id='word_1_539' title='bbox 1256 3735 1387 3789; x_wconf 56' lang='grc' dir='ltr'>εἶναι</span> <span class='ocrx_word' id='word_1_540' title='bbox 1420 3732 1601 3796; x_wconf 57' lang='grc' dir='ltr'>αὐτοῖς</span> <span class='ocrx_word' id='word_1_541' title='bbox 1635 3737 1812 3809; x_wconf 64' lang='grc' dir='ltr'>χήραν</span> 
     </span>
    </p>
   </div>
   <div class='ocr_carea' id='block_1_72' title="bbox 146 3824 1815 3907">
    <p class='ocr_par' dir='ltr' id='par_1_72' title="bbox 146 3824 1815 3907">
     <span class='ocr_line' id='line_1_72' title="bbox 146 3824 1815 3907; baseline -0.004 -23"><span class='ocrx_word' id='word_1_542' title='bbox 146 3833 222 3897; x_wconf 77' lang='grc' dir='ltr'>εἰς</span> <span class='ocrx_word' id='word_1_543' title='bbox 252 3831 515 3907; x_wconf 73' lang='grc' dir='ltr'>ὁρπαγήν</span> <span class='ocrx_word' id='word_1_544' title='bbox 547 3827 635 3881; x_wconf 78' lang='grc' dir='ltr'>καὶ</span> <span class='ocrx_word' id='word_1_545' title='bbox 667 3826 899 3902; x_wconf 68' lang='grc' dir='ltr'>ὀρφανὸν</span> <span class='ocrx_word' id='word_1_546' title='bbox 952 3824 1032 3885; x_wconf 79' lang='grc' dir='ltr'>εἷς</span> <span class='ocrx_word' id='word_1_547' title='bbox 1084 3825 1399 3897; x_wconf 84' lang='grc' dir='ltr'>προνομήν.</span> <span class='ocrx_word' id='word_1_548' title='bbox 1433 3825 1529 3877; x_wconf 83' lang='grc' dir='ltr'>Καὶ</span> <span class='ocrx_word' id='word_1_549' title='bbox 1559 3824 1611 3878; x_wconf 90' lang='grc' dir='ltr'>τί</span> <span class='ocrx_word' id='word_1_550' title='bbox 1640 3825 1815 3894; x_wconf 86' lang='grc' dir='ltr'>ποιή-</span> 
     </span>
    </p>
   </div>
   <div class='ocr_carea' id='block_1_73' title="bbox 148 3914 1817 3991">
    <p class='ocr_par' dir='ltr' id='par_1_73' title="bbox 148 3914 1817 3991">
     <span class='ocr_line' id='line_1_73' title="bbox 148 3914 1817 3991; baseline -0.006 -14"><span class='ocrx_word' id='word_1_551' title='bbox 148 3943 308 3977; x_wconf 80' lang='grc' dir='ltr'>σουσι</span> <span class='ocrx_word' id='word_1_552' title='bbox 369 3922 444 3991; x_wconf 76' lang='grc' dir='ltr'>τῇ</span> <span class='ocrx_word' id='word_1_553' title='bbox 504 3915 689 3989; x_wconf 67' lang='grc' dir='ltr'>ἡμέρᾳ</span> <span class='ocrx_word' id='word_1_554' title='bbox 764 3916 861 3981; x_wconf 81' lang='grc' dir='ltr'>τῆς</span> <span class='ocrx_word' id='word_1_555' title='bbox 928 3914 1273 3983; x_wconf 61' lang='grc' dir='ltr'>ἐπισκοπῆς,</span> <span class='ocrx_word' id='word_1_556' title='bbox 1346 3914 1436 3967; x_wconf 81' lang='grc' dir='ltr'>καὶ</span> <span class='ocrx_word' id='word_1_557' title='bbox 1501 3915 1638 3987; x_wconf 87' lang='grc' dir='ltr'>πρὸς</span> <span class='ocrx_word' id='word_1_558' title='bbox 1694 3914 1817 3967; x_wconf 86' lang='grc' dir='ltr'>τίνα</span> 
     </span>
    </p>
   </div>
   <div class='ocr_carea' id='block_1_74' title="bbox 145 4000 1818 4085">
    <p class='ocr_par' dir='ltr' id='par_1_74' title="bbox 145 4000 1818 4085">
     <span class='ocr_line' id='line_1_74' title="bbox 145 4000 1818 4085; baseline -0.007 -19"><span class='ocrx_word' id='word_1_559' title='bbox 145 4007 584 4085; x_wconf 64' lang='grc' dir='ltr'>καταφεόξονται</span> <span class='ocrx_word' id='word_1_560' title='bbox 613 4007 709 4058; x_wconf 89' lang='grc' dir='ltr'>τοῦ</span> <span class='ocrx_word' id='word_1_561' title='bbox 744 4003 1081 4078; x_wconf 78' lang='grc' dir='ltr'>βοηθηθῆναι</span> <span class='ocrx_word' id='word_1_562' title='bbox 1109 4020 1124 4071; x_wconf 86' lang='grc'>;</span> <span class='ocrx_word' id='word_1_563' title='bbox 1166 4001 1255 4055; x_wconf 87' lang='grc' dir='ltr'>καὶ</span> <span class='ocrx_word' id='word_1_564' title='bbox 1296 4006 1401 4057; x_wconf 85' lang='grc' dir='ltr'>ποῦ</span> <span class='ocrx_word' id='word_1_565' title='bbox 1433 4000 1818 4075; x_wconf 75' lang='grc' dir='ltr'>καταλείψουσι</span> 
     </span>
    </p>
   </div>
   <div class='ocr_carea' id='block_1_75' title="bbox 1923 3383 3561 3458">
    <p class='ocr_par' dir='ltr' id='par_1_75' title="bbox 1923 3383 3561 3458">
     <span class='ocr_line' id='line_1_75' title="bbox 1923 3383 3561 3458; baseline -0.001 -17"><span class='ocrx_word' id='word_1_566' title='bbox 1923 3387 2064 3441; x_wconf 88' lang='lat' dir='ltr'>tiam</span> <span class='ocrx_word' id='word_1_567' title='bbox 2080 3401 2421 3457; x_wconf 88' lang='lat' dir='ltr'>egenorum,</span> <span class='ocrx_word' id='word_1_568' title='bbox 2446 3383 3085 3455; x_wconf 85' lang='lat' dir='ltr'>utsitvobisorphanus</span> <span class='ocrx_word' id='word_1_569' title='bbox 3107 3385 3464 3458; x_wconf 69' lang='lat' dir='ltr'>inpraadam.</span> <span class='ocrx_word' id='word_1_570' title='bbox 3491 3388 3561 3440; x_wconf 90' lang='lat' dir='ltr'>Et</span> 
     </span>
    </p>
   </div>
   <div class='ocr_carea' id='block_1_76' title="bbox 1922 3473 3560 3548">
    <p class='ocr_par' dir='ltr' id='par_1_76' title="bbox 1922 3473 3560 3548">
     <span class='ocr_line' id='line_1_76' title="bbox 1922 3473 3560 3548; baseline -0.001 -18"><span class='ocrx_word' id='word_1_571' title='bbox 1922 3475 2064 3547; x_wconf 89' lang='lat' dir='ltr'>quid</span> <span class='ocrx_word' id='word_1_572' title='bbox 2076 3475 2304 3529; x_wconf 86' lang='lat' dir='ltr'>facietis</span> <span class='ocrx_word' id='word_1_573' title='bbox 2323 3474 2383 3528; x_wconf 92' lang='lat' dir='ltr'>in</span> <span class='ocrx_word' id='word_1_574' title='bbox 2398 3474 2492 3529; x_wconf 91' lang='lat' dir='ltr'>die</span> <span class='ocrx_word' id='word_1_575' title='bbox 2508 3473 2892 3528; x_wconf 79' lang='lat' dir='ltr'>visitationis‘?</span> <span class='ocrx_word' id='word_1_576' title='bbox 2904 3474 3046 3529; x_wconf 88' lang='lat' dir='ltr'>etad</span> <span class='ocrx_word' id='word_1_577' title='bbox 3061 3491 3237 3545; x_wconf 90' lang='lat' dir='ltr'>quem</span> <span class='ocrx_word' id='word_1_578' title='bbox 3252 3475 3524 3548; x_wconf 77' lang='lat' dir='ltr'>confugio</span> <span class='ocrx_word' id='word_1_579' title='bbox 3536 3505 3560 3517; x_wconf 82' lang='lat'>—</span> 
     </span>
    </p>
   </div>
   <div class='ocr_carea' id='block_1_77' title="bbox 1922 3564 3565 3637">
    <p class='ocr_par' dir='ltr' id='par_1_77' title="bbox 1922 3564 3565 3637">
     <span class='ocr_line' id='line_1_77' title="bbox 1922 3564 3565 3637; baseline 0.001 -17"><span class='ocrx_word' id='word_1_580' title='bbox 1922 3567 1997 3621; x_wconf 83' lang='lat' dir='ltr'>tis</span> <span class='ocrx_word' id='word_1_581' title='bbox 2012 3567 2070 3620; x_wconf 91' lang='lat' dir='ltr'>in</span> <span class='ocrx_word' id='word_1_582' title='bbox 2086 3564 2572 3621; x_wconf 86' lang='lat' dir='ltr'>auxilium?etubi</span> <span class='ocrx_word' id='word_1_583' title='bbox 2588 3564 3016 3634; x_wconf 88' lang='lat' dir='ltr'>derelinquetis</span> <span class='ocrx_word' id='word_1_584' title='bbox 3028 3565 3277 3637; x_wconf 86' lang='lat' dir='ltr'>gloriam</span> <span class='ocrx_word' id='word_1_585' title='bbox 3293 3572 3541 3622; x_wconf 87' lang='lat' dir='ltr'>vestram</span> <span class='ocrx_word' id='word_1_586' title='bbox 3553 3610 3565 3633; x_wconf 92' lang='lat'>,</span> 
     </span>
    </p>
   </div>
   <div class='ocr_carea' id='block_1_78' title="bbox 1924 3652 3570 3724">
    <p class='ocr_par' dir='ltr' id='par_1_78' title="bbox 1924 3652 3570 3724">
     <span class='ocr_line' id='line_1_78' title="bbox 1924 3652 3570 3724; baseline -0.001 -15"><span class='ocrx_word' id='word_1_587' title='bbox 1924 3672 1997 3709; x_wconf 91' lang='lat' dir='ltr'>ne</span> <span class='ocrx_word' id='word_1_588' title='bbox 2013 3654 2076 3707; x_wconf 87' lang='lat' dir='ltr'>in</span> <span class='ocrx_word' id='word_1_589' title='bbox 2093 3653 2488 3708; x_wconf 86' lang='lat' dir='ltr'>visitationem</span> <span class='ocrx_word' id='word_1_590' title='bbox 2504 3652 2812 3708; x_wconf 80' lang='lat' dir='ltr'>incidatis?</span> <span class='ocrx_word' id='word_1_591' title='bbox 2836 3654 3224 3724; x_wconf 82' lang='lat' dir='ltr'>Propterhoc,</span> <span class='ocrx_word' id='word_1_592' title='bbox 3240 3653 3570 3709; x_wconf 82' lang='lat' dir='ltr'>sicutdevo—</span> 
     </span>
    </p>
   </div>
   <div class='ocr_carea' id='block_1_79' title="bbox 1925 3732 3573 3805">
    <p class='ocr_par' dir='ltr' id='par_1_79' title="bbox 1925 3732 3573 3805">
     <span class='ocr_line' id='line_1_79' title="bbox 1925 3732 3573 3805; baseline -0.001 -17"><span class='ocrx_word' id='word_1_593' title='bbox 1925 3740 2015 3790; x_wconf 90' lang='lat' dir='ltr'>rat</span> <span class='ocrx_word' id='word_1_594' title='bbox 2031 3733 2310 3805; x_wconf 90' lang='lat' dir='ltr'>stipulam</span> <span class='ocrx_word' id='word_1_595' title='bbox 2326 3734 2527 3804; x_wconf 89' lang='lat' dir='ltr'>lingua</span> <span class='ocrx_word' id='word_1_596' title='bbox 2542 3733 2778 3805; x_wconf 89' lang='lat' dir='ltr'>ignis,et</span> <span class='ocrx_word' id='word_1_597' title='bbox 2802 3732 2963 3788; x_wconf 91' lang='lat' dir='ltr'>calor</span> <span class='ocrx_word' id='word_1_598' title='bbox 2982 3733 3239 3788; x_wconf 62' lang='lat' dir='ltr'>flamma:</span> <span class='ocrx_word' id='word_1_599' title='bbox 3259 3736 3473 3802; x_wconf 89' lang='lat' dir='ltr'>exurit,</span> <span class='ocrx_word' id='word_1_600' title='bbox 3488 3735 3573 3789; x_wconf 88' lang='lat' dir='ltr'>sic</span> 
     </span>
    </p>
   </div>
   <div class='ocr_carea' id='block_1_80' title="bbox 1927 3823 3575 3896">
    <p class='ocr_par' dir='ltr' id='par_1_80' title="bbox 1927 3823 3575 3896">
     <span class='ocr_line' id='line_1_80' title="bbox 1927 3823 3575 3896; baseline -0.001 -18"><span class='ocrx_word' id='word_1_601' title='bbox 1927 3824 2095 3880; x_wconf 81' lang='lat' dir='ltr'>radix</span> <span class='ocrx_word' id='word_1_602' title='bbox 2116 3840 2321 3879; x_wconf 91' lang='lat' dir='ltr'>eorum</span> <span class='ocrx_word' id='word_1_603' title='bbox 2350 3823 2518 3894; x_wconf 87' lang='lat' dir='ltr'>quasi</span> <span class='ocrx_word' id='word_1_604' title='bbox 2544 3823 2742 3877; x_wconf 89' lang='lat' dir='ltr'>favilla</span> <span class='ocrx_word' id='word_1_605' title='bbox 2764 3824 2892 3887; x_wconf 88' lang='lat' dir='ltr'>erit,</span> <span class='ocrx_word' id='word_1_606' title='bbox 2920 3829 2977 3878; x_wconf 91' lang='lat' dir='ltr'>et</span> <span class='ocrx_word' id='word_1_607' title='bbox 2996 3840 3240 3896; x_wconf 87' lang='lat' dir='ltr'>germen</span> <span class='ocrx_word' id='word_1_608' title='bbox 3274 3841 3479 3880; x_wconf 87' lang='lat' dir='ltr'>eorum</span> <span class='ocrx_word' id='word_1_609' title='bbox 3510 3828 3575 3879; x_wconf 91' lang='lat' dir='ltr'>ut</span> 
     </span>
    </p>
   </div>
   <div class='ocr_carea' id='block_1_81' title="bbox 1924 3912 3569 3985">
    <p class='ocr_par' dir='ltr' id='par_1_81' title="bbox 1924 3912 3569 3985">
     <span class='ocr_line' id='line_1_81' title="bbox 1924 3912 3569 3985; baseline 0 -18"><span class='ocrx_word' id='word_1_610' title='bbox 1924 3913 2249 3985; x_wconf 84' lang='lat' dir='ltr'>pulvis.Abj</span> <span class='ocrx_word' id='word_1_611' title='bbox 2262 3917 2507 3968; x_wconf 88' lang='lat' dir='ltr'>ecerunt</span> <span class='ocrx_word' id='word_1_612' title='bbox 2527 3912 2687 3967; x_wconf 88' lang='lat' dir='ltr'>enim</span> <span class='ocrx_word' id='word_1_613' title='bbox 2705 3912 2896 3984; x_wconf 80' lang='lat' dir='ltr'>legem</span> <span class='ocrx_word' id='word_1_614' title='bbox 2921 3913 3157 3968; x_wconf 89' lang='lat' dir='ltr'>Domini</span> <span class='ocrx_word' id='word_1_615' title='bbox 3182 3914 3569 3977; x_wconf 85' lang='lat' dir='ltr'>exercituum,</span> 
     </span>
    </p>
   </div>
   <div class='ocr_carea' id='block_1_82' title="bbox 1928 4001 3565 4073">
    <p class='ocr_par' dir='ltr' id='par_1_82' title="bbox 1928 4001 3565 4073">
     <span class='ocr_line' id='line_1_82' title="bbox 1928 4001 3565 4073; baseline 0 -17"><span class='ocrx_word' id='word_1_616' title='bbox 1928 4008 1987 4056; x_wconf 90' lang='lat' dir='ltr'>et</span> <span class='ocrx_word' id='word_1_617' title='bbox 2016 4001 2320 4071; x_wconf 86' lang='lat' dir='ltr'>eloquium</span> <span class='ocrx_word' id='word_1_618' title='bbox 2352 4001 2539 4057; x_wconf 88' lang='lat' dir='ltr'>sancti</span> <span class='ocrx_word' id='word_1_619' title='bbox 2570 4001 2751 4056; x_wconf 89' lang='lat' dir='ltr'>Israel</span> <span class='ocrx_word' id='word_1_620' title='bbox 2777 4001 3471 4072; x_wconf 86' lang='lat' dir='ltr'>blasphemaverunt(Isa.</span> <span class='ocrx_word' id='word_1_621' title='bbox 3493 4003 3565 4073; x_wconf 83' lang='grc' dir='ltr'>ν).</span> 
     </span>
    </p>
   </div>
   <div class='ocr_carea' id='block_1_83' title="bbox 143 4086 3571 4169">
    <p class='ocr_par' dir='ltr' id='par_1_83' title="bbox 143 4086 3571 4169">
     <span class='ocr_line' id='line_1_83' title="bbox 143 4086 3571 4169; baseline -0.004 -17"><span class='ocrx_word' id='word_1_622' title='bbox 143 4102 252 4168; x_wconf 64' lang='grc' dir='ltr'>τὴν</span> <span class='ocrx_word' id='word_1_623' title='bbox 317 4095 476 4169; x_wconf 78' lang='grc' dir='ltr'>δόξαν</span> <span class='ocrx_word' id='word_1_624' title='bbox 535 4094 712 4149; x_wconf 78' lang='grc' dir='ltr'>αὐτῶν</span> <span class='ocrx_word' id='word_1_625' title='bbox 772 4095 869 4146; x_wconf 87' lang='grc' dir='ltr'>τοῦ</span> <span class='ocrx_word' id='word_1_626' title='bbox 934 4091 1007 4164; x_wconf 80' lang='grc' dir='ltr'>μὴ</span> <span class='ocrx_word' id='word_1_627' title='bbox 1069 4090 1321 4164; x_wconf 83' lang='grc' dir='ltr'>ἐμπεσεῖν</span> <span class='ocrx_word' id='word_1_628' title='bbox 1378 4090 1454 4153; x_wconf 80' lang='grc' dir='ltr'>εἰς</span> <span class='ocrx_word' id='word_1_629' title='bbox 1516 4091 1855 4165; x_wconf 83' lang='grc' dir='ltr'>ἀπαγωγήν;</span> <span class='ocrx_word' id='word_1_630' title='bbox 1912 4091 2004 4143; x_wconf 90' lang='grc' dir='ltr'>Ὃν</span> <span class='ocrx_word' id='word_1_631' title='bbox 2057 4090 2260 4164; x_wconf 89' lang='grc' dir='ltr'>τρόπον</span> <span class='ocrx_word' id='word_1_632' title='bbox 2314 4090 2638 4159; x_wconf 77' lang='grc' dir='ltr'>καυθήσεται</span> <span class='ocrx_word' id='word_1_633' title='bbox 2694 4087 2918 4161; x_wconf 82' lang='grc' dir='ltr'>καλάμη</span> <span class='ocrx_word' id='word_1_634' title='bbox 2975 4090 3076 4144; x_wconf 85' lang='grc' dir='ltr'>ὑπὸ</span> <span class='ocrx_word' id='word_1_635' title='bbox 3108 4086 3369 4164; x_wconf 74' lang='grc' dir='ltr'>ἄνθρακος</span> <span class='ocrx_word' id='word_1_636' title='bbox 3400 4090 3571 4162; x_wconf 81' lang='grc' dir='ltr'>πυρὸς</span> 
     </span>
    </p>
   </div>
   <div class='ocr_carea' id='block_1_84' title="bbox 144 4174 3567 4258">
    <p class='ocr_par' dir='ltr' id='par_1_84' title="bbox 144 4174 3567 4258">
     <span class='ocr_line' id='line_1_84' title="bbox 144 4174 3567 4258; baseline -0.004 -15"><span class='ocrx_word' id='word_1_637' title='bbox 144 4189 244 4244; x_wconf 75' lang='grc' dir='ltr'>καὶ</span> <span class='ocrx_word' id='word_1_638' title='bbox 312 4185 749 4258; x_wconf 82' lang='grc' dir='ltr'>συγκαυθήσεται</span> <span class='ocrx_word' id='word_1_639' title='bbox 811 4181 914 4235; x_wconf 78' lang='grc' dir='ltr'>ὑπὸ</span> <span class='ocrx_word' id='word_1_640' title='bbox 971 4178 1178 4257; x_wconf 75' lang='grc' dir='ltr'>φλογὸς</span> <span class='ocrx_word' id='word_1_641' title='bbox 1230 4180 1550 4251; x_wconf 74' lang='grc' dir='ltr'>ἀνημμένης</span> <span class='ocrx_word' id='word_1_642' title='bbox 1613 4182 1747 4251; x_wconf 74' lang='grc'>(20),</span> <span class='ocrx_word' id='word_1_643' title='bbox 1806 4179 1840 4248; x_wconf 69' lang='grc' dir='ltr'><strong>ἡ</strong></span> <span class='ocrx_word' id='word_1_644' title='bbox 1902 4178 2021 4254; x_wconf 81' lang='grc' dir='ltr'>ῥίζα</span> <span class='ocrx_word' id='word_1_645' title='bbox 2077 4177 2251 4233; x_wconf 81' lang='grc' dir='ltr'>αὐτῶν</span> <span class='ocrx_word' id='word_1_646' title='bbox 2312 4177 2387 4240; x_wconf 85' lang='grc' dir='ltr'>ὡς</span> <span class='ocrx_word' id='word_1_647' title='bbox 2442 4180 2612 4251; x_wconf 79' lang='grc' dir='ltr'>χνοῦς</span> <span class='ocrx_word' id='word_1_648' title='bbox 2666 4174 2830 4241; x_wconf 77' lang='grc' dir='ltr'>ἔσται,</span> <span class='ocrx_word' id='word_1_649' title='bbox 2864 4176 3048 4232; x_wconf 83' lang='grc' dir='ltr'>καὶτὸ</span> <span class='ocrx_word' id='word_1_650' title='bbox 3092 4174 3250 4240; x_wconf 74' lang='grc' dir='ltr'>ἄνθος</span> <span class='ocrx_word' id='word_1_651' title='bbox 3281 4178 3457 4231; x_wconf 82' lang='grc' dir='ltr'>αὐτῶν</span> <span class='ocrx_word' id='word_1_652' title='bbox 3491 4178 3567 4237; x_wconf 86' lang='grc' dir='ltr'>ὡς</span> 
     </span>
    </p>
   </div>
   <div class='ocr_carea' id='block_1_85' title="bbox 141 4260 3566 4350">
    <p class='ocr_par' dir='ltr' id='par_1_85' title="bbox 141 4260 3566 4350">
     <span class='ocr_line' id='line_1_85' title="bbox 141 4260 3566 4350; baseline -0.005 -17"><span class='ocrx_word' id='word_1_653' title='bbox 141 4276 453 4350; x_wconf 79' lang='grc' dir='ltr'>κονιορτὸς</span> <span class='ocrx_word' id='word_1_654' title='bbox 515 4267 861 4342; x_wconf 75' lang='grc' dir='ltr'>ἀναϐήσεται’</span> <span class='ocrx_word' id='word_1_655' title='bbox 923 4267 983 4323; x_wconf 77' lang='grc' dir='ltr'>οὗ</span> <span class='ocrx_word' id='word_1_656' title='bbox 1041 4268 1146 4345; x_wconf 81' lang='grc' dir='ltr'>γάρ</span> <span class='ocrx_word' id='word_1_657' title='bbox 1200 4266 1477 4338; x_wconf 69' lang='grc' dir='ltr'>ἠθέλησαν</span> <span class='ocrx_word' id='word_1_658' title='bbox 1530 4269 1622 4323; x_wconf 86' lang='grc' dir='ltr'>τὸν</span> <span class='ocrx_word' id='word_1_659' title='bbox 1679 4263 1849 4341; x_wconf 81' lang='grc' dir='ltr'>νόμον</span> <span class='ocrx_word' id='word_1_660' title='bbox 1907 4266 2111 4341; x_wconf 88' lang='grc' dir='ltr'>Κυρίου</span> <span class='ocrx_word' id='word_1_661' title='bbox 2172 4260 2423 4335; x_wconf 75' lang='grc' dir='ltr'>Σαϐαὼθ,</span> <span class='ocrx_word' id='word_1_662' title='bbox 2483 4263 2629 4319; x_wconf 73' lang='grc' dir='ltr'>ἀλλὰ</span> <span class='ocrx_word' id='word_1_663' title='bbox 2682 4266 2745 4319; x_wconf 77' lang='grc' dir='ltr'>τὸ</span> <span class='ocrx_word' id='word_1_664' title='bbox 2806 4263 2993 4338; x_wconf 87' lang='grc' dir='ltr'>λόγιον</span> <span class='ocrx_word' id='word_1_665' title='bbox 3031 4268 3128 4318; x_wconf 89' lang='grc' dir='ltr'>τοῦ</span> <span class='ocrx_word' id='word_1_666' title='bbox 3158 4266 3315 4339; x_wconf 77' lang='grc' dir='ltr'>ἁγίου</span> <span class='ocrx_word' id='word_1_667' title='bbox 3343 4262 3566 4340; x_wconf 79' lang='grc' dir='ltr'>Ἰσραὴλ</span> 
     </span>
    </p>
   </div>
   <div class='ocr_carea' id='block_1_86' title="bbox 139 4365 509 4443">
    <p class='ocr_par' dir='ltr' id='par_1_86' title="bbox 139 4365 509 4443">
     <span class='ocr_line' id='line_1_86' title="bbox 139 4365 509 4443; baseline -0.011 -19"><span class='ocrx_word' id='word_1_668' title='bbox 139 4365 485 4443; x_wconf 78' lang='grc' dir='ltr'>παρώξυναν</span> <span class='ocrx_word' id='word_1_669' title='bbox 496 4407 509 4420; x_wconf 93' lang='grc'>.</span> 
     </span>
    </p>
   </div>
   <div class='ocr_carea' id='block_1_87' title="bbox 220 4470 1810 4553">
    <p class='ocr_par' dir='ltr' id='par_1_87' title="bbox 220 4471 1810 4553">
     <span class='ocr_line' id='line_1_87' title="bbox 220 4471 1810 4553; baseline -0.023 -11"><span class='ocrx_word' id='word_1_670' title='bbox 220 4482 438 4552; x_wconf 63' lang='grc' dir='ltr'>Τούτῳ</span> <span class='ocrx_word' id='word_1_671' title='bbox 489 4475 730 4549; x_wconf 72' lang='grc' dir='ltr'>συνᾴδων</span> <span class='ocrx_word' id='word_1_672' title='bbox 764 4477 853 4531; x_wconf 85' lang='grc' dir='ltr'>καὶ</span> <span class='ocrx_word' id='word_1_673' title='bbox 911 4471 1094 4551; x_wconf 59' lang='grc' dir='ltr'>ἕτερος</span> <span class='ocrx_word' id='word_1_674' title='bbox 1153 4476 1444 4552; x_wconf 73' lang='grc' dir='ltr'>προφήτης</span> <span class='ocrx_word' id='word_1_675' title='bbox 1474 4472 1636 4553; x_wconf 69' lang='grc' dir='ltr'>φησίν</span> <span class='ocrx_word' id='word_1_676' title='bbox 1678 4476 1810 4548; x_wconf 67' lang='grc'><strong>(21).</strong></span> 
     </span>
    </p>
   </div>
   <div class='ocr_carea' id='block_1_88' title="bbox 1926 4470 3579 4553">
    <p class='ocr_par' dir='ltr' id='par_1_88' title="bbox 2001 4470 3579 4543">
     <span class='ocr_line' id='line_1_88' title="bbox 2001 4470 3579 4543; baseline -0.002 -14"><span class='ocrx_word' id='word_1_677' title='bbox 2001 4473 2219 4529; x_wconf 88' lang='lat' dir='ltr'>Eodem</span> <span class='ocrx_word' id='word_1_678' title='bbox 2244 4472 2489 4537; x_wconf 84' lang='lat' dir='ltr'>accedit,</span> <span class='ocrx_word' id='word_1_679' title='bbox 2515 4471 2671 4543; x_wconf 90' lang='lat' dir='ltr'>quod</span> <span class='ocrx_word' id='word_1_680' title='bbox 2693 4471 2774 4526; x_wconf 90' lang='lat' dir='ltr'>ait</span> <span class='ocrx_word' id='word_1_681' title='bbox 2795 4470 2947 4527; x_wconf 89' lang='lat' dir='ltr'>alius</span> <span class='ocrx_word' id='word_1_682' title='bbox 2964 4471 3456 4543; x_wconf 75' lang='lat' dir='ltr'>prophetazJuxta</span> <span class='ocrx_word' id='word_1_683' title='bbox 3487 4478 3579 4529; x_wconf 80' lang='lat' dir='ltr'>est</span> 
     </span>
    </p>
   </div>
   <div class='ocr_carea' id='block_1_89' title="bbox 142 4561 1818 4645">
    <p class='ocr_par' dir='ltr' id='par_1_89' title="bbox 142 4561 1818 4645">
     <span class='ocr_line' id='line_1_89' title="bbox 142 4561 1818 4645; baseline -0.007 -18"><span class='ocrx_word' id='word_1_684' title='bbox 142 4578 245 4631; x_wconf 75' lang='grc'>77</span> <span class='ocrx_word' id='word_1_685' title='bbox 320 4569 526 4645; x_wconf 78' lang='grc' dir='ltr'>Ἐγγὺς</span> <span class='ocrx_word' id='word_1_686' title='bbox 578 4570 614 4636; x_wconf 79' lang='grc' dir='ltr'>ἡ</span> <span class='ocrx_word' id='word_1_687' title='bbox 673 4563 858 4639; x_wconf 77' lang='grc' dir='ltr'>ἡμέρα</span> <span class='ocrx_word' id='word_1_688' title='bbox 918 4565 1124 4638; x_wconf 83' lang='grc' dir='ltr'>Κυρίου</span> <span class='ocrx_word' id='word_1_689' title='bbox 1178 4566 1212 4633; x_wconf 80' lang='grc' dir='ltr'>ἡ</span> <span class='ocrx_word' id='word_1_690' title='bbox 1271 4561 1698 4639; x_wconf 79' lang='grc' dir='ltr'>μεγάλη,ἐγγῦς</span> <span class='ocrx_word' id='word_1_691' title='bbox 1731 4562 1818 4617; x_wconf 76' lang='grc' dir='ltr'>καὶ</span> 
     </span>
    </p>
   </div>
   <div class='ocr_carea' id='block_1_90' title="bbox 138 4651 1819 4737">
    <p class='ocr_par' dir='ltr' id='par_1_90' title="bbox 138 4651 1819 4737">
     <span class='ocr_line' id='line_1_90' title="bbox 138 4651 1819 4737; baseline -0.002 -29"><span class='ocrx_word' id='word_1_692' title='bbox 138 4662 365 4737; x_wconf 68' lang='grc' dir='ltr'>τειχινὴ</span> <span class='ocrx_word' id='word_1_693' title='bbox 428 4654 657 4734; x_wconf 71' lang='grc' dir='ltr'>σφόδρα*</span> <span class='ocrx_word' id='word_1_694' title='bbox 717 4654 871 4733; x_wconf 71' lang='grc' dir='ltr'>φωνή</span> <span class='ocrx_word' id='word_1_695' title='bbox 930 4654 964 4722; x_wconf 77' lang='grc' dir='ltr'>ἡ</span> <span class='ocrx_word' id='word_1_696' title='bbox 1021 4651 1233 4726; x_wconf 63' lang='grc' dir='ltr'>ἡμέρας</span> <span class='ocrx_word' id='word_1_697' title='bbox 1280 4652 1485 4725; x_wconf 83' lang='grc' dir='ltr'>Κυρίου</span> <span class='ocrx_word' id='word_1_698' title='bbox 1533 4652 1702 4725; x_wconf 82' lang='grc' dir='ltr'>πικρᾶ</span> <span class='ocrx_word' id='word_1_699' title='bbox 1730 4652 1819 4705; x_wconf 76' lang='grc' dir='ltr'>καὶ</span> 
     </span>
    </p>
   </div>
   <div class='ocr_carea' id='block_1_91' title="bbox 142 4740 1822 4823">
    <p class='ocr_par' dir='ltr' id='par_1_91' title="bbox 142 4740 1822 4823">
     <span class='ocr_line' id='line_1_91' title="bbox 142 4740 1822 4823; baseline 0.018 -18"><span class='ocrx_word' id='word_1_700' title='bbox 142 4750 384 4823; x_wconf 77' lang='grc' dir='ltr'>σκληρᾶ</span> <span class='ocrx_word' id='word_1_701' title='bbox 461 4746 729 4801; x_wconf 68' lang='grc' dir='ltr'>τέτακται·</span> <span class='ocrx_word' id='word_1_702' title='bbox 794 4740 992 4811; x_wconf 77' lang='grc' dir='ltr'>δυνατῆ</span> <span class='ocrx_word' id='word_1_703' title='bbox 1056 4742 1239 4814; x_wconf 60' lang='grc' dir='ltr'>ἡμέρα</span> <span class='ocrx_word' id='word_1_704' title='bbox 1292 4740 1457 4815; x_wconf 58' lang='grc' dir='ltr'>ὀργῆς</span> <span class='ocrx_word' id='word_1_705' title='bbox 1534 4744 1568 4811; x_wconf 70' lang='grc' dir='ltr'>ἡ</span> <span class='ocrx_word' id='word_1_706' title='bbox 1637 4742 1822 4815; x_wconf 53' lang='grc' dir='ltr'>ἡμέρα</span> 
     </span>
    </p>
   </div>
   <div class='ocr_carea' id='block_1_92' title="bbox 144 4828 1819 4909">
    <p class='ocr_par' dir='ltr' id='par_1_92' title="bbox 144 4828 1819 4909">
     <span class='ocr_line' id='line_1_92' title="bbox 144 4828 1819 4909; baseline -0.007 -15"><span class='ocrx_word' id='word_1_707' title='bbox 144 4840 368 4909; x_wconf 76' lang='grc' dir='ltr'>ἐκείνη,</span> <span class='ocrx_word' id='word_1_708' title='bbox 431 4836 617 4909; x_wconf 67' lang='grc' dir='ltr'>ἡμέρα</span> <span class='ocrx_word' id='word_1_709' title='bbox 665 4832 904 4905; x_wconf 85' lang='grc' dir='ltr'>θλίψεως</span> <span class='ocrx_word' id='word_1_710' title='bbox 951 4831 1041 4885; x_wconf 82' lang='grc' dir='ltr'>καὶ</span> <span class='ocrx_word' id='word_1_711' title='bbox 1088 4831 1346 4906; x_wconf 82' lang='grc' dir='ltr'>ἀνάγκης,</span> <span class='ocrx_word' id='word_1_712' title='bbox 1401 4831 1581 4903; x_wconf 65' lang='grc' dir='ltr'>ἡμέρα</span> <span class='ocrx_word' id='word_1_713' title='bbox 1626 4828 1819 4884; x_wconf 86' lang='grc' dir='ltr'>ταλαι-</span> 
     </span>
    </p>
   </div>
   <div class='ocr_carea' id='block_1_93' title="bbox 146 4918 1818 5004">
    <p class='ocr_par' dir='ltr' id='par_1_93' title="bbox 146 4918 1818 5004">
     <span class='ocr_line' id='line_1_93' title="bbox 146 4918 1818 5004; baseline -0.008 -20"><span class='ocrx_word' id='word_1_714' title='bbox 146 4928 381 5004; x_wconf 82' lang='grc' dir='ltr'>πωρίας</span> <span class='ocrx_word' id='word_1_715' title='bbox 437 4924 529 4979; x_wconf 84' lang='grc' dir='ltr'>καὶ</span> <span class='ocrx_word' id='word_1_716' title='bbox 587 4924 919 5000; x_wconf 66' lang='grc' dir='ltr'>ἀφανισμοῦ,</span> <span class='ocrx_word' id='word_1_717' title='bbox 966 4920 1147 4995; x_wconf 66' lang='grc' dir='ltr'>ἡμέρα</span> <span class='ocrx_word' id='word_1_718' title='bbox 1200 4918 1425 4982; x_wconf 83' lang='grc' dir='ltr'>σκότους</span> <span class='ocrx_word' id='word_1_719' title='bbox 1473 4918 1560 4973; x_wconf 77' lang='grc' dir='ltr'>καὶ</span> <span class='ocrx_word' id='word_1_720' title='bbox 1598 4920 1818 4995; x_wconf 75' lang='grc' dir='ltr'>γνόφου,</span> 
     </span>
    </p>
   </div>
   <div class='ocr_carea' id='block_1_94' title="bbox 262 5104 771 5176">
    <p class='ocr_par' dir='ltr' id='par_1_94' title="bbox 262 5104 771 5176">
     <span class='ocr_line' id='line_1_94' title="bbox 262 5104 771 5176; baseline -0.006 -13"><span class='ocrx_word' id='word_1_721' title='bbox 262 5109 350 5176; x_wconf 73' lang='grc'>14)</span> <span class='ocrx_word' id='word_1_722' title='bbox 375 5107 488 5161; x_wconf 83' lang='lat' dir='ltr'>lsa.</span> <span class='ocrx_word' id='word_1_723' title='bbox 516 5120 665 5171; x_wconf 78' lang='lat' dir='ltr'>va1,</span> <span class='ocrx_word' id='word_1_724' title='bbox 686 5104 771 5161; x_wconf 89' lang='grc'><strong>18.</strong></span> 
     </span>
    </p>
   </div>
   <div class='ocr_carea' id='block_1_95' title="bbox 227 5109 845 5252">
    <p class='ocr_par' dir='ltr' id='par_1_95' title="bbox 227 5109 845 5252">
     <span class='ocr_line' id='line_1_95' title="bbox 262 5109 771 5176; baseline -0.006 -13"><span class='ocrx_word' id='word_1_725' title='bbox 262 5109 350 5176; x_wconf 73' lang='grc'>14)</span> <span class='ocrx_word' id='word_1_726' title='bbox 375 5109 488 5161; x_wconf 86' lang='lat' dir='ltr'>lsa.</span> <span class='ocrx_word' id='word_1_727' title='bbox 516 5120 665 5171; x_wconf 77' lang='lat' dir='ltr'>var,</span> <span class='ocrx_word' id='word_1_728' title='bbox 686 5109 771 5161; x_wconf 80' lang='lat' dir='ltr'>I8.</span> 
     </span>
     <span class='ocr_line' id='line_1_96' title="bbox 227 5109 845 5252; baseline -0.008 -18"><span class='ocrx_word' id='word_1_729' title='bbox 227 5109 352 5252; x_wconf 55' lang='lat' dir='ltr'>i135)</span> <span class='ocrx_word' id='word_1_730' title='bbox 385 5176 537 5252; x_wconf 80' lang='lat' dir='ltr'>Ibid.</span> <span class='ocrx_word' id='word_1_731' title='bbox 570 5193 761 5245; x_wconf 80' lang='lat' dir='ltr'>xxxiv,</span> 
     </span>
    </p>
   </div>
   <div class='ocr_carea' id='block_1_96' title="bbox 225 5246 1008 5323">
    <p class='ocr_par' dir='ltr' id='par_1_96' title="bbox 225 5246 1008 5323">
     <span class='ocr_line' id='line_1_97' title="bbox 225 5246 1008 5323; baseline -0.008 -17"><span class='ocrx_word' id='word_1_732' title='bbox 225 5246 348 5323; x_wconf 80' lang='grc'>(16)</span> <span class='ocrx_word' id='word_1_733' title='bbox 376 5249 527 5303; x_wconf 89' lang='lat' dir='ltr'>Ibid.</span> <span class='ocrx_word' id='word_1_734' title='bbox 560 5265 681 5323; x_wconf 63' lang='lat' dir='ltr'>xm,</span> <span class='ocrx_word' id='word_1_735' title='bbox 712 5252 764 5315; x_wconf 86' lang='lat'>9,</span> <span class='ocrx_word' id='word_1_736' title='bbox 799 5248 887 5315; x_wconf 84' lang='grc'>10,</span> <span class='ocrx_word' id='word_1_737' title='bbox 920 5246 1008 5300; x_wconf 90' lang='grc'>11.</span> 
     </span>
    </p>
   </div>
   <div class='ocr_carea' id='block_1_97' title="bbox 227 5320 752 5465">
    <p class='ocr_par' dir='ltr' id='par_1_97' title="bbox 227 5320 752 5465">
     <span class='ocr_line' id='line_1_98' title="bbox 236 5320 752 5384; baseline -0.004 -8"><span class='ocrx_word' id='word_1_738' title='bbox 236 5320 335 5376; x_wconf 46' lang='grc'>’17⁷</span> <span class='ocrx_word' id='word_1_739' title='bbox 386 5322 499 5376; x_wconf 84' lang='lat' dir='ltr'>Isa.</span> <span class='ocrx_word' id='word_1_740' title='bbox 533 5336 585 5384; x_wconf 76' lang='grc' dir='ltr'>ν,</span> <span class='ocrx_word' id='word_1_741' title='bbox 622 5320 752 5374; x_wconf 89' lang='grc'><strong>18...</strong></span> 
     </span>
     <span class='ocr_line' id='line_1_99' title="bbox 227 5325 752 5465; baseline -0.01 -17"><span class='ocrx_word' id='word_1_742' title='bbox 227 5325 477 5465; x_wconf 62' lang='grc' dir='ltr'>ί18ίξίο</span> <span class='ocrx_word' id='word_1_743' title='bbox 510 5389 697 5465; x_wconf 75' lang='lat' dir='ltr'>codex</span> <span class='ocrx_word' id='word_1_744' title='bbox 723 5392 752 5444; x_wconf 72' lang='grc' dir='ltr'><em>Α</em></span> 
     </span>
    </p>
   </div>
   <div class='ocr_carea' id='block_1_98' title="bbox 148 5457 973 5535">
    <p class='ocr_par' dir='ltr' id='par_1_98' title="bbox 148 5457 973 5535">
     <span class='ocr_line' id='line_1_100' title="bbox 148 5457 973 5535; baseline -0.008 -15"><span class='ocrx_word' id='word_1_745' title='bbox 148 5457 319 5520; x_wconf 39' lang='grc' dir='ltr'>Οβτὸ</span> <span class='ocrx_word' id='word_1_746' title='bbox 348 5460 436 5519; x_wconf 77' lang='grc' dir='ltr'>ἅδ.</span> <span class='ocrx_word' id='word_1_747' title='bbox 464 5482 516 5517; x_wconf 86' lang='grc' dir='ltr'><strong>τ.</strong></span> <span class='ocrx_word' id='word_1_748' title='bbox 552 5457 602 5517; x_wconf 78' lang='grc' dir='ltr'><strong>δ.</strong></span> <span class='ocrx_word' id='word_1_749' title='bbox 634 5458 973 5535; x_wconf 73' lang='grc' dir='ltr'>αἱρούμενοι.</span> 
     </span>
    </p>
   </div>
   <div class='ocr_carea' id='block_1_99' title="bbox 338 5537 675 5609">
    <p class='ocr_par' dir='ltr' id='par_1_99' title="bbox 338 5537 675 5609">
     <span class='ocr_line' id='line_1_101' title="bbox 338 5537 675 5609; baseline -0.012 -18"><span class='ocrx_word' id='word_1_750' title='bbox 338 5539 355 5609; x_wconf 85' lang='grc'>)</span> <span class='ocrx_word' id='word_1_751' title='bbox 397 5538 507 5609; x_wconf 87' lang='lat' dir='ltr'>Isa.</span> <span class='ocrx_word' id='word_1_752' title='bbox 539 5551 600 5597; x_wconf 84' lang='lat' dir='ltr'>x,</span> <span class='ocrx_word' id='word_1_753' title='bbox 622 5537 675 5587; x_wconf 88' lang='lat'>2.</span> 
     </span>
    </p>
   </div>
   <div class='ocr_carea' id='block_1_100' title="bbox 1933 4563 3577 4635">
    <p class='ocr_par' dir='ltr' id='par_1_100' title="bbox 1933 4563 3577 4635">
     <span class='ocr_line' id='line_1_102' title="bbox 1933 4563 3577 4635; baseline -0.002 -16"><span class='ocrx_word' id='word_1_754' title='bbox 1933 4564 2057 4619; x_wconf 92' lang='lat' dir='ltr'>dies</span> <span class='ocrx_word' id='word_1_755' title='bbox 2078 4565 2313 4619; x_wconf 86' lang='lat' dir='ltr'>Domini</span> <span class='ocrx_word' id='word_1_756' title='bbox 2340 4580 2553 4635; x_wconf 86' lang='lat' dir='ltr'>magna</span> <span class='ocrx_word' id='word_1_757' title='bbox 2577 4568 2635 4617; x_wconf 90' lang='lat' dir='ltr'>et</span> <span class='ocrx_word' id='word_1_758' title='bbox 2659 4563 2827 4618; x_wconf 84' lang='lat' dir='ltr'>velox</span> <span class='ocrx_word' id='word_1_759' title='bbox 2853 4563 3181 4619; x_wconf 87' lang='lat' dir='ltr'>nimis.Vox</span> <span class='ocrx_word' id='word_1_760' title='bbox 3204 4563 3321 4618; x_wconf 91' lang='lat' dir='ltr'>diei</span> <span class='ocrx_word' id='word_1_761' title='bbox 3342 4563 3577 4617; x_wconf 93' lang='lat' dir='ltr'>Domini</span> 
     </span>
    </p>
   </div>
   <div class='ocr_carea' id='block_1_101' title="bbox 1931 4651 3580 4717">
    <p class='ocr_par' dir='ltr' id='par_1_101' title="bbox 1931 4651 3580 4717">
     <span class='ocr_line' id='line_1_103' title="bbox 1931 4651 3580 4717; baseline -0.002 -9"><span class='ocrx_word' id='word_1_762' title='bbox 1931 4670 2152 4717; x_wconf 81' lang='lat' dir='ltr'>amara,</span> <span class='ocrx_word' id='word_1_763' title='bbox 2178 4653 2564 4707; x_wconf 90' lang='lat' dir='ltr'>tribulabitur</span> <span class='ocrx_word' id='word_1_764' title='bbox 2585 4652 2916 4707; x_wconf 86' lang='lat' dir='ltr'>fortis.Dies</span> <span class='ocrx_word' id='word_1_765' title='bbox 2941 4653 3042 4706; x_wconf 72' lang='lat' dir='ltr'>iraa</span> <span class='ocrx_word' id='word_1_766' title='bbox 3066 4652 3192 4707; x_wconf 87' lang='lat' dir='ltr'>dies</span> <span class='ocrx_word' id='word_1_767' title='bbox 3211 4651 3468 4713; x_wconf 88' lang='lat' dir='ltr'>illa,dies</span> <span class='ocrx_word' id='word_1_768' title='bbox 3485 4652 3580 4705; x_wconf 85' lang='lat' dir='ltr'>tri-</span> 
     </span>
    </p>
   </div>
   <div class='ocr_carea' id='block_1_102' title="bbox 1929 4740 3577 4814">
    <p class='ocr_par' dir='ltr' id='par_1_102' title="bbox 1929 4740 3577 4814">
     <span class='ocr_line' id='line_1_104' title="bbox 1929 4740 3577 4814; baseline 0 -19"><span class='ocrx_word' id='word_1_769' title='bbox 1929 4742 2252 4796; x_wconf 86' lang='lat' dir='ltr'>bulationis</span> <span class='ocrx_word' id='word_1_770' title='bbox 2277 4748 2333 4796; x_wconf 90' lang='lat' dir='ltr'>et</span> <span class='ocrx_word' id='word_1_771' title='bbox 2357 4742 2664 4814; x_wconf 64' lang='lat' dir='ltr'>angustias,</span> <span class='ocrx_word' id='word_1_772' title='bbox 2692 4740 2816 4796; x_wconf 89' lang='lat' dir='ltr'>dies</span> <span class='ocrx_word' id='word_1_773' title='bbox 2841 4741 3197 4797; x_wconf 88' lang='lat' dir='ltr'>calamitatis</span> <span class='ocrx_word' id='word_1_774' title='bbox 3222 4747 3280 4795; x_wconf 88' lang='lat' dir='ltr'>et</span> <span class='ocrx_word' id='word_1_775' title='bbox 3302 4741 3577 4803; x_wconf 73' lang='lat' dir='ltr'>miserisa,</span> 
     </span>
    </p>
   </div>
   <div class='ocr_carea' id='block_1_103' title="bbox 1932 4829 3577 4901">
    <p class='ocr_par' dir='ltr' id='par_1_103' title="bbox 1932 4829 3577 4901">
     <span class='ocr_line' id='line_1_105' title="bbox 1932 4829 3577 4901; baseline 0.001 -18"><span class='ocrx_word' id='word_1_776' title='bbox 1932 4829 2057 4883; x_wconf 91' lang='lat' dir='ltr'>dies</span> <span class='ocrx_word' id='word_1_777' title='bbox 2073 4831 2451 4885; x_wconf 87' lang='lat' dir='ltr'>tenebrarum</span> <span class='ocrx_word' id='word_1_778' title='bbox 2467 4836 2524 4884; x_wconf 91' lang='lat' dir='ltr'>et</span> <span class='ocrx_word' id='word_1_779' title='bbox 2537 4830 2963 4901; x_wconf 85' lang='lat' dir='ltr'>caliginis,dies</span> <span class='ocrx_word' id='word_1_780' title='bbox 2980 4830 3214 4885; x_wconf 74' lang='lat' dir='ltr'>nebulaa</span> <span class='ocrx_word' id='word_1_781' title='bbox 3230 4836 3288 4884; x_wconf 89' lang='lat' dir='ltr'>et</span> <span class='ocrx_word' id='word_1_782' title='bbox 3304 4829 3577 4896; x_wconf 91' lang='lat' dir='ltr'>turbinis,</span> 
     </span>
    </p>
   </div>
   <div class='ocr_carea' id='block_1_104' title="bbox 1934 4919 3578 4992">
    <p class='ocr_par' dir='ltr' id='par_1_104' title="bbox 1934 4919 3578 4992">
     <span class='ocr_line' id='line_1_106' title="bbox 1934 4919 3578 4992; baseline 0.001 -19"><span class='ocrx_word' id='word_1_783' title='bbox 1934 4919 2061 4975; x_wconf 90' lang='lat' dir='ltr'>dies</span> <span class='ocrx_word' id='word_1_784' title='bbox 2077 4920 2229 4977; x_wconf 74' lang='lat' dir='ltr'>tubae</span> <span class='ocrx_word' id='word_1_785' title='bbox 2249 4926 2307 4975; x_wconf 90' lang='lat' dir='ltr'>et</span> <span class='ocrx_word' id='word_1_786' title='bbox 2327 4920 2620 4992; x_wconf 85' lang='lat' dir='ltr'>clangoris</span> <span class='ocrx_word' id='word_1_787' title='bbox 2646 4936 2824 4992; x_wconf 88' lang='lat' dir='ltr'>super</span> <span class='ocrx_word' id='word_1_788' title='bbox 2844 4920 3106 4976; x_wconf 89' lang='lat' dir='ltr'>civitates</span> <span class='ocrx_word' id='word_1_789' title='bbox 3123 4922 3467 4987; x_wconf 88' lang='lat' dir='ltr'>munitas,et</span> <span class='ocrx_word' id='word_1_790' title='bbox 3481 4936 3578 4975; x_wconf 88' lang='lat' dir='ltr'>su-</span> 
     </span>
    </p>
   </div>
   <div class='ocr_carea' id='block_1_105' title="bbox 384 5384 1810 5463">
    <p class='ocr_par' dir='ltr' id='par_1_105' title="bbox 384 5385 1810 5463">
     <span class='ocr_line' id='line_1_107' title="bbox 384 5385 1810 5463; baseline -0.006 -17"><span class='ocrx_word' id='word_1_791' title='bbox 384 5393 477 5463; x_wconf 85' lang='lat' dir='ltr'>_Sic</span> <span class='ocrx_word' id='word_1_792' title='bbox 510 5389 697 5463; x_wconf 81' lang='lat' dir='ltr'>codex</span> <span class='ocrx_word' id='word_1_793' title='bbox 723 5388 941 5463; x_wconf 65' lang='lat' dir='ltr'>Aelim</span> <span class='ocrx_word' id='word_1_794' title='bbox 967 5405 981 5454; x_wconf 88' lang='lat'><strong>;</strong></span> <span class='ocrx_word' id='word_1_795' title='bbox 1009 5404 1170 5445; x_wconf 90' lang='lat' dir='ltr'>nunc</span> <span class='ocrx_word' id='word_1_796' title='bbox 1192 5403 1223 5442; x_wconf 91' lang='lat' dir='ltr'>e</span> <span class='ocrx_word' id='word_1_797' title='bbox 1255 5388 1648 5456; x_wconf 88' lang='lat' dir='ltr'>correctione,</span> <span class='ocrx_word' id='word_1_798' title='bbox 1680 5387 1742 5441; x_wconf 84' lang='grc' dir='ltr'>τὸ</span> <span class='ocrx_word' id='word_1_799' title='bbox 1770 5385 1810 5442; x_wconf 63' lang='lat' dir='ltr'>at;</span> 
     </span>
    </p>
   </div>
   <div class='ocr_carea' id='block_1_106' title="bbox 1926 5384 3581 5463">
    <p class='ocr_par' dir='ltr' id='par_1_106' title="bbox 1928 5384 3581 5463">
     <span class='ocr_line' id='line_1_108' title="bbox 1928 5384 3581 5463; baseline 0.002 -21"><span class='ocrx_word' id='word_1_800' title='bbox 1928 5408 1955 5442; x_wconf 87' lang='grc' dir='ltr'>ν</span> <span class='ocrx_word' id='word_1_801' title='bbox 1984 5388 2081 5443; x_wconf 84' lang='grc' dir='ltr'>τοῦ</span> <span class='ocrx_word' id='word_1_802' title='bbox 2112 5384 2161 5446; x_wconf 84' lang='grc' dir='ltr'><strong>ὃ.</strong></span> <span class='ocrx_word' id='word_1_803' title='bbox 2194 5384 2302 5462; x_wconf 80' lang='grc' dir='ltr'>αἶ’ρ.</span> <span class='ocrx_word' id='word_1_804' title='bbox 2336 5388 2503 5456; x_wconf 88' lang='lat' dir='ltr'>Quod</span> <span class='ocrx_word' id='word_1_805' title='bbox 2532 5390 2667 5447; x_wconf 91' lang='lat' dir='ltr'>dedi</span> <span class='ocrx_word' id='word_1_806' title='bbox 2699 5396 2789 5448; x_wconf 85' lang='lat' dir='ltr'>est</span> <span class='ocrx_word' id='word_1_807' title='bbox 2818 5390 2947 5463; x_wconf 87' lang='lat' dir='ltr'>ipsa</span> <span class='ocrx_word' id='word_1_808' title='bbox 2994 5390 3160 5448; x_wconf 66' lang='lat' dir='ltr'>Isaia</span> <span class='ocrx_word' id='word_1_809' title='bbox 3204 5388 3379 5447; x_wconf 82' lang='lat' dir='ltr'>lectio</span> <span class='ocrx_word' id='word_1_810' title='bbox 3407 5407 3461 5461; x_wconf 74' lang='grc' dir='ltr'>ν,</span> <span class='ocrx_word' id='word_1_811' title='bbox 3491 5390 3581 5446; x_wconf 81' lang='lat'>23.</span> 
     </span>
    </p>
   </div>
   <div class='ocr_carea' id='block_1_107' title="bbox 227 5538 1810 5751">
    <p class='ocr_par' dir='ltr' id='par_1_107' title="bbox 227 5538 1810 5751">
     <span class='ocr_line' id='line_1_109' title="bbox 227 5538 1810 5692; baseline -0.001 -28"><span class='ocrx_word' id='word_1_812' title='bbox 386 5538 777 5687; x_wconf 34' lang='lat' dir='ltr'>Ilssgioaaxigxtus</span> <span class='ocrx_word' id='word_1_813' title='bbox 808 5603 1049 5661; x_wconf 87' lang='lat' dir='ltr'>exhibet</span> <span class='ocrx_word' id='word_1_814' title='bbox 1093 5623 1145 5673; x_wconf 76' lang='grc' dir='ltr'>ν,</span> <span class='ocrx_word' id='word_1_815' title='bbox 1193 5610 1284 5672; x_wconf 78' lang='grc'>24,</span> <span class='ocrx_word' id='word_1_816' title='bbox 1344 5603 1654 5679; x_wconf 72' lang='grc' dir='ltr'>ἀνειμένης,</span> <span class='ocrx_word' id='word_1_817' title='bbox 1711 5622 1810 5679; x_wconf 71' lang='lat' dir='ltr'>qui</span> 
     </span>
     <span class='ocr_line' id='line_1_110' title="bbox 227 5676 1810 5751; baseline 0 -17"><span class='ocrx_word' id='word_1_818' title='bbox 227 5699 295 5751; x_wconf 68' lang='grc' dir='ltr'>»ρο</span> <span class='ocrx_word' id='word_1_819' title='bbox 332 5695 464 5751; x_wconf 77' lang='lat' dir='ltr'>ipse</span> <span class='ocrx_word' id='word_1_820' title='bbox 498 5678 683 5751; x_wconf 75' lang='lat' dir='ltr'>Isaias</span> <span class='ocrx_word' id='word_1_821' title='bbox 709 5676 871 5751; x_wconf 14' lang='lat' dir='ltr'>1v,75,</span> <span class='ocrx_word' id='word_1_822' title='bbox 896 5676 1065 5750; x_wconf 85' lang='grc' dir='ltr'>πυρὸς</span> <span class='ocrx_word' id='word_1_823' title='bbox 1094 5679 1430 5751; x_wconf 70' lang='grc' dir='ltr'>καιομένους</span> <span class='ocrx_word' id='word_1_824' title='bbox 1464 5694 1522 5747; x_wconf 82' lang='lat' dir='ltr'>x,</span> <span class='ocrx_word' id='word_1_825' title='bbox 1558 5682 1642 5751; x_wconf 83' lang='grc'>17,</span> <span class='ocrx_word' id='word_1_826' title='bbox 1677 5677 1729 5735; x_wconf 78' lang='grc' dir='ltr'>ἐν</span> <span class='ocrx_word' id='word_1_827' title='bbox 1762 5698 1810 5734; x_wconf 65' lang='grc' dir='ltr'>π1</span> 
     </span>
    </p>
   </div>
   <div class='ocr_carea' id='block_1_108' title="bbox 1926 5538 3587 5751">
    <p class='ocr_par' dir='ltr' id='par_1_108' title="bbox 1927 5604 3587 5751">
     <span class='ocr_line' id='line_1_111' title="bbox 1928 5604 3587 5751; baseline -0.005 -91"><span class='ocrx_word' id='word_1_828' title='bbox 1928 5620 2049 5661; x_wconf 91' lang='lat' dir='ltr'>non</span> <span class='ocrx_word' id='word_1_829' title='bbox 2064 5605 2496 5751; x_wconf 53' lang='lat' dir='ltr'>Ppraetulerim.</span> <span class='ocrx_word' id='word_1_830' title='bbox 2542 5606 2738 5663; x_wconf 65' lang='lat' dir='ltr'>Poeta:</span> <span class='ocrx_word' id='word_1_831' title='bbox 2770 5607 2953 5663; x_wconf 64' lang='grc' dir='ltr'>(ἕτωοὶ</span> <span class='ocrx_word' id='word_1_832' title='bbox 2987 5607 3269 5663; x_wconf 82' lang='lat' dir='ltr'>dixerunt</span> <span class='ocrx_word' id='word_1_833' title='bbox 3297 5604 3587 5677; x_wconf 68' lang='grc' dir='ltr'>αῗθόμενον</span> 
     </span>
     <span class='ocr_line' id='line_1_112' title="bbox 1927 5696 2227 5748; baseline 0.007 -17"><span class='ocrx_word' id='word_1_834' title='bbox 1927 5696 2055 5731; x_wconf 87' lang='grc' dir='ltr'>καιο</span> <span class='ocrx_word' id='word_1_835' title='bbox 2132 5696 2227 5748; x_wconf 82' lang='grc' dir='ltr'>νῳ.</span> 
     </span>
    </p>
   </div>
   <div class='ocr_carea' id='block_1_109' title="bbox 145 5674 1810 5754">
    <p class='ocr_par' dir='ltr' id='par_1_109' title="bbox 145 5674 1810 5754">
     <span class='ocr_line' id='line_1_113' title="bbox 145 5674 1810 5754; baseline 0 -20"><span class='ocrx_word' id='word_1_836' title='bbox 332 5674 464 5754; x_wconf 72' lang='lat' dir='ltr'>ipse</span> <span class='ocrx_word' id='word_1_837' title='bbox 498 5677 683 5754; x_wconf 80' lang='lat' dir='ltr'>Isaias</span> <span class='ocrx_word' id='word_1_838' title='bbox 709 5676 871 5754; x_wconf 81' lang='lat' dir='ltr'>iv,_5,</span> <span class='ocrx_word' id='word_1_839' title='bbox 896 5676 1065 5750; x_wconf 84' lang='grc' dir='ltr'>πυρὸς</span> <span class='ocrx_word' id='word_1_840' title='bbox 1094 5679 1430 5754; x_wconf 71' lang='grc' dir='ltr'>καιομένους</span> <span class='ocrx_word' id='word_1_841' title='bbox 1464 5674 1522 5747; x_wconf 79' lang='lat' dir='ltr'>x,</span> <span class='ocrx_word' id='word_1_842' title='bbox 1558 5674 1649 5753; x_wconf 57' lang='grc'><strong>1⁵1,</strong></span> <span class='ocrx_word' id='word_1_843' title='bbox 1677 5674 1810 5735; x_wconf 50' lang='grc' dir='ltr'>ἐν-πτ</span> 
     </span>
    </p>
   </div>
   <div class='ocr_carea' id='block_1_110' title="bbox 1926 5674 2055 5754">
    <p class='ocr_par' dir='ltr' id='par_1_110' title="bbox 1927 5696 2055 5731">
     <span class='ocr_line' id='line_1_114' title="bbox 1927 5696 2055 5731; baseline -0.008 0"><span class='ocrx_word' id='word_1_844' title='bbox 1927 5696 2055 5731; x_wconf 87' lang='grc' dir='ltr'>καιο</span> 
     </span>
    </p>
   </div>
   <div class='ocr_carea' id='block_1_111' title="bbox 228 5750 1025 5827">
    <p class='ocr_par' dir='ltr' id='par_1_111' title="bbox 228 5750 1025 5827">
     <span class='ocr_line' id='line_1_115' title="bbox 228 5750 1025 5827; baseline -0.004 -18"><span class='ocrx_word' id='word_1_845' title='bbox 228 5750 379 5827; x_wconf 56' lang='grc'>(21)</span> <span class='ocrx_word' id='word_1_846' title='bbox 394 5750 653 5823; x_wconf 87' lang='lat' dir='ltr'>Sophon.</span> <span class='ocrx_word' id='word_1_847' title='bbox 686 5764 727 5816; x_wconf 82' lang='lat'>1,</span> <span class='ocrx_word' id='word_1_848' title='bbox 761 5750 827 5802; x_wconf 77' lang='grc'>14</span> <span class='ocrx_word' id='word_1_849' title='bbox 858 5764 1025 5821; x_wconf 86' lang='lat' dir='ltr'>seqq.</span> 
     </span>
    </p>
   </div>
   <div class='ocr_carea' id='block_1_112' title="bbox 458 5866 1151 5930">
    <p class='ocr_par' dir='ltr' id='par_1_112' title="bbox 458 5866 1151 5930">
     <span class='ocr_line' id='line_1_116' title="bbox 458 5866 1151 5930; baseline 0 0"><span class='ocrx_word' id='word_1_850' title='bbox 458 5869 727 5930; x_wconf 77' lang='grc' dir='ltr'>ΡΑτιιοι..</span> <span class='ocrx_word' id='word_1_851' title='bbox 776 5867 887 5929; x_wconf 77' lang='lat' dir='ltr'>Gn.</span> <span class='ocrx_word' id='word_1_852' title='bbox 942 5866 1151 5930; x_wconf 84' lang='lat' dir='ltr'>XCVI.</span> 
     </span>
    </p>
   </div>
   <div class='ocr_carea' id='block_1_113' title="bbox 2132 5696 2227 5748">
    <p class='ocr_par' dir='ltr' id='par_1_113' title="bbox 2132 5696 2227 5748">
     <span class='ocr_line' id='line_1_117' title="bbox 2132 5696 2227 5748; baseline 0 -20"><span class='ocrx_word' id='word_1_853' title='bbox 2132 5696 2227 5748; x_wconf 82' lang='grc' dir='ltr'>νῳ.</span> 
     </span>
    </p>
   </div>
   <div class='ocr_carea' id='block_1_114' title="bbox 3244 5869 3316 5925">
    <p class='ocr_par' dir='ltr' id='par_1_114' title="bbox 3244 5869 3316 5925">
     <span class='ocr_line' id='line_1_118' title="bbox 3244 5869 3316 5925; baseline 0.014 -1"><span class='ocrx_word' id='word_1_854' title='bbox 3244 5869 3316 5925; x_wconf 78' lang='grc'>30</span> 
     </span>
    </p>
   </div>
  </div>
