3952 6202
483 386 589 440 943

1999 377 2370 433 ADDENDA.
3674 388 3743 444 ιιι

491 505 795 580 excepisti,
824 522 891 561 ac
921 503 1180 558 libenter
1209 500 1472 566 audiisti,
1503 499 1655 555 nihil
1689 515 1757 554 ex
1789 499 1874 554 eis
1905 499 2052 555 emo]

2190 503 2219 569 λ
2249 500 2603 574 ταμελεῖσθαι
2653 502 2739 558 ἐπῖ
2786 503 3066 582 πράγματι
3125 504 3451 578 παρελθόντι·
3478 510 3550 562 καὶ
3577 506 3660 563 {Boii
3682 533 3751 565 m-

488 599 671 656 menti
697 601 1051 651 consecutus
1075 609 1154 647 es.
1183 590 1476 646 Admonui
1503 591 1660 644 enim
1693 595 1772 654 te,
1807 606 1879 643 ne
1908 589 1980 643 ob
2013 606 2141 644 rem

488 689 848 761 praeteritam
884 682 1231 756 paenitentia
1257 679 1558 735 ducereris
1581 697 1593 747 ;
1615 685 1673 734 et
1695 696 1829 733 ecce
1882 695 2142 734 mmrore

483 777 872 833 conturbatus
891 792 974 838 es,
997 779 1306 844 propterea
1326 770 1483 841 quod
1507 787 1538 823 e
1571 768 1846 823 manibus
1864 769 1982 822 tuis
2004 768 2141 840 fuga

481 887 574 926 me
600 865 1006 931 subduxerim,
1030 862 1379 935 pmnitentia
1400 859 1676 915 videlicet
1698 859 1769 914 ob
1785 875 1910 914 rem
1926 864 2141 930 prmte-

485 960 660 1014 ritam
684 957 950 1010 afTectus.
978 951 1235 1022 Prmcepi
1271 950 1374 1004 tibi
1409 966 1480 1004 ne
1500 966 1570 1004 ea
1596 967 1728 1021 quas
1755 948 1993 1019 assequi
2017 965 2138 1003 non

486 1063 690 1120 posses
712 1042 1135 1116 aggredereris,
1160 1046 1217 1093 et
1241 1046 1438 1094 tamen
1463 1039 1724 1108 arripere
1757 1055 1850 1092 me
1879 1038 2134 1107 conaris,

489 1153 623 1191 cum
647 1137 758 1188 iter
772 1149 969 1188 meum
991 1129 1226 1200 assequi
1247 1127 1626 1199 nequeas.Ad
1641 1128 1766 1181 haec
1785 1127 1844 1180 id
1859 1126 2134 1197 quodque

491 1226 594 1279 tibi
615 1224 792 1290 edixi,
814 1240 888 1276 ne
910 1218 1244 1276 incredibili
1265 1218 1524 1272 sermoni
1543 1217 1718 1270 ﬁdem
1741 1221 2138 1287 arrogares,et

488 1320 687 1370 tamen
708 1314 766 1367 in
785 1310 1107 1366 visceribus
1125 1308 1273 1362 meis
1288 1307 1572 1372 unionem
1595 1310 1836 1360 staturae
1855 1321 2002 1359 meae
2019 1322 2138 1359 mo-

486 1404 625 1457 dum
652 1398 1244 1456 excedenteminesse
1264 1394 1600 1459 credidisti;
1620 1409 1816 1464 neque
1837 1393 2134 1448 tantulum

485 1493 591 1546 tibi
617 1489 947 1562 prudentia)
970 1487 1099 1548 fuit,
1125 1491 1189 1538 ut
1212 1484 1577 1555 intelligeres
1603 1498 1696 1536 me
1720 1487 1904 1536 totam
1937 1481 2012 1536 ad
2043 1482 2134 1536 ovi

2255 591 2460 665 εχύθης
2491 595 2560 665 τῇ
2594 589 2740 667 λύπῃ
2773 593 2856 648 ὅτι
2906 615 3004 648 σου
3053 594 3148 657 τὰς
3205 601 3386 671 χεῖρας
3415 595 3628 673 ἐξέφυγον,
3655 622 3755 670 μετι-

2253 677 2564 753 μελόμενος
2621 681 2708 736 ἐπὶ
2767 682 3045 758 πράγματι
3103 683 3436 758 παρελθόντι.
3487 687 3762 760 Ἑνετειλάμην

2250 789 2336 822 σοι
2390 770 2466 841 μή
2522 769 2824 845 ἐπιχειρεῖν
2889 777 2996 826 τῶν
3074 773 3364 850 ἀνεφίκτων
3419 775 3654 851 ἐφικέσθαι,
3707 779 3760 831 ιιιὶ

2247 862 2406 932 πειρᾷ
2437 865 2730 934 κατασχεῖν
2791 882 2878 934 με,
2941 862 3017 934 μὴ
3070 859 3362 934 δυνάμενος
3403 870 3492 932 τῆς
3519 863 3628 934 ἐμῆς
3653 864 3765 942 ἐξικξ.

2246 957 2365 1010 σθαι
2398 947 2643 1021 πορείας.
2679 949 2821 1022 Πρὸς
2849 950 3072 1011 τούτοις
3125 947 3182 1005 δὲ
3229 951 3317 1005 καὶ
3369 952 3563 1006 ἄπιστον
3591 952 3698 1026 ῥῆμα
3719 957 3764 1025 μὴ

2245 1036 2514 1092 πιστεύειν
2575 1059 2660 1092 σοι
2736 1036 3110 1112 διετειλάμην·
3199 1040 3325 1095 ἀλλ’
3401 1038 3507 1095 iaci)
3557 1043 3772 1107 inimum

2247 1125 2513 1200 ὑπάρχειν
2546 1125 2596 1180 ἐν
2628 1132 2745 1191 τοῖς
2801 1127 3050 1204 ἐγκάτοις
3109 1151 3213 1202 μου
3268 1130 3571 1206 μαργαρίτην
3603 1128 3774 1206 {megal-

2243 1234 2406 1268 νοντα
2433 1215 2494 1269 τὸ
2525 1215 2720 1290 μέτρον
2751 1223 2850 1286 τῆς
2903 1216 3132 1286 ἡλικίας
3186 1239 3312 1291 μου,
3339 1219 3420 1272 καὶ
3458 1218 3543 1272 ούκ
3567 1219 3777 1295 ἐφθόνησας

2247 1303 2480 1357 συνιέναι
2513 1304 2595 1358 ὅτι
2628 1303 2734 1375 ὅλη
2786 1303 2891 1381 ἐγὼ
2938 1305 3036 1360 οὐκ
3083 1306 3400 1384 ἐφικνοῦμαι
3427 1313 3498 1379 τῷ
3527 1308 3690 1382 μεγέθει
3714 1313 3778 1362 τῶν

2243 1396 2340 1446 τοῦ
2372 1391 2794 1467 στρουθομήλου
2835 1393 2982 1462 ὠῶν,
3033 1395 3123 1450 καὶ
3171 1401 3288 1458 πῶς
3337 1396 3635 1472 μαργαρίτην
3657 1403 3778 1451 10:05-

2243 1502 2334 1536 τον
2369 1481 2632 1558 ἐχώρησα
2663 1483 2712 1537 ἐν
2745 1482 2892 1557 ἐμοί.

485 1578 837 1635 struthionis
866 1573 1336 1648 magnitudinem
1369 1571 1617 1627 minime
1646 1570 1948 1627 accedere.
1981 1571 2247 1637 Quonam
2277 1573 2478 1645 itaque
2503 1579 2674 1647 pacto
2706 1579 2937 1631 tantum
2968 1577 3253 1633 unionem
3285 1577 3657 1650 corpusculum
3681 1575 3783 1631 istud

467 1669 768 1742 _caperet?

556 1759 643 1815 Ad
658 1761 815 1814 hunc
833 1758 1011 1830 igitur
1023 1755 1265 1811 modum
1280 1753 1370 1808 illi
1383 1769 1617 1824 quoque
1632 1752 1692 1806 in
1711 1767 1943 1806 summa
1956 1751 2117 1806 stulti

2325 1750 2505 1814 Οὕτως
2564 1753 2652 1807 οὗν
2713 1753 3095 1825 ἀνοηταινουσι
3151 1755 3239 1810 καὶ
3321 1756 3372 1810 οἱ
3425 1754 3697 1818 πεποιθότες
3735 1754 3788 1808 ἐπὶ

483 1851 564 1905 tia
597 1854 924 1915 versantur,
950 1846 1051 1918 qui
1074 1847 1136 1899 in
1171 1843 1506 1900 simulacris
1538 1841 1867 1897 conﬁdunt.
1894 1842 2035 1895 Nam
2068 1857 2137 1895 ea

485 1940 759 1995 manibus
780 1938 903 1993 suis
922 1937 1333 1998 etTecerunt,et
1354 1949 1533 2004 opera
1554 1931 1874 2004 digitorum
1891 1947 2134 1985 suorum

487 2032 756 2096 adorant,
791 2029 1083 2083 dicentes:
1122 2025 1187 2079 Hi
1239 2023 1481 2094 opiﬁces
1512 2021 1700 2076 nostri
1740 2027 1897 2075 sunt.
1931 2021 2038 2085 Qui
2072 2020 2138 2075 ﬁt

487 2121 664 2191 igitur
684 2126 745 2172 ut
767 2135 865 2173 eos
889 2133 1037 2186 quos
1051 2116 1376 2169 effecerunt
1392 2118 1450 2166 et
1469 2110 2136 2181 condiderunt,opiﬁces

495 2225 634 2262 suos
652 2224 780 2262 esse
805 2203 1124 2260 censeant?
1144 2203 1294 2268 Quin
1314 2201 1492 2255 etiam
1511 2216 1644 2254 cum
1679 2216 1747 2254 ea
1771 2215 1984 2271 magno
2012 2204 2139 2252 stu-

493 2297 587 2352 dio
607 2294 964 2357 custodiant,
989 2309 1062 2348 ne
1085 2289 1364 2346 afuribus
1381 2288 2016 2360 subripiantur,tamen
2040 2303 2135 2343 sa-

485 2387 628 2441 lutis
651 2402 770 2439 suae
793 2382 1069 2438 custodes
1096 2384 1464 2450 nuncupant.
1488 2378 1826 2448 Atqui,quaa
1849 2375 2137 2432 haacstul-

485 2477 614 2530 titia
636 2480 743 2539 est,
768 2471 918 2527 illud
939 2489 1057 2526 non
1083 2469 1413 2541 intelligere
1437 2468 1564 2522 ﬁeri
1589 2484 1709 2522 non
1731 2483 1922 2538 posse,
1947 2472 2011 2521 ut
2034 2467 2135 2536 qui

485 2565 597 2620 sibi
623 2563 767 2634 ipsis
781 2579 952 2633 opem
968 2561 1122 2614 ferre
1145 2575 1213 2614 ac
1231 2575 1292 2613 se
1316 2557 1467 2612 tueri
1485 2556 1966 2627 nequeunt,alios
1981 2555 2134 2610 tueri

478 2669 546 2707 ac
572 2667 802 2705 servare
821 2647 1082 2720 possint?
1095 2649 1175 2700 Ac
1189 2649 1474 2716 praeterea
1487 2660 1629 2715 opes
1643 2659 1779 2698 suas
1793 2641 2129 2709 effundunt,

479 2739 622 2794 dum
641 2745 863 2793 statuas
885 2742 942 2791 et
958 2734 1276 2790 simulacra
1289 2731 1660 2787 daemonibus
1685 2731 1966 2798 excitant,
1997 2747 2132 2784 eos-

479 2845 595 2899 que
607 2828 899 2882 bonorum
915 2825 1151 2880 datores
1167 2839 1295 2878 esse
1308 2826 1610 2894 nugantur
1623 2820 1695 2875 ab
1711 2821 1783 2875 iis
1799 2837 1867 2875 ea
1882 2819 1994 2875 sibi
2008 2818 2135 2874 dari

480 2935 611 2990 quas
635 2934 745 2972 nec
764 2915 876 2987 ipsi
900 2931 1163 2986 unquam
1182 2912 1660 2976 habuerunt,nec
1681 2927 1946 2981 unquam
1966 2908 2134 2963 habi-

480 3009 595 3062 turi
620 3013 778 3062 sunt.
803 3008 1005 3077 quue
1028 3003 1270 3059 nomine
1293 3002 1579 3072 scriptum
1607 3005 1728 3055 est:
1763 2999 1986 3054 Similis
2009 2997 2130 3052 illis

479 3099 646 3163 ﬁant,
677 3097 777 3167 qui
799 3095 1025 3150 faciunt
1046 3109 1134 3158 ea,
1159 3098 1218 3146 et
1237 3107 1444 3146 omnes
1475 3089 1575 3160 qui
1607 3088 1919 3144 conﬁdunt
1947 3088 2008 3141 in
2042 3085 2129 3140 eis

479 3188 644 3256 (Psal.
669 3186 841 3254 cmi).
862 3185 968 3249 Qui
998 3181 1240 3253 quidem
1267 3179 1508 3235 auriﬁce
1540 3178 1812 3233 mercede
1846 3176 2144 3232 conducto

487 3276 871 3331 simulacrum
906 3289 1084 3328 manu
1109 3272 1452 3334 effecerunt,
1478 3285 1543 3322 ac
1566 3284 1751 3339 prono
1773 3282 2019 3338 corpore
2045 3265 2133 3338 ip.

481 3383 612 3421 sum
628 3361 1250 3420 adoraruntllumeris
1264 3358 1413 3413 illud
1431 3357 1648 3412 tollunt
1661 3373 1728 3411 ac
1742 3357 2132 3428 proﬁciscun-

475 3459 601 3517 tur;
623 3453 884 3506 siautem
903 3450 1097 3520 ipsum
1114 3447 1343 3518 uspiam
1359 3445 1728 3511 collocarint,
1755 3445 1877 3498 illic
1901 3450 2124 3512 manet,

474 3558 584 3594 nec
607 3540 823 3594 moveri
840 3543 1052 3608 potest.
1071 3533 1738 3606 thuantumlibetquis
1765 3533 1876 3604 ipsi
1901 3533 2125 3588 clama-

469 3628 762 3688 verit,non
779 3626 1187 3687 exaudiet,nec
1203 3641 1272 3677 ex
1284 3623 1721 3677 calamitatibus
1738 3638 1872 3675 eum
1888 3621 2118 3692 eripiet.

470 3717 862 3782 Quamobrem
889 3713 1330 3769 confundantur
1345 3713 1442 3784 qui
1460 3713 1519 3765 in
1536 3712 1914 3782 sculptilibus
1933 3711 2086 3766 conﬁ
2100 3734 2119 3744 -

470 3807 655 3861 dunt:
684 3811 738 3859 et
760 3805 858 3876 qui
888 3804 1094 3858 dicunt
1125 3803 1197 3856 iis
1230 3819 1360 3872 quae
1393 3801 1652 3856 conflata
1684 3807 1859 3855 sunt:
1896 3802 2008 3855 Vos
2036 3800 2117 3854 dii

470 3895 655 3951 nostri
683 3895 844 3950 estis.
869 3893 1329 3948 Immolaverunt
1357 3892 1516 3946 enim
1549 3890 1882 3959 daemoniis,
1909 3896 1968 3944 et
1996 3906 2118 3944 non

471 3987 610 4049 Deo,
645 3983 758 4038 diis
789 4000 936 4054 quos
969 3981 1336 4053 ignorabant.
1370 3982 1507 4036 Novi
1531 3985 1918 4051 recentesque
1940 3995 2114 4034 vene-

466 4080 625 4138 runt,
651 4090 799 4144 quos
821 4089 941 4126 non
965 4071 1276 4125 coluerunt
1297 4075 1493 4141 patres
1532 4086 1755 4125 eorum.
1799 4069 2111 4123 Generatio

467 4166 625 4221 enim
649 4179 923 4236 perversa
947 4167 1056 4232 est,
1090 4176 1198 4216 nec
1221 4161 1348 4233 jam
1373 4159 1520 4215 ﬁdes
1561 4159 1706 4231 ipsis
1738 4159 1895 4213 inest
1923 4159 2108 4230 (Deut.

463 4255 677 4326 χχχιι).

528 4525 610 4578 Ex
636 4523 745 4578 hac
775 4521 953 4594 igitur
982 4531 1258 4590 perversa
1290 4518 1348 4570 et
1391 4512 1700 4568 incredula
1730 4511 2113 4584 generatione
2141 4515 2188 4580 D

470 4613 758 4668 Dominus
789 4616 843 4665 te
878 4614 1062 4678 vocat,
1092 4608 1184 4662 his
1205 4604 1398 4660 verbis
1431 4607 1643 4657 utens:
1687 4601 1790 4656 Exi
1817 4601 1889 4656 de
1918 4600 2116 4656 medio

467 4719 692 4769 eorum,
717 4718 783 4755 ac
808 4703 1171 4771 separare,et
1191 4691 1566 4749 immundum
1595 4691 1725 4746 noli
1746 4698 2115 4763 tangere,ve-

460 4810 593 4848 rum
618 4809 650 4846 a
670 4791 1052 4864 generatione
1076 4788 1183 4841 hac
1207 4799 1481 4856 perversa
1504 4787 1560 4836 te
1577 4782 1736 4853 eripe
1760 4784 1942 4852 (Num.
1973 4783 2108 4848 xvr).

464 4883 644 4954 Surge
670 4886 725 4935 et
747 4877 1154 4949 ambula,quia
1172 4891 1294 4929 non
1317 4871 1500 4926 habes
1515 4871 1612 4926 hic
1635 4871 1901 4941 requiem
1920 4871 2106 4941 (Mieh.

452 4972 781 5044 n).Etenim
807 4968 1119 5039 multiplex
1142 4961 1524 5032 deorum,qui
1558 4977 1592 5016 a
1613 4960 1777 5016 vobis
1809 4961 2104 5028 coluntur,

2253 1844 2368 1904 τοῖς
2421 1838 2702 1904 εἰδώλοις
2755 1842 3068 1919 εἰργάσαντο
3135 1845 3234 1920 γὰρ
3310 1849 3472 1899 ταῦτα
3519 1848 3624 1904 ταῖς
3667 1845 3794 1917 χεροὲν

2243 1927 2443 1998 αὐτῶν,
2501 1931 2590 1985 καὶ
2644 1937 3039 2006 προσκυνοῦσιν
3099 1932 3130 1987 ἃ
3208 1932 3462 2004 ἐποίησαν
3518 1933 3565 1987 οἱ
3611 1929 3793 1986 δάκτυλοι

2245 2018 2417 2073 αὐτῶν
2449 2023 2581 2093 (36),
2617 2019 2885 2098 λέγοντες·
2948 2025 3111 2080 Οὗτοι
3171 2024 3222 2078 οἱ
3281 2023 3628 2099 πλαστουργοὶ
3669 2025 3795 2093 ἡμῶν.

2248 2112 2371 2170 Πῶς
2403 2110 2493 2163 οὖν
2522 2108 2936 2186 πλαστουργοὺς
2995 2113 3122 2175 τοὺς
3182 2113 3273 2166 ὑπ’
3323 2113 3492 2168 αὐτῶν
3525 2111 3796 2186 δημιουργη-

2245 2198 2431 2262 θέντας
2481 2201 2571 2256 καὶ
2657 2199 3085 2266 διαπλασθέντας
3162 2204 3510 2276 νομίζουσινς
3562 2202 3709 2257 ’ΔΑλᾶ
3741 2202 3796 2254 ιιιὶ

2243 2294 2538 2365 τηροῦντες
2600 2291 2732 2346 αύτά
2789 2290 2843 2347 ἐν
2902 2291 3193 2365 ἀσφαλείᾳ,
3253 2297 3352 2348 τοῦ
3406 2295 3480 2366 μή
3512 2294 3602 2347 ὑπὸ
3628 2292 3803 2347 κλεπτῶν

2245 2378 2578 2452 συληθῆναι,
2634 2380 2878 2458 φύλακας
2938 2381 3344 2438 ἀποκαλοῦνται
3392 2385 3488 2450 τῆς
3528 2387 3654 2460 σφῶν
3687 2399 3808 2446 σωτη-

2245 2466 2386 2542 ρίας·
2423 2469 2513 2523 καὶ
2544 2467 2630 2524 τοί
2673 2490 2734 2545 γε
2785 2471 2959 2541 πόσης
3018 2475 3186 2526 ταῦτα
3244 2471 3568 2550 ἀφροσύνης,
3597 2472 3670 2524 καὶ
3695 2469 3807 2539 τὸμή

2245 2556 2532 2631 γινώσκειν
2592 2553 2697 2627 ὅτι,
2755 2559 2856 2613 ούκ
2915 2558 3260 2634 ἐξαρκοῦντες
3335 2559 3552 2620 ἑαυτοὺς
3601 2557 3808 2633 φυλάσσειν

2246 2645 2336 2699 καὶ
2373 2647 2611 2720 βοηθεῖν,
2665 2651 2785 2710 πῶς
2838 2649 2938 2706 82
2999 2645 3192 2710 ἄλλοις
3242 2650 3485 2725 γένοιντο
3539 2644 3808 2726 φύλακεςηῖ

2247 2741 2530 2808 σωτῆρεςὶ
2569 2735 2638 2792 Τί
2696 2735 2823 2812 γὰρ,
2882 2737 3035 2807 θησῖν
3097 2741 3230 2809 (37),
3293 2737 3572 2808 ἐκζητοῦσι
3616 2735 3813 2807 περὶτῶν

2249 2823 2466 2891 ζώντων
2519 2825 2647 2886 τοὺς
2698 2826 2964 2899 νεκρούςς
2998 2831 3372 2882 Κατακενοῦσι
3440 2828 3690 2900 χρήματα,
3733 2822 3816 2889 πτή-

2249 2909 2348 2972 λὰς
2377 2917 2494 2974 τοῖς
2526 2909 2749 2987 δαίμοσι
2807 2913 2899 2968 καὶ
2956 2913 3246 2988 ἀγάλματα
3305 2915 3529 2991 ἐγεῖραι,
3566 2915 3643 2968 καὶ
3669 2912 3813 2988 giru-

2250 3004 2440 3076 φοῦσιν
2504 3001 2717 3076 ἀγαθῶν
2772 3002 3055 3079 παρόχους
3108 3003 3312 3066 αὐτοὺς
3379 3006 3652 3079 ὑπάρχειν,
3676 3000 3817 3055 nimii-

2259 3110 2344 3151 τες
2400 3091 2524 3166 παρ’
2585 3091 2762 3147 αὐτῶν
2823 3086 3009 3146 λαϐεῖν
3088 3093 3221 3167 ἅπερ
3303 3090 3430 3148 οὔτε
3472 3093 3669 3148 πώποτε
3709 3089 3816 3154 ἐκτή-

2259 3200 2437 3250 σαντο,
2493 3177 2616 3235 οὔτε
2679 3181 2788 3254 μὴν
2871 3176 2948 3236 ἔτι
3033 3185 3354 3253 κτήσονται.
3421 3184 3514 3238 Διὸ
3586 3181 3816 3258 γέγραπτιι·

2244 3268 2464 3342 Ὅμοιοι
2497 3273 2606 3339 (38)
2660 3271 2851 3333 αὐτοῖς
2905 3270 3150 3346 γὲνοιντο
3213 3274 3268 3326 οἱ
3326 3277 3607 3332 ποιοῦντες
3640 3265 3817 3324 αὖτακιῖ

2241 3359 2433 3418 πάντες
2463 3358 2514 3411 οἱ
2544 3358 2865 3420 πεποιθότες
2923 3358 3008 3414 ἐπ’
3067 3359 3276 3422 αὐτοῖς·
3339 3360 3557 3430 οἵτινες,
3597 3357 3816 3437 φησὶβθζ,

2242 3446 2650 3519 μισθωσάμενοι
2726 3447 3066 3523 χρυσοχόον,
3142 3448 3413 3520 ἐποίησαν
3519 3444 3817 3525 χειροποίητα,

2234 3535 2321 3588 καὶ
2426 3536 2690 3608 κύψαντες
2793 3537 3199 3610 προσεκύνησαν
3324 3541 3533 3601 αὐτοῖς.
3629 3535 3815 3609 Αῗρουσίν

2235 3621 2369 3676 αὐτὰ
2413 3621 2500 3676 ἐπὶ
2556 3627 2663 3677 τῶν
2727 3620 2894 3696 ὢμων
2949 3626 3036 3679 καὶ
3097 3627 3461 3700 πορεύονται⁶
3521 3628 3603 3680 Ei»
3657 3623 3702 3677 δὲ
3743 3620 3818 3673 θῶ-

2232 3731 2315 3764 σιν
2374 3711 2512 3765 αὐτὰ
2570 3710 2658 3765 ἐπὶ
2714 3717 2809 3766 τοῢ
2866 3713 3063 3786 τόπου,
3125 3722 3283 3788 μενεῖ
3350 3716 3405 3771 ὲν
3467 3716 3626 3785 αὐτῷ,
3675 3713 3724 3765 οὗ
3769 3709 3814 3778 μῆ

2226 3801 2448 3868 κινηθῇ.
2487 3800 2585 3854 Καὶ
2625 3801 2682 3863 ὃς
2745 3799 2805 3855 ἂν
2868 3803 3047 3878 βοήσῃ
3105 3804 3249 3878 πρὸς
3312 3806 3473 3872 αὐτὰ,
3530 3805 3586 3859 οὗ
3642 3804 3703 3875 μὴ
3749 3797 3817 3851 εἷς·

2225 3887 2427 3963 ἀκούσῃ
2454 3888 2639 3961 αύτοῦ,
2668 3891 2774 3945 ἀπὸ
2805 3897 2986 3947 κακῶν
3041 3891 3101 3947 ού
3157 3895 3235 3966 μή
3294 3898 3451 3967 adiam
3484 3894 3649 3950 αὐτόν.
3678 3895 3749 3944 Διὸ
3768 3884 3819 3938 αἱ·

2224 3979 2501 4053 σχύνθητε
2550 3982 2661 4052 (40)
2720 3979 2984 4057 αἶσχῦνην
3041 3981 3294 4056 αἰώνιον,
3353 3986 3405 4039 οἱ
3456 3982 3740 4046 πεποιθότες
3763 3971 3817 4030 iri

2218 4073 2336 4128 τοῖς
2385 4065 2676 4143 γλυπτοῖς,
2734 4070 2784 4124 οἰ
2847 4069 3092 4145 λέγοντες
3152 4077 3275 4134 τοῖς
3330 4074 3647 4133 χωνευτοῖς·
3691 4069 3821 4137 Ὑμεῖς

2221 4155 2338 4212 ἐστὶ
2367 4157 2483 4211 θεοὶ
2527 4159 2712 4231 ἡμῶν.
2766 4161 3000 4223 Ἔθυσαν
3058 4160 3182 4236 γὰρ,
3247 4165 3388 4238 φησὶ
3431 4166 3560 4237 (41),
3587 4154 3825 4232 δαιμονίοις

2217 4248 2306 4301 καὶ
2336 4247 2396 4302 ού
2423 4252 2563 4322 Θεῷ,
2597 4254 2740 4312 θεοῖς
2785 4252 2869 4313 οἷς
2928 4249 3028 4305 οὐκ
3082 4248 3316 4324 ᾔδεισαν
3353 4255 3407 4308 οἱ
3438 4255 3650 4328 πατέρες
3678 4248 3824 4302 αὐτῶν·

2215 4334 2396 4390 καινοὶ
2453 4336 2544 4390 καὶ
2602 4337 2909 4411 πρόσφατοι
2968 4338 3188 4410 ἠκασιν,
3253 4339 3342 4394 ὅτι
3402 4341 3555 4418 γενεὰ
3601 4338 3827 4410 ἐξεστραμ-

2220 4425 2350 4496 μένη
2385 4423 2496 4478 ἐστὶ
2527 4425 2616 4479 καὶ
2653 4425 2756 4479 οὐκ
2786 4419 2898 4480 ἔστι
2931 4426 3112 4489 πίστις
3145 4426 3197 4482 ἐν
3234 4428 3452 4494 αὐτοῖς.

2295 4513 2385 4567 Ἐκ
2435 4513 2638 4585 ταύτης
2703 4515 2797 4569 οὖν
2851 4521 2953 4585 τῆς
3011 4522 3263 4593 πονηρᾶς
3326 4526 3512 4593 γενεᾶς
3543 4519 3624 4574 καὶ
3655 4515 3829 4571 ἀπίστει

2224 4603 2614 4675 προσκαλεῖταί
2673 4624 2729 4658 σε
2786 4604 3004 4678 Κύριος,
3094 4604 3272 4682 λέγων
3368 4629 3482 4663 σοι·
3559 4607 3748 4677 Ἔξελθε
3790 4600 3831 4653 ἐκ

2226 4696 2392 4763 μὲσου
2449 4691 2628 4748 αὐτῶν
2703 4692 2792 4747 καὶ
2870 4693 3221 4767 ἀφορίσθητι,
3283 4699 3383 4752 καὶ
3444 4697 3722 4772 ἀκαθάρτου
3771 4689 3825 4761 ξιῆ
3912 4701 3913 4738 1

2220 4781 2330 4855 ἅψῃ
2366 4784 2501 4854 (4-2),
2547 4781 2696 4837 ἀλλὰ
2751 4782 2966 4853 σώθητε
3017 4783 3077 4838 ἐκ
3131 4791 3238 4853 τῆς
3299 4793 3494 4860 γενεᾶς
3531 4794 3627 4857 τῆς
3657 4780 3828 4839 σκολιᾶς

2215 4868 2425 4942 ταύτης
2479 4872 2613 4944 (4-3)-
2674 4871 2930 4942 ἀνάστηθι
2986 4872 3076 4928 καὶ
3132 4875 3408 4949 πορεύου,
3470 4877 3551 4931 ὅτι
3617 4875 3703 4929 οὐκ
3748 4869 3825 4923 ἔστι

2215 4979 2299 5014 σοι
2360 4959 2496 5030 αὕτη
2558 4960 2879 5024 ἀνάπαυσις·
2942 4963 2976 5031 ἡ
3033 4961 3135 5038 γὰρ
3204 4964 3540 5044 πολυαρχία
3595 4970 3691 5021 τῶν
3740 4977 3816 5030 παις

519 5150 629 5218 (36)
662 5150 776 5202 Isa.
811 5163 945 5218 xvii,
980 5147 1010 5198 8
1039 5161 1065 5218 :_
1087 5141 1189 5198 Καὶ
1221 5138 1310 5218 μού
1371 5139 1446 5211 μὴ
1505 5136 1828 5200 πεποιθότες
1879 5134 2010 5191 ὦσιν
2069 5133 2157 5191 ἐπὶ
2212 5141 2331 5198 τοῖς
2383 5136 2620 5212 βωμοῖς,
2651 5135 2775 5193 οὐδὲ
2809 5136 2894 5192 ἐπὶ
2926 5143 3045 5201 τοῖς
3078 5133 3264 5215 ἔργοις
3295 5145 3414 5197 τῶν
3451 5147 3646 5218 χειρῶν
3674 5138 3828 5203 αὐτῶν,

446 5213 476 5268 ἃ
506 5212 766 5286 ἐποίησαν
803 5217 854 5269 οἱ
883 5213 1144 5270 δάκτυλοι
1177 5212 1374 5268 αὐτῶν.

520 5291 631 5360 (37)
663 5295 770 5344 lsa.
795 5306 910 5358 vm,
948 5292 1031 5344 19.

514 5355 628 5431 (38)
661 5360 812 5415 Psal.
849 5355 1004 5427 cxm,
1031 5361 1101 5426 8;
1135 5375 1354 5424 cxxxw,
1389 5355 1476 5411 18.

517 5434 624 5504 (39)
655 5433 764 5485 lsa.
799 5448 942 5492 XLVI,
975 5434 1030 5495 6,
1061 5435 1113 5485 7.

517 5504 629 5576 (40)
659 5505 772 5576 ξγεᾶ.
799 5519 934 5563 mi,
960 5504 1046 5556 17.

540 5567 630 5647 41)
661 5575 830 5648 Deut
854 5587 1048 5648 _xxxn,_
1080 5571 1214 5648 Ψ...
1248 5573 1337 5624 20.
1361 5567 1562 5648 Xerba
1591 5567 1643 5621 οἱ
1672 5585 1800 5626 πατ.
1831 5569 1953 5627 αὐτ.
1986 5569 2101 5628 add

1405 5567 1562 5648 Cerba
1591 5567 1643 5621 οἱ
1672 5585 1800 5626 πατ.
1831 5569 1953 5627 αὐτ.
1986 5569 2217 5628 addidit
2241 5571 2304 5629 in
2324 5573 2384 5630 C.
2406 5588 2621 5632 manus
2649 5571 2966 5648 recentior.

542 5639 632 5721 42)
664 5648 731 5703 Η.
766 5644 946 5716 Epist.
981 5641 1053 5721 ad
1083 5642 1212 5721 (lor.
1242 5657 1318 5705 v1,
1352 5639 1438 5694 17.

543 5715 627 5791 43)
661 5723 790 5774 Act.
813 5715 1024 5784 ’Apost.
1049 5727 1108 5777 ιι,
1131 5715 1218 5764 4-0.
