4000 6202
170 368 297 430 949

1360 380 1532 434 ἯΤΛ
1568 378 1923 437 BARLAAH
1958 382 2053 435 ΕΤ
2087 380 2432 436 JOABAPH.

3502 379 3610 437 950

174 498 336 555 ἀλλὰ
360 501 716 575 συγχωρήσει
768 519 861 573 μοι
921 500 1114 569 πάντα,
1170 499 1561 577 φιλάνθρωπος
1620 497 1693 556 ὥν
1751 522 1818 556 κα

1957 509 2207 572 moveat,
2229 520 2434 560 verum
2459 520 2565 576 pro
2594 518 2719 571 sua,
2752 507 2817 557 ut
2844 502 3042 569 doces,
3066 503 3430 577 benignitate
3454 508 3602 563 mihi

179 585 597 665 εὸσπλαγχνος,
625 590 763 645 καθά
793 587 1086 657 διδάσκεις,
1116 590 1207 645 καὶ
1242 590 1459 661 ἀξιώσει
1524 612 1591 665 με
1639 588 1835 647 δοῦλον

181 677 355 733 αὖτοῦ
383 679 644 752 γενέσθαι.
678 676 822 750 Ἤδη
884 677 975 734 οὖν
1026 679 1262 754 ἑτοίμως
1318 677 1433 755 ἔχω
1479 680 1568 734 καὶ
1616 681 1678 734 τὸ
1740 679 1838 755 βά-

176 787 401 839 πτισμα
433 765 702 841 δέξασθαι,
735 768 825 823 καὶ
856 768 1032 824 πάντα
1080 767 1178 824 ὅσα
1227 769 1378 843 ε’ίπῃς
1433 790 1526 842 μοι
1579 768 1835 844 φυλάξαι.

174 856 242 911 Τί
278 854 338 911 δὲ
370 859 485 933 χρή
520 877 587 928 με
613 861 791 911 ποιεῖν
829 857 965 929 μετά
1018 859 1082 913 τὸ
1132 856 1451 932 βάπτισμας
1502 857 1593 912 καὶ
1645 857 1688 913 εἰ
1739 858 1838 934 ἀρ-

174 952 270 1002 κεῖ
294 951 461 1001 τοῦτο
495 946 666 1019 μόνον
716 947 815 1004 87
866 945 1004 1021 πρὸς
1063 947 1383 1022 σωτηρίανο,
1440 949 1503 1002 τὸ
1556 951 1836 1002 πιστεῦσαι

171 1036 272 1091 καὶ
305 1037 697 1111 βαπτισθῆναι,
724 1033 760 1105 ἤ
785 1035 876 1090 καὶ
906 1032 1056 1090 ἀλλα
1081 1035 1207 1091 τινὰ
1236 1033 1318 1091 δεῖ
1355 1037 1725 1110 προστιθέναι.

251 1124 366 1181 Καί
415 1145 551 1202 φησι
608 1124 746 1199 πρὸς
804 1123 966 1179 αὐτὸν
1026 1125 1054 1179 ὁ
1113 1124 1401 1202 Βαρλαάμ·
1460 1130 1730 1180 ’Ἄκουσον
1783 1124 1836 1180 τί

170 1210 263 1269 δεῖ
293 1218 476 1268 ποιεῖν
514 1214 650 1287 μετά
692 1214 753 1269 τὸ
810 1214 1111 1289 βάπτισμα*
1171 1213 1347 1283 πάσης
1408 1213 1503 1288 μὲν
1567 1213 1833 1289 ἁμαρτίας

165 1302 261 1357 καί
296 1303 504 1364 παντὸς
551 1304 758 1366 πάθους
815 1303 1133 1377 ἀπέχεσθαι,
1193 1300 1580 1376 ἐποικοδομεῖν
1632 1301 1690 1358 δὲ
1745 1302 1834 1358 ἐπὶ

161 1396 248 1465 τῷ
278 1391 531 1465 θεμελίῳ
562 1393 661 1461 τῆς
694 1388 988 1467 ὁρθοδόξου
1035 1392 1269 1454 πίστεως
1317 1394 1418 1461 τὴν
1472 1396 1578 1447 τῶν
1630 1394 1834 1468 ἀρετῶν

162 1481 457 1557 ἐργασίαν,
520 1478 708 1551 ἰπειδή
769 1480 948 1543 πίστις
1008 1480 1187 1557 χωρὶς
1239 1485 1346 1537 τῶν
1429 1480 1597 1557 ἔργων
1676 1484 1834 1558 νεκρά

162 1571 320 1626 ἐστιν
355 1573 492 1645 (66),
527 1570 708 1646 ὥσπερ
739 1571 827 1625 καὶ
862 1564 993 1647 ἔργα
1019 1570 1254 1633 πίστεως
1285 1568 1439 1647 δίχα.
1471 1571 1615 1641 Φησῖ
1672 1573 1771 1646 γὰρ
1804 1574 1831 1627 ὁ

157 1659 543 1723 ’Δπόοτολος.
572 1660 661 1718 Ἐν
692 1658 959 1734 πνεύματι
991 1663 1102 1732 (67)
1127 1666 1490 1734 περιπατεῖτε,
1520 1661 1610 1715 καὶ
1642 1660 1833 1725 ἐπιθο-

165 1750 306 1825 μίαν
372 1750 572 1823 σαρκὸς
629 1749 691 1805 οὐ
741 1750 817 1823 μὴ
869 1747 1147 1819 τελέσητε·
1208 1749 1409 1826 φανερὰ
1466 1746 1524 1805 δὲ
1603 1749 1713 1805 ἐστι
1764 1752 1832 1806 τὰ

159 1837 313 1916 ἔργα
373 1846 477 1909 τῆς
535 1839 732 1915 σαρκὸς
789 1838 942 1894 ’ἀτινά
997 1837 1129 1908 ἐστι,

161 1929 527 2002 ἀκαθαρσίαι,
585 1929 881 2003 ἀσέλγειαι,
948 1925 1393 2004 είδωλολατρίαι,
1477 1935 1829 2007 φαρμακεῖαι,

162 2016 402 2097 ἔχθραι,
460 2014 597 2094 ἔρις,
653 2019 838 2089 ζῆλοι,
897 2018 1084 2092 θυμοὶ,
1135 2017 1385 2093 έρίθειαι,
1457 2016 1827 2095 διχοστασίαι,

161 2108 438 2184 αἱρέσεις,
470 2109 685 2186 φθόνοι,
719 2107 896 2181 φόνοι,
929 2106 1306 2185 φιλαργυρίαι,
1339 2105 1635 2184 λοιδορίαι,
1691 2108 1827 2187 φιλ-

165 2196 421 2270 ηδονίαι,
465 2199 649 2272 μέθαι,
706 2201 911 2270 κῶμοι,
971 2196 1355 2274 ὑπερηφανίαι,
1406 2198 1494 2252 καὶ
1546 2198 1613 2252 τά
1661 2197 1828 2272 ὅμοια

159 2289 414 2351 τούτοις·
450 2288 769 2364 ἅπροΑέγω
813 2288 964 2361 ὑμῖν,
1017 2290 1197 2353 καθὼς
1250 2288 1340 2344 καὶ
1396 2294 1682 2363 προεῖπον,
1742 2288 1824 2347 ὅτι

155 2380 209 2435 οἱ
240 2382 322 2435 τὰ
352 2384 578 2434 τοιαῦτα
610 2381 943 2455 πράσσοντες
1003 2378 1278 2455 βασιλείαν
1320 2384 1453 2436 Θεοῦ
1504 2381 1569 2435 οὐ
1617 2392 1823 2457 κληρο-

154 2471 533 2543 νομήσουσιν·
568 2469 596 2523 ὁ
628 2465 685 2523 δὲ
714 2468 919 2543 καρπὸς
952 2472 1049 2522 τοῦ
1090 2468 1395 2541 πνεύματός
1424 2468 1561 2524 ἐστιν
1615 2470 1822 2545 ἀγάπη,

156 2559 345 2634 χαρὰ,
387 2556 607 2634 εἰρήνη,
671 2556 1046 2633 μακροθημία,
1099 2557 1434 2633 χρηστότης,
1485 2559 1822 2635 ἀγαθωσύνη,

155 2648 377 2716 πίστις,
438 2647 708 2721 πραότης,
769 2645 1076 2721 έγκράτεια,
1133 2646 1404 2722 ἁγιασμὸς
1462 2650 1647 2723 ψυχῆς
1733 2647 1824 2703 καὶ

159 2736 459 2809 σώματος,
520 2733 846 2799 ταπείνωσις
902 2731 1129 2807 καρδίας
1181 2736 1271 2789 καί
1330 2731 1611 2810 συντριϐἠ,
1666 2735 1822 2807 ἐλεη-

163 2825 416 2900 μοσύνη,
510 2822 902 2897 ἂμνησικακία,
1017 2822 1423 2902 φιλανθρωπία,
1530 2825 1823 2901 ἀγρυπνία,

167 2915 440 2988 μετάνοια
468 2908 706 2991 ἀκριϐὴς
750 2913 966 2969 πάντων
1026 2917 1133 2968 τῶν
1191 2913 1602 2990 προγεγονότων
1653 2912 1824 2991 σφαλ-

170 3005 391 3078 μάτων,
452 3001 685 3080 δάκρυον
742 3002 1097 3075 κατανύξεως,
1150 3003 1340 3065 πένθος
1397 3001 1527 3079 ὑπέρ
1580 3024 1639 3060 τε
1715 3007 1822 3057 τῶν

165 3091 332 3149 ἰδίων
364 3093 648 3169 ἁμαρτιῶν
680 3092 770 3149 καὶ
800 3097 907 3149 τῶν
935 3096 1032 3148 τοῦ
1062 3091 1323 3163 πλησίον,
1355 3092 1445 3147 καὶ
1501 3094 1568 3148 τὰ
1609 3091 1823 3155 τούτοις

160 3182 367 3275 ὅμοια,
426 3180 603 3253 ἅτινα,
658 3181 838 3257 ὥσπερ
889 3182 1031 3244 τινὲς
1091 3178 1352 3256 βαθμίδες
1416 3182 1504 3236 καὶ
1557 3181 1822 3256 κλίμακες
1854 3208 1897 3275 C

161 3270 448 3343 ἀλλήλων
479 3271 739 3348 ἐχόμεναι
767 3273 868 3330 88
897 3272 986 3326 καὶ
1038 3271 1126 3326 ὑπ’
1174 3269 1441 3342 ἀλλήλων
1491 3270 1819 3349 συγκροτού-

163 3383 357 3436 μεναι,
418 3360 498 3423 εἷς
556 3360 782 3438 οὐρανὸν
835 3362 933 3431 τὴν
992 3360 1181 3436 ψυχὴν
1238 3359 1612 3438 ἀναφέρουσιν.
1683 3358 1822 3419 Ἰδοὺ

156 3451 386 3508 τούτων
417 3448 803 3524 έντετάλμεθα,
839 3452 973 3526 μετᾶ
1012 3450 1076 3507 τὸ
1133 3450 1437 3527 βάπτισμα,
1481 3449 1820 3526 ἀντέχεσθαι,

158 3546 277 3597 τῶν
313 3538 363 3595 δ’
394 3538 649 3595 ἐναντίων
675 3540 992 3617 ἀπέχεσθαι.

237 3629 313 3687 Εἴ
342 3627 403 3684 δὲ
433 3630 569 3704 μετᾶ
596 3630 658 3684 τὸ
691 3625 874 3685 λαϐεῖν
905 3630 1004 3699 τὴν
1052 3628 1337 3708 ἐπίγνωσιν
1388 3636 1488 3700 τῆς
1536 3627 1822 3703 ἀληθείας,

158 3725 277 3775 τῶν
305 3717 593 3796 προτέρων
625 3718 773 3782 αὖθις
806 3715 1185 3793 έπιλαόόμεθα
1213 3723 1417 3794 νεκρῶν
1469 3715 1639 3795 ἔργων
1690 3720 1819 3792 (68),

160 3813 258 3866 καὶ
294 3811 373 3872 ὡς
398 3809 543 3865 κύων
578 3808 663 3864 ἐπὶ
696 3810 787 3864 τὸν
822 3806 961 3864 ἴδιον
1006 3802 1196 3882 ἔμετον
1243 3807 1635 3885 ἐπιστρέψομεν
1685 3810 1820 3883 (69),

162 3895 518 3973 συμϐήσεται
574 3901 709 3971 ἡμῖν
767 3897 829 3953 τὸ
888 3897 991 3953 ὑπὸ
1045 3902 1143 3953 τοῦ
1226 3897 1424 3972 Κυρίου
1507 3898 1821 3976 εἴρημένον.

161 3991 337 4046 Ὀταν
372 3988 498 4064 γὰρ,
548 3988 681 4064 φησί
713 3988 850 4061 (70),
898 3986 960 4042 τὸ
1012 3985 1316 4060 ἀκάθαρτον
1368 3992 1587 4061 Πνεῦμα
1636 3988 1824 4067 ἐξέλθῃ

165 4078 278 4132 ἀπὸ
307 4081 408 4132 τοῦ
433 4078 726 4153 ἀνθρώπου
758 4079 844 4150 (τῇ
876 4077 1064 4153 χάριτι
1100 4073 1316 4146 δηλαδή
1366 4079 1463 4131 τοῦ
1515 4077 1820 4152 βαπτίσπα-

166 4169 311 4240 τος),
347 4164 627 4243 διέρχεται
656 4163 724 4221 δι’
781 4164 1027 4241 ἀνύδρων
1068 4164 1277 4235 τόπων,
1338 4170 1533 4237 ζητοῦν
1589 4168 1820 4226 ἀνάπαυ-

165 4279 277 4326 σιν,
313 4257 406 4312 καὶ
438 4258 552 4332 οὐχ
580 4255 831 4331 εὑρίσκει·
869 4257 945 4328 μὴ
977 4256 1140 4335 φέρον
1200 4254 1257 4311 δὲ
1309 4254 1397 4311 ἐπὶ
1446 4256 1589 4313 πολὺ
1639 4256 1819 4316 ἄοικον

162 4347 258 4401 καί
293 4345 540 4401 ἀνέστιον
598 4343 1057 4421 περιπλανᾶσθαι,
1115 4343 1284 4421 λέγει·
1347 4346 1687 4421 Ἐπιστρέψω
1745 4349 1821 4412 εἰς

162 4436 260 4492 τὸν
292 4434 445 4490 οἶκόν
501 4454 629 4505 μου,
688 4433 806 4498 ὅθεν
868 4431 1116 4507 ἐξῆλθον.
1171 4434 1294 4506 Καὶ,
1354 4431 1534 4505 ἐλθὸν,
1590 4434 1820 4513 εὐρίσκει

162 4525 551 4597 σεσαρωμένον
584 4522 672 4578 καὶ
730 4521 1168 4596 κεκοσμημένον,
1216 4523 1369 4578 κενὸν
1431 4521 1488 4579 δδ
1534 4524 1621 4580 καὶ
1682 4545 1820 4601 σχο-

162 4614 424 4683 λάζοντα,
461 4613 537 4684 μὴ
572 4610 967 4684 ὑποδεξάμενον
993 4612 1093 4679 τὴν
1128 4609 1373 4686 ἐργασίαν
1422 4618 1522 4680 τῆς
1569 4614 1815 4688 χάριτος,

167 4702 316 4779 μηδὲ
345 4700 715 4776 πληρώσαντα
774 4700 960 4755 ἑαυτὸν
1008 4702 1087 4772 τῷ
1142 4699 1367 4773 πλούτῳ
1426 4706 1534 4755 τῶν
1590 4703 1815 4777 ἀρετῶν,

162 4793 305 4852 Τότε
339 4793 452 4866 (71)
484 4788 770 4866 πορεύεται
800 4790 889 4845 καὶ
935 4784 1204 4864 λαμϐάνει
1255 4792 1374 4864 μεθ’
1424 4790 1615 4847 ἑαυτοῦ
1660 4788 1819 4868 ἕτερα

163 4883 301 4938 ἰπτὰ
341 4880 637 4954 Πνεύματα
686 4879 1032 4957 πονηρότερα
1087 4880 1300 4936 ἑαυτοῦ·
1361 4880 1451 4936 καὶ
1509 4880 1820 4937 εἰσελθόντα

1952 594 2155 647 omnia
2179 594 2496 660 condonet,
2535 609 2747 663 meque
2783 608 3015 646 servum
3050 591 3163 647 sibi
3196 594 3484 649 asciscere
3503 597 3600 651 di-

1950 684 2309 753 gnetur.Jam
2331 683 2530 753 itaque
2543 681 2836 753 baptisma
2868 681 3167 751 suscipere
3188 687 3429 752 paratus
3444 700 3574 736 sum
3587 726 3600 751 ,

1950 777 2126 843 atque
2160 773 2359 826 omnia
2388 788 2518 842 quaa
2553 770 2986 842 prmscripseris
3018 786 3270 825 servare.
3305 770 3601 836 Quidnam

1950 869 2148 919 autem
2179 864 2325 919 mihi
2358 868 2489 936 post
2521 862 2882 934 baptismum
2924 861 3262 916 faciendum
3321 862 3457 917 est?
3508 864 3604 918 Sa-

1949 953 2103 1009 tisne
2134 958 2225 1008 est
2243 953 2316 1008 ad
2335 954 2585 1008 salutem
2613 951 2851 1006 credere
2875 968 2940 1006 ac
2973 951 3298 1023 baptizari?
3324 968 3398 1006 an
3419 952 3599 1008 etiam

1948 1043 2067 1098 alia
2096 1042 2364 1112 quaadam
2396 1041 2723 1113 adjungere
2756 1056 3004 1094 necesse
3035 1040 3170 1096 est?

2020 1132 2175 1186 Dixit
2197 1136 2394 1186 autem
2415 1131 2489 1185 ad
2515 1147 2647 1185 eum
2673 1130 2938 1185 Barlaam
2964 1147 2977 1184 :
3004 1130 3154 1185 Audi
3180 1129 3442 1201 quidtibi
3466 1136 3602 1202 post

1946 1221 2307 1293 baptismum
2340 1220 2677 1275 faciendum
2712 1220 2823 1273 sit:
2858 1235 3073 1290 nempe
3098 1218 3248 1273 utab
3269 1220 3432 1272 omni
3458 1236 3600 1289 pec-

1947 1315 2097 1367 cato.
2129 1316 2187 1365 et
2215 1310 2287 1364 ab
2319 1310 2481 1365 omni
2511 1309 2720 1364 vitiosa
2747 1308 3059 1363 affectione
3092 1307 3597 1378 abstineas,atque

1946 1401 2288 1456 orthodoxa;
2312 1400 2447 1454 fidei
2468 1386 2854 1454 fundamento
2886 1399 3168 1452 virtutum
3203 1397 3463 1452 studium
3497 1414 3594 1453 su-

1946 1497 2268 1563 perstruas.
2303 1489 2589 1554 Quoniam
2616 1488 2761 1542 ﬁdes
2794 1488 2921 1542 sine
2940 1486 3218 1558 operibus
3241 1492 3475 1542 mortua
3503 1492 3594 1543 est

1946 1582 2083 1655 (Jac.
2109 1578 2681 1651 1),quemadmodum
2706 1578 2883 1631 etiam
2905 1594 3083 1649 opera
3107 1581 3334 1632 remota
3352 1577 3592 1634 fide.Ait

1945 1670 2105 1726 enim
2128 1668 2443 1739 Apostolus
2465 1668 2607 1738 (Gal.
2643 1666 2695 1737 v)
2726 1684 2738 1722 :
2773 1666 2994 1737 Spiritu
3020 1665 3341 1734 ambulate,
3396 1671 3455 1721 et
3486 1666 3588 1720 de-

1945 1757 2165 1813 sideria
2186 1757 2383 1812 carnis
2418 1772 2493 1811 ne
2524 1755 2865 1827 perficiatis.
2892 1754 3199 1809 Manifesta
3238 1759 3377 1808 sunt
3406 1770 3588 1824 opera

1218 1844 1487 1914 μοιχεῖαι,
1562 1846 1808 1915 πορνεῖαι

1942 1848 2159 1915 carnis,
2179 1863 2309 1917 qua)
2343 1851 2482 1901 sunt
2502 1845 2882 1908 adulterium,
2906 1841 3243 1910 fornicatio,
3261 1843 3585 1898 immundi-

1943 1933 2610 2004 tia,luxuria,idolorum
2633 1933 2903 1999 servitus,
2922 1931 3583 1999 veneﬁcia,inimicitim,

1938 2023 2807 2091 contentiones,aamulationes,
2831 2021 2953 2087 iraa,
2979 2022 3140 2087 rixaa,
3162 2021 3584 2089 dtssentiones,

1939 2120 2136 2181 sectas,
2159 2113 2413 2183 invidiaa,
2439 2111 2783 2179 homicidia,
2811 2110 3076 2176 avaritia,
3110 2110 3585 2177 maledictiones,

1936 2220 2103 2259 amor
2126 2203 2514 2273 voluptatum,
2542 2200 2883 2263 ebrietates,
2943 2199 3494 2266 commessationes,
3528 2204 3588 2253 et

1935 2292 2030 2347 his
2053 2290 2291 2357 similia,
2317 2308 2447 2362 quae
2470 2290 2727 2362 praedico
2762 2288 2947 2354 vobis,
2974 2288 3124 2342 sicut
3148 2287 3413 2358 pradixi,
3439 2303 3584 2357 quo-

1935 2383 2098 2438 niam
2121 2381 2221 2452 qui
2237 2380 2377 2435 talia
2394 2384 2575 2453 agunt
2592 2395 2840 2451 regnum
2865 2378 2965 2432 Dei
2981 2394 3101 2432 non
3119 2382 3581 2447 consequentur.

1935 2473 2181 2526 Fructus
2207 2476 2407 2525 autem
2432 2468 2683 2541 Spiritus
2700 2473 2808 2527 est,
2837 2466 3113 2525 eharitas.
3137 2465 3581 2538 gaudium,pax,

1935 2559 2373 2633 longanimitas,
2400 2558 2754 2630 benignitas,
2778 2556 3205 2620 bonitas,ﬁdes,
3235 2560 3583 2610 mansuetu-

1934 2650 2029 2718 do,
2068 2648 2459 2713 continentia,
2503 2646 2895 2701 sanctiﬁcatio
2936 2646 3149 2699 anima:
3188 2649 3245 2699 et
3290 2645 3578 2715 corporis,

1935 2740 2131 2794 cordis
2152 2736 2458 2792 afﬂictatio
2484 2741 2541 2789 et
2566 2735 2865 2799 contritio,
2896 2734 3296 2803 eleemosyna,
3329 2733 3582 2803 injuria-

1935 2843 2066 2881 rum
2084 2824 2693 2893 oblivio,humanitas,
2720 2822 2935 2895 vigilia,
2952 2822 3184 2875 sincera
3207 2820 3277 2873 de
3302 2820 3581 2875 omnibus

1935 2914 2409 2989 praacedentibus
2434 2912 2691 2984 peccatis
2716 2909 3083 2982 poenitentia,
3104 2908 3582 2980 compunctionis

1935 3004 2436 3077 lacrymaa,luctus
2462 3008 2583 3057 tum
2609 3018 2713 3074 pro
2735 3001 2876 3067 suis,
2900 3004 3025 3053 tum
3049 3015 3155 3071 pro
3178 2998 3429 3053 aliorum
3445 3013 3580 3069 pec-

1936 3095 2104 3163 catis,
2138 3094 2371 3166 aliaque
2412 3091 2681 3164 ejusdem
2708 3088 2941 3163 generis
2969 3105 2981 3141 :
3007 3105 3138 3159 quae
3170 3086 3412 3158 quidem
3451 3092 3584 3141 tan-

1936 3203 2111 3257 quam
2131 3186 2341 3259 gradus
2358 3190 2416 3239 et
2431 3183 2602 3238 scalae
2618 3183 2773 3236 inter
2789 3196 2850 3235 se
2864 3176 3580 3248 cohaarentes,atquealiaa

1933 3275 2005 3330 ab
2028 3275 2160 3331 aliis
2190 3274 2468 3339 suil'ultze,
2488 3272 2756 3326 animum
2788 3269 2849 3323 in
2880 3268 3093 3323 ccelum
3117 3266 3466 3322 subvehunt.
3492 3268 3578 3319 En

1931 3366 2056 3421 haec
2089 3370 2229 3419 sunt
2258 3380 2388 3435 qua:
2410 3367 2545 3435 post
2572 3361 2931 3432 baptismum
2958 3356 3235 3428 amplecti
3267 3355 3573 3426 jubemur,

1931 3460 2107 3526 atque
2136 3453 2209 3509 ab
2241 3453 2375 3508 aliis
2408 3468 2539 3523 quae
2571 3466 2706 3505 cum
2736 3449 2829 3503 his
2859 3452 3125 3519 pugnant
3143 3446 3463 3501 abstinere.

2001 3632 2166 3697 Quod
2201 3632 2247 3687 si
2307 3635 2442 3703 post
2497 3633 2798 3700 acceptam
2855 3626 3117 3682 veritatis
3174 3625 3577 3697 cognitionem

1930 3722 2129 3794 priora
2159 3725 2392 3776 mortua
2422 3734 2605 3791 opera
2634 3734 2874 3772 rursum
2907 3716 3284 3787 arripiamus,
3320 3731 3386 3769 ac
3410 3714 3574 3769 canis

1931 3811 2120 3866 instar
2149 3809 2222 3866 ad
2254 3815 2527 3865 nostrum
2547 3807 2831 3863 vomitum
2855 3806 3308 3869 revertamurill
3345 3806 3462 3859 Pet.
3498 3804 3579 3875 ιι),

1933 3902 2081 3957 illud
2110 3901 2283 3957 nobis
2314 3917 2428 3955 usu
2457 3899 2674 3967 veniet,
2710 3897 2868 3969 quod
2900 3914 2934 3952 a
2964 3897 3212 3951 Domino
3246 3895 3472 3951 dictum
3496 3898 3587 3949 est

1934 3994 2110 4062 (Luem
2141 3992 2258 4061 XI):
2291 3991 2435 4045 Cum
2469 3988 2651 4056 enim,
2684 3987 2899 4058 inquit,
2932 3986 3176 4040 exiverit
3231 3983 3583 4039 immundus

1933 4081 2178 4153 spiritus
2207 4080 2279 4135 ab
2310 4080 2551 4135 homine
2581 4081 2712 4150 (per
2741 4074 3017 4148 baptismi
3051 4074 3277 4129 scilicet
3304 4072 3576 4145 gratiam)

1932 4170 2199 4227 ambulat
2213 4186 2318 4240 per
2334 4169 2463 4223 loca
2484 4168 3074 4238 inaquosa,quaarens
3088 4162 3354 4231 requiem
3368 4166 3574 4217 etnon

1933 4260 2181 4315 invenit.
2208 4257 2571 4313 Permoleste
2589 4262 2785 4311 autem
2804 4254 3001 4308 ferens
3024 4269 3085 4306 se
3107 4249 3329 4304 diutius
3351 4249 3486 4302 tecti
3510 4266 3577 4303 ac

1933 4332 2075 4405 laris
2106 4353 2407 4420 expertem
2434 4345 2671 4411 esse,ait
2697 4345 3005 4397 :Revertar
3037 4340 3096 4393 in
3116 4339 3360 4393 domum
3383 4353 3576 4391 meam

1929 4439 2088 4494 unde
2122 4437 2291 4493 exivi.
2324 4439 2395 4491 Et
2422 4436 2670 4490 veniens
2700 4432 2927 4487 invenit
2953 4446 3081 4485 eam
3114 4427 3305 4498 scepis
3328 4426 3577 4481 munda-

1933 4533 2131 4584 tamet
2156 4532 2447 4591 ornatam,
2472 4528 2753 4579 cmterum
2783 4521 3022 4575 inanem
3053 4536 3120 4573 ac
3150 4522 3477 4585 vacantem,
3510 4520 3577 4570 ut

1928 4634 2061 4688 qua)
2090 4622 2292 4690 gratim
2352 4614 2576 4669 cultum
2635 4617 2812 4681 atque
2869 4608 3275 4681 operationem
3326 4603 3570 4660 minime

1928 4706 2276 4777 susceperit,
2308 4721 2420 4759 nec
2449 4719 2511 4759 se
2550 4702 2739 4773 ipsam
2768 4700 3055 4753 virtutum
3105 4695 3318 4767 Opibus
3366 4709 3570 4748 cumu-

1926 4796 2084 4851 larit.
2116 4797 2275 4851 Tunc
2302 4793 2475 4861 vadit,
2509 4796 2568 4848 et
2596 4789 2848 4848 assumit
2903 4804 3104 4843 secum
3149 4788 3374 4855 septem
3423 4781 3570 4837 alios

1928 4884 2172 4956 spiritus
2201 4881 2522 4953 nequiores
2553 4897 2636 4947 se,
2671 4884 2729 4935 et
2756 4879 3058 4949 ingressus
3083 4872 3310 4929 habitat
3330 4869 3473 4926 illic.
3506 4870 3577 4923 Et

231 5064 346 5151 (ὃς)
379 5059 580 5151 Iacob.
614 5060 798 5151 Epist.
832 5057 1379 5151 lIAD26ntrti3gd’ttepJ‘ip
1403 5060 1466 5114 τὸ
1491 5063 1667 5151 σῶμα
1682 5060 1818 5136 χωρῖ

1940 5060 2228 5133 ινεύματος
2271 5059 2460 5132 νεκρόν
2512 5056 2675 5125 ἂστιν,
2736 5055 2879 5110 οὕτω
2928 5052 3018 5107 καὶ
3067 5054 3102 5121 ἡ
3153 5049 3331 5111 πίστις
3389 5049 3569 5123 χωρὶς

1980 5138 1991 5151 .
2086 5138 2125 5151 κ.
2166 5136 2428 5151 annui
2486 5132 2551 5151 nn

160 5128 681 5259 τδῗεξςιέῖξίξῑκςὲ
702 5130 832 5259 ινξι-

233 5205 350 5273 (67)
382 5205 569 5276 Epist.
607 5205 681 5261 ad
712 5205 836 5261 Gal.
868 5221 917 5273 τ,
954 5205 1141 5259 16-22.

229 5279 349 5350 (68)
379 5277 567 5347 Epist.
604 5276 677 5330 ad
712 5276 881 5350 Hebr.
918 5294 991 5342 1v,
1028 5281 1095 5350 ii:
1129 5284 1141 5328 ι

1307 5132 1387 5190 a2.
1421 5132 1785 5207 orat.'40,"p.'
1814 5138 1936 5203 672,
1973 5138 1995 5187 1
2026 5132 2134 5202 ςει
2163 5149 2299 5188 mox
2329 5136 2451 5189 not.
2484 5132 2572 5185 68.

472 5277 567 5330 ist.
604 5276 677 5361 ad
712 5267 991 5361 Hebr.:1v,
1028 5281 1095 5361 i‘:
1129 5274 1393 5361 Θεμέλιον
1422 5270 1817 5361 καταξαλλόμε

1940 5273 2218 5347 μετανοίας
2248 5273 2353 5327 ἀπὸ
2382 5276 2586 5346 νεκρῶν
2618 5267 2809 5346 ἔργων·
2846 5275 2904 5324 et
2931 5286 3010 5336 Ix,
3047 5270 3132 5323 14.

2023 5353 2058 5361 —
2148 5341 2241 5361 ορο
2398 5342 2442 5361 δι
2543 5343 2555 5361 ς
2634 5349 2656 5361 ν
2764 5344 2777 5361 \
2867 5347 2895 5358 ~
2918 5360 2925 5361 κ
2986 5338 3057 5361 1‘,
3094 5350 3115 5361 Α

229 5335 349 5421 (69)
384 5335 677 5421 Respectu
708 5348 778 5403 ad
810 5335 1019 5421 notum
1051 5335 1247 5421 locum
1279 5351 1440 5421 Petrt
1470 5349 1515 5421 ll
1539 5335 1818 5421 Δβρὶεῑξιι,

2022 5341 2347 5421 Συμϐέϐηκε
2395 5342 2452 5421 δὲ
2477 5335 2703 5421 ἀὐτοῖς’
2726 5344 2786 5397 τὸ
2814 5347 2928 5421 ,τῆς
2961 5338 3234 5421 ,ἀληθοῦςή
3266 5335 3573 5421 Παροιμίας

182 5410 356 5493 Prov:
391 5410 702 5493 xxvltﬂ]:
726 5441 755 5469 ι(
786 5418 939 5472 Κύων
971 5417 1293 5493 ἐπιστρέψας
1325 5418 1409 5474 ἐπὶ
1442 5419 1504 5473 τὸ
1536 5410 1680 5473 ῗδῖον
1714 5410 1966 5493 ἐξέραμαα
2005 5442 2032 5469 ››
2063 5410 2176 5489 καὶ,
2205 5410 2367 5493 ια’έῐξς
2418 5414 2757 5493 λουσαμένη-
2785 5412 2861 5475 εἷς
2911 5410 3154 5493 κόλισμα

3206 5404 3500 5486 βορϐόρου.
3538 5431 3566 5459 ››

206 5484 667 5549 εθιιιίο-Αδάἱαέ
686 5490 770 5560 iu,
800 5494 865 5549 6:
895 5514 923 5541 «
957 5484 1215 5549 Prestes'
1237 5498 1320 5560 ut,
1350 5494 1397 5549 si
1428 5493 1555 5549 haac
1586 5484 1808 5549 mulier
1830 5484 1904 5549 ad
1933 5484 2173 5550 caenum
2202 5490 2488 5560 libidinis,
2522 5484 2639 5561 quo
2671 5489 2836 5561 prius
2861 5491 2988 5542 erat
3007 5484 3243 5553 fmdata,
3270 5484 3452 5539 fuerit
3471 5499 3564 5537 re-

164 5564 385 5634 voluta,
419 5580 542 5619 non
574 5569 819 5619 sanetur
842 5563 1087 5620 omnino
1142 5587 1172 5617 »

260 5638 353 5707 '70)
382 5637 523 5693 Luc.
557 5652 639 5704 ιι,
671 5637 759 5707 24,
785 5637 877 5694 25.

260 5640 330 5693 '70
382 5638 523 5693 Luc.
557 5652 639 5704 xi,

260 5638 353 5782 7i}
377 5707 531 5766 Ibid.
560 5709 652 5764 26.
