4000 6202
170 380 269 436 957

1332 380 1510 435 VITA
1548 377 1892 435 BABLAAM
1928 378 2024 432 IT
2056 376 2395 433 JOABAPH.

3442 380 3548 435 958

170 502 434 576 παραλυτῇ
470 545 483 570 ,
538 496 699 572 ἔξεστι
756 498 821 554 τὸ
874 501 1146 575 σαθρωθὶν
1195 506 1313 563 τοῖς
1371 501 1671 574 πταίσμασι
1715 503 1784 573 τῇ

1898 500 1941 555 ti
1952 498 2525 571 labefactetur,quod
2541 516 2645 571 per
2656 505 2898 571 peccata
2910 503 3251 569 corruptum
3268 507 3353 556 est
3368 506 3551 573 poeni-

172 592 405 666 μετανοίᾳ
433 590 580 652 αὖθις
622 587 957 644 ἀνακαινίσαι
1018 591 1117 663 (8).
1173 588 1393 659 Πλῆθος
1421 590 1521 665 γὰρ
1579 589 1789 665 οἰκτιρ-

170 686 271 755 μῶν
302 683 430 735 Θεοῦ
479 680 776 750 ἀριθμῆσαι
829 678 921 732 καὶ
969 678 1197 754 μέγεθος
1250 679 1435 741 ἐλέους
1483 678 1647 734 αὐτοῦ
1694 700 1791 752 με-

162 776 343 847 τρῆσαι
374 764 649 823 ἀδύνατον·
685 768 1059 842 ἁμαρτήματα
1091 766 1149 824 δε
1199 770 1390 843 οἷάπερ
1446 766 1506 823 ἂν
1553 770 1650 823 ὦσι
1699 768 1789 824 καὶ

170 858 453 931 πταίσματα
511 855 692 932 μίτρῳ
760 856 1068 912 ὑποκεινται
1126 857 1217 913 καὶ
1295 857 1575 931 ἀριθμητά
1657 858 1789 912 εἶναι

165 942 454 1021 συμϐαίνει.
509 945 590 1003 Τὰ
647 943 737 1000 οὖν
802 944 984 1021 μέτρῳ
1035 946 1125 1001 καὶ
1186 948 1404 1021 ἀριθμῷ
1461 946 1790 1020 ὑποκείμενα

162 1040 447 1111 πταίσματα
486 1038 648 1109 ἡμῶν
695 1037 796 1094 95
825 1036 890 1091 τὸ
950 1037 1253 1112 ἀμέτρητον
1304 1034 1457 1099 ἔλεος
1514 1037 1603 1092 καὶ
1659 1037 1788 1099 τοὺς

162 1127 535 1204 ἀναριθμήτους
560 1123 889 1201 οἶκοιρμοὺς
934 1130 1032 1181 τοῦ
1062 1131 1193 1182 Θεοῦ
1246 1130 1462 1193 νικῆσαι
1517 1126 1579 1182 οὐ
1625 1123 1787 1181 δόνα-

163 1239 259 1275 ται.

224 1307 306 1361 Διὸ
362 1302 420 1359 οὖ
480 1304 939 1378 προσετάχθημεν
1008 1302 1096 1359 ἐπὶ
1178 1310 1298 1367 τοῖς
1372 1306 1786 1379 ἡμαρτημένοις

157 1393 545 1469 ἀπογινώσκειν,
597 1390 729 1447 ἀλλ’
779 1390 1160 1468 ἐπιγινώσκειν
1191 1395 1290 1463 τὴν
1336 1393 1646 1469 ἀγαθότητα
1692 1395 1788 1449 τοῦ

160 1488 297 1553 Θεοῦ,
350 1482 436 1538 καί
492 1482 921 1556 καταγινώσκειν
979 1487 1092 1538 τῶν
1148 1484 1558 1557 ἁμαρτημάτων
1618 1485 1690 1537 ὧν
1751 1487 1786 1553 ἡ

160 1576 325 1650 ἄφεσις
370 1572 655 1646 πρόκειται
704 1569 793 1626 διὰ
843 1569 1257 1647 φιλανθρωπίαν
1310 1578 1411 1627 τοῦ
1442 1575 1695 1645 Χριστοῦ,
1728 1573 1789 1635 ὅς

167 1664 281 1735 ὑπὲρ
325 1665 427 1716 τῶν
485 1661 770 1736 ἆμαρτίῶν
830 1663 991 1733 ἡμῶν
1050 1662 1112 1716 τὸ
1169 1658 1306 1716 ΐδιον
1368 1661 1574 1738 ἀξὲχεεν
1629 1664 1786 1734 αἷμα.

166 1749 493 1825 Πολλαχόθεν
528 1746 589 1803 δὲ
616 1755 715 1818 τῆς
745 1756 961 1826 γραφῆς
1007 1746 1376 1823 διδασκόμεθα
1405 1751 1504 1819 τήν
1557 1747 1785 1823 δύναμιν

161 1847 245 1909 τῆς
292 1837 597 1911 μετανοίας,
656 1838 746 1893 καὶ
795 1835 1032 1911 μάλιστα
1082 1837 1143 1893 ἐκ
1199 1842 1305 1893 τῶν
1356 1838 1787 1915 προσταγμάτων

162 1929 238 1984 καὶ
271 1923 600 2002 παραϐολῶν
656 1930 754 1982 τοῦ
812 1927 1016 2001 Κυρίου
1072 1929 1231 2001 ἡμῶν
1290 1929 1476 1998 Ἰησοῦ
1527 1933 1785 2003 Χριστοῦ.

160 2019 275 2075 Ἀπὸ
328 2017 445 2072 τότε
499 2017 631 2092 γὰρ,
691 2016 856 2093 φησὶν
914 2018 1013 2089 (9),
1071 2015 1569 2093 ἤρξατοὸἸησοῦς
1627 2015 1787 2072 διδά-

160 2128 282 2162 σκειν
335 2108 418 2161 καὶ
482 2106 689 2183 λέγειν’
754 2110 1102 2161 Μετανοεῖτεο
1155 2102 1349 2181 ἤγγικε
1394 2106 1493 2181 γὰρ
1533 2108 1567 2176 ἡ
1631 2106 1786 2181 βασι-

162 2196 267 2250 λεία
290 2200 388 2251 τῶν
413 2195 685 2271 οὐρανῶν.
721 2193 896 2252 Ἀλλὰ
942 2195 1029 2249 καὶ
1082 2193 1135 2250 ἐν
1178 2190 1477 2270 παραῦομῇ
1521 2195 1636 2250 υἱόν
1668 2217 1789 2251 τινα

165 2285 424 2360 εἰσηγεῖται
459 2288 601 2357 (10),
651 2278 890 2339 λαϐόντα
943 2284 1043 2352 τὴν
1091 2288 1188 2339 τοῦ
1236 2285 1437 2359 πατρὸς
1487 2284 1786 2340 οὐσίανκαὶ

163 2375 223 2434 είς
262 2376 435 2449 χώραν
493 2371 940 2445 ἀποδημήσαντα
1000 2374 1228 2447 μακρὰν,
1278 2378 1433 2428 κακεῖ
1480 2373 1531 2428 ἐν
1583 2374 1787 2445 ἀσωτίᾳ

161 2464 306 2518 πάντα
330 2461 826 2518 κανταναιλώσαντα
882 2464 1016 2537 (ll),
1078 2465 1215 2533 εἷτα,
1276 2462 1447 2536 λιμοῦ
1500 2464 1637 2518 κατά
1686 2466 1785 2533 τὴν

162 2554 319 2628 χώραν
349 2553 563 2625 ἐκείνην
597 2553 918 2630 γενομὲνου,
951 2550 1256 2608 απελθόντα
1304 2555 1391 2609 καὶ
1442 2552 1785 2625 κολληθέντα

162 2642 225 2698 ἐνὶ
249 2648 344 2698 τῶν
375 2647 644 2718 πονηρῶν
679 2640 923 2698 πολιτῶν
973 2649 1073 2711 τῆς
1101 2641 1567 2717 πολυαμαρτήτου
1598 2643 1787 2719 χώρας

162 2730 361 2802 ἐκείνης’
415 2734 471 2794 ὃς
526 2733 629 2786 καὶ
690 2726 928 2805 ἔπεμψεν
990 2730 1147 2786 αὐτὸν
1184 2776 1197 2800 ,
1258 2732 1458 2807 φησὶν,
1524 2731 1598 2794 εἷς
1656 2732 1785 2795 τοὺς

159 2818 322 2894 ἀγροὺς
351 2820 509 2875 αὐτοῦ
559 2819 770 2895 βόσκειν
828 2817 1079 2893 χοίρους⁸
1138 2820 1239 2889 τὴν
1301 2821 1646 2895 τραχυτάτην
1696 2820 1786 2875 καί

163 2906 388 2985 βδελυρὰν
416 2908 699 2987 ἁμαρτίαν
732 2908 877 2964 οὕτω
921 2907 1174 2972 καλέσας.
1225 2907 1418 2966 Πολλᾶ
1444 2908 1554 2984 [οὖν
1604 2912 1787 2986 μογή-

162 3020 253 3067 σας,
302 3003 381 3056 καὶ
446 3001 521 3063 εἷς
599 3000 837 3076 ἐσχάτην
904 2998 1195 3069 ἒληλακὼς
1252 2998 1648 3074 ταλαιπωρίαν,
1708 3002 1780 3065 ὡς

160 3087 275 3161 μηδὲ
297 3092 387 3159 τῆς
429 3087 773 3166 βρομώδους
820 3093 928 3144 τῶν
961 3089 1171 3166 χοίρων
1226 3095 1433 3169 τροφῆς
1477 3092 1576 3160 τὴν
1637 3090 1782 3147 ΐδίαν

159 3178 332 3254 ἶσχύειν
399 3178 691 3253 ἐμπλῆσαι
773 3178 1007 3254 γαστέρα
1039 3223 1054 3250 ,
1115 3178 1190 3241 είς
1265 3180 1604 3251 συναίσθησιν
1684 3180 1782 3255 όψὲ

1905 591 2103 645 tentiaa
2135 590 2480 660 adjumento
2514 590 2731 644 sarcire
2752 606 2818 643 ac
2849 604 3131 644 renovare
3164 589 3322 644 licet.
3349 592 3547 661 Neque

1903 682 2061 737 enim
2076 682 2526 736 miserationum
2551 682 2650 735 Dei
2679 680 2993 735 multitudo
3016 682 3316 735 numerari
3334 687 3545 752 potest,

1900 787 2012 826 nec
2025 770 2450 825 misericordia)
2464 770 2651 841 ipsius
2664 770 3007 841 magnitudo
3022 771 3084 825 in
3100 787 3440 825 mensuram
3461 788 3553 826 ca-

1900 859 2157 927 dit(Psal.
2183 858 2382 930 chiv).
2409 861 2893 925 Peccatacontra,
2923 877 3291 930 quascunque
3308 860 3547 915 tandem

1899 947 2003 1001 illa
2016 947 2558 1014 fuerint,mensurze
2574 965 2641 1002 ac
2656 964 2902 1003 numero
2919 949 3465 1019 subjiciuntur.Quo
3484 951 3548 1005 fit

1898 1041 2205 1102 utea,cum
2220 1038 2279 1091 in
2297 1054 2636 1091 mensuram
2652 1054 2717 1092 ac
2732 1053 3045 1092 numerum
3060 1038 3548 1107 cadant,immen—

1900 1125 2133 1180 samDei
2148 1126 2617 1181 misericordiam
2632 1132 2809 1198 atque
2823 1126 3292 1182 innumerabiles
3309 1129 3547 1183 misera-

1899 1216 2091 1272 tiones
2122 1217 2355 1272 vincere
2386 1223 2707 1288 nequeant.

1968 1308 2050 1359 Ac
2071 1304 2317 1376 proinde
2332 1306 2404 1360 ob
2418 1312 2794 1377 peccatorum
2819 1307 3264 1362 multitudinem
3279 1309 3545 1364 animum

1903 1392 2273 1464 despondere
2314 1396 2561 1449 minime
2586 1396 2889 1467 jubemur,
2943 1397 3043 1451 sed
3076 1397 3177 1452 Dei
3220 1398 3546 1453 bonitatem

1900 1497 2241 1554 agnoscere,
2274 1501 2341 1539 ac
2373 1491 2613 1555 peccata
2635 1491 2836 1540 nostra
2860 1485 3545 1557 condemnare,quorum

1899 1574 2172 1629 remissio
2196 1572 2655 1644 propterChristi
2670 1572 3097 1643 benignitatem
3115 1576 3419 1644 proposita
3434 1582 3541 1642 est,

1899 1663 2001 1734 qui
2023 1680 2129 1734 pro
2154 1661 2479 1718 sceleribus
2502 1663 2721 1716 nostris
2745 1662 3096 1733 sanguinem
3116 1680 3288 1717 suum
3312 1664 3541 1718 effudit.

1898 1754 2079 1807 Porro
2100 1768 2234 1806 cum
2251 1768 2321 1806 ex
2337 1751 2539 1805 multis
2561 1750 3036 1823 Scripturaelocis
3059 1752 3406 1821 pmnitentia
3426 1755 3544 1809 vim

1900 1839 2299 1907 addiscamus,
2322 1845 2445 1893 tum
2460 1840 2836 1910 potissimum
2861 1856 2929 1893 ex
2952 1840 3183 1894 Domini
3204 1841 3391 1895 nostri
3408 1843 3546 1898 Jesu

1898 1930 2113 1985 Christi
2136 1929 2470 1984 actionibus
2493 1945 2558 1984 ac
2591 1928 2908 2000 parabolis.
2951 1930 3031 1983 Ex
3053 1935 3195 1984 tunc
3228 1932 3407 1999 enim,
3441 1932 3544 2001 ait,

1896 2021 2072 2090 caapit
2098 2021 2265 2075 Jesus
2297 2018 2531 2081 docere,
2567 2024 2625 2073 et
2651 2019 2878 2073 dicere:
2920 2020 3333 2075 Paenitentiam
3366 2022 3541 2093 agite,

1895 2108 2390 2180 appropinquavit
2421 2108 2579 2162 enim
2612 2124 2858 2180 regnum
2881 2110 3158 2164 caelorum
3194 2112 3411 2180 (Matth.
3439 2115 3539 2177 Ill).

1893 2198 2045 2263 Quin
2085 2198 2263 2253 etiam
2305 2198 2366 2251 in
2398 2197 2680 2268 parabola
2711 2197 2899 2251 tilium
2934 2199 3249 2268 quemdam
3291 2200 3541 2269 inducit,

1894 2288 2044 2358 (Luc.
2071 2287 2187 2356 xv),
2210 2286 2462 2357 quicum
2487 2285 2745 2356 acceptis
2765 2287 3032 2356 paternis
3064 2288 3274 2358 opibus
3306 2288 3366 2342 in
3409 2289 3540 2343 lon-

1892 2376 2174 2448 ginquam
2198 2376 2499 2447 regionem
2516 2374 2813 2445 profectus
2826 2374 3281 2446 fuisset,easque
3300 2376 3359 2430 in
3376 2379 3538 2432 omni

1891 2465 2065 2519 luxus
2097 2470 2271 2535 atque
2300 2464 2775 2535 intemperantia;
2802 2480 3015 2536 genere
3047 2467 3538 2537 consumpsisset,

1891 2559 2119 2626 postea,
2144 2554 2383 2622 regione
2406 2553 2510 2607 illa
2532 2554 2685 2609 fame
2710 2552 3016 2612 laborante
3031 2555 3197 2622 abiit,
3219 2563 3275 2611 et
3292 2555 3542 2611 adhwsit

1889 2644 1993 2698 uni
2009 2644 2223 2698 civium
2237 2642 2496 2715 regionis
2510 2642 2691 2699 illius.
2725 2643 2832 2707 Qui
2849 2644 3025 2698 etiam
3046 2644 3213 2697 illum
3238 2645 3297 2698 in
3312 2662 3539 2717 agrum,

1888 2736 1955 2786 ut
1969 2732 2317 2803 porcos,hoc
2332 2736 2420 2785 est
2432 2731 2807 2801 asperrimum
2824 2738 2882 2785 et
2894 2733 3319 2788 exsecrandum
3335 2750 3541 2803 pecca-

1890 2826 2037 2887 tum,
2061 2826 2352 2891 pasceret,
2379 2821 2557 2875 misit.
2587 2823 2725 2877 Cum
2746 2823 2945 2892 itaque
2968 2822 3171 2876 multis
3190 2822 3540 2876 calamitati-

1890 2908 2000 2964 bus
2016 2911 2261 2965 aﬂ'ectus
2284 2910 2697 2981 fuisset,atque
2714 2912 2775 2965 in
2791 2916 3012 2966 tantam
3030 2911 3332 2965 miseriam
3348 2911 3541 2965 venis-

1891 3004 1998 3067 set,
2033 3004 2097 3053 ut
2127 3015 2202 3053 ne
2242 3015 2557 3070 porcorum
2591 3001 2833 3071 quidem
2866 3000 3099 3070 siliquis
3130 3000 3240 3070 ipsi
3274 3006 3539 3055 ventrem

1891 3105 2065 3144 suum
2082 3088 2331 3159 implere
2350 3088 2825 3155 liceret,tandem
2847 3089 3167 3159 aliquando
3188 3090 3340 3144 hanc
3355 3106 3541 3159 usque

1892 3177 2040 3233 adeo
2053 3193 2288 3249 gravem
2303 3177 2689 3247 ignominiam
2706 3177 3359 3250 agnoscens,vitamque
3375 3195 3543 3233 suam

161 3234 267 3325 πότε
292 3234 600 3345 (milites);
630 3274 729 3339 τῆς
775 3234 1054 3341 τοιαύτης,
1078 3234 1369 3346 ala-16mg,
1566 3234 1778 3348 θρηνών

1897 3266 2128 3339 lugens,
2154 3266 2421 3322 dicebat:
2447 3268 2657 3331 Quanti
2684 3268 3038 3323 mercenarii
3071 3268 3130 3321 in
3163 3267 3336 3321 domo
3360 3268 3541 3338 patris

160 3358 316 3413 ὶαυτὸν
348 3354 515 3434 ἔλεγε·
557 3359 731 3417 Πόσοι
785 3358 991 3431 μίσθιοι
1018 3363 1120 3415 τοῦ
1175 3359 1379 3435 πατρός
1439 3382 1543 3434 μου
1601 3382 1790 3436 περισ-

163 3446 368 3502 σεύονται
400 3446 577 3522 ἄρτων
619 3450 631 3503 l
665 3446 772 3523 ἐγὼ
831 3444 889 3502 δὲ
942 3446 1096 3521 λιμῷ
1148 3446 1490 3521 ἀπόλλυμαι.
1528 3450 1787 3512 Ἀναστὰς

164 3536 464 3609 πορεύσομαι
506 3537 654 3613 πρὸς
699 3538 791 3591 τὸν
849 3537 1056 3610 πατὲρα
1117 3558 1244 3610 μου,
1304 3540 1393 3592 καὶ
1452 3536 1556 3593 ἔσω
1614 3541 1785 3612 αὐτῷ·

169 3625 329 3699 πάτερ,
357 3623 605 3701 ἥμαρτον
670 3624 745 3688 εἲς
797 3626 890 3681 τὸν
946 3624 1171 3701 οὐρανὸν
1230 3625 1320 3681 καὶ
1379 3626 1610 3682 ἐνώπιόν
1670 3649 1787 3699 σου,

168 3714 237 3767 καὶ
267 3713 355 3769 οὐκ
385 3714 499 3789 εἲμὶ
532 3715 687 3786 ἄξιος
718 3713 994 3785 κληθῆναι
1036 3713 1151 3777 υἱός
1204 3734 1320 3770 σου·
1354 3716 1586 3786 ποίησόν
1619 3737 1686 3788 με
1716 3718 1789 3779 ὡς

168 3796 242 3854 ἵνα
264 3807 362 3856 τῶν
411 3804 645 3875 μισθίων
707 3824 824 3859 σου.
886 3803 984 3858 Καὶ
1036 3804 1261 3865 ἀναστὰς
1314 3802 1453 3873 ἦλθε
1507 3806 1643 3881 πρὸς
1695 3806 1787 3860 τὸν

166 3893 339 3967 πατέρα
366 3892 547 3949 αὐτοῦ.
609 3893 672 3950 Ὀ
721 3889 800 3961 δὲ,
850 3891 1131 3968 πορῥωθεν
1184 3891 1313 3947 ἰδὼν
1356 3894 1541 3963 αὐτὸν,
1587 3892 1787 3949 ἐσπλα-

165 3978 391 4051 γχνίσοη.
437 3980 526 4035 καὶ
560 3976 934 4054 προσδραμὼν
997 3976 1394 4053 ἐνηγκαλίσατο
1451 3980 1539 4035 καὶ
1574 4002 1788 4054 συμπα-

167 4066 256 4131 θῶς
302 4070 648 4149 κατεφίλησε·
697 4070 809 4139 καὶ,
840 4075 940 4138 τῆς
988 4069 1256 4145 προτέρας
1312 4069 1543 4141 ἀξιώσας
1595 4076 1788 4145 τιμῆς,

170 4154 331 4228 ἰορτήν
369 4159 724 4235 χαρμόσυνον
785 4158 872 4213 ἐπὶ
924 4162 993 4233 τῇ
1051 4157 1214 4214 αὐτοῦ
1271 4159 1541 4235 ἀνευρέσει
1595 4158 1790 4231 ἐποιή-

168 4262 293 4313 mo,
323 4246 477 4311 θύσας
504 4248 599 4303 τὸν
651 4247 862 4321 μόσχον
916 4247 1007 4301 τὸν
1069 4248 1332 4305 σιτευτόν.
1393 4245 1533 4304 Ἰδοὺ
1583 4248 1784 4320 ταύτην

162 4332 243 4399 τήν
271 4336 586 4412 παραβολὴν
621 4337 745 4411 περὶ
776 4340 883 4390 τῶν
926 4333 977 4408 ἐξ
1010 4337 1288 4411 ἁμαρτιῶν
1342 4337 1787 4414 ὗποστρεφόντων

163 4420 236 4474 καὶ
286 4422 331 4477 ἐν
384 4425 647 4496 μετανοίᾳ
702 4424 1161 4499 προσπιπτόντων
1235 4427 1370 4497 ἡμῖν
1434 4425 1733 4502 ἐξηγήσατο
1768 4468 1780 4481 .

162 4507 314 4566 Ἀλλὰ
338 4516 423 4567 καί
454 4515 701 4587 ποιμένα
728 4513 852 4568 τινὰ
880 4514 1073 4587 ἀγαθὸν
1109 4511 1259 4578 αὖθις
1306 4511 1474 4583 δηλοῖ
1519 4520 1631 4585 (13)
1662 4517 1788 4571 ὲκα-

1897 3358 2014 3413 mei
2032 3358 2338 3413 abundant
2358 3358 2633 3430 panibus,
2661 3374 2763 3429 ego
2790 3363 2987 3413 autem
3008 3357 3161 3412 fame
3185 3374 3381 3428 pereo.
3402 3358 3543 3411 Sur-

1896 3467 2050 3523 gam,
2080 3456 2138 3506 et
2167 3450 2262 3505 ibo
2294 3450 2367 3505 ad
2393 3456 2621 3521 patrem
2656 3466 2880 3515 meum,
2914 3454 2972 3504 et
3001 3450 3192 3504 dicam
3227 3451 3312 3505 ei:
3346 3452 3539 3518 Pater,

1896 3539 2128 3610 peccavi
2153 3539 2213 3591 in
2234 3539 2446 3593 coelum
2473 3544 2530 3592 et
2551 3556 2749 3594 coram
2778 3538 2993 3610 te,jam
3020 3555 3138 3594 non
3167 3555 3295 3593 sum
3330 3538 3542 3610 dignus

1895 3627 2088 3682 vocari
2107 3627 2263 3681 illius
2281 3632 2437 3696 tuus,
2451 3627 2541 3681 fac
2558 3644 2649 3683 me
2666 3628 2816 3683 sicut
2839 3645 3022 3682 unum
3055 3628 3125 3682 de
3158 3628 3543 3683 mercenariis

1899 3716 2034 3772 tuis.
2056 3718 2125 3770 Et
2142 3732 2389 3787 surgens
2410 3716 2570 3771 venit
2591 3717 2663 3771 ad
2686 3723 2916 3788 patrem
2954 3734 3146 3772 suum.
3168 3719 3311 3772 Cum
3342 3723 3543 3773 autem

1896 3805 2089 3861 adhuc
2110 3805 2283 3877 longe
2303 3811 2477 3873 esset,
2502 3806 2650 3860 vidit
2672 3806 2841 3860 illum
2861 3812 3028 3877 pater
3050 3824 3212 3873 suus,
3234 3812 3292 3862 et
3314 3808 3543 3862 miseri-

1895 3895 2095 3951 cordia
2111 3899 2307 3949 motus
2332 3901 2512 3961 est,ae
2533 3912 2852 3951 accurcens
2874 3897 3088 3951 cecidit
3113 3914 3291 3968 super
3320 3897 3541 3953 collum

1896 3984 2045 4057 ejus,
2068 3990 2126 4040 et
2146 3984 2448 4040 osculatus
2470 3990 2559 4040 est
2580 4001 2737 4051 eum,
2761 3991 2939 4056 atque
2963 3986 3270 4059 inpristini
3296 3987 3538 4042 honoris

1892 4072 2089 4130 locum
2103 4074 2531 4141 restituit,etob
2545 4075 2731 4145 ipsius
2746 4076 3147 4130 inventionem
3162 4075 3537 4131 laetissimum

1892 4162 2108 4218 festum
2137 4162 2473 4230 celebravit,
2506 4164 2700 4219 occiso
2735 4164 2917 4218 vitulo
2945 4164 3231 4235 saginato.
3265 4165 3349 4217 En
3382 4164 3535 4218 hanc

1893 4250 2234 4323 parabolam
2263 4250 2335 4305 de
2359 4252 2432 4305 iis
2456 4252 2556 4321 qui
2588 4267 2621 4305 a
2650 4253 2907 4322 peccatis
2936 4252 3233 4317 resiliunt,
3262 4256 3438 4322 atque
3460 4253 3533 4307 ad

1892 4340 2302 4412 pmnitentiam
2325 4345 2661 4407 accurrunt,
2686 4340 2857 4394 nobis
2879 4341 3381 4394 commemoravit.
3398 4342 3539 4406 Qui-

1893 4430 2117 4484 netiam
2149 4428 2369 4484 bonum
2393 4428 2709 4500 quemdam
2742 4435 3039 4500 pastorem
3071 4447 3275 4485 rursus
3308 4429 3538 4487 inducit

1893 4520 2043 4588 (Luc.
2073 4520 2183 4588 xv),
2208 4518 2308 4589 qui
2324 4535 2457 4573 cum
2472 4524 2710 4573 centum
2725 4534 2861 4573 oves
2874 4518 3140 4585 haberet,
3163 4526 3339 4589 atque
3354 4536 3535 4574 unam

162 4597 236 4649 τὸν
264 4598 525 4677 ἐσχηκότα
577 4597 828 4676 πρόϐατα
883 4601 993 4671 καὶ,
1053 4607 1150 4656 τοῦ
1209 4602 1322 4665 ἐνὸς
1380 4602 1781 4672 ἀπωλωλότος,

1896 4608 2211 4673 amisisset,
2246 4607 2470 4661 relictis
2484 4608 2809 4679 nonaginta
2822 4624 3051 4675 novem,
3084 4608 3157 4662 ad
3171 4609 3533 4678 conquiren-

162 4686 494 4745 καταλιπόντα
569 4690 638 4746 τὰ
709 4689 1181 4761 ἐνενηκονταεννὲα
1216 4735 1229 4761 ,
1309 4692 1383 4752 εἷς
1455 4691 1773 4763 ἐπιζήτησιν

161 4778 240 4827 τοῦ
266 4777 543 4852 ἀλωμένου
586 4777 845 4850 ἰξελθεῖν,
901 4777 1008 4843 ἶως
1067 4778 1239 4856 εὑρὼν
1298 4780 1448 4851 αὐτὸ,
1509 4782 1597 4837 καὶ
1654 4788 1776 4845 τοῖς

163 4860 311 4933 ὤμοις
363 4863 673 4937 ἀναλαϐὼν,
725 4873 847 4930 τοῖς
897 4865 1162 4924 ἂπλανέσι
1221 4872 1597 4945 συγκατέμιξε,
1645 4892 1780 4946 συγ-

162 4951 361 5020 ωλὲσας
387 4957 513 5021 τοὺς
556 4958 752 5036 φίλους
807 4960 897 5011 καί
952 4957 1084 5020 τοὺς
1136 4958 1379 5034 γείτονας
1434 4958 1510 5021 εἰς
1542 4958 1780 5035 εὐωχίαν

1889 4695 2021 4751 dam
2037 4712 2165 4750 eam
2186 4713 2317 4766 qua:
2332 4696 2952 4769 aberrabatprofectus
2971 4697 3276 4761 est,donec
3298 4714 3425 4751 eam
3442 4698 3532 4753 in-

1886 4785 2345 4856 venisset,atque
2360 4786 2625 4843 humeris
2640 4787 2953 4855 sublatam,
2973 4804 3106 4842 cum
3120 4788 3193 4841 iis
3207 4804 3339 4858 quae
3354 4787 3531 4842 mini-

1886 4890 1982 4929 me
1995 4874 2562 4948 aberraveruntconj
2576 4877 2973 4942 unxisset.Qui
2997 4877 3174 4931 etiam
3203 4878 3313 4931 hoc
3335 4878 3529 4931 nomi-

1889 4979 1963 5018 ne
1976 4980 2199 5020 amicos
2214 4980 2281 5020 ac
2296 4965 2520 5020 vicinos
2534 4964 2605 5020 ad
2621 4966 2950 5021 convivium
2967 4965 3040 5020 ob
3063 4980 3195 5021 eam
3227 4966 3527 5021 inventam

217 5116 279 5187 (8)
309 5118 517 5201 Paulus
548 5118 733 5201 Epist.
767 5119 841 5201 ad
872 5118 1155 5201 Hebrum,
1189 5122 1242 5201 ξ,
1275 5123 1327 5189 9,
1376 5120 1563 5201 multo
1618 5137 1789 5179 sever:

1928 5126 2064 5179 est:
2098 5119 2390 5179 Ἀδύνατον
2424 5124 2528 5200 γάρ
2585 5122 2712 5187 τοὺς
2770 5124 2911 5187 ἅπας
2966 5122 3396 5201 φωτισθέντας...
3438 5124 3529 5180 καὶ

160 5189 551 5264 παραπεσόντας,
586 5188 750 5243 πάλιν
784 5190 1146 5260 ἀνακαινίζειν
1180 5189 1255 5253 εἰς
1292 5188 1596 5264 μετάνοιαν.

232 5262 277 5325 9)
308 5261 497 5316 Matth.
534 5278 608 5328 iv,
643 5266 725 5317 17.

216 5330 313 5467 (1οζ
341 5333 507 5403 Apud
540 5333 671 5389 Luc.
706 5351 795 5402 xv,
832 5337 917 5399 H,
952 5352 978 5389 s

215 5405 285 5463 (Η
342 5406 405 5467 Α,
435 5406 609 5456 πᾶσαν
639 5424 757 5462 κατ.
792 5406 976 5462 Lucas

342 5349 507 5403 apud
543 5349 671 5389 Luc.
706 5351 795 5402 xv,
832 5349 917 5399 n,
952 5349 1082 5460 δαίς

342 5406 405 5470 Α,
435 5406 609 5474 πᾶσαν
639 5424 757 5462 κατ.
792 5406 976 5462 Lucas
1000 5422 1013 5461 :
1082 5406 1453 5474 απανησαντος
1485 5403 1543 5461 δὶ
1572 5405 1736 5461 αὐτοῦ
1766 5406 1960 5463 πάντα.

218 5475 383 5570 (fati
410 5476 545 5570 sine3
576 5472 692 5564 όψίζ
722 5478 949 5570 Saa‘piuls
967 5478 1180 5570 ‘jungit
1334 5480 1602 5570 :lt‘oteLJO.
1637 5479 1789 5570 Chrif

1896 5497 2095 5570 pmus.
2130 5481 2303 5570 γει-οἱ
2334 5482 2661 5570 causa~EcL
2711 5500 2771 5570 p.’
2802 5486 2937 5570 20§z
2972 5477 3400 5570 ΛΔιαβλέψξθμεν,
3428 5484 3523 5538 κᾶν

268 5536 406 5634 ποτε,
437 5546 575 5634 χρὴ,
600 5536 734 5634 προς
762 5536 1388 5634 τᾶνμὲλλοντῖἆί.ε..⁸οψὲ
1408 5553 1539 5634 γοῦν
1571 5570 1703 5605 ποτε
1728 5551 1829 5621 τὴν
1862 5536 2311 5618 νόάοἶὲὲτόθίείάθέ

162 5612 281 5669 382:
310 5612 618 5689 ἀναστῖῗιμεν
641 5612 745 5691 ’όψὶ
772 5612 898 5689 γοῦν
931 5640 1082 5676 ποτε.
1120 5622 1281 5677 Adde
1402 5612 1525 5678 446.

224 5705 319 5775 (t3)
346 5707 528 5779 Apud.
553 5708 684 5764 Luc.
718 5726 809 5781 xv,
840 5712 939 5765 4...
