4000 6202
504 366 609 423 967

2025 364 2368 420 ADDENDA
2378 405 2391 421 .
3714 385 3791 440 κθ

506 492 797 560 nibusque
813 485 1318 543 etvenditionibus
1333 499 1575 558 prorsus
1607 482 1802 539 valere
1821 484 2030 556 jussis,
2087 502 2137 541 n.

2266 484 2486 560 πράσεις
2529 506 2586 541 τε
2639 486 2729 542 καὶ
2785 487 3079 564 ἀγορασίας
3134 487 3504 567 ἐπιλαθόμενοι
3547 497 3657 553 εἶναι
3698 502 3802 569 ὅλως

506 587 594 636 ter
626 579 895 635 homines
927 577 1167 631 omnino
1201 593 1262 631 se
1295 593 1421 632 esse
1456 573 1975 631 obliviscebantur.

572 670 816 724 Invidiae
841 674 1037 722 autem
1062 674 1119 721 et
1139 666 1319 720 animi
1344 666 1747 737 elationi,quze
1770 664 2148 737 potissimum

500 759 795 815 bonorum
827 774 1073 828 operum
1107 756 1353 810 comites
1383 772 1510 810 esse
1542 756 1757 816 solent.
1790 756 1955 809 locus
1994 755 2151 809 inter

505 865 605 904 eos
629 848 829 902 nullus
853 853 993 901 erat.
1017 847 1215 916 Neque
1238 846 1397 899 enim
1422 844 1470 899 is
1493 845 1592 916 qui
1616 846 1677 899 in
1710 846 1838 899 vitas
1870 843 2151 899 monasti-

501 956 582 992 σα)
615 935 1135 993 exercitationibus
1167 934 1505 989 inferiorem
1537 934 1734 989 locum
1768 934 2024 999 tenebat,
2053 932 2151 988 ad-

501 1044 702 1082 versus
716 1044 851 1081 eum
872 1024 1537 1097 cujusillustriorvirtus
1561 1024 1914 1083 erat.livoris
1936 1023 2150 1095 cogita-

501 1118 724 1171 tionem
758 1118 817 1170 in
849 1117 1115 1171 animum
1147 1115 1630 1170 admittebatmec
1662 1132 1867 1169 rursus
1886 1130 2020 1169 eum
2044 1112 2145 1183 qui

499 1207 813 1261 virtutibus
828 1205 1090 1277 pollebat
1106 1204 1441 1277 arrogantia
1454 1209 1512 1258 et
1533 1203 1719 1258 fastus
1741 1202 2019 1258 adversus
2043 1203 2150 1256 im-

498 1297 833 1351 becilliores
866 1295 1167 1361 ell‘erebat,
1200 1300 1375 1364 atque
1408 1294 1469 1346 in
1514 1293 1668 1347 hanc
1720 1291 1991 1346 fraudem
2042 1292 2149 1345 im-

498 1386 757 1456 pellebat
780 1390 841 1438 ut
869 1384 1203 1455 proximum
1236 1381 1387 1437 nihil
1419 1381 1726 1452 penderet,
1762 1386 1863 1435 aut
1902 1380 1974 1435 de
2013 1380 2148 1436 reli-

497 1476 661 1547 giosa
692 1472 1147 1530 excercitatione
1163 1469 1618 1544 gloriaretur,ob
1645 1485 1831 1540 eaque
1854 1486 1983 1540 quas
2007 1485 2142 1525 cum

498 1564 671 1619 laude
696 1561 1403 1633 praestitisset,magnifice
1426 1565 1603 1629 atque
1627 1564 1970 1630 arroganter
1984 1558 2055 1613 de
2080 1574 2141 1613 se

498 1654 763 1709 sentiret.
798 1653 940 1706 Nam
973 1651 1072 1721 qui
1104 1651 1317 1705 virtute
1349 1649 1603 1704 alterum
1635 1646 2048 1715 antecellebat,
2082 1646 2142 1701 id

498 1747 685 1796 totum
710 1758 830 1795 non
854 1740 975 1795 suis
992 1738 1319 1806 laboribus,
1342 1737 1445 1793 sed
1464 1736 1566 1792 Dei
1587 1737 1787 1792 virtuti
1816 1735 2140 1802 ascribens,

2267 573 2318 628 ἐν
2352 575 2684 650 ἀνθρώποις.

2333 663 2544 728 Φθόνος
2574 661 2633 719 δὲ
2679 664 2769 720 καὶ
2800 663 3049 743 ἔπαρσις,
3102 667 3154 723 οἳ
3219 668 3451 741 μάλιστα
3497 678 3598 737 τοῖς
3644 676 3798 750 ἀγαθοῖς

2258 749 2441 828 ἔργοις
2468 752 2793 810 ἀκολουθεῖν
2826 754 3097 827 εἰωθότες,
3147 756 3248 813 οὐκ
3294 755 3450 835 ἔσχον
3498 763 3797 838 χώρανένά

2256 845 2393 902 τοῖς.
2455 840 2596 899 Οὐδὲ
2651 845 2755 919 γὰρ
2813 846 2841 899 ὁ
2904 843 3143 900 ἐλάττων
3206 846 3258 901 ἐν
3307 854 3419 910 τοῖς
3466 854 3555 915 τῆς
3604 852 3803 922 ἀσκήσεως

2260 926 2453 994 ΐδρῶσι
2505 933 2642 986 κατᾶ
2695 935 2792 987 τοῦ
2852 932 3067 1006 μᾶλλον
3129 931 3523 1009 διαλάμποντος
3592 940 3800 1015 βασκανίας

2259 1016 2524 1094 λογισμὸν
2558 1019 2706 1083 ὅλως
2754 1020 2805 1075 ἐν
2860 1022 3035 1095 ἑαυτῷ
3079 1021 3396 1100 ίιπεδέχετο⁹
3446 1026 3552 1082 οὐδ’
3593 1027 3647 1083 αὖ
3690 1032 3801 1087 πάλιν

2256 1107 2347 1162 τὸν
2406 1108 2615 1186 μεγάλα
2671 1113 3038 1185 κατορθοῦντα
3110 1116 3249 1168 κατά
3320 1118 3425 1169 τῶν
3505 1117 3802 1193 ἀσθενεστέρων

2258 1198 2392 1271 πρὸς
2434 1196 2612 1268 οἷήσιν
2674 1198 2872 1273 ἐπῆρεν
2922 1202 2957 1270 ἡ
3018 1200 3305 1271 ἀλαζονεία
3369 1200 3404 1272 ἤ
3460 1202 3707 1275 έξουθενεῖν
3744 1210 3803 1263 τὸν

2259 1282 2519 1357 πλησίον,
2564 1288 2599 1358 ἢ
2658 1285 3025 1364 ἐγκαυχᾶσθαι
3082 1289 3155 1364 τῇ
3212 1288 3453 1361 ἀσκήσει,
3508 1293 3585 1348 καὶ
3638 1296 3806 1370 μεγαλα·

2258 1379 2474 1452 φρονεῖν
2530 1373 2616 1431 ἐπὶ
2672 1381 2791 1439 τοῖς
2847 1379 3289 1453 κατορθώμασιν,
3350 1380 3721 1452 inanimoan
3740 1386 3805 1459 γὰρ

2255 1465 2317 1519 τὸ
2349 1464 2515 1521 πλέον
2543 1463 2687 1541 ἔχων
2732 1463 2809 1531 εἷς
2862 1468 3082 1543 ἀρετήν,
3144 1468 3207 1524 οὐ
3266 1469 3450 1533 πόνοις
3502 1468 3662 1541 ἰδίοις,
3709 1473 3807 1528 ἀλλὰ

2258 1558 2392 1609 Θεοῦ
2446 1551 2690 1629 δυναμει,
2775 1558 2837 1611 τὸ
2918 1562 3023 1612 πᾶν
3110 1557 3437 1637 έπιγράφων,
3513 1561 3807 1636 ταπεινόφρονι

2256 1644 2451 1718 γνώμῃ
2484 1642 2689 1708 ἔπειθεν
2718 1645 2902 1700 ἑαυτὸν
2966 1644 3135 1720 μηδὶν
3191 1646 3338 1710 ὅλως
3392 1646 3688 1723 ἐργάζεσθαι,
3712 1649 3809 1704 ἀλλὰ

2254 1732 2341 1786 καὶ
2377 1731 2646 1788 πλειόνων
2697 1733 2984 1809 ὀφειλέτην
3031 1736 3189 1806 εἶναι,
3238 1736 3373 1801 καθά
3421 1739 3805 1813 φησινὸΚύριος·

495 1831 705 1885 humili
731 1834 930 1885 mente
950 1829 1061 1884 hoc
1080 1827 1192 1883 sibi
1215 1825 1699 1899 persuadebat,se
1723 1825 1873 1880 nihil
1896 1824 2137 1880 omnino

2254 1822 2420 1926 :Otav
2643 1824 2914 1894 ποιήσητε
2936 1822 3144 1926 “πάντα
3209 1827 3277 1881 τὰ
3335 1824 3662 1903 διαταχθέντα
3703 1828 3808 1899 ὑμῖν,

498 1920 961 1983 efficere,verum
976 1917 1164 1972 multo
1179 1917 1349 1987 plura
1362 1916 1473 1970 sibi
1492 1914 1825 1985 praastanda
1839 1915 2137 1985 essejuxta

2254 1909 2457 1987 λέγετε,
2490 1910 2572 1967 ὅτι
2628 1914 2885 1987 Ἀχρεῖοι
2932 1910 3125 1970 δοῦλοί
3181 1915 3366 1989 ἔσμεν,
3415 1917 3493 1971 ὅτι
3522 1915 3807 1991 δώφείλομιν

496 2008 643 2063 illud
677 2008 833 2079 quod
866 2008 949 2062 ait
978 2006 1264 2061 Dominus
1290 2022 1302 2059 :
1338 2006 1482 2058 Cum
1512 2003 1771 2058 feceritis
1794 2002 1996 2056 omnia
2014 2019 2145 2073 quas

494 2104 790 2168 praecepta
821 2101 957 2151 sunt
986 2095 1171 2162 vobis,
1205 2093 1417 2147 dicite:
1451 2092 1608 2146 Servi
1640 2090 1883 2145 inutiles
1917 2108 2143 2160 sumus,

498 2203 628 2257 qua)
652 2186 966 2240 debuimus
988 2184 1181 2238 facere
1205 2182 1610 2251 fecimus(Luc.
1635 2181 1879 2251 xvn).Ac
1901 2181 2143 2252 quidam

498 2278 674 2332 etiam
708 2278 819 2331 hoc
844 2277 954 2331 sibi
984 2274 1438 2347 persuadebant.
1467 2290 1527 2327 se
1556 2291 1628 2328 ne
1662 2290 1729 2328 ea
1760 2274 2003 2344 quidem
2021 2273 2142 2328 ullo

496 2366 673 2421 modo
698 2368 927 2432 fecisse,
954 2364 1246 2436 quaeipsis
1268 2380 1301 2417 a
1331 2364 1447 2417 Deo
1479 2370 1773 2434 przecepta
1803 2369 2023 2428 essent,
2056 2379 2146 2418 ve-

494 2472 625 2509 rum
654 2455 836 2510 multo
862 2454 1033 2525 plura
1049 2469 1177 2507 esse
1199 2469 1328 2523 quae
1354 2451 1462 2506 sibi
1487 2451 1783 2517 deessent,
1808 2468 1985 2522 quam
2010 2469 2140 2522 quae

487 2546 612 2616 jam
635 2544 1331 2615 praestitissentﬁursum
1356 2541 1405 2595 is
1430 2541 1529 2612 qui
1551 2542 1609 2594 in
1630 2541 1907 2613 religiosa
1928 2540 2145 2596 exerci-

494 2633 818 2693 tatione,0b
850 2630 1866 2704 corporisfortasseimbecillitatem
1896 2631 2143 2685 inferior

492 2729 637 2783 erat.
663 2724 923 2793 seipsum
949 2721 1120 2777 nihili
1142 2720 1459 2791 pendebat,
1488 2737 1554 2775 ac
1576 2720 1861 2775 miserum
1885 2721 2139 2788 dicebat,

490 2812 675 2867 animi
700 2812 927 2866 scilicet
948 2811 1212 2883 ignaviae,
1246 2826 1312 2864 ac
1333 2826 1451 2864 non
1484 2814 1710 2864 natura:
1744 2810 2140 2867 imbecillitati

491 2901 785 2956 defectum
818 2918 990 2956 suum
1005 2900 1429 2973 assignanslta
1448 2899 1546 2954 alii
1578 2899 1913 2971 aliis,atque
1931 2917 2138 2957 omnes

491 2991 765 3045 omnibus
798 2990 1191 3045 modestiores
1231 3006 1292 3044 se
1335 2988 1695 3059 praabebant.
1732 2990 1931 3044 Inanis
1962 3007 2136 3061 porro

486 3081 687 3152 gloriae
703 3082 945 3134 affectus
960 3078 1417 3134 authominibus
1430 3078 1703 3148 placendi
1720 3079 1982 3133 studium
2001 3096 2142 3150 quo-

488 3187 626 3224 nam
650 3169 887 3225 tandem
912 3173 1081 3241 pacto
1106 3169 1165 3221 in
1192 3167 1308 3221 illis
1328 3167 1795 3239 inesset,quippe
1815 3169 1913 3238 qui
1933 3167 2042 3223 hac
2060 3168 2132 3223 de

486 3276 663 3313 causa
686 3258 889 3313 orbem
915 3258 1049 3329 fuga
1070 3256 1640 3327 reliquerant,atque
1664 3256 1724 3310 in
1743 3255 1994 3311 desertis
2014 3273 2133 3312 mo-

485 3348 789 3415 rabantur,
812 3353 874 3401 ut
896 3347 1138 3400 virtutes
1162 3362 1298 3400 suas
1316 3361 1436 3399 non
1469 3344 1833 3411 hominibus,
1856 3345 1959 3400 sed
1991 3345 2130 3413 Deo,

484 3452 517 3490 a
543 3454 658 3506 quo
685 3437 964 3490 virtutum
995 3451 1230 3506 quoque
1258 3434 1502 3505 prmmia
1533 3433 1872 3505 sperabant,
1893 3433 2135 3489 demon-

484 3530 759 3579 strarent.
784 3524 937 3578 Illud
958 3524 1176 3594 quippe
1200 3523 1381 3594 probe
1412 3528 1647 3587 norant,
1670 3522 1946 3594 religiosa
1974 3540 2135 3577 exer-

482 3614 639 3672 citia.
674 3631 803 3683 quae
836 3612 1031 3666 inanis
1061 3611 1262 3683 gloriae
1289 3628 1467 3666 causa
1507 3611 1823 3676 obeuntur,
1860 3612 2131 3667 mercede

2250 2006 2477 2070 ποιῆσαι
2530 2004 2931 2075 πεποιήκαμεν.
2989 2004 3057 2060 Οἱ
3116 2002 3174 2059 δὲ
3226 2003 3393 2059 πάλιν
3462 2002 3575 2061 οὐδὲ
3646 2005 3808 2074 ποιῆσαί

2249 2109 2380 2145 ποτε
2412 2090 2477 2144 τὰ
2504 2087 2896 2169 διατεταγμένα
2926 2090 3140 2157 ἔπειθον
3183 2094 3425 2165 ἑαυτοὺς,
3476 2094 3607 2150 ἀλλὰ
3642 2093 3809 2149 πλείονι

2252 2180 2523 2237 εἶναιτῶν
2568 2179 2677 2254 ἢδη
2727 2184 3176 2258 κατωρθωμένων
3225 2185 3297 2240 τά
3344 2184 3654 2241 έλλείποπα.
3698 2184 3810 2241 Καέὁ

2248 2269 2646 2343 ἐλαττούμενος
2706 2271 2873 2327 πάλιν
2924 2272 2976 2327 ἐν
3024 2276 3093 2347 τῇ
3144 2275 3394 2345 ἀσκήσει,
3438 2273 3521 2329 διὰ
3571 2274 3809 2347 σωματικὴν

2252 2361 2399 2418 I05
2438 2354 2571 2423 ἴσως
2630 2360 2923 2428 ἀσθένειαν,
2979 2359 3281 2432 ἐξευτέλιζε
3332 2360 3618 2433 ταλανίζων
3658 2362 3810 2429 burim,

2251 2447 2488 2524 ῥᾳθυμίᾳ
2544 2450 2799 2525 γνώμης,
2860 2449 2989 2526 οὖχῖ
3048 2450 3263 2526 φύσεως
3320 2453 3569 2523 ἀσθενείᾳ,
3617 2454 3667 2506 τὸ
3712 2452 3809 2504 ὑστέ-

2249 2557 2402 2613 ρημα
2463 2535 2849 2613 λογισάμενος.
2906 2538 3091 2601 Οὕτως
3139 2538 3232 2595 οὖν
3286 2538 3459 2596 ἄλλου
3534 2541 3611 2595 καὶ
3674 2540 3811 2599 πάντες

2248 2628 2498 2682 ἀπάντων
2527 2628 2662 2697 ἦσαν
2725 2631 3107 2704 μετριώτεροι.
3165 2629 3493 2704 Κενοδοείας
3544 2628 3593 2685 δὲ
3640 2626 3810 2694 πάθοςῆ

2247 2716 2751 2791 ἀνθρωπαρεσκείας
2783 2721 2889 2771 ποῦ
2920 2715 2972 2772 ἐν
3002 2716 3230 2780 ἐκείνοις
3259 2738 3274 2790 ;
3303 2717 3513 2785 οἷ’τινες,
3542 2719 3627 2787 τήν
3675 2717 3806 2772 οἰκου-

2250 2807 2413 2878 μένην
2448 2800 2731 2883 ιρυγόντες,
2765 2802 2854 2861 διὰ
2882 2810 3044 2863 τοῦτο
3094 2806 3315 2863 οἳκοῦσι
3365 2809 3462 2877 τήν
3514 2806 3703 2883 ἔρημον,
3742 2806 3809 2858 οὐχ

2247 2895 2578 2970 ἀνθρώποις,
2633 2893 2779 2953 ἀλλὰ
2839 2901 2957 2970 Θεῷ
3010 2898 3080 2953 τὰ
3134 2900 3537 2976 κατορθώματα
3610 2894 3806 2951 δεικνύναι

2249 2984 2604 3061 βουλόμενοι,
2653 2986 2780 3061 παρ’
2841 2982 2902 3041 οὗ
2958 2985 3048 3041 καὶ
3104 2992 3216 3042 τῶν
3304 2987 3702 3062 κατορθωμάτων
3743 2983 3807 3041 τᾶς

2244 3069 2479 3147 ἀμοιϐὰς
2537 3072 2845 3143 ἐλπίζουσι.
2905 3074 3093 3139 καλῶς
3143 3075 3497 3149 ἐπιστάμενοι
3550 3076 3622 3130 ’ὁτι
3662 3072 3701 3127 αἱ
3741 3068 3807 3124 διὰ

2243 3159 2553 3236 κενοδοξίαν
2587 3160 3004 3237 ἐπιτελούμεναι
3032 3165 3294 3236 ἀσκήσεις
3340 3164 3573 3239 ἄμισθοι,
3612 3161 3667 3217 δι’
3702 3156 3808 3215 ἔπαι-

2244 3273 2330 3306 νον
2364 3252 2467 3326 γὰρ
2499 3252 2801 3327 ἀνθρώπων
2833 3254 2971 3325 (38),
3017 3251 3108 3307 καὶ
3159 3253 3223 3307 οὗ
3277 3250 3367 3308 διὰ
3400 3255 3489 3308 τὸν
3535 3253 3643 3307 Θεὸν
3678 3249 3808 3325 γίνον-

2239 3362 2348 3395 ται·
2384 3341 2500 3395 ὅθεν
2533 3342 2624 3395 καὶ
2658 3338 2870 3403 διπλῶς
2903 3342 2955 3396 οἱ
2984 3345 3229 3397 τοιοῦτοι
3264 3340 3585 3411 ἀδικοῦνται,
3624 3340 3675 3394 τὸ
3698 3344 3807 3409 σῶμα

2241 3431 2634 3500 κατατήκοντες
2665 3429 2756 3485 καὶ
2790 3431 2983 3503 μισθὸν
3045 3432 3122 3505 μὴ
3178 3426 3563 3505 λαμϐάνοντες.
3588 3430 3641 3484 Οἱ
3666 3424 3708 3482 δὲ
3739 3431 3808 3493 τῆς

2244 3521 2354 3574 ἄνω
2382 3516 2544 3592 δόξης
2589 3518 2911 3595 ὀρεγόμενοι
2957 3520 3047 3575 καὶ
3091 3521 3233 3592 πρὸς
3278 3523 3476 3592 ταύτην
3521 3518 3808 3593 ἆπειγόμενοι,

2243 3611 2422 3680 πάσης
2452 3616 2552 3679 τῆς
2606 3607 2845 3683 ἐπιγείου
2903 3610 2991 3664 καὶ
3062 3611 3416 3685 ἀνθρωπίνης
3472 3606 3806 3685 κατεφρόνησεν.

482 3718 703 3766 carere,
742 3707 804 3754 ut
836 3717 966 3770 quae
997 3716 1115 3754 non
1149 3700 1272 3766 Dei,
1306 3700 1409 3754 sed
1440 3700 1715 3755 humanm
1758 3700 1952 3756 laudis
1982 3718 2161 3758 causa
2191 3702 2356 3757 fiant.
2392 3704 2469 3755 Ae
2504 3700 2754 3771 proinde
2791 3700 3136 3773 hujusmodi
3169 3702 3446 3758 homines
3468 3699 3663 3772 duplici
3683 3694 3809 3751 detri-

486 3795 684 3844 mento
719 3789 1081 3855 afficiuntur,
1117 3788 1257 3843 dum
1289 3788 1573 3844 nimirum
1604 3806 1819 3860 corpus
1851 3791 2195 3855 conﬁciunt,
2228 3807 2338 3846 nec
2371 3796 2568 3845 tamen
2635 3790 2971 3845 mercedem
3028 3790 3218 3846 ullam
3276 3792 3491 3847 ferunt.
3538 3789 3632 3855 Qui
3670 3790 3806 3841 antea!

484 3881 737 3936 cmlestis
767 3881 968 3953 gloria)
1001 3879 1293 3936 desiderio
1326 3880 1596 3953 flagrant,
1630 3886 1806 3952 atque
1847 3882 1921 3937 ad
1976 3899 2105 3939 eam
2157 3883 2316 3940 omni
2373 3881 2678 3938 celeritate
2734 3880 3128 3956 contendunt,
3192 3889 3489 3940 terrenam
3542 3893 3739 3937 omnem
3772 3878 3807 3928 et

482 3972 807 4028 humanam
838 3976 1250 4043 aspernantur.

553 4063 633 4117 Ex
657 4060 999 4133 hujusmodi
1024 4078 1197 4131 porro
1218 4059 1558 4114 hominibus
1583 4059 1684 4115 alii
1709 4059 1793 4115 sic
1816 4060 2132 4133 degunt,ut

477 4152 541 4207 in
564 4168 801 4206 secessu
820 4168 887 4206 ac
911 4148 1231 4205 solitudine
1254 4149 1491 4221 pietatis
1511 4154 1811 4205 certamen
1829 4150 2135 4218 obeant,et

478 4242 867 4297 abhominum
883 4238 1271 4295 contubernio
1286 4256 1392 4309 per
1412 4255 1586 4293 omne
1613 4239 1741 4293 vitm
1756 4244 1989 4311 tempus
2002 4256 2132 4295 sese

476 4333 1023 4399 removeant,atque
1052 4327 1124 4382 ad
1141 4328 1325 4382 Deum
1351 4343 1497 4398 appr
1510 4327 1981 4399 opiuquent.Alii
2004 4345 2133 4400 pro-

477 4420 573 4475 cul
600 4421 758 4473 inter
789 4436 849 4473 se
879 4417 1232 4473 constructis
1257 4416 1543 4483 azdieulis,
1569 4417 1893 4472 Dominicis
1920 4417 2129 4474 diebus

478 4509 553 4565 ad
584 4525 764 4564 unam
797 4514 855 4562 et
886 4506 1159 4563 eamdem
1185 4505 1497 4561 ecclesiam
1528 4510 1800 4577 pergunt,
1834 4523 1901 4561 ac
1934 4506 2130 4562 divina

476 4599 780 4671 mysteria,
806 4599 915 4652 hoc
938 4602 1028 4651 est
1052 4596 1434 4651 incruentum
1457 4595 1587 4666 puri
1611 4596 1874 4667 corporis
1907 4613 1975 4652 ac
2003 4614 2131 4669 pre-

2312 4060 2542 4135 Ἔχουσι
2575 4056 2632 4114 at
2655 4058 2749 4122 τὰς
2780 4058 3021 4131 οἰκήσεις
3056 4060 3107 4116 οἱ
3140 4064 3240 4135 μὶν
3275 4059 3329 4116 ἐν
3371 4056 3609 4115 παντελεῖ
3648 4054 3807 4128 ἀναχω-

2244 4151 2399 4223 ρήσει
2432 4150 2522 4205 καὶ
2557 4148 2721 4222 μονία
2761 4150 2854 4206 τὸν
2906 4150 3095 4226 ἀγῶνα
3144 4148 3474 4218 διανῦοντες,
3523 4146 3806 4222 μακρῦναντες

2242 4240 2468 4304 ἑαυτοὺς
2498 4244 2596 4311 τῆς
2626 4246 2734 4298 τῶν
2765 4242 3065 4318 ἀνθρώπων
3118 4243 3412 4306 συναυλίας
3464 4246 3577 4315 παρ’
3607 4236 3711 4294 ὅλον
3738 4233 3804 4289 αὖ·

2239 4334 2346 4385 τῶν
2377 4332 2469 4386 τὸν
2496 4337 2596 4401 τῆς
2627 4335 2773 4402 ζωῆς
2807 4326 3008 4409 χρὸνον
3064 4333 3153 4388 καὶ
3206 4337 3326 4406 Θεῷ
3367 4330 3733 4402 *πλησιάσαντες⁸
3771 4321 3804 4373 οἱ

2240 4415 2318 4490 δὲ,
2351 4418 2629 4494 πόῤῥωθεν
2663 4419 2935 4493 ἀλλήλων
2964 4421 3060 4485 τάς
3110 4421 3355 4485 οἰκήσεις
3402 4419 3686 4494 πηξάμενοι,
3721 4412 3803 4468 παῖ(

2239 4516 2535 4586 Κυριακαῖς
2558 4509 2636 4574 εἷς
2665 4509 2962 4579 ἐκκλησίαν
2998 4512 3122 4585 μίαν
3155 4517 3413 4590 φοιτῶσι,
3441 4510 3524 4566 καὶ
3566 4512 3658 4563 τῶν
3695 4501 3804 4590 θείων

2241 4599 2557 4676 μυστηρίων
2589 4605 2931 4675 κοινωνοῦσι,
2962 4609 3064 4672 τῆς
3092 4602 3433 4677 ἀναιμάκτου
3487 4596 3615 4677 φημῖ
3652 4589 3800 4658 θυσίας.

476 4688 611 4741 tiosi
637 4686 940 4758 sanguinis
962 4685 1177 4739 Christi
1203 4683 1559 4739 sacriﬁcium
1583 4685 1921 4756 percipiunt
1946 4702 1958 4739 :
1993 4702 2125 4756 quas

2246 4694 2330 4746 τοῦ
2357 4691 2631 4766 ἀχράντου
2664 4693 2921 4765 σώματος
2969 4694 3061 4748 καὶ
3120 4697 3219 4749 τοῦ
3272 4693 3458 4765 τιμίου
3501 4686 3695 4760 αἵματος
3736 4680 3800 4732 τοῦ

474 4777 1005 4847 quidemDominus
1020 4774 1132 4846 piis
1147 4774 1206 4827 in
1222 4779 1597 4844 peccatorum
1616 4774 2126 4837 remissionem.ac

471 4871 597 4921 tum
611 4867 794 4921 animi
813 4873 935 4919 tum
950 4865 1212 4936 corporis
1228 4863 2127 4922 illuminationemetsanctiﬁca-

474 4956 696 5009 tionem
722 4954 976 5009 donavit.
998 4957 1187 5024 Atque
1211 4953 1545 5007 divinorum
1571 4954 1945 5008 oraculorum
1969 4972 2129 5011 exer-

474 5044 775 5103 citatione
807 5043 1299 5113 mirabilibusque
1327 5043 1595 5097 consiliis
1618 5043 2126 5101 cohortationibus

472 5141 675 5187 mutuo
698 5150 827 5188 sese
852 5139 1250 5203 paseentes,et
1271 5132 1502 5188 occulta
1520 5132 1779 5188 hostium
1797 5133 1954 5189 bella
1969 5141 2127 5206 pate-

471 5221 862 5291 facientes(ne
877 5222 1009 5293 quis
1023 5222 1297 5277 videlicet
1312 5221 1574 5277 luctandi
1590 5221 2037 5295 adhucignarus
2051 5224 2124 5280 ab

470 5308 546 5361 iis
564 5313 1167 5380 superetur),domum
1181 5328 1386 5367 rursus
1401 5311 1616 5385 singuli
1630 5311 2124 5370 redeuntvirtutis

476 5396 596 5450 mel
614 5398 675 5452 in
690 5404 997 5469 pectorum
1011 5418 1255 5458 suorum
1272 5402 1417 5459 favis
1431 5401 1695 5459 studiose
1708 5402 2123 5475 recondentes,

547 5608 655 5677 (37)
686 5606 819 5661 Luc.
853 5624 989 5677 xvn,
1025 5610 1112 5663 lo.

2235 4781 2492 4854 Χριστοῦ,
2525 4778 2559 4834 ἅ
2586 4786 2704 4845 τοῖς
2744 4787 2959 4845 πιστοῖς
3009 4781 3087 4844 είς
3140 4781 3329 4857 ἄφεσιν
3391 4782 3641 4854 ἀμαρτῶν.
3680 4786 3799 4849 ἓωτί·

2234 4869 2371 4944 σμόν
2403 4892 2463 4925 τε
2490 4871 2580 4926 καὶ
2624 4872 2894 4948 ἀγιασμὸν
2953 4875 3139 4948 ψυχῆς
3196 4873 3288 4927 καὶ
3342 4873 3579 4944 σώματος
3608 4867 3630 4920 ὁ
3656 4862 3801 4932 Κύριος

2233 4958 2570 5035 ἐδωρήσατο·
2604 4962 2718 5030 καὶ,
2775 4961 3061 5025 ἑστιῶντες
3118 4960 3405 5032 ἀλλήλους
3458 4952 3690 5034 γυμνασίᾳ
3721 4949 3795 5001 τῶν

2235 5050 2390 5105 θείων
2424 5050 2598 5124 λόγων
2649 5052 2736 5106 καὶ
2796 5056 2915 5113 ταῖς
2968 5052 3186 5121 ἠθικαῖς
3246 5050 3574 5125 παρανέσεσι,
3617 5039 3718 5099 τούς
3758 5051 3796 5087 τί

2233 5138 2506 5215 κρυπτοὺς
2560 5144 2667 5195 τῶν
2724 5137 3041 5195 ἀντιπάλων
3107 5136 3521 5213 δημοσιεύοντες
3561 5130 3793 5199 πολέμοκο

2236 5229 2373 5286 ὥστε
2405 5232 2481 5304 μὴ
2516 5228 2725 5287 ἁλῶναι
2753 5231 2973 5296 τούτοις
3017 5231 3139 5287 τινὰ
3190 5237 3293 5301 τῆς
3349 5227 3522 5295 πάλης
3570 5220 3792 5304 ἀγνοοῦντα

2233 5303 2413 5376 1087
2442 5320 2542 5389 τήν
2607 5317 2861 5394 μέθοδον,
2921 5318 3105 5376 οἴκαδε
3153 5320 3321 5375 πάλιν
3372 5316 3577 5375 ἕκαστος
3622 5303 3787 5374 ἐπανέρε

2233 5425 2450 5481 χονται,
2481 5409 2545 5464 τὸ
2574 5415 2674 5480 τῆς
2703 5409 2901 5486 ἀρετῆς
2931 5408 3060 5486 μέλι
3110 5413 3227 5472 τοῖς
3279 5401 3530 5483 σίμϐλοις
3572 5401 3661 5456 τῶν
3696 5408 3786 5463 καρ-

543 5681 654 5753 (38)
686 5680 929 5738 Lemma
957 5679 1272 5737 metricum
1301 5681 1364 5739 in
1395 5686 1443 5739 Α
1475 5698 1492 5739 ι
1520 5682 2021 5759 Ἀνθρωπαρὲσκων
2054 5685 2137 5745 ἔνθ

2269 5688 2459 5748 σκόπει
2493 5690 2631 5769 βίον.
