3952 6202
153 336 261 395 969

1341 332 1514 387 VITA
1548 326 1902 387 BARLAAH
1932 328 2033 385 ΕΤ
2064 331 2403 389 JOASAPH.

3460 341 3569 402 970

156 460 290 521 διῶν
349 459 662 546 φιλοτιμως
746 460 1172 533 ῑναποτιθέντες,
1256 470 1347 516 και
1429 460 1779 535 γεωργοῦντες

2000 457 2452 535 avissimumque
2473 461 2733 520 fructum
2764 479 2832 521 ac
2854 463 3078 523 caelesti
3101 481 3307 527 mensa
3318 468 3562 546 dignum

148 554 359 627 καρπὸν
414 551 757 630 γλυκύτατον
814 550 906 608 καί
962 557 1062 621 τῆς
1123 548 1449 626 δπουρανίου
1532 547 1809 624 τραπέζης

155 642 404 715 ἰπάξιον.

225 730 431 788 ’Ἄλλοι
463 729 521 787 δὶ
569 727 915 788 κοινοϐιακὸν
979 731 1335 806 μετέρχονται
1399 727 1538 805 βίον·
1591 725 1807 793 οἵτινες,

155 821 353 893 πλήθη
386 822 793 899 πολυάνθρωπα
816 820 903 877 ἐπὶ
923 821 986 876 τὸ
1008 821 1137 877 αύτὸ
1176 814 1570 895 ἀθροισθέντες,
1608 819 1694 897 ὑφ’
1728 818 1807 874 ἑνὶ

152 912 429 988 ταξιάρχῃ
461 911 552 967 καὶ
600 914 926 986 προεστῶτι,
983 915 1063 983 τῷ
1116 910 1332 965 πάντων
1390 907 1809 986 διαφορωτάτῳ,

152 994 383 1065 ἑαυτοὺς
438 996 648 1071 ἔταξαν,
704 1005 807 1055 πᾶν
870 998 1087 1073 θέλημα
1143 1000 1347 1054 ἑαυτῶν
1406 997 1652 1074 μαχαίρᾳ
1705 1004 1804 1067 τῆς

152 1092 407 1163 ὑπακοῆς
463 1091 881 1171 ἀποσφάξαντες
940 1089 1031 1147 καὶ
1091 1089 1322 1155 δούλους
1381 1089 1623 1159 ὠνητοὺς
1679 1091 1804 1145 έαυ-

143 1180 283 1245 τοὺς
315 1182 578 1246 ἑκουσίως
610 1181 996 1258 λογισάμενοι,
1056 1179 1155 1236 οὐκ
1211 1176 1288 1235 ἔτι
1348 1180 1561 1255 ἑαυτοῖς
1621 1184 1805 1250 ζῶσιν,

148 1270 284 1328 ἀλλ’
313 1274 359 1344 ᾧ
384 1276 489 1345 (39)
523 1270 612 1327 διᾶ
640 1273 730 1328 τὸν
760 1276 858 1328 τοῦ
891 1274 1130 1348 Χριστοῦ
1188 1266 1357 1326 πόθον
1407 1270 1632 1331 ἑαυτοὺς
1674 1280 1806 1331 καθ-

145 1359 436 1431 υπέταξαψ
471 1360 803 1435 οἰκειότερον
856 1357 913 1416 δὲ
965 1358 1179 1432 μᾶλλον
1236 1358 1429 1429 εἰπεῖν,
1492 1363 1651 1427 ζῶσιν
1709 1357 1806 1411 οὐκ

146 1442 227 1504 ἔτι
267 1449 510 1518 ἑαυτοῖς,
544 1454 610 1525 ζῇ
642 1448 699 1505 δὲ
745 1450 795 1505 έν
848 1449 1031 1511 αύτοῖς
1063 1450 1091 1504 ὁ
1126 1449 1378 1525 Χριστὸς,
1410 1448 1457 1519 ᾦ
1485 1444 1803 1518 ἠκολούθη-

146 1560 247 1594 σιν
281 1538 457 1595 πάντα
486 1538 949 1616 ἁπαρνησάμενοι.
983 1543 1155 1594 Τοῦτο
1215 1537 1319 1613 γὰρ
1379 1535 1520 1592 ἔστιν
1579 1536 1802 1611 ἀναχώ-

150 1651 339 1707 ρησις,
369 1630 583 1704 κόσμου
621 1631 866 1686 ἑκούσιον
920 1636 1105 1706 μῖσος,
1162 1631 1255 1684 καὶ
1311 1628 1533 1702 ἄρνησις
1593 1627 1803 1706 φύσεως

146 1721 313 1793 πόθῳ
357 1724 465 1775 τῶν
527 1721 658 1795 ὑπὲρ
727 1719 911 1799 φύσιν.
978 1721 1149 1778 Οὗτοῖ
1202 1718 1385 1775 τοίνυν
1444 1718 1520 1781 ὡς
1576 1715 1800 1793 ἄγγελοι

1922 550 2280 608 excolentes.

1990 730 2106 785 Alii
2128 735 2325 787 autem
2349 731 2761 790 caanobiticam
2792 736 2972 792 vitam
2986 741 3424 796 consectantur.
3456 740 3567 805 Qui

1919 819 2162 891 quidem
2192 821 2448 877 maximo
2482 839 2728 879 numero
2762 824 2823 880 in
2881 842 3067 881 unum
3128 827 3339 893 coacti,
3389 830 3567 886 unius

1916 909 2179 982 praefecti
2211 916 2387 982 atque
2410 911 2694 967 antistitis
2725 914 2849 984 (qui
2884 916 3160 971 omnibus
3182 918 3395 973 virtute
3416 936 3573 990 prai-

1919 1003 2053 1067 stat)
2084 1000 2335 1072 imperio
2360 1018 2421 1056 se
2452 1000 2612 1073 ipsos
2641 1003 2995 1061 subduntzac
3013 1006 3379 1063 voluntatem
3399 1026 3567 1065 suam

1915 1090 2270 1146 obedientiae
2294 1108 2578 1147 mucrone
2604 1109 2848 1163 prorsus
2873 1100 3238 1164 truncantes,
3261 1114 3443 1170 seque
3470 1116 3568 1154 ve-

1916 1180 2005 1235 lut
2026 1180 2293 1252 emptitia
2319 1181 2617 1253 mancipia
2646 1183 2802 1239 ultro
2825 1191 3319 1256 reputantes,non
3335 1188 3463 1259 jam
3484 1189 3567 1243 si-

1913 1269 1973 1324 bi
2006 1269 2151 1339 ipsis
2183 1269 2403 1337 vivunt,
2441 1270 2545 1326 sed
2588 1271 2641 1326 ei
2672 1274 2765 1327 cui
2799 1274 2869 1328 ob
2898 1275 3113 1330 Christi
3144 1292 3408 1333 amorem
3437 1294 3567 1333 sese

1915 1357 2341 1425 submiserunt,
2374 1359 2463 1413 vel
2496 1365 2561 1414 ut
2582 1361 2777 1432 aptius
2802 1363 3033 1434 loquar,
3066 1365 3266 1420 vivunt
3286 1366 3414 1438 jam
3445 1384 3568 1424 non

1916 1447 2027 1501 sibi
2051 1448 2219 1517 ipsis,
2243 1448 2592 1503 vivitautem
2616 1450 2676 1504 in
2702 1451 2792 1505 his
2815 1452 3081 1507 Christus
3106 1455 3251 1524 (Gal.
3278 1458 3356 1527 ιι),
3392 1473 3569 1527 quem

1914 1535 2092 1590 rebus
2125 1536 2402 1592 omnibus
2430 1537 2718 1609 abjuratis
2752 1541 2936 1595 secuti
2969 1548 3128 1599 sunt.
3164 1545 3307 1598 Nam
3356 1545 3416 1599 in
3448 1546 3572 1601 hoc

1915 1625 2157 1681 demum
2180 1643 2449 1682 secessus
2478 1644 2512 1682 a
2533 1628 2757 1683 mundo
2782 1630 3072 1699 consistit,
3100 1637 3164 1686 ut
3194 1638 3436 1705 prOpter
3467 1652 3565 1690 ea-

1910 1732 2045 1772 rum
2060 1732 2257 1771 rerum
2272 1733 2402 1787 quae
2417 1722 2629 1772 natura
2642 1717 2793 1772 subli
2805 1719 3017 1774 miores
3032 1728 3169 1775 sunt
3182 1722 3569 1792 cupiditatem

143 1807 234 1864 ἐπὶ
271 1811 370 1877 τῆς
409 1815 511 1883 γῆς
541 1806 945 1877 πολιτεύονται,
976 1807 1234 1883 ψαλμοὺς
1260 1807 1351 1863 καὶ
1408 1806 1614 1882 ὕμνους
1665 1806 1773 1882 ὁμο

2000 1805 2316 1861 tuntarium
2340 1806 2428 1861 sui
2462 1806 2647 1878 ipsius
2679 1807 2882 1861 odium
2916 1809 3213 1880 quispiam
3245 1812 3564 1882 concipiat,

139 1895 395 1971 θυμαδὸν
453 1903 534 1971 τῷ
593 1899 785 1974 Κυρίῳ
838 1896 1077 1971 ᾅδοντες,
1133 1898 1223 1954 καὶ
1282 1897 1633 1973 ὁμολογηταὶ
1687 1901 1803 1959 τοῖς

144 1986 347 2049 ἄθλοις
375 1989 475 2056 τῆς
536 1988 785 2057 ὑπακοῆς
840 1987 1293 2063 χρηματίζοντες
1344 1987 1423 2065 ἐφ’
1479 1988 1559 2051 οἷς
1613 1989 1703 2042 καὶ
1746 1987 1807 2042 τὸ

145 2073 477 2131 δεσποτικὸν
504 2074 820 2152 πληροῦται
854 2074 1070 2133 λὸλιον.
1104 2070 1248 2147 Φησὶ
1300 2076 1423 2152 γὰρ’
1470 2079 1646 2135 Ὀπου

148 2165 255 2222 εἶσὶ
290 2161 389 2220 δύο
420 2164 455 2235 ἢ
486 2170 632 2241 τρεῖς
679 2167 1007 2241 συνηγμένοι
1041 2164 1116 2226 εἰς
1160 2166 1225 2221 τὸ
1270 2165 1399 2238 ἑμὸν
1452 2162 1649 2238 ὄνομα,
1697 2165 1809 2221 ἐκεῖ

150 2257 272 2330 εἰμὶ
306 2255 358 2312 ἰν
394 2257 546 2329 μέσῳ
578 2255 775 2315 αὐτῶν.
812 2255 926 2313 Οὐκ
981 2255 1059 2320 εἷς
1112 2259 1275 2312 τοῦτο
1329 2256 1392 2311 τὸ
1452 2257 1647 2331 μέτρον
1704 2257 1805 2323 τὴν

147 2345 235 2403 ἰπὶ
274 2351 357 2420 τῷ
390 2346 623 2419 ὀνόματι
654 2344 817 2401 αὐτοῦ
876 2346 1190 2422 συναγωγὴν
1244 2343 1611 2415 περικλείσας,
1660 2343 1809 2399 ἀλλὰ

147 2435 243 2493 διὰ
272 2441 386 2492 τῶν
418 2434 514 2492 δύο
544 2435 581 2505 ἤ
611 2441 776 2512 τριῶν
809 2432 1117 2502 ἆδιόριστον
1146 2437 1237 2491 τὸν
1272 2436 1503 2508 ἀριθμὸν
1531 2432 1806 2506 δηλώσας.

144 2526 278 2583 Εἴτε
303 2525 411 2601 γὰρ
444 2524 647 2600 ὀλίγοι,
680 2524 787 2580 εἴτε
816 2523 1022 2580 πολλοὶ
1055 2521 1235 2599 διάιτὸ
1267 2521 1417 2600 ἅγιον
1480 2522 1643 2579 αὐτοῦ
1692 2546 1810 2578 συν-

144 2618 402 2692 αχθῶσιν
457 2613 652 2689 ὄνομα,
713 2613 861 2689 αύτῳ
915 2611 1165 2691 διαπύρῳ
1222 2612 1575 2689 λατρεύοντες
1628 2614 1804 2687 πόθῳ,

147 2705 272 2763 ἐκεῖ
301 2711 559 2783 παρεῖναι
591 2708 783 2761 τοῦτον
841 2704 1169 2778 πιστεύομεν
1198 2701 1247 2758 ἐν
1285 2705 1434 2777 μέσῳ
1484 2708 1594 2760 τῶν
1646 2702 1808 2758 αὐτοῦ

145 2794 400 2853 δούλων.

1917 1915 1983 1953 ac
2015 1902 2291 1953 naturam
2322 1897 2575 1969 abjuret.
2612 1899 2678 1952 Hi
2710 1897 2891 1970 igitur
2921 1900 3267 1972 angelorum
3293 1901 3483 1959 instar
3504 1903 3568 1960 in

1915 1988 2033 2044 vita
2062 1992 2394 2055 versantur,
2428 1987 2691 2058 psalmos
2722 1987 2997 2043 videlicet
3022 1995 3081 2044 et
3110 1990 3363 2061 hymnos
3423 2008 3568 2047 con-

1916 2079 2194 2135 cordibus
2219 2078 2437 2133 animis
2462 2079 2708 2133 Domino
2736 2084 3034 2143 canentes,
3071 2085 3129 2135 et
3160 2081 3566 2138 confessorum

1916 2184 2136 2224 nomen
2167 2172 2409 2239 propter
2438 2167 2792 2223 obedientiaa
2824 2169 3149 2225 certamina
3203 2170 3565 2228 obtinentes.

1915 2260 1983 2314 In
2016 2258 2232 2329 quibus
2265 2258 2444 2312 etiam
2472 2256 2845 2313 Dominicum
2872 2258 3021 2312 illud
3045 2260 3353 2315 oraculum
3374 2261 3570 2333 exple-

1919 2347 2388 2417 turzUbicunque
2410 2346 2631 2403 fuerint
2652 2347 2767 2402 duo
2782 2348 2870 2401 vel
2896 2352 3013 2402 tres
3028 2350 3364 2422 congregati
3388 2350 3449 2405 in
3466 2368 3568 2408 no-

1916 2437 2079 2492 mine
2106 2452 2258 2503 meo,
2286 2436 2413 2492 illic
2434 2454 2565 2493 sum
2590 2438 2650 2491 in
2674 2437 2868 2492 medio
2891 2436 3129 2493 illorum
3160 2440 3358 2495 Matth.
3391 2445 3569 2511 xvm).

1916 2526 2139 2592 Quibus
2161 2526 2353 2581 verbis
2383 2544 2503 2581 non
2526 2527 2638 2582 hoc
2659 2527 2946 2583 duntaxat
2967 2544 3217 2585 numero
3241 2545 3343 2586 eos
3368 2532 3467 2602 qui
3500 2532 3563 2590 in

1916 2616 2104 2688 ipsius
2126 2616 2369 2671 nomine
2398 2621 2830 2688 congregantur
2852 2617 3338 2689 circumscripsit,
3363 2637 3565 2677 verum

1916 2724 2023 2778 per
2054 2706 2202 2760 duos
2229 2710 2331 2760 aut
2361 2710 2481 2761 tres
2512 2705 2893 2761 indefinitum
2924 2723 3241 2763 numerum
3267 2710 3566 2782 signiﬁca-

1907 2795 2010 2849 vit.
2068 2794 2217 2850 Nam
2250 2793 2372 2847 sive
2403 2793 2575 2864 pauci
2606 2794 2726 2849 sive
2759 2794 2930 2849 multi
2963 2796 3037 2850 ob
3070 2802 3343 2852 sanctum
3374 2799 3562 2869 ipsius

142 2906 374 2945 nomen
395 2888 457 2945 in
478 2904 666 2945 unum
689 2886 1241 2959 conveniant,eique
1268 2886 1502 2942 ardenti
1525 2902 1724 2942 amore
1747 2885 1973 2942 cultum
1996 2882 2341 2952 adhibeant,
2374 2882 2496 2938 illic
2525 2899 2662 2939 eum
2688 2883 2750 2938 in
2777 2883 2972 2940 medio
2997 2902 3299 2941 servorum
3321 2903 3561 2944 suorum

141 2978 363 3036 adesse
386 2978 636 3034 minime
664 2978 1023 3034 dubitamus.

216 3063 449 3128 Τούτοις
481 3071 597 3127 τοῖς
651 3065 844 3127 τύποις
906 3065 996 3121 καὶ
1054 3069 1176 3128 ταῖς
1225 3062 1503 3127 τοιαύταις
1564 3064 1779 3141 ἀγωγαῖς

2000 3066 2095 3118 Per
2116 3062 2242 3117 hmo
2274 3060 2564 3133 exempla,
2598 3065 2657 3116 et
2686 3078 2792 3133 per
2823 3063 3167 3135 hujusmodi
3194 3065 3480 3123 coitiones
3508 3073 3569 3124 et.

148 3158 303 3213 107
343 3156 401 3210 οἱ
428 3158 615 3231 γήϊνοι
647 3155 739 3210 καὶ
796 3155 984 3231 χοϊκοί
1031 3155 1123 3211 τὸν
1176 3150 1295 3209 ϐίον
1359 3152 1642 3225 ἐζήλωσαν
1698 3158 1806 3209 τῶν

150 3236 454 3322 ούρανίων,
487 3244 539 3300 έν
582 3244 864 3315 νηστείαςς
921 3243 1011 3300 καὶ
1072 3243 1264 3321 εὐχαῖς
1318 3243 1409 3299 καὶ
1469 3242 1809 3320 ἀγρυπνίαις,

149 3334 201 3390 ἐν
258 3332 494 3408 δάκρυσι
557 3336 784 3409 Θερμοῖς
851 3333 941 3389 καὶ
1029 3334 1415 3411 ἂμετεωρίστῳ
1496 3332 1700 3405 πένθει,
1754 3331 1807 3388 ἐν

150 3425 388 3499 ξενιτείᾳ
415 3425 505 3479 καὶ
540 3426 732 3497 μνήμῃ
789 3425 1041 3495 θανάτου,
1101 3423 1153 3479 ἐν
1210 3424 1477 3501 πραότητι
1533 3423 1624 3478 καὶ
1682 3423 1810 3497 ἆορ-

149 3515 350 3591 γτ,σίᾳ,
386 3513 439 3570 έν
474 3514 658 3589 σιωπῇ
688 3512 945 3591 χειλέων,
988 3513 1038 3569 ἐν
1099 3515 1453 3589 ἁκτημοσύνῃ
1511 3513 1602 3568 καὶ
1658 3534 1810 3568 πτωο

152 3607 302 3680 χείᾳ,
362 3602 418 3659 ἰν
479 3603 667 3679 ἁγνείᾳ
733 3605 821 3659 καὶ
912 3603 1258 3682 σωφροσύνῃ,
1318 3603 1371 3657 ἐν
1425 3601 1809 3679 ταπεινόφρονι

151 3696 355 3771 γνώμῃ
387 3692 478 3748 καὶ
508 3693 736 3769 ἡσυχίᾳ,
769 3694 820 3748 ἐν
877 3693 1056 3770 ἀγάπῃ
1108 3692 1290 3765 τελεία
1341 3693 1477 3769 πρὸς
1531 3693 1624 3747 τὸν
1680 3692 1808 3747 Θεὸν

150 3783 371 3839 καὶτὸν
404 3781 666 3854 πλησίον,
695 3783 787 3839 τὸν
837 3784 1077 3859 παρόντα
1134 3782 1503 3846 ἐκτελέσαντες
1557 3784 1676 3859 βίον
1721 3784 1807 3838 καὶ

155 3867 392 3947 ἄγγελοι
421 3874 538 3931 τοῖς
569 3865 795 3945 τρόποις
848 3870 1154 3944 γενόμενοι.
1197 3871 1349 3924 Ὀθεν
1397 3869 1527 3931 Θεὸς
1576 3868 1811 3943 θαύμασι

153 3961 244 4015 καὶ
278 3960 545 4032 σημείοις
599 3960 689 4014 καί
754 3957 1035 4033 μοικίλαις
1092 3957 1379 4033 δυνάμεσιν
1437 3958 1631 4021 αὐτοὺς
1684 3980 1814 4014 κατ-

158 4049 465 4121 εκόσμησε,
516 4049 608 4104 καὶ
663 4050 753 4104 τὸν
815 4048 1052 4126 φθόγγον
1106 4056 1207 4119 τῆς
1262 4050 1577 4123 θαυμαστῆς
1636 4047 1810 4103 αὐτῶν

158 4137 451 4200 πολιτείας
508 4138 589 4200 εἲς
646 4139 713 4193 τὰ
769 4138 973 4214 πέρατα
1031 4138 1349 4215 διηχεῖσθαι
1394 4146 1495 4207 τῆς
1554 4138 1815 4212 οἰκουμέ-

158 4248 258 4296 νης
292 4230 410 4300 (41)
441 4224 728 4297 πεποίηκε.
762 4226 860 4281 Καὶ
892 4225 1041 4302 εἷ’περ
1074 4246 1162 4281 σοι
1213 4228 1304 4283 τὸν
1364 4226 1482 4302 βίον
1539 4226 1657 4290 ένὸς
1719 4225 1814 4280 αύ-

157 4320 265 4370 τῶν
301 4313 396 4370 ἐπὶ
424 4312 694 4386 στόματος
742 4313 918 4391 φέρων
966 4312 1103 4369 κατᾶ
1148 4312 1312 4390 μέρος
1358 4311 1722 4388 διηγήσομαι,
1756 4314 1815 4375 ὅς

156 4404 248 4459 καὶ
280 4402 540 4478 ἀρχηγὸς
570 4409 887 4477 γεγενῆσθαι
918 4409 1017 4472 τῆς
1045 4402 1180 4458 κατᾶ
1209 4402 1487 4476 μοναχοὺς
1531 4402 1813 4465 πολιτείας

157 4488 389 4567 λέγεται
417 4490 737 4563 (Ἄντώνιος
771 4488 827 4545 δὲ
858 4485 1032 4564 ὄνομα
1061 4490 1252 4564 αὐτῷ),
1283 4492 1463 4567 γνώσῃ
1514 4490 1729 4555 πάντως
1758 4490 1819 4548 ὲκ

154 4586 253 4637 τοῖ’»
287 4581 415 4643 ἒνὸς
446 4578 669 4656 δένδρου
693 4584 800 4636 τῶν
835 4581 1117 4655 ὁμογενῶν
1144 4580 1233 4636 καὶ
1265 4578 1536 4655 ὁμοειδῶν
1592 4585 1815 4656 καρπῶν

154 4670 256 4739 τήν
282 4668 629 4746 γλυκύτητα,
661 4669 753 4724 καὶ
784 4668 898 4724 οἵαν
933 4669 1135 4733 ἐκεῖνος
1192 4666 1339 4734 ἔθετο
1385 4676 1487 4740 τῆς
1537 4669 1819 4741 ἀσκήσεως

160 4755 507 4834 ὑποϐάθραν,
542 4756 657 4813 οἵαν
692 4755 750 4813 δὲ
780 4760 879 4828 τὴν
911 4759 1116 4837 ὀροφὴν
1149 4759 1405 4833 ἐπήξατο,
1463 4759 1552 4816 καὶ
1610 4761 1817 4815 ὁποίων

160 4849 378 4920 ἠξιώθη
415 4847 563 4922 παρᾶ
591 4851 689 4902 τοῦ
722 4851 983 4923 Σωτῆρος
1014 4853 1198 4924 τυχεῖν
1248 4848 1629 4924 χαρισμάτων.
1683 4847 1824 4906 Πολ-

160 4936 252 4994 λοί
285 4935 350 4994 δὲ
379 4937 473 4992 καὶ
504 4935 671 4993 ἃλλοι
698 4940 817 5012 μετ’
855 4936 1062 4993 ἐκεῖνον
1119 4938 1213 4993 τὸν
1262 4936 1376 4993 ἴσον
1428 4938 1820 5015 ἀγωνισάμενοι

164 5028 355 5104 ἀγωνα
382 5030 494 5082 τῶν
530 5027 745 5100 ὁμοιων
778 5025 974 5084 ἔτυχον
1011 5026 1281 5107 στεφάνων
1313 5048 1373 5084 τε
1399 5028 1489 5084 καὶ
1519 5034 1714 5106 γερῶν.

238 5207 527 5281 Μακάριοι
586 5207 736 5262 οὗτοι
797 5208 887 5263 καὶ
939 5206 1353 5284 τρισμακάριοι,
1414 5209 1467 5263 οἱ
1547 5208 1639 5264 τὸν
1699 5210 1826 5267 Θεὸν

167 5294 578 5373 ἆγαπήσαντες,
609 5297 697 5351 καὶ
762 5294 852 5352 διὰ
902 5298 1002 5366 τήν
1061 5296 1275 5372 ἀγάπην
1336 5295 1503 5352 αὐτοῦ
1560 5318 1830 5377 καταφρο-

162 5387 436 5458 νήσαντες
466 5386 710 5444 πάντων.
763 5382 1092 5462 Ἐδάκρυσαν
1145 5386 1249 5463 γὰρ
1307 5390 1621 5451 πενθοῦντες
1678 5389 1820 5463 ὴμέ-

242 5544 359 5620 (ῖξίξ)
394 5540 608 5620 Glossa
639 5540 711 5596 ad
742 5541 1070 5620 marginem
1103 5541 1164 5597 in
1190 5541 1235 5598 Α
1264 5557 1277 5597 :
1309 5544 1388 5613 τῷ
1416 5542 1771 5620 καθηγεμόνι.

269 5616 366 5681 40)
409 5613 615 5669 Matth.
645 5629 804 5681 XVIII,
838 5617 925 5669 20.

269 5616 366 5681 40)
409 5614 615 5669 Matth.
645 5629 804 5681 XVIII,
838 5617 925 5669 20.

243 5614 364 5758 ί41)
397 5684 564 5743 Conf.
598 5702 657 5757 p.
693 5688 818 5755 101,
848 5701 909 5755 n,
944 5687 1031 5741 31.

461 5804 735 5867 ΡΑτιιοι..
782 5804 895 5869 Gn.
940 5803 1147 5869 XCVI.

1919 3153 2205 3218 actiones,
2239 3151 2457 3207 terreni
2489 3151 2750 3207 coalitum
2774 3152 2948 3208 vitam
2976 3153 3188 3209 imitati
3211 3162 3443 3217 sunt.ut
3467 3158 3568 3229 qui

1922 3244 1984 3298 in
2005 3243 2276 3315 jejuniis,
2301 3246 2358 3296 et
2383 3241 2659 3313 precibus
2685 3258 2752 3296 ac
2774 3241 3008 3314 vigiliis,
3041 3244 3103 3299 in
3126 3244 3456 3302 calentibus
3478 3246 3570 3302 lac

1922 3332 2141 3404 crymis
2172 3336 2230 3387 et
2257 3330 2421 3386 luctu
2443 3330 2515 3386 ab
2547 3329 2710 3385 omni
2733 3330 2919 3386 animi
2951 3331 3333 3389 distractione
3356 3334 3569 3403 libero,

1922 3422 1981 3475 in
2014 3420 2487 3492 peregrinatione
2516 3436 2583 3474 ac
2616 3420 2824 3474 mortis
2856 3421 3168 3487 memoria,
3223 3420 3284 3477 in
3323 3422 3569 3479 lenitate

1923 3510 2228 3579 animique
2260 3510 2475 3563 affectu
2503 3508 2574 3563 ab
2600 3508 2910 3564 iracundia
2931 3510 3247 3577 remoto,in
3273 3511 3569 3568 labiorum

1923 3598 2185 3664 silentio,
2220 3597 2281 3653 in
2313 3603 2657 3669 paupertate
2688 3604 2867 3670 atque
2887 3599 3190 3671 inopia,in
3214 3602 3481 3657 castitate
3502 3618 3573 3659 ac

1922 3689 2230 3763 pudicitia,
2280 3689 2341 3743 in
2373 3689 2707 3745 humilitate
2739 3696 2798 3745 et
2827 3691 3048 3762 quiete,
3101 3708 3168 3748 ac
3221 3691 3478 3765 denique
3508 3694 3573 3751 in

1922 3780 2185 3855 perfecta
2205 3795 2342 3848 erga
2366 3780 2549 3834 Deum
2576 3785 2635 3835 et
2653 3781 2988 3852 proximum
3012 3781 3297 3839 charitate
3319 3801 3575 3856 praesen-

1923 3872 1999 3927 tis
2030 3870 2163 3925 vitae
2196 3868 2558 3925 curriculum
2586 3868 2970 3939 confecerint,
3003 3872 3366 3946 angelosque
3392 3874 3576 3931 mori-

1924 3962 2033 4017 bus
2066 3959 2487 4032 expresserint.
2522 3959 2604 4015 Ob
2639 3976 2891 4032 eamque
2922 3978 3162 4019 causam
3194 3963 3351 4020 Deus
3390 3965 3574 4020 mira-

1924 4050 2074 4106 culis
2105 4066 2172 4105 ac
2205 4048 2391 4121 signis
2430 4048 2728 4119 variisque
2760 4049 3075 4106 virtutibus
3106 4069 3208 4108 eos
3248 4054 3571 4120 exornavit,

1924 4139 2237 4210 effecitque
2269 4144 2335 4193 ut
2363 4137 2726 4193 admirandae
2749 4155 2955 4194 eorum
2976 4140 3106 4195 vitae
3128 4141 3377 4196 rationis
3410 4158 3579 4209 sono,

1926 4228 2038 4301 ipsi
2071 4244 2310 4299 quoque
2341 4226 2502 4282 orbis
2545 4231 2837 4283 terrarum
2874 4228 3023 4282 ﬁnes
3055 4233 3395 4299 personent.
3427 4230 3509 4283 Ac
3527 4227 3575 4283 si

1923 4317 2101 4373 unius
2126 4317 2413 4387 ipsorum,
2450 4315 2560 4369 hoc
2591 4319 2680 4370 est
2708 4315 2971 4381 Antonii,
3004 4315 3104 4385 qui
3133 4316 3307 4370 etiam
3338 4331 3578 4371 monas-

1926 4407 2055 4463 ticm
2087 4407 2217 4459 vitae
2244 4420 2467 4474 auspex
2508 4419 2575 4458 ac
2597 4402 2875 4474 princeps
2903 4402 3198 4458 exstitisse
3230 4403 3465 4472 dicitur,
3496 4405 3582 4459 vi-

1927 4501 2048 4552 tam
2072 4494 2176 4549 tibi
2201 4492 2502 4565 sigillatim
2527 4508 2909 4564 exponerem,
2937 4491 3221 4547 nimirum
3253 4510 3323 4547 ex
3349 4508 3469 4549 una
3489 4510 3579 4549 ar-

1931 4586 2072 4641 bore
2102 4585 2361 4640 fructum
2390 4599 2592 4637 eorum
2624 4582 2725 4652 qui
2760 4581 3026 4653 ejusdem
3059 4583 3292 4655 generis
3324 4599 3389 4637 ac
3447 4598 3581 4654 spe-

1929 4676 2039 4730 ciei
2072 4675 2210 4739 sint,
2254 4672 2633 4727 dulcedinem
2686 4688 2929 4744 prorsus
2971 4672 3357 4745 intelligeres,
3391 4671 3579 4743 quod-

1929 4781 2188 4835 namque
2222 4762 2321 4817 ille
2354 4760 2791 4816 exercitationis
2816 4761 3105 4832 religiosa)
3124 4759 3582 4817 fundamentum

1923 4856 2091 4928 jecit,
2124 4859 2183 4909 et
2212 4851 2513 4923 quodnam
2542 4850 2843 4924 fastigium
2894 4850 3127 4915 struxit,
3162 4856 3220 4905 et
3266 4855 3518 4922 quantas
3548 4866 3583 4905 ε.

1932 4944 2230 5000 Salvatore
2262 4940 2488 5014 gratias
2520 4945 2879 4995 consecutus
2934 4944 3041 4994 est.
3096 4938 3371 5011 Plerique
3406 4940 3584 4994 etiam

1933 5034 2035 5090 alii
2068 5038 2201 5105 post
2228 5048 2362 5087 eum
2395 5030 2605 5086 eodem
2637 5028 2959 5084 certamine
2993 5027 3312 5100 perfuncti,
3346 5027 3421 5084 ad
3451 5044 3584 5085 eas-

1935 5124 2072 5181 dem
2104 5138 2351 5179 coronas
2384 5125 2443 5176 et
2471 5118 2679 5176 eadem
2711 5117 2957 5190 praemia
2986 5123 3406 5190 pervenerunt.

2011 5210 2174 5269 Beati
2197 5215 2355 5268 certe
2404 5208 2491 5266 illi
2515 5225 2582 5265 ac
2606 5213 2695 5264 ter
2714 5207 2891 5273 beati,
2914 5207 3098 5278 utqui
3122 5206 3224 5263 Dei
3251 5223 3449 5263 amore
3478 5206 3588 5264 fla-

1938 5305 2389 5377 grarunt.atque
2407 5298 2480 5355 ob
2496 5297 2682 5371 ipsius
2704 5297 3051 5354 charitatem
3066 5297 3383 5370 omniapro
3397 5297 3587 5354 nihilo

1932 5392 2249 5450 duxerunt.
2274 5386 2579 5462 Siquidem
2602 5386 2891 5459 lacrymas
2913 5385 3326 5460 profuderunt,
3366 5386 3588 5460 diuque

3236 5803 3309 5862 31
