4000 6202
474 312 476 314 ,
516 264 618 322 971

2069 265 2436 324 ADDINDA.
3704 290 3771 347 οη

517 409 584 450 ac
605 396 784 449 noctu
805 389 868 447 in
892 391 1056 448 luctu
1071 391 1285 446 versati
1301 395 1460 461 sunt,
1483 396 1549 447 ut
1571 397 1921 464 perpetuam
1954 409 2152 448 conso‘

2283 413 2380 468 ρας
2408 393 2498 486 καὶ
2527 396 2743 486 νυκτὸς,
2777 395 2867 452 ί¹να
2919 403 3020 468 τῆς
3078 398 3319 470 ἆλήκτου
3363 402 3539 478 τύχωσι
3581 413 3767 486 παραλή.

517 485 803 541 lationem
835 483 1346 554 adipiscerentur;
1380 500 1440 538 se
1473 482 1631 554 ipsos
1665 483 1819 538 ultro
1851 485 2166 555 depresse-

517 593 630 632 run
645 580 755 641 t,ut
768 574 889 629 illic
903 575 963 628 in
977 575 1164 628 altum
1184 573 1838 639 attollerentur;carnes
1853 591 1989 629 suas
2010 575 2166 628 fame

519 682 586 721 ac
609 665 705 719 siti
726 672 784 718 et
804 664 1018 736 vigiliis
1041 664 1444 720 confecerunt.
1465 669 1530 717 ut
1578 664 1698 717 illic
1724 664 1982 735 paradisi
2015 664 2165 718 deli-

519 755 624 810 cia:
640 753 1023 808 etexsultatio
1038 753 1197 824 ipsos
1217 753 1576 823 exciperent.
1607 753 1856 824 Spiritus
1870 754 2056 807 sancti
2080 758 2168 806 ta-

518 844 912 900 bernaculum
925 861 1032 915 per
1044 844 1239 899 cordis
1253 845 1568 915 puritatem
1587 845 2167 914 exstiterunt,quem-

517 935 838 991 admodum
862 935 1147 1006 scriptum
1173 941 1260 990 est
1280 935 1648 989 :lnhabitabo
1669 935 1889 1005 inipsis
1913 934 2167 990 etinam.

513 1013 734 1081 bulabo
765 1027 848 1093 (II
873 1025 996 1082 Cor.
1031 1027 1122 1094 νι).
1184 1025 1418 1096 Seipsos
1468 1024 1691 1079 mundo
1747 1023 2169 1078 cruciﬁxerunt

513 1117 736 1190 (Ephes,
769 1121 860 1184 v1),
886 1120 952 1170 ut
972 1115 1045 1170 ad
1067 1115 1282 1170 Christi
1301 1115 1605 1170 dexteram
1638 1119 1898 1179 starent;
1933 1113 2167 1168 lumbos

515 1225 655 1263 suos
690 1207 751 1262 in
787 1206 1030 1261 veritate
1063 1206 1506 1274 succinxerunt,
1565 1211 1742 1275 atque
1783 1204 1842 1257 in
1889 1209 2169 1275 promptu

517 1315 755 1370 semper
774 1297 1078 1368 lampades
1101 1295 1820 1363 habuerunt,immortalis
1847 1294 2047 1364 sponsi
2063 1293 2166 1347 ad-

512 1395 754 1444 ventum
778 1391 1187 1458 exspectantes
1209 1387 1430 1458 (Matth.
1455 1386 1604 1455 xxv).
1627 1387 1770 1439 Nam
1793 1399 1926 1438 cum
1950 1382 2167 1437 mentis

517 1478 705 1532 oculis
736 1476 968 1547 praaditi
1001 1481 1220 1536 essent.
1255 1473 1618 1528 horrendum
1652 1473 1822 1527 illum
1846 1472 2002 1526 diem
2019 1488 2167 1525 sem-

514 1583 622 1637 per
641 1566 1085 1637 prospiciebant
1109 1584 1121 1631 ;
1147 1571 1324 1635 atque
1352 1569 1474 1617 tum
1497 1563 1829 1617 futurorum
1848 1561 2160 1626 bonorum,

512 1658 638 1708 tum
661 1653 843 1708 futuri
866 1651 1720 1724 suppliciicontemplationem
1736 1651 1816 1704 ita
1833 1651 1893 1704 in
1915 1667 2163 1720 corpore

2277 501 2436 545 σεως’
2465 481 2824 540 ἐταπείνωσαν
2859 487 3082 549 ἑαυτοὺς
3141 489 3405 562 ἑκουσίως,
3449 491 3510 546 ’ἶν’
3554 481 3649 551 ἐκεῖ.
3679 481 3769 562 ιω.

2280 577 2412 634 θῶσι
2445 577 2578 647 (42)·
2638 577 2930 646 κατὲτηξαν
2988 578 3084 640 τὰς
3144 579 3340 634 ἑαυτῶν
3393 583 3556 657 σάρκας
3599 561 3776 665 πείνῃιτι

2276 663 2366 717 καί
2420 659 2550 737 δίψῃ
2609 665 2699 718 καί
2762 668 2914 723 Ιθ8
2974 667 3240 742 ἀγρυπνίᾳ
3289 666 3356 722 ἶν’
3414 671 3508 726 ἐκεῖ
3568 659 3778 748 διαδέξηται

2277 751 2473 815 αὐτοὺς
2530 755 2564 822 ἡ
2624 757 2803 831 τρυφή
2863 755 2953 810 καί
3011 755 3328 832 ἀγαλλίασις
3381 765 3464 814 τοῦ
3529 764 3774 837 παραδείσου·

2278 842 2543 913 σκήνωμα
2596 845 2846 918 γεγόνασι
2902 849 2999 898 τοῦ
3057 845 3215 921 ἁγίου
3267 847 3547 920 Πνεύματος
3591 857 3642 926 τῇ
3677 860 3783 912 καθα-

2277 929 2466 1020 ρότητι
2496 937 2595 999 τῆς
2627 929 2871 1007 καρδίας,
2921 935 3102 996 καθὼς
3133 937 3436 1010 γέγραπταγ
3460 940 3694 1011 Ἐνοικήσω
3716 951 3782 1020 (43)

2277 1019 2328 1073 ἐν
2389 1019 2573 1084 αὐτοῖς
2627 1023 2719 1075 καὶ
2779 1022 3228 1097 ἐμπεριπαττςσω⁹
3290 1026 3583 1102 ἐσταύρωσαν
3637 1033 3786 1098 ἑαυτοὺς

2273 1113 2354 1180 τῷ
2379 1108 2571 1182 κόσμῳ
2603 1115 2735 1184 (44),
2760 1109 2830 1164 τἶν’
2861 1111 2921 1166 ἐκ
2974 1109 3160 1186 δεξιῶν
3211 1119 3318 1187 (45)
3372 1121 3458 1170 τοῦ
3501 1121 3787 1193 σταυρωθέντα

2277 1200 2533 1253 σταθῶσι·
2589 1201 2987 1274 περιεζώσαντο
3069 1201 3166 1263 τὰς
3224 1203 3413 1269 ὀσφύας
3461 1205 3605 1261 αὐτῶν
3651 1209 3688 1263 ἓν
3725 1212 3790 1266 ἆλ-

2277 1286 2434 1356 ηθείᾳ
2461 1288 2597 1360 (46),
2647 1287 2735 1342 καὶ
2796 1288 3052 1361 ἑτοίμους
3109 1286 3272 1366 ἔσχον
3327 1292 3400 1346 ἀεὶ
3451 1293 3530 1355 τὰς
3571 1293 3788 1367 λαμπάδας,

2276 1373 2693 1451 προσδυκῶττες
2720 1378 2818 1445 τὴν
2850 1374 3061 1432 ἓλευσιν
3094 1383 3191 1433 τοῦ
3225 1379 3470 1443 ἀθανάτου
3496 1385 3682 1460 νυμφίου
3706 1391 3791 1460 (47).

2276 1464 2518 1539 Νοεροὺς
2550 1467 2653 1540 γὰρ
2702 1466 3036 1540 κτησάμενοι
3081 1467 3416 1545 ὀφθαλμοὺς,
3468 1475 3704 1548 προεώρων
3741 1474 3793 1529 δι-

2275 1559 2482 1624 ηνεκῶς
2514 1557 2613 1624 τήν
2649 1558 2878 1634 φρικτήν
2936 1555 3084 1633 ὥραν
3136 1557 3360 1630 ἐκείνην,
3412 1563 3500 1630 τήν
3545 1583 3594 1615 τε
3641 1564 3793 1638 eampis»

2272 1647 2378 1697 τῶν
2412 1643 2727 1717 μελΛόντων
2789 1646 3006 1720 ἀγαθων
3063 1647 3152 1701 καὶ
3211 1655 3311 1718 τῆς
3363 1649 3559 1704 αἶ’ωνίου
3607 1652 3796 1713 κολάσεως

513 1742 770 1798 defixam
797 1743 1100 1814 gerebant,
1128 1748 1193 1796 ut
1213 1741 1284 1797 ab
1309 1741 1439 1814 ipsa
1469 1757 1776 1810 nunquam
1810 1738 2152 1794 divelleren-

2273 1733 2583 1809 ἀχώριστον
2639 1741 2738 1804 τῆς
2802 1735 3002 1790 ἑαυτῶν
3063 1733 3228 1811 ἔσχον
3284 1735 3512 1812 καρδίας’
3558 1739 3632 1794 καὶ
3669 1738 3799 1794 ἐσπού-

509 1836 626 1889 tur.
650 1835 840 1903 Atque
865 1832 961 1886 hic
985 1831 1254 1886 laborare
1281 1831 1658 1896 studuerunt,
1692 1834 1755 1883 ut
1781 1828 2158 1900 sempiternae

510 1922 713 1994 gloriae
735 1927 1039 1994 compotes
1071 1926 1290 1976 essent.
1316 1920 1832 1975 Perturbationum
1865 1925 2158 1990 expertes,

510 2027 633 2065 non
659 2027 828 2066 secus
858 2016 1034 2081 atque
1065 2010 1281 2082 angeli,
1315 2010 1582 2075 fuerunt;
1607 2025 1674 2062 ac
1697 2024 1855 2062 nunc
1877 2025 2010 2062 cum
2042 2007 2162 2060 illis

517 2116 773 2170 quorum
794 2100 973 2154 vitam
996 2098 1210 2153 imitati
1239 2104 1395 2167 sunt,
1420 2099 1666 2152 choreas
1689 2095 2162 2169 agunt.Beatiilli

522 2205 590 2243 ac
620 2193 709 2242 ter
738 2187 914 2254 beati,
949 2187 1229 2258 quoniam
1257 2187 1446 2241 ﬁrmis
1464 2186 1681 2241 mentis
1704 2185 1892 2241 oculis
1909 2202 2164 2257 prasen-

520 2278 670 2332 tium
687 2293 887 2331 rerum
919 2277 1258 2343 vanitatem,
1279 2281 1455 2346 atque
1486 2276 1760 2330 humanae
1790 2277 2163 2347 prosperita-

518 2367 594 2422 tis
627 2366 1110 2421 incertitudinem
1143 2371 1200 2419 et
1222 2366 1684 2421 inconstantiam
1713 2373 2162 2437 perspexerunt,

517 2472 705 2528 eaque
727 2456 966 2527 rejecta,
1003 2457 1364 2527 sempiterna
1394 2456 1549 2511 bona
1580 2455 1690 2510 sibi
1714 2456 1858 2525 ipsis
1880 2456 2161 2510 condide-

514 2551 678 2612 runt,
711 2562 778 2600 ac
804 2547 981 2601 vitam
1009 2563 1140 2601 eam
1199 2565 1329 2617 quae
1389 2562 1699 2617 nunquam
1758 2545 1994 2613 occidit,
2055 2564 2163 2602 nec

517 2640 708 2690 morte
739 2636 1216 2707 interrumpitur,
1248 2637 1647 2707 arripuerunt:

586 2726 702 2779 Hos
719 2725 897 2798 igitur
909 2727 1291 2781 admirandos
1309 2736 1366 2781 et
1381 2732 1616 2781 sanctos
1629 2726 1783 2780 viros
1800 2743 1909 2780 nos
1926 2743 2162 2796 quoque

509 2813 740 2887 indigni
763 2831 829 2870 ac
857 2815 1247 2887 despicabiles
1266 2817 1484 2870 imitari
1502 2815 1808 2870 studemus
1826 2833 1838 2882 ;
1856 2832 2054 2869 verum
2072 2832 2165 2870 eo-

508 2919 644 2959 rum
660 2905 789 2960 vitae
809 2905 1064 2960 cmlestis
1079 2906 1374 2977 fastigium
1391 2904 1637 2958 minime
1655 2905 2163 2975 assequimur,sed

503 3009 612 3064 pro
636 2993 1000 3048 inﬁrmitatis
1015 3000 1232 3049 nostrae
1264 3011 1328 3049 ac
1355 2995 1584 3048 miserae
1605 2993 1902 3048 facultatis
1922 2993 2161 3047 modulo

506 3097 710 3138 eorum
738 3084 916 3139 vitam
952 3085 1358 3155 exprimimus.
1386 3087 1574 3154 Atque
1597 3084 1859 3154 ipsorum
1884 3083 2152 3137 habitum

502 3172 1030 3244 gerimus,etiamsi
1054 3191 1232 3244 opera
1255 3191 1375 3228 non
1398 3173 2046 3243 assequamurlitenim
2065 3172 2150 3226 di-

500 3261 699 3317 vinam
713 3263 866 3318 hanc
886 3263 1316 3334 professionem
1341 3268 1646 3333 peccatum
1662 3262 2028 3333 propulsare,
2063 3267 2152 3316 at-

500 3351 1092 3424 queincorruptionis
1107 3369 1211 3424 per
1223 3353 1487 3407 divinum
1507 3352 1799 3423 baptisma
1820 3351 1992 3406 nobis
2004 3368 2147 3406 con-

498 3457 683 3496 cessas
735 3442 955 3496 sociam
1000 3447 1058 3495 et
1109 3442 1545 3512 opitulatricem
1596 3457 1724 3496 esse
1769 3447 2147 3512 perspectum

495 3528 808 3584 habemus.
841 3533 921 3585 Ac
954 3531 1263 3585 beatorum
1299 3531 1538 3585 illorum
1568 3530 1828 3585 virorum
1863 3531 2145 3585 sermoni-

495 3617 607 3672 bus
666 3618 928 3686 adducti,
989 3621 1242 3675 caducas
1301 3627 1477 3691 atque
1531 3622 1796 3676 interitui
1857 3622 2143 3677 obnoxias

491 3706 741 3776 hujusce
765 3707 894 3761 vita;
917 3723 1011 3762 res
1035 3725 1391 3782 magnopere
1414 3709 1902 3776 condemnamus,
1925 3712 1985 3765 in
2010 3713 2144 3782 qui-

495 3793 607 3849 bus
639 3795 790 3849 nihil
822 3797 1059 3852 ﬁrmum
1093 3804 1151 3851 et
1209 3798 1519 3868 aequabile,
1556 3800 1831 3869 quodque
1864 3801 2140 3855 eumdem

490 3901 728 3956 semper
772 3890 990 3940 statum
1021 3888 1298 3951 retineat,
1346 3888 1596 3942 inveniri
1657 3894 1888 3958 potest;
1936 3907 2138 3944 verum

491 3974 694 4030 omnia
723 3975 951 4030 vanitas
986 3983 1125 4031 sunt
1156 3983 1214 4032 et
1244 3977 1488 4032 afﬂictio
1521 3977 1764 4047 spiritus
1814 3978 2021 4047 (Eccle.
2057 3981 2134 4048 ιι),

2271 1821 2435 1877 δασαν
2467 1829 2684 1896 καμεῖν,
2713 1822 2803 1878 ’ίνα
2831 1827 2930 1894 τῆς
2972 1823 3156 1880 ἀϊδίου
3215 1823 3374 1897 δόξης
3433 1829 3500 1901 μή
3550 1828 3798 1903 ἀποτύχωσι.

2267 1914 2553 1988 Γεγόνασιν
2638 1915 2860 1978 ἀπαθεῖς
2929 1913 3112 1991 ὥσπερ
3195 1913 3410 1992 ἃγγελοι
3481 1920 3595 1992 (48)
3635 1919 3703 1972 καὶ
3741 1923 3797 1972 νῦν

2275 2006 2390 2076 μετ’
2420 2004 2639 2058 ἐκείνων
2696 2006 3046 2080 χορεύουσιν,
3106 2007 3178 2060 ὧν
3238 2008 3328 2061 καὶ
3378 2009 3462 2062 τὸν
3521 2009 3619 2083 βίον
3666 2009 3801 2080 ἐμιμή-

2273 2114 2455 2151 σαντο.
2488 2093 2759 2168 Μακάριοι
2810 2095 2959 2149 οὗτοι
3009 2096 3097 2150 καὶ
3153 2099 3542 2172 τρισμακάριοι,
3584 2097 3651 2152 ὅτι
3684 2097 3799 2152 ἁπλα-

2272 2182 2384 2237 νέσι
2415 2189 2533 2244 τοῖς
2572 2187 2668 2237 τοῦ
2725 2184 2849 2246 νοὸς
2913 2182 3226 2262 ὀφθαλμοῖς
3285 2188 3585 2254 κατενόησαν
3630 2189 3705 2255 τήν
3742 2193 3808 2240 τῶν

2273 2271 2556 2345 παρόντων
2610 2273 2968 2344 ματαιότητα,
3026 2273 3116 2328 καί
3167 2282 3270 2344 τῆς
3327 2276 3633 2351 ἀνθρωπίνης
3679 2276 3811 2350 εὐπρα-

2272 2361 2393 2437 γίας
2443 2362 2506 2416 τὸ
2559 2359 2783 2416 ἄστατον
2845 2362 2934 2417 καὶ
2980 2362 3281 2436 ἀνώμαλον
3340 2368 3468 2438 (49),
3542 2366 3636 2432 καὶ,
3680 2365 3812 2432 ταύτην

2275 2452 2740 2527 ἀπαρνησάμενοι,
2826 2452 2892 2507 τὰ
2971 2452 3165 2508 αἷώνια
3253 2453 3457 2517 ἑαυτοῖς
3555 2455 3812 2528 ἐθησαύριοαν

2277 2542 2451 2615 ἀγαθὰ
2498 2546 2629 2614 (50),
2687 2541 2776 2596 καί
2829 2549 2930 2612 τῆς
2990 2540 3272 2615 μηδέποτε
3329 2542 3680 2615 διαπιπτούσης
3727 2547 3814 2618 μήτε

2275 2632 2484 2703 θανάτῳ
2515 2628 2949 2704 διακοπτομένης
2979 2629 3317 2689 ἐπελάϐοντο
3350 2637 3484 2703 ζωῆς
3513 2636 3625 2706 (51).

2343 2815 2579 2876 Τούτους
2612 2813 2702 2870 οὖν
2749 2815 2878 2876 τοὺς
2939 2814 3277 2886 θαυμασίους
3331 2816 3420 2870 καὶ
3475 2815 3631 2876 άσίους
3684 2811 3813 2886 ἓνδρις

2271 2905 2360 2960 καὶ
2393 2907 2559 2978 ἡμεῖς
2591 2906 2643 2958 οἱ
2672 2903 2908 2964 εὐτελεῖς
2956 2903 3045 2958 καὶ
3091 2905 3302 2974 ἀνάξιοι
3356 2911 3614 2978 μιμεῖσθαι
3657 2900 3815 2958 σπουξᾶ-

2274 3000 2456 3067 ζομεν,
2490 2997 2641 3051 109
2671 2993 2770 3048 οὐκ
2819 2993 3181 3070 ἐφικνούμεθα
3235 2991 3295 3048 δὲ
3321 2996 3399 3067 τῷ
3438 2995 3548 3068 ὕψει
3589 3001 3669 3062 τῆς
3705 2992 3812 3063 οὖρα-

2267 3083 2564 3140 νοπολίτου
2595 3083 2767 3138 αὐτῶν
2793 3080 3036 3158 διαγωγῇ
3050 3103 3093 3144 ς’
3147 3082 3318 3154 ἀλλὰ,
3372 3085 3506 3139 κατά
3544 3084 3599 3138 τὸ
3632 3082 3712 3136 ἐνὸν
3744 3086 3814 3147 τῆς

2267 3173 2515 3235 ἀσθενοῦς
2546 3175 2706 3245 ἡμῶν
2739 3171 2828 3227 καὶ
2885 3171 3246 3246 ταλαιπώρου
3305 3171 3585 3247 δυνάμεως,
3626 3172 3695 3226 τὸν
3733 3169 3811 3243 βίον

2259 3262 2433 3317 αὐτῶν
2521 3262 2998 3338 χαρακτηρίζομεν
3048 3261 3138 3316 καὶ
3193 3264 3262 3317 τὸ
3321 3270 3509 3338 σχῆμα
3570 3252 3811 3336 περιϐεὖλή·

2262 3364 2418 3425 μεθα,
2452 3351 2548 3406 κᾶν
2579 3356 2686 3405 τῶν
2739 3349 2912 3428 ἔργων
2967 3348 3449 3426 διαμαρτάνωμεν.
3503 3353 3712 3427 Πρόξενον
3745 3349 3810 3420 vi;

2255 3441 2662 3516 ἀναμαρτησίας
2693 3442 2754 3495 νὸ
2783 3442 2924 3494 θεῖον
2978 3439 3308 3515 ἐπάγγελμα
3356 3445 3530 3509 τοῦτο,
3573 3439 3648 3494 καί
3687 3455 3811 3509 map-

2254 3532 2350 3604 γὸν
2381 3538 2480 3599 τῆς
2539 3529 2598 3584 ἐκ
2653 3534 2748 3584 τοῦ
2809 3529 2956 3585 θείου
3021 3531 3408 3604 βαπτίσματος
3463 3529 3680 3598 δοθείσης
3722 3529 3809 3595 ἡμῖθ

2252 3621 2546 3696 ἀφθαρσίας
2610 3618 2962 3692 ἐπιστάμεθα.
3027 3620 3150 3688 Καὶ,
3208 3626 3327 3682 τοῖς
3385 3619 3561 3694 λόγοις
3632 3615 3809 3688 ἑπόμενοι

2247 3713 2354 3763 τῶν
2420 3708 2697 3782 μακαρίων
2758 3707 3000 3778 ἐκείνων,
3064 3708 3204 3763 πάνυ
3260 3710 3699 3784 καταγινώσκομεν
3737 3708 3804 3756 τῶν

2251 3803 2498 3876 φθαρτῶν
2533 3797 2740 3852 τούτων
2771 3798 2861 3851 καὶ
2893 3795 3170 3870 ἐπικήρων
3205 3803 3306 3852 τοῦ
3366 3799 3483 3873 βίου
3532 3792 3803 3870 πραγμάτων,

2249 3888 2301 3942 ἐν
2334 3890 2416 3949 οἷς
2447 3885 2599 3941 οὐδὲν
2625 3883 2766 3941 ἔστιν
2797 3886 2971 3958 εὑρεῖν
3010 3881 3255 3960 βέϐαιον,
3315 3886 3439 3941 οὐδὲ
3485 3884 3688 3957 ὁμαλὸν,
3727 3877 3808 3934 οὐδὲ

3757 3967 3804 3998 ..ἶ

2247 3975 2332 4030 ἐπὶ
2365 3979 2471 4029 τῶν
2505 3974 2680 4028 αὐτῶν
2713 3973 3001 4046 ἱστάμενον
3049 3979 3188 4043 (52)·
3249 3974 3396 4029 άλλά
3443 3971 3702 4045 ματαιὸτῃς
3735 3971 3805 4018 ἐπί

2243 4063 2308 4117 τὰ
2334 4065 2508 4117 πάντα
2537 4063 2625 4117 καὶ
2656 4063 2972 4136 προαίρεσις
3018 4062 3334 4135 πνεύματος
3388 4065 3515 4136 (ὅ3),
3567 4057 3738 4117 πολλὰς
3775 4051 3807 4106 ἓν

2245 4152 2433 4225 ἀτόμῳ
2464 4153 2695 4230 φέροντα
2719 4153 2814 4212 τὰς
2852 4146 3160 4224 μεταϐολάς
3197 4157 3336 4224 (5-4)‘
3384 4151 3589 4224 ὀνείρων
3631 4149 3710 4220 γάρ
3749 4142 3803 4195 xz?

2241 4246 2413 4310 σκιᾶς,
2446 4242 2535 4296 καὶ
2570 4239 2735 4315 αὔρας
2768 4240 2905 4295 κατά
2924 4241 3014 4295 τὸν
3044 4241 3175 4315 ἀέρα
3195 4241 3492 4312 πνεούσης,
3519 4238 3634 4294 εῗσὶν
3656 4233 3806 4298 ἀσθενὲ-

487 4064 706 4119 multas
729 4066 1013 4135 temporis
1037 4072 1252 4137 puncto
1283 4066 1643 4121 mutationes
1666 4066 1891 4122 ferens:
1948 4069 2136 4138 siqui-

485 4153 621 4209 dem
645 4154 706 4208 in
725 4155 1060 4212 somniiset
1081 4156 1327 4222 umbris,
1353 4171 1419 4209 ac
1440 4156 1629 4209 ventis
1655 4172 1851 4210 aerem
1877 4157 2137 4227 perﬂan—

478 4242 646 4297 tibus
680 4243 1077 4299 imbecilliora
1107 4251 1265 4300 sunt.
1300 4246 1560 4310 Quorum
1607 4261 1783 4315 parva
1831 4251 1889 4300 et
1939 4247 2133 4301 brevis

474 4331 767 4403 voluptas,
797 4335 916 4388 imo
949 4351 1071 4388 non
1103 4335 1397 4405 voluptas,
1432 4334 1533 4389 sed
1564 4334 1726 4389 fraus
1759 4336 2031 4405 quaedam
2075 4343 2134 4392 et

2265 4350 2420 4404 ’τεραο
2457 4331 2625 4403 μικρὰ
2667 4331 2755 4384 καὶ
2790 4328 2927 4404 πρὸς
2960 4329 3148 4405 ὀλίγον
3179 4333 3216 4400 ἡ
3252 4331 3439 4406 χάρις,
3471 4331 3551 4384 καί
3598 4323 3699 4380 οὐδὲ
3736 4320 3804 4394 χά·

471 4420 802 4492 impostura
830 4423 1236 4493 perversitatis
1259 4421 1490 4488 mundi,
1526 4438 1704 4492 quem
1753 4423 1918 4477 nullo
1952 4423 2126 4479 modo

2265 4441 2343 4484 ιις·
2381 4420 2525 4476 ἀλλά
2557 4419 2737 4491 πλάνη
2771 4442 2852 4483 τις
2883 4422 2974 4476 καὶ
3006 4421 3184 4492 ἀπάτη
3242 4425 3345 4491 τῆς
3391 4426 3484 4478 τοῦ
3527 4418 3705 4490 κόσμου
3739 4434 3803 4466 κι-

467 4508 738 4583 diligere,
771 4527 975 4566 verum
1001 4512 1200 4582 potius
1232 4528 1302 4566 ex
1327 4511 1526 4566 animo
1553 4511 1747 4566 odisse
1770 4518 1947 4583 atque
1969 4514 2124 4568 inse-

2265 4510 2372 4582 ηίας,
2402 4510 2567 4585 ὅνπερ
2593 4512 2669 4583 μὴ
2694 4512 2899 4587 ἀγαπᾷν
2926 4511 3092 4582 ὅλως,
3129 4518 3312 4585 μισεῖν
3345 4509 3402 4568 δὲ
3426 4509 3621 4586 μᾶλλον
3646 4506 3692 4560 ἐκ
3714 4521 3804 4572 κιρ·

563 4639 653 4703 42)
681 4636 886 4710 Matth.
919 4639 1178 4710 xxnjtl2
1205 4651 1217 4690 :
1249 4635 1440 4698 ’Ὀστις
1469 4635 1791 4690 ταπεινώσει
1824 4636 2009 4691 ἑαυτὸν
2048 4638 2152 4710 ὑψιι

2265 4657 2415 4691 τεται.
2449 4638 2534 4695 Cf.
2571 4638 2710 4694 Luc.
2743 4655 2857 4706 xxv,
2895 4641 2951 4691 11
2984 4655 2998 4706 ;
3030 4655 3190 4707 xvm,
3224 4641 3314 4694 i4.

560 4710 651 4774 43)
679 4708 728 4761 II
758 4708 941 4776 Epist.
976 4708 1049 4763 ad
1081 4708 1209 4763 Cor.
1239 4725 1310 4776 v1,
1351 4711 1435 4762 16.

537 4725 651 4778 (4d)
679 4725 728 4761 ιι
758 4725 799 4761 ιι
847 4725 941 4764 ιετ..
976 4725 1049 4763 aa

536 4780 648 4850 (44)
679 4725 844 4834 (Ξοηὲ
879 4797 936 4851 p.
973 4783 1058 4835 10.

536 4851 647 4920 (45)
679 4850 844 4905 Conf.
879 4850 936 4921 p.
970 4855 1058 4904 7t.

675 4923 856 4999 Epist.
879 4918 966 4977 'ad
996 4922 1210 4999 Ephes.
1243 4925 1452 4999 vl,_i4:
1489 4926 1662 4999 ξτῆτε
1693 4918 1794 4999 οὖν⁸
1817 4921 2152 4996 περιζωσάμι

2287 4922 2384 4992 τήν
2420 4921 2587 4999 ὀσφὺν
2621 4923 2772 4995 ὑμῶν
2806 4920 2858 4976 ἐν
2887 4920 3140 4994 ἀληθείᾳ.

526 4996 643 5063 (47)
674 4995 967 5066 Respectu
1006 4994 1079 5048 ad
1112 4994 1454 5066 parabolam
1489 4993 1559 5066 de
1593 5011 1709 5066 qua
1738 4995 1811 5049 cf.
1847 4993 1902 5066 p'.
1938 4999 2026 5050 73.

670 5065 754 5158 £0.
790 5064 994 5158 (Ehrys;
1030 5064 1230 5158 Eclog.‘
1258 5069 1491 5158 p..n254:
1526 5064 1982 5158 ’ἑγηγὲλομςὶτοὶὺς
2009 5067 2152 5156 ἀνθρι

2271 5065 2589 5158 υςιέποίηρε
2619 5066 2670 5139 (ὁ
2702 5065 2974 5158 σταυρός).
3007 5066 3089 5122 Cf.
3125 5084 3226 5158 pp:
3261 5072 3317 5158 5',
3355 5070 3472 5158 106,
3499 5069 3607 5120 107.

671 5136 920 5214 ρτοεοιή
945 5139 1073 5214 Νεικ.
1105 5136 1376 5214 οςᾲῑλϐ,
1411 5154 1538 5210 pag.
1574 5141 1671 5191 231
1705 5156 1718 5195 :
1752 5138 1849 5190 Διά
1879 5138 1938 5192 τὸ
1967 5145 2068 5208 τῆς
2101 5136 2152 5192 ἀν

2265 5139 2450 5209 ιπίνης
2484 5136 2778 5214 εὐπραγίας
2807 5136 3035 5193 ἄστατον
3065 5136 3505 5212 καῖ-ἀνώμαλον.

527 5205 642 5279 (50)
670 5205 869 5279 Matth.
903 5226 974 5273 vr,
1009 5212 1096 5264 20.
1131 5208 1213 5264 Cf.
1247 5226 1305 5279 p.
1341 5205 1428 5265 9f.

526 5278 635 5350 (51)
665 5278 830 5350 Conf.
865 5297 920 5350 p.
947 5283 1035 5334 60.

525 5335 637 5433 (5‘2)
667 5335 975 5433 Gregorius
1006 5352 1271 5433 ιλῇεηίειῐηζ
1303 5352 1570 5433 oratione
1633 5356 1718 5423 16,
1775 5371 1831 5426 p.
1893 5357 2034 5410 250:
2095 5358 2144 5408 Φ

2327 5353 2423 5427 μὲν
2479 5354 2580 5430 γὰρ
2643 5351 2800 5409 οὐδεν
2856 5358 2963 5409 τῶν
3021 5354 3378 5429 ἀνθρωπίνων
3437 5343 3653 5428 βέϐαιον,
3698 5335 3792 5395 οὖδὶ

451 5413 757 5495 ὁμαλᾷνῌ..
781 5413 928 5495 Τούδὶ
956 5419 1042 5475 ἐπὶ
1073 5427 1180 5477 τῶν
1213 5420 1386 5476 αὐτῶν
1417 5413 1722 5495 ἰστάμενονί

521 5489 634 5560 (53)
667 5491 855 5545 Eccle.
889 5510 923 5560 ι,
963 5496 1047 5548 l4.

521 5492 610 5558 (53
667 5492 855 5545 Eccle.
889 5510 923 5560 ι,
963 5496 1047 5548 l4.
1546 5492 1554 5495 Ἴ

519 5492 634 5631 (54)
656 5562 829 5644 ‘G‘I‘eg.
863 5564 991 5644 N512.
1026 5582 1092 5644 ρ..-
1244 5584 1256 5620 :
1291 5563 1500 5644 ίςύκλος
1528 5587 1618 5644 τις.
1643 5570 1750 5620 τῶν
1783 5567 2064 5644 ἡμετέρων
2111 5590 2147 5623 π

2271 5567 2423 5644 ρέχει
2481 5569 2834 5643 πραγμάτων,
2895 5568 3097 5625 ἃλλοτε
3150 5566 3334 5631 ἄλλας
3393 5568 3476 5623 ἐπὶ
3534 5567 3640 5638 uti:

452 5627 550 5706 ρας
580 5627 875 5700 πολλάκις,
903 5627 1093 5688 tiam-3’
1124 5636 1213 5688 ὅτε
1243 5637 1331 5690 καὶ
1364 5638 1528 5711 ὥρας,
1561 5627 1736 5712 φέρων
1775 5627 2108 5712 μεταϐολάς.
