3952 6202
100 364 201 421 977

1262 363 1440 417 Vl’l‘A
1473 360 1822 416 BARLAAM
1859 361 1952 415 ET
1985 360 2330 422 JOASAPH.

3386 370 3539 453 978‘

103 487 468 557 εἷκονίζειτοῦ
516 482 648 559 ᾃόου
694 480 947 562 γαστὲρα,
1004 483 1103 555 τήν
1158 483 1566 558 μαιμάσσουσαν
1602 458 1735 537 ὑπο-

1918 485 1954 539 ιί
1988 501 2088 542 eos
2136 488 2436 560 suscipere
2467 489 2643 561 gestit
2674 490 2774 562 qui
2808 494 3131 562 praesentes
3163 489 3491 562 voluptates

103 573 340 649 δέξασθαι
384 573 513 638 τοὺς
571 573 639 629 τά
686 572 932 650 παρόντα
994 573 1199 650 τερπνά
1247 576 1356 629 τῶν
1421 569 1739 646 μελλόντων

101 665 301 741 ἀγαθῶν
358 664 768 742 προκρίνοντας.
799 665 861 722 Ὀ
896 661 955 719 δὲ
1009 668 1105 719 τοῖ’)
1166 662 1387 737 μελιτος
1432 659 1744 736 σταλαγμὸς

95 756 190 825 τὴν
216 752 530 832 γλυκύτητα
570 753 820 833 ἐμφαίνει
869 758 977 809 τῶν
1030 756 1126 809 τοῦ
1177 751 1388 825 κόσμου
1436 748 1637 821 ἡδέων,
1671 746 1742 805 δι’

94 847 159 914 ἧς
187 843 388 906 ἐκεῖνος
444 841 662 899 ἀπατῶν
717 842 844 907 τοὺς
901 844 1092 899 ἑαυτοῦ
1150 840 1366 923 φίλους,
1424 841 1523 898 οὐκ
1552 846 1612 914 εᾷ
1640 848 1739 912 τῆς

96 938 234 1013 σφῶν
266 936 671 1008 προνοήσασθαι
698 931 990 1006 σωνηρίας.

157 1025 321 1081 ΧΕΦ.
354 1024 452 1082 II".
514 1027 668 1081 ’114
723 1021 935 1095 Ταύτην
996 1023 1024 1078 ὁ
1080 1023 1312 1101 Ἰωάσαφ
1354 1020 1475 1078 λίαν
1535 1017 1733 1077 ἀποδε-

94 1115 325 1187 ξάμενος
377 1114 477 1183 τὴν
531 1107 880 1189 παραϐολήν,
933 1109 1059 1183 ἔφη·
1114 1117 1202 1175 Ὠς
1256 1110 1472 1183 ἀληθὴς
1507 1112 1535 1167 ὁ
1567 1108 1738 1186 λόγος

90 1203 250 1267 οὗτος
276 1202 363 1259 καὶ
395 1203 536 1258 πάνυ
579 1200 993 1277 ἀρμοδιώτατος
1020 1203 1032 1258 1
1066 1204 1159 1271 Μὴ
1210 1201 1302 1258 οὗν
1352 1201 1591 1277 ὀκνήσῃς
1620 1221 1735 1255 τοι·

88 1292 283 1356 ούτους
328 1291 410 1349 ἀεί
462 1314 557 1366 μοι
613 1291 815 1353 τύπους
869 1289 1263 1363 ὑποδεικνύειν,
1306 1289 1399 1346 ’ίνα
1443 1294 1556 1368 γνῶ
1584 1290 1735 1364 ἀκρι-

84 1377 189 1444 ϐῶς
228 1383 420 1444 ὁποῖος
454 1380 688 1457 ὑπάρχει
720 1380 749 1435 ὁ
778 1381 898 1445 καθ’
926 1382 1074 1453 ἡμᾶς
1110 1380 1250 1458 βίος,
1282 1381 1375 1435 καὶ
1424 1379 1583 1435 τίνων
1616 1384 1734 1442 τοῖς

82 1470 281 1527 ἑαυτοῦ
310 1468 495 1547 φίλοις
524 1470 785 1544 πρόξενος
815 1470 1045 1547 γίνεται.

148 1562 213 1620 Ὁ
252 1559 307 1616 δέ
336 1561 510 1637 γέρων
543 1562 706 1619 εἶπεν.
748 1561 978 1634 ’Όμοιοι
1025 1557 1177 1622 αὖθίς
1230 1559 1363 1616 εἰσιν
1395 1560 1451 1614 οἳ
1483 1559 1735 1636 ἐρασθέν-

82 1672 166 1716 τες
198 1655 320 1706 τῶν
373 1654 470 1707 τοῦ
532 1651 653 1727 βίου
711 1655 953 1726 τερπνῶν
991 1651 1082 1706 καὶ
1141 1652 1210 1725 τῇ
1265 1650 1461 1706 τούτου
1497 1648 1734 1725 γλυκαν-

85 1743 267 1804 θέντες
332 1736 588 1811 ἡδύτητι,
637 1743 744 1794 τῶν
781 1736 1101 1814 μελλόντων
1151 1759 1209 1794 τε
1263 1739 1353 1794 καὶ
1384 1739 1460 1813 μή
1493 1736 1730 1794 σαλευο-

1851 572 2067 631 futuris
2100 575 2272 632 bonis
2325 583 2714 650 anteponunt.
2748 579 2936 634 Mellis
2980 596 3115 635 vero
3147 578 3377 652 guttula
3407 579 3498 633 di-

1850 663 2076 729 tillans,
2106 667 2314 722 mundi
2338 668 2779 739 jucunditatem
2812 675 2870 725 et
2905 669 3285 726 dulcedinem
3318 668 3503 741 signi-

1850 755 2011 824 ficat,
2060 774 2167 829 per
2218 774 2395 830 quam
2444 761 2546 816 ille
2605 761 2828 817 amicos
2862 778 2999 817 suos
3028 760 3366 829 ludificans,
3400 774 3502 816 eos

1849 846 2027 902 saluti
2059 865 2179 903 sua)
2209 851 2550 923 prospicere
2581 852 2827 908 minime
2862 852 3024 909 sinit.

1920 1027 2050 1081 CAP.
2084 1029 2235 1083 XIII.
2270 1030 2433 1086 Hanc
2460 1031 2803 1103 parabolam
2830 1032 3120 1104 majorem
3152 1030 3215 1086 in
3252 1030 3498 1088 modum

1848 1116 2243 1188 comprobans
2272 1121 2573 1193 Josaphat,
2604 1122 2754 1177 dixit
2778 1139 2791 1177 :
2817 1124 3005 1188 Quam
3034 1138 3206 1177 verus
3235 1122 3333 1177 hic
3367 1137 3497 1176 ser-

1847 1218 1943 1258 mo
1968 1209 2077 1273 est,
2102 1222 2170 1261 ac
2192 1208 2565 1264 concinnitas
2588 1210 2784 1264 omnis
2806 1210 3020 1282 plenus
3047 1208 3059 1264 !
3102 1207 3501 1275 Quamobrem

1844 1309 1919 1347 ne
1953 1299 2029 1351 te.
2060 1311 2287 1366 quaeso,
2321 1296 2665 1370 hujusmodi
2700 1298 2918 1372 ﬁguras
2948 1298 3093 1354 mihi
3125 1298 3362 1355 assidue
3389 1297 3492 1354 de-

1844 1388 2179 1439 monstrare
2210 1385 2425 1459 pigeat,
2460 1405 2576 1459 quo
2608 1393 2767 1444 certo
2798 1389 3127 1461 intelligam
3159 1388 3353 1460 qualis
3384 1403 3492 1442 no-

1843 1476 1935 1527 tra
1963 1472 2082 1527 vita
2112 1473 2208 1538 sit,
2243 1480 2301 1529 et
2332 1493 2479 1547 quas
2509 1494 2605 1532 res
2636 1477 2843 1532 amicis
2875 1478 2997 1532 suis
3028 1483 3310 1533 accersat.

1916 1561 2075 1616 Dixit
2116 1568 2311 1619 autem
2347 1582 2567 1621 senex:
2602 1567 2838 1622 Similes
2867 1583 3101 1621 rursum
3138 1571 3276 1621 sunt
3323 1566 3363 1620 ii
3393 1565 3497 1636 qui

1839 1656 2207 1728 voluptatum
2258 1658 2436 1730 hujus
2486 1660 2617 1714 vitae
2675 1676 2876 1714 amore
2936 1659 3120 1731 capti,
3173 1674 3496 1728 earumque

1843 1747 2130 1802 suavitate
2162 1747 2421 1816 deliniti,
2454 1765 2550 1804 res
2582 1748 2772 1804 ﬂuxas
2805 1754 2863 1804 et
2896 1748 3227 1803 imbecilles
3278 1747 3495 1802 futuris

84 1833 267 1903 μένων
314 1828 383 1884 τά
437 1827 632 1907 ῥευστά
697 1827 788 1883 καί
847 1828 1043 1900 ἀσθενῆ
1101 1830 1578 1906 προτιμήσαντες,
1638 1827 1732 1882 ἆν-

1918 1855 2018 1908 ῃιε
2045 1854 2079 1893 a
2100 1837 2427 1909 jactatione
2458 1836 2670 1894 alienis
2714 1838 3080 1910 antiquiores
3129 1836 3490 1909 habuerunt,

77 1920 288 1993 θρώπῳ
311 1919 417 1974 τινὶ
447 1924 595 1996 τρεῖς
626 1918 888 1995 ἐσχηκότι
921 1918 1138 1997 φίΛους,
1192 1919 1266 1973 ὧν
1316 1916 1443 1981 τοὺς
1500 1918 1595 1991 μὶν
1628 1914 1723 1972 δύο

79 2009 396 2083 περιπαθῶς
435 2007 614 2083 ἐτίμα,
672 2009 758 2064 καὶ
821 2005 1072 2084 σφοδρῶς
1127 2015 1229 2078 τῆς
1285 2007 1458 2063 αὐτῶν
1515 2008 1728 2084 ἀγάπης

77 2096 384 2174 ἀντείχετο,
421 2098 589 2175 μέχρι
635 2096 866 2163 θανάτου
917 2097 1049 2174 ὑπὲρ
1102 2099 1279 2153 αὐτῶν
1328 2097 1729 2172 ἀγωνιζόμενος

73 2188 164 2242 καὶ
229 2185 627 2264 προκιδυνεύειν
695 2187 1043 2265 αἷρούμενος*
1097 2187 1235 2267 πρὸς
1284 2186 1342 2245 δὶ
1396 2189 1486 2245 τὸν
1548 2189 1730 2264 τρίτον

70 2275 279 2352 πολλῇ
323 2275 539 2356 ἐφέρετο
590 2279 1012 2355 καταφρονήσει,
1049 2280 1190 2352 μήτε
1235 2285 1424 2352 τιμῆς,
1468 2282 1606 2353 μήτε
1629 2280 1728 2348 τῆς

71 2366 467 2442 προσηκούσης
524 2368 688 2424 αὐτὸν
740 2369 967 2423 πώποτε
1024 2368 1255 2439 ἀξιώσας
1315 2369 1552 2445 ἀγάπης,
1605 2367 1730 2424 ἀλλ’

74 2456 349 2535 ἢμιχράν
374 2478 496 2514 τινα
551 2457 643 2514 καὶ
701 2455 1004 2531 οὐδαμινὴν
1060 2457 1137 2522 εἷς
1177 2458 1333 2514 αὐτὸν
1393 2459 1731 2534 προσποιού-

78 2569 247 2623 μενος
275 2544 480 2626 φιλίαν.
526 2544 1056 2622 Καταλαμϐάνουσιν
1105 2546 1199 2604 οὗν
1230 2546 1283 2604 ἐν
1337 2554 1435 2623 μιᾷ
1479 2544 1734 2625 φοϐεροί-

72 2661 223 2704 τινες
280 2637 369 2696 καὶ
419 2637 645 2711 ἐξαίσιοι
702 2643 1050 2715 στρατιῶται,
1085 2638 1410 2715 σπεύδοντες
1464 2640 1732 2716 ταχύτητι

75 2728 272 2805 πολλῇ
302 2730 431 2805 τρὸς
472 2729 562 2786 τὸν
619 2727 847 2803 βασιλέα
884 2733 1075 2785 τοῦτον
1127 2730 1371 2806 ἀγαγεῖν,
1404 2728 1570 2805 λόγον
1597 2730 1735 2785 ἀπο-

80 2818 332 2876 δωσοντα
379 2819 514 2892 ὓπέρ
566 2817 794 2887 όφειλῆς
850 2817 1058 2895 μυρίων
1105 2816 1407 2876 ταλάντων.
1443 2825 1733 2895 Στενοχω-

77 2909 349 2986 ρούμενος
380 2906 460 2979 δὲ,
490 2907 695 2971 ἐκεῖνος
737 2908 916 2978 ἐζήτει
954 2909 1175 2983 βοηθὸν,
1206 2909 1297 2963 τὸν
1349 2902 1737 2963 συναντιλαόἑ-

79 3010 212 3064 σθαι
271 2998 415 3071 αὖτῷ
469 2996 521 3054 ἐν
547 3002 629 3071 τῷ
684 3002 894 3076 φρικτῷ
946 3002 1045 3053 τοῦ
1106 2996 1375 3074 βασιλέως
1432 2995 1736 3074 λογοθεσίῳ

79 3085 411 3161 δυνάμενον.
474 3087 705 3162 Δραμὼν
737 3085 830 3143 οὗν
885 3087 1021 3162 πρὸς
1050 3087 1141 3141 τὸν
1182 3091 1400 3163 πρῶτον
1448 3085 1617 3141 αὐτοῦ
1645 3086 1734 3141 καὶ

1836 1926 2086 1992 homini,
2125 1927 2224 1999 qui
2256 1932 2376 1982 tres
2413 1927 2636 1983 amicos
2667 1928 2877 1983 habuit
2906 1968 2920 1995 ,
2955 1944 3025 1983 ex
3073 1926 3288 1998 quibus
3343 1925 3493 1982 duos

1838 2016 2079 2088 quidem
2104 2018 2330 2090 ingenti
2387 2017 2571 2073 animi
2631 2019 2846 2073 affectu
2903 2016 3150 2085 colebat,
3212 2033 3279 2072 ac
3307 2017 3485 2072 vehe-

1838 2112 2072 2161 menter
2109 2106 2364 2175 amabat,
2420 2107 2567 2162 adeo
2616 2112 2683 2162 ut
2719 2107 2793 2162 ad
2847 2112 3101 2163 mortem
3157 2122 3345 2178 usque
3375 2122 3482 2179 pro

1838 2197 1985 2270 ipsis
2018 2196 2303 2252 dimicare
2341 2212 2406 2252 ac
2456 2196 2720 2269 pericula
2778 2196 2997 2268 quasvis
3028 2195 3191 2251 adire
3238 2195 3486 2251 minime

1838 2295 2159 2357 recusaret,
2212 2288 2453 2343 tertium
2507 2293 2706 2343 autem
2755 2288 3079 2344 admodum
3129 2287 3489 2360 aspernaba-

1842 2382 1958 2448 tur,
1988 2378 2071 2434 ita
2098 2382 2164 2433 ut
2192 2394 2301 2434 nec
2352 2378 2640 2433 honorem
2693 2394 2979 2450 unquam,
3012 2395 3122 2435 nec
3153 2393 3331 2449 quam
3385 2391 3494 2449 par

1843 2472 1969 2523 erat
1995 2467 2472 2523 benevolentiam
2505 2467 2649 2539 ipsis
2707 2472 3038 2539 praestaret,
3090 2465 3194 2523 sed
3224 2466 3497 2540 exiguam

1844 2555 2163 2626 quamdam
2198 2556 2505 2623 duntaxat,
2540 2573 2791 2626 eamque
2826 2557 3025 2612 ﬁctam
3055 2572 3120 2611 ac
3153 2555 3496 2611 simulatam

1843 2646 2167 2701 amicitiam
2226 2646 2571 2703 exhiberet.
2638 2648 2943 2701 Venerunt
2990 2650 3188 2702 autem
3239 2644 3499 2716 quodam

1844 2734 1938 2789 die
1961 2735 2255 2790 immanes
2277 2739 2455 2806 atque
2480 2734 2763 2790 horrendi
2785 2734 3018 2800 milites,
3046 2734 3143 2804 qui
3174 2748 3308 2788 eum
3340 2746 3497 2788 sum-

1844 2840 1943 2879 ma
1972 2839 2106 2879 cum
2126 2822 2506 2878 festinatione
2529 2822 2603 2878 ad
2631 2839 2829 2895 regem
2853 2822 3174 2887 traherent,
3193 2826 3260 2875 ut
3289 2819 3495 2876 decem

1846 2912 2103 2969 millium
2135 2911 2516 2980 talentorum,
2550 2928 2678 2983 qua:
2710 2910 2942 2979 debeat,
2968 2910 3258 2966 rationem
3279 2908 3494 2965 redde-

1845 3007 1955 3060 ret.
2006 3002 2110 3060 llle
2143 3002 2321 3075 igitur
2351 3002 2413 3057 in
2445 3018 2781 3057 suummam
2831 3000 3164 3075 angustiam
3195 2998 3493 3066 redactus,

1847 3092 2107 3163 aliquem
2141 3090 2447 3163 querebat,
2482 3090 2581 3162 qui
2614 3090 2676 3145 in
2706 3089 3028 3146 metuenda
3061 3088 3167 3145 illa
3196 3088 3497 3144 rationum

81 3180 307 3234 πάντων
347 3177 719 3254 γνησιώτατον
753 3175 937 3255 φίλον,
970 3175 1139 3253 λέγει.
1192 3174 1380 3246 Οἶδας,
1413 3177 1457 3230 ὧ
1487 3176 1636 3253 φίΛε,
1662 3176 1738 3241 ὡς

93 3266 284 3288 ΊῚΊΑΙ
400 3268 511 3288 ,_\
622 3269 634 3288 I
689 3267 754 3288 ,.‘,
908 3287 914 3288 κ
1025 3266 1145 3288 τίς.-
1217 3269 1300 3288 ᾼθ
1358 3270 1483 3288 ιοινξ
1581 3265 1727 3288 .ῖβὶ

1918 3182 2004 3238 ιυά
2018 3198 2215 3255 regem
2238 3180 2571 3236 redditione
2584 3195 2757 3253 Opem
2770 3180 2883 3251 ipsi
2900 3180 3101 3235 ferret.
3118 3179 3374 3235 Currens
3387 3177 3497 3232 ita-

2053 3271 2068 3288 ι
2180 3271 2190 3282 -
2326 3287 2350 3288 η
2425 3269 2792 3288 ,
3090 3267 3492 3288 ,ιη-,ηεμμΔ

81 3269 166 3323 ἀεὶ
202 3266 408 3341 ἐθέμην
452 3268 551 3336 τὴν
610 3267 794 3342 ψυχήν
854 3287 961 3339 μου
1020 3266 1150 3338 ὗπὶρ
1205 3269 1304 3320 σοῦ
1355 3270 1484 3338 (64)·
1536 3265 1642 3320 νυνὶ
1679 3265 1736 3322 δὶ

80 3356 287 3433 χρῄζω
322 3355 583 3431 βοηθείας
614 3352 666 3409 ἐν
695 3358 763 3430 τῇ
811 3355 996 3428 ἡμέρᾳ
1045 3353 1213 3430 ταύτῃ
1264 3357 1365 3421 τῆς
1401 3355 1739 3430 κατεχνύσης

82 3469 155 3521 με
185 3446 459 3521 ἆκάγκης.
503 3445 694 3500 Πόσων
756 3444 848 3500 οὗν
908 3441 1226 3520 ἐπαγγέλλῃ
1265 3439 1744 3510 σύναντίλαϐἐσθαι

82 3557 183 3610 μοι
219 3537 373 3593 IIS
410 3538 542 3601 νῦν;
569 3533 659 3589 καὶ
688 3532 770 3596 τίς
801 3535 836 3604 ἡ
869 3533 1015 3609 παρά
1062 3537 1157 3588 σοῦ
1205 3532 1610 3611 προσγινομὲνη
1650 3556 1743 3607 μοι

78 3624 273 3696 ἐλπὶς,
321 3621 797 3703 προσφιλὲστατε;
841 3622 1189 3699 Ἀποκριθεὶς
1220 3623 1311 3679 οὖν
1367 3623 1572 3687 ἐκεῖνος
1618 3620 1744 3702 ἔφη’

81 3719 208 3777 Οὐκ
232 3715 354 3785 εἶμί
381 3737 478 3772 σου
523 3715 709 3794 φὶλος,
768 3712 1035 3791 ἄνθρωπε·
1098 3715 1199 3771 οὐκ
1245 3713 1535 3790 ἐπίσταμαι
1565 3715 1646 3778 τίς
1678 3717 1746 3773 εἴ.

76 3805 338 3868 ⁸Αλλους
363 3805 465 3881 γάρ
497 3800 613 3862 ἔχω
643 3802 991 3883 προσφιλεῖς,
1026 3805 1145 3878 μεθ’
1181 3805 1254 3859 ὧν
1289 3801 1373 3860 δεῖ
1407 3825 1473 3876 με
1504 3805 1749 3880 σήμερον

81 3897 496 3978 εὐφραίνεσθαι,
551 3898 644 3953 καὶ
700 3895 897 3976 φίλους
950 3895 1146 3957 αὐτοὺς
1196 3896 1273 3958 εἷς
1328 3895 1389 3950 τὸ
1439 3896 1562 3967 ἑξῆς
1616 3899 1750 3968 κτή-

83 3992 312 4049 σασθαι.
346 3988 584 4064 Ηαρέχω
643 3984 702 4043 δὲ
754 4006 840 4042 σοι
873 3985 992 4042 ἰδοὺ
1043 3985 1204 4062 ῥάκια
1248 3983 1366 4054 δύο,
1388 3990 1486 4041 τοῦ
1515 3981 1664 4063 ἔχειν
1697 3983 1755 4043 σε

80 4085 270 4139 ταῦτα
300 4079 356 4135 ἐν
385 4081 452 4153 τῇ
483 4076 596 4150 ὁδῷ
623 4076 661 4152 ᾖ
688 4076 915 4153 πορεύῃ,
971 4076 1124 4131 ἅτινα
1172 4073 1327 4131 οὐδέν
1377 4096 1434 4131 σε
1479 4076 1541 4131 τὸ
1578 4078 1756 4153 παρά-

86 4193 207 4228 παν
262 4168 631 4247 ὠφελήσουσι.
694 4166 798 4225 Καὶ
863 4162 1137 4240 μηδεμίαν
1200 4163 1377 4236 ἄλλην
1430 4167 1559 4241 παρ’
1592 4165 1755 4239 ἐμοῦ·

88 4257 493 4338 προσδοκήσῃς
546 4255 784 4315 ἐλπίδα.
845 4254 1062 4311 Τούτων
1119 4254 1353 4319 ἀκούσας
1403 4254 1608 4319 ἐκεῖνος
1666 4255 1757 4311 καὶ

81 4349 375 4426 ἀπογνοὺς
432 4348 500 4419 ἢν
556 4347 608 4420 ἐξ
668 4347 833 4404 αὐτοῦ
897 4347 1155 4423 βοήθειαν
1210 4344 1433 4416 ἤλπιζε,
1486 4347 1622 4423 πρὸς
1669 4347 1763 4402 τὸν

82 4438 284 4516 ’ἕτερον
344 4437 627 4514 πορεύεται
687 4435 850 4514 φίλον
886 4478 900 4506 ,
960 4435 1052 4490 καὶ
1111 4456 1244 4513 φησι
1278 4452 1292 4469 ·
1345 4435 1682 4509 Μὲμνησαι,
1715 4438 1759 4492 ὦ

89 4533 310 4607 ζταῖρε,
342 4527 475 4600 ὅσης
507 4526 829 4600 ἀπήλαυσας
869 4527 993 4599 παρ’
1027 4523 1163 4599 ἐμοῦ
1192 4532 1361 4599 τιμῆς
1406 4525 1495 4582 καὶ
1553 4527 1762 4602 εὐγνω-

1850 3289 1965 3345 que
2000 3271 2073 3327 ad
2105 3271 2387 3343 primum,
2411 3269 2800 3339 omniumque
2814 3267 3499 3324 aliorumcharissimum

1852 3362 2130 3423 amicum.
2157 3360 2230 3416 ad
2257 3377 2392 3416 eum
2414 3360 2498 3415 ait
2525 3376 2537 3414 :
2569 3360 2696 3414 Non
2720 3364 2776 3412 te
2806 3358 2973 3430 fugit,
3000 3375 3032 3413 o
3059 3356 3270 3426 amice,
3293 3371 3502 3428 quem-

1853 3450 2172 3508 admodum
2196 3454 2298 3507 tua
2325 3466 2504 3507 causa
2523 3448 2701 3504 vitam
2723 3464 2912 3504 meam
2940 3463 3175 3520 semper
3200 3447 3261 3502 in
3293 3444 3507 3503 discri-

1855 3559 1995 3599 men
2017 3541 2395 3609 adduxerim;
2419 3557 2579 3596 nunc
2601 3544 2801 3596 autem
2822 3538 3111 3595 hodierno
3134 3536 3505 3609 die,urgente

1857 3632 2232 3689 necessitate.
2267 3648 2376 3703 ope
2407 3636 2508 3687 tua
2534 3634 2713 3701 atque
2745 3628 2963 3685 auxilio
2991 3628 3249 3702 indigeo.
3283 3623 3507 3697 Ecquid

1858 3739 1993 3796 ergo
2017 3726 2070 3777 te
2094 3721 2239 3777 mihi
2262 3720 2483 3777 auxilio
2506 3719 2629 3775 fore
2662 3718 2963 3792 polliceris
2983 3718 3011 3774 ‘I
3039 3723 3098 3774 et
3139 3731 3414 3790 quaenam
3444 3714 3507 3769 in

1859 3816 1939 3880 te,
1954 3812 2040 3866 vir
2056 3810 2567 3882 charissime,spes
2589 3809 2737 3863 mihi
2763 3808 3085 3864 constituta
3106 3812 3196 3864 est
3209 3806 3506 3878 7Respon-

1862 3903 2009 3959 dens
2025 3908 2222 3958 autem
2240 3901 2365 3970 ille,
2387 3901 2469 3957 ait
2494 3918 2506 3956 :
2526 3900 2768 3956 Amicus
2791 3905 2926 3955 tuus
2947 3916 3067 3955 non
3082 3915 3233 3966 sum,
3254 3914 3286 3952 ο
3303 3897 3506 3968 homo,

1862 4009 1973 4050 nec
1995 3992 2095 4063 qui
2118 3992 2198 4047 sis
2220 3991 2377 4046 novi.
2403 3991 2551 4045 Sunt
2571 3989 2733 4045 enim
2754 3990 2902 4044 mihi
2924 3988 3026 4044 alii
3047 3987 3243 4055 amici,
3268 3986 3510 4057 quibus-

1866 4098 2001 4138 cum
2031 4081 2204 4135 hodie
2227 4079 2509 4135 oblectari
2533 4096 2626 4135 me
2654 4083 2904 4151 oportet,
2934 4092 3200 4148 quosque
3228 4074 3288 4128 in
3313 4079 3513 4145 poste-

1866 4187 1999 4226 rum
2022 4187 2127 4242 pro
2150 4169 2359 4225 amicis
2381 4168 2691 4224 habiturus
2725 4184 2877 4223 sum.
2911 4168 3101 4231 Quare
3135 4163 3248 4218 duo
3280 4166 3514 4217 tantum

1869 4260 2065 4317 cilicia
2096 4258 2201 4313 tibi
2233 4257 2488 4330 porrigo.
2517 4262 2583 4312 ut
2600 4274 2670 4312 ea
2698 4256 2761 4310 in
2783 4255 2875 4311 via
2901 4271 3018 4325 qua
3046 4252 3242 4324 pergis
3272 4249 3513 4317 habeas,

1870 4368 2001 4423 qua:
2026 4349 2205 4406 etiam
2226 4347 2354 4419 ipsa
2368 4347 2519 4402 nihil
2536 4346 2642 4401 tibi
2662 4343 3047 4400 emolumenti
3070 4341 3324 4397 allatura
3345 4343 3514 4406 sunt;

1869 4458 1979 4497 nec
2002 4444 2092 4495 est
2135 4436 2293 4509 quod
2319 4453 2354 4492 a
2382 4453 2477 4492 me
2520 4434 2845 4507 quidquam
2891 4436 3214 4503 exspectes.
3248 4430 3383 4483 Haec
3412 4427 3515 4482 ille

1870 4530 2140 4596 audiens,
2158 4527 2311 4583 acde
2339 4526 2579 4591 auxilio,
2597 4523 2752 4596 quod
2765 4523 2837 4578 ab
2865 4539 2933 4578 eo
2960 4518 3325 4593 expectabat,
3350 4533 3517 4588 spem

96 4595 376 4697 μοσύνης·
429 4595 679 4693 σήμερον
740 4614 819 4688 δὶ,
879 4595 1069 4691 θλίψει
1112 4595 1417 4693 περιπεσὼν
1474 4616 1562 4673 καὶ
1621 4595 1746 4691 συμ-

1918 4634 2108 4674 mnem
2130 4614 2522 4689 abjiciens,ad
2545 4612 2875 4669 secundum
2892 4611 3150 4667 amicum
3174 4624 3237 4664 se
3268 4606 3517 4679 confert,

94 4713 251 4787 φορᾷ
311 4706 563 4784 μεγίστῃ,
619 4705 816 4783 χρῄζω
875 4708 1154 4782 συνεργοῦ.
1197 4705 1371 4762 Πόσον
1404 4704 1497 4762 οὖν
1550 4705 1762 4783 ίσχύεις

103 4821 213 4874 μοι
243 4798 647 4876 συγκοπιάσαις
706 4794 765 4866 ἐζ
793 4795 963 4865 αὐτῆς
994 4794 1259 4872 γνώρισόν
1313 4817 1427 4870 μοι.
1471 4796 1531 4851 Ὠ
1562 4793 1620 4851 δὲ
1651 4818 1761 4871 φη-

110 4908 222 4944 σιν’
273 4888 356 4947 Ού
388 4883 656 4964 σχολάζω
714 4886 955 4961 σήμερον
1017 4883 1470 4962 συναγωνίσασθαί
1524 4905 1629 4941 σοι’
1669 4906 1761 4960 με·

112 4978 342 5056 ρίμναις
398 4978 501 5055 γάρ
548 4974 698 5054 κάγὼ
754 4975 845 5031 καὶ
902 4975 1247 5050 περιστάσεσι
1295 4976 1599 5051 περιπεσὼν
1635 5019 1651 5046 ,
1711 4974 1763 5031 ἐν

118 5067 308 5142 θλίψει
357 5063 496 5139 εἶμί.
532 5062 741 5142 Μικρόν
776 5060 821 5118 δ’
852 5063 1006 5137 ὅμως
1052 5058 1356 5118 συνοδεύσω
1388 5084 1495 5135 σοι,
1526 5065 1621 5119 κᾶν
1659 5087 1768 5138 μη-

114 5154 207 5214 δὶν
264 5153 545 5236 ὠφελήσω
602 5175 678 5210 σε·
737 5151 860 5226 καὶ,
920 5154 1111 5209 θᾶττον
1172 5153 1505 5229 ὑποστρέψας
1562 5151 1768 5225 οἴκαδε,

110 5252 237 5309 ταῖς
294 5243 462 5308 ἰδίαις
518 5238 716 5318 ἔσομαι
777 5240 1189 5319 ἀσχολούμενος
1243 5242 1771 5317 μερίμναις.Κεναῖς

112 5335 213 5394 οὖν
269 5342 522 5402 καγεῖθεν
584 5332 923 5411 ὑποστρέψας
992 5331 1181 5409 χερσὶν
1241 5332 1269 5387 ὁ
1326 5331 1611 5407 ἄνθρωπος
1682 5334 1775 5391 καὶ

117 5427 392 5483 πάντοθεν
473 5422 853 5502 ἀπορούμενος
911 5463 927 5491 ,
1021 5417 1330 5491 ἐταλᾶνιζεν
1418 5422 1604 5479 ἐαυτὸν
1675 5431 1775 5495 τῆς

116 5513 356 5595 ματαίας
407 5510 633 5580 ἐλπίδος
685 5516 793 5570 τῶν
848 5509 1183 5589 ἀγνωμόνων
1241 5512 1406 5570 αὐτοῦ
1460 5511 1657 5592 φίλων,
1688 5512 1780 5570 καὶ

195 5732 318 5807 (64)
345 5732 514 5791 Joan.
545 5744 670 5802 xm,
699 5729 769 5787 37
793 5723 924 5800 εΤὴν
954 5727 1142 5804 ψυχήν
1177 5730 1281 5801 μου
1311 5724 1443 5805 ὑπὲρ
1473 5728 1579 5811 φοῦ
1607 5727 1780 5803 θήσω.

1868 4708 1942 4765 ad
1975 4722 2230 4778 eumque
2253 4705 2368 4760 ait:
2406 4702 2756 4770 Recordare,
2797 4700 3006 4766 amice,
3050 4702 3339 4770 quantum
3359 4712 3396 4752 a
3422 4710 3518 4751 me

1870 4798 2119 4855 honoris
2142 4802 2201 4853 et
2222 4795 2647 4853 beneficiorum
2667 4792 2988 4865 acceperis.
3011 4789 3308 4846 Hodierno
3320 4792 3521 4844 autem

1875 4889 1970 4945 die
2002 4889 2065 4943 in
2095 4887 2415 4945 maximam
2458 4884 2857 4941 calamitatem
2895 4886 2955 4937 et
2991 4880 3353 4937 afﬁctionem
3383 4895 3523 4950 pro-

1874 4979 2102 5050 lapsus,
2162 4976 2515 5049 opitulatore
2575 4973 2773 5044 aliquo
2823 4988 2973 5043 opus
3011 4969 3221 5025 habeo.
3273 4966 3524 5033 Quidam

1877 5067 2058 5141 igitur
2074 5065 2167 5137 adj
2177 5066 2402 5121 umenti
2420 5080 2580 5119 nunc
2598 5060 2742 5117 mihi
2766 5062 2976 5117 afferre
2993 5057 3320 5130 quaeas,fac
3343 5056 3529 5113 sciam

1880 5157 1987 5212 llle
2003 5159 2203 5211 autem
2225 5153 2335 5210 ait:
2373 5152 2555 5209 Hodie
2578 5151 2725 5207 mihi
2748 5168 2854 5224 per
2866 5150 3105 5225 negotia
3120 5154 3317 5205 tecum
3341 5152 3533 5205 certa-

1884 5262 2022 5304 men
2050 5244 2249 5300 subire
2279 5243 2527 5298 minime
2561 5242 2721 5297 licet.
2755 5242 2923 5296 Curis
2957 5239 3118 5295 enim
3161 5243 3220 5294 et
3249 5238 3539 5294 sollicituo

1885 5335 2130 5391 dinibur
2165 5332 2431 5405 undique
2461 5348 2696 5405 urgeor,
2727 5336 2904 5401 atque
2934 5330 2998 5386 in
3027 5328 3353 5385 afﬂictione
3383 5343 3536 5384 sum.

1888 5425 2139 5483 Paulum
2171 5428 2372 5481 tamen
2402 5426 2599 5479 tecum
2629 5436 2892 5495 pergam,
2918 5418 3187 5493 quamvis
3215 5417 3369 5475 nihil
3400 5417 3540 5474 hinc
