3952 6202
179 441 278 496 981

1351 446 1524 498 νιΤΑ
1559 444 1911 501 ΒΔΒΒΔΔΜ
1948 447 2041 500 ΕΤ
2076 450 2414 505 JOASAPH.

3455 453 3565 512 982

187 564 334 635 ἡμῶν
359 561 731 639 ἐξερχομένων
762 567 858 618 τοῦ
887 564 1162 635 σώματος,
1197 559 1331 638 ὑπὲρ
1361 566 1521 636 ἡμῶν
1565 585 1624 620 τε
1673 563 1797 619 δυσ⁴

1973 569 2076 634 sci,
2110 587 2176 626 ac
2208 579 2412 629 nostra
2440 589 2618 630 causa
2680 576 2858 630 Deum
2908 573 3184 646 precibus
3235 573 3563 642 inﬂectere,

191 662 383 723 ωπῆσαι
412 655 503 709 τὸν
537 654 759 728 Κύριον,
791 655 879 708 καὶ
937 659 1041 708 τῶν
1104 653 1316 728 ἐχθρῶν
1372 657 1519 726 ἡμᾶς
1573 653 1807 727 λυτρού-

190 765 332 816 μενος
357 742 446 798 καὶ
479 741 668 798 δεινῶν
729 743 1077 821 φοροΛὸγων,
1137 748 1242 797 τῶν
1303 742 1621 817 λογοθέσιον
1673 747 1809 816 ἡμῖν

186 836 353 908 πικρὸν
386 833 438 887 ἐν
468 837 546 903 τῷ
599 832 714 907 ἀέρι
763 832 1080 904 κινούντων,
1139 832 1229 887 καὶ
1290 834 1656 907 χειρώσασθαι
1717 855 1805 887 πι-

186 926 311 996 κρῶς
341 921 666 992 ζητούντων.
699 922 873 983 Οὗτός
934 921 1072 976 ἐστιν
1108 923 1135 976 6
1166 921 1458 996 εὐγνώμων
1510 921 1670 999 φίλος
1716 925 1805 976 καὶ

187 1012 384 1086 ἀγαθὸς,
416 1014 446 1067 6
472 1017 620 1070 118
653 1013 740 1067 καὶ
771 1013 872 1080 τήν
920 1014 1114 1087 μικρὰν
1163 1015 1322 1085 ἡμῶν
1377 1014 1674 1089 εὐπραγίαν
1717 1013 1805 1068 ἐπὶ

190 1103 390 1176 μνήμης
422 1103 599 1179 φέρων
631 1102 721 1156 καὶ
754 1101 846 1156 σὺν
876 1100 1022 1174 τόκῳ
1052 1103 1187 1175 ἡμῖν
1219 1108 1389 1157 πᾶσαν
1423 1100 1739 1164 ἀποδιδούς.

245 1283 393 1338 ΚΕΦ.
429 1282 528 1338 ΙΔ’.
589 1280 753 1344 Αὖθις
811 1280 902 1336 οῦν
937 1282 965 1336 6
998 1280 1254 1360 Ἰωάσαφ,
1312 1281 1388 1339 Εῦ
1446 1303 1530 1337 σοι
1588 1283 1802 1356 γένοιτο

178 1371 309 1446 παρά
337 1371 535 1444 Κυρίου
564 1375 660 1425 τοῦ
692 1375 848 1439 Θεοῦ,
880 1369 926 1425 ὦ
983 1373 1262 1447 σοφώτατε
1305 1377 1413 1426 τῶν
1461 1373 1757 1445 ἀνθρώπων
1787 1376 1799 1430 l

175 1457 426 1538 εὔφρανας
458 1461 563 1535 γὰρ
601 1483 704 1532 μου
733 1462 832 1529 τὴν
864 1462 1049 1536 ψυχήν
1105 1466 1224 1525 τοῖς
1276 1459 1656 1530 καταλλήλοις
1705 1483 1800 1515 σου

170 1551 250 1604 καὶ
281 1550 522 1622 ἀρίστοις
551 1549 778 1625 ῥήμασι.
811 1553 1114 1625 Τοιγαροῦν
1167 1549 1514 1604 ἀνατύπωσόν
1566 1571 1663 1622 μοι
1710 1549 1800 1604 καὶ

169 1634 240 1693 ἔτι
272 1637 453 1693 εἶκόνα
476 1645 577 1708 τῆς
613 1639 974 1710 ματαιότητος
1003 1644 1100 1694 τοῦ
1151 1639 1382 1710 κόσμου,
1442 1639 1532 1693 καὶ
1576 1644 1691 1702 πῶς
1741 1639 1801 1695 ἄν

165 1750 241 1790 τις
273 1727 323 1782 ἐν
356 1727 550 1802 εἷρίνῃ
583 1727 672 1782 καὶ
703 1727 973 1806 ἀσφαλείᾳ
990 1733 1182 1783 τοῦτον
1213 1726 1442 1786 διέλθοι.

231 1901 548 1963 Ἀναλαϐὼν
579 1904 636 1961 δὲ
663 1907 756 1963 τὸν
789 1907 950 1983 λόγον
986 1908 1013 1962 6
1045 1908 1314 1983 Βαρλαᾶμ
1353 1905 1481 1982 ἕφη⁶
1528 1913 1795 1963 ’Ἄκουσον

155 1997 246 2050 καὶ
269 1994 468 2050 τούτου
498 1994 564 2064 δὴ
588 2001 684 2052 τοῦ
713 1993 1111 2073 προϐλήματος
1143 1997 1430 2070 ὁμοίωσιν.
1463 1995 1631 2051 Πόλιν
1679 1999 1799 2052 τινὰ

153 2085 446 2158 μεμάθηκα
482 2086 750 2160 μεγάλην,
778 2090 844 2156 ἧς
877 2089 928 2142 οἳ
985 2085 1210 2142 πολῖται
1256 2087 1512 2157 τοιαύτην
1568 2087 1800 2158 ἐσχήκε-

151 2197 248 2231 σαν
304 2174 537 2233 ἔκπαλαι
597 2180 901 2248 συνήθειαν,
974 2178 1038 2232 τὸ
1112 2175 1570 2250 ἐπιλαμϐάνεσθαι
1648 2177 1796 2251 ξένου

148 2267 303 2328 τινὸς
331 2268 417 2321 καὶ
449 2268 736 2342 ἀγνώστου
783 2266 1000 2342 ἀνδρὸς,
1063 2265 1232 2340 μηδὲν
1289 2273 1396 2323 τῶν
1456 2267 1638 2340 νόμων
1697 2276 1798 2338 τῆς

146 2355 370 2418 πόλεως
402 2359 487 2411 καὶ
522 2355 871 2433 παραδόσεων
905 2357 1053 2420 ὅλως
1109 2357 1489 2430 ἐπισταμένου,
1533 2359 1624 2412 καὶ
1669 2363 1798 2414 τοῦ-

137 2468 232 2501 τον
293 2447 528 2521 βασιλέα
583 2452 836 2519 καθιστᾷν
891 2448 1128 2514 ἑαυτοῖς,
1185 2449 1364 2520 πάσης
1450 2448 1798 2505 ἀπολαύοντα

136 2539 394 2611 ἐξουσίας
423 2539 651 2594 καὶτῶν
701 2539 865 2594 αὐτοῦ
925 2538 1251 2614 θελημάτων
1311 2539 1614 2602 ἀκωλύτως
1665 2540 1797 2616 ἐχό-

136 2650 333 2700 μενον,
373 2631 506 2704 ἄχρι
541 2627 994 2704 συμπληρώσεως
1025 2630 1354 2686 ἐνιαυσιαίου
1386 2633 1611 2706 χρόνου.
1659 2632 1792 2699 Εἶτ’,

1830 1954 1877 2016 Β

1916 664 2096 728 utque
2117 660 2188 715 ab
2213 662 2484 717 hostibus
2508 663 2728 718 nostris
2751 671 2809 717 et
2829 663 3141 718 horrendis
3165 663 3558 718 exactoribus.

1916 748 2012 816 qui
2045 748 2117 803 de
2139 751 2468 805 referendis
2489 753 2817 807 rationibus
2837 753 3111 808 acerbam
3143 751 3317 806 nobis
3338 751 3398 805 in
3426 767 3560 806 aere

1916 837 2082 892 litem
2117 847 2371 897 movent.
2404 858 2470 896 ac
2502 842 2824 896 crudeliter
2861 859 2970 897 nos
3001 843 3261 912 arripere
3310 846 3561 896 conten-

1917 925 2086 991 dunt,
2119 929 2373 984 liberare
2402 937 2615 1001 potest.
2649 932 2753 986 Hic
2810 932 3093 986 nimirum
3124 935 3214 986 est
3269 931 3558 986 candidus

1915 1015 2016 1070 ille
2065 1034 2132 1072 ac
2186 1020 2408 1088 probus
2439 1027 2497 1075 et
2525 1027 2724 1093 gratus
2782 1022 3023 1088 amicus,
3085 1021 3183 1091 qui
3228 1019 3558 1090 quamlibet

1917 1106 2092 1160 etiam
2125 1109 2398 1180 exiguum
2430 1110 2648 1166 bonum
2683 1117 2953 1166 nostrum
2984 1127 3131 1182 opus
3153 1110 3440 1165 memoria
3471 1114 3559 1165 te-

1915 1202 2035 1263 net,
2070 1213 2136 1251 ac
2165 1215 2300 1252 cum
2331 1198 2536 1255 fenore
2569 1201 2740 1256 nobis
2770 1201 2919 1256 illud
2941 1200 3232 1272 rependit.

1966 1289 2118 1343 -GAP.
2155 1288 2294 1343 XIV.
2328 1321 2395 1331 —
2425 1293 2680 1347 Rursum
2707 1293 2884 1364 igitur
2909 1293 3190 1363 Josaphat
3217 1291 3401 1346 dixit:
3437 1291 3559 1346 Uti-

1911 1392 2051 1431 nam
2077 1377 2178 1430 tibi
2202 1395 2235 1432 a
2265 1380 2514 1435 Domino
2538 1383 2655 1436 Deo
2677 1388 2772 1436 tuo
2793 1381 3193 1436 omniafausta
3219 1380 3559 1451 etjucunda

1911 1467 2051 1534 sint,
2107 1467 2420 1523 hominum
2469 1471 2924 1542 sapientissime.
2977 1470 3281 1540 Siquidem
3314 1469 3556 1540 optimis

1911 1556 2028 1611 tuis
2066 1558 2336 1628 aptisque
2368 1560 2744 1615 sermonibus
2792 1560 3060 1614 animum
3094 1575 3292 1613 meum
3325 1559 3556 1613 exhila-

1909 1647 2072 1701 rasti.
2103 1649 2385 1711 Quocirca
2413 1649 2688 1704 vanitatis
2711 1650 2888 1720 hujus
2911 1649 3115 1702 mundi
3145 1663 3380 1702 rursum
3402 1649 3555 1702 ima-

1909 1736 2106 1807 ginem
2136 1737 2282 1791 mihi
2316 1739 2600 1808 exprime,
2630 1743 2688 1792 et
2718 1755 2833 1809 qua
2861 1738 3089 1792 ratione
3113 1738 3264 1792 hanc
3285 1735 3461 1791 vitam
3489 1737 3550 1792 in

1909 1840 2052 1894 pace
2083 1841 2150 1879 ac
2179 1826 2494 1880 securitate
2525 1842 2836 1898 peragrare
2867 1842 3101 1896 queam.

1979 1914 2292 1984 Excipiens
2324 1915 2501 1987 igitur
2551 1932 2888 1970 sermonem
2947 1915 3237 1980 Barlaam,
3269 1914 3388 1969 ait:
3428 1914 3549 1968 Hu-

1901 2003 2072 2073 jusce
2104 2020 2339 2073 quoque
2371 2005 2715 2074 quaestionis
2765 2003 3217 2059 similitudinem
3250 2002 3407 2058 audi.
3444 2003 3550 2057 Ur-

1907 2093 2043 2146 bem
2076 2093 2394 2163 quamdam
2425 2111 2698 2166 magnam
2748 2094 3043 2148 exstitisse
3073 2093 3296 2164 accepi,
3328 2093 3388 2147 in
3435 2108 3553 2162 qua

1909 2183 2064 2236 cives
2095 2183 2205 2236 hoc
2235 2183 2296 2236 in
2329 2198 2493 2236 more
2533 2188 2710 2253 atque
2760 2183 3029 2236 instituto
3060 2183 3319 2252 positum
3369 2181 3550 2234 habe-

1907 2270 2070 2335 bant,
2105 2278 2169 2326 ut
2191 2273 2568 2344 peregrinum
2603 2271 2920 2341 quemdam
2955 2276 3012 2325 et
3038 2271 3304 2342 ignotum
3335 2271 3548 2336 virum,

1907 2377 1973 2415 ac
2004 2361 2198 2432 legum
2231 2367 2289 2415 et
2324 2361 2825 2416 consuetudinum
2874 2360 3126 2415 civitatis
3174 2359 3416 2414 omnino
3448 2373 3552 2413 ru-

1907 2450 2040 2504 dem
2073 2455 2130 2505 et
2159 2452 2430 2523 ignarum
2461 2451 2818 2522 acciperent,
2852 2467 3106 2521 eumque
3137 2449 3250 2504 sibi
3281 2448 3425 2521 ipsis
3456 2463 3553 2502 re-

1904 2556 2034 2607 gem
2058 2541 2509 2607 constituerent,
2533 2556 2718 2610 penes
2740 2556 2916 2609 quem
2939 2556 3046 2610 per
3061 2539 3238 2603 unius
3259 2538 3400 2594 anni
3422 2554 3552 2592 cur-

1904 2625 2159 2680 riculum
2191 2642 2389 2680 rerum
2423 2626 2690 2679 omnium
2722 2630 2982 2695 potestas
3003 2629 3178 2690 esset,
3219 2623 3442 2694 quique
3473 2622 3548 2678 li-

1904 2714 2044 2768 bere
2071 2719 2129 2768 et
2157 2715 2286 2769 sine
2314 2714 2436 2768 ullo
2468 2714 2895 2785 impedimento
2927 2713 3214 2783 quidquid
3242 2712 3438 2776 vellet,
3459 2712 3550 2765 fa-

1903 2811 2082 2860 ceret.
2119 2807 2257 2859 Post
2286 2811 2506 2872 autem,
2537 2804 2676 2858 dum
2708 2803 2811 2857 ille
2832 2803 2993 2858 omni
3016 2819 3260 2873 prorsus
3290 2817 3432 2856 cura
3455 2816 3548 2855 va-

1904 2911 2048 2948 cuus
2079 2895 2338 2966 degeret,
2367 2900 2543 2964 atque
2576 2894 2639 2947 in
2670 2893 2813 2947 luxu
2869 2898 2927 2948 et
2982 2891 3213 2947 deliciis
3265 2890 3391 2945 sine
3422 2888 3546 2944 ullo

1903 2989 2064 3038 metu
2096 2989 2448 3051 versaretur,
2500 2989 2972 3056 perpetuumque
2999 2981 3112 3036 sibi
3147 2996 3394 3052 regnum
3424 2978 3547 3034 fore
3621 3021 3628 3026 .

1904 3074 2286 3139 existimaret,
2313 3079 2557 3144 repente
2577 3073 2860 3128 adversus
2882 3088 3016 3127 eum
3040 3071 3433 3142 insurgentes,
3453 3085 3551 3122 re-

131 2717 403 2796 ἐξαίφνης
469 2720 518 2775 ἐν
579 2722 723 2794 πάσῃ
779 2722 948 2775 αὐτοῦ
1022 2726 1392 2798 τυγχάνοντος
1471 2720 1792 2794 ἀμεριμνίᾳ,

129 2810 466 2887 τρυφῶντάς
495 2831 554 2865 τε
580 2812 670 2865 καὶ
705 2809 1088 2873 σπαταλῶντος
1119 2809 1314 2880 ἀδεῶς,
1369 2811 1457 2865 καὶ
1506 2807 1791 2864 συνδιαιω-

122 2901 304 2969 νίζειν
331 2901 483 2974 αύτῷ
511 2905 610 2973 τήν
662 2902 937 2978 βασιλείαν
993 2905 1158 2959 εἰσαεὶ
1212 2901 1520 2970 δοκοῦντος,
1581 2901 1792 2976 ἐπεγει-

120 2993 374 3068 ρόμενοι
403 2997 520 3049 κατ’
579 2994 763 3064 αύτοῦ,
813 2996 900 3050 καὶ
957 2997 1056 3064 τὴν
1109 2996 1400 3071 βασιλικὴν
1460 2993 1792 3071 ἀφελόμενοι

124 3083 378 3154 στολὴν,
409 3084 617 3159 γυμνόν
676 3107 735 3141 τε
791 3087 890 3140 ἀνά
947 3092 1117 3141 πᾶσαν
1179 3080 1634 3159 θριαμϐεύσαντες
1691 3085 1790 3153 τήν

115 3173 335 3241 πόλιν,
371 3158 641 3248 ἐξόριστον
703 3174 948 3249 ἔπεμπον
998 3178 1075 3238 εἷς
1137 3158 1343 3249 μακρὰν
1401 3176 1792 3248 ἀπῳκισμένην

1973 3180 2178 3234 imque
2237 3163 2350 3234 ipsi
2406 3169 2624 3218 vestem
2657 3162 3057 3228 detrahentes,
3092 3176 3158 3215 ac
3190 3158 3416 3214 nudum
3447 3174 3554 3228 per

115 3265 215 3317 καὶ
261 3263 518 3338 μεγάλην
548 3265 668 3319 τινὰ
697 3273 882 3336 νῆσον,
935 3266 986 3321 ἐν
1036 3268 1093 3337 ᾖ,
1156 3270 1294 3338 μήτε
1353 3263 1650 3341 διατροφῆς
1699 3264 1790 3317 εὐ-

1973 3259 2090 3308 tam
2124 3253 2334 3307 urbem
2377 3258 2658 3323 tanquam
2702 3251 2761 3305 in
2795 3251 3163 3321 triumphum
3193 3253 3452 3320 agentes,
3487 3247 3550 3301 in

261 3321 271 3334 ι
353 3321 366 3338 ι
476 3321 486 3333 ι
752 3321 761 3335 ι
867 3321 882 3336 1
1039 3321 1093 3337 .n
1156 3321 1166 3338 ι
1218 3321 1228 3335 ι
1478 3321 1486 3341 I
1557 3321 1566 3341 ι
1607 3321 1648 3332 ι-

115 3357 329 3428 πορῶν
392 3355 531 3425 μήτε
586 3352 920 3428 ἐνδυμάτων,
977 3355 1027 3409 έν
1085 3354 1236 3427 λιμῷ
1313 3355 1401 3409 καὶ
1491 3353 1793 3428 γυμνότητι

1973 3359 2181 3415 agnam
2205 3341 2521 3413 quamdam
2541 3359 2608 3396 ac
2627 3341 2798 3412 longe
2819 3345 3106 3395 remotam
3134 3338 3392 3393 insulam
3415 3353 3550 3393 eum

116 3442 333 3504 δεινῶς
369 3443 756 3519 κατετρύχετο,
797 3452 898 3515 τῆς
947 3446 1074 3521 παρ’
1117 3441 1312 3499 ἐλπίδα
1359 3442 1606 3513 δοθείσης
1648 3441 1794 3514 αύτῷ

1973 3431 2260 3504 legabant,
2293 3433 2356 3486 in
2385 3448 2502 3502 qua
2533 3447 2642 3486 nec
2672 3431 2826 3485 victu
2857 3445 2965 3484 nec
3010 3427 3376 3483 indumentis
3408 3443 3547 3498 sup-

113 3538 356 3610 τρυφῆς
388 3531 478 3586 καὶ
508 3516 780 3606 θυμηδίας
809 3534 886 3598 εἷς
941 3516 1121 3605 λύπην
1173 3531 1322 3598 αὖθις
1369 3532 1457 3589 καὶ
1515 3533 1641 3606 παρ’
1699 3531 1791 3587 ἐλ-

1979 3520 2260 3584 tentibus,
2294 3519 2448 3575 fame
2480 3538 2548 3576 ac
2579 3519 2848 3575 nuditate
2878 3518 3212 3573 miserrime
3243 3516 3548 3588 premeba-

112 3620 268 3676 πίδα
297 3627 483 3676 πᾶσαν
512 3623 602 3678 καὶ
632 3621 958 3699 προσδοκίαν
995 3623 1415 3702 μεταμειιρθείση
1428 3644 1472 3686 ς.

1973 3626 2016 3678 r,
2047 3608 2346 3679 voluptate
2369 3609 2598 3664 scilicet
2627 3615 2804 3679 atque
2837 3607 3023 3662 animi
3061 3605 3380 3674 hilaritate,
3410 3622 3542 3675 quas

1898 3703 2116 3769 praiter
2138 3715 2304 3769 spem
2327 3699 2439 3770 ipsi
2462 3714 2744 3754 concessa
2760 3697 2975 3762 fuerat,
2996 3697 3057 3750 in
3075 3711 3390 3752 maerorem
3412 3710 3548 3749 rur-

1903 3804 2003 3843 sus
2040 3794 2256 3859 praeter
2289 3805 2455 3860 spem
2499 3805 2739 3844 omnem
2773 3793 2833 3843 et
2870 3785 3369 3858 expectattionem
3405 3800 3571 3840 com-

1900 3882 2146 3933 mutata.

1976 3969 2234 4040 Contigit
2259 3985 2396 4041 ergo
2419 3974 2485 4023 ut
2506 3986 2613 4040 pro
2636 3969 2882 4039 antiquo
2904 3966 3120 4023 civium
3138 3967 3378 4022 illorum
3403 3984 3568 4023 more

1905 4062 2083 4128 atque
2108 4057 2498 4122 instituto,vir
2520 4058 2763 4128 quidam
2788 4073 3002 4129 magno
3033 4055 3254 4126 ingenii
3285 4056 3561 4112 acumine

1906 4147 2190 4218 praeditus
2211 4147 2284 4202 ad
2309 4163 2554 4219 regnum
2580 4148 2992 4203 ascisceretur.
3017 4146 3124 4209 Qui
3148 4143 3346 4199 statim
3369 4143 3564 4198 subita

1909 4253 1978 4292 ea
1998 4236 2301 4301 felicitate,
2324 4253 2454 4307 qua)
2475 4237 2587 4306 ipsi
2607 4237 2914 4306 obtigerat,
2931 4233 3087 4288 haud
3105 4248 3402 4304 quaquam
3416 4248 3564 4301 pra)-

1908 4343 2047 4397 ceps
2080 4325 2383 4396 abreptus,
2409 4343 2517 4380 nec
2539 4341 2743 4380 eorum
2767 4325 2869 4394 qui
2892 4327 3025 4378 ante
3049 4339 3111 4377 se
3133 4320 3356 4392 regiam
3379 4319 3564 4391 digni-

1912 4423 2092 4472 tatem
2115 4417 2523 4480 obtinuerant,
2558 4416 2892 4484 misereque
2912 4415 2962 4485 ej
2974 4413 3086 4468 ecti
3116 4414 3372 4480 fuerant,
3393 4412 3564 4466 incu-

203 3983 373 4036 Κατᾶ
398 3982 462 4036 τὸ
490 3983 982 4058 παρακολουθῆσαν
1010 3985 1192 4041 τοίνυν
1226 3982 1345 4048 ἔθος
1393 3989 1499 4040 τῶν
1554 3984 1796 4040 πολιτῶν

123 4070 395 4142 ἐκείνων,
445 4075 836 4149 προεχειρίσθη
895 4096 978 4138 τις
1037 4075 1173 4149 ἀνὴρ
1225 4075 1300 4139 εἷς
1355 4077 1454 4144 τὴν
1519 4073 1795 4151 βασιλείαν

123 4163 302 4216 119
335 4162 540 4217 συνέσει
582 4162 772 4238 πολλῇ
829 4165 919 4219 τὸν
989 4163 1256 4239 λογισμὸν
1317 4164 1626 4238 κατάκομον
1687 4169 1798 4238 (67)

124 4248 320 4324 ἔχων,
357 4250 415 4312 ὃς
446 4251 635 4307 αὐτίκα
668 4255 744 4326 μή
798 4253 1187 4327 συναρπασθεὶς
1239 4258 1308 4327 τῇ
1359 4253 1607 4330 ἐξαίφνης
1655 4253 1800 4325 αὐτῷ

123 4341 534 4418 προσπεσούσῃ
575 4342 822 4414 εὖθηνίᾳ,
887 4341 1024 4416 μηδὲ
1079 4347 1186 4398 τῶν
1227 4338 1802 4418 προϐεϐασιλευκότων

124 4434 227 4486 καί
265 4431 484 4493 ἀθλίως
545 4427 923 4502 ἐκϐληθέντων
979 4434 1077 4502 τὴν
1136 4430 1462 4506 ἀμεριμνίαν
1525 4430 1801 4502 ζηλώσας,
1912 4427 2092 4472 tatem
2115 4427 2523 4480 obtinuerant,
2558 4427 3368 4512 miserequeejecuauer‘ant,

130 4521 498 4595 ἐμμέριμνον
531 4521 649 4596 εἶχε
673 4521 761 4576 καὶ
822 4520 1108 4597 ἐναγώνιοι
1165 4523 1263 4590 τήν
1321 4522 1507 4596 ψυχὴν
1566 4526 1682 4583 πῶς
1743 4519 1797 4575 ἄν

1973 4523 2063 4562 am
2096 4507 2384 4572 imitatus,
2409 4505 2606 4560 animo
2630 4504 2804 4558 anxio
2823 4519 2890 4557 ac
2921 4501 3176 4556 sollicito
3201 4500 3260 4555 id
3281 4500 3560 4573 agitabat,

129 4612 203 4666 τὰ
237 4612 371 4666 κατ’
400 4610 562 4666 αὐτὸν
592 4609 649 4666 εῦ
681 4609 946 4666 διάθοιτο.
979 4613 1061 4684 Τῇ
1094 4614 1269 4687 συχνῇ
1303 4607 1361 4664 δὲ
1395 4610 1596 4685 μελέτῃ
1653 4612 1797 4685 ἀκρι-

1973 4612 2176 4650 lonam
2209 4601 2382 4666 pacto
2413 4594 2589 4648 rebus
2613 4593 2736 4648 suis
2767 4593 2987 4664 Optime
3018 4590 3378 4646 consuleret.
3414 4591 3563 4644 Dum

134 4696 500 4773 ϐιησάμενος,
565 4696 700 4776 ἔγνω
761 4697 850 4755 διά
905 4721 1050 4764 τινος
1109 4697 1425 4778 σοφωτᾶτου
1487 4695 1797 4773 συμϐοῦλου

1973 4701 2052 4757 'go
2069 4685 2276 4740 crebra
2299 4683 2682 4738 meditatione
2701 4683 2825 4737 haec
2845 4698 3043 4736 secum
3056 4685 3334 4748 versaret,
3353 4696 3459 4751 per
3480 4695 3567 4734 sa-

132 4793 240 4862 τὴν
279 4793 576 4861 συνήθειαν
607 4795 716 4845 τῶν
748 4788 1014 4861 πολιτῶν,
1049 4791 1137 4845 καὶ
1193 4791 1284 4844 τὸν
1341 4790 1510 4845 τόπον
1567 4797 1666 4859 τῆς
1727 4787 1797 4844 δι-

1973 4775 2360 4830 Lentissimum
2410 4773 2726 4844 quemdam
2759 4771 3167 4827 consiliarium
3194 4811 3207 4838 ,
3242 4769 3313 4825 de
3343 4768 3562 4824 civium

134 4885 386 4949 ηνεκοῦς
413 4879 643 4955 ἐξορίας·
679 4880 828 4941 ’ὁπως
884 4902 943 4935 τε
1000 4881 1110 4955 χρὴ
1171 4877 1359 4934 ἑαυτὸν
1413 4878 1797 4956 ἀσφαλίσασθαι

1973 4865 2350 4920 msuetudine
2373 4879 2440 4917 ac
2463 4863 2732 4934 perpetui
2757 4861 2946 4916 exsilii
2977 4860 3107 4914 loco
3125 4859 3344 4914 certior
3372 4858 3562 4912 factus

137 4968 412 5033 ἀπλανῶς
446 4967 734 5044 ἐδιδάχθη.
770 4971 934 5026 Ταῦτ’
985 4948 1078 5023 οῦν
1117 4969 1192 5031 ὡς
1240 4968 1402 5042 ἐγνω,
1456 4948 1545 5023 καὶ
1587 4968 1668 5024 ὅτι
1729 4967 1797 5024 δέ

1973 4959 2028 5018 ιι,
2063 4970 2317 5024 quonam
2353 4959 2522 5024 pacto
2557 4953 2682 5006 sine
2708 4951 2828 5006 ullo
2847 4967 3045 5005 errore
3070 4949 3196 5020 ipse
3219 4948 3328 5003 sibi
3361 4963 3564 5003 cavere

137 5059 308 5114 αὐτὸν
349 5060 479 5114 ὅσον
514 5057 670 5114 οὔπω
709 5058 920 5129 ἐκείνην
976 5054 1412 5130 καταλαμϐάνειν
1469 5061 1568 5127 τήν
1615 5061 1797 5128 νῆσον,

1973 5043 2162 5098 aberet
2180 5041 2495 5096 intellexit.
2517 5041 2659 5094 Cum
2685 5040 2860 5110 igitur
2878 5040 2987 5093 hoc
3008 5037 3568 5111 cognovisset,futu-

1918 5147 2170 5201 rumque
2195 5148 2375 5202 prope
2391 5131 2546 5185 diem
2563 5135 2628 5183 ut
2648 5128 2720 5183 ad
2738 5129 2898 5184 illam
2917 5127 3173 5182 insulam
3192 5127 3567 5198 ablegaretur

139 5151 241 5218 τήν
307 5147 363 5204 δ’
410 5149 705 5218 ἐπίκτητον
759 5150 961 5219 ταύτην
1018 5148 1107 5202 καὶ
1166 5146 1464 5222 ἀλλοτρίαν
1528 5147 1804 5222 βασιλείαν

142 5238 480 5312 ἀλλοτρίοις
547 5239 698 5303 αὖθις
743 5237 1197 5310 καταλιμπάνειν,
1257 5237 1467 5308 ἀνοίξας
1525 5237 1653 5302 τοὺς
1710 5250 1797 5309 θη-

1973 5238 2092 5292 ,que
2119 5219 2506 5275 adventitium
2531 5217 2678 5273 illud
2701 5224 2759 5272 et
2777 5217 3039 5273 alienum
3053 5233 3302 5288 regnum
3318 5215 3450 5270 aliis
3471 5231 3565 5270 re-

215 5371 336 5440 (67)
366 5367 798 5440 Constantinus
832 5367 977 5440 Man.
1014 5367 1241 5440 Chron.
1265 5383 1393 5438 pag,
1431 5369 1529 5419 109
1556 5384 1567 5420 :
1598 5366 1788 5438 χάρισι

1973 5385 2150 5434 ιομος.
2185 5367 2309 5420 Jam
2359 5369 2578 5440 noster.
2612 5380 2669 5434 p.
2704 5365 2791 5440 29,
2829 5363 2925 5440 l_8._
2960 5357 3103 5440 πάση
3157 5358 3358 5412 συνέσει
3389 5359 3562 5440 κατοξ-

139 5413 336 5512 κομωί
366 5437 634 5512 λογισμὸν
649 5438 822 5512 dixit.
848 5439 1038 5512 _lsaac.
1069 5413 1512 5512 Porphg'rgge‘n.
1577 5413 1648 5493 όέ
1676 5423 1976 5512 pruriam,
2011 5413 2248 5512 narrato
2275 5413 2860 5512 Achillis_acrpria:mi
2893 5433 2965 5512 de
2997 5413 3309 5512 Polyxenia
3339 5432 3564 5512 nuptiis

140 5461 204 5492 κο
262 5461 327 5492 ον
367 5461 634 5512 Λογισμυν
655 5461 822 5493 ωιιι.
859 5461 1038 5492 Ιδᾶἱίυ.
1072 5461 1512 5509 rol'puyrogeu.
1577 5461 1648 5493 υε
1676 5461 1791 5509 pra‘

140 5461 479 5583 c—oiioquio,
506 5510 667 5583 quod
695 5509 921 5583 Paridis
948 5509 1196 5583 perﬁdia
1228 5511 1406 5583 rupit,
1432 5507 1698 5583 ἐντεῦθεν,
1730 5510 1786 5583 ai

1973 5483 1976 5499 ,
2012 5461 2248 5492 narratu
2275 5461 2518 5490 ncuuus
2550 5461 2616 5489 ut)
2651 5461 2860 5505 pl'lauu
2893 5461 2965 5487 uc
2997 5461 3309 5501 ι-υιιλῠιιω
3340 5461 3417 5485 uu
3469 5461 3564 5487 L113

1973 5512 2058 5570 84,
2095 5505 2164 5561 δι’
2190 5507 2445 5576 ἀληθείας
2476 5505 2585 5583 τῆς.
2605 5507 2831 5576 φονικῇς
2861 5501 3063 5583 ταύτης
3110 5502 3284 5556 αὐτῶν
3315 5461 3564 5557 στνεςκεύ·

141 5603 310 5654 σεως,
333 5573 377 5637 ’ὁ
409 5573 658 5653 Πρίαμος
685 5581 788 5654 Δκαί
821 5573 1132 5654 διάίταῦτα
1158 5582 1185 5634 ὁ
1215 5573 1401 5654 γέρων
1423 5580 1450 5633 6
1483 5573 1694 5643 ἄθλιος
1725 5573 1889 5654 ἐντὸς⁸
1932 5579 2149 5654 εἷ’σῇλθε
2204 5573 2369 5633 πάλιν
2425 5582 2520 5631 τοῦ
2552 5573 2848 5654 ἄστεως-τῇ
2880 5573 3028 5654 λυπῃ
3062 5576 3434 5654 ’κατάκομοςκ
3457 5579 3562 5629 Pro

140 5651 210 5730 δι’
249 5647 525 5730 ἀληθείας
558 5647 654 5730 est
681 5649 1028 5720 διαληθείσας
1059 5654 1120 5708 in
1176 5647 1332 5730 c6d._
1368 5655 1508 5730 317_;
1570 5655 1726 5710 unde
1785 5650 1797 5706 ί

1973 5652 2158 5730 δείσης,
2183 5652 2341 5723 quod
2394 5656 2484 5706 est
2512 5651 2820 5730 sententia:
2870 5647 3268 5730 aptissimum,
3327 5647 3560 5730 faciam,

137 5728 338 5799 idque
361 5722 568 5783 facile.
605 5727 752 5799 Nam
777 5745 811 5788 τε
847 5731 904 5781 et
932 5731 1292 5799 opermutat
1320 5725 1683 5799 iotacismus,
1719 5726 1876 5799 quod
1899 5726 2025 5797 jam
2060 5722 2253 5799 _fuit’a
2282 5723 2768 5799 mesmpissime‘
2810 5722 3104 5799 monitum
3136 5729 3196 5775 et
3224 5722 3560 5799 terminatio

131 5785 249 5869 σηξ
276 5801 406 5856 alio
426 5799 571 5872 loco
589 5785 859 5871 ejusdem
887 5785 1108 5855 codicis
1138 5798 1284 5854 abiit
1305 5799 1369 5854 in
1399 5815 1515 5870 σας,
1539 5785 1795 5872 υὺὶίρὲο

1973 5816 1978 5849 ι
2008 5797 2164 5854 edito
2195 5785 2568 5870 πυρσωθείσῇς
2593 5813 2650 5868 p,
2675 5796 2798 5863 302,
2833 5793 3111 5850 librarius
3142 5790 3378 5862 scripsit
3404 5785 3558 5843 male

129 5871 564 5956 πυρσωθείσας.
