4000 6202
501 397 613 456 983
2033 397 2399 455 ADDENDA.
3704 402 3777 458 Μ

520 523 843 593 linqueret,
876 518 1186 591 patefactis
1235 517 1528 574 thesauris
1559 519 1703 587 suis,
1738 535 1989 589 quorum
2023 523 2160 575 tunc
2191 585 2192 593 γ

2300 523 2508 593 ἀυροὺς
2538 523 2705 579 αὐτοῦ
2731 524 2906 597 ὦνπερ
2932 542 3069 584 τεως
3127 521 3403 595 ἀνειμένην
3449 519 3551 596 εἶχε
3584 522 3653 575 καὶ
3690 524 3782 577 σκώο

521 616 863 682 promptum
886 625 953 664 ac
971 608 1223 663 liberum
1243 625 1416 664 usum
1438 607 1966 679 habebat,aurique
1986 614 2161 680 atque

2300 632 2442 666 .utov
2471 614 2572 683 τὴν
2622 620 2845 689 χρῆσιν,
2901 612 2991 668 καὶ
3050 606 3237 667 λαϐὼν
3304 608 3581 686 χρημάτων
3628 609 3790 683 πλῆθος,

515 700 764 773 argenti,
788 716 857 754 ac
894 698 1289 770 pretiosorum
1334 697 1601 769 lapidum
1636 698 1860 770 ingenti
1887 697 2043 752 mole
2073 700 2165 752 fa-

2300 706 2482 776 [ρυσοῦ
2512 723 2571 757 τε
2597 705 2683 758 καὶ
2719 701 2954 779 ἀργύρου
2996 702 3085 757 καὶ
3140 700 3312 755 λίθων
3366 699 3548 772 τιμίων
3591 697 3793 771 ἁδρότητα

515 789 697 844 mulis
719 787 1099 859 quibusdam,
1123 804 1272 857 quos
1306 786 1625 842 ﬁdissimos
1647 787 1920 853 habebat,
1951 786 2167 840 tradita

2300 786 2458 864 ἔγκον,
2513 795 2859 856 πιστοτάτοις
2922 789 3199 868 παραδοὺς
3258 784 3498 857 οἰκέταις,
3546 788 3608 849 είς
3658 788 3797 859 ἐκείνην

515 879 591 934 ad
623 895 752 933 eam
784 878 1043 932 insulam
1066 878 1138 932 ad
1158 893 1337 948 quam
1362 876 1749 933 abducendus
1773 882 1900 932 erat
1929 875 2169 946 praemi-

2300 882 2645 957 τροὲπεμψεν,
2678 883 2754 946 εἷς
2783 886 2850 953 ἣν
2883 880 3115 957 ἔμελλεν
3166 881 3472 953 ἀπάγεσθαι,
3521 885 3671 947 νῆσον.
3713 885 3799 932 Συν·

521 968 616 1022 sit.
639 968 911 1022 Vertente
933 972 1130 1021 autem
1150 982 1308 1021 anno
1332 967 1509 1035 cives,
1533 972 1833 1022 commota
1852 965 2169 1033 seditione,

2300 968 2622 1035 τελεσθέντος
2655 970 2714 1028 δὲ
2765 978 2863 1028 τοῦ
2921 972 3308 1047 ἒμπροθέσμου
3366 967 3605 1036 ἐνιαυτοῦ,
3651 971 3804 1022 «tumi-

516 1056 749 1113 nudum
778 1073 936 1125 eum,
971 1056 1473 1126 quemadmodum
1508 1056 1843 1128 superiores
1876 1070 2065 1126 reges,
2108 1054 2169 1107 in

516 1147 792 1203 exsilium
818 1148 1130 1201 miserunt.
1165 1149 1246 1201 Ac
1278 1147 1473 1202 caeteri
1506 1144 1747 1216 quidem
1790 1150 2080 1210 amentes,
2115 1148 2173 1198 et

516 1236 711 1292 brevis
730 1236 1015 1308 temporis
1036 1235 1580 1309 reges,gravissima
1599 1235 1754 1290 fame
1776 1233 2131 1289 laborabant
2155 1249 2167 1287 :

521 1329 625 1384 ille
652 1335 859 1384 contra
890 1328 990 1399 qui
1027 1344 1169 1399 opes
1204 1344 1340 1383 suas
1370 1328 1759 1398 praemiserat,
1793 1325 1856 1379 in
1887 1330 2173 1395 perpetua

516 1435 718 1475 rerum
750 1419 921 1489 copia
941 1418 1119 1471 vitam
1145 1416 1389 1487 ducens,
1424 1422 1600 1486 atque
1622 1414 1857 1469 inﬁnita
1874 1412 2173 1485 voluptate

514 1510 741 1575 fruens,
806 1506 1170 1577 perfidorum
1203 1523 1271 1561 ac
1337 1506 1695 1561 sceleratum
1742 1504 1955 1559 civium
2013 1508 2175 1557 metu

518 1613 762 1670 prorsus
793 1595 1049 1667 abjecto,
1082 1595 1516 1667 sapientissimi
1551 1594 1783 1650 consilii
1817 1593 1906 1648 sui
1935 1593 2175 1648 nomine

523 1687 767 1742 beatum
800 1701 861 1740 se
884 1684 1263 1757 praedicabat.

602 1777 704 1831 llic
726 1792 901 1847 porro
925 1792 1031 1847 per
1050 1776 1350 1830 civitatem
1367 1791 1584 1831 vanum
1615 1775 1773 1830 hunc
1790 1779 1967 1845 atque
1990 1773 2179 1844 impo-

533 1872 755 1923 storem
770 1865 1057 1921 mundum
1077 1866 1482 1937 intellige.Per
1493 1867 1647 1921 cives
1663 1871 1861 1922 autem
1879 1864 2178 1936 principa-

532 1961 626 2011 tus
650 1961 706 2011 et
725 1960 1043 2027 potestates
1060 1955 1495 2019 daamonum,ac
1514 1955 1719 2010 mundi
1744 1960 2003 2009 rectores
2027 1958 2185 2007 tene-

530 2046 773 2101 brarum
796 2046 974 2116 hujus
1006 2044 1229 2111 seaculi,
1252 2045 1352 2115 qui
1376 2061 1485 2099 nos
1510 2062 1617 2116 per
1646 2044 1963 2114 voluptatis
1987 2042 2187 2097 molli-

528 2137 671 2190 tiem
694 2136 1169 2203 inescant,atque
1210 2134 1271 2188 in
1305 2135 1574 2189 animum
1597 2133 1772 2188 nobis
1807 2132 2097 2187 inducunt
2125 2136 2191 2185 ut

544 2226 613 2280 de
628 2224 807 2278 rebus
820 2223 1056 2278 caducis
1071 2223 1655 2291 etinterituris,velut
1669 2220 2189 2277 deimmortalibus

537 2314 882 2385 cogitemus,
915 2318 1199 2383 tanquam
1255 2312 1484 2367 scilicet
1524 2328 1727 2367 earum
1758 2312 1984 2367 fructus
2018 2310 2190 2365 nobis

536 2407 861 2474 perpetuus
884 2418 950 2457 ac
982 2402 1381 2472 sempiternus
1397 2401 1633 2456 futurus
1652 2401 1899 2456 sit.Cum
1920 2400 2098 2473 igitur
2117 2398 2192 2454 ad

541 2491 702 2546 hunc
725 2491 969 2547 modum
993 2491 1225 2562 decepti
1252 2497 1429 2562 atque
1452 2491 1513 2546 in
1535 2490 1804 2546 fraudem
1827 2489 2069 2562 impulsi
2094 2506 2191 2544 su-

547 2597 819 2641 mus,nec
832 2580 902 2635 de
918 2580 1095 2635 certis
1109 2580 1228 2635 illis
1242 2597 1309 2635 ac
1324 2581 1701 2651 sempiternis
1724 2579 1914 2635 ullum
1929 2595 2193 2649 unquam

540 2668 859 2724 consilium
877 2668 1260 2737 iniimus,nec
1283 2668 1456 2722 nobis
1474 2668 1534 2722 in
1548 2667 1813 2722 futurum
1827 2685 2011 2722 aevum
2029 2667 2196 2737 quid-

538 2772 718 2829 quam
732 2757 1553 2828 recondidimus,repentinus
1575 2757 1748 2811 nobis
1761 2757 1970 2812 mortis
1988 2756 2197 2811 interi-

547 2852 641 2903 tus
666 2847 889 2919 ingruit
909 2850 1091 2919 (Prov.
1120 2854 1177 2914 ι).
1211 2850 1286 2902 At
1310 2853 1434 2902 tum
1468 2846 1707 2901 demum
1729 2848 1920 2903 nudos
1952 2863 2081 2913 nos,
2108 2851 2194 2901 at-

545 2954 658 3009 que
672 2937 950 2993 omnibus
982 2938 1164 3009 hujus
1184 2938 1314 2991 vitae
1336 2937 1514 2992 rebus
1537 2937 1819 3009 spoliatos
1840 2936 2094 3009 improbi
2110 2936 2199 2990 illi

546 3045 613 3083 ac
637 3028 771 3083 saevi
794 3027 1175 3083 tenebrarum
1199 3028 1353 3082 cives
1368 3027 1820 3098 accipientes,ut
1840 3028 1940 3097 qui
1967 3033 2198 3097 tempus

555 3117 678 3172 illis
696 3134 870 3173 omne
893 3116 1388 3188 impenderimus,
1414 3116 1474 3171 in
1499 3122 1717 3172 terram
1743 3116 2119 3171 tenebrosam
2144 3104 2219 3170 etv

543 3207 859 3265 obscuram
883 3206 1273 3275 abducunt,in
1296 3213 1513 3261 terram
1537 3207 1915 3277 sempiterna
1929 3206 2199 3277 caliginis

2278 1080 2464 1121 σαντες
2496 1061 2547 1114 οἱ
2577 1062 2802 1116 πολῖται
2850 1064 3059 1135 γυμνὸν
3119 1058 3301 1130 αὐτὸν,
3360 1057 3433 1118 ὡς
3482 1055 3560 1111 καὶ
3606 1054 3703 1117 τοὺς
3740 1058 3807 1127 πρὸ

2278 1148 2464 1217 αὐτοῦ,
2496 1153 2563 1223 τῇ
2622 1148 2801 1224 ἐξορίᾳ
2859 1150 3241 1226 παρέπεμψαν.
3300 1145 3366 1203 Οἱ
3422 1146 3509 1217 μὲν
3561 1142 3636 1199 οὖν
3682 1142 3810 1198 item):

2279 1237 2506 1308 ἀνόητοι
2539 1240 2630 1293 καὶ
2661 1241 2986 1313 πρόσκαιρον.
3050 1236 3295 1314 βασιλεῖς
3351 1233 3526 1297 δεινῶς
3577 1234 3811 1306 ελίμωςτον·

2279 1327 2307 1380 ὁ
2340 1324 2417 1397 δὲ,
2448 1328 2540 1383 τὸν
2569 1328 2806 1384 πλοῦτον
2842 1331 2996 1386 120
3051 1326 3489 1404 προαποθὲμενος
3536 1321 3718 1393 ἐκεῖνον,
3761 1322 3814 1376 sie

2282 1417 2443 1488 θηνίᾳ
2494 1414 2734 1489 διηνεκεῖ
2791 1422 2965 1488 συζῶν
3015 1417 3103 1472 καὶ
3157 1416 3367 1494 τρυφὴν
3427 1411 3666 1469 ἀδάπανον
3708 1407 3818 1485 ἔχων,

2281 1501 2449 1583 φόϐον
2505 1527 2566 1562 τε
2620 1506 2959 1563 παντάπασιν
3014 1506 3443 1578 ἀποσεισάμενος
3488 1507 3585 1557 τῶν
3651 1501 3817 1555 ἀτάκτων

2279 1595 2370 1649 καὶ
2398 1601 2654 1667 πονηρῶν
2678 1597 2949 1666 πολιτῶν,
3003 1602 3107 1665 τῆς
3170 1592 3487 1671 σοφωτάτης
3538 1590 3691 1646 ἑαυτὸν
3735 1587 3822 1661 ἱμα-

2282 1685 2496 1761 κάριζεν
2530 1681 2840 1748 εὐϐουλίας.

2353 1774 2523 1830 Πόλιν
2557 1772 2646 1829 οὖν
2680 1774 2789 1829 νόει
2826 1795 2917 1847 μοι
2949 1774 3042 1829 τὸν
3108 1771 3336 1846 μάταιον
3389 1775 3569 1827 τοῦτον
3618 1768 3691 1824 καὶ
3734 1770 3825 1822 ἀτι-

2286 1867 2458 1919 τεῶνα
2487 1864 2719 1937 κόσμον,
2752 1863 2988 1928 πολίτας
3018 1861 3076 1918 δὲ
3127 1862 3225 1924 τάς
3275 1861 3447 1937 ἀρχάς
3486 1859 3567 1915 καὶ
3609 1858 3689 1920 τὰς
3731 1857 3826 1926 ἔξω·

2295 1953 2409 2015 σίας
2438 1958 2543 2008 τῶν
2578 1951 2878 2027 δαιμόνων,
2909 1954 3037 2016 τοὺς
3066 1950 3512 2026 κοσμοκράτορας
3558 1953 3642 2005 τοῦ
3679 1948 3831 2006 σκότους

2293 2046 2390 2097 τοῦ
2422 2040 2619 2105 αἰῶνος
2647 2042 2846 2098 τούτου
2877 2046 3010 2115 (68),
3063 2041 3193 2103 τοὺς
3257 2038 3593 2109 δελεάζοντας
3644 2039 3755 2108 ἡμᾶς
3783 2038 3832 2104 τῷ

2297 2131 2431 2204 λείῳ
2462 2134 2559 2201 τῆς
2587 2129 2812 2202 ἡδόνῆς,
2842 2131 2933 2186 καὶ
2979 2131 3053 2194 ὡς
3101 2132 3229 2207 περὶ
3280 2129 3558 2207 ἀφθάρτων
3608 2126 3837 2196 ὑποτιθεμέ-

2297 2242 2423 2282 νους
2476 2218 2805 2285 διανοεῖσθαι
2858 2224 2965 2276 τῶν
3024 2221 3279 2299 φθαρτῶν
3334 2217 3424 2273 καὶ
3506 2217 3752 2292 ἰπικήρων,
3790 2213 3834 2271 ὡς

2300 2310 2391 2366 at:
2421 2308 2939 2381 συνδιαιωνιζούσης
2966 2312 3102 2383 ἡμῖν
3150 2308 3245 2364 καὶ
3307 2308 3534 2364 ἀθάνατα
3580 2312 3665 2377 τῆς
3700 2302 3836 2359 τούτων

2303 2400 2759 2477 συνυπαρχούσης
2813 2398 3189 2462 ἀπολαύσεως.
3254 2398 3445 2460 Οὕτως
3501 2395 3584 2452 οὖν
3633 2393 3842 2462 ἀππηθένο

2300 2509 2408 2544 των
2429 2492 2589 2563 ἡμῶν
2614 2489 2705 2545 καὶ
2751 2486 3023 2563 μηδεμίαν
3081 2485 3209 2565 περί
3261 2492 3371 2543 τῶν
3434 2485 3655 2561 μονίμων
3697 2480 3840 2537 ἐκείνων

2301 2579 2391 2633 καὶ
2424 2580 2660 2633 αἰωνίων
2697 2576 3171 2653 βουλευσαμένων,
3225 2579 3371 2651 μήτε
3414 2597 3465 2632 τι
3509 2574 3844 2649 ταμιευσαμένων

2309 2667 2521 2729 ἑαυτοῖς
2551 2666 2627 2729 εἷς
2652 2667 2743 2722 τὸν
2777 2665 2975 2732 ἐκεῖθεν
3004 2667 3145 2742 βίον,
3205 2663 3481 2743 αἰφνίδιος
3532 2666 3649 2738 ἡμῖν
3696 2660 3842 2739 telm-

2301 2778 2389 2812 ται
2439 2752 2669 2832 ὄλεθρος
2702 2758 2857 2813 ὁτοῦ
2915 2757 3166 2821 θανάτου.
3227 2756 3366 2811 Τότε
3418 2753 3483 2824 δὴ
3536 2755 3643 2809 τότε
3686 2748 3846 2825 γυμνοδς

2304 2848 2452 2919 ἡμᾶς
2483 2850 2591 2901 τῶν
2625 2844 2862 2911 ἐντεῦθεν
2897 2846 2947 2901 οἱ
3005 2844 3243 2922 πονηροὶ
3298 2844 3391 2900 καὶ
3442 2842 3614 2918 πικροὶ
3653 2839 3845 2912 δεξάμενοι

2304 2934 2531 2991 πολῖται
2559 2938 2657 2991 τοῦ
2683 2936 2932 3003 σκότους,
2962 2935 3038 2999 ὡς
3088 2935 3320 2999 ἐκείνοις
3376 2936 3467 2990 τὸν
3524 2935 3697 2990 ἅπαντα
3736 2946 3848 3003 τρυσ-

2305 3024 2688 3089 αναλώσαντας
2750 3027 2973 3102 χρόνον,
3034 3026 3342 3102 ἀπάγουσιν
3404 3025 3480 3089 εἰς
3525 3026 3616 3100 γῆν
3654 3017 3847 3083 σκοτεινὴν

2306 3116 2397 3171 καὶ
2426 3117 2711 3193 γνοφεράν,
2735 3117 2811 3179 εἰς
2839 3123 2940 3193 γῆν
2973 3117 3201 3180 σκότους
3264 3114 3514 3185 αἳωνίου,
3568 3113 3622 3169 οὗ
3664 3111 3737 3165 οὐκ
3773 3104 3852 3193 {uti

2308 3190 2685 3284 φέγγος,-οὖδέ
2718 3190 3026 3281 ὁρᾷν-ζωήν
3063 3206 3281 3282 βροτῶν
3342 3209 3473 3277 (69).
3524 3195 3779 3274 Σύμϐουλον
3815 3190 3851 3245 δῖ

544 3298 649 3352 ubi
682 3297 781 3351 lux
813 3314 931 3351 non
964 3303 1197 3364 est,nec
1220 3296 1565 3351 mortalium
1596 3297 1773 3352 vitam
1806 3296 2025 3351 intueri
2058 3295 2192 3351 licet

2308 3294 2523 3371 ἀγαθὸν,
2554 3295 2646 3350 τὸν
2676 3295 2891 3365 τάληθῆ
2950 3299 3122 3354 πάντα
3175 3294 3525 3371 γνωρίσαντα
3576 3290 3653 3347 καὶ
3695 3290 3745 3342 τὶ
3783 3305 3855 3338 σω-

544 3388 687 3459 (Job.
703 3389 779 3457 ι).
794 3389 904 3442 Per
916 3386 1168 3458 probum
1191 3403 1324 3441 vero
1342 3386 1773 3454 consiliarium,
1793 3386 1891 3457 qui
1910 3386 2188 3457 prudenti

546 3494 614 3533 ac
645 3494 931 3548 perquam
988 3476 1240 3547 sapienti
1271 3476 1358 3530 illi
1390 3476 1510 3548 regi
1544 3476 1746 3531 omnia
1774 3492 1906 3530 vere
1937 3476 2188 3547 aperuit,

548 3583 616 3622 ac
647 3566 878 3621 sublata
915 3566 1168 3621 consilia
1197 3565 1459 3633 tradidit,
1484 3582 1577 3621 me
1610 3566 1785 3621 vilem
1815 3571 1874 3621 et
1902 3566 2191 3621 humilem

550 3655 983 3711 homunculum
1002 3655 1396 3726 intellige,qui
1421 3655 1537 3710 huc
1553 3655 1774 3711 idcirco
1799 3656 1994 3726 venio,
2011 3654 2193 3710 uttibi

549 3745 703 3801 viam
732 3745 950 3800 bonam
984 3751 1042 3799 et
1064 3745 1136 3799 ab
1160 3746 1323 3799 omni
1354 3761 1549 3801 errore
1573 3745 1822 3801 liberam
1853 3762 2194 3801 commons-

547 3840 722 3904 trem,
755 3839 931 3905 teque
979 3833 1053 3888 ad
1104 3835 1468 3905 sempiterna
1499 3840 1555 3889 et
1580 3852 1888 3905 nunquam
1916 3835 2198 3891 ﬁnienda

548 3924 710 3979 bona
731 3923 1056 3990 traducem,
1091 3924 1349 3996 illucque
1368 3924 1567 3980 omnia
1594 3931 1694 3979 tua
1708 3925 2032 3980 recondere
2064 3942 2196 3981 sua-

552 4014 723 4069 deam
755 4019 1080 4085 contraque
1106 4019 1160 4069 te
1191 4014 1263 4068 ab
1290 4014 1609 4085 impostore
1633 4015 1743 4068 hoc
1773 4015 1996 4069 mundo
2019 4015 2197 4070 abdu-

553 4121 703 4162 cam.
737 4105 920 4169 Quem
939 4104 1180 4175 quidem
1215 4105 1339 4176 ipse
1363 4121 1597 4175 quoque
1630 4104 1951 4175 aliquando
1985 4107 2199 4161 misere

558 4196 852 4260 amabam,
872 4197 1119 4268 ejusque
1140 4197 1469 4269 voluptates
1501 4203 1559 4253 et
1577 4197 2013 4254 oblectamenta
2043 4216 2201 4254 com-

549 4285 1166 4358 plectebar.Caaterum
1179 4304 1313 4342 cum
1326 4287 1501 4343 rectis
1516 4288 1733 4343 mentis
1746 4289 1932 4344 oculis
1945 4288 2211 4344 animad.

476 4434 479 4435 ν
550 4376 856 4431 vertissem
873 4375 1375 4446 quemadmodum
1398 4376 1459 4430 in
1474 4376 1566 4431 his
1580 4376 1756 4431 rebus
1770 4377 2044 4432 universa
2061 4394 2209 4433 mor-

553 4466 764 4521 talium
784 4466 900 4521 vita
921 4466 1266 4533 conteritur,
1291 4465 1424 4520 aliis
1446 4466 1732 4521 nimirum
1765 4467 2204 4535 accedentibus,

557 4555 692 4611 aliis
717 4555 1166 4623 decedentibus,
1191 4572 1299 4611 nec
1324 4555 1449 4610 ullo
1472 4556 1715 4611 omnino
1736 4556 1907 4611 firma
1930 4562 1987 4610 et
2008 4556 2206 4611 stabili

557 4645 695 4702 sede
726 4645 1069 4713 constituto,
1091 4645 1200 4700 hoc
1223 4651 1331 4712 est,
1356 4661 1467 4700 nec
1493 4646 1770 4701 divitibus
1795 4651 1852 4701 et
1872 4646 2198 4718 copiosisin

554 4734 791 4809 opibus,
820 4750 930 4789 nec
971 4733 1312 4805 potentibus
1350 4734 1411 4787 in
1441 4735 1727 4806 potentia,
1762 4751 1871 4791 nec
1919 4734 2203 4806 sapienti-

552 4824 667 4880 bus
699 4824 760 4879 in
784 4823 1095 4895 sapientia,
1114 4839 1222 4879 nec
1246 4822 1317 4878 iis
1341 4822 1557 4893 quibus
1580 4839 1864 4895 prospere
1878 4841 1973 4879 res
2004 4839 2209 4879 succe-

557 4915 727 4983 dunt,
756 4913 816 4967 in
847 4915 1262 4986 prosperitate,
1296 4929 1405 4967 nec
1453 4912 1617 4968 luxui
1642 4913 1857 4968 deditis
1882 4914 1943 4968 in
1974 4914 2116 4969 luxu
2149 4922 2209 4971 et

555 5005 842 5078 cupediis,
868 5021 977 5060 nec
996 5005 1067 5059 iis
1087 5004 1191 5075 qui
1223 5019 1429 5058 secure
1462 5003 1571 5057 sibi
1606 5004 1793 5058 vivere
1814 5004 2112 5069 videntur,
2143 5006 2206 5060 in

552 5096 715 5151 inani
732 5112 838 5151 sua
850 5093 1396 5151 etimbecillissima
1416 5094 1734 5148 securitate
1748 5111 1855 5149 nec
1872 5095 1932 5149 in
1951 5096 2073 5150 ulla
2090 5096 2207 5151 alia

551 5204 616 5242 re
644 5202 711 5240 ex
726 5186 797 5242 iis
819 5204 948 5258 qua:
964 5184 1242 5241 laudibus
1257 5185 1826 5239 eﬂ‘eruntur.Verum
1842 5187 1966 5241 haec
1986 5204 2078 5241 res
2095 5193 2206 5241 tor-

553 5276 813 5330 rentium
861 5292 1151 5347 aquarum
1182 5276 1244 5330 in
1280 5273 1646 5346 profundum
1681 5291 1841 5331 mare
1875 5276 2204 5331 labentium

556 5365 1058 5420 transituisimilis
1080 5370 1196 5434 est;
1215 5363 1425 5421 eodem
1457 5364 1615 5419 enim
1636 5364 1985 5421 modoﬂuxa
1999 5371 2210 5421 suntet

2298 3386 2463 3460 τήρια
2490 3382 2773 3455 διδάξαντα
2806 3381 3217 3457 ἐπιτηδεύματα
3247 3389 3331 3457 τῷ
3389 3387 3581 3455 συνετῷ
3617 3379 3689 3437 καὶ
3728 3395 3853 3451 coem-

2299 3476 2447 3548 τάτῳ
2482 3473 2719 3550 βασιλεῖ,
2749 3476 2850 3545 τὴν
2910 3474 3048 3548 ἐμὴν
3096 3470 3466 3549 ὖποΛάμϐανε
3504 3471 3673 3540 εὖτελῆ
3708 3478 3856 3543 χθαμα-

2304 3562 2534 3632 λότητα,
2567 3562 2624 3626 ὅς
2655 3565 2755 3633 τὴν
2788 3563 2996 3638 ἀγαθὴν
3030 3560 3157 3619 ὁδὸν
3184 3564 3281 3619 καὶ
3316 3565 3534 3632 ἀπλανῆ
3566 3556 3783 3626 ὑποδεῖξαί
3802 3571 3854 3605 σοι

2303 3655 2445 3723 ἣκω,
2476 3658 2595 3716 τοῖς
2623 3651 2866 3715 αἰωνίοις
2903 3653 2997 3726 μὲν
3030 3654 3118 3708 καὶ
3152 3651 3543 3725 ἀτελευτήτοις
3592 3650 3752 3725 ἱνάγων
3786 3640 3852 3695 κά·

2304 3748 2451 3798 κεῖσε
2480 3744 2654 3798 πάντα
2681 3737 3075 3816 συμϐουλεύων
3108 3740 3438 3813 ἀποθέσθαι,
3493 3739 3689 3815 ἀπάγων
3724 3732 3767 3788 εὶ
3795 3731 3853 3782 τηῧ

2307 3830 2515 3888 πλάνου
2546 3831 2757 3905 κόσμου
2789 3833 2933 3890 121
2982 3830 3206 3901 τούτου,
3268 3831 3436 3907 ὅνπερ
3484 3829 3622 3905 κάγὼ
3661 3820 3857 3894 δυστυχῶς

2310 3922 2556 4001 ἐφίλουν,
2583 3922 2808 3977 καὶτῶν
2841 3921 3006 3977 αὐτοῦ
3063 3921 3412 3999 ἀντειχόμην
3469 3923 3689 3997 τερπνῶν
3731 3933 3775 3967 τε
3804 3907 3859 4001 καί

2309 4009 2749 4069 ἀπολαυστικῶν.
2812 4013 3162 4083 Κατανοήσας
3226 4009 3289 4067 δὲ
3340 4016 3461 4074 τοῖς
3517 4005 3742 4064 ἀπλανὲσι
3801 4014 3860 4050 τω

2311 4102 2435 4164 νοὸς
2469 4099 2781 4180 ὀφθαλμοῖς
2811 4105 2927 4163 πῶς
2958 4099 3009 4156 ἐν
3040 4100 3262 4163 τούτοις
3315 4107 3423 4164 πᾶς
3453 4101 3482 4156 ὁ
3502 4103 3601 4154 τῶν
3652 4090 3860 4184 ἀνθριίηειτςΙ

2312 4173 2692 4267 κατατρίϐεται
2728 4190 2868 4266 βίος,
2928 4196 3037 4247 τῶν
3088 4191 3185 4264 μὶν
3233 4190 3685 4269 παραγινομένων,
3721 4184 3799 4236 τῶν
3829 4173 3863 4277 εξ

2315 4281 2681 4358 ἀπαιρόντων,
2711 4280 2802 4336 καὶ
2829 4278 3066 4355 μηδενὸς
3098 4278 3336 4358 ἔχοντος
3361 4282 3426 4337 τὸ
3484 4275 3712 4350 στάσιμόν
3732 4291 3777 4326 τε
3809 4275 3863 4320 καὶ

2321 4368 2560 4448 βέϐαιον,
2595 4374 2734 4445 μήτε
2762 4377 2869 4427 τῶν
2900 4372 3292 4429 πλουτούντων
3326 4372 3380 4428 ἐν
3411 4376 3491 4444 τῷ
3518 4366 3733 4439 πλούτῳ,
3777 4358 3863 4431 Pis“

2314 4467 2421 4517 τῶν
2457 4461 2693 4517 δυνατῶν
2726 4460 2778 4516 ἐν
2810 4466 2879 4537 τῇ
2912 4460 3089 4539 ἲσχόϊ,
3123 4466 3269 4536 μήτε
3298 4466 3410 4518 τῶν
3438 4465 3611 4536 σοφῶν
3636 4456 3680 4512 ἰν
3726 4454 3775 4523 τῇ
3808 4465 3867 4539 εἶθ’

2318 4553 2433 4633 φίᾳ,
2493 4552 2622 4628 μηδ’
2680 4552 2746 4609 αὖ
2797 4536 2905 4609 τῶν
2964 4536 3390 4630 εδημερούντων
3447 4550 3498 4607 ἐν
3550 4553 3615 4624 τῇ
3664 4536 3863 4633 εὐημερξῆ

2229 4668 2278 4733 ι)
2313 4628 2453 4720 μήτε
2509 4649 2617 4700 τῶν
2674 4646 3009 4721 τρυφώντων
3068 4628 3253 4718 ἐνί-τῇ
3330 4640 3603 4717 σιττςιιτείηλν
3798 4628 3866 4725 τῶν

2318 4735 2575 4812 ἀσφαλῶς
2605 4734 2910 4792 δοκούντων
2969 4737 3120 4813 βιοῦν
3155 4735 3207 4791 ἐν
3267 4738 3340 4811 τῇ
3404 4733 3595 4809 ματαίᾳ
3642 4728 3775 4783 αὐτῶν
3809 4710 3865 4821 ξεῖ

2315 4824 2679 4902 ἀδρανεστάτῃ
2710 4825 2997 4905 ἀσφαλείᾳ,
3033 4827 3174 4900 μήτε
3226 4824 3282 4880 ἰν
3347 4822 3508 4897 ἄλλῳ
3553 4819 3649 4877 τινὶ
3695 4818 3777 4871 τῶν

2314 4920 2486 4981 ταῦθα
2516 4914 2946 4991 ἐπαινουμένων,
2979 4914 3106 4971 ἀλλ’
3147 4913 3295 4971 ἔοικε
3347 4915 3412 4971 τὸ
3454 4917 3664 4987 πρᾶγμα
3702 4904 3865 4997 χειζάθζ

2316 5005 2424 5083 ῥων
2457 5005 2687 5081 παρόδῳ
2717 5007 3011 5082 ἀμετρήτῳ
3043 5004 3329 5077 θαλάσσης
3384 5000 3729 5089 ἐμπιπτόντων
3770 4991 3866 5089 βυοῆτ

2313 5095 2533 5171 (ῥευστά
2559 5096 2661 5174 γὰρ
2692 5100 2806 5170 (70)
2838 5095 3012 5160 οὕτως
3067 5095 3166 5151 εἶσὶ
3227 5096 3302 5151 τά
3360 5094 3593 5170 παρόντα
3637 5084 3775 5143 πάντα
3809 5084 3865 5130 vi

2314 5184 2642 5262 πρόσκαιρα)
2673 5192 2878 5256 συνῆκα
2931 5185 3100 5248 ὡςτά
3150 5188 3383 5241 τοιαῦτα
3436 5185 3625 5257 μάταια
3666 5174 3867 5247 ripam!

2314 5276 2405 5330 καὶ
2437 5272 2625 5346 ὄνησις
2656 5275 2831 5331 αὐτῶν
2867 5272 3114 5349 οὐδεμία,
3148 5274 3305 5344 ἀλλ’,
3358 5275 3535 5349 ὥσπερ
3584 5270 3643 5324 τά
3680 5262 3865 5349 πράτῆεθν

2315 5366 2487 5422 πάντα
2518 5364 2662 5441 λήθῃ
2690 5346 3010 5443 κὲκρυπται,
3062 5362 3169 5422 εἴτε
3218 5362 3387 5437 δόξαν
3444 5346 3625 5432 εἴποις,
3671 5353 3755 5413 εἶτε
3795 5346 3866 5423 β¹’

626 5535 739 5660 (682
770 5536 951 5608 Epist.
986 5537 1057 5594 ad
1088 5538 1301 5609 Ephes.
1334 5554 1408 5606 v1,
1444 5540 1548 5593 l2:
1581 5534 1696 5594 Οὐκ
1734 5534 1875 5592 ἔστιν
1908 5538 2043 5612 ἡμῖν
2073 5539 2108 5609 ἡ
2141 5558 2192 5593 πε

626 5628 710 5660 me
738 5628 820 5660 ας.
850 5608 987 5660 πρὸς
1012 5608 1139 5660 τοὺς
1167 5610 1619 5660 κοσμοκράτορας
1656 5613 1755 5660 τοῦ
1786 5612 2011 5660 σκότους
2039 5610 2192 5660 τούτο

2323 5539 2459 5615 πρὸς
2479 5540 2616 5615 αἷμα
2644 5539 2734 5597 καὶ
2766 5539 2955 5618 σάρκα,
2984 5538 3131 5598 ἀλλᾶ
3158 5538 3303 5615 πρὸς
3335 5538 3433 5603 τὰς
3461 5532 3623 5615 ἀρχὰς
3793 5516 3861 5577 τὶς

1082 5608 1094 5625 \

555 5604 987 5684 ἑξόυσίαςξ-πρὸς
1012 5604 1153 5669 τοὺς
1167 5604 1619 5684 κοσμοκράτορας
1656 5613 1755 5664 τοῦ
1786 5604 2011 5673 σκότους
2039 5604 2255 5669 τούτου.

656 5683 745 5751 69)
771 5680 877 5736 Job
906 5698 963 5748 χ,
995 5684 1085 5737 22.

623 5682 736 5825 ἕτο)
767 5753 1079 5825 Gregorius

646 5757 676 5774 Η

659 5754 736 5826 70)
767 5753 1079 5825 Gregorius
1110 5753 1241 5811 Naz.
1275 5756 1421 5810 orat.
1454 5752 1544 5822 46,
1576 5769 1707 5826 pag.
1741 5757 1837 5811 251
1872 5774 1886 5814 :
1918 5755 1997 5812 Τὰ
2030 5755 2126 5832 μὲν
2156 5776 2190 5835 γ

2300 5755 2403 5813 ἐστι
2431 5752 2627 5837 ῥευστὰ
2655 5754 2744 5814 καὶ
2779 5755 3105 5839 πρόσκαιρα.
