4010 6206
189 350 300 410 985

1354 354 1531 409 VITA
1566 352 1922 408 ΒΑΒΜΔΠ
1954 353 2051 407 l’l‘
2084 352 2431 409 JOASAPH.

3481 343 3591 407 986

192 474 418 544 σιλείαν,
474 471 581 529 εἴτε
648 474 969 548 ἀξιωμάτων
1040 472 1457 551 λαμπρότητας,
1511 474 1619 530 εἴτε
1676 470 1871 550 δυναω⁴

1983 475 2180 549 ragilia
2209 477 2412 531 omnia
2440 474 2757 547 praesentia
2802 473 2949 529 Hinc
2981 470 3208 526 scilicet
3230 470 3357 524 hinc
3387 470 3589 526 omnia

198 562 370 625 στείας
418 558 602 639 ὄγκον,
658 561 764 617 εἴτε
818 564 1093 641 τυράννων
1153 562 1484 639 θρασύτητα,
1518 561 1625 619 εἴτε
1653 566 1839 618 τιτῶν

199 650 487 723 τοιούτων,
534 650 707 715 οὕτως
764 653 852 708 καὶ
910 653 978 708 τὰ
1025 651 1290 709 ἐνεστῶτα
1338 654 1413 717 είς
1445 653 1571 716 τοὺς
1602 653 1723 727 ἑξῆς
1752 650 1841 707 καὶ

200 741 486 815 μετέπειτα
557 742 792 817 χρόνους
865 742 1342 820 ἀμαυρωθήσεται.
1429 747 1629 817 Ὧνπερ
1687 742 1842 817 κάγὼ

195 833 271 895 εἷς
302 832 569 907 ὑπάρχων
623 836 692 906 τῇ
751 834 969 903 συνήθει
1027 833 1242 897 πάντως
1298 833 1594 889 ἀλλοιώσει
1640 833 1842 887 ὑποπε-

193 925 412 994 σοῦμαι,
446 922 536 976 καὶ
567 922 748 986 καθὼς
800 922 852 977 οἱ
900 922 1007 998 πρὸ
1056 922 1196 996 ἐμοῦ
1228 921 1298 978 δι’
1329 923 1527 987 αἰῶνος
1552 924 1840 1000 τέρπεσθαι

192 1016 306 1073 τοῖς
363 1015 628 1087 παροῦσιν
687 1010 749 1066 οὐ
809 1014 1294 1089 συνεχωρήθησαν,
1355 1012 1529 1073 οὕτως
1573 1011 1719 1068 ἔσται
1750 1015 1841 1069 καὶ

190 1100 272 1154 ἐπ’
300 1099 448 1173 ἐμοί.
484 1098 744 1158 Κατεῖδον
800 1101 904 1178 γὰρ
953 1103 1041 1157 οἷα
1084 1102 1216 1165 τοὺς
1247 1104 1560 1178 ἀνθρώπους
1593 1104 1621 1158 ὁ
1650 1101 1844 1171 τύραν-

189 1206 283 1252 νος
364 1190 522 1253 αὗτος
602 1192 690 1246 καὶ
779 1189 1113 1267 ταραχώδης
1168 1193 1553 1269 κατεργάζεται
1611 1192 1845 1264 κόσμος,

196 1280 500 1352 μετατιθεὶς
555 1280 749 1336 αὐτους
806 1279 1041 1337 ἐντεῦθεν
1096 1283 1363 1352 κάκεῖθεν,
1424 1285 1579 1341 122
1621 1282 1713 1344 οὕς
1748 1280 1842 1353 μὶν

194 1369 252 1424 ἐκ
280 1368 528 1425 πλούτου
558 1371 696 1445 πρὸς
725 1370 928 1441 πενίαν,
979 1370 1071 1434 οὕς
1131 1368 1190 1426 δὲ
1243 1370 1304 1426 ἐκ
1339 1373 1527 1435 πενίας
1556 1370 1632 1433 είς
1664 1368 1843 1441 δόξαν,

195 1460 429 1523 τούτους
462 1461 556 1534 μὲν
593 1462 869 1538 ὑπεξάγων
895 1464 991 1516 τοῦ
1039 1460 1185 1537 βίου,
1218 1460 1425 1524 ἄλλους
1454 1459 1511 1516 δὲ
1543 1459 1693 1525 αὖθις
1724 1461 1846 1514 ἀντ-

195 1550 459 1624 εισάγών,
514 1551 661 1613 τινὰς
725 1552 818 1625 μὲν
875 1550 1077 1628 σοφοὺς
1136 1550 1226 1605 καὶ
1285 1550 1535 1613 συνετοὺς
1583 1547 1846 1605 ὰποδοκιο

195 1641 415 1715 μείζων,
472 1640 701 1714 ἀτίμους
756 1661 815 1695 τε
869 1642 959 1696 καὶ
1012 1640 1249 1704 εὐτελεῖς
1305 1641 1431 1704 τοὺς
1489 1640 1706 1715 τιμίους
1757 1639 1847 1695 καὶ

192 1735 513 1809 περιτρανεῖς
571 1729 958 1806 ἑκγαζόμενος,
1015 1728 1225 1794 ἄλλους
1259 1729 1317 1785 δὲ
1356 1731 1589 1809 ἀσόφους
1646 1751 1706 1785 τε
1755 1728 1847 1785 καὶ

1956 581 2101 621 vana
2121 581 2271 633 esse,
2298 580 2492 635 neque
2513 562 2840 635 quidquam
2869 559 3144 616 utilitatis
3170 557 3388 614 habere
3418 557 3592 613 intel-

1953 654 2251 719 lexi.Quin
2275 653 2470 724 potius
2488 650 2994 723 quemadmodum
3017 649 3216 721 priora
3230 645 3432 701 omnia
3454 645 3596 700 obli-

1953 745 2121 799 vione
2140 744 2351 799 obruta
2367 743 2647 811 sunt(sive
2669 742 2920 813 gloriam
2938 737 3309 806 dixeris,sive
3327 750 3595 805 regnum,

1955 834 2073 889 sive
2095 833 2449 903 dignitatum
2472 831 3001 905 splendorem,sive
3024 827 3303 901 potentia;
3325 842 3417 881 am
3424 824 3599 896 plitu-

1955 923 2178 989 dinem,
2212 923 2329 978 sive
2362 930 2751 996 tyrannorum
2773 921 3107 984 audaciam,
3131 918 3249 973 sive
3274 914 3417 986 quid
3438 910 3599 969 aliud

1955 1013 2224 1084 ejusdem
2255 1013 2533 1085 generis),
2558 1012 2769 1068 eodem
2814 1010 2990 1067 modo
3018 1004 3337 1081 praesentia
3362 1018 3598 1074 quoque

1955 1101 2195 1157 tandem
2209 1107 2468 1158 vetustas
2485 1102 3108 1167 obscurabit.Quorum
3125 1098 3185 1152 in
3200 1110 3447 1151 numero
3466 1107 3600 1147 cum

1955 1192 2082 1264 ipse
2097 1208 2332 1264 quoque
2346 1194 2784 1262 sim,consuetw
2799 1188 3197 1247 immutationi
3212 1200 3457 1258 prorsus
3470 1181 3603 1237 sub«

1947 1281 2146 1353 jicior.
2172 1281 2419 1337 Utenim
2439 1283 2510 1337 iis
2532 1284 2788 1353 quiante
2819 1298 2911 1336 me
2945 1280 3317 1343 exstiterunt,
3341 1287 3602 1346 prasen-

1955 1371 2103 1426 tium
2122 1387 2323 1426 rerum
2342 1371 2739 1443 voluptatibus
2757 1376 3041 1443 perpetuo
3065 1368 3177 1423 frui
3196 1365 3442 1423 minime
3466 1377 3602 1418 con-

1955 1477 2188 1516 cessum
2207 1461 2408 1528 est,sic
2424 1479 2497 1517 ne
2517 1462 2661 1517 mihi
2680 1461 2920 1533 quidem
2940 1450 3599 1515 concedeturAnimad-

1956 1551 2099 1605 verti
2122 1551 2304 1619 enim,
2329 1551 2830 1622 quemadmodum
2862 1558 3147 1621 tyrannus
3169 1547 3263 1601 hic
3284 1561 3351 1600 ac
3383 1543 3599 1598 turbu-

1957 1639 2155 1695 lentus
2178 1641 2436 1695 mundus
2475 1642 2749 1696 homines
2776 1645 3007 1700 tractet,
3041 1654 3139 1693 eos
3170 1634 3455 1690 nimirum
3486 1632 3602 1686 huc

1956 1734 2133 1798 atque
2156 1728 2298 1785 illuc
2315 1730 2634 1799 invertens,
2658 1730 2768 1784 hos
2790 1727 3015 1783 scilicet
3038 1742 3109 1780 ex
3130 1723 3344 1795 opibus
3367 1720 3440 1777 ad
3472 1733 3603 1789 egeo

193 1804 521 1923 ἀσυνέτους,
550 1804 655 1874 ἐπὶή
691 1820 887 1895 θρόνου
944 1822 1183 1891 καθίζων
1246 1818 1405 1893 δόξης.
1453 1804 1582 1895 (Ἦ),
1628 1819 1849 1893 τιμίους

1983 1824 2194 1883 tatem,
2222 1819 2356 1874 illos
2380 1836 2585 1875 rursus
2640 1836 2712 1875 ex
2759 1816 3105 1891 gravissima
3155 1814 3499 1885 paupertate
3529 1804 3605 1861 ad

2000 1911 2013 1923 1
2096 1910 2107 1922 ο
2254 1910 2268 1923 ι
2473 1911 2507 1923 ι.
2595 1909 2609 1923 ι
2835 1908 2892 1923 -11
3082 1922 3085 1923 ,
3127 1919 3217 1923 um-
3255 1916 3445 1923 --.η-..ω
3473 1897 3603 1923 ιΑηΑ

189 1930 246 1965 τε
273 1908 413 1973 τοῦς
434 1908 662 1983 ἀτίμους
694 1909 784 1964 καὶ
815 1909 1035 1988 ἀφανεῖς
1065 1914 1194 1964 πᾶσι
1223 1907 1503 1966 δεικνύων.

1962 1910 2232 1983 gloriam,
2254 1910 2361 1966 hos
2383 1927 2414 1965 e
2435 1911 2553 1965 vita
2578 1908 2967 1975 ducens,illos
2989 1919 3225 1961 rursum
3248 1916 3451 1957 eorum
3473 1897 3604 1953 loco

193 1999 256 2053 in
289 1998 478 2054 vitam
508 1998 831 2067 inducens;
864 1986 1162 2071 sapientes
1193 2000 1483 2072 quosdam
1513 2004 1573 2056 et
1601 2000 1943 2073 ingeniosos
1972 1999 2125 2054 viros
2154 1998 2502 2070 improbans
2533 2013 2599 2053 ac
2630 1997 2932 2068 rejiciens,
2967 2008 3187 2064 eosque
3238 1989 3340 2061 qui
3386 1988 3448 2042 in
3497 1986 3607 2040 ho-

191 2105 346 2145 nore
380 2105 447 2144 ac
473 2088 790 2160 splendore
822 2095 1012 2159 erant,
1045 2096 1417 2163 contemptos
1464 2096 1522 2145 et
1563 2088 1959 2162 despicabiles
2007 2087 2262 2144 reddens
2289 2106 2303 2157 ;
2354 2087 2504 2144 alios
2548 2093 2756 2143 contra
2784 2084 3137 2156 insipientes
3168 2097 3236 2136 ac
3266 2076 3513 2135 stolidos
3543 2076 3607 2132 in

192 2179 406 2251 gloria
437 2178 649 2234 throno
680 2178 1001 2249 collocans,
1033 2196 1251 2252 eosque
1283 2180 1385 2252 qui
1429 2179 1643 2252 abjecti
1695 2184 1755 2234 et
1805 2178 2042 2235 obscuri
2094 2184 2285 2246 erant,
2320 2178 2403 2234 ita
2431 2178 2708 2244 evehens,
2736 2181 2803 2230 ut
2832 2174 2978 2246 ipsis
3006 2171 3079 2228 ab
3106 2168 3383 2226 omnibus
3416 2167 3610 2221 honor

197 2268 515 2324 tribuatur.

264 2355 384 2415 Καὶ
432 2352 570 2413 ἔστιν
630 2354 761 2413 ἰδεῖν
810 2359 871 2414 τὸ
898 2362 1006 2414 τῶν
1066 2357 1366 2435 ἀνθρώπων
1397 2360 1557 2435 γένος
1592 2354 1856 2431 μηδόλως

196 2448 343 2503 κατὰ
374 2447 670 2523 πρόσωπον
725 2454 825 2519 τῆς
881 2449 1051 2503 αὐτοῦ
1106 2449 1351 2520 ἀπηνοῦς
1379 2446 1694 2524 τυραννίδος
1724 2443 1853 2521 ἔχον

200 2536 415 2590 στάσιν·
474 2534 618 2607 ἀλλ’,
680 2536 753 2599 ὡς
810 2536 935 2593 ὅταν
1006 2539 1317 2616 περιστερὰ,
1375 2537 1650 2617 φεύγουσα
1704 2537 1856 2591 ἀετὸν

200 2626 313 2682 εἴτε
379 2625 587 2700 ἱέρακα,
644 2627 846 2691 τόπους
932 2628 992 2684 ἐκ
1067 2629 1250 2684 τόπων
1327 2624 1547 2703 ἀμείϐῃ,
1621 2631 1709 2682 νῦν
1768 2626 1862 2699 μὲν

202 2716 393 2789 τούτῳ
420 2720 499 2789 τῷ
529 2714 749 2793 δένδρῳ,
796 2716 947 2782 αὖθις
991 2718 1176 2792 ἐκείνῳ
1217 2718 1296 2791 τῷ
1340 2730 1553 2793 θαμνῳ,
1585 2718 1678 2772 εἶτ’
1710 2715 1865 2778 εὐθὺς

210 2805 501 2883 τρώγλαις
543 2811 651 2862 τῶν
714 2812 923 2883 πετρῶν
982 2808 1071 2863 καὶ
1128 2810 1412 2870 παντοίαις
1462 2808 1713 2869 ἀκάνθαις
1743 2806 1865 2860 ἑαυ-

206 2899 311 2966 τήν
352 2899 822 2973 προσαράσσουσα,
879 2898 968 2953 καὶ
1027 2896 1274 2972 οὐδαμοῦ
1332 2898 1658 2975 εὗρίακουσα
1696 2915 1869 2970 προσ-

2036 2363 2118 2416 Λο
2149 2375 2391 2417 cernere
2422 2356 2853 2428 est,hominum
2876 2368 3062 2428 genus
3093 2352 3177 2408 ita
3204 2349 3614 2420 comparatum

1969 2458 2189 2519 esse,ut
2203 2455 2339 2506 ante
2353 2448 2655 2505 crudelem
2670 2447 2859 2519 ipsius
2872 2441 3248 2517 tyrannidem
3262 2437 3416 2494 nihil
3430 2432 3618 2492 omni-

1970 2558 2046 2596 no
2079 2542 2316 2597 ﬁrmum
2340 2557 2408 2596 ac
2430 2539 2640 2595 stabile
2664 2537 2897 2593 habeat.
2922 2530 3433 2600 Quemadmodum
3455 2524 3616 2580 enim

1970 2631 2246 2687 columba
2258 2631 2519 2701 aquilam
2532 2635 2633 2685 aut
2644 2628 2987 2699 accipitrem
3005 2622 3463 2696 fugiens,locum
3480 2614 3618 2672 sub-

1973 2722 2111 2778 inde
2131 2726 2547 2783 commutat,ac
2568 2736 2727 2775 nunc
2749 2716 2992 2788 quidem
3010 2714 3068 2767 in
3091 2714 3202 2767 hac
3220 2709 3617 2774 arbore,nunc

1977 2816 2175 2867 autem
2200 2810 2259 2864 in
2282 2809 2385 2863 illo
2408 2808 2712 2871 frutice,ac
2735 2803 2949 2859 deinde
2975 2802 3037 2856 in
3058 2798 3297 2870 rupium
3328 2791 3618 2858 cavernis,

1980 2918 2047 2957 ac
2080 2899 2253 2955 variis
2276 2898 2465 2970 spinis
2489 2897 2701 2968 pedem
2724 2894 2992 2965 afﬁgens,
3011 2906 3121 2945 nec
3145 2893 3337 2942 tutum
3366 2894 3623 2952 usquam

210 2988 415 3065 γύγιον
447 2986 705 3065 ἀσφαλὲς,
750 2985 802 3042 ἐν
861 2986 1014 3061 σάλῳ
1069 2989 1158 3043 καὶ
1215 2986 1551 3043 ταλαντώσει
1581 2985 1866 3041 ταλαιπω-

1983 2990 2318 3063 perfugium
2353 2988 2679 3049 inveniens.
2699 2985 2762 3039 iu
2782 2988 3068 3055 perpetua
3088 2976 3416 3050 jactatione
3444 2978 3621 3071 atque

208 3082 397 3155 ρεῖται
485 3074 744 3147 διηνεκεῖ,
830 3074 1003 3139 οὕτως
1088 3075 1220 3131 εἰσὶν
1308 3077 1359 3131 οἱ
1430 3081 1546 3138 τοῖς
1604 3076 1868 3149 παροῦσιν

206 3164 580 3240 ἐπτοημένοι,
614 3166 700 3244 ὑφ’
731 3166 911 3242 ὁρμῆς
937 3167 1033 3240 μὶν
1057 3164 1355 3241 ἀλογίστου
1382 3164 1622 3221 ἀθλίσως
1644 3165 1875 3218 πονοῦν-

208 3278 331 3327 τες,
373 3254 636 3331 μηδόλως
669 3254 728 3311 δὲ
762 3277 816 3312 τι
864 3252 1082 3333 ἔχοντες
1136 3251 1352 3333 βέϐαιον
1383 3255 1419 3326 ἢ
1452 3253 1712 3328 ἀσφαλὲς,
1749 3253 1877 3327 μήτ’

214 3348 579 3420 ἐπιστάμενοι
639 3347 716 3409 εἷς
772 3347 962 3402 ὁποῖον
1032 3350 1329 3401 καταντῶσι
1384 3344 1567 3415 τὲλος,
1625 3342 1716 3397 καὶ
1771 3344 1878 3396 ποῦ

212 3437 460 3499 τούτους
488 3439 517 3492 ὁ
552 3438 778 3511 μάταιος
820 3434 933 3511 ἄγει
986 3437 1132 3511 βίος,
1180 3436 1225 3508 ᾧ
1263 3434 1625 3505 καθυπέταξαν
1659 3430 1881 3494 ἑαυτοὺς

219 3526 357 3583 λίαν
418 3525 702 3602 δυστυχῶς
759 3526 850 3582 καὶ
906 3524 1135 3593 ἀθλίως,
1194 3526 1409 3601 πονηρά
1478 3524 1573 3595 μὲν
1628 3521 1880 3596 ἕλομενοι

222 3617 356 3673 ἀντὶ
388 3617 624 3691 ἀγαθῶν,
685 3615 1029 3689 μετελθόντες
1086 3612 1141 3670 δὲ
1196 3614 1386 3670 κακίαν
1417 3613 1535 3669 ἀντὶ
1564 3611 1885 3690 χρηστότη-

222 3729 354 3776 τος,
387 3708 422 3776 ἢ
454 3706 534 3770 τίς
564 3706 591 3760 ὁ
620 3707 714 3768 τάς
768 3704 984 3781 ψυχρὰς
1031 3708 1137 3759 τῶν
1187 3704 1417 3760 πολλῶν
1446 3703 1536 3759 καὶ
1580 3705 1883 3778 μοχθηρῶν

230 3797 420 3853 αὐτῶν
474 3800 730 3870 καμάτων
792 3792 1168 3868 διαδεξάμενος
1235 3792 1580 3868 ἐπικαρπίας,
1640 3792 1747 3847 εἷ’τε
1802 3789 1887 3845 οἷ-

225 3892 409 3955 κεῖος,
446 3884 551 3940 εἴτε
578 3880 896 3959 ἀλλότριοςο
945 3884 1032 3938 καὶ
1079 3881 1351 3946 πολλάκις
1392 3880 1517 3938 οὐδὲ
1548 3881 1710 3960 φίλος
1739 3880 1887 3943 ὅλως

228 3981 267 4050 ἧ
302 3976 574 4053 γνωστὸς,
608 3975 734 4031 ἀλλ’
766 3974 964 4050 ἐχθρὸς
995 3973 1083 4029 καὶ
1115 3972 1408 4048 πολέμιος.

313 4159 499 4215 Ταῦτα
552 4155 723 4210 πάντα
778 4155 868 4210 καὶ
923 4154 991 4209 τά
1043 4152 1260 4216 τούτοις
1315 4151 1558 4227 ἑπόμενα
1613 4150 1891 4226 διακρίνας

236 4247 293 4301 ἐν
330 4246 412 4318 τῷ
440 4252 539 4316 τῆς
586 4248 773 4321 ψυχῆς
829 4244 1117 4320 κριτηρίῳ,
1177 4243 1413 4318 ἔμίσησα
1468 4243 1558 4298 τὸν
1610 4241 1891 4316 σύμπαντά

241 4358 357 4410 μου
410 4336 529 4412 βίον
583 4335 674 4390 τὸν
730 4334 782 4390 ἰν
835 4339 955 4396 τοῖς
1013 4334 1260 4407 ματαίοις
1319 4331 1774 4401 ἀναλωθὲντα,ὅν
1808 4328 1891 4385 δι-

1985 3061 2253 3136 earum—na
2279 3082 2583 3134 versatur:
2616 3074 2826 3131 eodem
2854 3070 3028 3128 modo
3057 3085 3119 3123 se
3149 3061 3500 3132 habent,qui
3530 3074 3624 3114 res

1982 3176 2308 3244 prasentes
2329 3168 2403 3225 ad
2425 3174 2727 3238 stuporem
2746 3178 2936 3233 usque
2959 3152 3497 3225 mirantur.quippe
3522 3146 3625 3220 qui

1985 3260 2424 3317 inconsiderato
2442 3256 2702 3329 quodam
2723 3254 2947 3325 impetu
2970 3250 3185 3305 misere
3207 3244 3498 3301 laborent.
3517 3253 3628 3293 nec

1987 3352 2312 3423 quidquam
2335 3348 2579 3404 omnino
2608 3346 2845 3401 ﬁrmum
2866 3347 2968 3398 aut
2989 3338 3198 3394 stabile
3220 3334 3498 3398 habeant,
3518 3342 3630 3384 nec

1988 3442 2061 3499 ad
2092 3456 2270 3513 quem
2319 3440 2501 3495 ﬁnem
2542 3432 2878 3509 perventuri
2939 3431 3078 3498 sint,
3132 3424 3491 3513 intelligant,
3522 3432 3633 3472 nec

1990 3511 2372 3604 quo—tandem
2403 3543 2553 3584 vana
2580 3526 2718 3593 vita,
2749 3523 2866 3590 cui,
2899 3533 3189 3592 perquam
3220 3511 3539 3569 infeliciter
3567 3522 3636 3561 ac

1991 3598 2207 3677 misere
2236 3618 2394 3675 mala
2422 3615 2594 3672 bonis
2622 3614 3028 3687 prmferentes,
3062 3624 3129 3663 ac
3159 3600 3472 3678 probitatis
3505 3598 3634 3652 loco

1989 3710 2195 3766 vitium
2216 3710 2783 3771 consectantes,sese
2802 3701 3312 3772 subjecerunt,eos
3326 3690 3639 3753 ducat;nec

1995 3802 2270 3873 quisnam
2288 3797 2532 3870 frigidos
2555 3795 2879 3850 multorum
2899 3805 2964 3845 ac
2986 3788 3344 3843 miserorum
3363 3779 3637 3835 laborum

1995 3871 2236 3947 suorum
2256 3890 2484 3944 fructus
2507 3890 2859 3956 excepturus
2885 3878 3100 3946 sit,hoc
3123 3871 3642 3945 est,pr0pinquus-

1995 3997 2071 4036 ne
2103 3996 2179 4035 an
2210 3979 2461 4044 alienus,
2494 3992 2563 4031 ac
2595 3988 2858 4047 persaepe
2890 3985 2966 4025 ne
3011 3966 3237 4023 amicus
3268 3960 3510 4034 quidem
3538 3958 3643 4012 aut

1996 4077 2195 4138 notus,
2227 4084 2430 4125 verum
2462 4066 2741 4121 inimicus
2773 4068 2832 4117 et
2860 4059 3069 4115 hostis.

2072 4154 2794 4231 Haec,inquam,omnia,et
2808 4168 2938 4222 quae
2956 4148 3049 4203 his
3061 4145 3465 4202 consentanea
3482 4138 3639 4231 sunt,

1999 4267 2134 4307 cum
2165 4251 2292 4321 ipse
2319 4250 2379 4303 in
2406 4247 2623 4303 animm
2653 4260 2799 4298 mea:
2830 4242 2956 4295 foro
2989 4237 3435 4304 disceptassem,
3459 4224 3638 4279 totius

2000 4343 2131 4397 vitai
2154 4318 2507 4410 meamquam
2528 4338 2589 4391 in
2610 4334 2789 4390 rebus
2810 4328 2973 4385 vanis
2994 4318 3434 4392 consumpsi.ac
3455 4321 3642 4410 terre-

237 4403 457 4501 iﬁ-{ayov
486 4430 604 4488 τοῖς
626 4425 868 4500 περὶτῆς
891 4403 1080 4486 πόνοις
1102 4425 1508 4500 προστετηκὼς.
1542 4416 1871 4480 Ἀτιῖοϐαλλο⁴

2001 4434 2095 4488 nis
2125 4403 2428 4486 laboribus
2470 4425 2741 4481 addictus
2788 4416 3068 4487 transegi,
3101 4411 3304 4469 odium
3334 4423 3429 4501 me
3461 4403 3636 4501 cepitj

242 4519 401 4590 μένῳ
436 4518 586 4574 128
620 4512 677 4570 δὶ
710 4535 804 4588 μοι
832 4520 932 4585 τῆς
963 4517 1148 4590 ψυχῆς
1173 4515 1271 4583 τὴν
1288 4515 1494 4569 τούτων
1526 4512 1888 4588 προσπάθειαν

236 4608 336 4663 καὶ
367 4604 712 4682 ἀποῤῥίξαντι
740 4606 1012 4682 κατέφανη
1062 4603 1131 4658 τά
1184 4602 1263 4676 τῷ
1320 4599 1430 4659 ὅντι
1474 4603 1673 4679 ἀγαθὰ,
1700 4602 1762 4657 τὸ
1791 4622 1896 4680 φο-

238 4692 460 4753 ϐεῖσθαι
489 4696 582 4751 τὸν
622 4695 747 4750 Θεὸν
793 4694 882 4750 καὶ
926 4698 1101 4750 ποιεῖν
1152 4692 1316 4748 αὐτοῦ
1359 4694 1423 4749 τὸ
1453 4693 1690 4766 θέλημα.
1720 4694 1894 4748 Τοῦτο

242 4790 355 4865 γὰρ
392 4783 566 4863 ἔγνων
596 4789 807 4843 πάντων
856 4790 963 4841 τῶν
1014 4786 1230 4862 ἀγαθῶν
1278 4785 1574 4863 κεφάλαιον
1606 4783 1892 4859 ὑπάρχειν’

239 4885 414 4937 τοῦτο
469 4879 561 4933 καὶ
608 4878 756 4953 ἀρχὴ
807 4877 998 4955 σοφίας
1050 4875 1267 4952 λέγεται
1298 4879 1414 4949 ('72)
1442 4876 1533 4931 καὶ
1562 4874 1723 4949 σοφία
1751 4893 1900 4928 τετε-

244 4969 556 5043 λειωμένη·
592 4970 706 5039 ζωὴ
756 4967 860 5044 γὰρ
916 4966 1056 5023 ἐστιν
1115 4965 1323 5029 ἄλυπος
1377 4966 1465 5022 καὶ
1500 4963 1899 5041 ἀνεπηρέαστος

242 5065 368 5123 τοῖς
402 5057 791 5135 ἀντεχομένοις
820 5056 1011 5127 αὐτῆς,
1041 5058 1131 5111 καὶ
1177 5062 1295 5120 τοῖς
1345 5053 1784 5131 ἐπερειδομένοις
1816 5053 1897 5111 ἐπ’

244 5149 425 5220 αὐτὴν
478 5148 554 5211 ὡς
586 5147 675 5204 ἐπὶ
730 5146 933 5223 Κύριον
986 5144 1253 5220 ἀσφαλής.
1309 5147 1635 5217 Ἐπιστήσας
1667 5143 1758 5201 οὗν
1795 5167 1899 5220 μου

241 5244 341 5298 τὸν
376 5240 646 5317 λογισμὸν
692 5244 763 5316 τῇ
814 5240 1187 5316 ἀπλανεστάτῃ
1240 5239 1352 5314 ὁδῷ
1397 5244 1504 5297 τῶν
1544 5240 1779 5297 ἐντολῶν
1807 5244 1901 5296 τοῦ

242 5330 458 5409 Κυρίου
487 5335 621 5407 (73),
674 5330 764 5387 καὶ
822 5331 984 5407 γνοὺς
1036 5326 1275 5409 ἀκριϐῶς
1320 5329 1489 5407 μηδὲν
1522 5331 1574 5388 ἐν
1603 5332 1740 5407 αὐτῇ
1772 5352 1900 5388 σκο-

2003 4524 2267 4592 Cumque
2300 4533 2504 4573 eorum
2535 4527 2802 4570 amorem
2833 4526 2903 4564 ex
2930 4506 3131 4563 animo
3163 4498 3554 4556 excussissem
3584 4496 3646 4547 et

2005 4591 2336 4684 ejecissem,
2370 4624 2439 4662 ea
2495 4620 2623 4661 sese
2671 4600 2859 4657 oculis
2884 4596 3037 4653 meis
3095 4591 3459 4656 obtulerunt,
3514 4599 3646 4655 qum

2002 4680 2137 4759 vere
2168 4701 2329 4757 bona
2356 4702 2518 4765 sunt,
2551 4696 2662 4750 hoc
2693 4698 2801 4759 est,
2824 4689 2926 4746 Dei
2957 4692 3121 4742 metu
3151 4680 3463 4755 prmditum
3494 4691 3646 4744 esse,

2005 4800 2183 4864 atque
2212 4790 2399 4864 ipsius
2430 4783 2717 4843 voluntati
2748 4778 3015 4850 obsequi.
3044 4771 3330 4864 Namrhoc
3352 4769 3648 4864 bonorum

2009 4858 2277 4939 omnium
2294 4883 2472 4952 caput
2491 4892 2618 4932 esse
2638 4876 3004 4942 compertum
3025 4862 3357 4920 habui.Hoc
3373 4858 3536 4914 enim
3556 4871 3652 4910 sa-

2008 4973 2246 5047 pientiae
2266 4947 2501 5025 initium
2528 4982 2655 5021 esse
2677 4962 3093 5028 dicitur,atque
3112 4953 3259 5011 adeo
3281 4947 3544 5024 perfecta
3564 4962 3653 5047 sa:

2009 5035 2252 5137 pientia.
2284 5059 2517 5116 Etenim
2540 5053 2811 5113 mmroris
2841 5065 3050 5122 expers
3080 5044 3197 5099 vita
3226 5048 3334 5109 est,
3370 5046 3548 5110 atque
3579 5035 3651 5092 ab

2010 5130 2173 5211 omni
2195 5150 2522 5208 oﬂ‘ensione
2546 5147 2732 5202 libera
2754 5143 2828 5197 iis
2849 5139 2949 5213 qui
2973 5154 3103 5195 eam
3124 5130 3658 5208 amplectuntur,et

2012 5245 2111 5317 qui
2136 5244 2190 5298 ei
2212 5248 2494 5312 tanquam
2524 5234 2771 5293 Domino
2794 5230 3152 5290 innituntur.
3172 5230 3298 5281 tuta
3318 5230 3377 5279 et
3397 5221 3467 5279 ab
3491 5217 3654 5317 omni

2010 5305 2275 5409 periculo
2306 5305 2613 5387 immunis.
2637 5326 2783 5381 Cum
2816 5322 3019 5392 itaque
3050 5316 3320 5374 animum
3351 5328 3551 5370 meum
3582 5305 3656 5365 ad

326 5576 441 5648 (7i)
465 5572 666 5648 Matth.
698 5587 828 5641 xxv,
860 5572 968 5648 3l_:
999 5572 1217 5648 Καθίσει
1249 5569 1338 5648 ἐπὶ
1369 5566 1751 5648 θρόνου-δόξης
1781 5567 1971 5648 αιξτοῦ.

333 5645 446 5794 γης
476 5646 630 5703 Psal.
658 5661 749 5715 cx,
779 5649 884 5728 lo:
917 5645 1325 5776 ’Δρᾶὶτὶσοῖίας
1354 5645 1522 5731 φυόεος
1553 5645 1777 5772 Κυρίου.
1809 5645 1868 5699 Ο(

355 5722 421 5775 73
473 5718 631 5776 Psal.
661 5734 852 5790 cum,
878 5718 952 5776 32
978 5733 994 5776 :
1124 5738 1181 5773 ον
1237 5715 1448 5801 ντολων
1482 5736 1579 5772 σου
1608 5736 1632 5772 ε
1670 5734 1868 5791 ραμον.

1246 5622 1525 5722 ῐάξξςξέϐόξ
1543 5622 2042 5722 hagistiam.
2076 5645 2116 5697 t.
2147 5640 2217 5709 11,
2249 5657 2309 5713 ρ.
2344 5642 2431 5708 l5,
2462 5654 2522 5696 n.
2556 5640 2610 5694 2.
