4000 6202
346 363 455 423 987

1873 358 2239 414 ADDENDA.

3646 367 3749 419 988

350 489 567 545 erroris
599 488 794 543 omnis
818 491 1119 558 expertem
1145 487 1556 543 mandatorum
1579 484 1813 541 Domini
1837 483 1988 539 viam

2144 485 2225 538 ιὸν
2256 484 2290 552 ἢ
2326 482 2772 559 στραγγαλιῶδες
2814 489 2925 559 (74)
2970 488 3260 561 ὑπάρχειν,
3295 489 3435 557 μήτε
3466 506 3762 562 ςδαραγγων

349 576 1074 650 adjecissemmihilquein
1094 577 1238 647 ipsis
1256 576 1560 645 obliquum
1583 580 1635 627 et
1660 574 1986 629 anfractuo-

349 684 501 731 sum,
535 683 603 721 ac
632 666 1012 737 voraginibus
1044 672 1101 719 et
1131 665 1389 735 scopulis
1416 670 1475 718 et
1500 664 1768 718 sentibus
1798 670 1855 717 et
1886 664 1987 716 tri-

348 755 501 810 bulis
534 755 775 826 plenum
809 772 938 809 esse
966 760 1125 809 certo
1159 755 1823 825 comperissem,verum
1858 767 1988 807 eam

348 846 596 899 omnino
620 845 857 915 planam
883 850 940 898 et
961 844 1312 914 mquabilem
1337 860 1495 910 esse;
1520 860 1724 899 eorum
1748 843 1989 913 quidem

348 935 446 1004 qui
463 934 614 988 hanc
628 934 1041 1005 ingrediuntur
1054 934 1529 1004 perclarissimas
1542 932 1991 1002 contemplatio-

346 1040 450 1077 nes
466 1022 669 1077 oculos
681 1022 1471 1093 oblectantem,pedibusque
1484 1022 1987 1093 pulchritudinem

347 1111 767 1165 conciliantem
779 1117 973 1182 .atque
988 1129 1088 1167 eos
1100 1112 1171 1166 ad
1188 1112 1679 1183 praeparationem
1696 1108 1989 1182 Evangelii

347 1200 512 1271 pacis
532 1200 920 1266 calceantem,
954 1218 1047 1255 me
1080 1202 1272 1271 ipsum
1303 1201 1520 1273 prioris
1550 1202 1892 1271 imposturm
1924 1216 1989 1253 ac

352 1291 581 1345 stolidae
611 1291 836 1346 fraudis
858 1293 1097 1347 nomine
1122 1293 1405 1346 miserum
1441 1291 1867 1353 existimavi,ac
1889 1305 1993 1359 per

347 1386 571 1435 rectam
606 1382 769 1435 illam
792 1382 1065 1436 incedere
1088 1398 1395 1453 aggressus
1417 1397 1545 1436 sum
1571 1397 1582 1434 :
1617 1396 1795 1451 quam
1813 1382 1991 1434 etiam

352 1472 576 1541 optimo
601 1473 738 1543 jure
770 1472 946 1525 rebus
978 1472 1252 1527 omnibus
1275 1471 1545 1536 antetuli,
1568 1477 1743 1539 atque
1766 1469 1991 1539 collap-

349 1576 475 1614 sam
495 1566 551 1613 et
563 1560 818 1614 dirutam
834 1561 1046 1615 animae
1061 1577 1205 1614 mea:
1220 1562 1461 1614 domum
1478 1560 1807 1613 instaurare
1821 1557 1966 1627 οωρὶ
1978 1599 1990 1611 .

420 1650 563 1702 Cum
582 1666 716 1720 ergo
735 1650 807 1704 ad
828 1650 984 1704 hunc
1002 1650 1243 1705 modum
1264 1650 1441 1704 rebus
1461 1648 1993 1703 meisconsulerem

345 1754 413 1793 ac
426 1739 643 1792 mentis
658 1738 949 1793 lubricum
964 1740 1257 1809 corrigere
1271 1738 1888 1808 studerem.sapientis
1903 1754 1998 1791 cu-

339 1826 578 1899 jusdam
590 1828 853 1899 magistri
867 1846 893 1880 \'
905 1845 1070 1882 ocem
1086 1828 1429 1898 audivi,hrec
1443 1828 1583 1883 mihi
1596 1828 1995 1883 inclamantis:

351 1917 734 1987 Egredimini.
771 1918 982 1988 inquit,
1018 1934 1243 1985 omnes,
1278 1935 1426 1988 quos
1470 1919 1679 1972 salutis
1712 1918 2001 1988 cupiditas

351 2010 722 2078 tenet,atque
746 2024 779 2061 a
801 2007 1007 2061 mundi
1037 2008 1292 2061 vanitate
1316 2026 1414 2061 vos
1440 2015 1755 2071 removete,
1792 2007 2006 2061 transit

352 2099 510 2151 enim
540 2098 725 2169 ipsius
752 2099 936 2168 ﬁgura
959 2099 1004 2167 (1
1038 2098 1156 2152 Cor.
1192 2100 1314 2166 vn).
1346 2101 1468 2153 Jam
1496 2100 1761 2170 jamque,
1792 2106 1849 2153 et
1871 2115 2004 2152 ecce

350 2203 473 2240 non
504 2188 633 2240 erit.
669 2187 965 2240 Irretortis
989 2186 1175 2241 oculis
1199 2188 1495 2253 excedite;
1527 2204 1634 2241 nec
1656 2194 1853 2241 tamen
1881 2188 2007 2241 ina-

356 2293 461 2330 nes
478 2283 533 2330 et
547 2277 947 2340 vacui,verum
964 2278 1341 2347 sempiternae
1359 2278 1486 2331 vitae
1503 2279 1711 2332 viatica
1727 2278 2003 2333 ferentes.

356 2365 589 2420 Etenim
631 2366 872 2438 longum
906 2366 1016 2420 iter
1047 2366 1207 2420 vobis
1238 2368 1561 2421 ineundum
1588 2374 1697 2435 est,
1732 2368 2008 2438 quodque

2102 572 2191 625 καὶ
2253 572 2559 642 σκοπέλων,
2614 575 2859 639 ἀκανθῶν
2912 597 2971 629 τε
3026 577 3116 630 καὶ
3166 573 3445 651 τριϐόλων
3500 578 3621 646 (75)
3670 595 3761 627 πι-

2102 662 2213 731 πλη
2226 664 2472 737 ρωμένην
2484 711 2497 730 ,
2558 665 2686 721 ἀλλ’

2105 752 2345 824 ὁμαλὴν,
2376 755 2675 827 τέρπουσαν
2740 758 2832 826 μὶν
2889 756 3021 818 τοὺς
3076 754 3397 831 ὀφθαλμοὺς
3440 758 3552 808 τῶν
3592 755 3757 820 αὐτὴν

2108 840 2399 896 ὁδευόντων
2434 849 2551 905 ταῖς
2607 844 2929 920 φανοτάταις
2990 844 3263 918 θεωρίαις,
3322 845 3674 916 ὼραὶζυυσαν
3710 840 3767 895 δὲ

2768 666 2905 737 ὅλην
2989 665 3135 721 λείαν
3215 669 3618 732 καθεστηκέναι
3674 664 3758 717 καῖ

2103 931 2228 992 τοὺς
2256 930 2448 1001 πόδας,
2488 933 2577 986 καὶ
2637 931 2976 988 ὐποδύουσαν
3032 935 3131 1001 τὴν
3190 933 3511 1004 έτοιμασίαν
3542 932 3648 986 τοῦ
3682 931 3769 985 εύ-

2107 1018 2372 1094 αγγελίου
2418 1028 2517 1089 τῆς
2569 1021 2793 1095 εἰρήνης
2824 1027 2939 1095 (76)
2967 1026 3062 1077 τοῦ
3116 1022 3376 1098 ἀσφαλῶς
3404 1043 3463 1076 τε
3492 1022 3590 1075 καὶ
3645 1042 3774 1073 συν-

2105 1109 2291 1180 τόμως
2343 1108 2599 1184 βαδίζειν·
2658 1109 2831 1186 ἤνπερ
2892 1115 3004 1184 (77)
3060 1110 3273 1167 πάντων
3335 1108 3571 1173 δικαίως
3630 1130 3779 1183 προ-

2106 1196 2309 1272 ἔκρινα,
2343 1198 2430 1253 καὶ
2480 1198 2794 1273 οἰκοδομεῖν
2852 1203 3104 1275 ἠρξάμην
3159 1202 3261 1271 τήν
3319 1200 3597 1255 πεσοῦσάν
3663 1220 3775 1272 μου

2103 1296 2203 1358 τῆς
2233 1292 2420 1363 ψυχῆς
2447 1290 2534 1344 καὶ
2562 1293 2846 1366 φθαρεῖσαν
2882 1290 3079 1348 οἰκίαν.

2182 1649 2368 1712 Οὕτως
2425 1673 2528 1723 μου
2584 1653 2649 1705 τὰ
2705 1653 2820 1705 κατ’
2874 1650 3108 1723 ἐμαυτὸν
3170 1647 3556 1721 διατιθεμένου
3588 1649 3786 1703 καὶτὸ

2112 1739 2378 1815 σφαλερὸν
2411 1745 2507 1795 τοῦ
2564 1740 2689 1802 νοὸς
2747 1740 3196 1815 ἐπανορθοῦντος,
3252 1739 3513 1815 ῥημάτων
3552 1739 3790 1806 ἀκήκοα

2109 1834 2278 1905 σοφοῦ
2328 1851 2477 1892 τινος
2538 1828 2868 1885 διδασκάλου
2940 1831 3165 1886 τοιαῦτά
3246 1851 3340 1901 μοι
3412 1824 3785 1900 ἐμϐοῶντος·

2110 1916 2403 1990 Ἐξέλθετε,
2444 1912 2573 1991 ἔφη,
2632 1920 2827 1980 πάντες
2885 1919 2941 1971 οἱ
2999 1922 3293 1981 ποθοῦντες
3325 1919 3597 1985 σωθῆναι·
3634 1917 3795 1969 ἀπο-

2108 2010 2262 2064 124
2294 2006 2606 2082 χωρίσθητε
2653 2014 2752 2076 τῆς
2802 2008 3166 2080 ματαιότητος
3209 2010 3305 2061 τοῦ
3353 2008 3597 2078 κόσμου·
3632 2027 3800 2080 παρ-

2108 2095 2225 2169 άγει
2254 2096 2357 2170 γὰρ
2390 2096 2451 2149 τὸ
2484 2103 2678 2170 σχῆμα
2721 2095 2888 2150 αὐτοῦ
2938 2100 3050 2169 (78)
3108 2097 3302 2169 μικρὸν
3335 2096 3483 2161 ὅσον,
3520 2094 3618 2149 καὶ
3651 2093 3795 2148 ἳδοῦ

2110 2188 2212 2241 οὐκ
2257 2181 2423 2242 ἔσται.
2486 2184 2755 2255 Ἐξέλθετε
2830 2184 3246 2259 ἀμεταστρεπτὶ,
3313 2188 3386 2259 μή
3446 2193 3669 2261 προῖκα
3734 2184 3800 2239 εὶ

2110 2275 2199 2329 καὶ
2259 2274 2471 2347 ἀμισθὶ,
2531 2273 2657 2329 ἀλλ’
2716 2273 2904 2351 ἐφόδια
2962 2278 3248 2349 φερόμενοι
3309 2282 3453 2345 ζωῆς
3509 2276 3799 2330 αἰωνίων

2116 2366 2323 2438 μακρὰν
2357 2365 2461 2439 γὰρ
2497 2362 2725 2436 μέλλετε
2786 2361 3022 2439 βαδίζειν
3086 2362 3236 2424 ὁδὸν,
3267 2364 3493 2419 πολλῶν
3533 2363 3799 2439 ἔχουσαν

358 2454 547 2509 multo
576 2456 825 2525 hujusce
856 2454 986 2508 vitae
1023 2456 1233 2509 viatico
1265 2472 1411 2527 opus
1441 2456 1655 2510 habeat
1681 2474 1693 2521 ;
1734 2462 1911 2526 atque
1936 2456 2008 2509 ad

362 2545 793 2614 sempiternum
828 2546 1046 2607 locum,
1077 2545 1179 2599 das
1203 2546 1492 2615 regiones.
1516 2546 1573 2599 in
1600 2546 1815 2615 quibus
1837 2562 2007 2600 man-

363 2632 565 2688 siones
600 2634 801 2689 multm
836 2634 956 2688 sint
986 2634 1037 2703 (Ι
1065 2633 1185 2687 Cor.
1216 2636 1298 2703 ιι),
1332 2635 1672 2698 habentem,
1706 2636 2009 2704 pervenie-

359 2722 456 2776 tis.
490 2723 747 2786 Quarum
779 2724 1027 2777 alteram
1088 2722 1326 2793 quidem
1390 2725 1542 2778 Deus
1588 2724 1660 2777 iis
1692 2724 1789 2793 qui
1825 2725 2012 2794 ipsius

362 2827 563 2865 amore
580 2811 907 2884 tlagrant.ej
920 2830 1107 2884 usque
1122 2812 1417 2868 mandatis
1432 2812 2016 2884 obtemperant.prze-

358 2900 886 2971 paravit,omnibus
901 2902 1072 2956 bonis
1086 2903 1396 2956 ﬂorentem
1411 2908 1469 2957 et
1483 2902 2013 2959 circumﬂuentem.

362 2990 450 3043 Ad
511 3006 689 3059 quam
728 2991 826 3060 qui
867 2990 1062 3045 divino
1105 2992 1393 3046 beneﬁcio
1447 2991 1845 3047 admittuntur
1884 2994 2011 3062 (Isa.

2112 2454 2300 2528 χρείαν
2358 2458 2465 2506 τῶν
2536 2452 2767 2515 ἐντεῦθεν
2820 2450 3072 2531 ἐφοδίων.
3152 2454 3255 2509 Καὶ
3309 2450 3807 2527 καταλαμϐάνετε

2110 2544 2203 2596 τὸν
2235 2542 2455 2596 αἰώνιον
2487 2542 2652 2597 τόπον
2689 2541 2877 2617 χώρας
2908 2540 3108 2617 ἔχοντα
3157 2540 3273 2611 δύο,
3307 2541 3525 2606 πολλὰς
3560 2544 3614 2597 ἐν
3650 2545 3805 2598 ἔαυ-

2112 2637 2231 2692 ταῖς
2267 2631 2435 2703 μονὰς
2467 2630 2719 2704 ἐχούσας,
2776 2632 2849 2684 ῶν
2901 2633 3000 2699 τὴν
3064 2632 3158 2703 μὶν
3225 2632 3348 2703 μίαν
3399 2632 3727 2703 ἡτοίμασεν
3768 2634 3799 2687 ὁ

2116 2721 2246 2782 Θεὸς
2277 2727 2393 2781 τοῖς
2426 2720 2699 2794 ἀγαπῶσιν
2732 2719 2890 2774 αὐτὸν
2938 2720 3028 2774 καὶ
3074 2722 3170 2783 τὰς
3202 2721 3361 2775 αὐτοῦ
3394 2720 3801 2798 φυλάττουσιν

2117 2809 2360 2879 ἐντολὰς,
2419 2810 2687 2865 παντοίων
2778 2808 2935 2864 οὖσαν
3022 2809 3233 2884 ἀγαθῶν
3293 2809 3807 2884 πεπληρωμένην,

2116 2902 2287 2974 ἧσπερ
2338 2900 2388 2953 οἱ
2434 2899 2743 2971 ἀξιωθέντες
2794 2899 2845 2953 ἐν
2896 2899 3161 2975 ἀφθαρσίᾳ
3211 2902 3462 2969 ζήσονται
3500 2898 3805 2969 διηνεκεῖ,

2114 2997 2216 3057 τῆς
2267 2988 2579 3065 ἂνωλέθρου
2636 2988 3007 3045 ἀπολαύοντες
3059 2988 3367 3055 ἀθανασίας,
3402 2985 3529 3043 ἔνθα
3562 2989 3805 3063 ἀπέδρα

361 3080 625 3138 xxxv).in
641 3080 1002 3149 sempiterna
1016 3081 1460 3151 incorruptione
1474 3081 1785 3153 degunt,ut
1798 3082 1896 3151 qui
1914 3083 2017 3136 im-

2121 3075 2309 3148 ὀδύνη,
2345 3076 2492 3147 λύπη
2545 3076 2633 3132 καὶ
2694 3076 2992 3150 στεναγμός
3047 3081 3177 3147 (79)·
3207 3080 3240 3145 ἡ
3275 3076 3331 3131 δὶ
3362 3076 3607 3151 δευτέρα,
3642 3081 3803 3134 πό-

364 3168 725 3223 mortalitate
746 3169 1022 3225 interitus
1044 3171 1241 3225 omnis
1262 3178 1499 3242 experte
1529 3171 1819 3238 fruantur,
1853 3172 2005 3226 unde

2139 3189 2245 3229 :ouc
2279 3166 2409 3221 οὖσα
2444 3168 2611 3239 μεστὴ
2644 3166 2733 3221 καὶ
2766 3166 3004 3239 θλίψεως
3044 3167 3133 3220 καὶ
3165 3164 3381 3236 ὀδύνης,
3414 3172 3492 3237 τῷ
3528 3163 3807 3241 διαϐόλῳ

2139 3260 2144 3275 Ρ
2237 3258 2247 3275 Ι
2559 3257 2571 3274 \
2671 3262 2691 3271 υ
2762 3257 2775 3273 η
2862 3254 2901 3275 Υ.
3081 3256 3093 3275 9
3175 3260 3198 3269 ’³
3236 3260 3341 3275 ΙΛΛὶ
3404 3255 3417 3273 ν
3490 3258 3523 3275 ν
3559 3257 3617 3275 ΠΧ
3697 3270 3715 3275 -
3758 3261 3773 3275 Ι

363 3257 764 3328 efl‘ugitdolor,
776 3258 924 3313 tristi
936 3260 1015 3315 tia
1027 3267 1078 3313 et
1093 3261 1245 3331 gemi
1257 3261 1775 3316 tus.Alteraautem
1789 3279 1917 3332 qua:
1934 3268 2014 3315 te-

364 3345 567 3399 nebris
591 3351 648 3399 et
668 3346 1100 3414 calamitate,ac
1124 3348 1329 3403 dolore
1352 3350 1620 3404 conferta
1641 3357 1750 3417 est,
1775 3351 2010 3405 diabolo

369 3439 428 3489 et
448 3435 672 3507 angelis
695 3436 823 3507 ejus
846 3444 1053 3508 parata
1076 3443 1183 3493 est.
1209 3439 1268 3492 ln
1287 3456 1464 3509 quam
1485 3441 1661 3494 etiam
1686 3441 2014 3511 conjicien-

368 3526 591 3595 tur,qui
608 3542 713 3596 per
734 3526 1055 3599 flagitiosas
1080 3529 1346 3583 actiones
1369 3546 1497 3583 eam
1523 3530 1633 3583 sibi
1659 3530 2012 3584 conciliave-

367 3615 691 3685 rint,atque
706 3616 777 3670 ab
792 3617 1036 3671 interitu
1050 3617 1245 3671 aliena
1259 3624 1315 3671 et
1327 3619 1690 3689 sempiterna
1708 3620 1865 3675 bona
1878 3636 2013 3674 cum

370 3704 763 3774 praesentibus
820 3707 1264 3773 commutarint,
1328 3712 1599 3779 totosque
1676 3726 1804 3763 sese
1861 3709 2013 3781 ignis

371 3793 577 3848 aeterni
610 3793 892 3864 pabulum
924 3797 1247 3851 eﬂ‘ecerint.

443 3884 575 3937 Haec
589 3900 693 3956 ego
706 3901 844 3939 voce
858 3885 1259 3956 audita,atque
1274 3887 1459 3958 ipsius
1470 3888 2021 3944 veritateintellecta

372 3973 433 4026 in
452 3972 563 4026 hoc
576 3989 760 4027 unum
775 3991 923 4045 opus
938 3975 1273 4035 incubui.ut
1289 3977 1361 4030 ad
1380 3977 1527 4031 illud
1544 3978 1863 4048 hospitium
1884 3994 2017 4049 per-

372 4061 635 4116 venirem
653 4063 808 4133 quod
828 4065 987 4118 omni
1008 4063 1211 4119 dolore
1245 4071 1302 4119 et
1332 4066 1612 4121 mmstitia
1634 4073 2017 4132 vacat,tanta-

374 4168 488 4222 que
512 4160 718 4209 contra
737 4156 1050 4210 securitate
1071 4173 1137 4210 ac
1164 4157 1344 4211 tantis
1360 4157 1531 4212 bonis
1554 4163 2019 4229 scatetzquorum

373 4243 631 4315 cognitio
654 4261 814 4299 nunc
831 4246 976 4299 mihi
996 4246 1280 4302 duntaxat
1302 4264 1371 4302 ex
1397 4254 1561 4319 parte
1581 4254 1759 4315 est,ut
1780 4250 1878 4319 qui
1903 4250 2019 4319 spi-

373 4330 607 4385 ritualis
635 4332 825 4387 aatatis
854 4333 1086 4388 ratione
1117 4350 1265 4405 puer
1295 4335 1428 4401 sim,
1462 4352 1529 4391 ac
1571 4336 1730 4391 velut
1756 4353 1861 4407 per
1886 4352 2019 4407 spe-

375 4420 510 4475 cula
539 4421 825 4476 duntaxat
853 4427 909 4476 et
940 4424 1256 4495 (enigmata
1286 4442 1380 4480 res
1422 4426 1635 4480 futurae
1682 4426 1813 4480 vita:
1854 4442 2021 4497 pers-

373 4511 763 4583 piciam.Cum
786 4519 983 4569 autem
1022 4516 1247 4571 venerit
1279 4516 1435 4586 quod
1468 4517 1794 4588 perfectum
1819 4523 1926 4584 est,
1952 4534 2019 4573 ac

2123 3258 2454 3329 ἡτοίμασται
2485 3257 2573 3311 καὶ
2605 3262 2721 3319 τοῖς
2751 3254 3003 3331 ἀγγέλοις
3036 3256 3202 3310 αὐτοῦ
3233 3260 3366 3327 (80),
3399 3255 3448 3310 ἐν
3559 3257 3808 3331 βληθῇ-

2121 3368 2304 3401 σονται
2361 3347 2451 3401 καὶ
2513 3347 2563 3401 οἱ
2619 3342 2689 3399 δι’
2760 3342 2933 3419 ἔργων
2991 3349 3247 3419 πονηρῶν
3304 3346 3518 3406 ἑαυτοῖς
3581 3349 3813 3417 ταύτην

2121 3437 2567 3510 προξενήσαντες,
2629 3434 2680 3488 οἳ
2734 3440 2842 3489 τῶν
2916 3434 3200 3511 ἀφθάρτων
3276 3435 3365 3488 καὶ
3421 3434 3685 3490 αἰωνίων
3738 3438 3814 3493 τά

2121 3526 2359 3602 παρόντα
2417 3523 2880 3597 ἀνταλλαξαμενοι
2933 3524 3019 3578 καὶ
3084 3522 3247 3586 ὅλους
3320 3524 3549 3588 ἑαυτοὺς
3605 3530 3813 3582 11115-

2123 3611 2320 3691 ϐρωμα
2347 3613 2444 3670 τοῦ
2472 3614 2702 3669 αἲωνίου
2733 3612 2904 3689 πυρὰς
2934 3612 3320 3687 ποιησάμενοι.

2199 3884 2415 3955 Ταύτης
2446 3883 2555 3959 ἐγὼ
2580 3890 2682 3952 τῆς
2742 3889 2928 3959 φωνῆς
2985 3881 3219 3944 ἀκούσας
3274 3882 3361 3936 καὶ
3423 3884 3487 3937 τὸ
3551 3883 3815 3957 ἀψευδὲς

2127 3975 2294 4044 αὐτῆς
2361 3973 2639 4047 ἐπιγνοὺς,
2727 3970 2898 4026 έκεῖνο
2985 3966 3313 4026 καταλαϐεῖν
3372 3972 3435 4025 τὸ
3484 3973 3817 4047 κατάλυμα

2127 4064 2281 4141 ἔργον
2329 4063 2546 4135 ἐθέμην,
2602 4062 2664 4117 τὸ
2720 4062 2901 4131 πάσης
2964 4062 3056 4133 μὲν
3110 4059 3542 4135 ἀπηλλαγμένον
3580 4061 3815 4134 ὀδύνης

2126 4177 2185 4211 τε
2213 4155 2301 4210 καὶ
2351 4152 2555 4225 λύπης,
2615 4150 2885 4220 τοσαύτης
2942 4148 2999 4205 δὲ
3056 4151 3354 4225 ἀσφαλείας
3385 4153 3477 4206 καὶ
3508 4156 3813 4210 τοιούτων

2130 4246 2341 4321 ἀγαθῶν
2385 4243 2597 4318 πλῆρες
2634 4242 2905 4317 ὑπάρχον,
2964 4242 3036 4294 ὧν
3096 4243 3132 4309 ἡ
3190 4246 3390 4314 γνῶσις
3443 4242 3562 4295 vuvi
3599 4245 3711 4316 μὲν
3752 4246 3818 4300 ἐκ

2134 4337 2332 4409 μέρους
2364 4333 2503 4388 ἐστὶν
2532 4332 2582 4386 έν
2616 4330 2764 4404 ἐμοὶ,
2797 4330 2979 4402 νηπίῳ
3020 4350 3078 4383 τε
3129 4326 3241 4384 ὄντι
3271 4331 3369 4399 την
3402 4339 3813 4404 πνευματιχῆν

2130 4426 2379 4495 ἡλικίαν,
2435 4422 2524 4477 καὶ
2584 4422 2658 4483 ὡς
2718 4417 2788 4474 δι’
2844 4419 3121 4495 ἐσόπτρων
3179 4419 3270 4474 καὶ
3327 4419 3679 4495 αἴνιγμάτων
3742 4426 3816 4478 τὰ

2131 4515 2329 4570 ἐκεῖθεν
2363 4515 2513 4571 126
2547 4511 2803 4585 βλέποντι
2860 4512 2991 4582 (81)’
3052 4509 3141 4564 ’ὸτε
3187 4506 3244 4563 δὶ
3298 4506 3430 4580 ἔλθῃ
3457 4512 3521 4565 τὸ
3551 4511 3815 4583 τέλειον,

370 4600 518 4657 facie
550 4602 623 4658 ad
658 4602 871 4658 faciem
904 4620 1278 4675 cognoscam,
1303 4611 1427 4661 tum
1447 4606 1685 4661 demum
1709 4608 2005 4663 evacuabi-

2139 4605 2221 4660 καὶ
2280 4603 2653 4677 ἐπιγνώσομαι
2710 4600 3003 4674 πρόσωπον
3055 4599 3193 4672 πρὸς
3224 4599 3543 4675 πρόσωπον,
3575 4602 3713 4659 τότε
3744 4604 3815 4658 τὸ

376 4698 474 4749 tur
503 4694 663 4765 quod
692 4712 763 4749 ex
801 4699 967 4765 parte
1000 4699 1089 4749 est
1128 4694 1172 4764 (1
1203 4696 1323 4752 Cor.
1357 4696 1503 4767 xm).
1537 4698 1661 4761 Quo
1693 4698 1851 4753 circa
1880 4715 2020 4769 gra-

2131 4694 2191 4750 ἐκ
2252 4693 2449 4769 μέρους
2502 4692 2973 4766 καταργηθήσεται
3034 4692 3163 4761 (82).
3224 4689 3556 4765 Εὖχαριστῶ
3601 4694 3809 4749 τοίνυν

470 4867 559 4933 74)
592 4868 757 4951 ΙξιὌγζ
818 4883 937 4933 vm,
972 4869 1042 4922 8:
1098 4865 1249 4922 Μετά
1303 4862 1652 4935 δικαιοσύνης
1704 4868 1878 4923 πάντα
1918 4869 1987 4923 τὰ
2040 4866 2259 4946 ῥήματα
2313 4869 2410 4921 τοῦ
2464 4863 2731 4937 στόματός
2786 4880 2909 4936 μου·
2962 4858 3119 4915 οὐδὲν
3152 4860 3361 4923 ἑαυτοῖς
3388 4861 3629 4934 σκολιὸν,
3665 4864 3817 4921 οὐδέ

377 4936 837 5011 οτραγγαλιῶδες.

452 5010 569 5080 (Ἷῦ)
597 5010 678 5065 Cf.
717 5016 856 5065 tom.
892 5013 985 5073 Ill,
1023 5030 1076 5081 p.
1120 5013 1234 5077 181,
1270 5030 1325 5066 ιι.
1364 5014 1414 5067 4.

452 5085 563 5152 (7(3)
598 5085 883 5153 liespectu
913 5084 985 5137 ad
1017 5085 1125 5137 Isa.
1161 5100 1255 5149 ιιι,
1292 5089 1316 5137 7

1350 5103 1361 5138 :
1394 5083 1480 5145 Ὠς
1515 5081 1667 5164 ’ὥρας
1704 5082 1789 5137 ἐπὶ
1851 5089 1971 5164 τῶν.
2016 5084 2208 5164 ὀρέων,
2266 5082 2340 5164 ῶς
2398 5078 2561 5164 πόδες
2593 5075 3113 5164 ,εὐαγγελιζομένου
3145 5077 3601 5164 ᾀχέἦνδεῖρήνηςί
3638 5083 3811 5164 Iride

378 5148 561 5231 Epist.
592 5148 957 5231 ad_Bom._x,
1123 5156 1210 5215 Ὡς
1254 5156 1448 5229 ὡραῖοι
1482 5157 1533 5210 οἱ
1564 5148 1727 5219 πόδες
1769 5160 1875 5210 τῶν
1925 5156 2005 5211 alio

2139 5148 2422 5227 ιιζομένων
2485 5148 2737 5223 εἲρήνην,
2767 5148 2889 5206 ’τῶν
2947 5148 3447 5223 εὐαγγελιζομένων
3478 5152 3540 5205 τὰ
3567 5152 3758 5226 ἀγαθά
3791 5158 3805 5209 ἷ

448 5227 558 5295 (77)
592 5226 729 5279 Vide
763 5227 1066 5281 Addenda.

452 5293 562 5366 (78)
596 5298 617 5349 Ι
649 5298 828 5384 Ιξρὶδὶ.
864 5298 934 5353 ad
966 5300 1089 5354 Cor.
1128 5317 1221 5368 VII,
1256 5302 1316 5354 31
1349 5318 1361 5355 :
1398 5298 1631 5373 Παράγει
1664 5299 1768 5375 γὰρ
1825 5299 1886 5354 τὸ
1948 5320 2005 5373 σ]

2139 5321 2145 5353 :
2200 5302 2296 5353 τοῦ
2353 5295 2564 5369 κόσμου
2593 5293 2809 5352 τούτου.
2843 5295 3157 5366 IEpistola
3193 5296 3360 5352 Joan.
3395 5314 3454 5361 ιι,
3490 5300 3583 5350 l7:
3617 5294 3647 5347 ὁ
3687 5296 3805 5351 χό-

382 5386 524 5437 σμος
554 5386 865 5440 παραγεται.

452 5440 563 5508 (79)
595 5440 705 5493 Isa.
738 5458 903 5509 xxxv,
942 5447 1023 5498 10.

602 5512 798 5589 blatth.
824 5507 1049 5589 117v,“
1085 5531 1097 5569 :
1131 5512 1202 5570 Τὸ
1230 5518 1333 5589 πῦρ
1361 5516 1421 5569 τὸ
1454 5513 1694 5581 αἰώνιον,
1727 5516 1787 5569 τὸ
1818 5512 2223 5589 ἡτοιμασμένον
2254 5517 2335 5585 τῷ
2366 5507 2733 5589 διαϐόλῳ-και
2768 5516 2888 5589 τοῖς.
2913 5507 3169 5583 ἀγγέλοις
3201 5507 3387 5589 αὐτοῦ..

454 5583 565 5660 (81)
601 5584 910 5660 Gregorius
964 5588 1092 5640 Naz.
1122 5581 1313 5660 _orat,'
1364 5590 1448 5654 16,
1512 5606 1567 5658 p.
1617 5592 1758 5642 251:
1816 5581 1985 5657 Δόξης

2139 5581 2425 5660 ιρίαν,’νῦν
2463 5585 2556 5657 μὲν
2585 5581 2684 5651 τήν
2718 5582 2769 5636 έν
2803 5581 3087 5660 έσόπτροις
3116 5600 3173 5633 τε
3202 5581 3294 5634 καὶ
3328 5581 3611 5657 αἷνίγμασε,
3650 5583 3792 5643 τέυς

385 5649 442 5708 δὲ
468 5652 571 5731 τὴν
601 5649 937 5731 τελεωτέραν
964 5674 1019 5731 τε
1049 5656 1135 5708 καὶ
1167 5649 1566 5730 καθαρωτέραν.
1603 5661 1877 5731 Respexit
1900 5649 2003 5714 uie

2139 5649 2158 5712 ἑ
2186 5661 2207 5711 l
2238 5649 2419 5731 Epist.
2455 5649 2527 5712 ad
2558 5649 2688 5731 Cor.
2717 5672 2731 5710 :
2763 5656 2835 5711 ef.
2870 5649 3013 5731 nota
3045 5670 3167 5731 seq;

458 5726 571 5805 (82)
600 5726 626 5782 Ι
654 5722 847 5799 Epist."
869 5726 943 5784 ad
973 5728 1102 5782 Cor.
1135 5744 1259 5800 xm,
1308 5722 1372 5803 ’9,
1432 5722 1518 5803 1Ὀ,
1580 5733 1667 5808 11,
1717 5722 1835 5788 ’12ε
1896 5731 1991 5787 Ἐκ

2139 5749 2245 5792 ιους
2284 5722 2401 5805 ’γὰρ
2455 5728 2861 5807 γινώσκομεν...
2894 5725 3020 5782 ὅταν
3055 5722 3275 5805 δέίέλθῃ
3309 5727 3372 5783 τὸ
3400 5722 3613 5794 τέλειον,
3646 5726 3788 5789 τόυς
