4010 6206
226 390 343 447 993

1400 390 1573 445 VITA
1608 388 1959 445 BARLAAM
1995 389 2089 444 ΕΤ
2124 386 2467 443 JOASAPH.

3538 391 3650 449 994

232 516 545 592 ἀπάγουσαν
574 515 723 588 ἡμᾶς
750 517 856 570 τῶν
892 515 1165 591 φθαρτῶν,
1212 514 1303 571 καὶ
1349 518 1459 569 τῶν
1506 509 1700 574 ἀϊδίων
1751 534 1876 589 μετ-

2012 531 2111 587 per
2139 513 2298 585 quod
2322 510 2594 569 homines
2638 512 3140 585 sempiternorum
3182 511 3478 573 honorum
3506 535 3647 590 par-

231 606 407 682 όχους
443 604 638 681 ἔργαζο
648 604 840 678 μένην,

304 694 550 757 Παλαιᾶς
581 694 699 762 οὗν,
733 693 930 772 φησὶνό
963 693 1219 770 Ἰωάσαφ,
1268 696 1356 751 καὶ
1392 695 1567 761 οὕτως
1596 696 1884 773 ἀναγκαίας

230 783 406 853 οὔσης
436 791 535 854 τῆς
565 783 825 856 τοιαύτης
870 783 1218 863 φιλοσοφίας,
1269 790 1387 848 πῶς
1434 785 1494 841 οὐ
1543 785 1753 843 πολλοὶ
1789 793 1885 859 ζη-

233 877 397 933 λοῦσι
430 877 669 950 σήμερον
702 876 919 931 τουτονὶ
945 876 1036 931 τὸν
1075 875 1190 953 βίον
1217 894 1232 948 ;

307 1056 367 1109 Ὀ
418 1053 474 1111 δὲ
514 1053 686 1132 γέρων
732 1049 857 1130 ἔφη’
912 1053 1123 1112 Πολλοὶ
1177 1055 1271 1131 μὲν
1322 1056 1602 1130 ἐζήλωσαν
1651 1060 1737 1114 καὶ
1794 1063 1889 1129 ζη-

235 1146 455 1216 λοῦσιν,
488 1149 539 1200 oi.
570 1145 817 1202 πλεῖστοι
865 1143 923 1201 δὲ
971 1149 1187 1203 ὀκνοῦσι
1236 1147 1326 1204 καὶ
1363 1148 1701 1207 ἀναδύονται.
1735 1150 1892 1208 Ὀλί-

233 1257 330 1312 γοι
362 1237 492 1312 γάρ,
526 1237 663 1291 καθά
694 1257 854 1313 φησιν
917 1238 945 1292 6
1006 1237 1228 1313 Κύριος,
1286 1240 1338 1294 οἱ
1394 1246 1493 1309 τῆς
1541 1248 1731 1310 στενῆς
1762 1238 1891 1295 ὀδοῦ

232 1326 331 1381 καὶ
360 1325 736 1399 τεθλιμμένης
776 1323 1061 1402 ὁδοιπόροι
1113 1331 1212 1403 (3),
1264 1336 1363 1399 τῆς
1402 1331 1684 1401 ἀνειμένης
1716 1328 1771 1385 δὲ
1801 1330 1892 1386 καὶ

232 1415 504 1478 πλατείας
539 1417 590 1470 οἳ
639 1416 862 1480 πλείους
1059 1420 1125 1476 Οἱ
1171 1420 1270 1493 γὰρ
1320 1421 1560 1491 καθάπαξ
1596 1422 1697 1476 ὑπὸ
1733 1422 1893 1498 φιλο-

235 1506 564 1583 χρηματίας
618 1505 708 1561 καὶ
763 1511 869 1562 τῶν
924 1512 1026 1573 τῆς
1080 1506 1401 1586 φιληδονίας
1431 1514 1609 1565 κακῶν
1646 1510 1891 1583 ἁλόντες,

234 1599 310 1669 τῇ
364 1597 495 1667 κενῇ
552 1593 609 1650 δῖε
664 1595 754 1650 καὶ
818 1597 1017 1669 ματαίᾳ
1069 1599 1499 1671 προστετηκότες
1557 1595 1703 1674 δόξῃ,
1764 1597 1892 1653 δῦσ-

239 1686 609 1747 αποσπάστως
640 1685 814 1741 αὐτῶν
866 1685 1108 1761 ἔχουσιν,
1157 1688 1230 1749 ὡς
1282 1688 1372 1742 ἅτε
1412 1684 1644 1751 δούλους
1678 1690 1896 1752 ἑαυτοὺς

235 1777 508 1839 ἑκουσίως
567 1776 1064 1850 ἀπεμπολήσαντες
1146 1777 1427 1853 ἀλλοτρίῳ
1486 1776 1744 1855 δεσπότῃ,
1803 1781 1893 1835 καὶ

241 1867 337 1920 ἀπ’
396 1864 641 1927 ἐναντίας
698 1866 980 1939 ἱστάμενοι
1031 1871 1108 1938 τῷ
1166 1871 1336 1922 ταῦτα
1386 1866 1720 1924 ἐπιτάττοντι
1755 1874 1893 1942 Θεῷ,

237 1954 332 2011 καὶ
366 1952 584 2028 δέσμιοι
642 1953 788 2027 αὐτῷ
839 1955 1221 2031 κατεχόμενοι.
1277 1958 1446 2032 Ψυχὴ
1507 1959 1611 2033 γὰρ
1655 1960 1895 2031 καθάπαξ

239 2045 559 2120 ἀπογνοῦσα
604 2050 706 2113 τῆς
766 2045 972 2107 οίκείας
1030 2044 1325 2116 σωτηρίας,
1381 2047 1475 2108 τὰς
1525 2047 1680 2116 ἡνίας
1728 2051 1895 2119 αὐτῆς

239 2132 477 2190 ἐνδοῦσα
530 2139 649 2195 ταῖς
711 2132 935 2208 ἀλόγοις
996 2133 1330 2209 ἐπιθυμίαις,
1362 2141 1644 2211 πανταχοῦ
1674 2140 1895 2217 περιφέ-

250 2243 423 2299 ρεται.
458 2221 554 2277 Διά
581 2226 743 2277 τοῦτο
786 2221 1193 2299 ὀλοφυρόμενος
1226 2225 1254 2279 6
1286 2226 1582 2300 Προφήτης
1612 2227 1709 2293 τὴν
1743 2246 1901 2303 περι-

242 2312 562 2387 κεχυμένην
618 2310 801 2366 ἄνοιαν
855 2318 973 2374 ταῖς
1028 2315 1307 2377 τοιαύταις
1361 2318 1588 2390 ψυχαῖς,
1647 2316 1735 2370 καὶ
1796 2320 1898 2381 τῆς

240 2402 597 2475 ἐπικειμένης
656 2402 841 2466 αὐταῖς
894 2401 1108 2479 ἀχλύος
1166 2406 1264 2473 τὴν
1326 2407 1618 2481 παχύτητα
1664 2411 1896 2481 θρηνῶν,

240 2490 434 2566 ἔλεγεν
491 2491 607 2546 Υἱοὶ
668 2495 740 2566 (5)
797 2493 1118 2567 ἀνθρώπων,
1172 2491 1275 2558 ἕως
1330 2494 1461 2550 πότε
1506 2494 1897 2572 βαρυκάρδιοις

243 2581 397 2636 ἱνατί
430 2581 674 2656 ἀγαπᾶτε
707 2584 1046 2655 ματαιότήτα
1097 2583 1186 2639 καὶ
1231 2589 1440 2655 ζητεῖτε
1470 2582 1666 2658 ψεῦδος
1702 2606 1716 2655 ς
1748 2588 1900 2658 ’Ότῳ

241 2691 332 2732 τις
365 2668 458 2724 καὶ
505 2675 613 2725 τῶν
670 2671 952 2746 ἡμετέρων
1011 2677 1189 2751 σοφῶν
1248 2670 1614 2744 διδασκάλων,
1648 2672 1900 2749 θεολογι-

241 2761 501 2822 κώτατος
558 2759 691 2836 ἀνὴρ
742 2765 840 2835 (6),
895 2758 1159 2832 συνᾴδων,
1208 2760 1295 2816 καὶ
1350 2783 1468 2817 τινα
1525 2764 1652 2839 παρ’
1709 2764 1901 2818 ἑαυτοῦ

238 2850 582 2923 προστιθεῖς,
638 2845 806 2922 ἐκϐοᾷ
860 2855 1018 2905 πᾶσιν
1079 2851 1153 2913 ὡς
1212 2850 1260 2924 ἐξ
1320 2851 1565 2907 ἀπόπτευ
1619 2852 1767 2915 τινὸς
1809 2853 1899 2907 καὶ

242 2942 410 2997 I30
445 2936 795 3013 ὑψηλοτάτης
825 2947 1110 3015 περιωπῆς
1141 2944 1235 3013 (7)'
1272 2941 1385 2995 Υἱοὶ
1447 2941 1770 3015 ἀνθρώπων,
1798 2938 1903 3006 ἕως

246 3030 386 3084 πότε
448 3026 839 3105 βαρυκάρδιοι;
894 3029 1035 3085 ἱνατί
1111 3031 1351 3106 ἀγαπᾶτε
1420 3030 1756 3106 ματαιότητα
1810 3032 1897 3087 καὶ

246 3125 470 3191 ζητεῖτε
500 3119 732 3194 ψεύδου
792 3123 947 3195 Μέγα
1002 3143 1053 3177 τι
1112 3123 1206 3177 τὸν
1267 3122 1494 3187 ἐνταῦθα
1528 3121 1647 3198 βίον
1680 3122 1771 3178 καὶ
1801 3124 1899 3191 τήν

234 3210 460 3285 τρυφήν
520 3210 609 3265 καὶ
665 3213 725 3266 τὸ
788 3213 980 3289 μικρὸν
1042 3209 1288 3287 δοξάριον
1343 3212 1433 3267 καὶ
1490 3213 1588 3282 τήν
1637 3214 1895 3283 ταπεινὴν

1994 604 2203 675 ticipes
2235 602 2593 658 redduntur.

2065 694 2207 748 Cum
2231 693 2430 765 igitur,
2464 693 2661 762 inquit
2684 692 2987 763 Josaphat,
3020 698 3141 748 tam
3173 693 3422 764 antiqua
3448 700 3509 751 et
3535 713 3644 753 ne-

1996 784 2255 838 cessaria
2284 782 2633 853 hujusmodi
2663 782 3048 853 philosophia
3079 784 3174 847 sit,
3197 783 3341 855 quid
3374 801 3553 842 causa
3569 793 3657 842 est

1998 874 2387 945 quamobrem
2412 874 2701 930 hodierna
2721 873 2813 929 die
2838 876 3009 946 pauci
3034 875 3153 930 sint
3174 876 3274 947 qui
3303 877 3457 933 hanc
3474 878 3654 935 vitam

1997 965 2312 1019 imitentur
2332 964 2360 1018 ‘i

2068 1072 2395 1143 Respondit
2417 1088 2595 1127 senex
2613 1071 2794 1127 :Multi
2821 1072 3062 1144 quidem
3088 1090 3217 1129 eam
3240 1074 3453 1131 imitati
3488 1081 3646 1146 sunt,

1999 1170 2056 1220 et
2073 1166 2397 1220 etiamnum
2419 1166 2828 1221 imitantur.At
2846 1167 3031 1223 multo
3050 1168 3250 1241 plures
3269 1175 3648 1241 cunctantur,

1999 1274 2066 1311 ac
2086 1272 2283 1310 moras
2305 1257 2753 1310 nectunt.Pauci
2779 1258 2939 1311 enim
2966 1264 3124 1321 sunt,
3147 1264 3210 1313 ut
3230 1260 3313 1313 ait
3335 1261 3645 1330 Dominus,

2002 1345 2100 1417 qui
2124 1362 2230 1416 per
2251 1350 2474 1399 aretam
2497 1351 2555 1399 et
2574 1352 2885 1417 angustam
2906 1347 3060 1401 viam
3085 1348 3395 1415 incedant;
3421 1350 3521 1421 qui
3546 1367 3653 1405 au—

2002 1440 2119 1489 tem
2148 1450 2255 1505 per
2273 1434 2508 1489 facilem
2534 1440 2590 1488 et
2612 1434 2813 1502 latam,
2836 1453 3013 1507 quam
3035 1437 3276 1507 plurimi
3298 1440 3509 1507 (Matth.
3544 1457 3653 1508 vn;

2000 1527 2132 1579 Luc.
2167 1525 2341 1593 xxxii).
2380 1526 2523 1578 Nam
2554 1525 2655 1594 qui
2683 1525 2869 1579 semel
2891 1527 3283 1596 pecuniarum
3308 1530 3652 1600 cupiditate,

2003 1619 2062 1668 et
2092 1612 2369 1667 vitiorum
2412 1630 2540 1684 quae
2575 1630 2647 1667 ex
2690 1614 3093 1670 voluntatibus
3127 1617 3419 1683 oriuntur,
3454 1636 3653 1674 amore

2003 1702 2571 1773 correpti,vana3que
2592 1708 2649 1756 et
2666 1703 2829 1757 inani
2853 1703 3051 1774 glorizn
3071 1704 3288 1759 addicti
3309 1707 3563 1771 sunt,vix
3582 1708 3653 1763 ab

2003 1793 2150 1865 ipsis
2178 1792 2377 1847 divelli
2411 1796 2682 1863 possunt,
2716 1796 2782 1845 ut
2811 1792 2909 1863 qui
2943 1792 3139 1848 alieno
3163 1794 3654 1868 domino,quique

1929 1904 1974 1968 B
2006 1882 2444 1948 omnia,contra
2460 1898 2526 1935 ac
2546 1882 3182 1953 Deus,imperat,atque
3197 1884 3357 1955 ipsos
3371 1890 3655 1957 tanquam

2007 1971 2234 2027 catenis
2257 1970 2611 2042 quibusdam
2631 1972 2857 2025 vinctos
2878 1973 3223 2035 tenet,ultra
3245 1974 3472 2046 seipsos
3498 1993 3660 2032 man-

2003 2061 2279 2133 ciparint.
2314 2061 2567 2114 Animus
2600 2061 2840 2132 quippe,
2875 2077 3009 2116 cum
3044 2062 3231 2117 semel
3281 2065 3488 2121 salutis
3537 2083 3657 2123 sum

2005 2168 2170 2223 spem
2193 2150 2285 2221 abj
2299 2150 2767 2216 ecerit,habenas
2792 2167 2927 2205 suas
2950 2153 3170 2208 aversis
3189 2170 3224 2208 a
3240 2155 3467 2209 ratione
3491 2157 3658 2228 cupi-

2004 2240 2291 2295 ditatibus
2315 2238 3173 2310 permittens.quaquaversum
3200 2241 3499 2300 fertur.Ac
3522 2263 3658 2316 pro-

2005 2330 2143 2384 inde
2162 2329 2457 2400 Propheta
2475 2330 2725 2383 offusam
2749 2329 3089 2400 hujusmodi
3105 2331 3324 2387 animis
3338 2335 3658 2391 amentiam

2007 2409 2346 2482 deplorans,
2380 2408 2769 2480 caliginisque
2801 2409 2962 2480 ipsos
3010 2413 3278 2483 urgentis
3328 2416 3658 2472 crassitiem

2006 2499 2336 2573 lugens,his
2358 2498 2549 2553 verbis
2572 2498 2881 2554 utebatur:
2907 2500 3037 2554 Filii
3070 2502 3409 2570 hominum,
3439 2523 3661 2577 usque-

2008 2608 2123 2662 quo
2147 2590 2304 2662 gravi
2328 2587 2604 2643 corde?ut
2625 2588 2769 2659 quid
2791 2589 3036 2661 diligitis
3059 2594 3403 2664 vanitatem,
3427 2602 3485 2651 et
3507 2615 3662 2669 quaa-

2006 2680 2136 2735 ritis
2154 2676 3077 2740 mendacium?Quemadmodum
3098 2681 3279 2737 etiam
3303 2686 3544 2753 quidam
3569 2705 3662 2743 sa-
3694 2718 3699 2723 ι

2007 2771 2276 2842 pientum
2300 2768 2719 2840 magistrorum
2742 2773 3198 2831 nostrorum.vir
3219 2790 3419 2829 rerum
3439 2776 3661 2833 divina-

2006 2876 2138 2914 rum
2152 2856 2549 2929 peritissimus
2566 2856 2835 2910 eamdem
2851 2861 3283 2930 cumPrOpheta
3298 2864 3659 2921 cantilenam

2009 2962 2325 3014 canens,ac
2348 2945 2619 3016 quaedam
2641 2962 2675 2999 a
2692 2946 2886 3017 seipso
2910 2946 3261 3020 adjungens,
3284 2957 3566 3023 tanquam
3592 2972 3661 3011 ex

2009 3038 2129 3095 alta
2140 3036 2395 3108 quadam
2411 3041 2467 3089 et
2481 3034 2810 3089 editissima
2827 3037 3067 3106 specula
3081 3039 3358 3095 omnibus
3375 3041 3657 3100 inlamat:

2010 3129 2140 3185 Filii
2159 3126 2807 3196 hominum,usquequo
2826 3126 2983 3198 gravi
3005 3129 3280 3183 corde?ut
3300 3131 3443 3201 quid
3469 3131 3667 3203 diligi-

2012 3219 2085 3273 tis
2101 3218 2507 3279 vanitatem,et
2528 3215 2709 3285 quaeri
2722 3215 2794 3270 tis
2810 3215 3669 3290 mendacium(Psal.xuv):ma.

235 3297 561 3355 δυναστείαν
618 3301 707 3356 καὶ
762 3304 859 3373 τήν
914 3300 1254 3377 ψευδὸμὲνην
1316 3302 1608 3379 εὐημερίαν
1640 3302 1892 3379 ὑπολαμ-
1931 3279 3669 3381 ὓςηαῐηιιὶῐηὶιπιιῐηαἰὶᾳυὶὀὴειηονὶῐειῐῃ,ειά91ἱοὶἂε,ειθχίι

236 3386 527 3461 ϐάνοντες,
586 3391 620 3446 ’ἀ
680 3393 755 3466 μή
812 3398 919 3449 τῶν
978 3392 1213 3468 ἐχόντων
1272 3394 1489 3467 μᾶλλον
1545 3393 1889 3465 ἐπὶνῆτῶν

237 3481 613 3552 ἐλπισάντων,
668 3480 792 3537 οὐδὲ
845 3482 1053 3539 τούτων
1102 3482 1315 3558 μᾶλλον
1350 3485 1384 3553 ἢ
1414 3489 1521 3539 τῶν
1552 3484 1677 3540 οὐδὲ
1724 3506 1897 3561 προσ-

235 3570 620 3643 δοκησάντων,
674 3573 853 3646 ὥσπερ
912 3578 1050 3650 χοῦς
1112 3574 1215 3629 ὑπὸ
1274 3572 1549 3636 λαίλαπος
1591 3573 1792 3631 ἄλλοτε
1823 3576 1898 3640 εἷς

233 3659 457 3718 ἄλλους
516 3663 838 3739 ῥιπιζόμενα
889 3665 977 3718 καὶ
1043 3662 1572 3739 μεταῤῥιπτούμενα,
1631 3666 1666 3733 ἢ
1718 3664 1896 3743 ὥσπερ

226 3753 450 3815 καπνὸς
506 3750 849 3829 διαρῥέοντα,
897 3754 985 3807 καὶ
1042 3753 1116 3815 ὡς
1166 3749 1296 3829 ὄναρ
1346 3752 1631 3825 παίζοντα,
1672 3756 1762 3809 καὶ
1820 3755 1894 3818 ὡς

230 3842 371 3898 σκιά
430 3843 507 3915 μή
561 3842 923 3916 κρατούμενα,
983 3839 1107 3897 οὔτε
1158 3841 1365 3897 ἀπόντα
1422 3840 1752 3899 δυσέλπιστα
1787 3850 1906 3907 τοῖς

230 3932 311 3988 οὐ
344 3933 728 4005 κεκτημένοις,
762 3929 885 3987 οὕτε
915 3932 1158 4006 παρόντα
1188 3933 1351 3987 πιστά
1376 3938 1493 3996 τοῖς
1529 3932 1775 4009 ἔχουσιν.

2004 3413 2173 3471 guam
2185 3393 2569 3468 gloriolam,et
2583 3393 2919 3449 mendacem
2935 3396 3387 3466 prosperitatem
3402 3415 3530 3454 esse
3547 3399 3669 3455 exi-

2008 3489 2318 3544 stimantes
2344 3486 2515 3556 .(Naz.
2543 3486 2733 3540 ora.de
2745 3488 3029 3540 suisser.et
3048 3486 3669 3558 adJuliumeisoten.?)

2009 3580 2146 3644 Quae
2188 3575 2430 3647 quidem
2469 3592 2586 3629 non
2622 3574 2810 3646 magis
2843 3591 3049 3629 eorum
3081 3581 3221 3630 sunt
3252 3578 3353 3649 qui
3389 3578 3669 3635 fruuntur

2012 3684 2189 3739 quam
2210 3666 2310 3737 qui
2332 3681 2400 3719 ea
2418 3664 2478 3718 in
2495 3681 2594 3736 spe
2612 3663 3083 3731 habuerunt;nec
3098 3682 3306 3721 rursus
3322 3668 3536 3723 horum
3552 3686 3669 3725 ma-

2012 3759 2099 3831 gis
2122 3773 2301 3828 quam
2326 3771 2532 3810 eorum
2557 3753 2657 3825 qui
2682 3770 2754 3808 ne
2779 3770 2847 3809 ea
2868 3754 3113 3825 quidem
3137 3773 3401 3828 unquam
3425 3774 3671 3831 exspec-

2014 3852 2299 3907 tarunt.et
2327 3862 2458 3916 quae
2475 3861 2595 3899 non
2617 3860 2786 3899 secus
2808 3860 2875 3899 ac
2898 3844 3090 3915 pulvis
3116 3863 3150 3901 a
3173 3847 3410 3903 turbine
3429 3848 3502 3903 ad
3524 3849 3674 3905 alios

2017 3942 2193 4008 atque
2215 3935 2364 3991 alios
2396 3932 2647 3988 subinde
2679 3934 3030 4005 perﬂantur,
3056 3952 3124 3990 ac
3160 3937 3677 4010 vicissimjactan-

235 4032 366 4092 tur,
402 4028 507 4079 aut
534 4024 681 4079 fumi
714 4024 902 4079 instar
933 4023 1224 4091 defluunt,
1256 4042 1323 4079 ac
1355 4025 1513 4080 velut
1544 4026 1908 4084 insomnium
1940 4026 2213 4084 homines
2237 4024 2648 4088 ludiﬁcantur,
2676 4027 2733 4078 et
2758 4029 2823 4078 ut
2845 4024 3057 4079 umbra
3079 4026 3322 4083 retineri
3346 4033 3673 4100 nequeunt,

240 4132 317 4171 ac
346 4115 607 4186 denique
636 4114 719 4169 ita
749 4119 963 4170 natura
994 4119 1335 4186 comparata
1366 4120 1523 4183 sunt,
1556 4122 1620 4170 ut
1668 4133 1779 4172 nec
1826 4135 1960 4173 cum
2005 4115 2243 4180 absunt,
2280 4130 2347 4169 ea
2398 4130 2458 4169 se
2492 4113 2805 4169 habituros
2849 4130 2977 4169 esse
3012 4114 3285 4170 homines
3318 4117 3673 4187 desperent;

243 4224 365 4264 nec
398 4221 535 4261 cum
566 4204 803 4271 adsunt,
837 4204 1280 4275 possidentibus
1311 4210 1472 4259 certa
1502 4209 1560 4259 et
1589 4205 1826 4261 stabilia
1856 4207 1996 4262 sint.

317 4293 515 4353 Οὕτως
547 4290 638 4346 οὖν
670 4296 766 4345 τοῦ
800 4298 1061 4367 Σωτῆρος
1103 4290 1517 4365 ἐντελλομένου,
1547 4296 1653 4347 τῶν
1687 4314 1905 4371 προφη-
1974 4312 1977 4313 ⁷

2086 4295 2232 4350 Cum
2274 4292 2453 4365 igitur
2477 4291 2550 4346 ad
2582 4291 2739 4345 hunc
2775 4291 3019 4345 modum
3052 4292 3318 4347 Salvator
3341 4296 3671 4369 praecipiat,

238 4389 357 4441 τῶτ
390 4402 450 4437 τε
481 4381 572 4436 καὶ
618 4380 971 4438 ’Λποστόλων
1023 4381 1426 4454 κηρυττόντων,
1473 4382 1563 4436 καὶ
1595 4386 1701 4436 τῶν
1730 4381 1895 4456 ἁγίων

2014 4383 2319 4457 propheta:
2341 4386 2398 4437 et
2416 4379 2669 4451 apostoli
2690 4380 3111 4449 praedicent,ac
3131 4384 3320 4437 sancti
3339 4400 3545 4441 omnes
3563 4388 3669 4443 viri

242 4477 476 4530 πάντων
504 4469 649 4546 ἔργῳ
692 4491 752 4527 τε
804 4472 895 4526 καὶ
955 4471 1104 4546 λόγῳ
1160 4471 1236 4533 είς
1290 4472 1388 4539 τὴν
1422 4477 1519 4540 τῆς
1550 4472 1744 4547 ἀρετῆς
1778 4493 1901 4527 συν-

242 4562 545 4629 ωθούντων
600 4563 748 4633 ἡμᾶς
803 4559 1208 4632 ἀπλανεστάτην
1273 4557 1424 4631 ὁδὸν,
1480 4559 1575 4615 κᾶν
1635 4560 1814 4637 ὀλίγοι
1848 4562 1902 4616 οἱ

238 4656 455 4725 ταύτην
487 4651 789 4725 ὁδεύοντες,
820 4651 1042 4715 πλείους
1098 4649 1155 4707 δὲ
1212 4653 1263 4706 οἱ
1318 4654 1417 4721 τὴν
1467 4650 1781 4727 εὐρύχωρον
1812 4652 1903 4708 καὶ

240 4744 389 4820 πρὸς
422 4740 700 4798 ἀπώλειαν
752 4743 986 4818 ἄγουσαν
1045 4740 1447 4817 προκρίνοντες,
1479 4740 1578 4796 οὐκ
1608 4740 1668 4796 ἐκ
1706 4739 1903 4796 τούτου

237 4837 278 4904 ἡ
339 4830 597 4888 πολιτεία
651 4839 752 4901 τῆς
808 4831 988 4895 ἐνθέου
1045 4832 1246 4901 ταύτης
1306 4832 1900 4907 κατασμικρυνθήσεται

238 4921 606 5003 φιλοσοφίας,
637 4919 804 4991 ἀλλὰ,
837 4922 1075 4994 καθάπερ
1108 4922 1136 4977 6
1179 4920 1367 4991 ἥλιος,
1406 4922 1482 4983 εἷς
1515 4918 1705 4990 φαῦσιν
1740 4926 1901 4975 πᾶσιν

239 5011 597 5082 ἀνατέλλων,
652 5010 900 5090 ἀφθόνως
954 5012 1121 5066 αὑτοῦ
1177 5013 1273 5074 τάς
1332 5011 1551 5076 ἀκτῖνας
1589 5011 1904 5088 προπέμπει

242 5107 461 5166 πάντας
512 5102 831 5181 φωτίξεσθαι
878 5101 1345 5178 προτρεπόμενος,
1393 5101 1535 5157 οὕτω
1575 5102 1665 5157 καὶ
1696 5102 1731 5171 ἡ
1765 5098 1906 5171 ἀλη-

246 5195 358 5264 θής
389 5190 689 5270 φιλοσοφία
734 5189 861 5254 τοὺς
912 5190 1081 5261 αὐτῆς
1130 5191 1351 5266 ἐραστὰς
1400 5189 1567 5261 ἡλίου
1600 5188 1757 5261 δίκην
1789 5209 1907 5247 φω-

2015 4481 2141 4529 tum
2165 4489 2226 4527 re
2249 4472 2529 4543 ipsa,tum
2554 4484 2830 4523 sermone
2864 4469 2938 4524 ad
2968 4470 3201 4527 virtutis
3228 4473 3380 4528 viam
3404 4475 3474 4529 ab
3505 4478 3670 4533 omni

2015 4579 2213 4619 errore
2245 4560 2500 4616 maxime
2538 4559 2869 4615 immunem
2920 4576 3029 4615 nos
3070 4561 3404 4633 impellant,
3439 4568 3671 4624 etiamsi

2014 4652 2187 4724 pauci
2212 4652 2365 4706 hanc
2384 4653 2863 4714 teneant,contra
2885 4654 3083 4705 autem
3103 4652 3271 4707 multi
3296 4653 3476 4709 latam
3493 4662 3670 4728 atque

2015 4742 2077 4797 in
2102 4742 2344 4797 exitium
2372 4738 2689 4794 ducentem
2714 4738 2824 4795 sibi
2851 4739 3133 4813 deligant,
3167 4759 3288 4797 non
3312 4750 3510 4800 tamen
3533 4764 3669 4818 pro-

2014 4829 2445 4903 ptereadivinae
2461 4828 2641 4899 hujus
2654 4828 3047 4901 phi1050phiee
3066 4830 3403 4888 institutum
3421 4834 3668 4892 minoris

2016 4920 2437 4977 aestimandum
2452 4922 2560 4973 est.
2573 4919 2642 4973 Ut
2655 4919 2812 4973 enim
2830 4919 3081 4985 sol,cum
3096 4921 3475 4979 illuminandi
3492 4942 3670 4985 causa

2017 5010 2289 5065 exoriens
2320 5006 2518 5063 radios
2543 5023 2681 5061 suos
2705 5005 3020 5064 afﬂuenter
3052 5011 3303 5077 emittat,
3339 5030 3665 5087 omnesque

2014 5100 2089 5155 ad
2108 5096 2522 5171 excipiendum
2538 5095 2740 5151 lumen
2757 5096 3172 5168 cohortetur,si
3191 5102 3434 5173 quidam
3448 5105 3666 5163 clausis

2015 5187 2203 5244 oculis
2222 5185 2599 5259 splendorem
2620 5185 2805 5258 ipsius
2820 5184 3039 5244 intueri
3053 5190 3391 5255 nolint,non
3406 5202 3673 5269 propter-

326 5324 402 5398 (3)
434 5323 636 5378 Matth.
669 5339 771 5399 vn,
802 5323 865 5378 13
895 5337 909 5377 :
944 5320 1110 5389 Στενῆ
1160 5320 1195 5390 ἠ
1248 5316 1421 5390 πύλη,
1468 5318 1559 5374 καὶ
1607 5313 1949 5393 τεθλιμμένη
2000 5318 2035 5388 ἠ
2087 5312 2211 5377 ὁδὸς
2260 5315 2294 5382 ἡ
2346 5310 2630 5387 ἀπάγουσα
2660 5310 2737 5375 εἷς
2766 5312 2865 5382 τήν
2901 5315 3070 5385 ζωὴν,
3102 5318 3190 5373 καὶ
3238 5318 3420 5399 ὀλίγοι
3451 5321 3587 5378 εἰσὶν
3620 5323 3672 5380 οἱ

249 5392 606 5463 εὑρίσκοντες
637 5392 824 5463 αὐτήν.

348 5472 401 5533 4)
435 5454 637 5540 Matth.
670 5454 866 5540 vn,1i_2
894 5482 916 5540 :_
940 5464 1179 5520 Πλατεῖα
1207 5466 1241 5535 ἠ
1275 5460 1448 5535 πύλη,
1475 5464 1561 5518 καὶ
1598 5462 1914 5540 εὐρύχωρος
1946 5463 1982 5532 ἡ
2016 5458 2138 5524 ὁδὸς
2193 5461 2229 5530 ἡ
2291 5456 2569 5534 ἀπάγουσα
2601 5454 2677 5520 εἷς
2706 5457 2805 5528 τὴν
2839 5457 3140 5536 ἀπώλειαν,
3172 5464 3263 5518 καὶ
3294 5465 3503 5524 πολλοί
3533 5466 3664 5527 αἷσιν

253 5533 729 5612 οἱέίσερχόμενοι
761 5533 830 5591 δι’
861 5536 1050 5607 αὐτῆς.

332 5618 407 5687 (5)
446 5611 599 5687 ljsal.
633 5628 705 5687 iv,
738 5613 789 5665 2.

639 5684 769 5739 Naz.
803 5686 951 5739 orat.
984 5685 1037 5748 9,
1069 5700 1126 5748 p.
1158 5682 1278 5737 151.

336 5685 389 5754 (6
438 5685 549 5740 Gre
594 5726 606 5738 .
639 5685 769 5739 Naz.
803 5686 951 5739 orat.
984 5685 1037 5748 9,
1114 5723 1126 5737 .
1158 5685 1278 5737 151.

334 5687 411 5831 (Ἱί
440 5757 523 5814 De
552 5700 851 5814 focutione
881 5751 1002 5813 vid.
1045 5700 1256 5813 ffasius
1286 5753 1359 5811 ad
1392 5754 1644 5812 Leonem
1671 5751 1828 5809 Diac.
1861 5769 1921 5825 p.
1946 5750 2070 5807 213.
