4030 6202
460 352 569 410 995

2017 344 2361 399 ΑΒῡΒΝΒΑ
2374 382 2389 396 .

3697 357 3773 413 996

462 498 531 538 ea
550 474 1077 551 reprehensionem
1106 477 1390 540 meretur,
1415 476 1517 527 aut
1546 489 1579 527 a
1609 470 1860 542 reliquis
1891 468 2094 541 neglig:

2222 471 2460 543 ταγωγεῖ
2502 467 2592 523 καὶ
2623 467 2948 543 περιθάλπει
2995 467 3089 524 καὶ
3147 465 3428 544 λαμπροὺς
3460 470 3781 538 ἀποδείκνυσιν,

458 571 771 635 debet,nec
787 564 1120 638 splendoris
1136 563 1319 634 ipsius
1337 562 1579 634 gloriam
1596 562 1669 616 ob
1690 561 1929 615 illorum
1949 559 2114 614 sulti-

455 662 597 715 tiam
622 659 683 712 in
707 662 1051 725 contemptu
1073 651 1511 721 versatur;quin
1533 651 1728 721 potius
1754 650 1839 703 illi
1866 649 2108 719 quidem

454 750 683 818 seipsos
717 744 940 799 lumine
988 742 1267 796 orbantes
1302 747 1606 811 ,tanquam
1658 740 1819 801 caeci,
1853 738 2110 808 parietes

454 839 903 909 palpant,atque
932 834 993 887 in
1026 833 1243 887 multas
1271 832 1509 886 scrobes
1540 830 1875 902 prmcipites
1906 832 2108 891 ruunt,

456 928 780 995 multisque
807 924 993 994 spinis
1012 939 1217 976 eorum
1239 921 1395 975 oculi
1421 919 1879 991 punguntur;sol
1903 924 2111 973 contra

459 1015 840 1087 splendorem
870 1029 1043 1066 suum
1076 1012 1469 1073 retinens,eos
1501 1010 1762 1064 illustrat
1792 1009 1891 1079 qui
1920 1007 2108 1077 ipsius

455 1105 659 1159 lumen
682 1104 912 1158 detecta
932 1101 1080 1155 facie
1096 1099 1551 1155 contuentumad
1575 1098 1851 1153 eumdem
1874 1112 2109 1167 quoque

452 1194 698 1249 modum
730 1191 943 1247 Christi
995 1190 1195 1245 lumen
1255 1189 1531 1244 omnibus
1587 1186 1827 1259 quidem
1878 1186 2101 1249 illucet,

454 1284 959 1356 splendoremque
1004 1296 1176 1335 suum
1226 1278 1397 1332 nobis
1442 1278 1665 1331 affatim
1695 1276 1997 1347 impertit;
2048 1278 2109 1327 at

450 1391 586 1428 vero
620 1392 725 1445 pro
760 1389 866 1426 sua
896 1370 1147 1441 quisque
1199 1367 1523 1439 cupiditate
1555 1365 1860 1434 animique
1893 1362 2109 1418 alacri-

450 1467 568 1517 tate
594 1462 788 1533 ipsum
812 1458 1081 1530 percipit.
1108 1460 1249 1512 Nam
1279 1473 1387 1511 nec
1410 1456 1510 1509 ille
1530 1455 1778 1525 justitiaa
1804 1453 1890 1507 sol
1912 1452 2104 1506 ullum

452 1568 520 1607 ex
553 1552 645 1605 his
678 1550 774 1619 qui
804 1549 1112 1603 oculorum
1144 1547 1328 1600 aciem
1360 1546 1417 1598 in
1454 1546 1646 1615 ipsum
1672 1542 1981 1598 intendere
2005 1558 2105 1596 cu-

444 1642 618 1712 piunt
648 1639 937 1694 beneﬁcio
972 1656 1042 1692 eo
1076 1638 1285 1707 privat,
1317 1652 1427 1689 nec
1469 1650 1706 1688 rursum
1738 1634 1830 1687 his
1864 1632 1977 1686 vim
2011 1632 2107 1685 in-

441 1731 558 1784 fert
607 1729 706 1800 qui
755 1733 962 1798 suapte
1016 1731 1226 1797 sponte
1286 1724 1560 1779 tenebras
1606 1723 2100 1793 eligunt;verum

2223 554 2347 611 Εἰδὶ
2377 578 2543 627 τινες,
2583 557 2843 629 μύσαντες
2890 557 3017 620 τοὺς
3069 558 3405 635 ὀφθαλμοὺς,
3431 560 3639 617 κατιδεῖν
3669 568 3784 624 αὐτοῦ

2218 644 2280 699 τὸ
2311 647 2508 721 φέγγος
2542 647 2606 701 οὐ
2640 646 2987 714 θελήσουσιν,
3035 644 3158 702 οὔτε
3210 651 3477 720 μεμπτέος
3524 655 3648 727 παρὰ
3669 663 3785 713 τοῦτο

2222 734 2249 787 ὁ
2280 734 2465 802 ἥλιος,
2516 736 2639 790 οὐτε
2684 740 2801 797 τοῖς
2859 734 3079 800 λοιποῖς
3124 740 3447 810 παροπτέος,
3496 738 3607 795 οῧτε
3652 746 3785 817 μήνὴ

2222 820 2349 893 δόξα
2378 826 2475 892 τῆς
2506 824 2669 879 αὐτοῦ
2701 823 3097 899 λαμπρότητος
3147 824 3235 880 διὰ
3285 831 3385 891 τῆς
3415 827 3614 884 ἐκείνων
3641 834 3787 906 ἀτιμα-

2220 914 2471 981 σθήσεται
2551 909 2906 986 ἀόελτηρίας·
2970 918 3115 972 1³1
3175 915 3297 971 ἀλλ’
3358 917 3539 973 ἰκεῖνοι
3600 922 3679 991 μὶν
3723 930 3789 979 τοῦ

2219 1003 2398 1079 φωτὸς
2432 1002 2654 1065 ἑαυτοὺς
2696 1004 3184 1078 ἀποστερήσαντες,
3237 1006 3312 1069 ὡς
3356 1006 3548 1084 τυφλοὶ
3590 1010 3794 1089 ψηλαφή-

2219 1111 2369 1145 σουσι
2420 1097 2643 1167 τοῖχον,
2698 1091 2935 1157 πολλοῖς
2993 1092 3050 1148 δὲ
3110 1093 3463 1167 ἐμπεσοῦνται
3500 1098 3793 1173 βόθροις,καὶ

2217 1180 2455 1241 πολλαῖς
2514 1181 3003 1251 ἐκκιντηθησονται
3059 1183 3154 1245 τὰς
3212 1181 3367 1257 ὄψεις
3424 1185 3668 1257 ἀκάνθαις,
3709 1188 3794 1246 ὁδὶ

2216 1266 2378 1337 ⁵ἥλιος
2408 1267 2492 1323 ἐπὶ
2526 1271 2625 1340 τῆς
2679 1267 2815 1331 ἰδίας
2874 1271 3167 1343 ἱστάμενος
3225 1270 3600 1347 λαμπρότητος
3651 1299 3796 1354 eumn;

2213 1357 2339 1418 τοὺς
2397 1357 2901 1431 ἀνακεκαλυμμένῳ
2975 1361 3256 1433 προσώπῳ
3328 1362 3391 1416 τὸ
3447 1362 3623 1440 φέγγος
3673 1368 3795 1421 αὖτοῦ

2214 1446 2747 1520 κατοπτριζομένους
2968 1450 3066 1502 Τὸν
3129 1448 3289 1503 αὐτὸν
3347 1448 3412 1518 δὴ
3452 1454 3635 1527 τρόπον
3659 1456 3794 1509 καὶτὸ

2213 1539 2310 1589 τοῦ
2342 1536 2574 1609 Χριστοῦ
2605 1540 2720 1613 φῶς
2778 1537 2955 1614 φαίνει
3021 1538 3115 1607 μὲν
3178 1545 3307 1593 πᾶσι
3359 1538 3644 1610 πλουσίως,
3675 1565 3793 1614 μετα-

2215 1621 2362 1678 διδὸν
2395 1627 2529 1695 ἡμῖν
2557 1631 2657 1693 τῆς
2687 1624 2849 1680 αὐτοῦ
2882 1624 3266 1699 λαμπηδόνος·
3306 1630 3518 1704 μετέχει
3551 1628 3601 1685 δὶ
3624 1629 3795 1695 ’ἕκασθος

2214 1714 2331 1775 καθ’
2388 1712 2511 1766 ὅσον
2572 1713 2803 1789 ἆφέσεως
2862 1708 2976 1788 ἔχει
3035 1714 3122 1768 καὶ
3195 1716 3521 1789 προθυμίας·
3578 1716 3683 1772 οὔτε
3722 1720 3795 1795 γὰρ

447 1837 567 1876 suaa
592 1819 842 1889 quisque
872 1817 1073 1871 libera;
1098 1814 1382 1869 voluntati
1417 1819 1474 1867 et
1504 1812 1803 1881 electioni,
1838 1812 2094 1883 quandiu

2214 1807 2502 1879 ἀποστερεῖ
2556 1826 2679 1860 τινα
2733 1810 2841 1859 τῶν
2906 1804 3254 1881 βουλομένων
3310 1808 3457 1880 αὐτῷ
3488 1810 3797 1879 ένατενίζεινὸ

446 1907 506 1961 in
540 1908 649 1960 hac
682 1906 797 1959 vita
828 1909 937 1969 est,
966 1902 1347 1972 relinquitur.

2208 1893 2371 1963 ἥλιος
2422 1899 2523 1962 τῆς
2585 1891 2933 1965 δικαιονόνης
2972 1900 3065 1967 ‘9),
3126 1893 3249 1951 δεῖτε
3314 1899 3420 1968 μὴν
3467 1898 3681 1973 βιάζεται
3703 1900 3795 1961 toi);

446 1994 712 2053 ἑκουσίως
743 1994 805 2047 τὸ
838 1992 1029 2052 σκότος
1061 1989 1473 2064 ἐκλεγομένουςο
1526 1984 1674 2041 ἀλλὰ
1728 1989 1797 2059 τῇ
1858 1982 1971 2057 ἰδίᾳ
2030 1983 2256 2045 ἕκαστος
2315 1982 2520 2059 ἐφεῖται
2582 1983 2914 2056 αὐταξουσίῳ
2944 1986 3281 2061 προαιρέσει,
3314 1985 3417 2049 ἓως
3444 1987 3494 2042 έν
3523 1993 3595 2060 τῷ
3620 1991 3796 2062 παρόντι

492 2068 556 2121 ίω
590 2064 720 2121 ἐστί.

492 2068 505 2120 ί
590 2068 720 2121 ἐστί.

450 2068 482 2143 β
513 2090 657 2210 ιἕυω
680 2160 876 2209 autem
898 2152 1178 2223 Josaphat
1196 2149 1481 2221 quidnam
1503 2148 1729 2204 arbitrii
1750 2148 1992 2202 libertas
2015 2152 2096 2201 at-

438 2261 554 2316 que
570 2244 780 2298 electio
801 2248 957 2297 esset
974 2238 1601 2311 qumreret,respondit
1624 2254 1823 2291 senex:
1852 2235 2094 2291 Arbitrii

440 2335 684 2389 libertas
707 2337 795 2386 est
811 2332 1023 2386 anima:
1043 2330 1269 2383 ratione
1288 2329 1509 2383 utentis
1526 2327 1952 2393 voluntas,sine
1970 2325 2093 2380 ullo

440 2422 871 2494 impedimento
895 2419 968 2475 ad
993 2420 1051 2473 id
1075 2418 1231 2490 quod
1257 2418 1398 2481 vult,
1424 2418 1535 2471 hoc
1558 2422 1647 2472 est
1673 2418 1789 2471 sive
1817 2417 1889 2471 ad
1915 2416 2095 2471 virtu-

442 2512 711 2578 tem,sive
738 2510 809 2565 ad
833 2509 1061 2573 vitium,
1084 2507 1531 2576 incitata,atque
1550 2522 1583 2560 a
1605 2522 1837 2561 summo
1863 2505 1965 2559 illo
1990 2521 2096 2575 pa-

450 2606 619 2657 rente
652 2606 710 2654 et
734 2600 1054 2654 architecto
1086 2598 1170 2651 ita
1201 2597 1427 2651 effecta.
1454 2597 1728 2657 Rursum,
1752 2594 1995 2648 Arbitrii
2026 2594 2097 2648 li-

450 2690 650 2745 bertas
695 2695 784 2743 est
816 2686 1238 2742 intellectualis
1269 2685 1482 2740 animus
1515 2701 1619 2756 pro
1652 2701 1758 2738 suo
1807 2683 2099 2739 arbitratu

451 2778 941 2852 agitatio.Electio
968 2782 1165 2831 autem
1189 2780 1277 2829 est
1299 2790 1501 2829 earum
1533 2790 1734 2828 rerum
1767 2791 1897 2844 qua)
1922 2774 1980 2827 in
2004 2790 2100 2827 ar-

448 2869 625 2924 bitrio
658 2874 859 2922 nostro
884 2867 1009 2920 sita)
1041 2870 1339 2928 sunt,cum
1373 2862 1620 2918 consilio
1654 2863 1973 2934 conjuncta
1995 2879 2099 2933 ap-

447 2956 985 3030 petitio.Siquidem
1004 2971 1130 3009 rem
1150 2970 1278 3009 eam
1298 2970 1427 3023 qua:
1448 2952 1595 3006 inito
1617 2952 1865 3006 consilio
1890 2952 2101 3006 melior

436 3049 706 3120 judicata
730 3054 818 3103 est
848 3048 1134 3119 eligentes
1158 3043 1850 3115 appetimus.Consilium
1886 3048 1974 3097 est
2005 3042 2093 3096 in-

442 3137 781 3210 vestigatrix
804 3134 1085 3207 appetitio
1112 3133 1182 3187 de
1207 3132 1381 3187 rebus
1403 3132 1699 3205 gerendis,
1723 3148 1971 3202 quarum
1996 3147 2099 3202 pe-

2276 2146 2387 2202 Τοῦ
2414 2141 2471 2198 δὲ
2519 2144 2753 2223 Ἰωάσαφ
2804 2147 3112 2218 πυθομένου
3166 2145 3221 2201 τί
3278 2148 3341 2202 τὸ
3393 2148 3704 2219 αὐτεξούσιον
3728 2150 3789 2204 καὶ

2202 2235 2256 2292 τί
2312 2236 2651 2309 προαίρεσις⁹
2713 2235 2874 2313 φησὶν
2936 2238 2963 2291 ὁ
3018 2238 3215 2312 γέρωνσ
3281 2239 3678 2312 Λύτεξουσιότης
3714 2243 3793 2312 (10)

2208 2331 2301 2403 μὲν
2355 2326 2465 2382 ἐστι
2524 2331 2711 2403 ψυχῆς
2768 2327 2997 2404 λογικῆς
3052 2328 3301 2399 θέλησις,
3336 2330 3617 2393 ἀκωλύτως
3654 2352 3790 2385 κινου-

2209 2417 2342 2490 μένη
2376 2418 2513 2483 πρὸς
2545 2418 2675 2489 δπερ
2708 2416 2767 2471 ἂν
2820 2415 3100 2491 βούλοιτο,
3134 2417 3243 2473 εἴτε
3283 2420 3476 2496 ἀρετὴν
3509 2420 3607 2475 εἴτε
3630 2420 3790 2487 κακίαν,

2208 2507 2378 2569 οὕτως
2413 2507 2517 2561 ὑπὸ
2546 2512 2642 2561 τοῦ
2674 2512 3024 2584 Δημιουργοῦ
3054 2509 3388 2583 γενομένης.
3434 2510 3793 2581 Αὖτεξουσιότης

2207 2596 2354 2657 αὖθίς
2385 2596 2493 2651 ἐστι
2525 2601 2712 2671 νοερᾶς
2762 2599 2949 2669 ψυχῆς
2995 2597 3211 2667 κίνησις
3268 2590 3618 2675 αὖτοκρατης.
3646 2598 3797 2672 Προπί-

2208 2708 2351 2763 ρεσις
2407 2684 2463 2741 δὲ
2520 2686 2659 2740 ἐστιν
2721 2686 2897 2761 ὗρεξις
2961 2686 3258 2762 βουλενική
3309 2693 3420 2743 τῶν
3476 2688 3551 2763 ἐφ’
3595 2684 3790 2759 ἡμῖν,ἧ

2212 2776 2495 2853 βούλευσις
2554 2777 2809 2851 ὀρεκτικὴ
2865 2780 2972 2831 τῶν
3034 2776 3115 2853 ἐφ’
3172 2780 3338 2848 ἡμῖν·
3385 2783 3481 2834 τοῦ
3509 2779 3601 2853 γὰρ
3628 2798 3797 2851 προκρι-

2208 2864 2389 2931 θέντος
2422 2866 2481 2921 ἰκ
2508 2873 2607 2935 τῆς
2643 2867 2851 2941 βουλῆς
2898 2865 3157 2944 ἐφιέμεθα
3189 2870 3631 2943 προαιρούμενοι.
3661 2867 3791 2934 Βουλή

2209 2952 2266 3009 δὶ
2296 2954 2436 3009 ἐστιν
2470 2951 2644 3030 ὄρεξις
2707 2957 2973 3025 ζητητική
3018 2956 3142 3030 περῖ
3191 2962 3306 3012 τῶν
3363 2959 3443 3036 ἐφ’
3475 2961 3597 3031 ἡμῖν
3626 2979 3791 3031 πρακτι-

2206 3048 2315 3099 κῶν
2361 3045 2647 3119 γινομένη·
2709 3044 3026 3119 βουλεύεται
3085 3047 3185 3121 γὰρ
3248 3068 3360 3114 τις,
3395 3047 3444 3103 εἴ
3490 3044 3656 3102 dicit}:
3693 3066 3785 3117 μετ-

2208 3130 2384 3187 ελθεῖν
2412 3134 2474 3187 τὸ
2523 3139 2755 3209 πρᾶγμα
2787 3133 2821 3202 ἢ
2855 3132 2939 3190 οὗ.
2997 3134 3129 3191 Εἶτα
3178 3136 3355 3210 κρίνει
3388 3138 3449 3192 τὸ
3474 3144 3699 3212 κρεῖττον,
3722 3134 3785 3188 καὶ

443 3245 549 3283 nos
568 3245 675 3282 nos
697 3232 955 3297 potestas
980 3222 1395 3279 est.Deliberat
1416 3222 1573 3277 enim
1593 3221 1888 3292 quispiam
1915 3237 2091 3292 expe-

2204 3220 2404 3296 γίνεται
2436 3219 2632 3297 κρίσις.
2684 3223 2814 3276 Εἶτα
2864 3219 3154 3286 διατίθεται
3207 3226 3297 3279 καὶ
3349 3226 3528 3300 ἀγαπᾷ
3571 3224 3786 3287 τὸέκτῆς

442 3317 642 3372 diatne
669 3315 893 3385 aliquid
920 3328 1327 3384 agere.necne.
1366 3310 1773 3380 Deinde.quod
1806 3316 2090 3381 praestan-

441 3407 557 3461 tius
589 3412 698 3473 est,
723 3405 973 3476 judicat,
1008 3419 1074 3457 ac
1099 3401 1393 3473 judicium
1427 3400 1701 3455 efficitur.
1738 3401 1863 3453 Mox
1891 3405 2089 3454 autem

438 3495 716 3562 afficitur,
776 3500 951 3565 atque
1013 3492 1072 3545 id
1121 3490 1279 3562 quod
1331 3506 1399 3544 ex
1456 3489 1707 3544 consilio
1754 3489 2089 3560 judicatum

440 3589 812 3652 est,amat,ac
842 3580 1139 3637 sententia
1170 3580 1557 3633 dicitur.Nam
1583 3578 1631 3632 si
1665 3578 1745 3632 ita
1769 3578 1999 3649 judicet
2027 3584 2091 3632 ut

435 3677 636 3727 tamen
653 3670 860 3743 ergaid
876 3667 1375 3739 quodjudicatum
1395 3668 1757 3723 est.minime
1772 3666 2088 3733 afficiatur,

439 3763 552 3816 hoc
575 3766 683 3826 est,
718 3759 775 3813 id
810 3758 1053 3811 minime
1085 3773 1267 3822 amer,
1302 3756 1597 3811 sententia
1627 3756 2088 3826 haudquaquam

447 3848 799 3921 appellatur.
826 3849 967 3901 Tum
1000 3851 1133 3916 post
1160 3846 1536 3901 affectionem
1570 3846 1635 3899 fit
1667 3845 1899 3899 electio.
1942 3846 2087 3899 Nam

443 3941 655 3995 electio
679 3936 831 3992 nihil
854 3935 1016 3991 aliud
1039 3941 1129 3989 est
1153 3952 1327 4005 quam
1356 3951 1385 3989 e
1410 3935 1639 3990 duabus
1663 3934 1840 3989 rebus
1872 3950 2087 4005 propo-

439 4030 571 4085 sitis
594 4028 841 4083 alteram
865 4044 984 4097 praa
1016 4024 1203 4080 altera
1233 4024 1510 4095 amplecti
1544 4029 1602 4078 et
1628 4024 1863 4094 eligere.
1898 4025 2089 4093 Atque

432 4121 582 4177 illud
604 4119 693 4175 vel
717 4136 785 4173 ex
810 4118 936 4189 ipsa
959 4116 1313 4188 etymologia
1333 4116 1710 4187 perspicuum
1731 4114 2089 4180 est,electio—

431 4226 569 4265 nem
594 4225 722 4263 esse
743 4206 1058 4261 consilium
1078 4222 1213 4259 cum
1234 4203 1657 4275 dijudicatione
1675 4208 2083 4272 conjunctum.

431 4296 759 4371 Προαιριτὸν
808 4297 967 4351 enim
1016 4300 1103 4349 est
1152 4294 1404 4348 alterum
1440 4310 1559 4364 prae
1590 4292 1774 4345 altero
1808 4276 2080 4346 electum.

431 4390 614 4443 Nemo
641 4404 814 4458 porro
834 4385 1159 4457 quidquam
1184 4383 1449 4437 adhibito
1471 4381 1700 4453 judicio
1728 4380 1899 4436 alteri
1932 4399 2079 4452 pue-

429 4477 562 4539 fert,
587 4477 701 4531 nisi
722 4477 886 4546 prius
909 4474 1225 4529 consilium
1250 4472 1483 4537 inierit;
1509 4488 1617 4525 nec
1634 4487 1869 4525 rursum
1895 4471 2077 4542 eligit,

430 4565 543 4620 nisi
564 4564 1193 4637 priusjudicaritﬁam
1216 4562 1495 4631 quoniam
1513 4576 1714 4615 nonea
1735 4560 1934 4615 omnia
1948 4578 2078 4631 qua)
2110 4586 2157 4649 Β

428 4656 601 4710 nobis
628 4660 788 4709 recta
806 4659 864 4707 et
884 4652 1169 4723 praaclara
1187 4666 1315 4704 esse
1334 4650 1609 4703 videntur
1628 4649 1686 4703 in
1705 4667 1851 4720 opus
1871 4649 2082 4720 perdu-

423 4762 559 4800 cere
595 4743 923 4809 studemus,
958 4746 1082 4797 tum
1117 4738 1371 4808 denique
1405 4738 1616 4792 electio
1651 4744 1707 4791 et
1738 4739 2078 4810 eligendum

424 4834 684 4889 efficitur
717 4831 775 4886 id
807 4830 965 4903 quod
997 4847 1065 4884 ex
1114 4826 1363 4883 consilio
1398 4827 1765 4897 propositum
1797 4833 1904 4892 est,
1942 4845 2077 4882 cum

422 4922 852 4994 appetitionem
910 4919 1187 4974 comitem
1263 4916 1562 4971 asciverit.
1616 4916 1696 4969 Ex
1761 4932 1877 4986 quo
1936 4934 2079 4972 con—

421 5011 683 5067 cluditur
736 5010 1091 5067 electionem
1152 5022 1281 5061 esse
1332 5004 1757 5076 appetitionem
1809 5022 1941 5061 cum
1974 5006 2075 5062 de-

421 5100 773 5158 liberatione
834 5100 1218 5171 conjunctam
1298 5112 1501 5151 earum
1560 5112 1760 5150 rerum
1821 5113 1951 5166 quae
2011 5098 2071 5151 in

514 5340 564 5410 8)
596 5337 762 5410 Conf.
790 5354 852 5410 7p.
888 5340 1075 5410 61,7n.
1108 5337 1196 5389 53.

514 5408 565 5467 9i
601 5408 846 5463 Malach.
880 5424 955 5466 ιν,
989 5409 1040 5459 2.

2202 3308 2409 3386 βουλῆς
2456 3312 2657 3383 κριθὲν,
2717 3311 2807 3365 καὶ
2859 3310 3074 3386 λέγεται
3132 3314 3359 3387 γνοίη-ιη’
3414 3315 3499 3369 ἐὰν
3543 3316 3631 3389 γὰρ
3657 3314 3784 3385 κρίνῃ,

2195 3399 2283 3453 καὶ
2338 3402 2413 3472 μή
2465 3396 2684 3472 διατεθῇ
2736 3403 2888 3459 1³2
2941 3402 3079 3473 πρὸς
3136 3402 3198 3457 τὸ
3250 3404 3457 3477 κριθὲν,
3506 3405 3655 3477 ἤγουν
3694 3402 3787 3475 ἀγα-

2194 3491 2346 3563 πήσῃ
2380 3488 2532 3557 αὐτὸ,
2591 3488 2651 3543 οὐ
2714 3487 2927 3565 λέγεται
2984 3490 3205 3566 γνώμη.
3275 3494 3407 3549 Εἶτα
3443 3495 3568 3565 μετὰ
3595 3492 3677 3560 τήν
3704 3488 3788 3544 Scio

2194 3581 2359 3648 Θεσιν,
2416 3578 2618 3654 γίνεται
2680 3578 3022 3655 προαίρεσις,
3072 3582 3247 3655 ἤγουν
3312 3579 3788 3657 έπιλογνε·προαίρε-

2196 3689 2276 3729 σις
2310 3668 2413 3743 γὰρ
2466 3667 2573 3722 ἐστι
2640 3666 2740 3723 δύο
2798 3671 3173 3743 προκειμένων
3235 3672 3301 3726 τὸ
3360 3669 3414 3727 ἔν
3472 3671 3705 3744 αἱρεῖσθαι
3728 3664 3789 3721 καὶ

2193 3757 2507 3832 ἐκλέγεσθαι
2538 3762 2700 3813 τοῦτο
2728 3761 2833 3831 πρὸ
2880 3763 2976 3814 τοῦ
3028 3760 3235 3832 ἑτέρου.
3276 3763 3381 3818 Καὶ
3413 3766 3566 3816 τοῦτο
3595 3757 3787 3836 φανερόν,

2193 3848 2275 3901 ὅτι
2331 3846 2506 3921 βουλή
2558 3847 2668 3903 ἔστι
2719 3849 2834 3919 μετ’
2885 3848 3208 3924 ἐπικρίσεως
3241 3853 3277 3920 ἡ
3312 3852 3634 3925 προαίρεσις,
3660 3847 3729 3901 καὶ
3752 3844 3787 3914 ἐξ

2192 3935 2360 4005 αὐτῆς
2389 3938 2488 4004 τῆς
2541 3936 2923 4012 ἐτυμολογίας⁸
2983 3940 3315 4013 προαιρετὸν
3376 3941 3477 4015 γὰρ
3506 3938 3605 3994 ἐστι
3631 3938 3682 3992 τὸ
3705 3934 3784 3989 ’ἐτε-

2192 4044 2285 4098 ρον
2317 4024 2424 4100 πρὸ
2452 4029 2549 4079 τοῦ
2582 4026 2764 4099 ἑτέρου
2826 4026 3038 4100 αἱρετόν
3100 4031 3241 4100 (11)·
3278 4026 3460 4091 οὐδεὶς
3488 4027 3539 4083 δὲ
3566 4023 3785 4100 προκρίνει

2188 4135 2239 4168 τι
2272 4115 2347 4187 μὴ
2386 4113 2843 4189 βουλευσάμενος,
2873 4113 2999 4170 οὐδὲ
3046 4124 3392 4191 προαιρεῖται
3426 4119 3498 4191 μὴ
3524 4115 3781 4188 προκρίνας·

2190 4199 2413 4272 Ἐπειδή
2448 4204 2549 4277 γὰρ
2613 4203 2675 4258 οὐ
2734 4203 2903 4259 πάντα
2950 4205 3016 4259 τα
3072 4203 3304 4275 δόξαντα
3346 4209 3479 4279 ἡμῖν
3507 4206 3556 4259 εὖ
3584 4202 3704 4278 ἔχειν
3729 4199 3782 4259 εἷς

2188 4287 2345 4366 ἔργον
2407 4292 2624 4366 ἀγαγεῖν
2682 4292 3139 4367 προθυμούμεθα,
3199 4295 3327 4349 τότε
3384 4295 3685 4369 προαίρεσις.
3718 4309 3781 4361 καὶ

2188 4381 2510 4455 προαιρετὸν
2564 4382 2770 4456 γίνεται
2826 4384 2888 4437 τὸ
2942 4384 3237 4459 προκριθὶν
3328 4383 3388 4439 ἐκ
3455 4391 3548 4453 τῆς
3600 4378 3779 4457 βουλῆς,

2190 4471 2314 4524 ὅταν
2376 4466 2663 4544 προσλάϐῃ
2736 4473 2834 4539 τήν
2919 4468 3113 4547 ὄρεξιν,
3190 4473 3291 4527 Καὶ
3365 4472 3504 4528 οὕτω
3558 4471 3780 4542 συνάγεται

2188 4559 2505 4633 προαίρεσιν
2568 4560 2703 4614 εἶναι
2751 4556 2925 4635 ὄρεξιν
2990 4560 3357 4635 βουλευτικὴν
3415 4567 3519 4616 τῶν
3566 4560 3775 4635 ἐφ’ἡμῖν”

2187 4653 2283 4703 τοῦ
2314 4649 2418 4724 γὰρ
2450 4649 2803 4724 προκιθέντος
2852 4649 2909 4704 ἐκ
2954 4671 3055 4719 της
3106 4650 3319 4725 βουλῆς
3374 4650 3611 4726 ἐφιέμεθα
3632 4666 3777 4719 προσι-

2190 4738 2468 4814 ροῦπενοι.
2530 4745 2677 4793 Πᾶσα
2734 4741 2839 4814 γὰρ
2902 4739 3080 4815 βουλὴ
3140 4742 3388 4815 πράξεως
3443 4737 3585 4794 ’ἑνεκα
3617 4731 3776 4791 nisti

2187 4830 2400 4901 πρᾶξιν·
2456 4828 2546 4884 ναὶ
2630 4829 2773 4883 οὕτω
2844 4832 3022 4899 πάσης
3084 4832 3179 4904 μὲν
3240 4831 3592 4904 προαιρέσεως
3640 4822 3770 4901 βουλῆ

2186 4922 2427 4993 ἡγεῖται,
2478 4918 2655 4989 πάσης
2714 4917 2771 4974 δὲ
2829 4918 3073 4995 πρᾶξεως
3130 4921 3469 4997 προαίρεσις.
3524 4918 3609 4973 Διὰ
3653 4917 3769 4968 τοῦτο

2188 5007 2249 5061 οὐ
2312 5008 2477 5081 μόνον
2536 5009 2592 5062 αἱ
2648 5010 2888 5082 πράξεις,
2948 5008 3094 5064 ἀλλὰ
3149 5010 3238 5064 καὶ
3299 5010 3367 5066 τὰ
3407 5010 3536 5066 κατὰ
3562 5005 3766 5067 διάνοιαν,

2180 5098 2332 5151 ἅτινα
2404 5096 2500 5161 τὰς
2582 5099 2925 5175 προαιρέσεις
3006 5103 3340 5172 παριστῶσι,
3400 5098 3483 5154 καὶ
3536 5093 3765 5171 στιφὶνους

518 5482 601 5548 10)
636 5481 873 5533 Lemma
904 5476 1219 5551 metricum
1252 5476 1327 5551 in
1350 5476 1393 5529 A
1423 5493 1435 5529 :
1467 5473 1573 5541 Τὴν
1606 5478 1702 5551 τοῦ
1737 5472 2005 5551 Βαρλαᾶμ
2036 5498 2094 5551 ιρι

2208 5474 2361 5551 οᾼφίαν
2397 5475 2516 5550 ὅρα.

558 5542 845 5630 lj‘gEneas
891 5550 1030 5629 "Gaz.
1065 5547 1490 5630 Theophrasto,
1527 5566 1583 5618 p.
1625 5550 1741 5630 _3Q’:
1791 5542 2094 5630 Νοῦς.’ἀγ’ξ,ι(

2222 5542 2439 5630 ἀλόγῳ,’
2461 5549 2673 5621 σώματι
2720 5550 3030 5630 χρῴμενος,
3064 5547 3408 5623 αὐτοκράτωρ
3440 5547 3493 5604 δὲ
3517 5542 3752 5619 γενόμεννςο

419 5622 539 5701 κατ’
601 5617 836 5701 ἐξουσίαν
886 5615 1003 5701 ὀίναὶ
1032 5616 1133 5701 καὶ⁸
1153 5612 1301 5701 κάτω
1333 5612 1666 5701 μεταχωρεῖ..
1689 5612 2234 5701 ἕτεροναίροόμενος.
2256 5612 2556 5694 προτέρου”
2585 5612 2878 5696 τουτὸ”γάῥ
2909 5612 3239 5697 ηανθρωποιί
3264 5612 3565 5699 πφσαιρεοίς

422 5696 555 5752 Non
583 5687 875 5767 προτέρου,
904 5688 1009 5744 sed
1038 5688 1144 5761 πρὸ
1177 5687 1363 5759 ἑτέρου
1390 5687 1698 5745 commode
1731 5687 1970 5748 exhibet
1997 5687 2094 5748 co'c'

2211 5694 2263 5746 4.
