4030 6202
211 343 326 399 997

1423 350 1596 407 VITA
1636 353 1989 411 BARLAAM
2028 359 2120 412 ET
2155 359 2496 416 JOASAPH.

3514 372 3621 431 998

205 472 302 526 καὶ
335 468 596 533 κολάσεις
626 472 997 545 προξενοῦσιν.
1056 474 1230 550 Ἀρχή
1291 474 1394 552 γὰρ
1457 477 1723 551 ἁμαρτίας
1776 481 1859 533 καῖ

1980 490 2185 542 nostra
2204 494 2495 558 potestate
2519 492 2647 546 sitae
2673 492 3050 549 sint.Etenim
3069 494 3129 550 id
3153 497 3310 566 quod
3334 515 3401 553 ex
3429 503 3627 559 consi-

212 558 636 635 δικαιοπραγίας
701 563 985 637 προαίρσίς
1042 562 1181 618 ἐστιν
1242 566 1294 619 ἐν
1375 571 1493 627 τοῖς
1572 566 1652 642 ἐφ’
1726 571 1863 640 ἡμῖν

212 650 586 723 καταγομένη·
618 651 691 703 ὧν
722 652 823 726 γάρ
875 653 929 706 αἱ
986 650 1246 726 ἐνέργειαι
1310 652 1391 730 ἐφ’
1449 656 1610 726 ἡμῖν,
1660 654 1868 710 τούτων

210 740 302 793 καὶ
337 740 393 792 αἱ
426 738 646 812 πράξεις
680 740 733 792 αἱ
785 741 921 794 κατὰ
976 743 1073 811 τὴν
1134 742 1398 816 ἐνέργειαν
1458 743 1538 819 ἐφ’
1570 747 1723 816 ἡμῖν·
1786 745 1867 822 ἐφ’

210 831 352 901 ἡμῖν
390 825 448 882 δὲ
478 828 532 881 αἱ
558 828 694 882 κατὰ
723 831 823 897 τήν
874 830 1067 901 ἀρετὴν
1124 830 1408 905 ἐνέργειαι,
1459 832 1537 910 ἐφ’
1582 836 1717 906 ἡμῖν
1768 837 1869 909 ἄρα

213 918 305 973 κεί
337 919 392 972 αἱ
426 918 628 990 ἀρεταί·
661 918 865 992 κυρίως
897 920 997 994 γὰρ
1049 920 1129 996 ἐφ’
1186 924 1321 994 ἡμῖν
1383 922 1491 976 ἐστι
1545 923 1611 977 τὰ
1658 925 1870 999 ψυχικα

216 1009 396 1063 πάντα
424 1009 514 1062 καὶ
548 1009 668 1083 περί
702 1010 773 1061 ὧν
813 1008 1210 1081 βουλευόμεθα.
1262 1011 1449 1073 Οὕτως
1509 1012 1865 1083 αὐτεξουσίως

218 1100 374 1154 I33
412 1096 825 1171 βουλευομένων
858 1103 962 1152 τῶν
1015 1100 1312 1173 ἀνθρώπων
1371 1102 1460 1155 καὶ
1510 1101 1866 1172 αὐτεξουσίως

215 1186 695 1262 προαιρουμένων,
726 1190 841 1250 καθ’
885 1188 1008 1241 ὅσον
1070 1189 1127 1242 ἄν
1187 1210 1267 1251 τις
1324 1194 1672 1265 προαιρῆται,
1734 1194 1869 1246 κατὰ

210 1281 473 1333 τοσοῦτον
502 1276 591 1329 καὶ
655 1278 872 1352 μετέχει
929 1281 1026 1331 τοῦ
1080 1277 1226 1341 θείου
1288 1280 1467 1342 ιοωτὸς
1523 1280 1611 1334 καὶ
1671 1283 1867 1355 προχό·

209 1388 333 1421 πτει
382 1365 437 1420 ὲν
487 1370 603 1426 τοῖς
658 1372 757 1435 τῆς
818 1365 1145 1443 φιλοσοφίας
1201 1367 1615 1441 ἐπιτηδεόμασι’
1680 1368 1866 1448 διαφο-

213 1456 302 1531 ραὶ
337 1456 445 1530 γὰρ
479 1455 846 1528 προαιρέσεως
879 1456 1000 1511 εἶσί.
1059 1457 1160 1514 Καὶ
1214 1459 1451 1533 καθάπερ
1505 1460 1645 1521 τινες
1692 1461 1865 1535 πηγαὶ

213 1542 428 1598 ὑδάτων
459 1542 520 1597 ἐκ
543 1548 649 1597 τῶν
682 1550 781 1611 τῆς
830 1551 932 1619 γῆς
987 1544 1232 1618 λαγόνων
1281 1546 1755 1620 ἀναπεμπόμεναι,
1790 1550 1866 1603 ἀἱ

214 1634 312 1707 μὲν
344 1632 687 1695 ἐπιπολαίως
745 1640 844 1701 τῆς
901 1641 1001 1709 γῆς
1057 1629 1433 1707 έκὸλύζουσιν,
1466 1639 1519 1690 αἱ
1554 1635 1611 1691 δὲ
1672 1640 1864 1713 μικρόν

210 1744 262 1776 τι
300 1723 623 1797 βαθύτερον,
657 1723 710 1775 αἱ
744 1720 800 1776 δὲ
833 1721 950 1777 λίαν
992 1724 1222 1797 βαθέως,
1252 1724 1459 1779 τούτων
1500 1723 1556 1781 δὲ
1584 1732 1691 1781 τῶν
1740 1725 1866 1782 ὑδά-

210 1832 319 1865 των
350 1811 419 1865 τὰ
449 1813 544 1883 μὲν
577 1813 866 1887 προσεχῶς
900 1808 1229 1882 ἐκϐλύζοντα
1260 1814 1348 1867 καὶ
1377 1818 1445 1887 τῇ
1503 1815 1678 1891 γεύσει
1728 1818 1867 1891 γλυ-

212 1900 332 1970 κέα,
385 1901 455 1955 τὰ
513 1898 570 1955 δὲ
632 1901 839 1975 βαθέως
900 1900 1229 1976 ἐξερχόμενα
1286 1902 1375 1956 καὶ
1434 1902 1867 1978 ἀλμυρίζονταῆ

214 1991 542 2066 θεαφίζοντα
574 1994 706 2063 (12),
738 1991 826 2045 καὶ
858 1992 924 2043 τά
980 1992 1072 2062 μὲν
1133 1991 1380 2068 ἀφθόνως
1427 1990 1771 2066 ἐκδιδόμενα,
1803 1997 1869 2049 τὰ

209 2076 269 2133 δὲ
301 2080 441 2133 κατὰ
476 2080 670 2154 μικρὸν
706 2085 983 2148 στάζοντα·
1020 2079 1189 2142 οὕτως
1234 2082 1322 2135 καὶ
1374 2080 1460 2135 ἐπὶ
1504 2087 1610 2136 τῶν
1663 2104 1866 2154 προαι-

207 2170 415 2244 ρέσιων
447 2169 579 2240 νόει,
608 2169 703 2230 τὰς
733 2170 827 2241 μὲν
868 2168 1092 2243 ταχείας
1154 2170 1289 2224 εἶναι
1342 2172 1431 2225 καὶ
1483 2168 1601 2225 λίαν
1664 2185 1867 2248 θερμο-

202 2261 400 2328 τάτας,
457 2258 554 2319 τὰς
614 2255 670 2312 δὲ
730 2259 941 2332 νωθρας
1004 2258 1094 2312 καί
1151 2260 1365 2334 ψυχρὰς
1448 2260 1537 2314 καὶ
1613 2262 1706 2323 τὰς
1770 2264 1863 2335 μὲν

205 2347 362 2408 ὅλως
416 2346 603 2401 έπίτά
660 2344 803 2400 καλὰ
856 2348 954 2414 τὴν
1018 2346 1191 2421 ῥοπὴν
1242 2348 1597 2419 κεκτημένας,
1656 2350 1749 2411 τὰς
1811 2348 1867 2405 δέ

200 2436 350 2511 πρός
382 2437 446 2490 τὸ
480 2435 720 2490 ἐναντίον
752 2435 894 2509 πάσῃ
956 2433 1178 2508 δυνάμει
1234 2436 1659 2501 ἀποκλινούσας.
1720 2441 1867 2494 Κατὰ

199 2529 340 2601 γοῦν
371 2525 470 2587 τὰς
502 2525 675 2579 αὐτῶν
712 2522 992 2595 διαθέσεις,
1052 2526 1141 2580 καὶ
1202 2527 1255 2580 αἱ
1315 2527 1451 2602 πρὸς
1500 2528 1594 2587 τὰς
1647 2529 1864 2600 πράξεις

211 2614 616 2677 ἀκολουθοῦσιν
652 2614 839 2689 ὁρμαί.

1974 574 2054 628 lio
2071 578 2457 645 praapositum
2476 582 2878 654 est,eligentes
2893 583 3441 654 appetimus.0mne
3456 592 3627 661 quip-

1978 681 2049 734 pe
2102 667 2423 721 consilium
2474 672 2725 725 actionis
2757 690 2937 727 causa
2967 679 3025 727 et
3056 682 3299 746 prOpter
3330 678 3626 733 actionem

1979 754 2312 823 suscipitur.
2345 758 2431 811 Ita
2460 760 2778 814 consilium
2808 762 3048 832 quidem
3077 764 3433 819 electionem
3458 773 3629 822 ante-

1980 842 2156 906 cedit,
2192 844 2399 899 electio
2424 855 2619 902 autem
2682 868 2919 905 omnem
2972 854 3287 908 actionem.
3341 857 3627 920 Quocirca

1982 948 2102 986 non
2128 935 2300 988 modo
2333 936 2617 1005 actiones’,
2662 942 2763 995 sed
2798 959 2865 997 ea
2897 944 3073 997 etiam
3106 962 3236 1014 qua:
3264 948 3464 1001 animo
3498 949 3626 1019 agi-

1982 1026 2181 1076 tantur
2207 1032 2361 1094 (quaa
2386 1029 2625 1096 quidem
2646 1031 2965 1087 electiones
2983 1034 3439 1105 exhibent),tum
3458 1054 3631 1092 coro-

1979 1128 2108 1174 nas,
2143 1118 2267 1168 tum
2299 1133 2503 1185 pmnas
2535 1128 2868 1175 accersunt.
2912 1124 3145 1177 Etenim
3179 1124 3387 1180 electio
3444 1127 3504 1181 in
3537 1128 3629 1183 his

1978 1201 2156 1256 rebus
2180 1221 2310 1273 quas
2335 1206 2393 1260 in
2427 1208 2670 1263 arbitrio
2694 1218 2897 1267 nostro
2933 1213 3059 1267 sitas
3080 1219 3631 1284 suntversans,tum

1978 1292 2224 1358 peccati,
2253 1298 2375 1347 tum
2392 1295 2540 1365 justi
2563 1300 2759 1368 operis
2783 1301 2943 1372 origo
2967 1306 3073 1355 est.
3092 1304 3232 1357 Nam
3260 1321 3510 1374 quarum
3535 1322 3629 1360 re-

1977 1396 2110 1433 rum
2135 1381 2447 1439 facultates
2477 1404 2657 1457 penes
2680 1407 2789 1444 nos
2822 1396 2980 1457 sunt,
3004 1392 3217 1446 harum
3246 1396 3423 1449 etiam
3446 1397 3626 1450 actio-

1978 1484 2084 1521 nes
2116 1469 2494 1529 facultatibus
2526 1485 2941 1535 consnntaneee
2976 1498 3157 1551 penes
3183 1499 3288 1536 nos
3313 1486 3628 1549 sunt.Qua-

1978 1557 2245 1613 mobrem
2270 1579 2404 1616 cum
2422 1564 2733 1622 facultates
2752 1569 2947 1623 virtuti
2967 1577 3383 1627 consentaneae
3408 1573 3512 1628 inn
3535 1591 3630 1628 os-

1978 1652 2068 1702 tra
2090 1656 2377 1723 potestate
2412 1654 2551 1722 sint,
2581 1657 2639 1710 in
2666 1664 2869 1712 nostra
2888 1677 3124 1729 quoque
3144 1666 3431 1731 potestate
3448 1664 3631 1718 virtu-

1980 1740 2066 1790 tes
2099 1738 2217 1792 sint
2238 1758 2480 1797 necesse
2502 1748 2862 1817 est.Proprie
2885 1750 3043 1803 enim
3072 1751 3132 1803 in
3155 1750 3401 1805 arbitrio
3426 1758 3628 1806 nostro

1979 1828 2317 1884 consistunt
2339 1848 2408 1886 ea
2431 1836 2631 1890 omnia
2657 1854 2787 1906 qum
2820 1838 3082 1893 animam
3114 1840 3432 1911 attingunt,
3468 1846 3526 1896 et
3557 1841 3628 1897 de

1979 1916 2195 1983 quibus
2227 1920 2648 1979 deliberamus.
2679 1926 2763 1979 Ad
2790 1927 2947 1981 hunc
2970 1928 3147 1993 igitur
3174 1929 3415 1983 modum
3444 1930 3628 1985 libere

1978 2006 2455 2064 consultantibus
2482 2014 2848 2082 hominibus,
2872 2033 2939 2071 ac
2960 2016 3302 2072 liberaitem
3324 2018 3624 2075 voluntate

1978 2094 2656 2170 eligentibus,quatenus
2679 2106 2974 2177 quispiam
2995 2107 3471 2178 e1ig1t,hactenus
3486 2128 3625 2180 quo-

1978 2200 2090 2253 que
2124 2186 2384 2244 divinam
2420 2192 2613 2247 lucem
2639 2195 2909 2265 percipit,
2938 2202 3115 2266 atque
3140 2198 3201 2251 in
3233 2199 3624 2270 philosophia)

1978 2273 2190 2329 studiis
2210 2294 2555 2351 progressus
2576 2283 2913 2339 facit.Varia
2932 2286 3091 2340 enim
3112 2286 3468 2341 electionum
3488 2294 3629 2344 sunt

1976 2378 2212 2432 genera.
2244 2368 2311 2420 Et
2329 2371 2831 2438 quemadmodum
2856 2374 3097 2444 quidam
3121 2390 3409 2445 aquarum
3434 2376 3627 2434 fontes

1978 2466 2008 2504 e
2042 2458 2209 2507 terra:
2234 2457 2557 2514 visceribus
2577 2462 2988 2529 scaturientes,
3014 2465 3228 2534 partim
3252 2481 3281 2518 e
3311 2467 3626 2536 superﬁcie

1978 2543 2149 2595 terrae
2180 2545 2472 2614 oriuntur,
2508 2550 2721 2620 partim
2750 2553 3052 2622 aliquanto
3084 2553 3460 2624 profundius,
3485 2572 3619 2627 par-

1978 2627 2083 2681 tim
2116 2633 2581 2700 profundissime
2608 2657 2620 2704 ;
2665 2646 2840 2709 atque
2872 2643 3081 2696 harum
3114 2659 3402 2712 aquarum
3435 2645 3565 2699 alite
3590 2661 3620 2698 e

209 2705 551 2778 prepinquo
584 2710 867 2760 emanant
895 2712 1188 2778 gustuque
1216 2707 1424 2795 dulces
1458 2713 1614 2773 sunt,
1656 2709 1787 2800 alize
1819 2727 1889 2765 ex
1920 2712 2037 2767 imo
2070 2734 2134 2772 ac
2168 2723 2337 2777 salsze
2366 2732 2466 2779 aut
2496 2705 2833 2797 sulphur-eae
2868 2736 3027 2793 sunt,
3060 2705 3235 2800 atque
3294 2731 3438 2785 item
3487 2734 3618 2787 aliae

212 2795 518 2850 uberrime
548 2796 873 2867 proﬂuunt,
908 2797 1038 2850 aliae
1067 2797 1355 2867 paulatim
1383 2798 1643 2863 stillant;
1679 2798 1886 2853 eodem
1922 2804 2093 2858 modo
2129 2808 2187 2861 in
2222 2795 2613 2870 electionibus
2646 2834 2881 2887 quoque
2935 2795 3157 2890 cogita,
3198 2820 3345 2874 alias
3395 2820 3619 2876 celeres

205 2902 279 2939 ac
308 2902 597 2955 perquam
629 2885 879 2940 fervidas
913 2903 1064 2948 esse,
1100 2886 1246 2941 alias
1279 2903 1487 2958 segnes
1520 2894 1577 2942 et
1614 2888 1875 2959 frigidas,
1910 2907 1976 2945 ac
2028 2912 2267 2955 rursum
2319 2903 2465 2958 alias
2518 2905 2590 2959 ad
2640 2885 2913 2961 virtutem
2974 2885 3219 2963 oinnino
3271 2925 3619 2979 propensas,

204 2976 359 3030 alias
394 2976 467 3029 ad
498 2976 704 3029 vitium
738 2976 1015 3030 omnibus
1046 2977 1265 3031 viribus
1298 2978 1633 3033 inclinatas.
1664 2978 1846 3050 Igitur
1875 2983 2081 3051 quales
2113 3004 2317 3045 earum
2350 2996 2693 3051 affectiones
2721 3002 2878 3063 sunt,
2906 2997 3051 3052 tales
3076 2976 3311 3069 quoque
3344 2976 3418 3054 ad
3440 3016 3619 3071 agen-

203 3066 352 3120 dum
385 3065 644 3137 impetus
676 3072 1143 3135 consequuntur.

277 3157 450 3210 ΚΕΦ.
487 3155 573 3221 1ζ’.
620 3154 775 3227 Λέγει
830 3152 941 3208 δεῖ)
974 3154 1204 3231 Ἰωάσαφ
1259 3156 1394 3230 πρὸς
1449 3156 1541 3210 τὸν
1600 3158 1847 3232 γέροντα.

2035 3175 2169 3225 (λΑΡ.
2204 3176 2345 3229 XVI.
2380 3207 2446 3216 —
2483 3178 2636 3231 Dixit
2665 3184 2862 3233 autem
2889 3178 2961 3233 ad
3030 3195 3235 3234 senem
3291 3179 3611 3250 Josaphat:

196 3244 353 3301 Εἰσὶν
392 3240 599 3296 οὖνκαὶ
646 3238 819 3317 ἕτεροί
878 3263 1017 3304 τινες
1078 3247 1191 3316 (13)
1248 3249 1339 3298 νῦν
1398 3246 1449 3299 οἱ
1503 3246 1638 3301 κατὰ
1694 3252 1861 3302 ταῦτα

193 3332 569 3403 κηρύττοντες
603 3332 784 3406 ὥσπερ
835 3331 897 3385 σύ
929 3358 942 3399 ς
975 3329 1011 3401 ἤ
1049 3334 1215 3403 μόνος
1263 3335 1313 3388 εἶ
1362 3338 1601 3407 σήμερον
1635 3337 1662 3391 ὁ
1692 3341 1859 3393 ταῦτα

190 3418 617 3488 διδάσκων,καὶ
650 3419 821 3484 οὕτως
857 3421 1087 3492 μισητὸν
1149 3422 1240 3476 τὸν
1302 3424 1544 3497 παρόντα
1604 3425 1722 3501 βίον
1776 3423 1859 3479 δι-

185 3509 556 3582 ηλοῦμενοςς
606 3511 761 3565 134
816 3510 871 3563 Ὀ
932 3506 989 3563 δὲ
1040 3511 1357 3585 ἀποκριθεὶς
1418 3512 1579 3566 εἶπεν·
1644 3515 1729 3569 Ἐν
1785 3518 1854 3587 τῇ

182 3600 316 3661 πίσθ’
351 3598 492 3670 ὑμᾶς
525 3594 928 3671 δυστυχεστάτη
964 3598 1124 3672 χώρᾳ
1152 3598 1322 3673 ταύτῃ
1354 3597 1544 3654 οὐδένα
1573 3602 1852 3675 γινώσκω.

184 3687 259 3745 Ἠ
320 3688 421 3761 γαρ
479 3691 576 3740 τοῦ
637 3691 731 3741 σοῦ
788 3688 991 3762 πατρὸς
1048 3689 1295 3762 τυραννὶς
1357 3691 1571 3763 μυρίοις
1629 3690 1855 3756 τούτους

189 3780 453 3840 θανάτοις
488 3771 801 3849 περιέϐαλε,
833 3776 922 3829 καὶ
984 3774 1135 3850 ἔργον
1196 3773 1341 3831 ἔθετο
1399 3779 1475 3851 μή
1506 3780 1568 3833 τὸ
1618 3778 1849 3834 σύνολον

187 3865 495 3928 ἀκούεσθαι
525 3865 575 3919 ἐν
613 3867 737 3937 ὐμῖν
795 3865 857 3918 τὸ
905 3869 1005 3930 τῆς
1063 3866 1387 3941 θεογνωσίας
1434 3870 1709 3944 κήρυγμα.
1761 3872 1848 3927 Ἑν

182 3960 398 4015 πάσαις
426 3953 484 4008 δέ
520 3959 639 4017 ταῖς
692 3952 914 4015 λοιπαῖς
969 3953 1247 4027 γλώσσαις
1300 3954 1480 4025 ᾅδεται
1538 3962 1704 4012 ταῦτα
1760 3960 1849 4013 καὶ

178 4043 495 4114 δοξάζεται,
532 4046 614 4104 οἷς
680 4043 772 4115 μὲν
834 4043 1112 4116 ὀρθοτάτῳ
1176 4042 1347 4117 λόγῳ,
1405 4042 1598 4107 ἄλλοις
1659 4046 1715 4101 δὲ
1766 4045 1851 4101 δι-

176 4136 605 4209 εστραμμένως,
664 4131 760 4187 τοῦ
818 4132 1089 4205 πολεμίου
1140 4138 1244 4187 τῶν
1308 4134 1589 4209 ἡμετέρων
1652 4141 1845 4213 ψυχῶν

177 4224 463 4280 ἐκκλίνειν
497 4222 689 4285 αὐτοὺς
722 4230 823 4292 τῆς
856 4222 1063 4285 εὐθείας
1092 4225 1470 4295 ποιησαμένου
1530 4226 1618 4281 καὶ
1674 4226 1844 4283 ἀλλο-

174 4315 370 4387 τρίαις
431 4313 934 4386 καταμερισαμένου
991 4310 1189 4385 δόξαις,
1267 4314 1354 4367 καὶ
1443 4313 1627 4390 ῥήσεις
1701 4317 1847 4381 τινας

172 4410 291 4460 τῶν
331 4408 558 4479 Γραῳῶν
590 4401 777 4466 άλλως
806 4404 897 4456 καὶ
930 4401 991 4456 οὐ
1042 4402 1177 4456 κατά
1221 4403 1311 4456 τὸν
1361 4402 1667 4478 ἐγκείμενον
1718 4411 1841 4460 νοῦν

1968 3259 2193 3316 Suntne
2226 3265 2401 3319 etiam
2426 3267 2525 3320 alii
2552 3268 2846 3334 nonnulli,
2875 3268 2975 3339 qui
3003 3268 3209 3323 eadem
3234 3286 3363 3339 qua;
3388 3273 3449 3323 tu
3474 3286 3614 3339 prae-

1967 3348 2189 3419 dicent,
2224 3370 2298 3408 an
2330 3373 2463 3410 vero
2489 3362 2551 3410 tu
2583 3356 2871 3411 hodierno
2906 3358 2999 3412 die
3032 3358 3196 3412 solus
3227 3374 3289 3411 es
3341 3358 3442 3428 qui
3483 3358 3609 3413 haec

1966 3440 2163 3509 doces,
2187 3459 2254 3497 ac
2278 3452 2631 3515 praesentem
2660 3446 2835 3501 vitam
2862 3464 3045 3517 nsque
3062 3446 3207 3501 adeo
3223 3446 3613 3501 aversandam

1964 3534 2140 3600 atque
2174 3532 2309 3587 odio
2342 3535 2753 3589 insectandam
2784 3552 2911 3590 esse
2944 3552 3151 3590 mones
3176 3535 3203 3589 ‘P
3262 3535 3365 3590 llle
3415 3543 3615 3592 autem

1963 3619 2038 3673 ad
2069 3621 2229 3675 hunc
2262 3622 2501 3677 modum
2534 3624 2877 3695 respondit:
2908 3626 2971 3679 In
3003 3625 3111 3679 hac
3170 3630 3363 3678 vestra
3414 3624 3613 3679 infeli-

1962 3710 2203 3764 cissima
2242 3713 2480 3783 regione
2522 3714 2823 3768 neminem
2873 3716 3028 3768 novi.
3084 3716 3227 3768 Nam
3288 3714 3472 3784 patris
3526 3715 3607 3769 tui

1962 3802 2230 3870 tyrannis
2263 3803 2595 3857 innumeris
2629 3805 2833 3859 mortis
2864 3804 3180 3876 generibus
3213 3823 3313 3859 eos
3354 3805 3608 3861 mulcta-

1959 3890 2059 3956 vit,
2094 3890 2376 3962 deditque
2410 3910 2653 3963 operam
2683 3911 2756 3948 ne
2784 3912 3025 3965 prorsus
3056 3894 3212 3948 inter
3239 3912 3338 3949 vos
3394 3895 3605 3948 divinae

1960 3981 2312 4052 cognitionis
2352 3983 2693 4053 praadicatio
2734 3982 3059 4037 audiretur.
3120 3984 3289 4055 Apud
3344 3984 3608 4054 reliquas

1959 4076 2156 4124 autem
2184 4072 2458 4126 nationes
2494 4073 2616 4126 haec
2646 4077 2961 4127 cantantur
2991 4090 3057 4127 ac
3100 4072 3497 4139 celebrantur,
3533 4073 3604 4127 ab

1957 4160 2090 4214 aliis
2123 4161 2363 4230 quidem
2394 4163 2727 4217 rectissima
2765 4163 3017 4226 ratione,
3078 4161 3149 4216 ab
3210 4161 3344 4215 aliis
3404 4165 3603 4215 autem

1955 4266 2248 4320 perverse,
2284 4251 2502 4321 quippe
2534 4269 2665 4306 cum
2690 4252 3019 4306 animarum
3050 4256 3388 4305 nostrarum
3414 4248 3601 4303 hostis

1955 4356 2054 4394 eos
2086 4356 2119 4393 a
2145 4347 2306 4394 recta
2335 4342 2425 4394 via
2452 4347 2816 4395 transversos
2842 4341 3046 4411 egerit,
3078 4344 3253 4408 atque
3290 4339 3349 4391 in
3374 4338 3601 4391 alienas

1954 4430 2265 4500 Opiniones
2293 4430 2578 4489 diviserit.
2614 4445 2834 4499 eosque
2880 4428 3008 4482 loca
3064 4426 3335 4497 quaedam
3385 4424 3599 4480 divinas

177 4492 620 4569 ίιεθερμηνεύειν
682 4490 1017 4561 διδάξαντος.
1076 4491 1189 4547 Μία
1238 4488 1294 4546 δέ
1350 4491 1490 4547 ἐστιν
1525 4496 1558 4563 ἡ
1592 4494 1841 4566 ἀλήθεια,

181 4588 196 4596 -
449 4584 471 4596 λ
506 4588 527 4596 _
629 4579 651 4596 κ
691 4582 703 4595 ι
810 4585 836 4595 ..
940 4580 952 4593 ς
1000 4578 1082 4596 λη
1232 4580 1242 4596 .
1409 4582 1447 4596 ,ς
1671 4585 1683 4596 .
1776 4591 1799 4596 _

1970 4518 2273 4587 Scriptura;
2305 4517 2478 4571 aliter
2509 4534 2684 4587 quam
2716 4532 3033 4589 germanus
3066 4531 3276 4570 sensus
3306 4514 3476 4574 ferat,
3510 4514 3600 4567 in-

171 4588 208 4656 ἡ
246 4584 596 4659 κηρυχθεῖσα
626 4579 715 4635 διὰ
770 4585 880 4636 τῶν
936 4578 1165 4653 ἐνδόξων
1219 4580 1543 4638 ἀποστόλων
1595 4585 1685 4638 καὶ
1734 4591 1840 4641 τῶν

171 4673 461 4750 θιὲιρόρων
504 4677 776 4747 Ματέρων,
808 4671 897 4724 καὶ
957 4669 1009 4725 ἓν
1073 4674 1143 4743 τῇ
1197 4670 1469 4745 καθολικῇ
1532 4672 1845 4749 Ἐκκλμσίᾳ

166 4768 240 4838 τῇ
277 4764 389 4818 ἀπὸ
421 4763 668 4836 περάτων
699 4757 804 4821 ἕως
836 4760 1083 4835 περάτων
1130 4766 1231 4828 τῆς
1296 4760 1627 4835 οἰκουμένης
1678 4763 1841 4831 ἡλίου

168 4851 545 4929 φαιδρότερον
605 4850 1012 4923 διαλάμπουσα,
1089 4852 1261 4925 ἧσπερ
1338 4849 1444 4926 ἐγὼ
1504 4854 1670 4927 κήρυξ
1752 4856 1839 4909 καὶ

169 4942 516 5004 διδάσκαλος
546 4940 855 5011 ἀπεστάλην
879 4961 986 4997 σοι.

247 5142 387 5199 Elite
419 5137 476 5194 δὲ
510 5141 538 5193 ὁ
566 5139 801 5215 Ἰωάσαφ
831 5137 969 5213 πρὸς
1008 5136 1188 5191 αὐτόν’
1251 5132 1420 5192 Οὐδὲν
1481 5138 1572 5192 οὖν
1629 5140 1837 5199 τούτων

163 5233 194 5287 δ
231 5232 375 5305 ἱμὰς
413 5228 698 5303 μεμάθηκε
726 5229 906 5299 πατήρ
937 5246 951 5297 ;

1956 4608 2269 4677 terpretari
2299 4606 2583 4662 docuerit.
2621 4608 2909 4661 Caeterum
2941 4622 3059 4660 una
3088 4610 3177 4659 est
3196 4604 3430 4669 veritas,
3466 4619 3595 4673 quaa

1953 4696 2025 4752 ab
2060 4696 2393 4750 illustribus
2425 4696 2709 4767 apostolis
2740 4700 2798 4749 et
2828 4694 3041 4749 divinis
3071 4692 3342 4749 Patribus
3383 4691 3597 4764 praedi-

1952 4791 2083 4841 cata
2114 4791 2221 4855 est,
2258 4792 2315 4839 et
2345 4786 2407 4841 in
2438 4786 2751 4852 catholica,
2784 4790 2959 4855 atque
2990 4784 3061 4839 ab
3099 4782 3381 4838 extremis
3434 4779 3595 4835 orbis

1952 4875 2173 4930 ﬁnibus
2205 4875 2279 4930 ad
2311 4881 2605 4930 extremos
2638 4892 2824 4945 usque
2874 4875 3021 4928 lines
3069 4872 3284 4926 diffusa
3333 4869 3597 4925 Ecclesia

1950 4966 2074 5022 sole
2106 4966 2479 5036 splendidius
2511 4964 2687 5019 lucet.
2722 4966 2907 5028 Quam
2939 4962 3180 5033 quidem
3220 4977 3322 5033 ego
3371 4965 3436 5013 ut
3487 4957 3591 5012 tibi

1944 5056 2333 5128 praedicarem
2384 5071 2451 5108 ac
2482 5053 2798 5121 traderem,
2843 5052 2915 5106 ad
2946 5058 3001 5105 te
3033 5051 3251 5105 missus
3282 5065 3433 5103 sum.

2016 5144 2173 5200 Dixit
2197 5149 2394 5199 autem
2426 5142 2500 5197 ad
2532 5158 2667 5196 eum
2723 5141 3039 5211 Josaphat:
3089 5138 3325 5193 Nihilne
3376 5138 3591 5192 horum

1943 5242 2111 5310 pater
2140 5250 2309 5289 meus
2339 5247 2602 5303 unquam
2637 5229 2883 5285 didicit?

236 5361 357 5439 (l?)
386 5360 450 5425 C,
484 5354 592 5410 εἶτε
616 5355 961 5439 ἀφανίζοντα.
997 5357 1133 5439 Mox,
1153 5354 1213 5439 ρ,
1247 5352 1608 5439 στηαλάζοντα,
1637 5360 1859 5439 Ρᾶτιὶρὶς

1988 5358 2250 5439 στάζοντα
2283 5360 2429 5415 mihi
2479 5358 2593 5414 loci
2628 5355 2959 5439 Sopboclei,
3010 5354 3208 5437 Ajacis
3238 5353 3431 5436 initio,
3463 5369 3587 5439 me-

157 5417 755 5508 mbriafenovatur:
789 5417 945 5499 ’ἶΑρτι
975 5426 1076 5501 γὰρ
1110 5424 1245 5508 ᾁνήρ
1280 5420 1407 5476 έίσω
1428 5417 1715 5508 τυγχάνει,
1746 5417 1859 5508 idP;

1970 5417 2121 5501 τοὶζωῦ
2148 5430 2361 5508 ἱδρῶτιἶ
2399 5434 2462 5485 In
2495 5448 2625 5508 quo
2662 5417 2761 5508 qui
2814 5417 3076 5508 volu'ere'
3098 5427 3269 5508 jungi
3321 5417 3584 5508 τυγχάνει

154 5504 311 5575 κάρα
342 5502 578 5578 στ-ἀζωνς
612 5497 1482 5578 obconstantemlbujusverbi
1516 5497 1582 5555 ac
1613 5497 1910 5578 participii
1945 5497 2465 5578 societatem,»iam
2514 5497 2953 5578 satis—fuerunt
2996 5497 3186 5578 verbis
3227 5497 3307 5552 ex
3355 5497 3586 5578 Electra

154 5568 441 5635 refutati,
476 5574 583 5627 Νῦν
619 5569 665 5624 δ’
694 5572 905 5643 ἀγροῖσι
933 5570 1215 5643 τυγχάνει,
1249 5568 1501 5649 aliisque
1534 5568 1848 5649 exemplis‘

1973 5578 2173 5633 ilibus.
2210 5568 2431 5649 Quibus
2463 5580 2521 5628 et
2541 5572 2947 5649 reponendum
2973 5571 3225 5649 videtur,
3245 5569 3432 5624 multo
3452 5585 3586 5649 ma-

152 5645 375 5723 gi_s_ad
410 5661 534 5723 rem
566 5640 1553 5723 facereatqu_e_esseppportunius
1586 5645 1631 5699 si
1665 5640 2258 5723 moneaturililyisses
2318 5646 2387 5701 de
2421 5640 2657 5723 recente
2688 5643 2895 5723 AAjacis
2923 5643 2982 5723 in
3014 5643 3334 5723 tento-rium
3368 5640 3581 5723 reditu,

152 5711 383 5789 addita
404 5717 616 5789 capitis
644 5711 1213 5789 sudore'difﬂuentis
1230 5711 1649 5785 descriptione,
1675 5737 1852 5789 quam
1877 5722 1926 5778 si
1954 5722 2013 5777 id
2041 5711 2130 5776 illi
2154 5724 2384 5775 tantum
2410 5711 2775 5789 signiﬁcetur
2799 5714 2862 5786 Α]
2874 5715 2992 5770 acis
3016 5719 3191 5787 caput
3198 5714 3325 5785 jam
3350 5711 3583 5767 sudare.

238 5788 367 5862 (13)
398 5783 667 5856 Α,’ἆ’λλοι
692 5783 851 5850 τινές.
910 5785 926 5791 ’
