4030 6202
437 328 547 387 999

1958 321 2332 380 ADDBNDA.

3709 339 3848 397 ίοοο

515 454 841 529 Respondit
865 470 1047 510 senex
1074 470 1088 510 :
1121 455 1438 528 Perspicua
1470 452 1735 527 quidem,
1793 455 1972 522 atque
2018 450 2082 504 ut

2268 446 2378 536 Καὶ
2410 470 2572 529 φησιν
2606 452 2634 509 ὅ
2665 452 3121 533 γιρωνντρανῶς
3161 457 3258 533 μὶν
3317 461 3411 517 καὶ
3461 463 3850 536 προσηκόντως

446 566 555 622 par
586 552 730 613 erat,
762 545 916 601 nihil
955 544 1181 601 didicit.
1243 546 1510 602 Occlusis
1567 544 1730 600 enim
1788 541 2086 609 sensibus,

443 640 666 694 bonum
699 636 772 691 de
813 635 1108 690 industria
1168 635 1461 707 repudiat,
1522 640 1697 705 atque
1754 631 1817 687 in
1860 631 2088 687 malum

445 728 635 785 libera
659 726 839 782 animi
873 725 1215 780 inductione
1246 724 1599 796 propendet.

513 821 589 875 At
615 817 850 877 vellem.
884 815 1081 886 inquit
1107 815 1407 887 Josaphat,
1438 814 1540 869 ille
1574 827 1808 885 quoque
1833 811 1946 866 hac
1978 809 2086 865 do-

442 908 635 967 ctrina
664 907 1047 961 imbueretur.

512 998 839 1070 Respondit
863 1012 1070 1052 senex:
1097 998 1229 1051 Haec
1251 995 1407 1068 apud
1429 994 1699 1051 homines
1712 993 2085 1065 suntimpos-

442 1088 676 1153 sibilia;
710 1086 867 1159 apud
898 1088 1081 1142 Deum
1110 1092 1307 1142 autem
1339 1086 1492 1141 nihil
1522 1084 1791 1156 estiquod
1814 1084 1942 1139 ﬁeri
1966 1100 2087 1139 non

439 1181 631 1255 possit
651 1180 864 1251 (Matth.
889 1179 1026 1247 XIX).
1053 1178 1276 1249 Ecquid
1299 1178 1459 1233 enim
1490 1177 1604 1232 scis
1626 1177 1969 1231 futurumne
2014 1175 2093 1230 sit

444 1277 510 1326 ut
531 1271 681 1343 patri
706 1276 802 1324 tuo
820 1268 1073 1324 salutem
1091 1269 1173 1323 aﬂ‘
1174 1282 1324 1335 eras,
1352 1272 1527 1337 atque
1550 1264 1897 1322 admirando
1910 1263 2087 1318 modo

445 1362 631 1433 patris
648 1360 734 1415 tui
749 1357 1167 1431 patertandem
1178 1358 1406 1413 voceris
1419 1357 1769 1412 ‘INarratum
1784 1355 1942 1410 enim
1976 1354 2089 1408 mi-

441 1453 501 1507 hi
518 1456 605 1507 est
617 1466 813 1523 regem
827 1449 1143 1519 quemdam
1158 1446 1581 1516 exstitisse.qui
1596 1444 1877 1516 praeclare
1890 1443 2090 1498 admo—

440 1541 581 1596 dum
594 1540 815 1611 regiam
831 1536 1357 1610 suamldignitatem
1372 1533 2090 1600 administrabat,lenitero

443 1646 557 1700 que
571 1645 638 1684 ac
659 1626 891 1699 placide
913 1625 1197 1697 populum
1211 1625 1311 1695 qui
1334 1624 1519 1696 ipsius
1537 1624 1746 1679 ditioni
1774 1628 1952 1693 atque
1976 1624 2087 1677 im-

441 1718 606 1792 perio
632 1717 873 1772 suberat
893 1714 1200 1782 tractabat,
1226 1714 1288 1769 in
1319 1714 1428 1769 hac
1454 1719 1649 1769 autem
1678 1728 1798 1767 una
1827 1728 1891 1766 re
1923 1711 2085 1766 labe—

2195 534 2350 631 οὐδὲν
2382 540 2685 631 μεμάθηκε⁶
2737 543 2883 620 βύων
2940 548 3043 623 γὰρ
3085 548 3179 611 τὰς
3236 534 3540 624 αἰσθήσεις,
3570 553 3635 609 τὸ
3665 555 3852 631 ἀγαθὸν

2194 624 2332 683 ἑκὼν
2375 628 2448 722 ,οὖ
2476 630 2893 722 ,προσδέχεταῃ
2948 637 3086 713 πρὸς
3141 638 3205 695 τὸ
3263 640 3430 700 κακὸν
3458 624 3863 722 αὖτοπροαιρὲ-

2192 739 2300 781 τως
2329 721 2429 789 τήν
2460 720 2635 798 ῥοπὴν
2666 726 3027 799 κεκτημένος.

2265 807 2421 866 Ἀλλ’
2468 809 2691 887 ἤθελον,
2752 816 2917 892 φησὶν
2977 817 3006 872 ὁ
3066 817 3324 899 Ἰωάσαφ,
3381 820 3637 879 κάκεῖνον
3695 830 3865 882 ταῧτα

2199 900 2494 970 μυηθῆναι,

2264 988 2327 1045 Ὀ
2358 985 2417 1045 δὲ
2476 991 2669 1065 γὲρωψ
2696 992 2773 1048 Τά
2828 996 2974 1069 παρᾶ
3028 997 3362 1073 ἀνθρώποις,
3398 1002 3566 1071 εἶπεν,
3599 1001 3872 1077 ἀδύνατα,

2193 1077 2339 1168 ποιρᾷ
2366 1084 2448 1152 τῷ
2477 1086 2594 1153 Θεῷ
2640 1082 2813 1138 πάντα
2846 1080 3044 1140 δυνατά
3101 1085 3211 1142 ἐστι
3273 1091 3408 1162 (14).
3440 1091 3504 1148 Τί
3561 1093 3669 1168 γὰρ
3706 1092 3870 1157 οἶδας

2195 1165 2240 1221 εἰ
2272 1166 2553 1231 σὺσώσεις
2600 1170 2695 1225 τὸν
2727 1171 2932 1245 πατέρα
2989 1195 3109 1245 σου,
3165 1175 3256 1230 καὶ
3312 1177 3504 1252 τρόπῳ
3562 1165 3873 1257 θαυμασίῳ

2191 1259 2467 1332 γεννήτωρ
2496 1264 2594 1315 τοῦ
2624 1264 2720 1316 σοῦ
2751 1264 3120 1337 χρηματίσεις
3147 1269 3470 1342 γεννήτορας
3503 1273 3618 1344 (15)
3651 1290 3667 1339 ς
3704 1276 3869 1332 1³5

2191 1348 2433 1417 Ἀκήκοα
2479 1350 2583 1423 γάρ
2648 1350 2874 1424 βασιλέα
2944 1352 3065 1407 τινὰ
3135 1356 3408 1431 γεγονέναι
3468 1360 3611 1414 πάνυ
3671 1367 3879 1426 καλῶς

2191 1436 2291 1504 τὴν
2347 1437 2538 1493 ἑαυτοῦ
2596 1439 2990 1514 οἶκονομοῦντα
3048 1437 3347 1503 ϐασιλείαν.
3398 1449 3585 1523 πράως
3646 1472 3706 1507 τε
3776 1452 3877 1507 καὶ

2191 1524 2372 1596 ἠπίως
2402 1532 2482 1599 τῷ
2541 1528 2630 1583 ὑπ’
2688 1530 2848 1585 αὐτὸν
2909 1532 3254 1609 κεχρημένον
3310 1534 3530 1608 λαῷ,ἐν
3559 1540 3761 1613 τούτῳ
3816 1539 3878 1597 εὶ

2195 1616 2342 1706 μόνῳ
2369 1617 2778 1694 σφαλλόμενοι,
2808 1625 2889 1694 τῷ
2921 1624 2998 1695 μή
3030 1621 3288 1679 πλουτεῖν
3318 1627 3414 1681 τὸν
3460 1635 3558 1698 τῆς
3608 1632 3879 1706 θεογνω.

2193 1704 2311 1769 σίας
2373 1709 2677 1784 φωτισμὸν,
2726 1708 2872 1766 ἀλλὰ
2924 1716 2992 1787 τῇ
3029 1716 3210 1789 πλάνῃ
3243 1720 3351 1770 τῶν
3412 1714 3663 1774 εἰδώλων
3726 1704 3880 1777 κατ-

441 1806 800 1878 batur.quod
813 1805 1023 1861 divina:
1041 1802 1639 1877 cognitionislumine
1657 1806 1897 1857 careret.
1910 1806 2082 1872 atque

2209 1794 2435 1871 ἔχεσθαι.
2472 1799 2608 1874 Εἶχε
2640 1796 2697 1854 δὲ
2723 1821 2845 1855 τινα
2876 1797 3191 1875 σύμϐουλον
3223 1803 3419 1880 ἀγαθὸν
3446 1811 3531 1863 καὶ
3564 1810 3878 1874 παντοίως

441 1897 738 1953 idolorum
763 1895 925 1951 cultu
948 1895 1306 1950 constrictus
1330 1894 1797 1948 teneretur.Erat
1811 1897 2009 1947 autem
2033 1892 2082 1945 ei

2209 1886 2607 1977 ιεκοσμημᾶνον
2635 1892 2704 1963 τῇ
2741 1911 2801 1945 τε
2851 1891 2986 1966 πρὸς
3039 1893 3132 1947 τὸν
3195 1894 3323 1949 Θεὸν
3384 1893 3626 1970 εὐσεϐείᾳ
3653 1902 3766 1955 καὶ

441 1987 663 2061 probus
688 1985 929 2057 quidam
954 1983 1330 2047 consiliarus,
1355 1999 1422 2037 ac
1445 1988 1569 2037 tum
1594 1998 1730 2054 erga
1753 1983 1938 2037 Deum
1961 1981 2089 2052 pie-

440 2082 581 2141 tate,
609 2083 734 2131 tum
766 2074 996 2130 caeteris
1025 2073 1341 2127 virtutibus
1367 2071 1805 2137 ornatissimus,
1825 2071 1925 2141 qui
1953 2087 2088 2126 cum

436 2166 592 2235 regis
618 2180 817 2220 errore
839 2168 1173 2235 angeretur,
1208 2177 1463 2232 eumque
1498 2161 1855 2232 permoleste
1880 2160 2085 2229 ferret,

441 2260 617 2325 atque
640 2254 837 2325 ipsum
861 2254 969 2307 hoc
991 2250 1233 2306 nomine
1256 2267 1573 2321 coarguere
1597 2251 1657 2305 in
1682 2251 1882 2306 animo
1904 2249 2087 2305 habe-

439 2350 551 2408 ret,
576 2348 774 2399 tamen
798 2343 908 2397 hac
931 2342 1003 2396 de
1021 2357 1199 2395 causa
1229 2356 1358 2394 sese
1386 2339 1769 2410 reprimebat,
1803 2339 1961 2411 quod
1989 2356 2086 2394 ve-

438 2438 772 2501 reretur,ne
786 2438 844 2486 et
860 2431 971 2487 sibi
989 2436 1045 2486 et
1058 2430 1234 2486 sociis
1250 2430 1373 2485 suis
1385 2430 1712 2501 perniciem
1736 2434 2085 2497 accerseret,

443 2540 693 2594 eamque
721 2521 1041 2577 utilitatem
1069 2537 1199 2591 qua
1214 2536 1283 2574 ex
1306 2519 1432 2590 ipso
1448 2519 1521 2573 ad
1537 2518 1685 2575 alios
1698 2519 2089 2591 promanabat

438 2610 1173 2684 amputaret.0ccasionem
1188 2612 1385 2664 autem
1398 2607 1788 2663 nihilominus
1802 2608 2089 2680 querebat

439 2719 556 2774 qua
585 2699 894 2757 commode
927 2700 1123 2770 ipsum
1155 2698 1228 2753 ad
1259 2698 1482 2753 bonum
1515 2698 1906 2769 pertraheret.
1932 2697 2088 2753 Dixit

436 2793 615 2858 igitur
645 2795 819 2846 nocte
851 2788 1104 2860 quadam
1138 2787 1212 2843 ad
1244 2804 1379 2842 eum
1411 2804 1549 2843 rex:
1576 2787 1896 2851 Adesdum,
1921 2804 2083 2860 egre-

435 2882 762 2944 diamur,ac
774 2879 1069 2934 civitatem
1082 2878 1684 2945 circumeamus,num
1694 2876 1844 2932 forte
1858 2876 2083 2949 aliquid

438 2970 597 3043 quod
622 2970 681 3026 in
707 2986 834 3025 rem
858 2969 1122 3023 futurum
1138 2967 1213 3022 sit
1234 2966 1688 3039 perspiciamus.
1721 2968 1863 3021 Cum
1884 2972 2082 3022 autem

432 3062 520 3117 illi
543 3077 648 3133 per
668 3060 874 3115 urbem
907 3058 1381 3123 obambularent,
1406 3057 1556 3112 lucis
1583 3057 1962 3128 splendorem
1979 3074 2084 3128 per

432 3151 706 3206 foramen
740 3148 1037 3221 quoddam
1065 3148 1397 3203 radiantem
1456 3151 1750 3214 cernunt;
1802 3147 1895 3202 cui
1945 3164 2077 3202 cum

433 3198 706 3206 ---_...v--
743 3198 1037 3221 ,ηπ-η-
1068 3198 1397 3203 _w___-_--___
1463 3198 1708 3203 "mw-
1737 3198 1750 3214 ,
1809 3198 1895 3202 η-
1951 3198 2077 3202 η---

433 3240 638 3296 oculos
652 3236 1491 3310 adjecissent,subterraneum
1504 3236 1801 3308 quoddam
1822 3242 2081 3293 etcaver-
2110 3198 2155 3267 C

434 3346 646 3385 nosum
670 3327 1037 3384 domicilium
1054 3326 1563 3398 conspicantur.in
1590 3342 1705 3397 quo
1725 3325 2085 3397 praesidebat

433 3420 521 3475 vir
536 3419 777 3491 quidam
802 3424 1063 3473 extrema
1084 3417 1285 3488 inopia
1307 3416 1605 3483 laborans,
1629 3432 1697 3471 ac
1721 3415 1933 3471 vilibus
1952 3418 2087 3487 qui-

434 3509 686 3565 busdam
719 3513 776 3563 et
801 3508 1011 3563 laceris
1037 3507 1253 3579 pannis
1280 3506 1543 3562 indutus.
1586 3505 1830 3561 Astabat
1885 3512 2083 3562 autem

435 3600 623 3671 ipsius
643 3615 809 3659 uxor,
826 3599 1030 3652 vinum
1049 3598 1159 3667 ipsi
1183 3600 1538 3668 temperans.
1550 3596 1813 3666 Cumque
1828 3595 1953 3667 ipse
1977 3614 2083 3668 po-

436 3687 636 3743 culum
664 3686 939 3742 manibus
960 3685 1415 3757 accepisset,illa
1437 3701 1611 3740 suave
1631 3685 1931 3755 quoddam
1952 3703 2081 3742 car-

436 3793 575 3833 men
608 3775 1212 3847 canens,voluptatem
1230 3775 1340 3846 ipsi
1355 3774 1892 3837 atl‘erebat,saltans
1910 3776 2082 3830 nimi-

435 3885 590 3935 rum,
625 3884 693 3925 ac
724 3868 1002 3923 maritum
1036 3866 1311 3921 laudibus
1348 3865 1663 3921 deliniens.
1706 3867 1826 3920 Rex
1880 3866 2080 3938 igiitur

435 3959 867 4031 aliquantisper
882 3959 1008 4012 haec
1024 3955 1746 4029 perspiciens,mirabatur
1766 3955 1922 4027 quod
1941 3972 2076 4012 cum

433 4055 597 4106 tanta
617 4054 873 4123 egestate
894 4052 1401 4120 premerentur,ut
1418 4063 1528 4101 nec
1550 4044 1759 4100 domus
1776 4061 1886 4101 nec
1899 4046 2075 4101 vestis

430 4139 577 4212 ipsis
599 4144 1165 4211 suppeteret,tamen
1178 4153 1365 4208 usque
1381 4134 1526 4190 adeo
1541 4135 1738 4189 laetam
1753 4140 1809 4189 et
1822 4135 2073 4191 hilarem

427 4229 607 4286 vitam
630 4229 1131 4299 ducerent.Atque
1153 4226 1226 4282 ad
1249 4225 1597 4298 primarium
1612 4241 1786 4279 suum
1804 4226 2075 4282 consilia-

427 4320 585 4376 rium
624 4320 716 4375 his
767 4318 961 4375 verbis
1008 4318 1233 4372 utitur:
1267 4318 1309 4371 Ο
1340 4331 1465 4369 rem
1513 4314 1744 4379 miram,
1776 4331 1809 4367 o
1840 4316 2028 4371 amice
2056 4316 2067 4370 !

427 4409 586 4483 quod
617 4409 862 4475 scilicet,
886 4424 995 4463 nec
1025 4406 1195 4472 mihi,
1219 4421 1329 4460 nec
1355 4404 1482 4468 tibi,
1502 4403 1618 4457 vita
1638 4408 2069 4475 nostra.quam-

2195 1974 2367 2068 λοιπῇ
2570 1975 2802 2068 ἐναρετῳ
2833 1980 3014 2057 σοφίᾳ’
3049 1982 3130 2054 ὃς,
3164 1983 3472 2058 ἀχθόμενος
3512 1989 3604 2043 καὶ
3638 1974 3876 2068 Bucth

2197 2064 2391 2142 ραίνων
2426 2064 2514 2121 ἐπὶ
2569 2071 2639 2142 τῇ
2669 2066 2850 2143 πλάνῃ
2904 2074 3003 2126 τοῦ
3037 2070 3309 2146 βασιλέως
3352 2074 3441 2130 καὶ
3500 2064 3878 2154 βουλόμενος

2195 2155 2353 2245 αὐτὸν
2385 2156 2508 2230 περὶ
2565 2156 2761 2213 τούτου
2817 2157 3050 2235 ἐλέγξαι,
3081 2161 3448 2238 ἀνεχαιτίζετο
3502 2173 3602 2236 τῆς
3634 2170 3875 2245 ὁρμῆς,

2197 2243 2457 2310 δεδοικὼς
2485 2247 2561 2320 μή
2609 2252 2788 2303 κακῶν
2820 2249 3073 2325 πρόξενος
3101 2252 3276 2326 ἑαυτῷ
3303 2274 3362 2310 τι
3390 2255 3477 2309 καὶ
3526 2263 3645 2323 τοῖς
3679 2243 3878 2316 ἀὐτοῦ

2196 2335 2432 2409 ἑταίροις
2459 2334 2669 2411 γένοιτο
2700 2338 2788 2393 καὶ
2837 2341 2937 2409 τήν
2970 2340 3268 2416 γινομένην
3300 2340 3373 2398 δι’
3402 2344 3563 2402 αὑτοῦ
3612 2348 3883 2407 πολλῶν

2196 2425 2463 2507 ὠφέλειαν
2520 2430 2883 2504 περικόψειεν.
2946 2432 3163 2503 Ἐζήτει
3206 2432 3263 2490 δὶ
3292 2434 3446 2509 ὅμως
3472 2438 3665 2513 καιρὸν
3710 2440 3883 2509 εὔθε-

2193 2537 2285 2572 τον
2316 2522 2415 2572 τοῦ
2448 2517 2669 2573 ὲλκῦσαι
2694 2520 2853 2575 αὐτὸν
2882 2521 3019 2595 πρὸς
3072 2524 3134 2578 τὸ
3194 2524 3416 2600 ἀγαθόν.
3454 2529 3627 2597 Φησίν
3670 2532 3791 2587 οὖν
3827 2535 3877 2589 ἐν

2199 2612 2297 2680 μιᾷ
2324 2608 2472 2662 νυκτὶ
2506 2609 2644 2681 πρὸς
2672 2607 2828 2665 αὐτὸν
2860 2611 2888 2665 ὁ
2924 2610 3197 2686 βασιλεύς”
3260 2618 3423 2689 Δεῦρο
3481 2615 3570 2687 δή,
3604 2619 3878 2691 ἐξέλθω-

2199 2715 2293 2768 μεν
2323 2695 2414 2750 καὶ
2472 2694 3001 2770 ἑμπεριπατήσωμεν
3051 2701 3151 2769 τήν
3212 2701 3397 2777 πόλιν,
3431 2704 3481 2759 εἷ’
3514 2707 3619 2761 πού
3654 2730 3726 2765 τι
3756 2717 3871 2768 τῶν

2194 2783 2552 2862 ὠφελούντων
2634 2791 2745 2859 (16)
2820 2786 3111 2863 ὀψόμεθα.
3157 2793 3725 2870 Ἐμπεριπατούντων
3818 2800 3875 2858 ὂὶ

2192 2874 2367 2930 αὐτῶν
2396 2876 2493 2945 τὴν
2527 2874 2714 2947 πόλιν,
2752 2875 2896 2933 εἶδον
2928 2880 3110 2957 φωτὸς
3140 2884 3314 2957 αύγὴν
3347 2885 3448 2941 άπό
3502 2908 3663 2951 τινος
3730 2913 3873 2969 τρυ-

2195 2970 2396 3050 μαΛιᾶς
2427 2963 2775 3044 λάμπουφαν·
2821 2966 2933 3036 καὶ,
2980 2967 3149 3044 ταύτῃ
3193 2971 3320 3035 τοὺς
3367 2971 3699 3050 ὀφθαλμοὺς
3740 2963 3875 3035 ἐτει-

2190 3049 2469 3123 ὄαλόντες,
2533 3052 2824 3130 βλέπουσιν
2860 3055 3112 3133 ύπόγειόν
3171 3081 3221 3114 τι
3281 3060 3543 3137 άντρῶδες
3593 3063 3869 3142 οἴκημα,

2191 3143 2242 3199 ἐν
2301 3146 2348 3218 ᾧ
2402 3146 2799 3220 προὺκαθὲζετο
2860 3147 2996 3221 ἀνὴρ
3056 3148 3261 3226 ἐσχάτῃ
3313 3158 3482 3223 συζῶν
3535 3157 3706 3229 πενίᾳ
3770 3162 3878 3216 καὶ

2195 3232 2390 3300 εὐτελῆ
2443 3257 2564 3291 τινα
2620 3235 2997 3311 περικείμενος
3076 3238 3235 3314 ῥάκεα
3268 3284 3282 3297 .
3342 3244 3641 3316 [lapis-tuo
3717 3247 3783 3305 δὲ
3838 3255 3873 3321 ἦ

2191 3327 2327 3403 γυνή
2363 3326 2525 3382 αὐτοῦ
2573 3331 2719 3382 οἶνον
2779 3332 3021 3400 κιρνῶσα
3052 3332 3321 3403 (1⁸7).Τοῦ
3376 3332 3430 3389 δὲ
3485 3335 3698 3409 ἀνδρὸς
3766 3344 3871 3413 τήν

2192 3414 2391 3471 κύλικα
2424 3414 2511 3471 ἐπὶ
2567 3421 2757 3493 χεῖρας
2813 3410 3104 3485 λαϐόντος,
3156 3418 3385 3497 λεγυρὸν
3437 3421 3647 3494 ᾅδουσα
3690 3410 3877 3502 μέλος

2194 3504 2396 3578 ἐκείνη,
2452 3503 2640 3580 τέρψιν
2695 3505 2845 3578 αύτῷ
2903 3505 3135 3564 ἐνεποίει
3205 3511 3542 3588 ὀρχουμένη,
3593 3518 3708 3573 καὶ
3774 3522 3869 3576 τὸν

2191 3592 2361 3669 ἄνδρα
2388 3593 2688 3670 ἐγκωμίοις
2728 3593 3151 3673 καταθέλγουσα.
3213 3601 3284 3656 Oi
3311 3603 3433 3677 περὶ
3460 3603 3554 3658 τὸν
3618 3607 3875 3682 βασιλέα

2188 3682 2392 3753 τοίνυν,
2423 3682 2509 3739 ἐπὶ
2571 3682 2714 3760 ὥραν
2776 3684 2966 3754 ἷκανήν
3020 3691 3188 3744 ταῦτα
3245 3697 3663 3764 κατανοοῦντες,
3703 3698 3871 3755 ἐθαύ-

2193 3777 2360 3846 μαζον
2389 3772 2497 3842 ὅτι,
2527 3773 2750 3848 τοιαύτῃ
2805 3775 3121 3849 πιεζόμενοι
3188 3780 3345 3854 πενίᾳ
3376 3782 3448 3844 ὡς
3482 3785 3634 3855 μήτε
3707 3790 3869 3845 οἴκου

2189 3864 2436 3956 εὖπηρεῖν
2464 3866 2592 3938 μήτ’
2618 3864 2864 3956 ἐσθῆτος,
2888 3865 3062 3956 οὕτως
3086 3869 3339 3945 εὐθύμως
3353 3874 3446 3928 τὸν
3474 3875 3596 3950 βίον
3628 3875 3865 3956 διῆγον.

2186 3955 2286 4008 Καὶ
2317 3957 2471 4011 130
2516 3975 2678 4028 φησιν
2772 3953 3030 4031 βασιλεὺς
3074 3963 3153 4031 τῷ
3200 3959 3717 4041 πρωτοσυμϐούλῳ
3749 3953 3861 4043 (18)

2184 4044 2368 4099 αύτοῦο
2399 4045 2465 4098 Ὤ
2492 4047 2590 4098 τοῦ
2638 4041 2935 4116 θαύματος,
2994 4045 3139 4125 φίλε,
3199 4048 3285 4105 ὅτι
3335 4051 3459 4125 ἰμοί
3517 4075 3577 4109 τε
3634 4060 3737 4113 καὶ
3768 4060 3860 4114 σοὶ

2184 4133 2313 4192 οὐδὲ
2344 4132 2516 4197 οῧτως
2562 4133 2590 4188 ὁ
2646 4134 2768 4197 καθ’
2819 4135 2969 4207 ἡμᾶς
3021 4157 3161 4224 Δποτε
3205 4138 3365 4214 ἤρεσε
3425 4142 3564 4218 βίος,
3593 4149 3858 4224 τοσαύτῃ

2184 4224 2310 4299 δόξῃ
2336 4224 2426 4279 καὶ
2455 4227 2632 4300 τρυφῇ
2686 4242 2787 4297 περ
2849 4226 2957 4298 (19)
3015 4222 3370 4301 διαλάμπων,
3430 4233 3509 4295 ὡς
3541 4236 3575 4303 ἡ
3610 4222 3859 4309 εὐτελῆς

2180 4315 2313 4386 αὕτη
2347 4313 2436 4369 καὶ
2464 4310 2814 4387 ταλαίπωρος
2844 4314 2957 4383 ζωὴ
3006 4315 3232 4381 τούτους
3264 4316 3332 4389 δὴ
3384 4320 3515 4385 τοὺς
3566 4324 3859 4398 ἀνοήτους

2178 4404 2384 4481 τέρπει,
2416 4406 2503 4460 καὶ
2554 4402 2739 4475 ἡδύνει
2797 4404 2946 4469 λεῖος
2979 4407 3167 4471 αὐτοῖς
3196 4411 3286 4464 καὶ
3319 4415 3612 4487 προσηνὴς
3649 4417 3679 4471 ὁ
3709 4438 3852 4491 τρε-

456 4501 506 4556 is
529 4500 750 4571 alioqui
774 4503 936 4554 tanta
956 4496 1143 4569 gloria
1170 4499 1227 4550 et
1247 4492 1477 4550 deliciis
1500 4497 1556 4547 et
1577 4492 1871 4564 voluptate
1893 4494 2070 4549 undi-

2209 4495 2283 4572 :lJC
2329 4496 2486 4557 οὗτος
2543 4495 2634 4550 καὶ
2710 4497 3033 4561 ἀπευκταῖος
3110 4496 3227 4574 βίος
3312 4504 3855 4580 καταφαινόμενοςῑ

424 4607 539 4662 que
572 4589 895 4657 collucens,
928 4602 1115 4658 usque
1148 4584 1293 4641 adeo
1351 4598 1616 4653 unquam
1664 4582 1972 4653 placuerit,
2005 4590 2067 4639 ut

2209 4586 2448 4661 Ξύκαίρου
2499 4582 2555 4641 δὲ
2612 4583 2943 4661 δραξάμενος
2996 4587 3024 4642 ὁ
3084 4575 3849 4671 πρωτοσύμόουλοςιη’»,ςςας⁹

419 4681 552 4735 vilis
584 4680 710 4735 haec
742 4685 799 4735 et
822 4693 1160 4735 aerumnosa
1188 4675 1305 4729 vita
1333 4672 1613 4728 vecordes
1643 4672 1788 4726 istos
1811 4671 2069 4729 oblectat

423 4777 480 4826 et
501 4771 892 4835 exhilarat,ut
912 4786 1067 4841 quas,
1090 4764 1326 4822 tametsi
1348 4761 1571 4831 alioqui
1594 4777 1805 4832 aspera
1829 4767 1886 4816 et
1900 4779 2065 4817 aver-

421 4861 625 4925 sanda,
660 4860 851 4917 facilis
873 4858 1017 4932 ipsis
1040 4874 1107 4913 ac
1132 4853 1352 4911 blanda
1371 4851 2067 4921 videatur.0pportunam

417 4958 616 5007 autem
648 4952 859 5007 horam
890 4953 1100 5005 nactus
1132 4944 1408 5017 princeps
1432 4939 1533 4995 ille
1558 4937 1955 5009 consiliarius,
1977 4942 2069 4997 in-

2174 4672 2298 4753 ἔφη*
2334 4673 2514 4730 Ἀλλὰ
2572 4676 2658 4731 σοί
2689 4697 2770 4750 γε,
2805 4676 3054 4752 βασιλεῖ’),
3114 4681 3231 4741 πῶς
3256 4681 3293 4749 ἡ
3326 4679 3537 4737 τούτων
3594 4685 3850 4761 quinta:

2173 4765 2330 4842 βιοτή
2357 4784 2373 4831 ;
2406 4762 2652 4835 Πάντων,
2684 4765 2849 4839 φησὶν
2882 4766 2910 4821 ὁ
2937 4762 3217 4841 βασιλεὺς,
3245 4768 3321 4823 ὧν
3356 4771 3585 4827 πώποτε
3620 4773 3846 4848 ἑώρακα

2170 4849 2471 4923 ἀηδεστάτῃ
2504 4852 2593 4907 καὶ
2652 4849 3086 4929 δυστυχεστάτη,
3148 4853 3423 4931 βδελυκτή
3456 4880 3518 4915 τε
3544 4862 3631 4915 καὶ
3682 4860 3841 4916 ἄπο-

2167 4940 2454 5017 τρόπαιος.
2486 4941 2616 4997 Τότε
2663 4941 2815 5018 λίγει
2848 4943 2989 5020 πρὸς
3043 4942 3207 5001 αὐτὸν
3239 4947 3268 5002 ὁ
3299 4946 3827 5025 πρωτοσύμεουλος

488 5126 804 5198 (lallare.
837 5138 896 5198 ξ,
929 5114 1216 5198 27ε11εαρξι
1246 5103 1874 5198 ᾇνθρώποιεηᾶδύνατον,
1936 5107 2063 5165 ἀλλ’
2122 5110 2187 5167 ού
2232 5114 2379 5188 παρὰ
2434 5116 2514 5185 τῷ
2564 5114 2705 5187 Οεῷ’
2739 5112 2913 5171 πάντα
2968 5116 3075 5193 γὰρ
3132 5114 3335 5175 δυνατά
3391 5119 3503 5178 ἔστι
3556 5122 3693 5195 παρᾶ
3740 5128 3844 5196 τῷ

418 5185 556 5268 Θεῷ.
583 5185 673 5251 Ὀῑ.
718 5192 937 5250 similia
968 5189 1123 5268 apud
1152 5185 1630 5268 'Matth..xu't_.‘26.

521 5271 604 5333 15)
636 5269 877 5335 Lemma
904 5251 1218 5335 metricum
1252 5260 1314 5314 in
1344 5258 1426 5312 A:
1460 5254 1575 5323 Τὴν
1606 5255 1702 5307 τοῦ
1732 5251 2005 5328 Βαρλαᾶμ
2033 5275 2082 5335 πε

2209 5254 2368 5329 λτεὲαν
2398 5260 2488 5311 νῦν
2514 5252 2622 5315 ἵδε.

521 5338 606 5407 16)
633 5340 692 5399 C,
729 5333 1127 5407 ὀφειλομένων.

519 5406 603 5465 173
637 5412 682 5464 Α
713 5406 843 5463 sine
874 5406 1043 5463 οἶνον.

512 5468 599 5549 183
628 5482 884 5535 Joannes
915 5479 1073 5552 Hier.
1109 5476 1237 5531 Vita
1265 5475 1470 5552 Joann.
1501 5470 2000 5552 Pamasc._p.‘2i5
2027 5488 2042 5527 :
2072 5471 2082 5491 '

2209 5471 2368 5527 ἑτῶν
2396 5474 3067 5552 Σαρακηνᾶλνηᾶρχηγὸς,
3123 5477 3216 5552 τον
3269 5480 3525 5551 Ἰωάννην
3581 5474 3829 5552 elude:

416 5536 1145 5633 σάμενὀς,“.προεχειρίζετο
1192 5536 1737 5633 πρωῚτοσύμξουλον..
1779 5536 2041 5633 V‘icjlet'ur’
2080 5562 2082 5621 ρ

2209 5561 2314 5633 ιρι),
2361 5536 2909 5633 πρωτοσύνμϐούλόυη
2932 5536 3298 5633 respondere
3358 5536 3601 5610 summa
3659 5550 3825 5622 apud

414 5612 649 5685 Arabes
670 5612 977 5749 dignitati,
1004 5612 1134 5691 quas
1164 5612 1254 5701 est
1281 5612 1757 5696 Emirialonfarai.
1799 5612 1909 5669 Adi
1942 5616 2140 5673 Reisk.
2170 5616 2245 5675 ad
2274 5612 2579 5700 constant.
2612 5612 2975 5694 Porphyreg.
3007 5612 3221 5678 Cerim.
3265 5641 3326 5697 p.
3358 5628 3467 5683 806
3496 5626 3583 5684 ed.
3612 5626 3668 5682 Ν.

494 5698 600 5749 (19)
628 5696 694 5749 In
799 5696 889 5748 est
918 5707 947 5747 e
979 5696 1345 5746 correctione
1375 5692 1706 5743 recentiore
1738 5683 1960 5749 καίπερ.
1994 5687 2108 5745 Sed
2136 5706 2237 5749 περ
2269 5689 2412 5747 alibi
2440 5689 2526 5747 sic
2557 5690 2874 5749 adhibetur
2900 5710 2911 5747 :
2946 5692 3019 5749 cf.
3051 5710 3110 5749 n.
3147 5696 3249 5749 138
3275 5702 3339 5749 et
3369 5701 3490 5749 uo-

494 5698 600 5771 (19)
628 5696 694 5752 In

799 5696 889 5748 est
918 5683 1345 5747 evcorrectione
1375 5686 1706 5743 recentiore
1738 5683 1960 5762 καίπερ.
1994 5687 2082 5744 Set

2209 5707 2237 5764 ρ
2269 5689 2412 5747 alibi
2440 5689 2526 5747 sic
2557 5683 2874 5750 adhibetur
2900 5683 3019 5750 :cf.
3051 5710 3110 5770 p.
3147 5696 3249 5751 138
3265 5683 3339 5753 ξι
3369 5701 3490 5756 MO.
