4010 6206
171 402 298 459 1001

1333 400 1504 454 νιτλ
1541 399 1891 454 BABLLAM
1927 400 2020 454 ΒΤ
2055 398 2396 455 ΙΟΔΒΛΡΗ.

3427 409 3566 469 1002

171 524 342 596 Οὕτω,
395 521 525 586 οὗνς
555 517 612 580 εὖ
645 520 775 590 ἴσοι,
810 519 1056 598 βασιλεῦ,
1094 519 1185 577 καὶ
1232 517 1437 593 πολλῷ
1484 517 1806 596 χαλεπώτε-

1928 521 2054 593 quit
2076 537 2090 577 :
2112 522 2195 576 Tu
2224 537 2384 590 vero,
2412 539 2444 578 o
2476 539 2599 595 rex,
2633 524 2968 597 cujusmodi
3000 527 3238 584 tandem
3257 531 3467 591 horum
3484 538 3571 595 vi-

170 613 456 692 ροςόκαθ⁹
489 613 638 686 ἡμᾶς
695 608 1016 687 λελόγισται
1081 610 1199 687 βίος
1255 615 1372 673 τοῖς
1427 609 1690 673 ὶπόπταις
1720 609 1812 664 καὶ

172 704 394 778 μύσταις
446 709 547 772 τῆς
600 698 780 757 ἀϊδίου
838 698 998 772 δόξης
1055 697 1413 780 ἰκείνηςααί
1471 703 1577 754 τῶν
1637 699 1812 754 πάντα

168 797 286 848 νοῦν
349 786 780 868 ὑπερϐαινόντων
839 791 1075 866 ἀγαθῶνθ
1131 787 1186 845 ει⁹ί
1214 810 1272 845 τε
1302 793 1492 864 χρυσῷ
1521 786 1813 844 καταστίλ-

170 879 358 940 ϐουσαι
390 881 562 937 οίκίαι
618 879 708 935 καὶ
763 880 832 936 τὰ
881 879 1111 954 λαμπρά
1164 881 1332 934 ταῦτα
1388 875 1676 952 ἐνδύματα,
1719 876 1811 933 καὶ

166 971 398 1044 ἠλοιπῆ
453 974 553 1028 τοῦ
612 958 736 1048 βίου
789 967 988 1025 τούτου
1043 970 1245 1047 τρυφὴ,
1301 961 1586 1023 σκυϐαλων
1618 989 1677 1022 τε
1719 968 1808 1023 καὶ

166 1064 386 1137 ἀμαρῶν
420 1061 552 1116 εἰσιν
583 1057 881 1134 ἀηδὲστερα
929 1063 1050 1120 τοῖς
1108 1056 1418 1135 ὀφθαλμοῖς
1444 1060 1552 1112 τῶν
1586 1050 1808 1112 εἶδότων

160 1153 227 1207 τά
255 1148 622 1226 ἀνεκδιήγητα
651 1146 834 1220 κάλλη
865 1152 976 1204 τῶν
1009 1144 1062 1202 ἐν
1095 1145 1348 1224 οὐρανοῖς
1373 1147 1806 1223 ἀχειροτεύκτων

164 1244 540 1314 σκηνωματῶν
597 1241 759 1314 (20),
816 1243 918 1307 τῆς
976 1237 1300 1315 θεοϋφσὶντου
1351 1257 1410 1292 τε
1463 1233 1667 1306 στολῆς
1719 1236 1810 1290 καὶ

158 1335 264 1386 τῶν
319 1327 602 1408 ἀᾳθάρτων
687 1324 1036 1400 διαδημάτων
1075 1369 1090 1396 ,
1143 1324 1178 1379 ’ἀ
1235 1324 1531 1398 ἡτοίμασεν
1592 1325 1621 1379 ό
1680 1325 1810 1387 Θεὸς

156 1425 274 1480 τοῖς
305 1417 578 1494 ἀγαπῶσιν
626 1415 783 1472 αὑτὸν
829 1417 962 1489 (21),
996 1414 1024 1469 ὁ
1056 1415 1271 1470 πάντων
1325 1413 1673 1490 Δημιουργὸς
1719 1412 1810 1468 καὶ

159 1512 310 1568 1³7
374 1509 593 1584 Κύριος.
651 1509 752 1566 "Ov
807 1506 1011 1584 τρόπον
1069 1506 1170 1583 γὰρ
1250 1505 1592 1577 ἀνοηταίνειν
1641 1507 1808 1578 ίήμῖν

157 1599 312 1656 οὗτοι
359 1597 744 1676 ἐλογίσθησαν,
773 1595 974 1669 πολλῷ
1011 1593 1176 1651 πλέον
1208 1595 1397 1667 ἡμεῖς,
1430 1595 1482 1649 οἱ
1511 1599 1590 1667 τῷ
1615 1589 1811 1668 κόσμῳ

154 1687 639 1767 περιπλανώμενοι
696 1688 786 1742 καὶ
847 1686 1298 1762 αὑταρεσκοῦντες
1357 1681 1408 1738 ἐν
1465 1687 1534 1758 τῇ
1614 1680 1811 1758 ψευδο-

155 1780 296 1855 μένῃ
321 1777 492 1854 ταύτῃ
555 1775 682 1852 δόξῃ
733 1774 824 1830 καὶ
884 1775 1102 1848 ἀνοήτῳ
1156 1776 1359 1852 τρυφῇ,
1403 1773 1616 1848 θρήνων
1649 1771 1810 1846 ἐσμεν

1925 617 2043 667 tam
2066 628 2194 667 esse
2217 612 2564 668 existimas?
2587 614 2887 680 Omnium,
2923 616 3115 687 inquit
3147 618 3276 689 ille,
3300 638 3445 692 quas
3463 643 3570 684 un-

1921 703 2100 773 quam
2131 701 2399 769 viderim,
2432 701 2908 759 insuavissimam
2943 709 2998 759 et
3022 707 3444 780 miserrimam,
3471 732 3576 770 ex-

1922 790 2370 862 secrationeque
2403 790 2642 864 dignam
2675 797 2731 847 et
2761 795 3170 853 aversandam.
3203 800 3364 856 Tunc
3387 802 3469 857 ait
3500 804 3572 860 ad
3609 804 3612 808 ’

1921 896 2056 935 eum
2087 879 2408 951 primarius
2453 880 2554 935 ille
2592 882 2971 938 consiliarius
3002 901 3014 939 :
3051 885 3134 940 Ad
3181 890 3457 946 eumdem
3491 895 3572 950 ita

1921 967 2184 1036 modum,
2218 968 2366 1022 mihi
2411 967 2608 1036 crede,
2643 989 2675 1026 ο
2708 989 2830 1035 rex,
2863 990 2930 1027 ac
2962 974 3147 1030 multo
3180 978 3358 1033 etiam
3403 999 3570 1037 acer-

1919 1058 2050 1113 bior
2079 1059 2194 1112 vita
2225 1065 2428 1112 nostra
2459 1059 2530 1113 iis
2562 1076 2694 1115 esse
2724 1061 2976 1131 videtur,
3013 1064 3110 1135 qui
3142 1069 3567 1140 sempiternam

1920 1146 2083 1202 illam
2105 1147 2380 1220 gloriam,
2404 1165 2471 1203 ac
2494 1149 2650 1204 bona
2683 1149 2784 1206 illa
2807 1169 2936 1223 qum
2968 1171 3206 1211 omnem
3238 1161 3456 1216 mentis
3477 1180 3572 1218 ca-

1916 1242 2082 1308 ptum
2117 1242 2421 1307 superant,
2455 1240 2938 1310 contemplantur
2969 1249 3146 1315 atque
3179 1255 3568 1320 cognoscunt.

1919 1328 2108 1397 Atque
2139 1341 2281 1380 auro
2305 1325 2618 1383 rutilantes
2637 1328 2814 1398 aedes,
2839 1348 2905 1386 ac
2939 1333 3223 1404 praeclara
3247 1336 3370 1393 haec
3395 1339 3573 1395 indu-

1919 1419 2141 1483 menta,
2173 1420 2520 1486 caeteraeque
2551 1417 2681 1472 vitae
2714 1419 2965 1487 deliciae,
3000 1421 3070 1476 iis
3102 1424 3201 1494 qui
3243 1427 3573 1485 eoelestium

1918 1502 2441 1559 tabernaculorum
2466 1523 2585 1560 non
2619 1523 2799 1562 manu
2821 1508 3133 1581 factorum,
3165 1514 3459 1587 vestisque
3481 1519 3573 1573 di-

1919 1591 2134 1646 vinitus
2149 1597 2533 1660 contextm,ac
2549 1593 2949 1651 diadematum
2967 1599 3361 1671 corruptionis
3376 1606 3572 1661 omnis

1922 1684 2278 1756 expertium,
2303 1701 2432 1756 quae
2465 1701 2664 1740 rerum
2698 1687 2967 1742 omnium
2998 1689 3355 1747 architectus
3377 1711 3443 1749 ac
3468 1696 3575 1751 Do-

1919 1773 2119 1829 minus
2147 1772 2528 1846 diligentibus
2579 1790 2640 1829 se
2695 1777 3062 1848 praeparavit,
3111 1781 3469 1838 stercoribus
3515 1790 3574 1840 et

154 1867 299 1942 ἄξιοι
331 1866 422 1923 καί
455 1864 698 1941 δακρύων
731 1862 782 1920 ἐν
817 1861 1128 1943 ὀφθαλμοῖς
1176 1865 1284 1918 τῶν
1342 1860 1686 1938 γευσαμένων
1711 1867 1806 1931 τῆς

1928 1879 2086 1918 εαξηο
2103 1861 2406 1917 fetidiores
2421 1862 2713 1918 videntur.
2736 1865 2780 1935 (1
2802 1866 2928 1920 Cor.
2951 1869 3031 1936 ιι).
3058 1869 3571 1934 Quemadmodum

148 1955 498 2032 γλυκύτητος
527 1959 636 2011 τῶν
667 1954 880 2028 ἀγαθῶν
915 1950 1154 2007 ἐκείνων.

1920 1953 2082 2008 enim
2105 1952 2203 2009 isti
2225 1953 2451 2025 judicio
2476 1959 2679 2018 nostro
2720 1973 2786 2010 ac
2819 1959 3116 2013 sententia
3143 1960 3462 2032 desipiunt,
3492 1964 3576 2020 ita

161 2049 347 2104 etiam
381 2064 448 2103 ac
475 2046 661 2102 multo
679 2045 887 2118 magis,
914 2060 1022 2099 nos
1041 2043 1141 2114 qui
1165 2043 1224 2097 in
1247 2042 1469 2097 mundo
1492 2041 1860 2110 aberramus,
1881 2047 2057 2114 atque
2080 2043 2140 2096 in
2163 2041 2432 2098 mendaci
2457 2042 2565 2100 hac
2591 2043 2780 2117 glovia
2808 2046 3121 2119 stultisque
3144 2049 3373 2106 deliciis
3399 2052 3570 2108 nobis

158 2138 490 2210 placemus,
524 2137 584 2192 in
615 2151 822 2192 eorum
844 2134 1033 2190 oculis
1051 2133 1153 2205 qui
1174 2133 1470 2188 bonorum
1503 2131 1742 2187 illorum
1763 2130 2139 2188 dulcedinem
2159 2132 2564 2205 degustarunt,
2590 2132 2752 2188 luctu
2784 2134 3134 2207 etlacrymis
3157 2138 3316 2211 digni
3342 2158 3563 2202 sumus.

229 2227 296 2284 Ὀ
323 2223 380 2282 δὶ
412 2222 670 2303 βασιλεὺς
719 2222 928 2278 τούτων
989 2219 1242 2291 ἀκούσας,
1272 2219 1362 2276 καὶ
1394 2219 1565 2281 ἐννεὸς
1622 2224 1802 2296 ῶσπερ

158 2315 478 2390 γενόμενος,
509 2310 633 2394 ἔφη·
665 2312 818 2375 Τίνες
871 2313 962 2368 οὗν
1025 2308 1219 2367 ἐκεῖνοί
1275 2309 1408 2365 εἶσιν
1449 2310 1502 2365 οἱ
1529 2307 1804 2387 κρείττονα

162 2411 268 2476 τῆς
299 2405 420 2460 καθ’
470 2405 620 2478 ἡμᾶς
673 2400 999 2475 κεκτημένοι
1056 2401 1242 2471 ζωὴνς
1301 2399 1522 2471 Πάντες,
1582 2397 1742 2470 φησὶν
1776 2399 1805 2454 ὁ

150 2487 693 2570 πρωτοσύμϐουλος,
753 2491 805 2546 οὶ
860 2490 927 2546 τὰ
983 2489 1176 2544 αἷώνια
1233 2488 1669 2566 προτιμήσαντες
1697 2491 1806 2542 τῶν

149 2580 532 2662 προσκαίρων.
569 2582 739 2646 Αὖθις
768 2581 860 2636 οὗν
894 2583 992 2635 τοῦ
1051 2577 1323 2653 βασιλεως
1356 2579 1544 2652 μαθεῖν
1581 2581 1806 2648 ζητοῦν.

149 2694 251 2736 τος
281 2673 403 2728 τίνα
455 2670 524 2727 τὰ
582 2670 796 2740 αἰώνια,
857 2667 1020 2748 φησὶν
1079 2669 1108 2724 ὁ
1165 2669 1324 2742 ἀνήρ.
1383 2665 1638 2724 Βασιλεία
1695 2669 1804 2738 (22)

156 2759 506 2838 ἀδιάδοχος,
565 2762 654 2816 καὶ
714 2760 828 2830 ζωὴ
891 2759 968 2832 μὴ
1030 2758 1364 2830 ὑποκειμένη
1423 2756 1659 2828 θανάτῳ,
1715 2753 1806 2810 καὶ

155 2849 408 2913 πλοῦτος
457 2847 736 2924 μηδέποτε
794 2849 1150 2926 ὑφορώμενος
1193 2844 1396 2913 πενίαν,
1442 2845 1589 2921 χαρά
1629 2865 1689 2900 τε
1717 2844 1805 2899 καὶ

151 2939 472 3020 εὐφροσύνη
532 2937 710 3010 πάσης
765 2936 1042 3013 ἀμέτοχος
1090 2935 1270 3006 λύπης
1329 2933 1418 2990 καὶ
1474 2931 1808 3010 ἀχθηδόνος,

148 3030 247 3086 καὶ
311 3029 506 3105 εἰρήνη
567 3025 824 3099 διηνεκὴς
883 3023 1136 3100 ἐΛευθὲρα
1189 3023 1367 3095 πάσης
1441 3021 1645 3099 ἔχθρας
1719 3021 1809 3077 καὶ

146 3119 504 3185 Ιφιλονεικίας
532 3160 546 3175 .
600 3115 820 3175 Τούτων
869 3116 922 3170 οἱ
973 3111 1390 3185 καταξιωθέντες
1464 3110 1758 3168 ἀπολαύειν
1796 3156 1809 3182 ,

157 3181 452 3283 μακάριοι,
490 3181 582 3260 καὶ
611 3208 777 3260 τοῦτο
833 3181 1286 3276 ποΑλάκις⁷(23)⁶
1320 3197 1528 3258 ἄλυπον
1561 3198 1665 3276 γὰρ
1720 3181 1810 3255 καῖ

1989 2222 2089 2276 His
2111 2227 2308 2276 autem
2350 2221 2542 2277 verbis
2571 2223 2880 2294 perculsus
2903 2241 3025 2290 rex,
3050 2226 3282 2298 inquit:
3316 2230 3569 2294 Quinam

1919 2311 2098 2385 igitur
2147 2310 2235 2366 illi
2291 2316 2431 2366 sunt
2465 2312 2562 2382 qui
2615 2313 3091 2384 praestantiorem
3145 2316 3314 2373 nobis
3390 2319 3569 2375 vitam

1918 2401 2150 2474 agunt?
2179 2401 2394 2457 Omnes
2428 2400 2623 2472 inquit
2651 2401 2775 2468 ille,
2795 2403 2895 2474 qui
2928 2406 3293 2478 sempiterna
3323 2408 3564 2464 caducis

1919 2496 1977 2545 et
1993 2489 2300 2562 fragilibus
2318 2489 2731 2562 prmtulerunt.
2758 2493 3022 2565 Cumque
3044 2510 3145 2550 rex
3161 2514 3395 2553 rursum
3411 2515 3568 2570 quaa-

1918 2599 2057 2637 nam
2089 2581 2453 2653 sempiterna
2483 2581 2586 2636 illa
2615 2589 2814 2637 essent
2839 2585 3232 2654 quaesivisset;
3257 2589 3570 2661 respondit

1920 2670 2053 2725 ille:
2087 2672 2352 2742 Regnum
2385 2670 2457 2725 ab
2481 2672 2639 2725 omni
2658 2675 3034 2728 successione
3057 2674 3341 2743 alienum,
3364 2694 3430 2732 ac
3454 2680 3570 2734 vita

1923 2760 2097 2814 morti
2131 2760 2376 2814 minime
2399 2759 2676 2827 obnoxia,
2701 2766 2758 2814 et
2778 2778 2919 2832 opes
2950 2769 3272 2835 egestatem
3306 2783 3423 2820 non
3448 2784 3570 2821 me-

1925 2852 2177 2911 tuentes,
2211 2846 2354 2901 item
2388 2853 2444 2902 et
2465 2847 2777 2903 oblectatio
2801 2849 2872 2903 ab
2892 2851 3055 2903 omni
3084 2852 3362 2906 mmstitia
3393 2853 3572 2908 etdo-

1921 2935 2045 2990 lore
2070 2934 2595 3006 sejuncta,paxquc
2618 2941 2922 3007 perpetua,
2956 2942 3012 2991 et
3042 2937 3113 2992 ab
3137 2939 3298 2994 omni
3317 2940 3576 2994 inimici-

1924 3025 2005 3080 tia
2028 3029 2084 3079 et
2114 3024 2494 3080 contentione
2526 3023 2733 3080 libera.
2763 3026 2860 3080 llis
2891 3025 3083 3097 bonis,
3117 3028 3333 3099 quibus
3361 3028 3576 3084 divini-

1927 3120 2020 3169 tus
2046 3113 2161 3168 frui
2195 3114 2526 3186 contigerit,
2563 3113 2823 3170 beatiilli
2869 3133 2935 3170 ac
2964 3133 3119 3188 saepe
3149 3115 3304 3171 beati
3333 3135 3346 3184 ;
3397 3117 3575 3173 vitam

1926 3203 2085 3258 enim
2119 3203 2283 3258 omni
2332 3202 2530 3258 labore
2578 3209 2636 3258 et
2662 3204 2939 3259 maestitia
2991 3221 3233 3261 vacuam
3285 3206 3344 3261 in
3400 3223 3576 3271 omne

154 3298 422 3374 ἅμοχθον
483 3296 739 3366 ζήσουσιν
796 3292 873 3356 εἷς
925 3291 1126 3354 αἰῶνας
1187 3291 1333 3362 ζωὴν
1366 3337 1381 3360 ,
1433 3289 1647 3345 πάντων
1704 3294 1806 3344 τῶν

1931 3309 2117 3348 rerum
2150 3292 2388 3357 ducent,
2421 3291 2700 3347 omnibus
2730 3293 2893 3365 regni
2956 3293 3056 3349 Dei
3099 3295 3576 3367 jucunJitatibus

148 3385 340 3458 ἡδέων
373 3385 467 3440 καὶ
493 3387 738 3461 τερπνῶν
768 3389 869 3453 τῆς
914 3384 1012 3436 τοῦ
1067 3383 1203 3436 Θεοῦ
1265 3377 1544 3456 βασιλείας
1575 3377 1820 3454 ἀμογητὶ

152 3474 564 3544 ἀπολαύοντες,
607 3473 694 3529 καὶ
749 3476 831 3546 τῷ
889 3472 1106 3547 Χριστῷ
1163 3468 1496 3539 ἀτελευτητα
1551 3463 1820 3542 συμϐασιο

151 3566 446 3627 λεύοντες.
502 3562 624 3620 Καί’
682 3559 778 3624 Τίς
838 3558 984 3631 ἄξιος
1011 3559 1219 3614 τούτων
1264 3557 1586 3633 ἑπιτυχεῖνς
1638 3556 1824 3612 εῗπόν-

149 3673 255 3714 τος
314 3653 416 3706 τοῦ
477 3645 784 3724 βασιλεως,
843 3644 1047 3707 ἰκεῖνος
1101 3642 1449 3721 ἀπεκρίνατο·
1511 3644 1711 3704 Πάντες
1769 3645 1821 3698 οἱ

150 3749 264 3812 τῆς
322 3739 502 3796 ἐκεῖσε
558 3735 875 3812 ἀπαγούσης
931 3731 1063 3790 ὁδοῦ
1120 3730 1476 3811 δραξάμενοι·
1538 3730 1824 3794 ἀκώλυτος

145 3831 265 3908 γὶρ
298 3832 336 3898 ἡ
375 3823 590 3889 εἴσοδος
619 3829 739 3887 τοῖς
788 3821 1049 3894 θελήσασι
1112 3822 1278 3896 μόνον
1322 3823 1456 3896 (24).
1489 3822 1544 3908 'O
1576 3819 1633 3878 δὶ
1667 3822 1818 3898 βασι-

150 3905 316 3982 λεύς·
351 3918 457 3974 Καὶ
488 3914 596 3987 τίς,
628 3913 818 3994 φησὶν,
849 3915 887 3983 ἡ
917 3912 1088 3968 ἰκεῖσε
1131 3911 1369 3992 φίρουσα
1410 3905 1598 3987 τρίϐος
1633 3934 1649 3980 ς
1682 3910 1824 3986 Πρὸς

146 4009 220 4064 ’ὸν
256 4004 367 4084 ἔφη
401 4005 430 4060 ό
460 4003 721 4080 λαμπρὸς
755 4002 910 4060 188
939 4000 1038 4071 τὴν
1096 4001 1284 4079 ψυχὴν
1345 3999 1570 4062 ἐκεῖνος·
1631 4001 1709 4057 Τὸ
1739 4020 1823 4074 γι.

139 4099 396 4152 νώσκειν
454 4093 548 4150 τὸν
583 4091 750 4166 μόνον
809 4090 1066 4162 ἀληθινὸν
1121 4091 1278 4161 Θεὸν,
1307 4091 1398 4146 καὶ
1446 4091 1654 4160 Ἰησοῦν
1688 4094 1829 4161 Χρι-

140 4187 289 4244 στὸν
319 4187 434 4261 (25)
463 4185 558 4239 τὸν
595 4187 871 4257 μονογενῆ
906 4181 1074 4236 αὑτοῦ
1124 4179 1249 4235 Υἳὸν
1293 4177 1383 4234 καὶ
1429 4178 1492 4233 τὸ
1543 4177 1692 4254 ἅγιον
1736 4176 1827 4232 καῖ

151 4274 444 4350 ζωοποιόν
478 4277 613 4330 [1νεῦ
621 4294 719 4347 μα.

225 4368 295 4424 '0
321 4362 510 4422 τοίνυν
559 4359 842 4440 βασιλεὺς,
903 4367 1007 4429 τῆς
1065 4354 1397 4434 ἁλουργίδας
1428 4356 1631 4412 σύνεσιν
1685 4351 1829 4432 ἔχων

139 4457 315 4530 ἀξίαν
343 4449 614 4528 (26),ἔφη
663 4451 802 4527 πρὸς
868 4447 1053 4504 αὐτόν·
1115 4447 1211 4502 Καὶ
1269 4446 1322 4502 τί
1367 4448 1430 4502 τὸ
1487 4442 1738 4502 κωλῦσαν
1773 4466 1828 4500 σε

1925 3387 1981 3436 et
2009 3381 2460 3436 oblectamentis
2483 3381 2609 3436 sine
2636 3381 2758 3436 ullo
2791 3381 2991 3438 labore
3023 3382 3308 3452 fruentes,
3341 3403 3406 3441 ac
3440 3401 3577 3441 cum

1925 3469 2156 3526 Christo
2216 3469 2276 3523 in
2332 3475 2686 3541 perpetuum
2736 3476 3070 3543 regnentes.
3130 3475 3394 3545 Cumque
3475 3491 3579 3529 rex

1925 3559 2212 3615 dixisset:
2245 3559 2527 3624 Quisnam
2555 3559 2795 3616 tandem
2840 3559 2963 3615 hzec
3009 3563 3291 3634 consequi
3341 3581 3580 3635 prome-

1929 3648 2157 3706 rebitur
2176 3647 2204 3704 ?
2231 3647 2540 3720 respondit
2570 3648 2690 3704 ille.
2725 3651 2944 3706 Omnes
2969 3651 3070 3722 qui
3104 3651 3280 3707 vitam
3308 3652 3450 3708 illuc
3477 3653 3587 3708 du-

1928 3742 2162 3794 centem
2193 3736 2592 3809 arripuerint;
2627 3738 2791 3793 aditu
2815 3739 2968 3794 enim
3004 3757 3179 3796 nemo
3214 3742 3584 3813 prohibetur,

1931 3826 2030 3900 qui
2067 3825 2240 3881 modo
2273 3825 2546 3882 voluerit.
2575 3827 2720 3882 Tum
2753 3844 2892 3882 rex:
2926 3829 2994 3883 Et
3025 3846 3323 3900 quanam,
3359 3831 3584 3904 inquit,

1929 3920 2021 3972 est
2051 3915 2141 3972 via
2162 3913 2434 3986 quailluc
2454 3915 2610 3970 itur?
2631 3915 2959 3988 Respondit
2987 3917 3088 3972 ille
3113 3920 3382 3990 praeclari
3403 3920 3586 3977 animi

1931 4005 2055 4059 vir:
2098 4006 2464 4078 Cognoscere
2525 4003 2718 4060 solum
2780 4022 2982 4062 verum
3042 4009 3250 4074 Deum,
3283 4015 3340 4064 et
3384 4011 3580 4066 Jesum

1930 4095 2227 4150 Christum
2260 4094 2633 4167 unigenitum
2668 4094 2856 4167 ipsius
2888 4096 3099 4162 tilium,
3122 4102 3178 4150 et
3211 4102 3479 4152 sanctum
3514 4115 3581 4153 ac

1930 4183 2224 4238 vivificum
2258 4182 2541 4254 Spiritum
2584 4185 2766 4255 (Joau.
2800 4185 2959 4255 xvn).

2002 4365 2120 4418 Rex
2141 4361 2338 4434 igitur,
2360 4363 2520 4433 regia
2543 4376 2683 4416 sane
2699 4360 3014 4432 prudentia
3027 4361 3330 4433 praeditus,
3349 4363 3423 4418 ad
3446 4379 3578 4420 eum

1934 4453 2157 4522 inquit:
2176 4453 2244 4505 Et
2265 4450 2551 4522 quidnam
2577 4450 2862 4506 hactenus
2883 4455 2936 4506 te
2950 4450 3586 4524 prohibuitquominus

148 4547 341 4621 μέχρι
370 4543 471 4598 τοῦ
499 4546 594 4595 νῦν
653 4542 730 4614 μὴ
762 4557 1030 4614 γνωρισαι
1065 4557 1161 4610 μοι
1220 4536 1344 4610 περὶ
1397 4535 1608 4592 τούτων
1639 4552 1654 4603 ;
1713 4535 1806 4592 Οὑε

1933 4540 2077 4594 mihi
2094 4540 2220 4594 hmc
2239 4556 2566 4612 exponeres
2580 4540 2805 4612 ‘3Neque
2822 4540 2979 4595 enim
2999 4540 3124 4596 hare
3137 4541 3512 4597 cunctatione
3524 4559 3593 4598 ac

139 4627 451 4701 ἀναϐολῆς
478 4634 585 4705 γὰρ
641 4629 734 4684 καὶ
795 4627 1136 4703 ὑπερθέσεως
1193 4624 1314 4696 ἀειά
1345 4645 1437 4699 μοι
1473 4622 1624 4680 δοκεῖ
1653 4625 1806 4699 ὑπάρι

1941 4628 2226 4684 dilatione
2257 4629 2404 4684 mihi
2429 4628 2606 4701 digna
2627 4645 2756 4684 esse
2783 4629 3077 4696 videntur,
3106 4629 3154 4683 si
3189 4629 3429 4700 quidem
3462 4647 3597 4686 vera

135 4744 285 4800 ’χειν
345 4723 536 4789 ταῦτα,
585 4719 635 4774 εἴ
665 4739 728 4792 γε
761 4714 949 4786 ἀληθῆ
1006 4716 1283 4792 τυγχάνει·
1346 4713 1390 4768 εί
1441 4710 1497 4769 δὲ
1545 4708 1831 4789 ἀμφίϐολά

134 4813 330 4883 ἄσειν,
362 4807 621 4881 ἑμπόνως
668 4806 753 4862 δεῖ
785 4812 1021 4876 ζητῆσαι
1052 4805 1250 4880 μίχρις
1301 4804 1430 4858 ὅτου
1474 4803 1536 4858 τὸ
1591 4801 1832 4879 ἀναμφί-

137 4899 363 4957 λεκτον
413 4895 655 4972 εὕροιμι,
705 4894 823 4954 Οὐκ
871 4891 1147 4968 ἀμελείᾳ,
1200 4891 1362 4968 φησὶν
1409 4892 1438 4946 ό
1469 4891 1625 4967 ἀνὴρ,
1657 4892 1693 4962 ἢ
1739 4889 1837 4967 ῥᾳ-

138 4989 336 5065 θυμίᾳ
380 4988 776 5064 συνεχόμενος,
825 4987 950 5061 περὶ
1003 4982 1213 5041 τούτων
1267 4977 1489 5054 ὤκνησά
1518 5001 1602 5036 σοι
1629 4981 1834 5056 γνωρί-

242 5155 365 5228 (ml
396 5152 565 5228 90m:-
599 5169 656 5224 P-
692 5154 780 5228 ti,
814 5166 876 5228 nr

1943 4716 2274 4782 sunt.Quod
2291 4717 2340 4772 si
2359 4716 2540 4773 dubia
2554 4723 2711 4789 sunt,
2736 4717 2942 4774 sedulo
2972 4725 3028 4774 et
3052 4725 3325 4774 accurate
3358 4719 3600 4774 investi-

1943 4806 2204 4880 gandum
2229 4812 2336 4873 est,
2351 4807 2740 4880 quoadusque
2759 4825 2830 4864 ea
2849 4809 2998 4864 citra
3013 4808 3195 4865 ullam
3217 4809 3600 4882 ambiguitat-

1947 4903 2064 4952 tem
2083 4912 2150 4951 ac
2161 4896 2597 4954 dubitationem
2616 4896 3145 4954 inveniamus.Non
3159 4898 3519 4972 negligentia
3541 4905 3600 4955 et

1945 4985 2218 5041 socordia
2248 4986 2468 5042 factum
2501 4991 2611 5054 est,
2645 4986 2728 5042 ait
2758 4985 2878 5054 ille,
2912 4991 2980 5042 ut
3010 4987 3114 5042 tibi
3144 4987 3270 5042 haec
3302 5004 3598 5060 exponere

235 5214 362 5298 (‘2‘),
387 5214 666 5292 Jacobfi,
698 5214 808 5279 12⁷2
841 5219 1085 5303 Λήψεται
1113 5218 1394 5296 στὲφανον,
1425 5216 1484 5272 ’ὸν
1511 5214 1875 5344 ἆπηγγείλατο
1894 5217 1922 5270 ὁ
1956 5216 2152 5293 Κύριος
2185 5223 2301 5280 τοῖς
2320 5217 2596 5292 ἀγαπῶσιν
2628 5217 2805 5274 αὐτόν.

237 5299 356 5345 (22)
391 5296 634 5345 Lemma
663 5299 756 5345 est
785 5297 1100 5345 metricum
1133 5291 1192 5345 in
1221 5288 1423 5345 codice
1454 5291 1500 5345 A
1535 5305 1549 5345 :
1583 5289 1630 5345 Τ
1655 5308 1718 5342 να
1749 5289 1816 5342 τὰ
1845 5287 2038 5344 αῗώνια
2071 5289 2244 5345 ἀγαθᾶ
2274 5288 2392 5345 ὅσα.

1655 5310 1679 5342 ν

237 5288 356 5368 (22)
391 5296 634 5368 Lemma
651 5288 756 5368 est
785 5288 1100 5368 metricum
1133 5291 1192 5368 in
1218 5288 1423 5346 codice
1454 5291 1500 5345 A
1535 5305 1549 5345 :

241 5358 359 5442 (23)
393 5372 460 5442 Δί,
485 5364 576 5442 καὶ
607 5365 808 5442 τρὶς-τ.
841 5361 933 5416 καὶ
963 5358 1256 5425 πολλάκις·
1298 5378 1329 5417 e
1359 5360 1747 5418 correctione.

207 5501 215 5509 ,
248 5437 373 5580 ⁷24)
405 5437 575 5495 Conf.
608 5437 668 5510 p.
702 5437 822 5493 un.

240 5443 340 5584 ((25
396 5513 566 5567 Joan.
596 5523 733 5574 xvu,
757 5507 796 5584 Δ3

240 5513 364 5584 (25)
396 5513 566 5567 Joan.
596 5523 733 5574 xvu,
767 5513 796 5561 3

155 5582 284 5647 Ἇις
319 5585 534 5653 Ἰησοῦν
569 5577 823 5654 ξριστόν.

1687 5308 1718 5342 α
1749 5289 1816 5342 τὰ
1845 5287 2048 5344 αἲώνιεί
2071 5289 2244 5363 ἀγαθᾶ
2274 5287 2392 5358 δρα.

396 5513 566 5567 Joan.
596 5500 733 5574 ἱνιῐ,
767 5507 796 5561 3
825 5521 840 5560 :
873 5505 1017 5576 Αὕτη
1051 5500 1108 5558 δᾶ
1137 5501 1276 5559 ἐστιν
1304 5506 1336 5574 ἡ
1370 5501 1586 5567 αῗώνιες
1619 5505 1756 5574 ζωή,
1782 5500 1870 5557 ’ἕνα
1896 5503 2211 5578 γινώσκωσι
2252 5524 2308 5558 σε
2336 5504 2425 5558 τὸν
2464 5504 2624 5577 μόνον
2672 5502 2929 5574 ἀληθινὸν
2963 5504 3110 5575 Θεὸν,
3142 5506 3230 5560 καὶ
3264 5503 3321 5560 ὅν
3356 5505 3615 5562 ἀπεστει-.

251 5643 465 5726 (26)Ὀ,
495 5643 682 5726 τοίνυν
715 5649 746 5706 ό
782 5645 1063 5726 βασιλεὺς,
1105 5644 1526 5724 βασιλικοτάτην
1579 5643 1724 5724 ἔχων
1781 5668 1806 5702 σ

1928 5661 2012 5700 τιν·
2063 5664 2192 5720 quas
2251 5649 2364 5705 iuit
2415 5650 2828 5722 interpretum,
2861 5650 3087 5725 Georgii
3117 5650 3486 5724 Trapezuntii
3541 5667 3610 5708 ac

155 5725 372 5793 Billii.
397 5725 600 5786 lectio.

477 5843 750 5909 Ρετεοε.
800 5839 909 5903 Gn.
956 5835 1168 5904 XCVI.

3249 5839 3325 5897 32
