4010 6206
461 322 602 381 1003

1985 313 2347 365 ΔΟΟΒΝΟΑ.

3647 315 3736 372 10οί

457 456 935 515 cunctarer,cum
958 460 1093 502 vera
1113 442 1233 499 sint
1250 446 1429 513 atque
1452 440 1525 496 ab
1548 440 1712 495 omni
1736 439 2096 495 dubitatione

2224 456 2333 504 σαι,
2368 435 2552 505 ἀληθῆ
2588 455 2689 509 περ
2747 433 2872 489 ὄντα
2921 434 3009 490 καὶ
3064 435 3240 504 πάντη
3290 434 3625 511 ἀναμφίλεκτα,
3648 439 3744 496 illi

456 560 619 602 remo
629 547 714 606 ta;
738 554 939 593 verum
954 535 1113 608 quod
1135 534 1522 591 excellentem
1536 530 1738 603 glorim
1754 537 1867 584 tua:
1887 531 2107 603 magni-

460 633 726 688 tudinem
761 644 1015 686 vererer.
1045 632 1222 695 atque
1256 622 1403 678 illud
1461 626 1812 685 metuerem,
1866 637 1940 674 ne
1999 620 2105 673 tibi

457 714 653 788 gravis
685 727 752 765 ac
772 707 1059 764 molestus
1092 702 1610 768 essem.Quocirca
1635 700 1685 755 si
1716 700 1860 754 mihi
1884 700 2107 755 famulo

458 808 558 858 tuo
592 800 701 855 hoc
752 798 1030 867 imperas,
1064 799 1128 849 ut
1159 799 1214 848 te
1259 792 1329 847 de
1361 791 1455 845 his
1488 789 1665 843 rebus
1692 789 1752 843 in
1806 793 2108 858 posterum

458 891 867 952 submoneam,
902 884 1151 956 imperio
1207 888 1305 936 tuo
1339 880 1651 949 obsequar.
1712 878 1883 944 Sane,
1916 876 2111 947 inquit

454 999 579 1049 rex,
612 996 734 1035 non
766 975 1024 1032 interdiu
1057 974 1271 1039 solum,
1308 971 1409 1027 sed
1442 971 1619 1025 etiam
1671 968 1935 1039 qualibet
1964 967 2109 1022 liora

456 1070 604 1126 mihi
632 1069 844 1124 harum
864 1081 1062 1119 rerum
1088 1061 1437 1117 memoriam
1461 1075 1698 1114 renova.
1725 1060 1923 1127 Neque
1950 1056 2107 1110 enim

452 1159 820 1231 negligenter
843 1174 909 1211 ac
931 1152 1559 1226 perfunctorie,verum
1574 1164 1805 1203 summo
1830 1146 2024 1201 studio
2043 1161 2110 1200 ac

455 1250 684 1306 fervore
707 1247 800 1302 his
821 1244 998 1301 rebus
1016 1243 1284 1299 animum
1308 1239 1619 1295 intendere
1638 1235 2105 1309 oportetAudivi

454 1339 656 1412 igitur,
678 1338 761 1393 ait
791 1334 1082 1399 Barlaam,
1106 1333 1267 1386 hunc
1290 1346 1488 1402 regem
1514 1327 1793 1399 deinceps
1816 1326 1912 1398 pie
1932 1342 2001 1380 ac
2024 1341 2110 1379 re-

454 1429 662 1501 ligiose
674 1427 853 1481 vitam
868 1418 1654 1491 instituisse,pra3sentisque
1668 1417 1798 1470 vita:
1813 1414 2107 1469 curriculo

455 1515 688 1590 placide
711 1531 777 1569 ac
798 1511 1120 1584 tranquille
1146 1510 1435 1575 confecto,
1465 1506 1888 1578 sempiternam
1911 1504 2110 1559 beatu-

457 1605 660 1660 dinem
682 1606 1071 1658 consecutum
1099 1614 1248 1653 esse.
1274 1595 1668 1663 Quamobrem
1698 1594 1743 1648 si
1770 1593 1901 1664 quis
1930 1594 2105 1647 etiam

457 1700 687 1766 patrem
711 1696 880 1746 tuum
897 1690 967 1745 de
995 1689 1088 1743 his
1107 1685 1639 1757 rebustempestive
1654 1684 1969 1739 admoneat
1988 1682 2108 1736 for-

458 1784 635 1839 tassis
666 1781 961 1853 intelliget
985 1784 1161 1850 atque
1194 1776 1563 1847 exploratum
1596 1773 1838 1828 habebit
1867 1772 2104 1843 quantis

458 1873 632 1930 malis
664 1871 990 1943 implicitus
1022 1874 1312 1931 teneatur,
1348 1871 1525 1937 atque
1556 1864 1627 1920 ab
1661 1864 1734 1918 iis
1767 1880 1894 1918 sese
1938 1878 2101 1917 aver-

460 1968 613 2024 lens,
647 1960 805 2032 quod
830 1960 1051 2015 bonum
1080 1965 1169 2012 est
1198 1955 1592 2027 amplectatur
1618 1955 1686 2023 (ΙΙ
1718 1955 1837 2008 Pet.
1874 1952 1930 2023 l).
1963 1954 2105 2007 Nam

456 2052 520 2108 in
551 2048 871 2125 praesentia
905 2046 1145 2119 quidem
1178 2062 1371 2101 cmcus
1403 2050 1511 2110 est,
1546 2048 1604 2097 et
1633 2058 1814 2097 manu
1848 2048 2104 2107 tentans,

455 2145 523 2195 ut
552 2140 651 2210 qui
684 2154 819 2191 vero
850 2136 1075 2190 lumine
1107 2151 1234 2189 sese
1258 2132 1501 2199 orbarit,
1526 2138 1702 2202 atque
1733 2131 1807 2185 ad
1835 2131 2107 2201 impieta-

458 2228 535 2282 tis
566 2226 843 2281 tenebras
874 2223 1275 2295 transfugerit.

529 2316 687 2371 Dixit
717 2320 916 2369 autem
974 2312 1045 2367 ad
1101 2328 1237 2367 eum
1267 2310 1583 2381 Josaphat:
1617 2310 1697 2364 De
1748 2312 1913 2381 patre
1974 2325 2104 2363 meo

460 2404 618 2477 quod
651 2401 1217 2474 Dominusjusserit,
1251 2401 1373 2456 fiat.
1402 2402 1545 2454 Nam
1578 2399 1714 2470 ipsi,
1738 2398 1895 2454 velut
1927 2399 2103 2453 etiam

457 2495 563 2552 abs
594 2500 649 2548 te
681 2492 906 2548 dictum
933 2496 1042 2559 est,
1078 2507 1146 2547 ea
1188 2489 1389 2545 omnia
1443 2488 1751 2561 possibilia
1781 2495 1939 2557 sunt,
1972 2507 2104 2560 qum

456 2584 616 2658 apud
644 2581 921 2638 homines
949 2579 1341 2651 impossibilia
1362 2596 1490 2634 esse
1516 2578 1805 2634 videntur.
1829 2580 1945 2651 Ego
1969 2595 2103 2633 vero

454 2689 563 2747 per
593 2670 843 2727 eximios
876 2686 942 2725 ac
975 2668 1307 2742 singulares
1339 2674 1470 2723 tuos
1519 2684 1846 2734 sermones,
1878 2668 2105 2721 vanita-

454 2764 531 2819 tis
562 2762 947 2835 praasentium
996 2776 1196 2815 rerum
1250 2764 1557 2831 pertazsus,
1609 2757 1678 2813 ab
1738 2758 1831 2811 his
1864 2757 2103 2828 quidem

455 2853 698 2909 omnino
756 2852 1025 2907 animum
1083 2849 1377 2904 abducere
1423 2848 1721 2914 constitui,
1760 2864 1826 2902 ac
1886 2853 2101 2914 tecum,

456 2941 746 3016 quidquid
802 2941 947 2995 mibi
990 2940 1122 2994 vitas
1184 2944 1475 3011 superest.
1510 2937 1839 3003 traducere,
1872 2954 1945 2991 ne
2000 2954 2105 3009 per

452 3033 613 3089 ﬂuxa
644 3035 704 3087 et
731 3030 964 3103 fragilia
995 3029 1492 3101 sempiternorum
1527 3027 1818 3082 bonorum
1852 3032 1910 3080 et
1940 3028 2100 3080 omni

450 3122 695 3179 interitu
722 3120 1056 3176 alienorum
1088 3118 1282 3173 fructu
1316 3117 1601 3173 excidam.

525 3226 851 3301 Respondit
881 3242 1061 3281 senex
1090 3243 1103 3279 :
1138 3225 1195 3280 Si
1226 3226 1337 3279 hoc
1368 3224 1601 3289 feceris,
1634 3223 2097 3295 prudentissimo

453 3318 691 3375 cuidam
718 3315 942 3389 juveni,
976 3332 1151 3387 quem
1184 3314 1439 3386 copiosis
1471 3320 1645 3385 atque
1680 3314 2102 3368 illustrissimis

451 3406 800 3481 parentibus
826 3411 1033 3461 natum
1067 3420 1195 3460 esse
1228 3404 1517 3469 intellexi,
1552 3404 1807 3458 similem
1861 3409 1915 3457 te
1946 3421 2099 3474 pra;-

448 3497 639 3554 bebis.
673 3495 778 3550 Cui
812 3511 946 3549 eum
976 3500 1143 3565 pater
1195 3493 1412 3547 nobilis
1464 3493 1773 3563 cujusdam
1806 3498 1984 3564 atque
2037 3492 2097 3546 in

448 3585 659 3657 primis
715 3583 940 3654 copiosi
992 3582 1097 3636 viri
1150 3581 1333 3637 tiliam
1389 3582 1605 3654 insigni
1653 3581 2095 3653 pulchritudine

449 3672 761 3745 prmditam
818 3671 1253 3742 despondisset,
1287 3688 1353 3725 ac
1387 3671 1457 3723 de
1509 3671 1854 3742 hujusmodi
1888 3672 2095 3727 matri-

442 3761 644 3818 monio
677 3777 813 3816 cum
848 3760 970 3816 tilio
1007 3777 1344 3816 sermonem
1377 3762 1797 3828 conseruisset,
1832 3763 2092 3834 quidque

442 3852 505 3907 in
541 3850 741 3906 animo
772 3849 1020 3905 haberet
1066 3850 1421 3920 exposuiset.
1453 3850 1577 3905 hinc
1623 3857 1687 3905 ut
1718 3851 1817 3905 ille
1849 3852 2090 3919 audivit,

442 3940 613 4012 quasi
644 3939 936 3995 absonum
969 3937 1252 4011 quiddam
1284 3954 1351 3994 ac
1397 3944 1847 4010 praeposterum,
1882 3941 2092 4011 hujus-

441 4028 603 4086 modi
626 4046 752 4085 rem
779 4028 1105 4095 excutiens,
1122 4028 1328 4083 relicto
1344 4034 1509 4101 patre
1540 4028 2087 4101 profugit.Cumque

439 4121 553 4176 iter
582 4119 825 4187 faceret,
855 4118 1013 4191 apud
1052 4134 1255 4174 senem
1301 4116 1618 4189 quemdam
1647 4134 1991 4190 pauperem,
2025 4126 2091 4174 ut

437 4225 473 4264 a
503 4207 620 4264 diei
650 4213 797 4264 aestu
828 4223 958 4264 sese
989 4211 1304 4276 recrearet,
1329 4206 1584 4263 divertit.

507 4315 656 4371 Filia
682 4332 856 4387 porro
889 4314 1049 4370 senis
1078 4313 1241 4370 illius
1267 4331 1397 4386 qum
1423 4314 1600 4371 unica
1629 4316 1715 4371 illi
1746 4316 1904 4389 virgo
1936 4322 2080 4385 erat,

432 4423 541 4478 pro
572 4404 800 4460 foribus
815 4404 1051 4471 sedens,
1076 4404 1350 4460 manibus
1365 4405 1857 4476 operabatur,ore
1884 4412 2080 4462 autem

431 4495 621 4551 Deum
652 4494 781 4551 sine
810 4493 935 4549 ulla
963 4494 1405 4550 intermissione
1434 4494 1733 4564 laudabat,
1768 4513 1835 4551 ex
1868 4496 2078 4551 intimo

430 4591 669 4658 pectore
694 4584 910 4656 gratias
933 4582 1045 4654 ipsi
1070 4599 1268 4653 agens.
1290 4585 1479 4656 Ipsius
1501 4591 1697 4640 autem
1722 4584 1958 4640 laudem
1984 4587 2078 4657 ju-

427 4675 591 4730 venis
611 4672 1007 4741 audiens,ait:
1034 4673 1362 4741 Quodnam,
1386 4674 2073 4746 opuella,tuuminstitu-

426 4768 555 4820 tnm
588 4768 678 4819 est
698 4761 1001 4833 ?thuam
1024 4761 1098 4816 ob
1125 4778 1387 4825 causam.
1415 4779 1550 4818 cum
1573 4764 1634 4818 in
1669 4769 1830 4819 tanta
1853 4764 2075 4818 vilitate

424 4860 484 4910 et
514 4853 717 4925 inopia
746 4852 1021 4918 verseris,
1056 4857 1340 4923 tanquam
1377 4852 1450 4908 ob
1493 4853 1757 4925 ingentia
1784 4853 2076 4909 beneﬁcia

422 4950 686 5015 accepta,
701 4942 915 4997 horum
945 4949 1244 4997 auctorem
1268 4942 1439 4998 laude
1458 4942 1646 4998 afﬁcis
1666 4942 1694 4998 ί)
1721 4945 1854 5015 Ipsa
1874 4951 2072 4999 autem

424 5031 498 5087 ad
528 5048 664 5087 eum
686 5031 1022 5104 respondit:
1050 5034 1138 5086 An
1170 5030 1365 5087 nescis
1386 5030 1546 5103 quod
1567 5033 2071 5103 quemadmodum

426 5121 701 5191 exiguum
734 5122 1124 5193 pharmacum
1156 5138 1186 5175 e
1220 5122 1449 5193 magnis
1498 5120 1849 5193 plerumque
1901 5140 2068 5177 mor-

421 5205 514 5262 bis
546 5209 847 5267 hominem
880 5209 1076 5282 eripit,
1110 5209 1319 5266 eodem
1348 5209 1526 5266 modo
1549 5211 1729 5267 etiam
1760 5211 1832 5267 ob
1859 5228 2070 5284 parvas

2219 524 2281 579 τὸ
2336 523 2605 599 ὑπερέχον
2663 520 2989 596 αἰδούμενος
3045 530 3146 593 τῆς
3205 530 3303 593 σῆς
3362 521 3521 597 δόξης,
3560 528 3616 598 μή
3660 549 3753 585 ποτε

2222 610 2601 688 ὀχληρότερός
2647 633 2731 667 σοι
2783 612 3027 691 φανείην,
3064 612 3130 669 Εἴ
3175 614 3266 667 οὖν
3297 615 3601 688 προσῆκες
3623 621 3681 687 τῷ
3701 623 3753 690 σῷ

2219 702 2403 778 οἰκέτῃ
2463 703 2903 776 ὑπομιμνήσκειν
2957 724 3040 756 σοι
3100 701 3179 766 εἰς
3218 702 3281 756 τὸ
3309 701 3419 773 ἑξῆς
3464 705 3570 779 περὶ
3608 706 3755 761 τοῦτων

2218 796 2297 867 τῷ
2356 798 2434 865 σῷ
2500 790 2692 866 ἔσομαι
2778 797 3169 868 καθυπηρετῶν
3230 792 3613 867 προστάγματι.
3660 796 3755 866 Ναὶ,

2219 882 2381 960 φησὶν
2413 883 2440 937 6
2477 880 2749 957 βασιλεν5ς’
2804 884 2880 955 μή
2932 883 3050 936 καθ’
3088 882 3297 957 ἡμέραν
3349 882 3516 954 μόνον,
3554 882 3668 937 ἀλλὰ
3698 885 3760 938 καὶ

2219 970 2298 1043 ἐφ’
2358 970 2585 1041 ἑκάστης
2644 969 2788 1048 ὣρας
2865 972 2962 1041 τήν
3044 971 3251 1025 τούτων
3316 972 3516 1044 μνήμην
3568 968 3762 1042 διηνεκῶς

2217 1059 2518 1131 ἀνακαίνιζε
2551 1079 2563 1092 ⁸
2598 1060 2697 1115 οὐκ
2754 1058 2973 1132 ἀμελῶς
2998 1061 3103 1135 γάρ
3136 1062 3247 1135 χρὴ
3280 1059 3482 1122 τούτοις
3527 1061 3764 1135 προσέχειν,

2217 1147 2362 1205 ἀλλά
2411 1151 2499 1205 καὶ
2533 1149 2654 1205 λίαν
2712 1152 2929 1225 Θερμῶς
2988 1150 3077 1204 καὶ
3138 1146 3455 1212 σπουδαίως.
3508 1150 3767 1223 Ἀκηκόαμεν

2218 1238 2330 1307 οὖν,
2374 1240 2538 1317 φησὶν
2573 1241 2600 1295 6
2631 1237 2918 1315 Βαρλαάμ,
2952 1234 3188 1301 εὐσεϐῶς
3239 1240 3327 1294 τὸν
3390 1237 3589 1313 βασιλέα
3632 1243 3767 1293 τοῦτον

2219 1334 2377 1398 ζῆσαι
2429 1327 2491 1383 τὸ
2550 1327 2695 1400 ἑξῆς,
2742 1328 2831 1382 καὶ
2885 1328 3194 1401 ἀκυμάντος
3253 1327 3342 1381 τὸν
3398 1330 3610 1401 παρόντα
3648 1324 3775 1380 διανῦ-

2218 1439 2377 1473 σαντα
2427 1413 2569 1488 ϐίον,
2609 1421 2705 1487 τῆς
2740 1416 3051 1491 μελλούσης
3114 1417 3190 1489 μὴ
3248 1416 3525 1491 ἀποτυχεῖν
3578 1416 3774 1489 μακαριό-

2215 1529 2402 1579 τητος.
2455 1508 2519 1565 Εἰ
2577 1507 2754 1563 τοίνυν
2795 1508 2887 1561 καὶ
2938 1510 3019 1579 τῷ
3068 1510 3146 1578 σῷ
3202 1505 3365 1580 πατρὶ
3419 1506 3613 1561 τοιαῦτά
3657 1526 3719 1567 τις
3741 1504 3776 1559 ὲν

2220 1595 2520 1670 ἐπιτηδείῳ
2580 1598 3029 1671 προσυπομνῆσει
3088 1601 3283 1671 καιρῷ,
3339 1598 3481 1653 139
3524 1596 3646 1670 τάχα
3676 1615 3774 1647 συν-

2216 1689 2335 1759 ήσει
2362 1688 2450 1741 καὶ
2496 1686 2757 1763 γνώσεται
2790 1686 2938 1749 ὅσοις
2991 1684 3289 1760 συνῖεσχέθη
3349 1689 3546 1753 κακοῖς,
3572 1682 3780 1751 minoi-

2214 1796 2320 1830 των
2374 1774 2644 1844 ἐκκλίνας,
2704 1774 2972 1846 ἐκλέξεται
3014 1775 3076 1829 τὸ
3107 1774 3335 1849 ἀγαθόν·
3392 1773 3495 1829 ἐπεὶ
3548 1774 3600 1827 τὸ
3647 1793 3694 1847 γε
3716 1776 3780 1825 νῦν

2210 1863 2338 1940 ἕχον
2372 1862 2580 1941 τυφλός
2612 1863 2747 1934 ἐστι,
2794 1866 3103 1937 μυωπάζων
3136 1868 3269 1937 (27),
3315 1867 3408 1918 τοῦ
3439 1863 3667 1933 ἀληθινοῦ
3699 1884 3780 1940 φω-

2208 1954 2304 2017 τὸς
2336 1955 2521 2009 ἱαυτὸν
2580 1954 2979 2028 ἀποστερήσας,
3029 1952 3355 2026 αὐτομολῶν
3404 1950 3456 2007 δὲ
3484 1952 3604 2025 πρὸς
3640 1953 3689 2006 τὸ
3713 1958 3780 2018 τῆς

2211 2039 2457 2107 ἀσεϐείας
2488 2045 2701 2105 σκότος.
3268 2058 3269 2061 ‘

2282 2314 2413 2369 Εἷπε
2445 2312 2501 2368 δὲ
2550 2315 2577 2367 6
2617 2311 2851 2391 Ἰωάσαφ
2900 2312 3035 2388 πρὸς
3086 2311 3269 2367 αὐτόν’
3323 2312 3403 2368 Ti
3458 2312 3546 2384 μὲν
3584 2314 3662 2364 τοῦ
3688 2307 3789 2380 ἐμοῦ

2209 2403 2414 2476 πατρὸς
2470 2401 2660 2478 ἄγοιτο
2721 2401 2924 2478 Κύριος
2971 2404 3083 2475 (28)
3141 2400 3326 2465 καθὼς
3395 2398 3629 2455 κελεῦει’
3682 2396 3787 2465 αὐτῷ

2207 2493 2330 2566 γὰρ,
2360 2491 2500 2546 καοά
2531 2488 2598 2561 δὴ
2630 2492 2717 2546 καὶ
2754 2492 2903 2553 εἶπας
2938 2495 3071 2563 (29),
3098 2492 3275 2546 πάντα
3325 2488 3516 2545 δυνατὰ
3560 2487 3791 2555 καθέστηκε

2208 2581 2275 2635 τά
2303 2581 2448 2654 ποιρά
2507 2581 2815 2657 ἀνθρώποις
2876 2577 3130 2635 ἀδύνατω
3190 2579 3300 2654 ἐγὼ
3361 2577 3437 2649 6‘s,
3487 2577 3566 2632 διὰ
3598 2582 3685 2632 τῶν
3712 2580 3786 2628 σῶν

2209 2664 2638 2744 ἆνυπερϐλήτων
2696 2669 2955 2747 ῥημάτων
2983 2714 2997 2740 ,
3046 2675 3147 2739 τῆς
3192 2673 3303 2723 τῶν
3360 2667 3625 2744 παρόντων
3671 2683 3790 2719 κατα-

2209 2756 2369 2833 γνοὺς
2431 2758 2834 2831 ματαιότητος,
2892 2759 3196 2828 ἀποστῆναι
3260 2760 3361 2832 μὲν
3420 2757 3612 2812 τούτων
3660 2755 3788 2817 πάντη

2211 2846 2587 2922 διανενόημαι,
2620 2850 2709 2904 καὶ
2746 2850 2881 2923 μετά
2925 2853 3020 2903 σοῦ
3077 2849 3138 2903 τὸ
3197 2846 3402 2903 λοιπὸν
3449 2854 3545 2917 τῆς
3575 2851 3693 2915 ζωῆς
3719 2862 3791 2915 μου

2210 2935 2472 3011 διανύσαι,
2520 2938 2614 2995 ’ίνα
2675 2942 2750 3012 μὴ
2809 2937 2895 2994 διὰ
2953 2944 3059 2994 τῶν
3116 2939 3470 3013 προσκαὶρων
3525 2936 3697 2991 τοῦτων
3729 2930 3791 2985 καὶ

2210 3024 2444 3101 ῥευστῶν
2503 3028 2601 3095 τῆς
2664 3032 2771 3081 τῶν
2851 3026 3084 3081 αἰωνίων
3160 3026 3251 3079 καὶ
3315 3026 3592 3104 ἀφθάρτων
3639 3018 3791 3075 Euximi

2214 3113 2567 3177 ἀπολαύσεως
2584 3158 2595 3175 .

2283 3224 2425 3299 Πρὸς
2484 3224 2540 3278 ὃν
2575 3224 2603 3278 6
2634 3224 2807 3297 γέρων
2859 3223 3204 3299 ἀπεκρίνατο·
3261 3224 3325 3278 ΕΞ
3378 3227 3539 3278 τοῦτο
3586 3219 3797 3289 ποιήσεις,

2209 3313 2402 3385 ὅμοιος
2437 3306 2528 3386 ἔσῃ
2568 3312 2829 3384 νεανίσκῳ
2857 3312 2963 3366 tea?
3013 3311 3447 3387 φρονιμωτάτῳ,
3480 3311 3593 3387 περὶ
3621 3308 3672 3363 οὗ
3698 3307 3797 3374 ἀκή-

2203 3423 2308 3457 κοα
2339 3401 2614 3458 πλουσίων
2674 3405 2947 3479 γεγονεναι
3003 3402 3091 3458 καὶ
3153 3400 3389 3474 ἐνδόξων
3450 3399 3796 3478 γονέωνῷτινι

2205 3491 2232 3544 6
2287 3494 2467 3565 πατὴρ
2532 3491 3006 3564 μνηστευσάμενος
3063 3493 3162 3561 τήν
3224 3495 3499 3569 θυγατέρα
3552 3491 3680 3549 τινός
3717 3490 3794 3539 τῶν

2203 3579 2445 3657 εὐγενείᾳ
2474 3582 2561 3636 καὶ
2622 3582 2847 3656 πλοῦτῳ
2905 3580 3271 3660 διαφερόντων
3336 3583 3457 3639 λίαν
3490 3579 3794 3656 ὡραιοτάτην,

2199 3669 2737 3746 κοινολογησάμενος
2770 3670 2826 3727 δὲ
2855 3673 2993 3748 πρὸς
3022 3674 3112 3727 τὸν
3144 3670 3318 3728 παῖδα
3351 3674 3477 3749 περὶ
3510 3676 3597 3726 τοῦ
3640 3668 3797 3744 γάμου,

2198 3760 2287 3815 καὶ
2320 3761 2471 3823 ὅπως
2500 3763 2567 3831 ἦν
2601 3760 2748 3834 αὐτῷ
2808 3762 3162 3836 μελετώμενα
3218 3760 3574 3839 ἀπαγγείλας,
3621 3756 3798 3814 ἀκούσας

2198 3847 2423 3919 ἐκεῖνος,
2456 3850 2545 3905 καὶ
2603 3851 2677 3912 ὡς
2736 3851 2953 3927 ἀπηχὲς
2988 3873 3039 3906 τι
3082 3852 3171 3907 καὶ
3230 3852 3439 3907 ἄτοπον
3498 3848 3799 3918 ἀποσεισάμε-

2195 3960 2289 4001 νος
2319 3940 2381 3993 τὸ
2410 3945 2659 4014 πρᾶγμα,
2693 3940 2864 4017 φυγὰς
2917 3938 3097 4015 ᾤχετο
3155 3939 3484 3997 καταλιπὼν
3513 3941 3597 3994 τὸν
3623 3934 3797 4007 πατέρι.

2196 4030 2575 4103 Πορευόμενος
2607 4026 2664 4083 δὲ
2705 4027 2963 4099 ξενίζεται
3023 4030 3074 4084 ἐν
3109 4030 3257 4103 οἰκίᾳ
3314 4035 3557 4106 γηραιοῦ
3584 4048 3708 4088 τινος
3734 4023 3803 4078 πὲ-

2193 4139 2377 4189 νητος,
2406 4123 2502 4173 τοῦ
2533 4117 2813 4181 καύσωνος
2845 4125 2945 4189 τῆς
2977 4119 3189 4196 ἡμέρας
3224 4121 3425 4176 ἑαυτὸν
3489 4115 3799 4174 διαναπαύων.

2261 4317 2423 4371 140
2453 4315 2519 4371 Ἡ
2552 4310 2609 4369 δὲ
2640 4315 2880 4389 Θυγάτηρ
2930 4319 3029 4370 τοῦ
3081 4316 3341 4389 πένητος,
3394 4314 3675 4391 μονογενὴς
3701 4309 3802 4363 οὖτα

2187 4402 2274 4458 καὶ
2316 4404 2599 4478 παρθένος,
2654 4404 2991 4479 καθεζομὲνη
3052 4405 3158 4481 πρὸ
3212 4412 3326 4461 τῶν
3392 4409 3597 4475 θυρῶν,
3647 4400 3800 4476 εἰργά-

2190 4499 2307 4561 ζετο
2344 4494 2438 4567 μὶν
2485 4500 2606 4556 ταῖς
2664 4494 2847 4570 χερσὶ,
2904 4499 2984 4567 τῷ
3042 4492 3101 4549 δὲ
3161 4495 3403 4569 στόματι
3452 4494 3709 4569 ἀσιγήτως
3730 4486 3800 4541 τὸν

2187 4582 2315 4636 Θεὸν
2349 4579 2566 4658 εὐλόγει
2610 4582 3010 4659 εύχαριστοῦσα
3069 4582 3217 4656 αὐτῷ
3277 4584 3341 4640 ἐκ
3404 4585 3605 4661 βαθέων
3635 4579 3797 4654 ψυχῆς

2184 4674 2301 4726 Τῶν
2353 4671 2556 4740 ταύτης
2615 4669 2672 4726 δὲ
2702 4672 2885 4745 ὕμνων
2944 4672 3201 4741 ἀκούσας,
3235 4675 3264 4728 6
3296 4674 3425 4735 νέος
3457 4673 3578 4750 ἔψη
3609 4672 3668 4728 Τί
3711 4686 3797 4730 σου,

2182 4759 2355 4835 γύναι,
2409 4763 2471 4816 τὸ
2527 4759 2907 4835 ἐπιτήδευμας
2980 4762 3140 4838 χάριν
3197 4760 3255 4818 δὲ
3315 4764 3493 4833 τίνος,
3547 4761 3677 4816 οὕτω
3723 4770 3798 4825 πεὲ

2214 4846 2243 4869 γ
2382 4849 2396 4869 9
2519 4851 2531 4867 ι
2704 4850 2717 4867 ε
2930 4852 2943 4871 s
3025 4851 3040 4872 ι
3192 4852 3204 4871 ι
3572 4852 3581 4865 ο
3723 4842 3741 4860 "

2184 4868 2315 4904 ουσα
2348 4850 2575 4919 ευτελης
2628 4870 2720 4905 και
2750 4871 2977 4927 πτωχη,
3010 4872 3083 4913 ως
3115 4851 3203 4906 ἐπι
3267 4873 3386 4907 τισι
3451 4861 3696 4924 μεγαλοις
3720 4860 3799 4897 οω·

2183 4943 2422 5015 ρήμασιν
2479 4941 2846 5017 εὐχαριστεῖς,
2900 4943 2991 4998 τὸν
3055 4939 3266 5017 δοτῆρα
3333 4944 3624 5015 ὑμνοῦσας
3675 4938 3731 4992 Ἠ
3755 4929 3800 4986 δὲ

2180 5032 2317 5105 πρὸς
2376 5031 2533 5085 αὐτὸν
2592 5030 2915 5107 ἀπεκρίνατο
2950 5051 2963 5065 '
3025 5033 3138 5087 Οὐκ
3194 5034 3357 5088 οἶσθα
3416 5032 3548 5101 ὅτι,
3601 5029 3797 5095 καθάπερ

2180 5120 2460 5197 φάρμακον
2520 5122 2712 5194 μικρὸν
2755 5122 2815 5176 ἐκ
2860 5121 3115 5198 μεγάλων
3167 5128 3509 5194 νοσημάτων
3566 5112 3795 5171 πολλάκις

2183 5209 2363 5287 ῥύεται
2395 5211 2487 5265 τὸν
2522 5210 2829 5285 ἄνθρωπον,
2852 5210 2994 5268 οὕτω
3025 5208 3091 5281 δὴ
3124 5212 3211 5266 καὶ
3244 5211 3313 5266 τὸ
3347 5210 3440 5266 ἐπὶ
3472 5216 3586 5272 τοῖς
3616 5204 3796 5279 μικροῖς

491 5436 605 5508 (27)
627 5440 746 5525 ξιτ.
778 5441 837 5525 I‘I‘
866 5442 1046 5525 Epist.
1070 5448 1201 5525 ‘1,_9.
1236 5446 1487 5525 Lexincon
1518 5448 1581 5504 in
1601 5448 1833 5525 _codice
1877 5450 1991 5525 _24_8
2017 5464 2049 5525 :_
2091 5447 2096 5502 l

2208 5443 2408 5525 θπάζῳ,
2466 5441 2782 5525 ὀφθαλμῷ.
2816 5446 3344 5525 (ﬁcumenins‘ad
3405 5446 3563 5503 Petri
3588 5444 3791 5501 locum:

422 5506 764 5593 Μρἓξάξιιχ
791 5507 848 5564 δὶ
872 5506 936 5593 ,τὸ
960 5506 1299 5593 τυφλῶττειν
1333 5515 1565 5592 εἴρηται,
1589 5518 1695 5574 ἀπὸ
1724 5523 1833 5575 τῶν
1870 5519 1974 5574 ὑπὸ
1993 5520 2091 5587 τήν
2123 5524 2225 5591 γῆν
2263 5506 2435 5591 μυῶν.
2468 5506 2689 5593 τυιρλῶν
2724 5517 2800 5580 εἷς
2838 5516 2975 5572 ἅπαν
3001 5515 3433 5575 διατελούντων.

514 5581 605 5654 28)
636 5581 834 5654 Malim
862 5584 988 5654 ἄγοι
1019 5581 1051 5637 6
1076 5589 1144 5641 K.

514 5583 581 5637 28
636 5581 834 5639 Malim
862 5584 988 5654 ἄγοι
1019 5581 1051 5637 ὅ
1076 5589 1144 5641 Κ.

513 5581 605 5729 σοί
631 5653 715 5711 Cf.
745 5670 807 5729 p.
843 5654 966 5725 134,
995 5671 1129 5711 cum
1151 5674 1211 5714 n.
1250 5662 1331 5715 14.
