  <div class='ocr_page' id='page_1' title='image "/cluster/home/n/w/nwhite01/storage/ocr_20150623/96/hvd.32044073502122/510.png"; bbox 0 0 4010 6206; ppageno 0'>
   <div class='ocr_carea' id='block_1_1' title="bbox 178 370 325 461">
    <p class='ocr_par' dir='ltr' id='par_1_1' title="bbox 178 370 325 461">
     <span class='ocr_line' id='line_1_1' title="bbox 178 370 325 461; baseline -0.007 0"><span class='ocrx_word' id='word_1_1' title='bbox 178 370 325 461; x_wconf 67' lang='grc' dir='ltr'>ιοοο</span> 
     </span>
    </p>
   </div>
   <div class='ocr_carea' id='block_1_2' title="bbox 1359 380 2515 468">
    <p class='ocr_par' dir='ltr' id='par_1_2' title="bbox 1359 380 2515 468">
     <span class='ocr_line' id='line_1_2' title="bbox 1359 380 2515 468; baseline -0.005 -2"><span class='ocrx_word' id='word_1_2' title='bbox 1359 413 1523 468; x_wconf 80' lang='lat' dir='ltr'>Vl&#39;l‘A</span> <span class='ocrx_word' id='word_1_3' title='bbox 1565 409 1916 467; x_wconf 73' lang='lat' dir='ltr'><strong>BARLAAM</strong></span> <span class='ocrx_word' id='word_1_4' title='bbox 1948 382 2046 463; x_wconf 42' lang='lat' dir='ltr'>Fii&quot;?</span> <span class='ocrx_word' id='word_1_5' title='bbox 2079 408 2424 465; x_wconf 80' lang='lat' dir='ltr'>JOASAPH.</span> <span class='ocrx_word' id='word_1_6' title='bbox 2510 380 2515 385; x_wconf 79' lang='grc'><strong>’</strong></span> 
     </span>
    </p>
   </div>
   <div class='ocr_carea' id='block_1_3' title="bbox 3451 384 3596 468">
    <p class='ocr_par' dir='ltr' id='par_1_3' title="bbox 3451 384 3596 468">
     <span class='ocr_line' id='line_1_3' title="bbox 3451 384 3596 468; baseline -0.007 0"><span class='ocrx_word' id='word_1_7' title='bbox 3451 384 3596 468; x_wconf 69' lang='lat' dir='ltr'>ib‘ib</span> 
     </span>
    </p>
   </div>
   <div class='ocr_carea' id='block_1_4' title="bbox 190 526 1825 607">
    <p class='ocr_par' dir='ltr' id='par_1_4' title="bbox 190 526 1825 607">
     <span class='ocr_line' id='line_1_4' title="bbox 190 526 1825 607; baseline 0.007 -25"><span class='ocrx_word' id='word_1_8' title='bbox 190 549 303 584; x_wconf 66' lang='grc' dir='ltr'>σοιν</span> <span class='ocrx_word' id='word_1_9' title='bbox 335 526 599 607; x_wconf 82' lang='grc' dir='ltr'>γνώρισόν</span> <span class='ocrx_word' id='word_1_10' title='bbox 656 552 750 604; x_wconf 91' lang='grc' dir='ltr'>μοι</span> <span class='ocrx_word' id='word_1_11' title='bbox 802 531 893 588; x_wconf 84' lang='grc' dir='ltr'>τόν</span> <span class='ocrx_word' id='word_1_12' title='bbox 946 554 1007 589; x_wconf 92' lang='grc' dir='ltr'>τε</span> <span class='ocrx_word' id='word_1_13' title='bbox 1062 530 1303 590; x_wconf 73' lang='grc' dir='ltr'>πλοῦτον</span> <span class='ocrx_word' id='word_1_14' title='bbox 1358 542 1459 605; x_wconf 85' lang='grc' dir='ltr'>τῆς</span> <span class='ocrx_word' id='word_1_15' title='bbox 1518 531 1679 606; x_wconf 80' lang='grc' dir='ltr'>δόξης</span> <span class='ocrx_word' id='word_1_16' title='bbox 1731 536 1825 588; x_wconf 66' lang='grc' dir='ltr'>τοῦ</span> 
     </span>
    </p>
   </div>
   <div class='ocr_carea' id='block_1_5' title="bbox 1938 526 3589 607">
    <p class='ocr_par' dir='ltr' id='par_1_5' title="bbox 1941 527 3589 607">
     <span class='ocr_line' id='line_1_5' title="bbox 1941 527 3589 607; baseline 0.004 -20"><span class='ocrx_word' id='word_1_17' title='bbox 1941 533 2223 606; x_wconf 81' lang='lat' dir='ltr'>gestiens,</span> <span class='ocrx_word' id='word_1_18' title='bbox 2246 530 2350 587; x_wconf 88' lang='lat' dir='ltr'>abs</span> <span class='ocrx_word' id='word_1_19' title='bbox 2372 535 2427 585; x_wconf 87' lang='lat' dir='ltr'>te</span> <span class='ocrx_word' id='word_1_20' title='bbox 2450 534 2679 602; x_wconf 84' lang='lat' dir='ltr'>peto,ut</span> <span class='ocrx_word' id='word_1_21' title='bbox 2698 536 2757 587; x_wconf 90' lang='lat' dir='ltr'>et</span> <span class='ocrx_word' id='word_1_22' title='bbox 2783 527 2996 587; x_wconf 73' lang='lat' dir='ltr'>divinaa</span> <span class='ocrx_word' id='word_1_23' title='bbox 3026 528 3228 604; x_wconf 76' lang='lat' dir='ltr'>gloriae</span> <span class='ocrx_word' id='word_1_24' title='bbox 3252 529 3511 607; x_wconf 79' lang='lat' dir='ltr'>divitias,</span> <span class='ocrx_word' id='word_1_25' title='bbox 3529 543 3589 593; x_wconf 84' lang='lat' dir='ltr'>et</span> 
     </span>
    </p>
   </div>
   <div class='ocr_carea' id='block_1_6' title="bbox 188 614 1572 699">
    <p class='ocr_par' dir='ltr' id='par_1_6' title="bbox 188 614 1572 699">
     <span class='ocr_line' id='line_1_6' title="bbox 188 614 1572 699; baseline 0.006 -27"><span class='ocrx_word' id='word_1_26' title='bbox 188 622 320 673; x_wconf 76' lang='grc' dir='ltr'>Θεοῦ</span> <span class='ocrx_word' id='word_1_27' title='bbox 349 617 436 673; x_wconf 81' lang='grc' dir='ltr'>καὶ</span> <span class='ocrx_word' id='word_1_28' title='bbox 466 619 529 674; x_wconf 83' lang='grc' dir='ltr'>τὸ</span> <span class='ocrx_word' id='word_1_29' title='bbox 564 614 916 697; x_wconf 74' lang='grc' dir='ltr'>ὑπερϐάλλον</span> <span class='ocrx_word' id='word_1_30' title='bbox 943 629 1043 693; x_wconf 73' lang='grc' dir='ltr'>τῆς</span> <span class='ocrx_word' id='word_1_31' title='bbox 1073 622 1239 679; x_wconf 75' lang='grc' dir='ltr'>αὐτοῦ</span> <span class='ocrx_word' id='word_1_32' title='bbox 1270 621 1572 699; x_wconf 86' lang='grc' dir='ltr'>δυνάμεως.</span> 
     </span>
    </p>
   </div>
   <div class='ocr_carea' id='block_1_7' title="bbox 254 706 1830 788">
    <p class='ocr_par' dir='ltr' id='par_1_7' title="bbox 254 706 1830 788">
     <span class='ocr_line' id='line_1_7' title="bbox 254 706 1830 788; baseline 0.002 -24"><span class='ocrx_word' id='word_1_33' title='bbox 254 706 391 764; x_wconf 69' lang='lat' dir='ltr'>Eine</span> <span class='ocrx_word' id='word_1_34' title='bbox 421 706 480 764; x_wconf 72' lang='grc' dir='ltr'>δὶ</span> <span class='ocrx_word' id='word_1_35' title='bbox 507 710 649 785; x_wconf 86' lang='grc' dir='ltr'>πρὸς</span> <span class='ocrx_word' id='word_1_36' title='bbox 706 711 869 767; x_wconf 76' lang='grc' dir='ltr'>αὐτὸν</span> <span class='ocrx_word' id='word_1_37' title='bbox 930 713 958 767; x_wconf 90' lang='lat'>6</span> <span class='ocrx_word' id='word_1_38' title='bbox 1018 711 1305 788; x_wconf 78' lang='grc' dir='ltr'>Βαρλαάμ·</span> <span class='ocrx_word' id='word_1_39' title='bbox 1338 719 1430 787; x_wconf 83' lang='grc' dir='ltr'>Τῷ</span> <span class='ocrx_word' id='word_1_40' title='bbox 1459 718 1574 786; x_wconf 84' lang='grc' dir='ltr'>Θεῷ</span> <span class='ocrx_word' id='word_1_41' title='bbox 1595 709 1830 787; x_wconf 64' lang='grc' dir='ltr'>εὔχομαι</span> 
     </span>
    </p>
   </div>
   <div class='ocr_carea' id='block_1_8' title="bbox 184 792 1829 879">
    <p class='ocr_par' dir='ltr' id='par_1_8' title="bbox 184 792 1829 879">
     <span class='ocr_line' id='line_1_8' title="bbox 184 792 1829 879; baseline 0.002 -28"><span class='ocrx_word' id='word_1_42' title='bbox 184 792 385 867; x_wconf 77' lang='grc' dir='ltr'>διδάξει</span> <span class='ocrx_word' id='word_1_43' title='bbox 436 819 495 853; x_wconf 86' lang='grc' dir='ltr'>σε</span> <span class='ocrx_word' id='word_1_44' title='bbox 543 803 738 868; x_wconf 76' lang='grc' dir='ltr'>ταῦτα,</span> <span class='ocrx_word' id='word_1_45' title='bbox 818 800 911 856; x_wconf 87' lang='grc' dir='ltr'>καὶ</span> <span class='ocrx_word' id='word_1_46' title='bbox 979 808 1078 873; x_wconf 76' lang='grc' dir='ltr'>τῆν</span> <span class='ocrx_word' id='word_1_47' title='bbox 1153 807 1354 879; x_wconf 81' lang='grc' dir='ltr'>γνῶσιν</span> <span class='ocrx_word' id='word_1_48' title='bbox 1403 807 1511 859; x_wconf 81' lang='grc' dir='ltr'>τῶν</span> <span class='ocrx_word' id='word_1_49' title='bbox 1566 801 1829 857; x_wconf 73' lang='grc' dir='ltr'>τοιούτων</span> 
     </span>
    </p>
   </div>
   <div class='ocr_carea' id='block_1_9' title="bbox 182 884 1833 968">
    <p class='ocr_par' dir='ltr' id='par_1_9' title="bbox 182 884 1833 968">
     <span class='ocr_line' id='line_1_9' title="bbox 182 884 1833 968; baseline 0.003 -29"><span class='ocrx_word' id='word_1_50' title='bbox 182 884 407 941; x_wconf 75' lang='grc' dir='ltr'>ἐνθεῖναί</span> <span class='ocrx_word' id='word_1_51' title='bbox 468 909 563 943; x_wconf 88' lang='grc' dir='ltr'>σου</span> <span class='ocrx_word' id='word_1_52' title='bbox 618 894 688 965; x_wconf 76' lang='grc' dir='ltr'>τῇ</span> <span class='ocrx_word' id='word_1_53' title='bbox 747 894 924 967; x_wconf 51' lang='grc' dir='ltr'>ψυχῇ</span> <span class='ocrx_word' id='word_1_54' title='bbox 986 892 1101 948; x_wconf 83' lang='grc' dir='ltr'>ἐπεὶ</span> <span class='ocrx_word' id='word_1_55' title='bbox 1167 895 1312 968; x_wconf 81' lang='grc' dir='ltr'>παρὰ</span> <span class='ocrx_word' id='word_1_56' title='bbox 1369 892 1678 967; x_wconf 79' lang='grc' dir='ltr'>ἀνθρώποις</span> <span class='ocrx_word' id='word_1_57' title='bbox 1734 892 1833 959; x_wconf 78' lang='grc' dir='ltr'>τὴν</span> 
     </span>
    </p>
   </div>
   <div class='ocr_carea' id='block_1_10' title="bbox 181 974 1830 1057">
    <p class='ocr_par' dir='ltr' id='par_1_10' title="bbox 181 974 1830 1057">
     <span class='ocr_line' id='line_1_10' title="bbox 181 974 1830 1057; baseline 0.003 -27"><span class='ocrx_word' id='word_1_58' title='bbox 181 974 350 1031; x_wconf 71' lang='grc' dir='ltr'>αὐτοῦ</span> <span class='ocrx_word' id='word_1_59' title='bbox 382 979 649 1052; x_wconf 74' lang='grc' dir='ltr'>Λεχθῆναι</span> <span class='ocrx_word' id='word_1_60' title='bbox 707 977 861 1052; x_wconf 85' lang='grc' dir='ltr'>δόξαν</span> <span class='ocrx_word' id='word_1_61' title='bbox 909 983 999 1037; x_wconf 78' lang='grc' dir='ltr'>καὶ</span> <span class='ocrx_word' id='word_1_62' title='bbox 1050 980 1275 1057; x_wconf 85' lang='grc' dir='ltr'>δύναμιν</span> <span class='ocrx_word' id='word_1_63' title='bbox 1305 983 1367 1038; x_wconf 85' lang='grc' dir='ltr'>τὸ</span> <span class='ocrx_word' id='word_1_64' title='bbox 1397 982 1646 1057; x_wconf 82' lang='grc' dir='ltr'>παράπαν</span> <span class='ocrx_word' id='word_1_65' title='bbox 1692 978 1830 1036; x_wconf 83' lang='grc' dir='ltr'>ἀδύ-</span> 
     </span>
    </p>
   </div>
   <div class='ocr_carea' id='block_1_11' title="bbox 176 1065 1832 1146">
    <p class='ocr_par' dir='ltr' id='par_1_11' title="bbox 176 1065 1832 1146">
     <span class='ocr_line' id='line_1_11' title="bbox 176 1065 1832 1146; baseline 0.004 -29"><span class='ocrx_word' id='word_1_66' title='bbox 176 1085 361 1135; x_wconf 87' lang='grc' dir='ltr'>νατον,</span> <span class='ocrx_word' id='word_1_67' title='bbox 392 1065 488 1120; x_wconf 69' lang='grc' dir='ltr'>κᾶν</span> <span class='ocrx_word' id='word_1_68' title='bbox 520 1072 685 1122; x_wconf 82' lang='grc' dir='ltr'>πᾶσαι</span> <span class='ocrx_word' id='word_1_69' title='bbox 738 1068 792 1122; x_wconf 71' lang='grc' dir='ltr'>αἱ</span> <span class='ocrx_word' id='word_1_70' title='bbox 839 1073 946 1123; x_wconf 82' lang='grc' dir='ltr'>τῶν</span> <span class='ocrx_word' id='word_1_71' title='bbox 993 1069 1111 1125; x_wconf 79' lang='grc' dir='ltr'>νυνὶ</span> <span class='ocrx_word' id='word_1_72' title='bbox 1158 1071 1248 1125; x_wconf 81' lang='grc' dir='ltr'>καὶ</span> <span class='ocrx_word' id='word_1_73' title='bbox 1288 1075 1395 1126; x_wconf 83' lang='grc' dir='ltr'>τῶν</span> <span class='ocrx_word' id='word_1_74' title='bbox 1424 1071 1648 1125; x_wconf 84' lang='grc' dir='ltr'>πώποτε</span> <span class='ocrx_word' id='word_1_75' title='bbox 1675 1089 1832 1146; x_wconf 83' lang='grc' dir='ltr'>γενο-</span> 
     </span>
    </p>
   </div>
   <div class='ocr_carea' id='block_1_12' title="bbox 180 1153 1826 1235">
    <p class='ocr_par' dir='ltr' id='par_1_12' title="bbox 180 1153 1826 1235">
     <span class='ocr_line' id='line_1_12' title="bbox 180 1153 1826 1235; baseline 0.007 -28"><span class='ocrx_word' id='word_1_76' title='bbox 180 1153 359 1226; x_wconf 78' lang='grc' dir='ltr'>μὲνων</span> <span class='ocrx_word' id='word_1_77' title='bbox 414 1154 714 1232; x_wconf 82' lang='grc' dir='ltr'>ἀνθρώπων</span> <span class='ocrx_word' id='word_1_78' title='bbox 770 1154 1016 1234; x_wconf 81' lang='grc' dir='ltr'>γλῶσσαι</span> <span class='ocrx_word' id='word_1_79' title='bbox 1073 1154 1126 1213; x_wconf 71' lang='grc' dir='ltr'>ἓν</span> <span class='ocrx_word' id='word_1_80' title='bbox 1184 1160 1459 1234; x_wconf 67' lang='grc' dir='ltr'>γένωνται,</span> <span class='ocrx_word' id='word_1_81' title='bbox 1520 1159 1647 1215; x_wconf 84' lang='grc' dir='ltr'>Θεὸν</span> <span class='ocrx_word' id='word_1_82' title='bbox 1704 1158 1826 1235; x_wconf 58' lang='grc' dir='ltr'>γάρ,</span> 
     </span>
    </p>
   </div>
   <div class='ocr_carea' id='block_1_13' title="bbox 173 1243 1830 1323">
    <p class='ocr_par' dir='ltr' id='par_1_13' title="bbox 173 1243 1830 1323">
     <span class='ocr_line' id='line_1_13' title="bbox 173 1243 1830 1323; baseline 0.002 -25"><span class='ocrx_word' id='word_1_83' title='bbox 173 1244 340 1320; x_wconf 66' lang='grc' dir='ltr'>φησὶν</span> <span class='ocrx_word' id='word_1_84' title='bbox 375 1244 403 1298; x_wconf 98' lang='lat'>6</span> <span class='ocrx_word' id='word_1_85' title='bbox 436 1243 833 1320; x_wconf 77' lang='grc' dir='ltr'>εὐαγγελιστὴς</span> <span class='ocrx_word' id='word_1_86' title='bbox 857 1247 945 1301; x_wconf 83' lang='grc' dir='ltr'>καὶ</span> <span class='ocrx_word' id='word_1_87' title='bbox 969 1246 1230 1323; x_wconf 81' lang='grc' dir='ltr'>Θεολόγος</span> <span class='ocrx_word' id='word_1_88' title='bbox 1256 1252 1388 1322; x_wconf 85' lang='lat'>(36),</span> <span class='ocrx_word' id='word_1_89' title='bbox 1424 1246 1604 1309; x_wconf 75' lang='grc' dir='ltr'>οὐδεὶς</span> <span class='ocrx_word' id='word_1_90' title='bbox 1625 1248 1830 1321; x_wconf 72' lang='grc' dir='ltr'>ἑώρακε</span> 
     </span>
    </p>
   </div>
   <div class='ocr_carea' id='block_1_14' title="bbox 169 1332 1827 1411">
    <p class='ocr_par' dir='ltr' id='par_1_14' title="bbox 169 1332 1827 1411">
     <span class='ocr_line' id='line_1_14' title="bbox 169 1332 1827 1411; baseline 0.002 -24"><span class='ocrx_word' id='word_1_91' title='bbox 169 1332 417 1389; x_wconf 83' lang='grc' dir='ltr'>πώποτε·</span> <span class='ocrx_word' id='word_1_92' title='bbox 446 1333 474 1388; x_wconf 90' lang='lat'>6</span> <span class='ocrx_word' id='word_1_93' title='bbox 509 1337 811 1411; x_wconf 71' lang='grc' dir='ltr'>μονογενὴς</span> <span class='ocrx_word' id='word_1_94' title='bbox 847 1336 993 1407; x_wconf 72' lang='grc' dir='ltr'>Υἱὸς,</span> <span class='ocrx_word' id='word_1_95' title='bbox 1054 1338 1080 1392; x_wconf 92' lang='lat'>6</span> <span class='ocrx_word' id='word_1_96' title='bbox 1142 1333 1215 1391; x_wconf 80' lang='grc' dir='ltr'>ὥν</span> <span class='ocrx_word' id='word_1_97' title='bbox 1270 1337 1346 1400; x_wconf 77' lang='grc' dir='ltr'>εἷς</span> <span class='ocrx_word' id='word_1_98' title='bbox 1375 1338 1466 1393; x_wconf 84' lang='grc' dir='ltr'>τὸν</span> <span class='ocrx_word' id='word_1_99' title='bbox 1493 1335 1704 1393; x_wconf 82' lang='grc' dir='ltr'>κόλπον</span> <span class='ocrx_word' id='word_1_100' title='bbox 1730 1340 1827 1391; x_wconf 75' lang='grc' dir='ltr'>τοῦ</span> 
     </span>
    </p>
   </div>
   <div class='ocr_carea' id='block_1_15' title="bbox 170 1422 1825 1502">
    <p class='ocr_par' dir='ltr' id='par_1_15' title="bbox 170 1422 1825 1502">
     <span class='ocr_line' id='line_1_15' title="bbox 170 1422 1825 1502; baseline 0.002 -27"><span class='ocrx_word' id='word_1_101' title='bbox 170 1423 411 1496; x_wconf 84' lang='grc' dir='ltr'>Πατρὸς,</span> <span class='ocrx_word' id='word_1_102' title='bbox 468 1422 671 1486; x_wconf 78' lang='grc' dir='ltr'>ἐκεῖνος</span> <span class='ocrx_word' id='word_1_103' title='bbox 727 1424 1046 1502; x_wconf 71' lang='grc' dir='ltr'>ἐξηγήσατο.</span> <span class='ocrx_word' id='word_1_104' title='bbox 1124 1428 1234 1483; x_wconf 75' lang='grc' dir='ltr'>Τοῦ</span> <span class='ocrx_word' id='word_1_105' title='bbox 1314 1423 1369 1482; x_wconf 72' lang='grc' dir='ltr'>δὲ</span> <span class='ocrx_word' id='word_1_106' title='bbox 1443 1425 1679 1502; x_wconf 79' lang='grc' dir='ltr'>ἀοράτου</span> <span class='ocrx_word' id='word_1_107' title='bbox 1735 1425 1825 1480; x_wconf 80' lang='grc' dir='ltr'>καὶ</span> 
     </span>
    </p>
   </div>
   <div class='ocr_carea' id='block_1_16' title="bbox 166 1510 1823 1591">
    <p class='ocr_par' dir='ltr' id='par_1_16' title="bbox 166 1510 1823 1591">
     <span class='ocr_line' id='line_1_16' title="bbox 166 1510 1823 1591; baseline 0.001 -25"><span class='ocrx_word' id='word_1_108' title='bbox 166 1510 540 1586; x_wconf 80' lang='grc' dir='ltr'>ὑπεραπείρου</span> <span class='ocrx_word' id='word_1_109' title='bbox 597 1514 696 1583; x_wconf 75' lang='grc' dir='ltr'>τὴν</span> <span class='ocrx_word' id='word_1_110' title='bbox 759 1510 914 1587; x_wconf 78' lang='grc' dir='ltr'>δόξαν</span> <span class='ocrx_word' id='word_1_111' title='bbox 970 1515 1058 1570; x_wconf 75' lang='grc' dir='ltr'>καὶ</span> <span class='ocrx_word' id='word_1_112' title='bbox 1135 1517 1234 1585; x_wconf 82' lang='grc' dir='ltr'>τήν</span> <span class='ocrx_word' id='word_1_113' title='bbox 1284 1515 1681 1591; x_wconf 82' lang='grc' dir='ltr'>μεγαλωσύνην</span> <span class='ocrx_word' id='word_1_114' title='bbox 1740 1514 1823 1576; x_wconf 73' lang='grc' dir='ltr'>τίς</span> 
     </span>
    </p>
   </div>
   <div class='ocr_carea' id='block_1_17' title="bbox 163 1597 1823 1679">
    <p class='ocr_par' dir='ltr' id='par_1_17' title="bbox 163 1597 1823 1679">
     <span class='ocr_line' id='line_1_17' title="bbox 163 1597 1823 1679; baseline 0.002 -26"><span class='ocrx_word' id='word_1_115' title='bbox 163 1597 391 1675; x_wconf 72' lang='grc' dir='ltr'>ἰσχύσει</span> <span class='ocrx_word' id='word_1_116' title='bbox 450 1605 597 1661; x_wconf 69' lang='grc'>145</span> <span class='ocrx_word' id='word_1_117' title='bbox 658 1607 902 1679; x_wconf 79' lang='grc' dir='ltr'>γηγενῶν</span> <span class='ocrx_word' id='word_1_118' title='bbox 952 1600 1377 1676; x_wconf 71' lang='grc' dir='ltr'>καταλαϐέσθαι,</span> <span class='ocrx_word' id='word_1_119' title='bbox 1439 1605 1485 1660; x_wconf 78' lang='grc' dir='ltr'>εἷ</span> <span class='ocrx_word' id='word_1_120' title='bbox 1548 1606 1623 1679; x_wconf 85' lang='grc' dir='ltr'>μή</span> <span class='ocrx_word' id='word_1_121' title='bbox 1674 1606 1719 1677; x_wconf 83' lang='grc' dir='ltr'>ᾦ</span> <span class='ocrx_word' id='word_1_122' title='bbox 1760 1602 1823 1658; x_wconf 74' lang='grc' dir='ltr'>ἂν</span> 
     </span>
    </p>
   </div>
   <div class='ocr_carea' id='block_1_18' title="bbox 160 1688 1820 1770">
    <p class='ocr_par' dir='ltr' id='par_1_18' title="bbox 160 1688 1820 1770">
     <span class='ocr_line' id='line_1_18' title="bbox 160 1688 1820 1770; baseline 0.003 -27"><span class='ocrx_word' id='word_1_123' title='bbox 160 1688 330 1751; x_wconf 73' lang='grc' dir='ltr'>αὐτὸς</span> <span class='ocrx_word' id='word_1_124' title='bbox 390 1689 719 1767; x_wconf 76' lang='grc' dir='ltr'>ἀποκαλύψῃ</span> <span class='ocrx_word' id='word_1_125' title='bbox 773 1694 892 1747; x_wconf 77' lang='grc' dir='ltr'>καθ’</span> <span class='ocrx_word' id='word_1_126' title='bbox 951 1694 1078 1749; x_wconf 81' lang='grc' dir='ltr'>ὅσον</span> <span class='ocrx_word' id='word_1_127' title='bbox 1144 1692 1424 1770; x_wconf 83' lang='grc' dir='ltr'>βούλεται,</span> <span class='ocrx_word' id='word_1_128' title='bbox 1484 1696 1663 1770; x_wconf 82' lang='grc' dir='ltr'>ὥσπερ</span> <span class='ocrx_word' id='word_1_129' title='bbox 1703 1698 1820 1755; x_wconf 81' lang='grc' dir='ltr'>τοῖς</span> 
     </span>
    </p>
   </div>
   <div class='ocr_carea' id='block_1_19' title="bbox 161 1780 1820 1858">
    <p class='ocr_par' dir='ltr' id='par_1_19' title="bbox 161 1780 1820 1858">
     <span class='ocr_line' id='line_1_19' title="bbox 161 1780 1820 1858; baseline 0.002 -25"><span class='ocrx_word' id='word_1_130' title='bbox 161 1780 480 1854; x_wconf 71' lang='grc' dir='ltr'>προφήταις</span> <span class='ocrx_word' id='word_1_131' title='bbox 503 1780 667 1836; x_wconf 75' lang='grc' dir='ltr'>αὐτοῦ</span> <span class='ocrx_word' id='word_1_132' title='bbox 697 1780 787 1836; x_wconf 81' lang='grc' dir='ltr'>καὶ</span> <span class='ocrx_word' id='word_1_133' title='bbox 820 1782 1153 1847; x_wconf 79' lang='grc' dir='ltr'>ἆποστόΛοις</span> <span class='ocrx_word' id='word_1_134' title='bbox 1200 1784 1540 1858; x_wconf 76' lang='grc' dir='ltr'>ἀπεκάλυψεν</span> <span class='ocrx_word' id='word_1_135' title='bbox 1568 1803 1582 1853; x_wconf 86' lang='grc'><strong>;</strong></span> <span class='ocrx_word' id='word_1_136' title='bbox 1626 1784 1820 1855; x_wconf 82' lang='grc' dir='ltr'>Ἡμεῖς</span> 
     </span>
    </p>
   </div>
   <div class='ocr_carea' id='block_1_20' title="bbox 1944 619 3372 695">
    <p class='ocr_par' dir='ltr' id='par_1_20' title="bbox 1944 619 3372 695">
     <span class='ocr_line' id='line_1_20' title="bbox 1944 619 3372 695; baseline -0.001 -17"><span class='ocrx_word' id='word_1_137' title='bbox 1944 624 2129 695; x_wconf 84' lang='lat' dir='ltr'>ipsius</span> <span class='ocrx_word' id='word_1_138' title='bbox 2159 622 2438 695; x_wconf 68' lang='lat' dir='ltr'>potentia:</span> <span class='ocrx_word' id='word_1_139' title='bbox 2470 620 2885 679; x_wconf 76' lang='lat' dir='ltr'>excellentiam</span> <span class='ocrx_word' id='word_1_140' title='bbox 2911 622 3056 678; x_wconf 90' lang='lat' dir='ltr'>mihi</span> <span class='ocrx_word' id='word_1_141' title='bbox 3086 619 3372 678; x_wconf 84' lang='lat' dir='ltr'>declares.</span> 
     </span>
    </p>
   </div>
   <div class='ocr_carea' id='block_1_21' title="bbox 2015 712 3589 787">
    <p class='ocr_par' dir='ltr' id='par_1_21' title="bbox 2015 712 3589 787">
     <span class='ocr_line' id='line_1_21' title="bbox 2015 712 3589 787; baseline 0.001 -19"><span class='ocrx_word' id='word_1_142' title='bbox 2015 714 2172 768; x_wconf 81' lang='lat' dir='ltr'>Dixit</span> <span class='ocrx_word' id='word_1_143' title='bbox 2200 718 2398 769; x_wconf 88' lang='lat' dir='ltr'>autem</span> <span class='ocrx_word' id='word_1_144' title='bbox 2437 712 2510 768; x_wconf 88' lang='lat' dir='ltr'>ad</span> <span class='ocrx_word' id='word_1_145' title='bbox 2560 713 2753 786; x_wconf 90' lang='lat' dir='ltr'>ipsum</span> <span class='ocrx_word' id='word_1_146' title='bbox 2784 712 3089 769; x_wconf 87' lang='lat' dir='ltr'>Barlaam:</span> <span class='ocrx_word' id='word_1_147' title='bbox 3122 714 3307 769; x_wconf 87' lang='lat' dir='ltr'>Deum</span> <span class='ocrx_word' id='word_1_148' title='bbox 3341 713 3589 787; x_wconf 80' lang='lat' dir='ltr'>supplex</span> 
     </span>
    </p>
   </div>
   <div class='ocr_carea' id='block_1_22' title="bbox 1941 802 3590 876">
    <p class='ocr_par' dir='ltr' id='par_1_22' title="bbox 1941 802 3590 876">
     <span class='ocr_line' id='line_1_22' title="bbox 1941 802 3590 876; baseline 0.001 -18"><span class='ocrx_word' id='word_1_149' title='bbox 1941 820 2079 876; x_wconf 89' lang='lat' dir='ltr'>rogo</span> <span class='ocrx_word' id='word_1_150' title='bbox 2112 809 2177 858; x_wconf 91' lang='lat' dir='ltr'>ut</span> <span class='ocrx_word' id='word_1_151' title='bbox 2201 804 2328 859; x_wconf 68' lang='lat' dir='ltr'>haec</span> <span class='ocrx_word' id='word_1_152' title='bbox 2360 808 2415 858; x_wconf 88' lang='lat' dir='ltr'>te</span> <span class='ocrx_word' id='word_1_153' title='bbox 2439 802 2667 871; x_wconf 83' lang='lat' dir='ltr'>doceat,</span> <span class='ocrx_word' id='word_1_154' title='bbox 2690 808 2867 875; x_wconf 88' lang='lat' dir='ltr'>atque</span> <span class='ocrx_word' id='word_1_155' title='bbox 2889 802 3235 876; x_wconf 87' lang='lat' dir='ltr'>hujusmodi</span> <span class='ocrx_word' id='word_1_156' title='bbox 3266 819 3467 860; x_wconf 89' lang='lat' dir='ltr'>rerum</span> <span class='ocrx_word' id='word_1_157' title='bbox 3490 822 3590 860; x_wconf 85' lang='lat' dir='ltr'>co-</span> 
     </span>
    </p>
   </div>
   <div class='ocr_carea' id='block_1_23' title="bbox 1939 892 3589 967">
    <p class='ocr_par' dir='ltr' id='par_1_23' title="bbox 1939 892 3589 967">
     <span class='ocr_line' id='line_1_23' title="bbox 1939 892 3589 967; baseline 0.003 -22"><span class='ocrx_word' id='word_1_158' title='bbox 1939 892 2264 964; x_wconf 85' lang='lat' dir='ltr'>gnitionem</span> <span class='ocrx_word' id='word_1_159' title='bbox 2297 892 2497 948; x_wconf 91' lang='lat' dir='ltr'>animo</span> <span class='ocrx_word' id='word_1_160' title='bbox 2524 897 2622 948; x_wconf 89' lang='lat' dir='ltr'>tuo</span> <span class='ocrx_word' id='word_1_161' title='bbox 2646 892 2889 949; x_wconf 85' lang='lat' dir='ltr'>inserat.</span> <span class='ocrx_word' id='word_1_162' title='bbox 2914 892 3405 965; x_wconf 84' lang='lat' dir='ltr'>Quandoquidem</span> <span class='ocrx_word' id='word_1_163' title='bbox 3432 893 3589 967; x_wconf 89' lang='lat' dir='ltr'>apud</span> 
     </span>
    </p>
   </div>
   <div class='ocr_carea' id='block_1_24' title="bbox 1940 982 3587 1056">
    <p class='ocr_par' dir='ltr' id='par_1_24' title="bbox 1940 982 3587 1056">
     <span class='ocr_line' id='line_1_24' title="bbox 1940 982 3587 1056; baseline 0.003 -20"><span class='ocrx_word' id='word_1_164' title='bbox 1940 982 2214 1039; x_wconf 86' lang='lat' dir='ltr'>homines</span> <span class='ocrx_word' id='word_1_165' title='bbox 2238 983 2425 1055; x_wconf 87' lang='lat' dir='ltr'>ipsius</span> <span class='ocrx_word' id='word_1_166' title='bbox 2445 982 2633 1056; x_wconf 91' lang='lat' dir='ltr'>gloria</span> <span class='ocrx_word' id='word_1_167' title='bbox 2654 1000 2720 1038; x_wconf 89' lang='lat' dir='ltr'>ac</span> <span class='ocrx_word' id='word_1_168' title='bbox 2744 984 3009 1055; x_wconf 87' lang='lat' dir='ltr'>potentia</span> <span class='ocrx_word' id='word_1_169' title='bbox 3039 984 3205 1039; x_wconf 91' lang='lat' dir='ltr'>nullo</span> <span class='ocrx_word' id='word_1_170' title='bbox 3229 984 3403 1040; x_wconf 91' lang='lat' dir='ltr'>modo</span> <span class='ocrx_word' id='word_1_171' title='bbox 3425 1003 3587 1041; x_wconf 81' lang='lat' dir='ltr'>com-</span> 
     </span>
    </p>
   </div>
   <div class='ocr_carea' id='block_1_25' title="bbox 1938 1072 3587 1144">
    <p class='ocr_par' dir='ltr' id='par_1_25' title="bbox 1938 1072 3587 1144">
     <span class='ocr_line' id='line_1_25' title="bbox 1938 1072 3587 1144; baseline 0.003 -19"><span class='ocrx_word' id='word_1_172' title='bbox 1938 1072 2256 1127; x_wconf 90' lang='lat' dir='ltr'>memorari</span> <span class='ocrx_word' id='word_1_173' title='bbox 2273 1073 2759 1144; x_wconf 85' lang='lat' dir='ltr'>potest,quamvis</span> <span class='ocrx_word' id='word_1_174' title='bbox 2784 1073 2958 1128; x_wconf 91' lang='lat' dir='ltr'>etiam</span> <span class='ocrx_word' id='word_1_175' title='bbox 2979 1090 3185 1129; x_wconf 88' lang='lat' dir='ltr'>omnes</span> <span class='ocrx_word' id='word_1_176' title='bbox 3200 1075 3466 1130; x_wconf 89' lang='lat' dir='ltr'>omnium</span> <span class='ocrx_word' id='word_1_177' title='bbox 3486 1075 3587 1131; x_wconf 82' lang='lat' dir='ltr'>ho-</span> 
     </span>
    </p>
   </div>
   <div class='ocr_carea' id='block_1_26' title="bbox 1936 1160 3586 1234">
    <p class='ocr_par' dir='ltr' id='par_1_26' title="bbox 1936 1160 3586 1234">
     <span class='ocr_line' id='line_1_26' title="bbox 1936 1160 3586 1234; baseline 0.003 -19"><span class='ocrx_word' id='word_1_178' title='bbox 1936 1160 2319 1225; x_wconf 89' lang='lat' dir='ltr'>minum,tam</span> <span class='ocrx_word' id='word_1_179' title='bbox 2341 1162 2441 1233; x_wconf 90' lang='lat' dir='ltr'>qui</span> <span class='ocrx_word' id='word_1_180' title='bbox 2466 1178 2623 1217; x_wconf 90' lang='lat' dir='ltr'>nunc</span> <span class='ocrx_word' id='word_1_181' title='bbox 2651 1168 2790 1218; x_wconf 90' lang='lat' dir='ltr'>sunt</span> <span class='ocrx_word' id='word_1_182' title='bbox 2806 1180 2983 1233; x_wconf 88' lang='lat' dir='ltr'>quam</span> <span class='ocrx_word' id='word_1_183' title='bbox 3002 1163 3100 1234; x_wconf 88' lang='lat' dir='ltr'>qui</span> <span class='ocrx_word' id='word_1_184' title='bbox 3120 1162 3442 1234; x_wconf 87' lang='lat' dir='ltr'>aliquando</span> <span class='ocrx_word' id='word_1_185' title='bbox 3465 1164 3586 1220; x_wconf 82' lang='lat' dir='ltr'>fue-</span> 
     </span>
    </p>
   </div>
   <div class='ocr_carea' id='block_1_27' title="bbox 1937 1250 3583 1325">
    <p class='ocr_par' dir='ltr' id='par_1_27' title="bbox 1937 1250 3583 1325">
     <span class='ocr_line' id='line_1_27' title="bbox 1937 1250 3583 1325; baseline 0.003 -21"><span class='ocrx_word' id='word_1_186' title='bbox 1937 1257 2095 1315; x_wconf 90' lang='lat' dir='ltr'>runt,</span> <span class='ocrx_word' id='word_1_187' title='bbox 2127 1250 2343 1323; x_wconf 74' lang='lat' dir='ltr'>linguaa</span> <span class='ocrx_word' id='word_1_188' title='bbox 2376 1251 2438 1306; x_wconf 92' lang='lat' dir='ltr'>in</span> <span class='ocrx_word' id='word_1_189' title='bbox 2470 1268 2655 1307; x_wconf 90' lang='lat' dir='ltr'>unum</span> <span class='ocrx_word' id='word_1_190' title='bbox 2688 1258 2917 1308; x_wconf 90' lang='lat' dir='ltr'>coeant.</span> <span class='ocrx_word' id='word_1_191' title='bbox 2952 1252 3137 1308; x_wconf 91' lang='lat' dir='ltr'>Deum</span> <span class='ocrx_word' id='word_1_192' title='bbox 3172 1254 3351 1323; x_wconf 86' lang='lat' dir='ltr'>enim,</span> <span class='ocrx_word' id='word_1_193' title='bbox 3385 1251 3583 1325; x_wconf 89' lang='lat' dir='ltr'>inquit</span> 
     </span>
    </p>
   </div>
   <div class='ocr_carea' id='block_1_28' title="bbox 1936 1339 3578 1416">
    <p class='ocr_par' dir='ltr' id='par_1_28' title="bbox 1936 1339 3578 1416">
     <span class='ocr_line' id='line_1_28' title="bbox 1936 1339 3578 1416; baseline 0.004 -22"><span class='ocrx_word' id='word_1_194' title='bbox 1936 1339 2293 1413; x_wconf 79' lang='lat' dir='ltr'>evangelista</span> <span class='ocrx_word' id='word_1_195' title='bbox 2306 1346 2365 1394; x_wconf 88' lang='lat' dir='ltr'>et</span> <span class='ocrx_word' id='word_1_196' title='bbox 2382 1341 3121 1415; x_wconf 79' lang='lat' dir='ltr'>theologus(Joan.1).nemo</span> <span class='ocrx_word' id='word_1_197' title='bbox 3135 1343 3578 1416; x_wconf 86' lang='lat' dir='ltr'>viditunquam.</span> 
     </span>
    </p>
   </div>
   <div class='ocr_carea' id='block_1_29' title="bbox 1937 1428 3581 1504">
    <p class='ocr_par' dir='ltr' id='par_1_29' title="bbox 1937 1428 3581 1504">
     <span class='ocr_line' id='line_1_29' title="bbox 1937 1428 3581 1504; baseline 0.006 -23"><span class='ocrx_word' id='word_1_198' title='bbox 1937 1428 2285 1501; x_wconf 88' lang='lat' dir='ltr'>Unigenitus</span> <span class='ocrx_word' id='word_1_199' title='bbox 2307 1428 2509 1497; x_wconf 90' lang='lat' dir='ltr'>Filius,</span> <span class='ocrx_word' id='word_1_200' title='bbox 2537 1431 2635 1500; x_wconf 89' lang='lat' dir='ltr'>qui</span> <span class='ocrx_word' id='word_1_201' title='bbox 2661 1430 2832 1485; x_wconf 88' lang='lat' dir='ltr'>estin</span> <span class='ocrx_word' id='word_1_202' title='bbox 2861 1431 2996 1486; x_wconf 89' lang='lat' dir='ltr'>sinu</span> <span class='ocrx_word' id='word_1_203' title='bbox 3014 1433 3227 1497; x_wconf 81' lang='lat' dir='ltr'>Patris,</span> <span class='ocrx_word' id='word_1_204' title='bbox 3251 1433 3377 1504; x_wconf 89' lang='lat' dir='ltr'>ipse</span> <span class='ocrx_word' id='word_1_205' title='bbox 3409 1452 3581 1491; x_wconf 86' lang='lat' dir='ltr'>enar-</span> 
     </span>
    </p>
   </div>
   <div class='ocr_carea' id='block_1_30' title="bbox 1933 1517 3578 1595">
    <p class='ocr_par' dir='ltr' id='par_1_30' title="bbox 1933 1517 3578 1595">
     <span class='ocr_line' id='line_1_30' title="bbox 1933 1517 3578 1595; baseline 0.005 -24"><span class='ocrx_word' id='word_1_206' title='bbox 1933 1517 2248 1588; x_wconf 83' lang='lat' dir='ltr'>ravit.Ejus</span> <span class='ocrx_word' id='word_1_207' title='bbox 2269 1534 2445 1589; x_wconf 91' lang='lat' dir='ltr'>porro</span> <span class='ocrx_word' id='word_1_208' title='bbox 2468 1518 2568 1588; x_wconf 89' lang='lat' dir='ltr'>qui</span> <span class='ocrx_word' id='word_1_209' title='bbox 2593 1519 2899 1574; x_wconf 90' lang='lat' dir='ltr'>oculorum</span> <span class='ocrx_word' id='word_1_210' title='bbox 2923 1519 3194 1576; x_wconf 89' lang='lat' dir='ltr'>obtutum</span> <span class='ocrx_word' id='word_1_211' title='bbox 3226 1521 3578 1595; x_wconf 81' lang='lat' dir='ltr'>fugit,atque</span> 
     </span>
    </p>
   </div>
   <div class='ocr_carea' id='block_1_31' title="bbox 1934 1605 3578 1680">
    <p class='ocr_par' dir='ltr' id='par_1_31' title="bbox 1934 1605 3578 1680">
     <span class='ocr_line' id='line_1_31' title="bbox 1934 1605 3578 1680; baseline 0.005 -21"><span class='ocrx_word' id='word_1_212' title='bbox 1934 1605 2263 1661; x_wconf 88' lang='lat' dir='ltr'>immensus</span> <span class='ocrx_word' id='word_1_213' title='bbox 2295 1612 2403 1661; x_wconf 79' lang='lat' dir='ltr'>est.</span> <span class='ocrx_word' id='word_1_214' title='bbox 2425 1607 2674 1678; x_wconf 79' lang='lat' dir='ltr'>gloriam</span> <span class='ocrx_word' id='word_1_215' title='bbox 2698 1612 2757 1662; x_wconf 92' lang='lat' dir='ltr'>et</span> <span class='ocrx_word' id='word_1_216' title='bbox 2776 1608 3314 1680; x_wconf 81' lang='lat' dir='ltr'>majestatem,quis</span> <span class='ocrx_word' id='word_1_217' title='bbox 3339 1611 3578 1667; x_wconf 86' lang='lat' dir='ltr'>tandem</span> 
     </span>
    </p>
   </div>
   <div class='ocr_carea' id='block_1_32' title="bbox 1931 1695 3576 1770">
    <p class='ocr_par' dir='ltr' id='par_1_32' title="bbox 1931 1695 3576 1770">
     <span class='ocr_line' id='line_1_32' title="bbox 1931 1695 3576 1770; baseline 0.004 -22"><span class='ocrx_word' id='word_1_218' title='bbox 1931 1711 2137 1750; x_wconf 92' lang='lat' dir='ltr'>eorum</span> <span class='ocrx_word' id='word_1_219' title='bbox 2187 1695 2287 1767; x_wconf 90' lang='lat' dir='ltr'>qui</span> <span class='ocrx_word' id='word_1_220' title='bbox 2320 1712 2349 1749; x_wconf 92' lang='lat' dir='ltr'>e</span> <span class='ocrx_word' id='word_1_221' title='bbox 2383 1701 2539 1750; x_wconf 89' lang='lat' dir='ltr'>terra</span> <span class='ocrx_word' id='word_1_222' title='bbox 2585 1697 2846 1751; x_wconf 82' lang='lat' dir='ltr'>concreti</span> <span class='ocrx_word' id='word_1_223' title='bbox 2895 1703 3052 1766; x_wconf 88' lang='lat' dir='ltr'>sunt,</span> <span class='ocrx_word' id='word_1_224' title='bbox 3086 1698 3576 1770; x_wconf 86' lang='lat' dir='ltr'>comprehensam</span> 
     </span>
    </p>
   </div>
   <div class='ocr_carea' id='block_1_33' title="bbox 1930 1783 3574 1859">
    <p class='ocr_par' dir='ltr' id='par_1_33' title="bbox 1930 1783 3574 1859">
     <span class='ocr_line' id='line_1_33' title="bbox 1930 1783 3574 1859; baseline 0.003 -21"><span class='ocrx_word' id='word_1_225' title='bbox 1930 1783 2148 1839; x_wconf 90' lang='lat' dir='ltr'>habere</span> <span class='ocrx_word' id='word_1_226' title='bbox 2173 1785 2491 1855; x_wconf 87' lang='lat' dir='ltr'>queat,nisi</span> <span class='ocrx_word' id='word_1_227' title='bbox 2514 1785 2639 1857; x_wconf 89' lang='lat' dir='ltr'>ipse</span> <span class='ocrx_word' id='word_1_228' title='bbox 2662 1785 2949 1841; x_wconf 87' lang='lat' dir='ltr'>arbitratu</span> <span class='ocrx_word' id='word_1_229' title='bbox 2977 1803 3082 1841; x_wconf 90' lang='lat' dir='ltr'>suo</span> <span class='ocrx_word' id='word_1_230' title='bbox 3114 1803 3243 1843; x_wconf 90' lang='lat' dir='ltr'>eam</span> <span class='ocrx_word' id='word_1_231' title='bbox 3276 1787 3574 1859; x_wconf 86' lang='lat' dir='ltr'>patefece-</span> 
     </span>
    </p>
   </div>
   <div class='ocr_carea' id='block_1_34' title="bbox 163 1865 1825 1978">
    <p class='ocr_par' dir='ltr' id='par_1_34' title="bbox 163 1865 1819 1978">
     <span class='ocr_line' id='line_1_34' title="bbox 163 1865 1819 1945; baseline 0.002 -22"><span class='ocrx_word' id='word_1_232' title='bbox 163 1865 223 1923; x_wconf 77' lang='grc' dir='ltr'>δὶ</span> <span class='ocrx_word' id='word_1_233' title='bbox 256 1865 319 1923; x_wconf 69' lang='grc' dir='ltr'>ἐκ</span> <span class='ocrx_word' id='word_1_234' title='bbox 348 1872 445 1923; x_wconf 81' lang='grc' dir='ltr'>τοῦ</span> <span class='ocrx_word' id='word_1_235' title='bbox 495 1868 847 1945; x_wconf 79' lang='grc' dir='ltr'>κηρύγματος</span> <span class='ocrx_word' id='word_1_236' title='bbox 906 1870 1079 1927; x_wconf 77' lang='grc' dir='ltr'>αὐτῶν</span> <span class='ocrx_word' id='word_1_237' title='bbox 1142 1872 1231 1928; x_wconf 85' lang='grc' dir='ltr'>καὶ</span> <span class='ocrx_word' id='word_1_238' title='bbox 1292 1873 1344 1944; x_wconf 82' lang='grc' dir='ltr'>ἐξ</span> <span class='ocrx_word' id='word_1_239' title='bbox 1389 1872 1555 1943; x_wconf 76' lang='grc' dir='ltr'>αὐτῆς</span> <span class='ocrx_word' id='word_1_240' title='bbox 1583 1879 1683 1942; x_wconf 83' lang='grc' dir='ltr'>τῆς</span> <span class='ocrx_word' id='word_1_241' title='bbox 1713 1877 1819 1927; x_wconf 73' lang='grc' dir='ltr'>τῶν</span> 
     </span>
     <span class='ocr_line' id='line_1_35' title="bbox 378 1958 1784 1978; baseline 0 0"><span class='ocrx_word' id='word_1_242' title='bbox 378 1959 397 1975; x_wconf 52' lang='grc' dir='ltr'><em>ν’</em></span> <span class='ocrx_word' id='word_1_243' title='bbox 593 1958 608 1978; x_wconf 79' lang='grc' dir='ltr'><strong><em>Ι</em></strong></span> <span class='ocrx_word' id='word_1_244' title='bbox 1045 1962 1060 1978; x_wconf 72' lang='lat'><strong>|</strong></span> <span class='ocrx_word' id='word_1_245' title='bbox 1130 1961 1144 1978; x_wconf 61' lang='grc' dir='ltr'><strong>Ω</strong></span> <span class='ocrx_word' id='word_1_246' title='bbox 1353 1967 1379 1978; x_wconf 63' lang='grc' dir='ltr'>υ</span> <span class='ocrx_word' id='word_1_247' title='bbox 1453 1965 1467 1978; x_wconf 78' lang='grc' dir='ltr'>ο</span> <span class='ocrx_word' id='word_1_248' title='bbox 1527 1968 1551 1978; x_wconf 64' lang='grc' dir='ltr'>αι</span> <span class='ocrx_word' id='word_1_249' title='bbox 1731 1973 1745 1978; x_wconf 76' lang='lat'><em>_</em></span> <span class='ocrx_word' id='word_1_250' title='bbox 1774 1963 1784 1978; x_wconf 68' lang='grc' dir='ltr'><em>ο</em></span> 
     </span>
    </p>
   </div>
   <div class='ocr_carea' id='block_1_35' title="bbox 1938 1865 3574 1978">
    <p class='ocr_par' dir='ltr' id='par_1_35' title="bbox 1938 1874 3574 1949">
     <span class='ocr_line' id='line_1_36' title="bbox 1938 1874 3574 1949; baseline 0.004 -23"><span class='ocrx_word' id='word_1_251' title='bbox 1938 1874 2024 1939; x_wconf 81' lang='lat' dir='ltr'>rit,</span> <span class='ocrx_word' id='word_1_252' title='bbox 2060 1874 2559 1945; x_wconf 83' lang='lat' dir='ltr'>quemadmodum</span> <span class='ocrx_word' id='word_1_253' title='bbox 2593 1874 2820 1930; x_wconf 87' lang='lat' dir='ltr'>scilicet</span> <span class='ocrx_word' id='word_1_254' title='bbox 2848 1876 3155 1947; x_wconf 89' lang='lat' dir='ltr'>prophetis</span> <span class='ocrx_word' id='word_1_255' title='bbox 3185 1877 3308 1931; x_wconf 85' lang='lat' dir='ltr'>suis</span> <span class='ocrx_word' id='word_1_256' title='bbox 3339 1882 3397 1932; x_wconf 93' lang='lat' dir='ltr'>et</span> <span class='ocrx_word' id='word_1_257' title='bbox 3425 1893 3574 1949; x_wconf 89' lang='lat' dir='ltr'>apo-</span> 
     </span>
    </p>
   </div>
   <div class='ocr_carea' id='block_1_36' title="bbox 161 1958 1819 2039">
    <p class='ocr_par' dir='ltr' id='par_1_36' title="bbox 161 1958 1819 2039">
     <span class='ocr_line' id='line_1_37' title="bbox 161 1958 1819 2039; baseline 0.002 -26"><span class='ocrx_word' id='word_1_258' title='bbox 161 1959 511 2033; x_wconf 77' lang='grc' dir='ltr'>πραγμάτων</span> <span class='ocrx_word' id='word_1_259' title='bbox 542 1958 775 2037; x_wconf 73' lang='grc' dir='ltr'>φύσεως,</span> <span class='ocrx_word' id='word_1_260' title='bbox 818 1982 953 2016; x_wconf 91' lang='grc' dir='ltr'>κατα</span> <span class='ocrx_word' id='word_1_261' title='bbox 1007 1962 1071 2017; x_wconf 85' lang='grc' dir='ltr'>τὸ</span> <span class='ocrx_word' id='word_1_262' title='bbox 1128 1961 1411 2039; x_wconf 76' lang='grc' dir='ltr'>ἐγχωροῦν</span> <span class='ocrx_word' id='word_1_263' title='bbox 1443 1965 1578 2036; x_wconf 79' lang='grc' dir='ltr'>ἡμῖν</span> <span class='ocrx_word' id='word_1_264' title='bbox 1615 1963 1819 2035; x_wconf 83' lang='grc' dir='ltr'>μανθά-</span> 
     </span>
    </p>
   </div>
   <div class='ocr_carea' id='block_1_37' title="bbox 162 2047 1821 2127">
    <p class='ocr_par' dir='ltr' id='par_1_37' title="bbox 162 2047 1821 2127">
     <span class='ocr_line' id='line_1_38' title="bbox 162 2047 1821 2127; baseline 0.001 -24"><span class='ocrx_word' id='word_1_265' title='bbox 162 2067 359 2121; x_wconf 84' lang='grc' dir='ltr'>νομεν.</span> <span class='ocrx_word' id='word_1_266' title='bbox 420 2047 576 2124; x_wconf 83' lang='grc' dir='ltr'>Λέγει</span> <span class='ocrx_word' id='word_1_267' title='bbox 632 2049 732 2126; x_wconf 79' lang='grc' dir='ltr'>γάρ</span> <span class='ocrx_word' id='word_1_268' title='bbox 790 2053 825 2119; x_wconf 75' lang='grc' dir='ltr'>ἡ</span> <span class='ocrx_word' id='word_1_269' title='bbox 886 2054 1095 2127; x_wconf 73' lang='grc' dir='ltr'>Γραφήο</span> <span class='ocrx_word' id='word_1_270' title='bbox 1165 2053 1233 2110; x_wconf 76' lang='grc' dir='ltr'>Οἱ</span> <span class='ocrx_word' id='word_1_271' title='bbox 1292 2051 1507 2127; x_wconf 75' lang='grc' dir='ltr'>οὐρανοὶ</span> <span class='ocrx_word' id='word_1_272' title='bbox 1569 2054 1681 2123; x_wconf 81' lang='grc'>(37)</span> <span class='ocrx_word' id='word_1_273' title='bbox 1739 2048 1821 2104; x_wconf 90' lang='grc' dir='ltr'>δι-</span> 
     </span>
    </p>
   </div>
   <div class='ocr_carea' id='block_1_38' title="bbox 160 2133 1821 2217">
    <p class='ocr_par' dir='ltr' id='par_1_38' title="bbox 160 2133 1821 2217">
     <span class='ocr_line' id='line_1_39' title="bbox 160 2133 1821 2217; baseline 0.003 -27"><span class='ocrx_word' id='word_1_274' title='bbox 160 2140 429 2213; x_wconf 70' lang='grc' dir='ltr'>ηγοῦνται</span> <span class='ocrx_word' id='word_1_275' title='bbox 464 2133 621 2208; x_wconf 84' lang='grc' dir='ltr'>δοξαν</span> <span class='ocrx_word' id='word_1_276' title='bbox 663 2143 819 2208; x_wconf 77' lang='grc' dir='ltr'>Θεοῦ,</span> <span class='ocrx_word' id='word_1_277' title='bbox 870 2141 1094 2210; x_wconf 78' lang='grc' dir='ltr'>ποίησιν</span> <span class='ocrx_word' id='word_1_278' title='bbox 1128 2139 1185 2196; x_wconf 72' lang='grc' dir='ltr'>δὲ</span> <span class='ocrx_word' id='word_1_279' title='bbox 1230 2146 1432 2217; x_wconf 83' lang='grc' dir='ltr'>χειρῶν</span> <span class='ocrx_word' id='word_1_280' title='bbox 1466 2141 1630 2196; x_wconf 75' lang='grc' dir='ltr'>αὐτοῦ</span> <span class='ocrx_word' id='word_1_281' title='bbox 1661 2141 1821 2216; x_wconf 81' lang='grc' dir='ltr'>ἀναγ-</span> 
     </span>
    </p>
   </div>
   <div class='ocr_carea' id='block_1_39' title="bbox 160 2224 1822 2306">
    <p class='ocr_par' dir='ltr' id='par_1_39' title="bbox 160 2224 1822 2306">
     <span class='ocr_line' id='line_1_40' title="bbox 160 2224 1822 2306; baseline 0.002 -26"><span class='ocrx_word' id='word_1_282' title='bbox 160 2224 358 2301; x_wconf 74' lang='grc' dir='ltr'>γὲλλει</span> <span class='ocrx_word' id='word_1_283' title='bbox 404 2227 467 2281; x_wconf 86' lang='grc' dir='ltr'>τὸ</span> <span class='ocrx_word' id='word_1_284' title='bbox 525 2226 826 2303; x_wconf 76' lang='grc' dir='ltr'>στερέωμα·</span> <span class='ocrx_word' id='word_1_285' title='bbox 889 2229 1012 2285; x_wconf 81' lang='grc' dir='ltr'>Καὶ’</span> <span class='ocrx_word' id='word_1_286' title='bbox 1093 2231 1175 2287; x_wconf 81' lang='grc' dir='ltr'>Τὰ</span> <span class='ocrx_word' id='word_1_287' title='bbox 1234 2229 1435 2306; x_wconf 81' lang='grc' dir='ltr'>ἀόρατοι</span> <span class='ocrx_word' id='word_1_288' title='bbox 1492 2233 1604 2305; x_wconf 88' lang='grc'>(38)</span> <span class='ocrx_word' id='word_1_289' title='bbox 1658 2229 1822 2285; x_wconf 75' lang='grc' dir='ltr'>αὐτοῦ</span> 
     </span>
    </p>
   </div>
   <div class='ocr_carea' id='block_1_40' title="bbox 161 2315 1821 2396">
    <p class='ocr_par' dir='ltr' id='par_1_40' title="bbox 161 2315 1821 2396">
     <span class='ocr_line' id='line_1_41' title="bbox 161 2315 1821 2396; baseline 0.002 -25"><span class='ocrx_word' id='word_1_290' title='bbox 161 2316 274 2371; x_wconf 74' lang='grc' dir='ltr'>ἀπὸ</span> <span class='ocrx_word' id='word_1_291' title='bbox 323 2315 549 2381; x_wconf 79' lang='grc' dir='ltr'>κτίσεως</span> <span class='ocrx_word' id='word_1_292' title='bbox 604 2317 818 2393; x_wconf 84' lang='grc' dir='ltr'>κύσμου</span> <span class='ocrx_word' id='word_1_293' title='bbox 872 2325 990 2383; x_wconf 85' lang='grc' dir='ltr'>τοῖς</span> <span class='ocrx_word' id='word_1_294' title='bbox 1043 2322 1315 2396; x_wconf 74' lang='grc' dir='ltr'>ποιήμασι</span> <span class='ocrx_word' id='word_1_295' title='bbox 1373 2320 1639 2395; x_wconf 73' lang='grc' dir='ltr'>νοούμενα</span> <span class='ocrx_word' id='word_1_296' title='bbox 1689 2330 1821 2383; x_wconf 85' lang='grc' dir='ltr'>καθ-</span> 
     </span>
    </p>
   </div>
   <div class='ocr_carea' id='block_1_41' title="bbox 157 2408 1568 2487">
    <p class='ocr_par' dir='ltr' id='par_1_41' title="bbox 157 2408 1568 2487">
     <span class='ocr_line' id='line_1_42' title="bbox 157 2408 1568 2487; baseline 0.002 -23"><span class='ocrx_word' id='word_1_297' title='bbox 157 2415 379 2484; x_wconf 75' lang='grc' dir='ltr'>ορᾶται,</span> <span class='ocrx_word' id='word_1_298' title='bbox 410 2409 445 2480; x_wconf 82' lang='grc' dir='ltr'>ἣ</span> <span class='ocrx_word' id='word_1_299' title='bbox 476 2430 534 2464; x_wconf 81' lang='grc' dir='ltr'>τε</span> <span class='ocrx_word' id='word_1_300' title='bbox 564 2408 743 2474; x_wconf 73' lang='grc' dir='ltr'>ἀΐδιος</span> <span class='ocrx_word' id='word_1_301' title='bbox 773 2411 938 2467; x_wconf 72' lang='grc' dir='ltr'>αὔτοῦ</span> <span class='ocrx_word' id='word_1_302' title='bbox 970 2408 1201 2487; x_wconf 87' lang='grc' dir='ltr'>δύναμις</span> <span class='ocrx_word' id='word_1_303' title='bbox 1228 2412 1319 2468; x_wconf 82' lang='grc' dir='ltr'>καὶ</span> <span class='ocrx_word' id='word_1_304' title='bbox 1353 2411 1568 2484; x_wconf 83' lang='grc' dir='ltr'>θεότης.</span> 
     </span>
    </p>
   </div>
   <div class='ocr_carea' id='block_1_42' title="bbox 239 2679 1822 2757">
    <p class='ocr_par' dir='ltr' id='par_1_42' title="bbox 239 2679 1822 2757">
     <span class='ocr_line' id='line_1_43' title="bbox 239 2679 1822 2757; baseline 0.001 -23"><span class='ocrx_word' id='word_1_305' title='bbox 239 2680 497 2756; x_wconf 81' lang='grc' dir='ltr'>Καθάπερ</span> <span class='ocrx_word' id='word_1_306' title='bbox 543 2679 645 2757; x_wconf 67' lang='grc' dir='ltr'>γὰρ</span> <span class='ocrx_word' id='word_1_307' title='bbox 695 2700 801 2753; x_wconf 90' lang='grc' dir='ltr'>τις,</span> <span class='ocrx_word' id='word_1_308' title='bbox 858 2681 1033 2737; x_wconf 72' lang='grc' dir='ltr'>οἰκίαν</span> <span class='ocrx_word' id='word_1_309' title='bbox 1089 2680 1221 2737; x_wconf 72' lang='grc' dir='ltr'>ἰδὼν</span> <span class='ocrx_word' id='word_1_310' title='bbox 1275 2680 1544 2757; x_wconf 77' lang='grc' dir='ltr'>λαμπρῶς</span> <span class='ocrx_word' id='word_1_311' title='bbox 1598 2681 1687 2736; x_wconf 83' lang='grc' dir='ltr'>καὶ</span> <span class='ocrx_word' id='word_1_312' title='bbox 1739 2679 1822 2735; x_wconf 78' lang='grc' dir='ltr'>ἐν·</span> 
     </span>
    </p>
   </div>
   <div class='ocr_carea' id='block_1_43' title="bbox 164 2769 1822 2847">
    <p class='ocr_par' dir='ltr' id='par_1_43' title="bbox 164 2769 1822 2847">
     <span class='ocr_line' id='line_1_44' title="bbox 164 2769 1822 2847; baseline -0.004 -22"><span class='ocrx_word' id='word_1_313' title='bbox 164 2769 385 2843; x_wconf 75' lang='grc' dir='ltr'>τὲχνως</span> <span class='ocrx_word' id='word_1_314' title='bbox 443 2771 945 2843; x_wconf 67' lang='grc' dir='ltr'>κατεσκευασμένην</span> <span class='ocrx_word' id='word_1_315' title='bbox 997 2770 1033 2841; x_wconf 76' lang='grc' dir='ltr'>ἤ</span> <span class='ocrx_word' id='word_1_316' title='bbox 1094 2776 1282 2834; x_wconf 77' lang='grc' dir='ltr'>σκεῦος</span> <span class='ocrx_word' id='word_1_317' title='bbox 1355 2770 1565 2847; x_wconf 72' lang='grc' dir='ltr'>εὐφυῶς</span> <span class='ocrx_word' id='word_1_318' title='bbox 1626 2790 1822 2845; x_wconf 78' lang='grc' dir='ltr'>συνηρ-</span> 
     </span>
    </p>
   </div>
   <div class='ocr_carea' id='block_1_44' title="bbox 172 2854 1823 2933">
    <p class='ocr_par' dir='ltr' id='par_1_44' title="bbox 172 2854 1823 2933">
     <span class='ocr_line' id='line_1_45' title="bbox 172 2854 1823 2933; baseline 0.002 -22"><span class='ocrx_word' id='word_1_319' title='bbox 172 2854 473 2933; x_wconf 73' lang='grc' dir='ltr'>μοσμένον,</span> <span class='ocrx_word' id='word_1_320' title='bbox 512 2863 604 2913; x_wconf 84' lang='grc' dir='ltr'>τὸν</span> <span class='ocrx_word' id='word_1_321' title='bbox 658 2856 951 2933; x_wconf 75' lang='grc' dir='ltr'>οἰκοδόμον</span> <span class='ocrx_word' id='word_1_322' title='bbox 1011 2861 1046 2931; x_wconf 74' lang='grc' dir='ltr'><strong>ἢ</strong></span> <span class='ocrx_word' id='word_1_323' title='bbox 1098 2862 1323 2916; x_wconf 81' lang='grc' dir='ltr'>τὲκτονα</span> <span class='ocrx_word' id='word_1_324' title='bbox 1354 2859 1507 2925; x_wconf 76' lang='grc' dir='ltr'>εὐθὺς</span> <span class='ocrx_word' id='word_1_325' title='bbox 1541 2859 1599 2914; x_wconf 76' lang='grc' dir='ltr'>ἂν</span> <span class='ocrx_word' id='word_1_326' title='bbox 1634 2858 1823 2930; x_wconf 75' lang='grc' dir='ltr'>ἐννοή-</span> 
     </span>
    </p>
   </div>
   <div class='ocr_carea' id='block_1_45' title="bbox 172 2944 1823 3027">
    <p class='ocr_par' dir='ltr' id='par_1_45' title="bbox 172 2944 1823 3027">
     <span class='ocr_line' id='line_1_46' title="bbox 172 2944 1823 3027; baseline 0 -24"><span class='ocrx_word' id='word_1_327' title='bbox 172 2969 273 3011; x_wconf 85' lang='grc' dir='ltr'>σας</span> <span class='ocrx_word' id='word_1_328' title='bbox 308 2944 655 3022; x_wconf 71' lang='grc' dir='ltr'>θαυμάσειεν,</span> <span class='ocrx_word' id='word_1_329' title='bbox 707 2949 850 3005; x_wconf 72' lang='grc' dir='ltr'>οὕτω</span> <span class='ocrx_word' id='word_1_330' title='bbox 898 2954 1010 3024; x_wconf 88' lang='lat'>(39)</span> <span class='ocrx_word' id='word_1_331' title='bbox 1055 2951 1231 3027; x_wconf 85' lang='grc' dir='ltr'>κάγὼ,</span> <span class='ocrx_word' id='word_1_332' title='bbox 1280 2949 1340 3006; x_wconf 74' lang='grc' dir='ltr'>ἐκ</span> <span class='ocrx_word' id='word_1_333' title='bbox 1390 2950 1465 3023; x_wconf 78' lang='grc' dir='ltr'>μή</span> <span class='ocrx_word' id='word_1_334' title='bbox 1501 2946 1671 3005; x_wconf 79' lang='grc' dir='ltr'>ὄντων</span> <span class='ocrx_word' id='word_1_335' title='bbox 1705 2945 1823 3003; x_wconf 86' lang='grc' dir='ltr'>δια-</span> 
     </span>
    </p>
   </div>
   <div class='ocr_carea' id='block_1_46' title="bbox 166 3035 1825 3117">
    <p class='ocr_par' dir='ltr' id='par_1_46' title="bbox 166 3035 1825 3117">
     <span class='ocr_line' id='line_1_47' title="bbox 166 3035 1789 3102; baseline 0.001 -9"><span class='ocrx_word' id='word_1_336' title='bbox 166 3036 441 3102; x_wconf 63' lang='grc' dir='ltr'>π)ασθεῖ”</span> <span class='ocrx_word' id='word_1_337' title='bbox 490 3038 576 3093; x_wconf 60' lang='grc' dir='ltr'>καῗ</span> <span class='ocrx_word' id='word_1_338' title='bbox 628 3039 671 3094; x_wconf 81' lang='grc' dir='ltr'>εἷ</span> <span class='ocrx_word' id='word_1_339' title='bbox 778 3040 791 3057; x_wconf 63' lang='grc'>⁸</span> <span class='ocrx_word' id='word_1_340' title='bbox 853 3035 879 3059; x_wconf 77' lang='grc'><em>”</em></span> <span class='ocrx_word' id='word_1_341' title='bbox 1038 3062 1060 3076; x_wconf 69' lang='grc'>’-</span> <span class='ocrx_word' id='word_1_342' title='bbox 1105 3062 1119 3071; x_wconf 78' lang='grc'><em>’</em></span> <span class='ocrx_word' id='word_1_343' title='bbox 1212 3040 1226 3059; x_wconf 81' lang='grc'><strong><em>“</em></strong></span> <span class='ocrx_word' id='word_1_344' title='bbox 1462 3040 1477 3057; x_wconf 78' lang='grc'><strong>“</strong></span> <span class='ocrx_word' id='word_1_345' title='bbox 1568 3039 1609 3079; x_wconf 61' lang='grc' dir='ltr'>’κ</span> <span class='ocrx_word' id='word_1_346' title='bbox 1778 3037 1789 3055; x_wconf 82' lang='grc'><em>’</em></span> 
     </span>
     <span class='ocr_line' id='line_1_48' title="bbox 236 3037 1825 3117; baseline 0.001 -25"><span class='ocrx_word' id='word_1_347' title='bbox 236 3078 246 3092; x_wconf 73' lang='grc'>.</span> <span class='ocrx_word' id='word_1_348' title='bbox 417 3077 440 3099; x_wconf 66' lang='grc' dir='ltr'>ς</span> <span class='ocrx_word' id='word_1_349' title='bbox 567 3082 577 3093; x_wconf 88' lang='grc'><strong>.</strong></span> <span class='ocrx_word' id='word_1_350' title='bbox 679 3060 703 3102; x_wconf 93' lang='grc' dir='ltr'>ς</span> <span class='ocrx_word' id='word_1_351' title='bbox 739 3061 801 3095; x_wconf 89' lang='grc' dir='ltr'>το</span> <span class='ocrx_word' id='word_1_352' title='bbox 851 3062 907 3095; x_wconf 91' lang='grc' dir='ltr'>ον</span> <span class='ocrx_word' id='word_1_353' title='bbox 958 3051 1278 3117; x_wconf 72' lang='grc' dir='ltr'>παραχθεις,</span> <span class='ocrx_word' id='word_1_354' title='bbox 1313 3038 1357 3095; x_wconf 77' lang='grc' dir='ltr'>εἶ</span> <span class='ocrx_word' id='word_1_355' title='bbox 1389 3061 1479 3095; x_wconf 89' lang='grc' dir='ltr'>και</span> <span class='ocrx_word' id='word_1_356' title='bbox 1531 3061 1623 3095; x_wconf 70' lang='grc' dir='ltr'>τοι</span> <span class='ocrx_word' id='word_1_357' title='bbox 1680 3037 1825 3094; x_wconf 85' lang='grc' dir='ltr'>πλα-</span> 
     </span>
    </p>
   </div>
   <div class='ocr_carea' id='block_1_47' title="bbox 166 3125 1825 3205">
    <p class='ocr_par' dir='ltr' id='par_1_47' title="bbox 166 3125 1825 3205">
     <span class='ocr_line' id='line_1_49' title="bbox 166 3125 1825 3205; baseline -0.001 -22"><span class='ocrx_word' id='word_1_358' title='bbox 166 3149 307 3199; x_wconf 75' lang='grc' dir='ltr'>στην</span> <span class='ocrx_word' id='word_1_359' title='bbox 340 3126 433 3182; x_wconf 78' lang='grc' dir='ltr'>καὶ</span> <span class='ocrx_word' id='word_1_360' title='bbox 465 3129 714 3205; x_wconf 79' lang='grc' dir='ltr'>παροχὲα</span> <span class='ocrx_word' id='word_1_361' title='bbox 762 3129 1043 3194; x_wconf 79' lang='grc' dir='ltr'>θεάσασθαι</span> <span class='ocrx_word' id='word_1_362' title='bbox 1105 3128 1165 3185; x_wconf 78' lang='grc' dir='ltr'>οὗ</span> <span class='ocrx_word' id='word_1_363' title='bbox 1222 3125 1543 3202; x_wconf 76' lang='grc' dir='ltr'>δεδύνημαι,</span> <span class='ocrx_word' id='word_1_364' title='bbox 1592 3125 1717 3182; x_wconf 82' lang='grc' dir='ltr'>ἀλλ’</span> <span class='ocrx_word' id='word_1_365' title='bbox 1766 3126 1825 3182; x_wconf 78' lang='grc' dir='ltr'>ἐκ</span> 
     </span>
    </p>
   </div>
   <div class='ocr_carea' id='block_1_48' title="bbox 161 3215 1824 3293">
    <p class='ocr_par' dir='ltr' id='par_1_48' title="bbox 161 3215 1824 3293">
     <span class='ocr_line' id='line_1_50' title="bbox 161 3215 1824 3293; baseline -0.001 -20"><span class='ocrx_word' id='word_1_366' title='bbox 161 3225 272 3289; x_wconf 77' lang='grc' dir='ltr'>τῆς</span> <span class='ocrx_word' id='word_1_367' title='bbox 304 3215 645 3292; x_wconf 76' lang='grc' dir='ltr'>εὖαρμόστου</span> <span class='ocrx_word' id='word_1_368' title='bbox 699 3218 790 3273; x_wconf 80' lang='grc' dir='ltr'>καὶ</span> <span class='ocrx_word' id='word_1_369' title='bbox 849 3219 1303 3293; x_wconf 81' lang='grc' dir='ltr'>Θαυμασιωτάτης</span> <span class='ocrx_word' id='word_1_370' title='bbox 1356 3240 1465 3293; x_wconf 87' lang='grc' dir='ltr'>μου</span> <span class='ocrx_word' id='word_1_371' title='bbox 1494 3218 1824 3285; x_wconf 73' lang='grc' dir='ltr'>κατασκευῆς</span> 
     </span>
    </p>
   </div>
   <div class='ocr_carea' id='block_1_49' title="bbox 1928 1962 3569 2038">
    <p class='ocr_par' dir='ltr' id='par_1_49' title="bbox 1928 1962 3569 2038">
     <span class='ocr_line' id='line_1_51' title="bbox 1928 1962 3569 2038; baseline 0.003 -22"><span class='ocrx_word' id='word_1_372' title='bbox 1928 1962 2094 2017; x_wconf 88' lang='lat' dir='ltr'>stolis</span> <span class='ocrx_word' id='word_1_373' title='bbox 2124 1963 2450 2035; x_wconf 83' lang='lat' dir='ltr'>patefecit?</span> <span class='ocrx_word' id='word_1_374' title='bbox 2501 1966 2626 2019; x_wconf 92' lang='lat' dir='ltr'>Non</span> <span class='ocrx_word' id='word_1_375' title='bbox 2670 1970 2867 2019; x_wconf 91' lang='lat' dir='ltr'>autem</span> <span class='ocrx_word' id='word_1_376' title='bbox 2916 1968 3041 2021; x_wconf 81' lang='lat' dir='ltr'>tum</span> <span class='ocrx_word' id='word_1_377' title='bbox 3083 1982 3154 2021; x_wconf 91' lang='lat' dir='ltr'>ex</span> <span class='ocrx_word' id='word_1_378' title='bbox 3185 1982 3388 2021; x_wconf 90' lang='lat' dir='ltr'>eorum</span> <span class='ocrx_word' id='word_1_379' title='bbox 3418 1983 3569 2038; x_wconf 59' lang='lat' dir='ltr'>prae.</span> 
     </span>
    </p>
   </div>
   <div class='ocr_carea' id='block_1_50' title="bbox 1927 2051 3571 2126">
    <p class='ocr_par' dir='ltr' id='par_1_50' title="bbox 1927 2051 3571 2126">
     <span class='ocr_line' id='line_1_52' title="bbox 1927 2051 3571 2126; baseline 0.002 -19"><span class='ocrx_word' id='word_1_380' title='bbox 1927 2051 2245 2117; x_wconf 88' lang='lat' dir='ltr'>dicatione,</span> <span class='ocrx_word' id='word_1_381' title='bbox 2278 2058 2403 2107; x_wconf 88' lang='lat' dir='ltr'>tum</span> <span class='ocrx_word' id='word_1_382' title='bbox 2436 2069 2505 2107; x_wconf 90' lang='lat' dir='ltr'>ex</span> <span class='ocrx_word' id='word_1_383' title='bbox 2560 2054 2688 2124; x_wconf 89' lang='lat' dir='ltr'>ipsa</span> <span class='ocrx_word' id='word_1_384' title='bbox 2734 2069 2936 2109; x_wconf 88' lang='lat' dir='ltr'>rerum</span> <span class='ocrx_word' id='word_1_385' title='bbox 2993 2059 3225 2120; x_wconf 87' lang='lat' dir='ltr'>natura,</span> <span class='ocrx_word' id='word_1_386' title='bbox 3284 2059 3571 2126; x_wconf 83' lang='lat' dir='ltr'>quantam</span> 
     </span>
    </p>
   </div>
   <div class='ocr_carea' id='block_1_51' title="bbox 1927 2141 3573 2211">
    <p class='ocr_par' dir='ltr' id='par_1_51' title="bbox 1927 2141 3573 2211">
     <span class='ocr_line' id='line_1_53' title="bbox 1927 2141 3573 2211; baseline 0.001 -15"><span class='ocrx_word' id='word_1_387' title='bbox 1927 2141 2163 2211; x_wconf 86' lang='lat' dir='ltr'>assequi</span> <span class='ocrx_word' id='word_1_388' title='bbox 2198 2141 2368 2197; x_wconf 90' lang='lat' dir='ltr'>nobis</span> <span class='ocrx_word' id='word_1_389' title='bbox 2400 2141 2595 2208; x_wconf 81' lang='lat' dir='ltr'>datur,</span> <span class='ocrx_word' id='word_1_390' title='bbox 2628 2158 2758 2198; x_wconf 90' lang='lat' dir='ltr'>eam</span> <span class='ocrx_word' id='word_1_391' title='bbox 2789 2142 3198 2198; x_wconf 81' lang='lat' dir='ltr'>discimus.Ait</span> <span class='ocrx_word' id='word_1_392' title='bbox 3227 2143 3387 2198; x_wconf 90' lang='lat' dir='ltr'>enim</span> <span class='ocrx_word' id='word_1_393' title='bbox 3418 2143 3573 2198; x_wconf 80' lang='lat' dir='ltr'>Scri-</span> 
     </span>
    </p>
   </div>
   <div class='ocr_carea' id='block_1_52' title="bbox 1926 2231 3577 2306">
    <p class='ocr_par' dir='ltr' id='par_1_52' title="bbox 1926 2231 3577 2306">
     <span class='ocr_line' id='line_1_54' title="bbox 1926 2231 3577 2306; baseline 0.001 -20"><span class='ocrx_word' id='word_1_394' title='bbox 1926 2237 2137 2303; x_wconf 90' lang='lat' dir='ltr'>ptura:</span> <span class='ocrx_word' id='word_1_395' title='bbox 2191 2232 2331 2287; x_wconf 72' lang='lat' dir='ltr'>lei</span> <span class='ocrx_word' id='word_1_396' title='bbox 2377 2238 2659 2288; x_wconf 86' lang='lat' dir='ltr'>enarrant</span> <span class='ocrx_word' id='word_1_397' title='bbox 2704 2233 2951 2306; x_wconf 83' lang='lat' dir='ltr'>gloriam</span> <span class='ocrx_word' id='word_1_398' title='bbox 2992 2231 3118 2302; x_wconf 90' lang='lat' dir='ltr'>Dei,</span> <span class='ocrx_word' id='word_1_399' title='bbox 3153 2239 3209 2288; x_wconf 90' lang='lat' dir='ltr'>et</span> <span class='ocrx_word' id='word_1_400' title='bbox 3238 2247 3417 2304; x_wconf 91' lang='lat' dir='ltr'>opera</span> <span class='ocrx_word' id='word_1_401' title='bbox 3445 2247 3577 2288; x_wconf 86' lang='lat' dir='ltr'>ma-</span> 
     </span>
    </p>
   </div>
   <div class='ocr_carea' id='block_1_53' title="bbox 1927 2320 3578 2393">
    <p class='ocr_par' dir='ltr' id='par_1_53' title="bbox 1927 2320 3578 2393">
     <span class='ocr_line' id='line_1_55' title="bbox 1927 2320 3578 2393; baseline 0 -17"><span class='ocrx_word' id='word_1_402' title='bbox 1927 2337 2113 2376; x_wconf 89' lang='lat' dir='ltr'>nuum</span> <span class='ocrx_word' id='word_1_403' title='bbox 2144 2321 2271 2393; x_wconf 82' lang='lat' dir='ltr'>ejus</span> <span class='ocrx_word' id='word_1_404' title='bbox 2302 2322 2621 2377; x_wconf 87' lang='lat' dir='ltr'>annuntiat</span> <span class='ocrx_word' id='word_1_405' title='bbox 2650 2321 3095 2377; x_wconf 88' lang='lat' dir='ltr'>ﬁrmamentum</span> <span class='ocrx_word' id='word_1_406' title='bbox 3126 2320 3297 2393; x_wconf 83' lang='lat' dir='ltr'>(Psal.</span> <span class='ocrx_word' id='word_1_407' title='bbox 3316 2323 3578 2391; x_wconf 82' lang='lat' dir='ltr'>xvm).Ac</span> 
     </span>
    </p>
   </div>
   <div class='ocr_carea' id='block_1_54' title="bbox 1925 2409 3584 2483">
    <p class='ocr_par' dir='ltr' id='par_1_54' title="bbox 1925 2409 3584 2483">
     <span class='ocr_line' id='line_1_56' title="bbox 1925 2409 3584 2483; baseline 0 -18"><span class='ocrx_word' id='word_1_408' title='bbox 1925 2427 2133 2466; x_wconf 88' lang='lat' dir='ltr'>rursus</span> <span class='ocrx_word' id='word_1_409' title='bbox 2159 2426 2173 2465; x_wconf 90' lang='lat'><strong>:</strong></span> <span class='ocrx_word' id='word_1_410' title='bbox 2206 2410 2534 2467; x_wconf 80' lang='lat' dir='ltr'>Invisibilia</span> <span class='ocrx_word' id='word_1_411' title='bbox 2563 2410 2752 2483; x_wconf 89' lang='lat' dir='ltr'>ipsius</span> <span class='ocrx_word' id='word_1_412' title='bbox 2782 2427 2817 2467; x_wconf 88' lang='lat' dir='ltr'>a</span> <span class='ocrx_word' id='word_1_413' title='bbox 2846 2416 3117 2467; x_wconf 88' lang='lat' dir='ltr'>creatura</span> <span class='ocrx_word' id='word_1_414' title='bbox 3146 2409 3491 2482; x_wconf 88' lang='lat' dir='ltr'>mundi,per</span> <span class='ocrx_word' id='word_1_415' title='bbox 3514 2424 3584 2466; x_wconf 89' lang='lat' dir='ltr'>ea</span> 
     </span>
    </p>
   </div>
   <div class='ocr_carea' id='block_1_55' title="bbox 1929 2498 3583 2574">
    <p class='ocr_par' dir='ltr' id='par_1_55' title="bbox 1929 2498 3583 2574">
     <span class='ocr_line' id='line_1_57' title="bbox 1929 2498 3583 2574; baseline 0 -20"><span class='ocrx_word' id='word_1_416' title='bbox 1929 2517 2059 2572; x_wconf 62' lang='lat' dir='ltr'>qua:</span> <span class='ocrx_word' id='word_1_417' title='bbox 2094 2498 2247 2556; x_wconf 89' lang='lat' dir='ltr'>facta</span> <span class='ocrx_word' id='word_1_418' title='bbox 2293 2506 2452 2566; x_wconf 87' lang='lat' dir='ltr'>sunt,</span> <span class='ocrx_word' id='word_1_419' title='bbox 2504 2500 2812 2557; x_wconf 87' lang='lat' dir='ltr'>intellecta</span> <span class='ocrx_word' id='word_1_420' title='bbox 2857 2500 3329 2574; x_wconf 88' lang='lat' dir='ltr'>conspiciuntur,</span> <span class='ocrx_word' id='word_1_421' title='bbox 3364 2501 3583 2572; x_wconf 87' lang='lat' dir='ltr'>sempi-</span> 
     </span>
    </p>
   </div>
   <div class='ocr_carea' id='block_1_56' title="bbox 1929 2590 3513 2663">
    <p class='ocr_par' dir='ltr' id='par_1_56' title="bbox 1929 2590 3513 2663">
     <span class='ocr_line' id='line_1_58' title="bbox 1929 2590 3513 2663; baseline 0.003 -20"><span class='ocrx_word' id='word_1_422' title='bbox 1929 2595 2096 2645; x_wconf 87' lang='lat' dir='ltr'>terna</span> <span class='ocrx_word' id='word_1_423' title='bbox 2119 2607 2354 2662; x_wconf 90' lang='lat' dir='ltr'>quoque</span> <span class='ocrx_word' id='word_1_424' title='bbox 2380 2591 2568 2663; x_wconf 89' lang='lat' dir='ltr'>ipsius</span> <span class='ocrx_word' id='word_1_425' title='bbox 2596 2591 2863 2663; x_wconf 86' lang='lat' dir='ltr'>potentia</span> <span class='ocrx_word' id='word_1_426' title='bbox 2885 2598 2945 2647; x_wconf 90' lang='lat' dir='ltr'>et</span> <span class='ocrx_word' id='word_1_427' title='bbox 2964 2590 3243 2648; x_wconf 84' lang='lat' dir='ltr'>divinitas</span> <span class='ocrx_word' id='word_1_428' title='bbox 3265 2593 3513 2663; x_wconf 68' lang='lat' dir='ltr'>(RomJ).</span> 
     </span>
    </p>
   </div>
   <div class='ocr_carea' id='block_1_57' title="bbox 1998 2678 3580 2752">
    <p class='ocr_par' dir='ltr' id='par_1_57' title="bbox 1998 2678 3580 2752">
     <span class='ocr_line' id='line_1_59' title="bbox 1998 2678 3580 2752; baseline 0.001 -19"><span class='ocrx_word' id='word_1_429' title='bbox 1998 2678 2510 2743; x_wconf 89' lang='lat' dir='ltr'>Quemadmodum</span> <span class='ocrx_word' id='word_1_430' title='bbox 2529 2681 2689 2736; x_wconf 91' lang='lat' dir='ltr'>enim</span> <span class='ocrx_word' id='word_1_431' title='bbox 2709 2680 3005 2751; x_wconf 83' lang='lat' dir='ltr'>quispiam</span> <span class='ocrx_word' id='word_1_432' title='bbox 3027 2679 3273 2735; x_wconf 89' lang='lat' dir='ltr'>domum</span> <span class='ocrx_word' id='word_1_433' title='bbox 3295 2678 3580 2752; x_wconf 68' lang='lat' dir='ltr'>praeclare</span> 
     </span>
    </p>
   </div>
   <div class='ocr_carea' id='block_1_58' title="bbox 1928 2766 3582 2839">
    <p class='ocr_par' dir='ltr' id='par_1_58' title="bbox 1928 2766 3582 2839">
     <span class='ocr_line' id='line_1_60' title="bbox 1928 2766 3582 2839; baseline 0 -18"><span class='ocrx_word' id='word_1_434' title='bbox 1928 2766 2247 2838; x_wconf 63' lang='lat' dir='ltr'>acfsumma</span> <span class='ocrx_word' id='word_1_435' title='bbox 2264 2774 2388 2822; x_wconf 89' lang='lat' dir='ltr'>arte</span> <span class='ocrx_word' id='word_1_436' title='bbox 2404 2773 2938 2833; x_wconf 89' lang='lat' dir='ltr'>constructam,aut</span> <span class='ocrx_word' id='word_1_437' title='bbox 2956 2767 3259 2823; x_wconf 87' lang='lat' dir='ltr'>vasculum</span> <span class='ocrx_word' id='word_1_438' title='bbox 3278 2766 3582 2839; x_wconf 86' lang='lat' dir='ltr'>eleganter</span> 
     </span>
    </p>
   </div>
   <div class='ocr_carea' id='block_1_59' title="bbox 1928 2853 3572 2928">
    <p class='ocr_par' dir='ltr' id='par_1_59' title="bbox 1928 2853 3572 2928">
     <span class='ocr_line' id='line_1_61' title="bbox 1928 2853 3572 2928; baseline 0 -17"><span class='ocrx_word' id='word_1_439' title='bbox 1928 2862 2347 2911; x_wconf 78' lang='lat' dir='ltr'>concinnatum</span> <span class='ocrx_word' id='word_1_440' title='bbox 2372 2856 2760 2928; x_wconf 90' lang='lat' dir='ltr'>perspiciens,</span> <span class='ocrx_word' id='word_1_441' title='bbox 2792 2856 3179 2912; x_wconf 86' lang='lat' dir='ltr'>architectum</span> <span class='ocrx_word' id='word_1_442' title='bbox 3210 2859 3313 2909; x_wconf 88' lang='lat' dir='ltr'>aut</span> <span class='ocrx_word' id='word_1_443' title='bbox 3338 2853 3572 2911; x_wconf 82' lang='lat' dir='ltr'>fabrum</span> 
     </span>
    </p>
   </div>
   <div class='ocr_carea' id='block_1_60' title="bbox 1929 2943 3569 3017">
    <p class='ocr_par' dir='ltr' id='par_1_60' title="bbox 1929 2943 3569 3017">
     <span class='ocr_line' id='line_1_62' title="bbox 1929 2943 3569 3017; baseline -0.001 -17"><span class='ocrx_word' id='word_1_444' title='bbox 1929 2943 2127 3000; x_wconf 87' lang='lat' dir='ltr'>statim</span> <span class='ocrx_word' id='word_1_445' title='bbox 2167 2945 2239 3001; x_wconf 92' lang='lat' dir='ltr'>ob</span> <span class='ocrx_word' id='word_1_446' title='bbox 2270 2946 2536 3001; x_wconf 90' lang='lat' dir='ltr'>animum</span> <span class='ocrx_word' id='word_1_447' title='bbox 2568 2944 2677 3000; x_wconf 91' lang='lat' dir='ltr'>sibi</span> <span class='ocrx_word' id='word_1_448' title='bbox 2710 2946 3011 3017; x_wconf 90' lang='lat' dir='ltr'>proponit,</span> <span class='ocrx_word' id='word_1_449' title='bbox 3041 2945 3125 2999; x_wconf 87' lang='lat' dir='ltr'>sic</span> <span class='ocrx_word' id='word_1_450' title='bbox 3158 2943 3335 2999; x_wconf 91' lang='lat' dir='ltr'>etiam</span> <span class='ocrx_word' id='word_1_451' title='bbox 3361 2959 3466 3014; x_wconf 81' lang='lat' dir='ltr'>ego</span> <span class='ocrx_word' id='word_1_452' title='bbox 3497 2959 3569 2998; x_wconf 89' lang='lat' dir='ltr'>ex</span> 
     </span>
    </p>
   </div>
   <div class='ocr_carea' id='block_1_61' title="bbox 1929 3031 3568 3105">
    <p class='ocr_par' dir='ltr' id='par_1_61' title="bbox 1929 3031 3568 3105">
     <span class='ocr_line' id='line_1_63' title="bbox 1929 3031 3568 3105; baseline -0.002 -17"><span class='ocrx_word' id='word_1_453' title='bbox 1929 3034 2117 3089; x_wconf 85' lang='lat' dir='ltr'>nihilo</span> <span class='ocrx_word' id='word_1_454' title='bbox 2149 3034 2402 3101; x_wconf 84' lang='lat' dir='ltr'>efﬁctus,</span> <span class='ocrx_word' id='word_1_455' title='bbox 2435 3039 2611 3105; x_wconf 87' lang='lat' dir='ltr'>atque</span> <span class='ocrx_word' id='word_1_456' title='bbox 2644 3034 2703 3088; x_wconf 92' lang='lat' dir='ltr'>in</span> <span class='ocrx_word' id='word_1_457' title='bbox 2735 3040 2929 3089; x_wconf 89' lang='lat' dir='ltr'>ortum</span> <span class='ocrx_word' id='word_1_458' title='bbox 2960 3032 3301 3105; x_wconf 86' lang='lat' dir='ltr'>productus,</span> <span class='ocrx_word' id='word_1_459' title='bbox 3335 3031 3568 3086; x_wconf 87' lang='lat' dir='ltr'>etiamsi</span> 
     </span>
    </p>
   </div>
   <div class='ocr_carea' id='block_1_62' title="bbox 1930 3124 3572 3198">
    <p class='ocr_par' dir='ltr' id='par_1_62' title="bbox 1930 3124 3572 3198">
     <span class='ocr_line' id='line_1_64' title="bbox 1930 3124 3572 3198; baseline -0.002 -19"><span class='ocrx_word' id='word_1_460' title='bbox 1930 3124 2196 3180; x_wconf 88' lang='lat' dir='ltr'>ﬁctorem</span> <span class='ocrx_word' id='word_1_461' title='bbox 2228 3142 2293 3181; x_wconf 87' lang='lat' dir='ltr'>ac</span> <span class='ocrx_word' id='word_1_462' title='bbox 2316 3125 2733 3198; x_wconf 88' lang='lat' dir='ltr'>productorem</span> <span class='ocrx_word' id='word_1_463' title='bbox 2760 3141 2959 3180; x_wconf 89' lang='lat' dir='ltr'>meum</span> <span class='ocrx_word' id='word_1_464' title='bbox 2987 3139 3231 3180; x_wconf 88' lang='lat' dir='ltr'>cernere</span> <span class='ocrx_word' id='word_1_465' title='bbox 3254 3137 3572 3193; x_wconf 85' lang='lat' dir='ltr'>nequeam,</span> 
     </span>
    </p>
   </div>
   <div class='ocr_carea' id='block_1_63' title="bbox 1930 3210 3579 3287">
    <p class='ocr_par' dir='ltr' id='par_1_63' title="bbox 1930 3210 3579 3287">
     <span class='ocr_line' id='line_1_65' title="bbox 1930 3210 3579 3287; baseline -0.003 -18"><span class='ocrx_word' id='word_1_466' title='bbox 1930 3219 2127 3270; x_wconf 88' lang='lat' dir='ltr'>tamen</span> <span class='ocrx_word' id='word_1_467' title='bbox 2144 3232 2210 3270; x_wconf 86' lang='lat' dir='ltr'>ex</span> <span class='ocrx_word' id='word_1_468' title='bbox 2223 3216 2531 3287; x_wconf 89' lang='lat' dir='ltr'>aptissima</span> <span class='ocrx_word' id='word_1_469' title='bbox 2545 3215 2919 3285; x_wconf 82' lang='lat' dir='ltr'>maximeque</span> <span class='ocrx_word' id='word_1_470' title='bbox 2933 3211 3283 3269; x_wconf 88' lang='lat' dir='ltr'>admiranda</span> <span class='ocrx_word' id='word_1_471' title='bbox 3296 3210 3411 3267; x_wconf 88' lang='lat' dir='ltr'>mei</span> <span class='ocrx_word' id='word_1_472' title='bbox 3427 3215 3579 3265; x_wconf 80' lang='lat' dir='ltr'>stru-</span> 
     </span>
    </p>
   </div>
   <div class='ocr_carea' id='block_1_64' title="bbox 163 3286 1825 3388">
    <p class='ocr_par' dir='ltr' id='par_1_64' title="bbox 163 3286 1823 3388">
     <span class='ocr_line' id='line_1_66' title="bbox 163 3286 1823 3388; baseline -0.001 -26"><span class='ocrx_word' id='word_1_473' title='bbox 163 3286 248 3371; x_wconf 74' lang='grc' dir='ltr'>εἷς</span> <span class='ocrx_word' id='word_1_474' title='bbox 304 3310 509 3381; x_wconf 78' lang='grc' dir='ltr'>γνῶσιν</span> <span class='ocrx_word' id='word_1_475' title='bbox 561 3305 734 3376; x_wconf 78' lang='grc' dir='ltr'>ἦλθον</span> <span class='ocrx_word' id='word_1_476' title='bbox 791 3310 890 3377; x_wconf 75' lang='grc' dir='ltr'>τῆς</span> <span class='ocrx_word' id='word_1_477' title='bbox 940 3286 1105 3364; x_wconf 77' lang='grc' dir='ltr'>αὐτοῦ</span> <span class='ocrx_word' id='word_1_478' title='bbox 1158 3309 1371 3388; x_wconf 75' lang='grc' dir='ltr'>σοφίας,</span> <span class='ocrx_word' id='word_1_479' title='bbox 1431 3308 1492 3363; x_wconf 80' lang='grc' dir='ltr'>οὐ</span> <span class='ocrx_word' id='word_1_480' title='bbox 1549 3308 1669 3371; x_wconf 86' lang='grc' dir='ltr'>καθ’</span> <span class='ocrx_word' id='word_1_481' title='bbox 1700 3306 1730 3361; x_wconf 83' lang='lat'>6&#39;</span> <span class='ocrx_word' id='word_1_482' title='bbox 1770 3306 1823 3361; x_wconf 83' lang='grc' dir='ltr'>τί</span> 
     </span>
    </p>
   </div>
   <div class='ocr_carea' id='block_1_65' title="bbox 1938 3286 3581 3388">
    <p class='ocr_par' dir='ltr' id='par_1_65' title="bbox 1938 3286 3581 3377">
     <span class='ocr_line' id='line_1_67' title="bbox 1938 3286 3581 3377; baseline -0.004 -16"><span class='ocrx_word' id='word_1_483' title='bbox 1938 3312 2099 3361; x_wconf 87' lang='lat' dir='ltr'>ctura</span> <span class='ocrx_word' id='word_1_484' title='bbox 2115 3304 2188 3360; x_wconf 90' lang='lat' dir='ltr'>ad</span> <span class='ocrx_word' id='word_1_485' title='bbox 2208 3286 2512 3377; x_wconf 68' lang='lat' dir='ltr'>sapientiai</span> <span class='ocrx_word' id='word_1_486' title='bbox 2531 3304 2716 3377; x_wconf 90' lang='lat' dir='ltr'>ipsius</span> <span class='ocrx_word' id='word_1_487' title='bbox 2729 3303 3124 3376; x_wconf 86' lang='lat' dir='ltr'>cognitionem</span> <span class='ocrx_word' id='word_1_488' title='bbox 3138 3301 3421 3368; x_wconf 86' lang='lat' dir='ltr'>veni,non</span> <span class='ocrx_word' id='word_1_489' title='bbox 3435 3316 3581 3371; x_wconf 87' lang='lat' dir='ltr'>qua-</span> 
     </span>
    </p>
   </div>
   <div class='ocr_carea' id='block_1_66' title="bbox 166 3392 1825 3472">
    <p class='ocr_par' dir='ltr' id='par_1_66' title="bbox 166 3392 1825 3472">
     <span class='ocr_line' id='line_1_68' title="bbox 166 3392 1825 3472; baseline -0.001 -21"><span class='ocrx_word' id='word_1_490' title='bbox 166 3395 342 3462; x_wconf 70' lang='grc' dir='ltr'>ἔστιν,</span> <span class='ocrx_word' id='word_1_491' title='bbox 378 3392 525 3450; x_wconf 68' lang='grc' dir='ltr'>ἀλλὰ</span> <span class='ocrx_word' id='word_1_492' title='bbox 572 3397 710 3451; x_wconf 73' lang='grc' dir='ltr'>καθά</span> <span class='ocrx_word' id='word_1_493' title='bbox 764 3393 1061 3471; x_wconf 70' lang='grc' dir='ltr'>δεδύνημαι</span> <span class='ocrx_word' id='word_1_494' title='bbox 1118 3403 1262 3453; x_wconf 77' lang='grc' dir='ltr'>νοεῖν</span> <span class='ocrx_word' id='word_1_495' title='bbox 1321 3399 1455 3472; x_wconf 76' lang='grc'>(40),</span> <span class='ocrx_word' id='word_1_496' title='bbox 1488 3395 1568 3452; x_wconf 81' lang='grc' dir='ltr'>ὅτι</span> <span class='ocrx_word' id='word_1_497' title='bbox 1603 3396 1702 3452; x_wconf 77' lang='grc' dir='ltr'>οὐκ</span> <span class='ocrx_word' id='word_1_498' title='bbox 1733 3393 1825 3450; x_wconf 75' lang='grc' dir='ltr'>αὖ·</span> 
     </span>
    </p>
   </div>
   <div class='ocr_carea' id='block_1_67' title="bbox 166 3483 1826 3565">
    <p class='ocr_par' dir='ltr' id='par_1_67' title="bbox 166 3483 1826 3565">
     <span class='ocr_line' id='line_1_69' title="bbox 166 3483 1826 3565; baseline -0.001 -24"><span class='ocrx_word' id='word_1_499' title='bbox 166 3483 438 3559; x_wconf 83' lang='grc' dir='ltr'>τομάτως</span> <span class='ocrx_word' id='word_1_500' title='bbox 495 3487 815 3562; x_wconf 73' lang='grc' dir='ltr'>παρήχθην,</span> <span class='ocrx_word' id='word_1_501' title='bbox 894 3486 1019 3543; x_wconf 68' lang='grc' dir='ltr'>οὐδὲ</span> <span class='ocrx_word' id='word_1_502' title='bbox 1086 3486 1177 3565; x_wconf 77' lang='grc' dir='ltr'>ἀφ’</span> <span class='ocrx_word' id='word_1_503' title='bbox 1253 3487 1451 3543; x_wconf 71' lang='grc' dir='ltr'>ἑαυτοῦ</span> <span class='ocrx_word' id='word_1_504' title='bbox 1504 3486 1826 3563; x_wconf 67' lang='grc' dir='ltr'>γεγένημαι,</span> 
     </span>
    </p>
   </div>
   <div class='ocr_carea' id='block_1_68' title="bbox 165 3567 1828 3649">
    <p class='ocr_par' dir='ltr' id='par_1_68' title="bbox 165 3567 1828 3649">
     <span class='ocr_line' id='line_1_70' title="bbox 165 3567 1828 3649; baseline 0 -20"><span class='ocrx_word' id='word_1_505' title='bbox 165 3572 306 3629; x_wconf 83' lang='grc' dir='ltr'>ἀλλ’</span> <span class='ocrx_word' id='word_1_506' title='bbox 338 3571 502 3637; x_wconf 76' lang='grc' dir='ltr'>αὐτὸς</span> <span class='ocrx_word' id='word_1_507' title='bbox 534 3567 735 3631; x_wconf 79' lang='grc' dir='ltr'>ἔπλασὲ</span> <span class='ocrx_word' id='word_1_508' title='bbox 770 3596 836 3649; x_wconf 89' lang='grc' dir='ltr'>με</span> <span class='ocrx_word' id='word_1_509' title='bbox 883 3578 1063 3640; x_wconf 86' lang='grc' dir='ltr'>καθὼς</span> <span class='ocrx_word' id='word_1_510' title='bbox 1110 3571 1429 3648; x_wconf 76' lang='grc' dir='ltr'>ἠϐουλήθη,</span> <span class='ocrx_word' id='word_1_511' title='bbox 1461 3579 1678 3631; x_wconf 83' lang='grc' dir='ltr'>πάντων</span> <span class='ocrx_word' id='word_1_512' title='bbox 1734 3575 1828 3649; x_wconf 75' lang='grc' dir='ltr'>μὶν</span> 
     </span>
    </p>
   </div>
   <div class='ocr_carea' id='block_1_69' title="bbox 166 3661 1831 3739">
    <p class='ocr_par' dir='ltr' id='par_1_69' title="bbox 166 3661 1831 3739">
     <span class='ocr_line' id='line_1_71' title="bbox 166 3661 1831 3739; baseline 0 -22"><span class='ocrx_word' id='word_1_513' title='bbox 166 3662 586 3737; x_wconf 71' lang='grc' dir='ltr'>προκατάρχειν</span> <span class='ocrx_word' id='word_1_514' title='bbox 646 3663 805 3735; x_wconf 77' lang='grc' dir='ltr'>τάξας</span> <span class='ocrx_word' id='word_1_515' title='bbox 862 3669 972 3719; x_wconf 85' lang='grc' dir='ltr'>τῶν</span> <span class='ocrx_word' id='word_1_516' title='bbox 1031 3664 1367 3739; x_wconf 81' lang='grc' dir='ltr'>κτισμάτων,</span> <span class='ocrx_word' id='word_1_517' title='bbox 1424 3665 1588 3719; x_wconf 80' lang='grc' dir='ltr'>τινῶν</span> <span class='ocrx_word' id='word_1_518' title='bbox 1640 3661 1699 3719; x_wconf 71' lang='grc' dir='ltr'>δὶ</span> <span class='ocrx_word' id='word_1_519' title='bbox 1739 3663 1831 3718; x_wconf 78' lang='grc' dir='ltr'>καὶ</span> 
     </span>
    </p>
   </div>
   <div class='ocr_carea' id='block_1_70' title="bbox 167 3748 1833 3830">
    <p class='ocr_par' dir='ltr' id='par_1_70' title="bbox 167 3748 1833 3830">
     <span class='ocr_line' id='line_1_72' title="bbox 167 3748 1833 3830; baseline -0.001 -23"><span class='ocrx_word' id='word_1_520' title='bbox 167 3750 517 3823; x_wconf 73' lang='grc' dir='ltr'>ἒλαττώσας,</span> <span class='ocrx_word' id='word_1_521' title='bbox 587 3752 678 3807; x_wconf 79' lang='grc' dir='ltr'>καὶ</span> <span class='ocrx_word' id='word_1_522' title='bbox 753 3748 1099 3830; x_wconf 77' lang='grc' dir='ltr'>συντριϐέντα</span> <span class='ocrx_word' id='word_1_523' title='bbox 1152 3752 1317 3809; x_wconf 83' lang='grc' dir='ltr'>πάλιν</span> <span class='ocrx_word' id='word_1_524' title='bbox 1374 3754 1645 3823; x_wconf 77' lang='grc' dir='ltr'>κρείττονι</span> <span class='ocrx_word' id='word_1_525' title='bbox 1704 3752 1833 3806; x_wconf 83' lang='grc' dir='ltr'>ἀνα-</span> 
     </span>
    </p>
   </div>
   <div class='ocr_carea' id='block_1_71' title="bbox 166 3838 1830 3919">
    <p class='ocr_par' dir='ltr' id='par_1_71' title="bbox 166 3838 1830 3919">
     <span class='ocr_line' id='line_1_73' title="bbox 166 3838 1830 3919; baseline -0.001 -23"><span class='ocrx_word' id='word_1_526' title='bbox 166 3838 411 3896; x_wconf 74' lang='grc' dir='ltr'>καινίσει</span> <span class='ocrx_word' id='word_1_527' title='bbox 438 3838 774 3911; x_wconf 80' lang='grc' dir='ltr'>ἀναπλάσας,</span> <span class='ocrx_word' id='word_1_528' title='bbox 826 3843 937 3897; x_wconf 70' lang='grc' dir='ltr'>εἷτα</span> <span class='ocrx_word' id='word_1_529' title='bbox 982 3843 1070 3898; x_wconf 75' lang='grc' dir='ltr'>καὶ</span> <span class='ocrx_word' id='word_1_530' title='bbox 1127 3842 1402 3919; x_wconf 80' lang='grc' dir='ltr'>ὑπεξάγων</span> <span class='ocrx_word' id='word_1_531' title='bbox 1454 3847 1561 3897; x_wconf 83' lang='grc' dir='ltr'>τῶν</span> <span class='ocrx_word' id='word_1_532' title='bbox 1596 3841 1830 3897; x_wconf 74' lang='grc' dir='ltr'>ἐντεῦθεν</span> 
     </span>
    </p>
   </div>
   <div class='ocr_carea' id='block_1_72' title="bbox 167 3928 1833 4008">
    <p class='ocr_par' dir='ltr' id='par_1_72' title="bbox 167 3928 1833 4008">
     <span class='ocr_line' id='line_1_74' title="bbox 167 3928 1833 4008; baseline 0 -23"><span class='ocrx_word' id='word_1_533' title='bbox 167 3934 256 4001; x_wconf 74' lang='grc' dir='ltr'>τῷ</span> <span class='ocrx_word' id='word_1_534' title='bbox 286 3928 421 4002; x_wconf 78' lang='grc' dir='ltr'>θεέῳ</span> <span class='ocrx_word' id='word_1_535' title='bbox 452 3928 615 3985; x_wconf 72' lang='grc' dir='ltr'>αὐτοῦ</span> <span class='ocrx_word' id='word_1_536' title='bbox 669 3933 1046 4008; x_wconf 83' lang='grc' dir='ltr'>προστάγματι</span> <span class='ocrx_word' id='word_1_537' title='bbox 1104 3932 1192 3988; x_wconf 89' lang='grc' dir='ltr'>καὶ</span> <span class='ocrx_word' id='word_1_538' title='bbox 1250 3933 1385 4007; x_wconf 79' lang='grc' dir='ltr'>πρὸς</span> <span class='ocrx_word' id='word_1_539' title='bbox 1440 3928 1623 4008; x_wconf 68' lang='grc' dir='ltr'>ἑτέραν</span> <span class='ocrx_word' id='word_1_540' title='bbox 1667 3952 1833 4005; x_wconf 87' lang='grc' dir='ltr'>μετα-</span> 
     </span>
    </p>
   </div>
   <div class='ocr_carea' id='block_1_73' title="bbox 169 4017 1829 4093">
    <p class='ocr_par' dir='ltr' id='par_1_73' title="bbox 169 4017 1829 4093">
     <span class='ocr_line' id='line_1_75' title="bbox 169 4017 1829 4093; baseline 0.001 -19"><span class='ocrx_word' id='word_1_541' title='bbox 169 4018 354 4081; x_wconf 82' lang='grc' dir='ltr'>τιθεὶς</span> <span class='ocrx_word' id='word_1_542' title='bbox 415 4018 604 4093; x_wconf 78' lang='grc' dir='ltr'>βιοτὴν</span> <span class='ocrx_word' id='word_1_543' title='bbox 667 4019 1025 4092; x_wconf 81' lang='grc' dir='ltr'>ἀτελεύτητον</span> <span class='ocrx_word' id='word_1_544' title='bbox 1084 4020 1174 4075; x_wconf 79' lang='grc' dir='ltr'>καί</span> <span class='ocrx_word' id='word_1_545' title='bbox 1242 4020 1483 4091; x_wconf 81' lang='grc' dir='ltr'>αἰώνιον,</span> <span class='ocrx_word' id='word_1_546' title='bbox 1544 4019 1595 4075; x_wconf 78' lang='grc' dir='ltr'>ἐν</span> <span class='ocrx_word' id='word_1_547' title='bbox 1656 4017 1829 4075; x_wconf 74' lang='grc' dir='ltr'>οὐδενὶ</span> 
     </span>
    </p>
   </div>
   <div class='ocr_carea' id='block_1_74' title="bbox 168 4104 1834 4186">
    <p class='ocr_par' dir='ltr' id='par_1_74' title="bbox 168 4104 1834 4186">
     <span class='ocr_line' id='line_1_76' title="bbox 168 4104 1834 4186; baseline 0.001 -24"><span class='ocrx_word' id='word_1_548' title='bbox 168 4106 389 4163; x_wconf 82' lang='grc' dir='ltr'>τούτων</span> <span class='ocrx_word' id='word_1_549' title='bbox 421 4104 718 4183; x_wconf 67' lang='grc' dir='ltr'>δυναμένου</span> <span class='ocrx_word' id='word_1_550' title='bbox 761 4131 869 4183; x_wconf 89' lang='grc' dir='ltr'>μου</span> <span class='ocrx_word' id='word_1_551' title='bbox 922 4110 1264 4166; x_wconf 76' lang='grc' dir='ltr'>ἀνθίστασθαι</span> <span class='ocrx_word' id='word_1_552' title='bbox 1312 4114 1380 4186; x_wconf 78' lang='grc' dir='ltr'>τῇ</span> <span class='ocrx_word' id='word_1_553' title='bbox 1426 4109 1584 4185; x_wconf 77' lang='grc' dir='ltr'>ῗσχύϊ</span> <span class='ocrx_word' id='word_1_554' title='bbox 1610 4116 1709 4180; x_wconf 72' lang='grc' dir='ltr'>τῆς</span> <span class='ocrx_word' id='word_1_555' title='bbox 1741 4108 1834 4164; x_wconf 81' lang='grc' dir='ltr'>αύ-</span> 
     </span>
    </p>
   </div>
   <div class='ocr_carea' id='block_1_75' title="bbox 166 4196 1836 4275">
    <p class='ocr_par' dir='ltr' id='par_1_75' title="bbox 166 4196 1836 4275">
     <span class='ocr_line' id='line_1_77' title="bbox 166 4196 1836 4275; baseline 0.002 -24"><span class='ocrx_word' id='word_1_556' title='bbox 166 4196 277 4252; x_wconf 74' lang='grc' dir='ltr'>τοῦ</span> <span class='ocrx_word' id='word_1_557' title='bbox 334 4196 621 4271; x_wconf 82' lang='grc' dir='ltr'>προνοίας,</span> <span class='ocrx_word' id='word_1_558' title='bbox 687 4199 826 4271; x_wconf 80' lang='grc' dir='ltr'>μήτε</span> <span class='ocrx_word' id='word_1_559' title='bbox 881 4221 937 4254; x_wconf 89' lang='grc' dir='ltr'>τι</span> <span class='ocrx_word' id='word_1_560' title='bbox 1007 4202 1353 4275; x_wconf 67' lang='grc' dir='ltr'>προστιθέναι</span> <span class='ocrx_word' id='word_1_561' title='bbox 1421 4199 1638 4275; x_wconf 79' lang='grc' dir='ltr'>ἐμαυτῷ</span> <span class='ocrx_word' id='word_1_562' title='bbox 1697 4201 1836 4273; x_wconf 71' lang='grc' dir='ltr'>μήτε</span> 
     </span>
    </p>
   </div>
   <div class='ocr_carea' id='block_1_76' title="bbox 166 4285 1835 4364">
    <p class='ocr_par' dir='ltr' id='par_1_76' title="bbox 166 4285 1835 4364">
     <span class='ocr_line' id='line_1_78' title="bbox 166 4285 1835 4364; baseline 0 -20"><span class='ocrx_word' id='word_1_563' title='bbox 166 4288 335 4344; x_wconf 67' lang='grc'>146</span> <span class='ocrx_word' id='word_1_564' title='bbox 363 4285 631 4364; x_wconf 74' lang='grc' dir='ltr'>ὖιραιρεῖν,</span> <span class='ocrx_word' id='word_1_565' title='bbox 687 4286 793 4344; x_wconf 67' lang='grc' dir='ltr'>εἴτε</span> <span class='ocrx_word' id='word_1_566' title='bbox 848 4290 967 4344; x_wconf 87' lang='grc' dir='ltr'>καθ’</span> <span class='ocrx_word' id='word_1_567' title='bbox 1024 4288 1243 4359; x_wconf 71' lang='grc' dir='ltr'>ἡλικίαν</span> <span class='ocrx_word' id='word_1_568' title='bbox 1299 4292 1406 4364; x_wconf 71' lang='grc'>(41)</span> <span class='ocrx_word' id='word_1_569' title='bbox 1462 4289 1570 4345; x_wconf 70' lang='grc' dir='ltr'>εἴτε</span> <span class='ocrx_word' id='word_1_570' title='bbox 1612 4288 1835 4344; x_wconf 79' lang='grc' dir='ltr'>κατὰτὸ</span> 
     </span>
    </p>
   </div>
   <div class='ocr_carea' id='block_1_77' title="bbox 164 4373 1837 4454">
    <p class='ocr_par' dir='ltr' id='par_1_77' title="bbox 164 4373 1837 4454">
     <span class='ocr_line' id='line_1_79' title="bbox 164 4373 1837 4454; baseline 0.002 -25"><span class='ocrx_word' id='word_1_571' title='bbox 164 4380 279 4445; x_wconf 79' lang='grc' dir='ltr'>τῆς</span> <span class='ocrx_word' id='word_1_572' title='bbox 315 4381 538 4454; x_wconf 70' lang='grc' dir='ltr'>μορφῆς</span> <span class='ocrx_word' id='word_1_573' title='bbox 571 4373 736 4446; x_wconf 77' lang='grc' dir='ltr'>εἶδος,</span> <span class='ocrx_word' id='word_1_574' title='bbox 777 4379 917 4452; x_wconf 72' lang='grc' dir='ltr'>μήτε</span> <span class='ocrx_word' id='word_1_575' title='bbox 955 4378 1022 4434; x_wconf 79' lang='grc' dir='ltr'>τὰ</span> <span class='ocrx_word' id='word_1_576' title='bbox 1079 4376 1508 4451; x_wconf 76' lang='grc' dir='ltr'>πεπαλαιωμὲνα</span> <span class='ocrx_word' id='word_1_577' title='bbox 1562 4399 1653 4454; x_wconf 83' lang='grc' dir='ltr'>μοι</span> <span class='ocrx_word' id='word_1_578' title='bbox 1709 4379 1837 4433; x_wconf 80' lang='grc' dir='ltr'>ἀνα-</span> 
     </span>
    </p>
   </div>
   <div class='ocr_carea' id='block_1_78' title="bbox 165 4462 1839 4547">
    <p class='ocr_par' dir='ltr' id='par_1_78' title="bbox 165 4462 1839 4547">
     <span class='ocr_line' id='line_1_80' title="bbox 165 4462 1839 4547; baseline 0.001 -26"><span class='ocrx_word' id='word_1_579' title='bbox 165 4465 444 4533; x_wconf 74' lang='grc' dir='ltr'>καινίζειν</span> <span class='ocrx_word' id='word_1_580' title='bbox 496 4462 795 4541; x_wconf 79' lang='grc' dir='ltr'>ἐξισχύσαι,</span> <span class='ocrx_word' id='word_1_581' title='bbox 860 4469 1003 4541; x_wconf 73' lang='grc' dir='ltr'>μήτε</span> <span class='ocrx_word' id='word_1_582' title='bbox 1057 4469 1126 4523; x_wconf 75' lang='grc' dir='ltr'>τὰ</span> <span class='ocrx_word' id='word_1_583' title='bbox 1182 4464 1544 4547; x_wconf 71' lang='grc' dir='ltr'>διεφθαρμένα</span> <span class='ocrx_word' id='word_1_584' title='bbox 1607 4468 1839 4544; x_wconf 84' lang='grc' dir='ltr'>ἐπανορ-</span> 
     </span>
    </p>
   </div>
   <div class='ocr_carea' id='block_1_79' title="bbox 170 4552 1839 4635">
    <p class='ocr_par' dir='ltr' id='par_1_79' title="bbox 170 4552 1839 4635">
     <span class='ocr_line' id='line_1_81' title="bbox 170 4552 1839 4635; baseline 0.001 -24"><span class='ocrx_word' id='word_1_585' title='bbox 170 4559 330 4621; x_wconf 68' lang='grc' dir='ltr'>θοῦν.</span> <span class='ocrx_word' id='word_1_586' title='bbox 367 4552 563 4619; x_wconf 71' lang='grc' dir='ltr'>Οὒδεῖς</span> <span class='ocrx_word' id='word_1_587' title='bbox 618 4557 724 4633; x_wconf 77' lang='grc' dir='ltr'>γάρ</span> <span class='ocrx_word' id='word_1_588' title='bbox 781 4562 891 4614; x_wconf 79' lang='grc' dir='ltr'>τῶν</span> <span class='ocrx_word' id='word_1_589' title='bbox 949 4558 1250 4635; x_wconf 80' lang='grc' dir='ltr'>ἀνθρώπων</span> <span class='ocrx_word' id='word_1_590' title='bbox 1309 4559 1518 4614; x_wconf 88' lang='grc' dir='ltr'>τούτων</span> <span class='ocrx_word' id='word_1_591' title='bbox 1563 4581 1615 4614; x_wconf 88' lang='grc' dir='ltr'>τι</span> <span class='ocrx_word' id='word_1_592' title='bbox 1647 4556 1839 4634; x_wconf 63' lang='grc' dir='ltr'>ἴσχυσὲ</span> 
     </span>
    </p>
   </div>
   <div class='ocr_carea' id='block_1_80' title="bbox 1939 3389 3583 3466">
    <p class='ocr_par' dir='ltr' id='par_1_80' title="bbox 1939 3389 3583 3466">
     <span class='ocr_line' id='line_1_82' title="bbox 1939 3389 3583 3466; baseline -0.003 -16"><span class='ocrx_word' id='word_1_593' title='bbox 1939 3402 2107 3450; x_wconf 91' lang='lat' dir='ltr'>tenus</span> <span class='ocrx_word' id='word_1_594' title='bbox 2125 3394 2345 3461; x_wconf 80' lang='lat' dir='ltr'>est,sed</span> <span class='ocrx_word' id='word_1_595' title='bbox 2364 3399 2656 3466; x_wconf 90' lang='lat' dir='ltr'>quatenus</span> <span class='ocrx_word' id='word_1_596' title='bbox 2676 3392 3007 3464; x_wconf 87' lang='lat' dir='ltr'>intelligere</span> <span class='ocrx_word' id='word_1_597' title='bbox 3025 3406 3421 3465; x_wconf 82' lang='lat' dir='ltr'>queoznempe</span> <span class='ocrx_word' id='word_1_598' title='bbox 3440 3389 3583 3461; x_wconf 88' lang='lat' dir='ltr'>quia</span> 
     </span>
    </p>
   </div>
   <div class='ocr_carea' id='block_1_81' title="bbox 1936 3480 3578 3555">
    <p class='ocr_par' dir='ltr' id='par_1_81' title="bbox 1936 3480 3578 3555">
     <span class='ocr_line' id='line_1_83' title="bbox 1936 3480 3578 3555; baseline -0.004 -15"><span class='ocrx_word' id='word_1_599' title='bbox 1936 3502 2056 3540; x_wconf 92' lang='lat' dir='ltr'>non</span> <span class='ocrx_word' id='word_1_600' title='bbox 2080 3501 2220 3540; x_wconf 91' lang='lat' dir='ltr'>casu</span> <span class='ocrx_word' id='word_1_601' title='bbox 2242 3501 2309 3540; x_wconf 88' lang='lat' dir='ltr'>ac</span> <span class='ocrx_word' id='word_1_602' title='bbox 2341 3483 2583 3539; x_wconf 89' lang='lat' dir='ltr'>fortuito</span> <span class='ocrx_word' id='word_1_603' title='bbox 2614 3482 2934 3555; x_wconf 89' lang='lat' dir='ltr'>productus</span> <span class='ocrx_word' id='word_1_604' title='bbox 2966 3498 3117 3549; x_wconf 88' lang='lat' dir='ltr'>sum,</span> <span class='ocrx_word' id='word_1_605' title='bbox 3144 3498 3252 3537; x_wconf 91' lang='lat' dir='ltr'>nec</span> <span class='ocrx_word' id='word_1_606' title='bbox 3275 3496 3309 3537; x_wconf 91' lang='lat' dir='ltr'>a</span> <span class='ocrx_word' id='word_1_607' title='bbox 3329 3497 3424 3536; x_wconf 89' lang='lat' dir='ltr'>me</span> <span class='ocrx_word' id='word_1_608' title='bbox 3448 3480 3578 3550; x_wconf 90' lang='lat' dir='ltr'>ipso</span> 
     </span>
    </p>
   </div>
   <div class='ocr_carea' id='block_1_82' title="bbox 1936 3568 3580 3647">
    <p class='ocr_par' dir='ltr' id='par_1_82' title="bbox 1936 3568 3580 3647">
     <span class='ocr_line' id='line_1_84' title="bbox 1936 3568 3580 3647; baseline -0.005 -16"><span class='ocrx_word' id='word_1_609' title='bbox 1936 3574 2361 3639; x_wconf 60' lang='lat' dir='ltr'>exstitiyerum</span> <span class='ocrx_word' id='word_1_610' title='bbox 2383 3574 2509 3647; x_wconf 91' lang='lat' dir='ltr'>ipse</span> <span class='ocrx_word' id='word_1_611' title='bbox 2533 3573 2821 3629; x_wconf 87' lang='lat' dir='ltr'>arbitratu</span> <span class='ocrx_word' id='word_1_612' title='bbox 2844 3590 2948 3628; x_wconf 91' lang='lat' dir='ltr'>suo</span> <span class='ocrx_word' id='word_1_613' title='bbox 2970 3590 3065 3629; x_wconf 91' lang='lat' dir='ltr'>me</span> <span class='ocrx_word' id='word_1_614' title='bbox 3088 3571 3348 3628; x_wconf 75' lang='lat' dir='ltr'>afﬁnxit:</span> <span class='ocrx_word' id='word_1_615' title='bbox 3375 3570 3459 3626; x_wconf 92' lang='lat' dir='ltr'>sic</span> <span class='ocrx_word' id='word_1_616' title='bbox 3485 3568 3580 3624; x_wconf 88' lang='lat' dir='ltr'>ni-</span> 
     </span>
    </p>
   </div>
   <div class='ocr_carea' id='block_1_83' title="bbox 1936 3659 3579 3733">
    <p class='ocr_par' dir='ltr' id='par_1_83' title="bbox 1936 3659 3579 3733">
     <span class='ocr_line' id='line_1_85' title="bbox 1936 3659 3579 3733; baseline -0.004 -14"><span class='ocrx_word' id='word_1_617' title='bbox 1936 3665 2153 3720; x_wconf 91' lang='lat' dir='ltr'>mirum</span> <span class='ocrx_word' id='word_1_618' title='bbox 2171 3670 2342 3720; x_wconf 90' lang='lat' dir='ltr'>utme</span> <span class='ocrx_word' id='word_1_619' title='bbox 2361 3681 2560 3719; x_wconf 90' lang='lat' dir='ltr'>rerum</span> <span class='ocrx_word' id='word_1_620' title='bbox 2579 3663 2846 3719; x_wconf 88' lang='lat' dir='ltr'>omnium</span> <span class='ocrx_word' id='word_1_621' title='bbox 2859 3661 3232 3719; x_wconf 77' lang='lat' dir='ltr'>conditarum</span> <span class='ocrx_word' id='word_1_622' title='bbox 3246 3659 3579 3733; x_wconf 88' lang='lat' dir='ltr'>principem</span> 
     </span>
    </p>
   </div>
   <div class='ocr_carea' id='block_1_84' title="bbox 1937 3748 3583 3826">
    <p class='ocr_par' dir='ltr' id='par_1_84' title="bbox 1937 3748 3583 3826">
     <span class='ocr_line' id='line_1_86' title="bbox 1937 3748 3583 3826; baseline -0.004 -17"><span class='ocrx_word' id='word_1_623' title='bbox 1937 3752 2695 3826; x_wconf 79' lang='lat' dir='ltr'>constituerit,quibusdam</span> <span class='ocrx_word' id='word_1_624' title='bbox 2709 3758 2907 3809; x_wconf 88' lang='lat' dir='ltr'>autem</span> <span class='ocrx_word' id='word_1_625' title='bbox 2922 3752 3264 3807; x_wconf 87' lang='lat' dir='ltr'>inferiorem</span> <span class='ocrx_word' id='word_1_626' title='bbox 3278 3748 3583 3814; x_wconf 86' lang='lat' dir='ltr'>fecerit,ac</span> 
     </span>
    </p>
   </div>
   <div class='ocr_carea' id='block_1_85' title="bbox 1937 3836 3579 3912">
    <p class='ocr_par' dir='ltr' id='par_1_85' title="bbox 1937 3836 3579 3912">
     <span class='ocr_line' id='line_1_87' title="bbox 1937 3836 3579 3912; baseline -0.004 -12"><span class='ocrx_word' id='word_1_627' title='bbox 1937 3845 2258 3900; x_wconf 88' lang='lat' dir='ltr'>contritum</span> <span class='ocrx_word' id='word_1_628' title='bbox 2292 3844 2467 3899; x_wconf 87' lang='lat' dir='ltr'>etiam</span> <span class='ocrx_word' id='word_1_629' title='bbox 2501 3842 2695 3899; x_wconf 91' lang='lat' dir='ltr'>divino</span> <span class='ocrx_word' id='word_1_630' title='bbox 2710 3858 2814 3897; x_wconf 92' lang='lat' dir='ltr'>suo</span> <span class='ocrx_word' id='word_1_631' title='bbox 2848 3841 3096 3912; x_wconf 89' lang='lat' dir='ltr'>imperio</span> <span class='ocrx_word' id='word_1_632' title='bbox 3116 3855 3210 3896; x_wconf 90' lang='lat' dir='ltr'>me</span> <span class='ocrx_word' id='word_1_633' title='bbox 3233 3856 3303 3895; x_wconf 85' lang='lat' dir='ltr'>ex</span> <span class='ocrx_word' id='word_1_634' title='bbox 3321 3838 3432 3894; x_wconf 87' lang='lat' dir='ltr'>hac</span> <span class='ocrx_word' id='word_1_635' title='bbox 3462 3836 3579 3894; x_wconf 79' lang='lat' dir='ltr'>vita</span> 
     </span>
    </p>
   </div>
   <div class='ocr_carea' id='block_1_86' title="bbox 1938 3927 3583 4003">
    <p class='ocr_par' dir='ltr' id='par_1_86' title="bbox 1938 3927 3583 4003">
     <span class='ocr_line' id='line_1_88' title="bbox 1938 3927 3583 4003; baseline -0.005 -13"><span class='ocrx_word' id='word_1_636' title='bbox 1938 3933 2295 4003; x_wconf 86' lang='lat' dir='ltr'>educens,ad</span> <span class='ocrx_word' id='word_1_637' title='bbox 2313 3933 2559 3989; x_wconf 81' lang='lat' dir='ltr'>alteram</span> <span class='ocrx_word' id='word_1_638' title='bbox 2582 3933 2760 3988; x_wconf 88' lang='lat' dir='ltr'>vitam</span> <span class='ocrx_word' id='word_1_639' title='bbox 2787 3932 2923 3987; x_wconf 90' lang='lat' dir='ltr'>ﬁnis</span> <span class='ocrx_word' id='word_1_640' title='bbox 2945 3934 3247 4003; x_wconf 81' lang='lat' dir='ltr'>expertem</span> <span class='ocrx_word' id='word_1_641' title='bbox 3273 3944 3341 3985; x_wconf 89' lang='lat' dir='ltr'>ac</span> <span class='ocrx_word' id='word_1_642' title='bbox 3362 3927 3583 3999; x_wconf 80' lang='lat' dir='ltr'>sempi-</span> 
     </span>
    </p>
   </div>
   <div class='ocr_carea' id='block_1_87' title="bbox 1939 4016 3582 4089">
    <p class='ocr_par' dir='ltr' id='par_1_87' title="bbox 1939 4016 3582 4089">
     <span class='ocr_line' id='line_1_89' title="bbox 1939 4016 3582 4089; baseline -0.005 -10"><span class='ocrx_word' id='word_1_643' title='bbox 1939 4029 2170 4079; x_wconf 89' lang='lat' dir='ltr'>ternam</span> <span class='ocrx_word' id='word_1_644' title='bbox 2196 4023 2528 4079; x_wconf 82' lang='lat' dir='ltr'>transferat.</span> <span class='ocrx_word' id='word_1_645' title='bbox 2549 4022 2773 4089; x_wconf 88' lang='lat' dir='ltr'>Quibus</span> <span class='ocrx_word' id='word_1_646' title='bbox 2795 4019 3073 4077; x_wconf 88' lang='lat' dir='ltr'>omnibus</span> <span class='ocrx_word' id='word_1_647' title='bbox 3099 4020 3161 4074; x_wconf 93' lang='lat' dir='ltr'>in</span> <span class='ocrx_word' id='word_1_648' title='bbox 3187 4017 3364 4073; x_wconf 92' lang='lat' dir='ltr'>rebus</span> <span class='ocrx_word' id='word_1_649' title='bbox 3386 4016 3582 4089; x_wconf 87' lang='lat' dir='ltr'>provi-</span> 
     </span>
    </p>
   </div>
   <div class='ocr_carea' id='block_1_88' title="bbox 1940 4103 3585 4185">
    <p class='ocr_par' dir='ltr' id='par_1_88' title="bbox 1940 4103 3585 4185">
     <span class='ocr_line' id='line_1_90' title="bbox 1940 4103 3585 4185; baseline -0.008 -15"><span class='ocrx_word' id='word_1_650' title='bbox 1940 4112 2155 4170; x_wconf 62' lang='lat' dir='ltr'>dentia;</span> <span class='ocrx_word' id='word_1_651' title='bbox 2197 4114 2381 4185; x_wconf 91' lang='lat' dir='ltr'>ipsius</span> <span class='ocrx_word' id='word_1_652' title='bbox 2419 4112 2645 4168; x_wconf 89' lang='lat' dir='ltr'>viribus</span> <span class='ocrx_word' id='word_1_653' title='bbox 2684 4110 2973 4167; x_wconf 89' lang='lat' dir='ltr'>obluctari</span> <span class='ocrx_word' id='word_1_654' title='bbox 3011 4123 3263 4180; x_wconf 91' lang='lat' dir='ltr'>nequeo,</span> <span class='ocrx_word' id='word_1_655' title='bbox 3288 4122 3399 4160; x_wconf 90' lang='lat' dir='ltr'>nec</span> <span class='ocrx_word' id='word_1_656' title='bbox 3438 4103 3585 4159; x_wconf 87' lang='lat' dir='ltr'>mihi</span> 
     </span>
    </p>
   </div>
   <div class='ocr_carea' id='block_1_89' title="bbox 1942 4193 3589 4275">
    <p class='ocr_par' dir='ltr' id='par_1_89' title="bbox 1942 4193 3589 4275">
     <span class='ocr_line' id='line_1_91' title="bbox 1942 4193 3589 4275; baseline -0.007 -17"><span class='ocrx_word' id='word_1_657' title='bbox 1942 4203 2289 4275; x_wconf 86' lang='lat' dir='ltr'>quidquam,</span> <span class='ocrx_word' id='word_1_658' title='bbox 2312 4202 2400 4257; x_wconf 86' lang='lat' dir='ltr'>vel</span> <span class='ocrx_word' id='word_1_659' title='bbox 2433 4207 2721 4275; x_wconf 88' lang='lat' dir='ltr'>quantum</span> <span class='ocrx_word' id='word_1_660' title='bbox 2754 4200 2827 4257; x_wconf 89' lang='lat' dir='ltr'>ad</span> <span class='ocrx_word' id='word_1_661' title='bbox 2858 4203 3165 4263; x_wconf 86' lang='lat' dir='ltr'>staturam,</span> <span class='ocrx_word' id='word_1_662' title='bbox 3189 4193 3278 4251; x_wconf 88' lang='lat' dir='ltr'>vel</span> <span class='ocrx_word' id='word_1_663' title='bbox 3300 4197 3589 4265; x_wconf 88' lang='lat' dir='ltr'>quantum</span> 
     </span>
    </p>
   </div>
   <div class='ocr_carea' id='block_1_90' title="bbox 1940 4280 3590 4362">
    <p class='ocr_par' dir='ltr' id='par_1_90' title="bbox 1940 4280 3590 4362">
     <span class='ocr_line' id='line_1_92' title="bbox 1940 4280 3590 4362; baseline -0.007 -14"><span class='ocrx_word' id='word_1_664' title='bbox 1940 4293 2013 4349; x_wconf 90' lang='lat' dir='ltr'>ad</span> <span class='ocrx_word' id='word_1_665' title='bbox 2037 4293 2240 4347; x_wconf 76' lang='lat' dir='ltr'>formae</span> <span class='ocrx_word' id='word_1_666' title='bbox 2274 4292 2521 4362; x_wconf 84' lang='lat' dir='ltr'>ﬁguram</span> <span class='ocrx_word' id='word_1_667' title='bbox 2553 4290 2784 4355; x_wconf 87' lang='lat' dir='ltr'>attinet,</span> <span class='ocrx_word' id='word_1_668' title='bbox 2808 4288 3067 4360; x_wconf 86' lang='lat' dir='ltr'>adjicere</span> <span class='ocrx_word' id='word_1_669' title='bbox 3091 4288 3193 4340; x_wconf 88' lang='lat' dir='ltr'>aut</span> <span class='ocrx_word' id='word_1_670' title='bbox 3214 4280 3590 4347; x_wconf 80' lang='lat' dir='ltr'>subtrahere,</span> 
     </span>
    </p>
   </div>
   <div class='ocr_carea' id='block_1_91' title="bbox 1941 4376 3592 4453">
    <p class='ocr_par' dir='ltr' id='par_1_91' title="bbox 1941 4376 3592 4453">
     <span class='ocr_line' id='line_1_93' title="bbox 1941 4376 3592 4453; baseline -0.008 -14"><span class='ocrx_word' id='word_1_671' title='bbox 1941 4400 2050 4439; x_wconf 91' lang='lat' dir='ltr'>nec</span> <span class='ocrx_word' id='word_1_672' title='bbox 2072 4400 2141 4438; x_wconf 87' lang='lat' dir='ltr'>ea</span> <span class='ocrx_word' id='word_1_673' title='bbox 2163 4398 2293 4453; x_wconf 80' lang='lat' dir='ltr'>quae</span> <span class='ocrx_word' id='word_1_674' title='bbox 2318 4382 2377 4435; x_wconf 91' lang='lat' dir='ltr'>in</span> <span class='ocrx_word' id='word_1_675' title='bbox 2403 4398 2495 4436; x_wconf 89' lang='lat' dir='ltr'>me</span> <span class='ocrx_word' id='word_1_676' title='bbox 2515 4383 2803 4435; x_wconf 86' lang='lat' dir='ltr'>vetustate</span> <span class='ocrx_word' id='word_1_677' title='bbox 2822 4376 3093 4432; x_wconf 87' lang='lat' dir='ltr'>confecta</span> <span class='ocrx_word' id='word_1_678' title='bbox 3114 4376 3592 4440; x_wconf 86' lang='lat' dir='ltr'>sunt,renovare,</span> 
     </span>
    </p>
   </div>
   <div class='ocr_carea' id='block_1_92' title="bbox 1942 4459 3589 4543">
    <p class='ocr_par' dir='ltr' id='par_1_92' title="bbox 1942 4459 3589 4543">
     <span class='ocr_line' id='line_1_94' title="bbox 1942 4459 3589 4543; baseline -0.008 -15"><span class='ocrx_word' id='word_1_679' title='bbox 1942 4490 2052 4528; x_wconf 88' lang='lat' dir='ltr'>nec</span> <span class='ocrx_word' id='word_1_680' title='bbox 2073 4489 2207 4543; x_wconf 64' lang='lat' dir='ltr'>qua:</span> <span class='ocrx_word' id='word_1_681' title='bbox 2238 4470 2590 4526; x_wconf 85' lang='lat' dir='ltr'>labefactata</span> <span class='ocrx_word' id='word_1_682' title='bbox 2621 4473 2679 4523; x_wconf 87' lang='lat' dir='ltr'>et</span> <span class='ocrx_word' id='word_1_683' title='bbox 2708 4471 2986 4537; x_wconf 85' lang='lat' dir='ltr'>corrupta</span> <span class='ocrx_word' id='word_1_684' title='bbox 3017 4468 3175 4531; x_wconf 83' lang='lat' dir='ltr'>sunt,</span> <span class='ocrx_word' id='word_1_685' title='bbox 3200 4462 3259 4516; x_wconf 91' lang='lat' dir='ltr'>in</span> <span class='ocrx_word' id='word_1_686' title='bbox 3290 4459 3589 4533; x_wconf 88' lang='lat' dir='ltr'>integrum</span> 
     </span>
    </p>
   </div>
   <div class='ocr_carea' id='block_1_93' title="bbox 1943 4547 3592 4630">
    <p class='ocr_par' dir='ltr' id='par_1_93' title="bbox 1943 4547 3592 4630">
     <span class='ocr_line' id='line_1_95' title="bbox 1943 4547 3592 4630; baseline -0.008 -13"><span class='ocrx_word' id='word_1_687' title='bbox 1943 4562 2461 4630; x_wconf 82' lang='lat' dir='ltr'>restituercNeque</span> <span class='ocrx_word' id='word_1_688' title='bbox 2477 4558 2636 4613; x_wconf 89' lang='lat' dir='ltr'>enim</span> <span class='ocrx_word' id='word_1_689' title='bbox 2652 4555 2995 4612; x_wconf 88' lang='lat' dir='ltr'>mortalium</span> <span class='ocrx_word' id='word_1_690' title='bbox 3008 4554 3168 4608; x_wconf 92' lang='lat' dir='ltr'>ullus</span> <span class='ocrx_word' id='word_1_691' title='bbox 3181 4566 3444 4623; x_wconf 89' lang='lat' dir='ltr'>unquam</span> <span class='ocrx_word' id='word_1_692' title='bbox 3457 4547 3592 4616; x_wconf 83' lang='lat' dir='ltr'>fuit,</span> 
     </span>
    </p>
   </div>
   <div class='ocr_carea' id='block_1_94' title="bbox 172 4644 1825 4725">
    <p class='ocr_par' dir='ltr' id='par_1_94' title="bbox 172 4644 1825 4725">
     <span class='ocr_line' id='line_1_96' title="bbox 172 4644 1825 4725; baseline 0 -23"><span class='ocrx_word' id='word_1_693' title='bbox 172 4666 317 4702; x_wconf 80' lang='grc' dir='ltr'>ποτε</span> <span class='ocrx_word' id='word_1_694' title='bbox 373 4644 827 4723; x_wconf 83' lang='grc' dir='ltr'>κατεργάσασθαι,</span> <span class='ocrx_word' id='word_1_695' title='bbox 911 4644 1037 4702; x_wconf 68' lang='grc' dir='ltr'>οὔτε</span> <span class='ocrx_word' id='word_1_696' title='bbox 1126 4646 1405 4724; x_wconf 80' lang='grc' dir='ltr'>βασιλεὺς,</span> <span class='ocrx_word' id='word_1_697' title='bbox 1473 4645 1595 4704; x_wconf 69' lang='grc' dir='ltr'>οὔτε</span> <span class='ocrx_word' id='word_1_698' title='bbox 1647 4649 1825 4725; x_wconf 62' lang='grc' dir='ltr'>σοφὸς1</span> 
     </span>
    </p>
   </div>
   <div class='ocr_carea' id='block_1_95' title="bbox 1938 4644 3589 4725">
    <p class='ocr_par' dir='ltr' id='par_1_95' title="bbox 1949 4646 3589 4724">
     <span class='ocr_line' id='line_1_97' title="bbox 1949 4646 3589 4724; baseline -0.009 -18"><span class='ocrx_word' id='word_1_699' title='bbox 1949 4652 2050 4724; x_wconf 92' lang='lat' dir='ltr'>qui</span> <span class='ocrx_word' id='word_1_700' title='bbox 2081 4651 2292 4705; x_wconf 90' lang='lat' dir='ltr'>horum</span> <span class='ocrx_word' id='word_1_701' title='bbox 2322 4648 2646 4719; x_wconf 90' lang='lat' dir='ltr'>quidquam</span> <span class='ocrx_word' id='word_1_702' title='bbox 2668 4646 2904 4702; x_wconf 86' lang='lat' dir='ltr'>efﬁcere</span> <span class='ocrx_word' id='word_1_703' title='bbox 2929 4647 3147 4717; x_wconf 88' lang='lat' dir='ltr'>posset,</span> <span class='ocrx_word' id='word_1_704' title='bbox 3169 4658 3289 4697; x_wconf 90' lang='lat' dir='ltr'>non</span> <span class='ocrx_word' id='word_1_705' title='bbox 3318 4655 3442 4707; x_wconf 86' lang='lat' dir='ltr'>rex,</span> <span class='ocrx_word' id='word_1_706' title='bbox 3467 4654 3589 4693; x_wconf 91' lang='lat' dir='ltr'>non</span> 
     </span>
    </p>
   </div>
   <div class='ocr_carea' id='block_1_96' title="bbox 175 4734 1834 4817">
    <p class='ocr_par' dir='ltr' id='par_1_96' title="bbox 175 4734 1834 4817">
     <span class='ocr_line' id='line_1_98' title="bbox 175 4734 1834 4817; baseline 0 -23"><span class='ocrx_word' id='word_1_707' title='bbox 175 4735 310 4794; x_wconf 61' lang='grc' dir='ltr'>οὔτε</span> <span class='ocrx_word' id='word_1_708' title='bbox 339 4734 627 4807; x_wconf 83' lang='grc' dir='ltr'>πλούσιος,</span> <span class='ocrx_word' id='word_1_709' title='bbox 661 4735 783 4796; x_wconf 67' lang='grc' dir='ltr'>οὔτε</span> <span class='ocrx_word' id='word_1_710' title='bbox 832 4736 1119 4814; x_wconf 81' lang='grc' dir='ltr'>δυνάστης,</span> <span class='ocrx_word' id='word_1_711' title='bbox 1170 4738 1292 4797; x_wconf 70' lang='grc' dir='ltr'>οὔτε</span> <span class='ocrx_word' id='word_1_712' title='bbox 1319 4763 1403 4806; x_wconf 85' lang='grc' dir='ltr'>τις</span> <span class='ocrx_word' id='word_1_713' title='bbox 1429 4740 1598 4804; x_wconf 75' lang='grc' dir='ltr'>ἄλλος</span> <span class='ocrx_word' id='word_1_714' title='bbox 1627 4740 1834 4817; x_wconf 82' lang='grc' dir='ltr'>ἀνθρώ-</span> 
     </span>
    </p>
   </div>
   <div class='ocr_carea' id='block_1_97' title="bbox 173 4830 1833 4908">
    <p class='ocr_par' dir='ltr' id='par_1_97' title="bbox 173 4830 1833 4908">
     <span class='ocr_line' id='line_1_99' title="bbox 173 4830 1833 4908; baseline 0.002 -24"><span class='ocrx_word' id='word_1_715' title='bbox 173 4851 313 4885; x_wconf 80' lang='grc' dir='ltr'>πινα</span> <span class='ocrx_word' id='word_1_716' title='bbox 404 4830 807 4907; x_wconf 80' lang='grc' dir='ltr'>μετερχόμενος</span> <span class='ocrx_word' id='word_1_717' title='bbox 911 4832 1334 4907; x_wconf 81' lang='grc' dir='ltr'>ἐπιτηδεύματα·</span> <span class='ocrx_word' id='word_1_718' title='bbox 1436 4831 1630 4896; x_wconf 75' lang='grc' dir='ltr'>Οὐδεὶς</span> <span class='ocrx_word' id='word_1_719' title='bbox 1709 4833 1833 4908; x_wconf 73' lang='grc' dir='ltr'>γὰρ,</span> 
     </span>
    </p>
   </div>
   <div class='ocr_carea' id='block_1_98' title="bbox 175 4918 1839 4999">
    <p class='ocr_par' dir='ltr' id='par_1_98' title="bbox 175 4918 1839 4999">
     <span class='ocr_line' id='line_1_100' title="bbox 175 4918 1839 4999; baseline 0.002 -26"><span class='ocrx_word' id='word_1_720' title='bbox 175 4918 318 4996; x_wconf 60' lang='grc' dir='ltr'>φησὶ</span> <span class='ocrx_word' id='word_1_721' title='bbox 352 4922 492 4993; x_wconf 68' lang='grc'>(42),</span> <span class='ocrx_word' id='word_1_722' title='bbox 526 4918 796 4996; x_wconf 80' lang='grc' dir='ltr'>βασιλέων</span> <span class='ocrx_word' id='word_1_723' title='bbox 842 4922 877 4992; x_wconf 71' lang='grc' dir='ltr'><strong>ἢ</strong></span> <span class='ocrx_word' id='word_1_724' title='bbox 916 4927 1023 4978; x_wconf 79' lang='grc' dir='ltr'>τῶν</span> <span class='ocrx_word' id='word_1_725' title='bbox 1085 4922 1137 4979; x_wconf 78' lang='grc' dir='ltr'>ἐν</span> <span class='ocrx_word' id='word_1_726' title='bbox 1193 4923 1495 4999; x_wconf 80' lang='grc' dir='ltr'>ὑπεροχαῖς</span> <span class='ocrx_word' id='word_1_727' title='bbox 1521 4919 1689 4979; x_wconf 76' lang='grc' dir='ltr'>ὅντων</span> <span class='ocrx_word' id='word_1_728' title='bbox 1725 4921 1839 4978; x_wconf 77' lang='grc' dir='ltr'>ἐτὲ-</span> 
     </span>
    </p>
   </div>
   <div class='ocr_carea' id='block_1_99' title="bbox 174 5004 1839 5086">
    <p class='ocr_par' dir='ltr' id='par_1_99' title="bbox 174 5004 1839 5086">
     <span class='ocr_line' id='line_1_101' title="bbox 174 5004 1839 5086; baseline 0.003 -26"><span class='ocrx_word' id='word_1_729' title='bbox 174 5026 278 5079; x_wconf 85' lang='grc' dir='ltr'>ραν</span> <span class='ocrx_word' id='word_1_730' title='bbox 305 5004 441 5080; x_wconf 80' lang='grc' dir='ltr'>ἔσχε</span> <span class='ocrx_word' id='word_1_731' title='bbox 470 5007 731 5081; x_wconf 68' lang='grc' dir='ltr'>γενέσεως</span> <span class='ocrx_word' id='word_1_732' title='bbox 772 5008 975 5086; x_wconf 72' lang='grc' dir='ltr'>ἀρχὴν,</span> <span class='ocrx_word' id='word_1_733' title='bbox 1030 5010 1127 5085; x_wconf 70' lang='grc' dir='ltr'>μία</span> <span class='ocrx_word' id='word_1_734' title='bbox 1174 5008 1232 5067; x_wconf 72' lang='grc' dir='ltr'>δὶ</span> <span class='ocrx_word' id='word_1_735' title='bbox 1279 5013 1490 5068; x_wconf 88' lang='grc' dir='ltr'>πάντων</span> <span class='ocrx_word' id='word_1_736' title='bbox 1524 5008 1734 5075; x_wconf 80' lang='grc' dir='ltr'>εἷ’σοδος</span> <span class='ocrx_word' id='word_1_737' title='bbox 1764 5010 1839 5073; x_wconf 80' lang='grc' dir='ltr'>εἰς</span> 
     </span>
    </p>
   </div>
   <div class='ocr_carea' id='block_1_100' title="bbox 170 5090 899 5171">
    <p class='ocr_par' dir='ltr' id='par_1_100' title="bbox 170 5090 899 5171">
     <span class='ocr_line' id='line_1_102' title="bbox 170 5090 899 5171; baseline 0.01 -22"><span class='ocrx_word' id='word_1_738' title='bbox 170 5095 269 5150; x_wconf 81' lang='grc' dir='ltr'>τὸν</span> <span class='ocrx_word' id='word_1_739' title='bbox 307 5094 461 5170; x_wconf 80' lang='grc' dir='ltr'>βίον,</span> <span class='ocrx_word' id='word_1_740' title='bbox 492 5090 675 5167; x_wconf 74' lang='grc' dir='ltr'>ἕξοδός</span> <span class='ocrx_word' id='word_1_741' title='bbox 701 5119 760 5153; x_wconf 86' lang='grc' dir='ltr'>τε</span> <span class='ocrx_word' id='word_1_742' title='bbox 788 5097 899 5171; x_wconf 69' lang='grc' dir='ltr'>ἴση.</span> 
     </span>
    </p>
   </div>
   <div class='ocr_carea' id='block_1_101' title="bbox 254 5250 767 5391">
    <p class='ocr_par' dir='ltr' id='par_1_101' title="bbox 254 5250 767 5391">
     <span class='ocr_line' id='line_1_103' title="bbox 254 5250 767 5391; baseline 0.01 -88"><span class='ocrx_word' id='word_1_743' title='bbox 254 5250 375 5391; x_wconf 52' lang='grc' dir='ltr'>ξῧϐ)</span> <span class='ocrx_word' id='word_1_744' title='bbox 405 5250 571 5306; x_wconf 81' lang='lat' dir='ltr'>Joan.</span> <span class='ocrx_word' id='word_1_745' title='bbox 604 5267 643 5317; x_wconf 83' lang='grc' dir='ltr'>ι,</span> <span class='ocrx_word' id='word_1_746' title='bbox 679 5251 767 5309; x_wconf 74' lang='lat' dir='ltr'>l8.</span> 
     </span>
     <span class='ocr_line' id='line_1_104' title="bbox 278 5322 748 5391; baseline 0.009 -15"><span class='ocrx_word' id='word_1_747' title='bbox 278 5322 371 5391; x_wconf 83' lang='lat'>37)</span> <span class='ocrx_word' id='word_1_748' title='bbox 402 5322 557 5377; x_wconf 86' lang='lat' dir='ltr'>Psal.</span> <span class='ocrx_word' id='word_1_749' title='bbox 591 5338 748 5388; x_wconf 84' lang='lat' dir='ltr'>xvm,</span> 
     </span>
    </p>
   </div>
   <div class='ocr_carea' id='block_1_102' title="bbox 278 5322 833 5391">
    <p class='ocr_par' dir='ltr' id='par_1_102' title="bbox 278 5322 833 5391">
     <span class='ocr_line' id='line_1_105' title="bbox 278 5322 833 5391; baseline 0.007 -15"><span class='ocrx_word' id='word_1_750' title='bbox 278 5322 371 5391; x_wconf 83' lang='lat'>37)</span> <span class='ocrx_word' id='word_1_751' title='bbox 402 5322 557 5377; x_wconf 86' lang='lat' dir='ltr'>Psal.</span> <span class='ocrx_word' id='word_1_752' title='bbox 591 5338 748 5388; x_wconf 84' lang='lat' dir='ltr'>xvm,</span> <span class='ocrx_word' id='word_1_753' title='bbox 784 5328 833 5380; x_wconf 83' lang='grc'><strong>1.</strong></span> 
     </span>
    </p>
   </div>
   <div class='ocr_carea' id='block_1_103' title="bbox 256 5393 1091 5466">
    <p class='ocr_par' dir='ltr' id='par_1_103' title="bbox 256 5393 1091 5466">
     <span class='ocr_line' id='line_1_106' title="bbox 256 5393 1091 5466; baseline 0.011 -20"><span class='ocrx_word' id='word_1_754' title='bbox 256 5393 373 5466; x_wconf 71' lang='lat'>(38)</span> <span class='ocrx_word' id='word_1_755' title='bbox 406 5394 591 5466; x_wconf 87' lang='lat' dir='ltr'>Epist.</span> <span class='ocrx_word' id='word_1_756' title='bbox 624 5395 701 5452; x_wconf 91' lang='lat' dir='ltr'>ad</span> <span class='ocrx_word' id='word_1_757' title='bbox 729 5396 899 5455; x_wconf 80' lang='lat' dir='ltr'>Rom.</span> <span class='ocrx_word' id='word_1_758' title='bbox 931 5413 971 5463; x_wconf 80' lang='grc' dir='ltr'>ι,</span> <span class='ocrx_word' id='word_1_759' title='bbox 1004 5399 1091 5455; x_wconf 81' lang='lat'>20.</span> 
     </span>
    </p>
   </div>
   <div class='ocr_carea' id='block_1_104' title="bbox 277 5537 351 5590">
    <p class='ocr_par' dir='ltr' id='par_1_104' title="bbox 277 5537 351 5590">
     <span class='ocr_line' id='line_1_107' title="bbox 277 5537 351 5590; baseline 0 0"><span class='ocrx_word' id='word_1_760' title='bbox 277 5537 351 5590; x_wconf 71' lang='grc'>40</span> 
     </span>
    </p>
   </div>
   <div class='ocr_carea' id='block_1_105' title="bbox 275 5608 339 5661">
    <p class='ocr_par' dir='ltr' id='par_1_105' title="bbox 275 5608 339 5661">
     <span class='ocr_line' id='line_1_108' title="bbox 275 5608 339 5661; baseline 0 0"><span class='ocrx_word' id='word_1_761' title='bbox 275 5608 339 5661; x_wconf 68' lang='grc'><strong>41</strong></span> 
     </span>
    </p>
   </div>
   <div class='ocr_carea' id='block_1_106' title="bbox 174 5678 581 5751">
    <p class='ocr_par' dir='ltr' id='par_1_106' title="bbox 174 5678 581 5751">
     <span class='ocr_line' id='line_1_109' title="bbox 174 5678 581 5751; baseline 0 -14"><span class='ocrx_word' id='word_1_762' title='bbox 174 5678 324 5751; x_wconf 80' lang='lat' dir='ltr'>Luc.</span> <span class='ocrx_word' id='word_1_763' title='bbox 351 5678 462 5751; x_wconf 38' lang='lat' dir='ltr'>‘xn,</span> <span class='ocrx_word' id='word_1_764' title='bbox 492 5682 581 5737; x_wconf 85' lang='lat'>25.</span> 
     </span>
    </p>
   </div>
   <div class='ocr_carea' id='block_1_107' title="bbox 256 5750 1087 5830">
    <p class='ocr_par' dir='ltr' id='par_1_107' title="bbox 256 5750 1087 5830">
     <span class='ocr_line' id='line_1_110' title="bbox 256 5750 1087 5830; baseline 0.012 -26"><span class='ocrx_word' id='word_1_765' title='bbox 256 5750 373 5826; x_wconf 63' lang='grc' dir='ltr'>(ω)</span> <span class='ocrx_word' id='word_1_766' title='bbox 405 5750 538 5827; x_wconf 67' lang='lat' dir='ltr'>sap.</span> <span class='ocrx_word' id='word_1_767' title='bbox 570 5753 787 5815; x_wconf 85' lang='lat' dir='ltr'>Salom.</span> <span class='ocrx_word' id='word_1_768' title='bbox 820 5772 916 5827; x_wconf 80' lang='lat' dir='ltr'>vn,</span> <span class='ocrx_word' id='word_1_769' title='bbox 948 5757 1001 5830; x_wconf 86' lang='lat'>5,</span> <span class='ocrx_word' id='word_1_770' title='bbox 1034 5760 1087 5815; x_wconf 84' lang='lat'>6.</span> 
     </span>
    </p>
   </div>
   <div class='ocr_carea' id='block_1_108' title="bbox 404 5534 1041 5611">
    <p class='ocr_par' dir='ltr' id='par_1_108' title="bbox 404 5534 1041 5611">
     <span class='ocr_line' id='line_1_111' title="bbox 404 5534 1041 5611; baseline 0.002 -19"><span class='ocrx_word' id='word_1_771' title='bbox 404 5538 469 5605; x_wconf 87' lang='lat' dir='ltr'>C,</span> <span class='ocrx_word' id='word_1_772' title='bbox 497 5537 637 5611; x_wconf 71' lang='grc' dir='ltr'>καθὰ</span> <span class='ocrx_word' id='word_1_773' title='bbox 668 5534 751 5593; x_wconf 88' lang='grc' dir='ltr'>δεῖ</span> <span class='ocrx_word' id='word_1_774' title='bbox 781 5558 848 5611; x_wconf 90' lang='grc' dir='ltr'>με</span> <span class='ocrx_word' id='word_1_775' title='bbox 878 5534 1041 5611; x_wconf 68' lang='grc' dir='ltr'>νοεῖν,</span> 
     </span>
    </p>
   </div>
   <div class='ocr_carea' id='block_1_109' title="bbox 1945 4726 3586 4814">
    <p class='ocr_par' dir='ltr' id='par_1_109' title="bbox 1945 4726 3586 4814">
     <span class='ocr_line' id='line_1_112' title="bbox 1945 4726 3586 4814; baseline -0.011 -15"><span class='ocrx_word' id='word_1_776' title='bbox 1945 4742 2203 4814; x_wconf 87' lang='lat' dir='ltr'>sapiens,</span> <span class='ocrx_word' id='word_1_777' title='bbox 2226 4756 2347 4794; x_wconf 91' lang='lat' dir='ltr'>non</span> <span class='ocrx_word' id='word_1_778' title='bbox 2380 4737 2561 4802; x_wconf 87' lang='lat' dir='ltr'>dives,</span> <span class='ocrx_word' id='word_1_779' title='bbox 2585 4753 2705 4792; x_wconf 90' lang='lat' dir='ltr'>non</span> <span class='ocrx_word' id='word_1_780' title='bbox 2737 4740 2968 4809; x_wconf 87' lang='lat' dir='ltr'>potens,</span> <span class='ocrx_word' id='word_1_781' title='bbox 2992 4749 3113 4789; x_wconf 92' lang='lat' dir='ltr'>non</span> <span class='ocrx_word' id='word_1_782' title='bbox 3147 4729 3403 4802; x_wconf 86' lang='lat' dir='ltr'>denique</span> <span class='ocrx_word' id='word_1_783' title='bbox 3433 4726 3586 4783; x_wconf 86' lang='lat' dir='ltr'>alius</span> 
     </span>
    </p>
   </div>
   <div class='ocr_carea' id='block_1_110' title="bbox 1944 4815 3587 4904">
    <p class='ocr_par' dir='ltr' id='par_1_110' title="bbox 1944 4815 3587 4904">
     <span class='ocr_line' id='line_1_113' title="bbox 1944 4815 3587 4904; baseline -0.011 -16"><span class='ocrx_word' id='word_1_784' title='bbox 1944 4832 2241 4904; x_wconf 88' lang='lat' dir='ltr'>quispiam</span> <span class='ocrx_word' id='word_1_785' title='bbox 2262 4830 2525 4885; x_wconf 90' lang='lat' dir='ltr'>humana</span> <span class='ocrx_word' id='word_1_786' title='bbox 2544 4825 2738 4882; x_wconf 89' lang='lat' dir='ltr'>studia</span> <span class='ocrx_word' id='word_1_787' title='bbox 2768 4829 3137 4881; x_wconf 87' lang='lat' dir='ltr'>consectans.</span> <span class='ocrx_word' id='word_1_788' title='bbox 3165 4817 3371 4875; x_wconf 89' lang='lat' dir='ltr'>Nullus</span> <span class='ocrx_word' id='word_1_789' title='bbox 3403 4815 3587 4883; x_wconf 88' lang='lat' dir='ltr'>enim,</span> 
     </span>
    </p>
   </div>
   <div class='ocr_carea' id='block_1_111' title="bbox 1947 4907 3591 4993">
    <p class='ocr_par' dir='ltr' id='par_1_111' title="bbox 1947 4907 3591 4993">
     <span class='ocr_line' id='line_1_114' title="bbox 1947 4907 3591 4993; baseline -0.01 -17"><span class='ocrx_word' id='word_1_790' title='bbox 1947 4920 2486 4993; x_wconf 85' lang='lat' dir='ltr'>inquitille.regum</span> <span class='ocrx_word' id='word_1_791' title='bbox 2498 4921 2619 4981; x_wconf 82' lang='lat' dir='ltr'>.aut</span> <span class='ocrx_word' id='word_1_792' title='bbox 2635 4931 2837 4972; x_wconf 89' lang='lat' dir='ltr'>eorum</span> <span class='ocrx_word' id='word_1_793' title='bbox 2852 4913 2951 4984; x_wconf 90' lang='lat' dir='ltr'>qui</span> <span class='ocrx_word' id='word_1_794' title='bbox 2971 4913 3033 4967; x_wconf 91' lang='lat' dir='ltr'>in</span> <span class='ocrx_word' id='word_1_795' title='bbox 3052 4907 3415 4966; x_wconf 88' lang='lat' dir='ltr'>sublimitate</span> <span class='ocrx_word' id='word_1_796' title='bbox 3429 4910 3591 4975; x_wconf 85' lang='lat' dir='ltr'>sunt,</span> 
     </span>
    </p>
   </div>
   <div class='ocr_carea' id='block_1_112' title="bbox 1948 4997 3595 5067">
    <p class='ocr_par' dir='ltr' id='par_1_112' title="bbox 1948 4997 3595 5067">
     <span class='ocr_line' id='line_1_115' title="bbox 1948 4997 3595 5067; baseline -0.01 -1"><span class='ocrx_word' id='word_1_797' title='bbox 1948 5009 2110 5067; x_wconf 89' lang='lat' dir='ltr'>aliud</span> <span class='ocrx_word' id='word_1_798' title='bbox 2132 5009 2341 5065; x_wconf 90' lang='lat' dir='ltr'>habuit</span> <span class='ocrx_word' id='word_1_799' title='bbox 2362 5006 2685 5063; x_wconf 88' lang='lat' dir='ltr'>nativitatis</span> <span class='ocrx_word' id='word_1_800' title='bbox 2706 5002 3133 5059; x_wconf 87' lang='lat' dir='ltr'>initium.Unus</span> <span class='ocrx_word' id='word_1_801' title='bbox 3160 4997 3318 5055; x_wconf 86' lang='lat' dir='ltr'>enim</span> <span class='ocrx_word' id='word_1_802' title='bbox 3347 5001 3438 5052; x_wconf 88' lang='lat' dir='ltr'>est</span> <span class='ocrx_word' id='word_1_803' title='bbox 3466 5009 3595 5051; x_wconf 85' lang='lat' dir='ltr'>om-</span> 
     </span>
    </p>
   </div>
   <div class='ocr_carea' id='block_1_113' title="bbox 1949 5085 3525 5161">
    <p class='ocr_par' dir='ltr' id='par_1_113' title="bbox 1949 5085 3525 5161">
     <span class='ocr_line' id='line_1_116' title="bbox 1949 5085 3525 5161; baseline -0.008 -5"><span class='ocrx_word' id='word_1_804' title='bbox 1949 5100 2117 5155; x_wconf 90' lang='lat' dir='ltr'>nium</span> <span class='ocrx_word' id='word_1_805' title='bbox 2147 5096 2424 5154; x_wconf 86' lang='lat' dir='ltr'>introitus</span> <span class='ocrx_word' id='word_1_806' title='bbox 2447 5094 2521 5151; x_wconf 90' lang='lat' dir='ltr'>ad</span> <span class='ocrx_word' id='word_1_807' title='bbox 2542 5094 2807 5161; x_wconf 89' lang='lat' dir='ltr'>vitam,et</span> <span class='ocrx_word' id='word_1_808' title='bbox 2827 5090 2984 5148; x_wconf 89' lang='lat' dir='ltr'>idem</span> <span class='ocrx_word' id='word_1_809' title='bbox 3006 5089 3198 5146; x_wconf 85' lang='lat' dir='ltr'>exitus</span> <span class='ocrx_word' id='word_1_810' title='bbox 3219 5087 3373 5159; x_wconf 86' lang='lat' dir='ltr'>(Sap.</span> <span class='ocrx_word' id='word_1_811' title='bbox 3405 5085 3525 5158; x_wconf 79' lang='lat' dir='ltr'>vn).</span> 
     </span>
    </p>
   </div>
   <div class='ocr_carea' id='block_1_114' title="bbox 251 5454 3214 5680">
    <p class='ocr_par' dir='ltr' id='par_1_114' title="bbox 251 5454 3214 5680">
     <span class='ocr_line' id='line_1_117' title="bbox 262 5454 3214 5593; baseline 0.001 -74"><span class='ocrx_word' id='word_1_812' title='bbox 404 5454 645 5590; x_wconf 52' lang='lat' dir='ltr'>Lémlga</span> <span class='ocrx_word' id='word_1_813' title='bbox 668 5468 813 5593; x_wconf 44' lang='lat' dir='ltr'>8innA</span> <span class='ocrx_word' id='word_1_814' title='bbox 838 5484 852 5525; x_wconf 84' lang='lat'><strong>:</strong></span> <span class='ocrx_word' id='word_1_815' title='bbox 882 5454 1024 5555; x_wconf 62' lang='grc' dir='ltr'>Ὅρα</span> <span class='ocrx_word' id='word_1_816' title='bbox 1052 5466 1112 5524; x_wconf 75' lang='grc' dir='ltr'>ἐκ</span> <span class='ocrx_word' id='word_1_817' title='bbox 1139 5466 1297 5524; x_wconf 77' lang='grc' dir='ltr'>τίνων</span> <span class='ocrx_word' id='word_1_818' title='bbox 1332 5469 1406 5533; x_wconf 83' lang='grc' dir='ltr'>εἰς</span> <span class='ocrx_word' id='word_1_819' title='bbox 1431 5470 1528 5539; x_wconf 69' lang='grc' dir='ltr'>τὴν</span> <span class='ocrx_word' id='word_1_820' title='bbox 1558 5466 1653 5525; x_wconf 68' lang='grc' dir='ltr'>τοῦ</span> <span class='ocrx_word' id='word_1_821' title='bbox 1684 5474 1818 5525; x_wconf 80' lang='grc' dir='ltr'>Θεοῦ</span> <span class='ocrx_word' id='word_1_822' title='bbox 1845 5474 2044 5547; x_wconf 84' lang='grc' dir='ltr'>γνῶσιν</span> <span class='ocrx_word' id='word_1_823' title='bbox 2074 5467 2163 5523; x_wconf 84' lang='grc' dir='ltr'>καὶ</span> <span class='ocrx_word' id='word_1_824' title='bbox 2199 5460 2601 5541; x_wconf 85' lang='grc' dir='ltr'>μεγαλειότητα</span> <span class='ocrx_word' id='word_1_825' title='bbox 2629 5459 2880 5535; x_wconf 80' lang='grc' dir='ltr'>ἀνάγεται</span> <span class='ocrx_word' id='word_1_826' title='bbox 2909 5454 3214 5533; x_wconf 78' lang='grc' dir='ltr'>ἄνθρωπος.</span> 
     </span>
     <span class='ocr_line' id='line_1_118' title="bbox 251 5466 3214 5680; baseline -0.005 -7"><span class='ocrx_word' id='word_1_827' title='bbox 251 5466 371 5680; x_wconf 54' lang='grc' dir='ltr'>Ξδίξ</span> <span class='ocrx_word' id='word_1_828' title='bbox 404 5538 637 5667; x_wconf 37' lang='grc' dir='ltr'>ξίὶιῗῗῒιῗ</span> <span class='ocrx_word' id='word_1_829' title='bbox 672 5558 749 5680; x_wconf 57' lang='lat' dir='ltr'>Vel:</span> <span class='ocrx_word' id='word_1_830' title='bbox 781 5558 1062 5673; x_wconf 47' lang='grc' dir='ltr'>μέἹνξᾟίς</span> <span class='ocrx_word' id='word_1_831' title='bbox 1116 5609 1167 5680; x_wconf 78' lang='grc' dir='ltr'>ἐξ</span> <span class='ocrx_word' id='word_1_832' title='bbox 1225 5610 1378 5680; x_wconf 74' lang='grc' dir='ltr'>ὑμῶν</span> <span class='ocrx_word' id='word_1_833' title='bbox 1437 5616 1715 5680; x_wconf 79' lang='grc' dir='ltr'>μεριμνῶν</span> <span class='ocrx_word' id='word_1_834' title='bbox 1777 5610 1997 5669; x_wconf 83' lang='grc' dir='ltr'>δύναται</span> <span class='ocrx_word' id='word_1_835' title='bbox 2053 5611 2368 5680; x_wconf 84' lang='grc' dir='ltr'>προσθεῖναι</span> <span class='ocrx_word' id='word_1_836' title='bbox 2416 5604 2503 5662; x_wconf 75' lang='grc' dir='ltr'>ἐπὶ</span> <span class='ocrx_word' id='word_1_837' title='bbox 2550 5605 2648 5676; x_wconf 77' lang='grc' dir='ltr'>τὴν</span> <span class='ocrx_word' id='word_1_838' title='bbox 2677 5602 2899 5677; x_wconf 79' lang='grc' dir='ltr'>ἡλικίαν</span> <span class='ocrx_word' id='word_1_839' title='bbox 2931 5603 3098 5660; x_wconf 79' lang='grc' dir='ltr'>αὐτοῦ</span> <span class='ocrx_word' id='word_1_840' title='bbox 3127 5607 3214 5676; x_wconf 57' lang='grc' dir='ltr'>πῆῇ</span> 
     </span>
    </p>
   </div>
   <div class='ocr_carea' id='block_1_115' title="bbox 409 5596 3592 5691">
    <p class='ocr_par' dir='ltr' id='par_1_115' title="bbox 409 5596 3592 5691">
     <span class='ocr_line' id='line_1_119' title="bbox 409 5596 3592 5691; baseline -0.002 -27"><span class='ocrx_word' id='word_1_841' title='bbox 409 5596 613 5691; x_wconf 54' lang='lat' dir='ltr'>Matth.</span> <span class='ocrx_word' id='word_1_842' title='bbox 672 5628 748 5681; x_wconf 63' lang='grc' dir='ltr'>γι,</span> <span class='ocrx_word' id='word_1_843' title='bbox 781 5596 917 5671; x_wconf 65' lang='grc' dir='ltr'>’27ς</span> <span class='ocrx_word' id='word_1_844' title='bbox 967 5610 1062 5673; x_wconf 83' lang='grc' dir='ltr'>Τίς</span> <span class='ocrx_word' id='word_1_845' title='bbox 1116 5609 1167 5685; x_wconf 80' lang='grc' dir='ltr'>ἐξ</span> <span class='ocrx_word' id='word_1_846' title='bbox 1225 5610 1378 5688; x_wconf 76' lang='grc' dir='ltr'>ὑμῶν</span> <span class='ocrx_word' id='word_1_847' title='bbox 1437 5616 1715 5691; x_wconf 79' lang='grc' dir='ltr'>μεριμνῶν</span> <span class='ocrx_word' id='word_1_848' title='bbox 1777 5610 1997 5669; x_wconf 83' lang='grc' dir='ltr'>δύναται</span> <span class='ocrx_word' id='word_1_849' title='bbox 2053 5611 2368 5689; x_wconf 84' lang='grc' dir='ltr'>προσθεῖναι</span> <span class='ocrx_word' id='word_1_850' title='bbox 2416 5604 2503 5662; x_wconf 75' lang='grc' dir='ltr'>ἐπὶ</span> <span class='ocrx_word' id='word_1_851' title='bbox 2550 5605 2648 5676; x_wconf 77' lang='grc' dir='ltr'>τὴν</span> <span class='ocrx_word' id='word_1_852' title='bbox 2677 5602 2899 5677; x_wconf 79' lang='grc' dir='ltr'>ἡλικίαν</span> <span class='ocrx_word' id='word_1_853' title='bbox 2931 5603 3098 5660; x_wconf 77' lang='grc' dir='ltr'>αὐτοῦ</span> <span class='ocrx_word' id='word_1_854' title='bbox 3127 5607 3312 5679; x_wconf 85' lang='grc' dir='ltr'>πῆχυν</span> <span class='ocrx_word' id='word_1_855' title='bbox 3339 5596 3474 5668; x_wconf 71' lang='grc' dir='ltr'>ἓνα;</span> <span class='ocrx_word' id='word_1_856' title='bbox 3507 5596 3592 5658; x_wconf 68' lang='grc' dir='ltr'>Οτι</span> 
     </span>
    </p>
   </div>
  </div>
