4010 6206
203 375 345 437 1017

1393 376 1567 430 νΙἸἏ
1604 372 1956 430 BABLAAM
1990 374 2086 429 ΕΤ
2119 373 2464 431 ΙΟΔΒΔΡΗ.

3470 373 3612 432 1018

208 494 357 564 ζωὴν
388 490 633 549 αἰώνιον.
665 489 732 549 τὰ
760 498 864 568 γάρ
897 489 1109 565 ὀψώνια
1135 493 1236 558 τῆς
1294 489 1562 567 ἁμαρτίαις
1609 489 1853 560 θάνατος,

1978 492 2093 562 Dei,
2125 493 2243 549 vita
2271 498 2512 561 aeterna,
2545 492 2607 550 in
2637 494 2866 551 Christo
2925 494 3061 549 Jesu
3117 493 3365 550 Domino
3408 500 3610 550 nostro

201 582 267 637 τὸ
301 580 357 638 δὲ
386 593 637 659 χάρισμα
665 585 763 637 τοῦ
793 585 927 637 Θεοῦ
955 580 1068 650 ζωὴ
1100 579 1344 643 αἲώνιος.

278 672 413 732 Ek:
464 669 522 727 δὲ
579 672 607 727 6
665 671 898 750 Ἰωάσαφ
957 670 1092 747 πρὸς
1152 669 1333 726 αὐτόν.
1394 669 1647 747 Ἐπείπερ
1703 671 1738 740 ἡ
1798 666 1849 725 ἐν

202 762 366 839 σαρκὶ
397 761 509 832 ζωὴ
542 761 642 817 οὐκ
671 760 724 816 έν
759 763 943 835 μέτρῳ
1001 764 1145 829 ζωῆς
1206 780 1289 814 σοι
1339 756 1680 835 λελόγισται,
1728 754 1855 813 οὐδὲ

205 852 303 907 τὸν
337 853 560 917 θάνατον
600 856 817 920 τοῦτον,
875 849 932 905 ὅν
998 847 1309 928 ὑφίστανται
1367 851 1583 919 πάντες,
1630 845 1851 912 θάνατόν

203 962 293 998 σοι
325 939 640 1016 λογίζεσθαι
675 942 812 1016 χρή.

273 1031 338 1088 Ὀ
368 1028 427 1085 δὲ
456 1032 635 1107 γέρων
684 1028 1030 1105 ἀπεκρίνατο·
1091 1026 1546 1106 Ἀναμφιλέκτως
1592 1026 1679 1083 καὶ
1728 1026 1853 1095 περὶ

196 1120 415 1176 τούτων
447 1119 629 1183 οὕτως
660 1118 802 1196 ἔχω,
837 1115 1099 1193 μηδόλως
1130 1119 1221 1174 τὸν
1255 1116 1584 1195 πρόσκαιρον
1636 1116 1853 1172 τουτονὶ

198 1211 436 1274 θάνατον
487 1208 730 1286 τρέμων,
791 1211 933 1284 μήτε
991 1209 1215 1273 θάνατον
1303 1206 1462 1263 αὐτὸν
1534 1205 1853 1281 τοπαράπαν

195 1297 525 1371 ἀποκαλῶν,
559 1297 613 1354 εἴ
637 1319 702 1374 γε
729 1300 829 1370 τὴν
864 1295 987 1354 ὁδὸν
1017 1301 1124 1352 τῶν
1159 1296 1394 1353 ἐντολῶν
1427 1300 1524 1352 τοῦ
1568 1299 1703 1351 Θεοῦ
1757 1296 1853 1371 βα-

193 1385 425 1458 δίζοντά
458 1409 525 1461 με
558 1392 668 1462 (66)
718 1384 1027 1463 καταλάϐῃ,
1077 1382 1429 1464 διαϐατήριον
1463 1383 1519 1441 δὲ
1553 1383 1767 1459 μᾶλλον
1798 1383 1858 1440 έκ

192 1479 435 1533 θανάτου
492 1477 626 1553 πρὸς
690 1478 835 1547 ζωήν
895 1476 995 1546 τὴν
1050 1476 1335 1551 κρείττονα
1410 1474 1500 1531 καὶ
1584 1472 1855 1532 τελειοτέ-

194 1588 301 1644 ραν
334 1570 469 1641 (67),
513 1567 603 1622 καὶ
664 1565 717 1622 ἐν
774 1566 994 1640 Χριστῷ
1049 1566 1432 1641 κρυπτομένην
1490 1566 1625 1639 (68),
1681 1565 1855 1640 ἧσπερ

198 1660 512 1721 ποθοῦντες
540 1661 753 1732 τυχεῖν,
786 1655 837 1710 οἱ
869 1654 1013 1732 ’ἆγιοι
1043 1654 1183 1709 πάνυ
1211 1652 1280 1729 τῇ
1333 1652 1580 1729 παρούσῃ
1631 1649 1854 1728 ἐδυσχέ-

198 1768 423 1824 ραινον.
458 1744 551 1801 Διό
607 1740 1222 1824 φησινὸἈπόστολοςο
1285 1741 1524 1817 Οἴδαμεν
1582 1746 1688 1814 (69)
1748 1742 1856 1813 ὅτι,

197 1836 295 1893 ἐὰν
330 1838 366 1931 ᾗ
400 1832 640 1931 έπίγειρς
693 1837 851 1907 ἡμῶν
881 1832 1058 1931 ..οἰκία
1113 1837 1208 1889 τοῦ
1267 1835 1499 1904 σκήνους
1556 1831 1857 1906 καταλυθῇ,
1890 1865 1936 1931 Β

197 1922 517 1998 οἰκοδομήν
576 1922 637 1980 ἐκ
688 1927 822 1979 Θεοῦ
880 1921 1080 2000 ἔχομεν
1141 1921 1314 1979 οῗκίαν
1401 1921 1858 1998 ἀχειροποίητον,

196 2014 452 2083 αἰώνιον,
485 2012 536 2068 ἓν
560 2011 685 2074 τοῖς
720 2010 1002 2089 ούρανοῖς’
1035 2010 1126 2066 καὶ
1180 2010 1281 2087 γὰρ
1338 2009 1389 2065 έν
1446 2009 1624 2083 τούτῳ
1682 2009 1861 2065 στενά.

194 2109 398 2177 ζομεν,
427 2102 493 2159 τὸ
520 2100 849 2174 οἰκητήριον
879 2103 1041 2174 ἡμῶν
1073 2100 1136 2155 τὸ
1194 2099 1244 2172 ἐξ
1294 2098 1526 2175 ούρανοῦ
1573 2096 1862 2155 ἐπενδύσα-

202 2206 326 2259 σθαι
360 2192 772 2263 ἐπιποθοῦντες,
806 2187 853 2246 εἳ
882 2211 945 2266 γε
1001 2190 1092 2245 καὶ
1141 2185 1513 2263 ἐνδυσάμενοι,
1546 2189 1611 2244 ού
1662 2187 1863 2267 γυμνοὶ

206 2281 642 2357 εὑρεθησόμεθαο
678 2283 831 2341 15³
859 2281 946 2335 καὶ
994 2280 1096 2356 γὰρ
1148 2280 1201 2334 οἳ
1246 2274 1396 2341 ὅντες
1445 2277 1496 2333 ἐν
1540 2282 1619 2351 τῷ
1676 2280 1863 2349 σκήνει

200 2372 540 2445 στενάζομεν
578 2370 951 2447 βαρούμενοι,
981 2368 1063 2447 ἐφ’
1093 2368 1140 2441 ᾧ
1170 2367 1231 2424 ού
1264 2366 1491 2442 θέλομεν
1524 2365 1863 2442 ἐκδύσασθαι,

209 2460 351 2518 ἀλλ’
383 2458 792 2529 ἐπενδύσασθαι,
820 2459 913 2514 ἳνα
947 2462 1230 2533 καταποθῇ
1276 2457 1340 2512 τὸ
1374 2459 1568 2529 θνητὸν
1617 2457 1721 2513 ὑπὸ
1763 2464 1866 2528 τῆς

205 2557 389 2623 ζωῆς.
426 2547 739 2606 Καὶπάλιν’
791 2546 1155 2620 Ταλαίπωρος
1214 2551 1321 2621 (70)
1380 2545 1485 2623 ἐγὼ
1543 2544 1861 2621 ἅνθρωποςί

205 2640 298 2703 τίς
333 2661 403 2714 με
432 2639 647 2717 ῥύσεται
673 2638 732 2694 ἐκ
758 2642 855 2694 τοῦ
882 2640 1140 2713 σώματος
1193 2634 1289 2693 τοῦ
1347 2636 1573 2693 Θανάτου
1629 2636 1862 2709 τούτους

213 2730 327 2789 Καὶ
358 2727 530 2795 αὖθις.
560 2730 841 2802 Ἐπιθυμῶ
870 2733 980 2800 (71)
1035 2724 1295 2784 ἀναλῦσαι
1353 2724 1442 2782 καὶ
1503 2724 1596 2781 σὺν
1648 2724 1867 2802 Χριστῷ

204 2821 377 2876 εἶναι.
410 2820 472 2877 Ὁ
523 2816 581 2875 δὶ
636 2819 958 2897 Προφήτης,
1011 2817 1150 2873 Πότε
1206 2819 1313 2890 (72)
1365 2815 1503 2888 ἥξω,
1564 2816 1720 2890 φησὶ,
1777 2815 1867 2870 καὶ

210 2910 537 2988 ὀφθήσομαι
566 2908 646 2981 τῷ
674 2910 955 2983 προσώπῳ
982 2912 1080 2963 τοῦ
1112 2910 1284 2978 Θεοῦς
1316 2906 1440 2963 ’Ότι
1500 2901 1557 2959 δὲ
1602 2905 1690 2959 καὶ
1742 2902 1867 2978 ἐμοὶ

211 2999 299 3073 τῷ
327 2998 544 3055 πάντων
578 2996 982 3074 ἐλαχιστοτέρῳ
1043 2994 1290 3059 οῦδόλως
1336 2998 1428 3051 τὸν
1478 2993 1732 3066 αἶσθητὸν
1782 2991 1870 3057 θά-

208 3110 382 3146 νατον
407 3086 703 3144 δεδοικέναι
737 3085 906 3157 δοκεῖ,
962 3085 1130 3159 ἔξεστί
1187 3107 1271 3141 σοι
1329 3089 1527 3162 γνῶναι
1583 3088 1683 3157 τῷ,
1743 3082 1869 3158 παρ’

213 3176 381 3235 οὐδὲν
414 3176 636 3250 θέμενόν
668 3198 734 3251 με
760 3177 859 3246 τήν
884 3181 982 3231 τοῦ
1031 3179 1127 3231 σοῦ
1185 3175 1385 3249 πατρὸς
1437 3172 1672 3243 ἀπειλὴν
1733 3176 1868 3247 (73),
1901 3219 1945 3288 Ο

223 3266 284 3287 08
325 3272 353 3284 ο
703 3268 713 3288 Ι
758 3268 785 3288 Λ
909 3266 1000 3288 __!
1095 3265 1141 3288 ,X
1201 3264 1287 3288 -.μδ
1320 3264 1407 3288 -ἒ.
1467 3262 1731 3288 --.--Ι--1-.
1787 3283 1866 3288 _--

212 3266 422 3337 ἀδεῶς,
454 3268 845 3344 παραγενέσθαι
903 3266 1040 3340 πρὸς
1088 3265 1146 3320 σὶ
1200 3264 1409 3320 καὶτὸν
1463 3262 1732 3339 σωτήριόν
1784 3283 1871 3317 σοι

216 3357 585 3434 κατάγγεῖλαι
615 3356 800 3432 λόγον,
833 3350 1071 3429 ἀκριϐῶς
1128 3374 1228 3430 περ
1287 3350 1468 3409 εἰδότα
1517 3353 1612 3422 ὡς,
1664 3351 1707 3407 εἷ
1758 3349 1874 3407 ἔλθι

220 3446 383 3519 αὐτῷ
438 3446 516 3510 εἷς
570 3450 765 3523 γνῶσιν
813 3448 1003 3514 ταῦτα,
1069 3443 1289 3520 μυρίοις
1352 3462 1441 3517 με,
1526 3441 1571 3497 εἷ
1630 3438 1877 3510 δυνατὸν,

220 3531 611 3593 καθυποϐαλεῖ
650 3534 918 3599 θανάτοις.
977 3531 1134 3591 Ἀλλ’
1191 3529 1378 3610 ἔγωγε,
1436 3533 1526 3587 τὸν
1584 3535 1685 3588 τοῦ
1742 3535 1877 3587 Θεοῦ

220 3625 399 3702 λόγον
431 3626 647 3682 πάντων
699 3623 1012 3702 προκρίνων
1072 3621 1161 3679 καὶ
1222 3621 1385 3678 αὐτοῦ
1442 3624 1627 3678 ποθῶν
1687 3620 1875 3677 έπιτυ-

223 3714 541 3792 χεῖν,οῦτε
589 3718 860 3789 πτοοῦμαι
916 3713 1007 3769 τὸν
1063 3712 1393 3789 πρόσκαιρον
1447 3712 1696 3784 θάνατον,
1753 3708 1876 3767 οὔτε

215 3814 326 3877 τῆς
381 3804 637 3876 τοιαύτης
688 3804 848 3861 αὐτὸν
904 3801 1278 3878 προσηγορίας
1331 3798 1477 3872 ἄξιον
1537 3800 1683 3864 ὅλως
1742 3799 1875 3855 ἀπο-

215 3895 406 3966 καλῶ,
438 3900 506 3968 τῇ
538 3896 841 3969 Δεσποτικῇ
872 3892 1196 3965 πειθόμενος
1231 3890 1446 3966 ἐντολῇ,
1504 3894 1573 3966 τῇ
1621 3890 1873 3966 λεγούσῃ.

216 3988 315 4056 Μὴ
349 3981 891 4064 φοῦεῖσθι1(74)ἆπὸ
946 3985 1053 4038 τῶν
1115 3981 1513 4038 ἆποκτενόντων
1570 3979 1635 4036 τὸ
1694 3983 1874 4054 σῶμα,

212 4078 321 4147 τήν
361 4063 419 4131 δὶ
456 4076 641 4149 ψυχὴν
701 4074 776 4147 μὴ
834 4069 1146 4145 δυναμένων
1198 4069 1532 4126 ἀποκτεῖναι·
1593 4063 1875 4149 φοϐήθητε

220 4163 283 4221 εὶ
318 4162 535 4238 μᾶλλον
561 4164 655 4219 τὸν
689 4159 991 4235 δυνάμενον
1025 4159 1114 4217 καί
1163 4162 1351 4236 ψυχὴν
1400 4159 1490 4216 καὶ
1539 4164 1697 4233 σῶμα
1745 4159 1876 4215 ἀπο-

221 4254 385 4311 λέσαι
414 4252 469 4309 έν
499 4254 710 4330 γεέννῃ.

294 4347 477 4401 Ταῦτα
508 4344 605 4418 μὶν
655 4343 773 4413 οῦν,
829 4340 993 4420 φησὶν
1045 4342 1076 4397 6
1134 4340 1387 4416 Ἰωάσῳ,
1444 4346 1545 4410 τῆς
1603 4338 1873 4412 ἀληθινῆς

222 4436 389 4509 ὑμῶν
446 4432 771 4513 φιλοσοφίας
823 4430 892 4486 τὰ
970 4430 1392 4508 κατορθώματα,
1472 4425 1876 4504 ὑπιραναϐεϐη-

214 4525 357 4581 κότα
386 4522 506 4579 λίαν
538 4522 637 4592 τήν
668 4527 774 4576 τῶν
802 4518 1008 4597 γηίνων
1038 4520 1194 4598 ιρύσιν
1250 4524 1357 4574 τῶν
1408 4516 1872 4584 δυσαποσπάστως

214 4622 325 4684 τῆς
375 4611 659 4684 παρούσης
716 4609 957 4685 ἐχόντων
1018 4614 1187 4678 ζωῆς·
1244 4608 1334 4663 καὶ
1394 4609 1652 4683 μακάριοι
1713 4591 1947 4682 ὑμεῖςῘ)

224 4705 388 4762 154
411 4700 669 4771 τοιαύτης
726 4696 985 4774 ἐχόμενοι
1046 4694 1432 4772 ἀνδρειοτάτης
1482 4697 1731 4773 γνώμης.
1764 4698 1864 4761 Τίς

219 4789 281 4848 δέ
319 4812 418 4847 σου
474 4788 566 4845 καὶ
620 4792 729 4842 τῶν
784 4786 877 4843 σῦν
935 4786 1021 4842 σοὶ
1079 4786 1132 4841 έν
1187 4789 1255 4860 τῇ
1312 4786 1538 4862 τοιαύτῃ
1597 4786 1792 4862 ἐρήμῳ
1829 4790 1864 4858 ἡ

220 4879 516 4958 διατροφὴ,
548 4876 709 4943 πόθεν
737 4874 795 4933 δέ
839 4878 907 4933 τὰ
956 4872 1228 4950 ένδύματα
1285 4876 1372 4931 καὶ
1431 4878 1670 4951 ποταπά,
1725 4877 1869 4954 γνώ-

219 4971 371 5047 ρισόν
409 4990 505 5045 μοι
536 4964 880 5043 φιλαλήθως.

291 5154 399 5222 (66)
432 5148 589 5223 Psal:
623 5164 814 5223 cxvqt,
847 5148 951 5202 32:
983 5143 1423 5223 :086viévtokibv
1456 5166 1551 5202 σου
1582 5143 1840 5223 ἔδραμον,

290 5219 403 5295 (67)
435 5220 720 5295 Cf._Greg.
753 5219 883 5295 Nag.
911 5223 958 5295 _t.
986 5220 1029 5281 Ι.
1061 5237 1120 5292 p.
1153 5222 1274 5276 315.

1965 583 2143 653 (Rom.
2175 583 2273 656 vi).

2033 673 2190 729 Dixit
2218 680 2418 729 autem
2450 673 2525 730 ad
2574 690 2709 730 eum
2758 674 3075 746 Josaphat:
3122 670 3611 743 Quandoquidem

1961 763 2139 818 vitam
2174 780 2303 836 qua;
2336 764 2397 819 in
2429 780 2605 820 carne
2638 763 2895 830 ducitur,
2956 764 3133 819 vitam
3184 780 3312 818 esse
3361 759 3605 817 minime

1963 869 2191 921 censes,
2224 870 2331 924 par
2360 860 2450 909 est
2479 854 2659 927 igitur
2687 860 2751 909 ut
2779 871 2853 910 ne
2883 859 3137 909 mortem
3170 851 3410 924 quidem
3451 850 3608 905 hanc

1963 958 2143 1013 quam
2173 958 2378 997 omnes
2408 942 2665 997 subeunt
2692 948 2944 997 mortem
2976 958 3104 998 esse
3135 956 3402 995 censeas.

2034 1031 2359 1103 Respondit
2390 1049 2570 1087 senex
2600 1050 2613 1087 :
2647 1032 2781 1087 Sine
2813 1032 2935 1088 ulla
2965 1030 3332 1087 dubitatione
3385 1028 3457 1083 de
3510 1025 3604 1082 his

1964 1136 2200 1192 quoque
2232 1120 2313 1176 ita
2342 1138 2576 1191 censeo,
2610 1121 2831 1194 quippe
2865 1122 2964 1195 qui
3005 1119 3421 1193 temporariam
3451 1118 3605 1173 hanc

1964 1214 2206 1266 mortem
2225 1209 2467 1266 minime
2481 1212 3043 1283 pertimescam,imo
3062 1228 3170 1267 nec
3184 1208 3429 1267 omnino
3443 1223 3605 1263 mor-

1965 1304 2084 1355 tem
2116 1315 2246 1354 eam
2285 1299 2602 1372 appellem,
2635 1302 2683 1356 si
2716 1300 2953 1374 quidem
2987 1318 3078 1357 me
3106 1317 3211 1373 per
3269 1298 3605 1354 divinorum

1966 1394 2397 1461 praeceptorum
2415 1390 2568 1445 viam
2595 1390 2969 1447 incedentem
2994 1388 3485 1462 arripuerit,quin
3504 1403 3605 1459 po-

1968 1480 2083 1534 tius
2116 1479 2430 1535 transitum
2461 1496 2494 1535 a
2512 1487 2699 1536 morte
2721 1481 2793 1536 ad
2814 1482 3286 1553 praestantiorem
3307 1485 3365 1533 et
3380 1477 3605 1550 perfec-

1969 1569 2179 1623 tiorem
2211 1568 2387 1623 vitam
2421 1574 2596 1640 atque
2620 1568 2679 1624 in
2702 1570 2931 1625 Christo
2954 1568 3361 1625 absconditam
3380 1566 3602 1636 (Coloss.

1966 1657 2258 1729 1n).Cujus
2291 1657 2530 1729 quidem
2554 1658 2986 1730 consequendze
3009 1657 3331 1730 cupiditate
3352 1656 3607 1727 ﬂagran-

1968 1754 2055 1805 tes
2087 1750 2294 1821 optimi
2323 1748 2452 1815 viri,
2484 1755 2840 1821 przesentem
2863 1750 3016 1804 hanc
3046 1749 3223 1802 vitam
3253 1744 3608 1818 permoleste

1966 1837 2256 1896 ferebant.
2292 1837 2453 1893 Unde
2487 1839 2665 1893 etiam
2692 1838 2775 1893 ait
2805 1837 3156 1910 Apostolus:
3190 1835 3416 1890 Scimus
3447 1833 3610 1888 enim

1968 1928 2251 2001 quoniam
2285 1928 2331 1982 si
2366 1927 2663 1983 terrestris
2694 1926 2907 1982 domus
2938 1931 3141 1982 nostra
3170 1926 3348 1997 hujus
3378 1922 3609 1978 habita-

1968 2018 2149 2073 tionis
2180 2017 2542 2085 dissolvitur,
2574 2015 3031 2072 aeditlcationem
3061 2033 3131 2070 ex
3155 2015 3271 2069 Deo
3298 2011 3608 2079 habemus,

1969 2106 2213 2163 domum
2244 2124 2364 2163 non
2396 2106 2815 2171 manufactam,
2846 2111 3129 2161 mternam
3160 2102 3219 2158 in
3252 2102 3435 2158 ccelis.
3468 2101 3614 2155 Nam

1970 2203 2028 2253 et
2048 2198 2110 2252 in
2129 2198 2240 2252 hoc
2262 2194 3161 2269 ingemiscimus,habitationem
3185 2197 3609 2260 nostram,quaa

1970 2286 2044 2343 de
2074 2285 2219 2342 ccelo
2251 2291 2359 2351 est,
2394 2284 2742 2358 superindui
2775 2284 3104 2355 cupientes,
3125 2282 3387 2338 sitamen
3415 2276 3609 2332 vestiti

1972 2382 2030 2431 et
2046 2392 2164 2431 non
2181 2374 2323 2430 nudi
2342 2375 2714 2431 inveniamur
2731 2374 2801 2446 (ΙΙ
2824 2374 2929 2428 Cor
2955 2374 3181 2444 v).Nam
3205 2376 3264 2426 et
3283 2370 3383 2442 qui
3406 2383 3612 2423 sumus

1972 2466 2035 2521 in
2068 2464 2180 2520 hoc
2211 2464 2615 2532 tabernaculo,
2641 2461 3089 2536 ingemiscimus
3111 2460 3427 2534 gravati,eo
3457 2454 3617 2529 quod

1971 2554 2250 2611 nolumus
2282 2553 2712 2626 exspoliariari,
2754 2552 2858 2608 sed
2881 2568 3059 2624 super
3088 2550 3381 2617 vestiri,ut
3405 2547 3617 2603 absor-

1971 2644 2181 2700 beatur
2197 2642 2355 2714 quod
2373 2642 2624 2698 mortale
2648 2648 2737 2696 est
2755 2658 2790 2696 a
2817 2642 2954 2696 vita.
2976 2644 3055 2694 Ac
3078 2655 3313 2695 rursum
3339 2654 3352 2691 :
3380 2635 3616 2702 Infelix,

1972 2733 2187 2804 inquit,
2211 2748 2315 2805 ego
2342 2731 2679 2804 homo,quis
2703 2746 2796 2786 me
2816 2729 3097 2785 liberabit
3114 2729 3185 2784 de
3208 2743 3453 2798 corpore
3465 2741 3620 2780 mor-

1975 2822 2049 2876 tis
2071 2822 2250 2893 hujus
2276 2822 2452 2893 (Rom.
2484 2820 2616 2891 vn)?
2636 2821 2705 2874 Et
2734 2819 2850 2875 alio
2873 2819 3031 2874 loco:
3055 2817 3240 2889 Cupio
3263 2813 3526 2879 dissolvi,
3561 2818 3619 2867 et

1974 2926 2104 2966 esse
2126 2927 2259 2964 cum
2274 2909 2503 2964 Christo
2521 2909 2894 2980 (Philipi),Et
2913 2907 3203 2980 propheta
3218 2902 3620 2968 Javiszuan-

1974 3000 2048 3055 do
2070 3000 2323 3066 veniam,
2348 2999 2717 3072 etapparebo
2745 3003 2881 3055 ante
2904 2996 3115 3053 faciem
3142 2994 3243 3050 Dei
3262 2991 3425 3065 (Psal.
3459 2992 3571 3062 xLI)
3593 2990 3621 3046 ‘I

1975 3090 2140 3157 Quod
2170 3096 2367 3147 autem
2392 3108 2496 3164 ego
2538 3106 2774 3162 quoque
2798 3089 3068 3145 omnium
3098 3087 3372 3141 infirmus
3403 3097 3618 3153 corpo-

1982 3198 2143 3237 ream
2168 3186 2418 3236 mortem
2441 3180 2607 3236 nullo
2640 3179 2816 3235 modo
2842 3178 3245 3236 extimescam.
3277 3172 3417 3229 hinc
3446 3170 3619 3227 facile

1983 3270 2088 3325 tibi
2113 3270 2443 3343 intelligere
2464 3268 2791 3341 licet,quod
2811 3267 2995 3342 patris
3013 3267 3094 3321 tui
3119 3264 3299 3320 minis
3316 3268 3620 3333 contemp-

1983 3361 2058 3416 tis
2080 3377 2146 3415 ac
2162 3378 2268 3432 pro
2295 3360 2482 3415 nihilo
2503 3356 3045 3430 habitis,intrepide
3069 3355 3142 3411 ad
3173 3360 3227 3410 te
3243 3352 3616 3417 accesserim,

1981 3455 2047 3505 ut
2075 3448 2440 3505 salutiferam
2470 3449 2803 3504 doctrinam
2835 3446 2939 3502 tibi
2968 3460 3360 3518 exponerem;
3386 3441 3621 3497 tametsi

1982 3538 2204 3609 alioqui
2230 3538 2769 3611 compertzssimum
2800 3536 3080 3593 haberem
3111 3534 3236 3589 fore
3284 3537 3350 3587 ut
3397 3531 3445 3586 si
3494 3530 3621 3585 haec

1984 3629 2355 3699 rescisceret,
2379 3629 2672 3685 sexcentis
2704 3644 2821 3697 me,
2856 3626 3049 3683 siﬁeri
3076 3628 3297 3697 posset,
3331 3620 3620 3678 mortibus

1983 3717 2267 3774 afficeret.
2288 3719 2500 3773 Verum
2522 3734 2626 3792 ego
2656 3718 2756 3773 Dei
2785 3731 3118 3774 sermonem
3147 3711 3423 3769 omnibus
3447 3708 3624 3765 rebus

1983 3808 2629 3879 anteponens,ipsoque
2650 3807 2765 3863 frui
2786 3806 3054 3879 cupiens,
3070 3821 3179 3861 nec
3203 3799 3623 3875 temporariam

1982 3897 2137 3953 hanc
2164 3904 2416 3953 mortem
2447 3898 2969 3970 perborresco,nec
2992 3912 3123 3952 eam
3150 3890 3494 3967 hujusmodi
3516 3905 3623 3945 no-

1983 3987 2144 4042 mine
2174 3986 2593 4060 appellandam
2622 3987 2793 4056 duco,
2826 3985 3061 4042 Domini
3094 3985 3319 4041 scilicet
3344 3979 3623 4038 mandato

1982 4076 2401 4148 obtemperans
2426 4077 2680 4133 dicentis
2706 4094 2721 4132 :
2754 4077 2943 4132 Nolite
2971 4075 3179 4130 timere
3212 4089 3313 4128 eos
3344 4071 3442 4140 qui
3466 4066 3622 4123 occi-

1982 4166 2134 4222 dunt
2161 4183 2398 4239 corpus,
2430 4168 2701 4223 animum
2748 4171 2948 4221 autem
2996 4180 3119 4219 non
3163 4163 3415 4232 possunt
3465 4155 3624 4211 occi-

1982 4255 2158 4321 dere;
2199 4255 2302 4312 sed
2332 4256 2530 4327 potius
2559 4257 2762 4311 timete
2794 4270 2929 4309 eum
2960 4252 3061 4323 qui
3118 4253 3313 4322 potest
3359 4244 3622 4302 animam

1982 4350 2041 4399 et
2066 4361 2279 4417 corpus
2306 4344 2553 4417 perdere
2586 4345 2645 4399 in
2676 4344 3011 4416 gehennam
3042 4338 3257 4413 (Matth.
3284 4336 3360 4407 χ).

2053 4437 2207 4501 Rrec,
2243 4436 2437 4507 inquit
2462 4435 2767 4507 Josaphat,
2797 4450 2947 4488 verm
2979 4437 3185 4488 vestra)
3230 4425 3621 4501 philosophiae

1981 4526 2267 4597 prmclara
2285 4526 2950 4592 facinora,terrenorum
2974 4522 3283 4578 hominum
3305 4517 3406 4590 qui
3429 4532 3463 4571 ει
3478 4531 3626 4586 prm-

1980 4616 2133 4671 senti
2149 4616 2258 4672 hac
2274 4616 2389 4671 vita
2404 4616 2498 4671 vix
2517 4615 2689 4671 avelli
2713 4618 3261 4687 possunt,naturam
3284 4608 3455 4679 longe
3471 4602 3625 4659 mul-

1980 4710 2226 4777 tumque
2242 4711 2526 4778 superant
2552 4706 2633 4761 Ac
2654 4723 2752 4761 vos
2774 4702 3059 4773 beati,qui
3079 4702 3188 4756 hac
3212 4694 3625 4754 strenuissima

1978 4800 2176 4851 mente
2194 4795 2425 4867 praediti
2443 4796 2603 4851 estis.
2620 4796 2870 4862 Quinam
2885 4808 3061 4866 porro
3078 4790 3183 4846 tibi
3211 4806 3277 4844 ac
3301 4785 3478 4842 sociis
3500 4783 3618 4839 tuis

1978 4882 2039 4938 in
2053 4884 2153 4957 huj
2164 4885 2396 4941 usmodi
2412 4885 2734 4941 solitudine
2746 4886 2933 4940 victus
2947 4882 3227 4952 sit,atque
3240 4879 3381 4935 item
3396 4873 3552 4930 unde
3566 4876 3625 4929 et

1979 4973 2312 5044 cujusmodi
2336 4976 2498 5032 vobis
2520 4980 2710 5030 vestes
2723 4977 3198 5046 suppetant,vere
3214 4967 3358 5025 mihi
3374 4979 3623 5038 expone.

436 5289 700 5372 Epistola
729 5290 804 5372 ad_
828 5289 1177 5372 Colossfin,
1195 5295 1225 5346 3
1257 5308 1270 5348 :
1304 5291 1626 5355 Ἀπεθάνετε
1652 5291 1781 5367 γὰρ,
1812 5313 1864 5347 κο

2003 5295 2114 5365 ζωὴ
2149 5296 2300 5369 ὑμῶν
2359 5295 2654 5372 κέκρυπται
2709 5294 2801 5349 σὺν
2856 5297 2936 5367 τῷ
2996 5294 3221 5367 Χριστῷ
3265 5290 3315 5349 ἰν
3346 5294 3426 5368 τῷ
3478 5297 3613 5369 Θεῷ.

285 5360 406 5503 (69)
436 5360 699 5445 ll'lipist.
733 5360 808 5419 ad
838 5362 969 5420 Cor.
1001 5379 1055 5430 v,
1089 5360 1206 5419 1-4.

310 5440 400 5500 70)
432 5436 619 5503 Epist.
651 5432 727 5490 ad
756 5436 924 5490 Rom.
957 5450 1051 5497 vn.
1082 5436 1171 5491 24.

310 5432 400 5500 70)
432 5432 619 5505 Epist.
651 5432 727 5505 ad
756 5436 924 5490 Rom.
957 5450 1051 5497 vn.
1082 5436 1171 5491 24.

286 5509 402 5583 (71)
432 5503 618 5583 Epist.
651 5504 726 5562 ad
756 5505 1012 5583 Philipp.
1038 5522 1074 5578 ι,
1108 5508 1175 5578 2ε
1200 5524 1215 5565 :
1244 5506 1355 5577 τήν
1388 5505 1679 5583 ἒπιθυμίαν
1711 5503 1857 5583 ἔχων

1996 5511 2059 5565 τὸ
2088 5509 2393 5571 ἀναλῦσαι..
2408 5555 2420 5567 .

290 5576 403 5646 (72)
431 5576 591 5634 Psal.
623 5592 736 5646 xm,
780 5579 832 5632 2.

288 5636 408 5804 ξιξ

625 5762 640 5780 ⁸
716 5762 732 5795 ν

625 5762 732 5795 σειν
