4030 6202
202 378 333 435 1021

1381 383 1553 437 νιΤΑ
1586 379 1938 436 ΒΑΒΙΔΔΠ
1972 379 2068 433 ΕΤ
2100 379 2442 433 JOASAPH.

3465 378 3605 439 4022

202 503 422 575 αλήθως
454 504 553 572 τήν
584 507 693 559 τῶν
722 502 1005 580 παρόντων
1042 504 1380 577 ματαιότητα
1426 505 1514 559 καὶ
1568 502 1697 559 ο⁹ίων
1744 524 1839 558 κα-

1958 504 2276 559 vanitatem
2299 503 2719 571 demonstravi,
2738 503 3096 573 quantisque
3117 505 3290 560 malis
3312 507 3408 562 hic
3430 526 3602 567 mun-

198 593 369 648 κῶνὸ
416 593 626 666 κόσμος
679 592 855 667 γέμει,
912 591 1176 667 χαλεπῶς
1236 594 1454 648 ἀπατῶν
1512 592 1639 655 τοὺς
1704 592 1851 665 αὑτῷ

200 681 559 753 πειθομένους
589 681 679 736 καὶ
710 680 1081 757 πολυτρόπως
1126 682 1324 744 αὑτοὺς
1358 679 1685 758 παγιδεύων.
1722 689 1849 736 Λοι-

198 772 295 826 πὸν
327 768 658 844 πορευθῆναί
686 791 753 843 με
785 768 867 825 δεῖ
914 772 1033 834 ὅθεν
1075 769 1339 841 ἐλήλυθα.
1372 771 1477 828 Καὶ
1530 775 1847 842 τηνικαῦτα,

195 862 258 917 τὸ
299 859 596 935 ἂλλότριον
631 859 966 932 ἀποθέμενος
1025 864 1240 935 σχῆμα,
1270 861 1334 915 τὸ
1358 858 1502 916 ’ίδιον
1534 858 1727 933 ἔσομαι
1760 860 1848 913 ὲν-

199 944 514 1019 δεδομένος.

264 1041 515 1091 Δυσωπεῖ
569 1034 750 1091 τοίνυν
808 1036 901 1090 τὸν
957 1036 1180 1113 γέροντα
1239 1038 1269 1091 ὁ
1329 1037 1557 1113 Ἰωασαφ
1616 1037 1844 1111 ὀφθῆναι

194 1127 344 1199 αὑτῷ
390 1130 474 1198 τῷ
522 1127 742 1196 συνήθει
799 1126 969 1181 αὑτοῦ
1027 1123 1304 1200 ἐνδύματι.
1356 1127 1547 1182 Τότεὸ
1580 1126 1848 1200 Βαρλαᾶμ

190 1212 631 1287 ἀπεκδυσάμενος
682 1215 740 1277 ὂς
790 1215 857 1282 ἧν
891 1209 1189 1287 περιϐεϐλη
1205 1214 1365 1288 μένος
1399 1215 1639 1288 ἱμάτιον,
1673 1216 1847 1287 θέαμα

191 1304 349 1376 ὤφθη
384 1302 615 1383 φοϐερὸν
672 1310 753 1378 τῷ
813 1306 1069 1384 Ἰωάσαφ.
1104 1308 1202 1363 Ἦν
1246 1309 1350 1382 γάρ
1381 1308 1416 1376 ἡ
1449 1311 1592 1361 πᾶσα
1625 1307 1722 1379 μὲν
1750 1309 1847 1374 τῆς

190 1396 389 1469 σαρκὸς
428 1393 661 1465 ποιότης
709 1391 1152 1468 δεδαπανημένη,
1212 1394 1664 1469 μεμελανωμένον
1697 1393 1755 1450 δὲ
1786 1396 1846 1451 τὸ

187 1482 366 1560 δέρμα
396 1484 456 1540 ἐκ
482 1491 585 1555 τῆς
614 1484 858 1554 ἡλιακῆς
902 1483 1254 1563 φιλογώσεως
1284 1486 1373 1540 καὶ
1431 1486 1842 1559 περιτεταμὲνον

182 1579 305 1635 τοῖς
342 1572 574 1644 ὀστὲοις,
606 1572 681 1634 ὡς
712 1571 765 1628 εἷ’
787 1594 870 1635 τις
894 1571 1056 1648 δοράν
1087 1595 1207 1629 τινα
1238 1573 1519 1648 περιτείνει
1540 1574 1591 1628 ἐν
1622 1573 1845 1636 λεπτοῖς

181 1661 487 1735 καλάμοις·
543 1660 793 1737 τρίχινον
850 1660 908 1716 δέ
959 1683 1011 1717 τι
1072 1661 1238 1738 ῥάκος
1303 1661 1695 1739 ἐρῥικνωμὲνον
1754 1662 1842 1717 καὶ

182 1752 312 1809 λίαν
339 1752 521 1828 τραχὺ
578 1751 975 1827 περιεζώννυτο
1005 1750 1056 1822 ἐξ
1091 1751 1291 1830 ὀσφύος
1352 1753 1516 1827 μέχρι
1575 1750 1837 1826 γονάτων·

184 1842 389 1932 ὅμοιον
423 1838 481 1896 δὲ
534 1840 732 1896 τούτου
789 1838 1026 1895 παλλίον
1083 1843 1198 1914 (83)
1254 1836 1652 1917 περιεϐέϐλητο
1708 1843 1921 1932 κατὰΒ

183 1933 302 1986 τῶν
331 1924 527 2002 ὤμων.

262 2016 709 2093 *ι’περθαυμάσας
769 2016 827 2073 δὲ
883 2020 912 2073 ὁ
971 2019 1202 2093 Ἰωάσαφ
1260 2024 1360 2088 τῆς
1415 2018 1658 2095 σκληρᾶς
1710 2020 1845 2074 ταύ-

180 2130 290 2180 της
344 2106 625 2183 διαγωγῆς
678 2108 743 2162 τὸ
800 2106 1080 2177 ἐπίπονον,
1140 2109 1230 2162 καὶ
1286 2110 1349 2163 τὸ
1401 2115 1503 2178 τῆς
1560 2108 1843 2185 καρτερίας

184 2191 545 2271 ὑπερϐάῖιλον
600 2193 928 2271 ἐκπλαγεὶς,
988 2194 1238 2274 σφοδρῶς
1293 2194 1535 2269 ἐδάκρυε,
1567 2197 1657 2252 καὶ
1709 2218 1842 2275 φησι

179 2284 323 2359 πρὸς
369 2285 465 2341 τὸν
522 2288 779 2361 γέρονταθ
828 2285 978 2343 Ἐπεί
1040 2306 1107 2359 με
1134 2285 1236 2353 τῆς
1262 2292 1460 2362 πικρᾶς
1503 2291 1600 2342 τοῦ
1657 2282 1841 2342 διαϐό-

182 2375 291 2433 λου
354 2372 611 2437 3ουλείας
685 2374 1047 2447 ἆλευθερῶσαι
1138 2374 1339 2446 ἥκεις,
1397 2376 1556 2441 τέλος
1623 2398 1718 2432 σου
1772 2379 1841 2451 τῇ

180 2466 470 2542 εὐεργεσίᾳ
524 2465 728 2523 ἰπιθείς
808 2464 1031 2542 ἐξάγαγε
1102 2470 1215 2540 (84)
1270 2466 1331 2522 ἐκ
1412 2466 1659 2545 φυλακῆς
1740 2469 1838 2536 τὴν

179 2558 378 2631 φυγήν
436 2576 563 2628 μου,
631 2559 771 2615 157
830 2555 952 2626 καὶ,
1009 2551 1344 2631 παραλαϐών
1408 2577 1475 2629 με
1532 2556 1666 2629 μετᾶ
1718 2561 1840 2627 σοῦ,

186 2645 413 2720 ἄγωμεν
466 2645 725 2717 ἐντεῦθεν,
779 2644 869 2699 ’ἰνα
911 2643 1099 2700 τέλεον
1139 2643 1559 2721 λελυτρωμένος
1586 2653 1687 2714 τῆς
1744 2651 1841 2701 τοῦ

182 2733 406 2806 κόσμου
462 2736 669 2805 ἀπάτης
740 2735 840 2804 τὴν
898 2731 1168 2813 σφραγῖδα
1223 2739 1518 2805 τηνικαῦτα
1604 2733 1840 2809 δὲξωμαι

181 2826 288 2879 τοῦ
348 2824 622 2897 σωτηρίου
686 2823 1088 2899 βαπτίσματος,
1136 2822 1227 2878 καί
1280 2822 1545 2887 κοινωνός
1600 2845 1688 2879 σοι
1740 2828 1839 2893 τῆς

180 2921 507 2986 θαυμαστῆς
528 2912 732 2984 ταύτης
760 2912 1087 2992 φιλοσοφίας
1117 2913 1207 2969 καὶ
1232 2913 1534 2991 ὑπερφυοῦς
1563 2913 1843 2985 ἀσκήσεως

181 3005 459 3081 γένωμαι.

250 3184 389 3239 Εἷπε
434 3180 492 3238 δὲ
540 3179 804 3256 Βαρλαάμ
856 3182 990 3257 πρὸς
1058 3181 1240 3238 αὐτόν·
1302 3178 1513 3255 Νεϐρὸν
1570 3180 1832 3258 δορκάδος

168 3272 366 3350 ἔτρεφὲ
440 3293 524 3333 τις
608 3276 715 3326 τῶν
775 3270 1058 3327 πλουσίων
1096 3315 1110 3330 .
1192 3270 1492 3345 Αὑξηθεῖσα
1565 3269 1622 3327 δὶ
1697 3272 1829 3343 αὕτη

164 3364 266 3425 τὰς
338 3360 587 3437 ἐρήμους
654 3360 837 3417 ἐπόθει
875 3408 889 3432 ,
957 3365 1027 3434 τῇ
1086 3366 1288 3437 φυσικῇ
1350 3360 1623 3435 ἑλκομένη
1680 3359 1832 3434 ἕξει.

170 3451 507 3523 Ἐξελθοῦσα
532 3450 713 3506 τοίνυν
752 3449 804 3505 ἐν
836 3456 956 3524 μιᾷ,
1011 3450 1243 3526 εὑρίσκει
1295 3450 1493 3526 ἀγέλην
1552 3449 1833 3528 δορκάδων

171 3540 539 3617 βοσκομένων
589 3540 679 3595 καὶ
731 3538 970 3614 ἐχόμενα
1026 3538 1238 3594 τούτων
1294 3547 1548 3616 περιῆγεν
1606 3539 1659 3595 ἐν
1717 3544 1835 3604 τοῖς

169 3628 389 3692 πεδίοις
434 3632 534 3685 τοῦ
591 3626 824 3703 δρυμοῦ,
885 3627 1292 3706 ὑποστρέφουσα
1326 3630 1420 3703 μὲν
1475 3630 1539 3683 τὸ
1576 3630 1714 3704 πρὸς
1745 3628 1834 3684 ἐσ-

166 3719 361 3794 πέραν,
393 3718 510 3791 ἅμα
549 3716 607 3772 δὲ
658 3715 826 3792 πρωΐ,
858 3721 927 3791 τῇ
974 3722 1085 3773 τῶν
1136 3717 1553 3794 ὑπουργούντων
1582 3717 1831 3790 ἀμελείᾳ,

168 3808 514 3885 ὲξερχομένη
570 3807 661 3863 καὶ
720 3814 835 3871 τοῖς
892 3808 1101 3883 ἄργίοις
1159 3808 1832 3885 συναγελάζουσα.Έκείο

167 3922 279 3954 νων
344 3896 402 3953 δὲ
442 3896 777 3974 πορρωτέρω
831 3898 1205 3970 μεταθεμένων
1261 3899 1540 3970 νέμεσθαι,
1598 3918 1831 3969 συνηκο-

167 3986 419 4056 λούθησε
472 3986 563 4041 καὶ
620 3988 783 4057 αὐτή,
843 3987 911 4043 Οἱ
966 3985 1023 4041 δὲ
1067 3990 1163 4041 τοῦ
1220 3984 1487 4041 πλουσίου
1546 3986 1831 4062 ὑπηρέται,

159 4082 335 4132 τοῦτο
377 4075 722 4148 οἷσθόμενοι,
755 4074 835 4153 ἐφ’
887 4075 1073 4132 ἳππων
1132 4072 1446 4144 ἀναϐάντες,
1506 4075 1829 4148 κατεδίωξαν

164 4159 355 4214 ὀπίσω
386 4159 587 4231 αὑτῶν,
618 4159 710 4213 καὶ
763 4160 861 4229 την
930 4160 1023 4233 μὲν
1059 4159 1199 4214 ἰδίαν
1235 4157 1472 4235 δορκάδα
1505 4164 1829 4235 ζωγρήσαν-

157 4271 277 4321 τες,
324 4250 418 4304 καὶ
475 4247 972 4325 ἑπαναστρεψαντες
1024 4247 1235 4318 οἷ’καδε,
1287 4250 1545 4317 ἀπρόϊτον
1572 4254 1669 4305 τοῦ
1712 4251 1832 4307 λοι-

157 4343 273 4395 ποῦ
306 4333 514 4403 ἕθεντο³
548 4341 649 4403 τῆς
688 4334 745 4392 δὲ
800 4335 1010 4407 λοιπῆς
1060 4337 1262 4415 ἀγέλης
1294 4339 1391 4402 τὰς
1444 4339 1538 4411 μὶν
1573 4339 1830 4395 ἀπέκτει-

155 4450 281 4498 ναν,
314 4428 415 4489 τὰς
454 4425 513 4483 Si
566 4431 745 4489 κακῶς
804 4425 1091 4491 διὲθεντον.
1147 4429 1249 4484 Τὸν
1309 4427 1469 4483 αὑτὸν
1502 4429 1568 4497 δὴ
1627 4430 1828 4499 τρόπον

154 4514 393 4572 δέδοικα
432 4514 677 4591 γενέσθαι
726 4516 816 4571 καὶ
873 4514 953 4592 ἐφ’
1011 4518 1182 4588 ἡμᾶς,
1243 4517 1291 4571 εἷ
1342 4516 1833 4588 συνακολουθήσεις

1959 591 2069 647 dus
2103 599 2343 653 scateat.
2378 610 2481 648 eos
2530 593 2629 663 qui
2660 593 2774 663 ipsi
2799 592 3212 664 obtemperaut
3252 594 3312 648 in
3332 595 3599 654 fraudem

1959 680 2271 748 inducens,
2305 683 2599 753 variisque
2630 682 2824 736 modis
2855 682 3152 736 irretiens.
3179 683 3468 755 Deinceps
3499 687 3604 757 igi-

1958 776 2073 838 tur,
2108 788 2175 826 eo
2207 771 2363 826 unde
2397 773 2512 826 huc
2550 771 2702 831 veni,
2757 772 3168 826 revertendum
3218 780 3329 841 est,
3362 790 3431 828 ac
3480 780 3605 831 tum

1957 860 2154 915 alieno
2188 860 2391 915 habitu
2424 861 2713 932 deposito,
2747 876 2947 915 meum
2998 861 3264 917 induam.

2030 1039 2371 1095 Obsecravit
2393 1045 2591 1095 autem
2617 1055 2818 1095 senem
2845 1041 3299 1112 Josaphat,utse
3330 1042 3440 1113 ipsi
3466 1059 3600 1099 cum

1953 1134 2241 1185 consueta
2270 1134 2427 1184 veste
2448 1129 2805 1184 ostenderet.
2831 1132 2972 1184 Cum
2998 1131 3196 1202 itaque
3222 1132 3487 1188 Barlaam
3511 1149 3604 1186 ve-

1955 1223 2105 1273 stem
2135 1235 2265 1274 eam
2289 1234 2465 1289 quam
2486 1218 2730 1290 gerebat
2750 1220 3027 1289 exuisset,
3054 1220 3416 1276 horrendum
3438 1223 3600 1278 Josa-

1953 1308 2098 1379 phat
2127 1308 2532 1379 spectaculum
2556 1325 2686 1363 sese
2710 1308 2945 1363 obtulit.
2979 1310 3213 1365 Etenim
3240 1316 3361 1365 tota
3403 1312 3601 1367 carnis

1953 1397 2141 1467 ipsius
2168 1398 2423 1468 qualitas
2458 1397 2677 1469 [πιότης
2703 1402 2938 1466 fortasse
2963 1400 3268 1467 legendum,
3299 1401 3360 1455 id
3379 1408 3457 1456 est
3476 1402 3606 1473 pin-

1952 1484 2160 1556 guedo]
2183 1486 2497 1557 absumpta
2522 1494 2666 1547 erat.
2692 1504 2758 1541 ac
2785 1487 2960 1558 pellis
2984 1504 3052 1541 ex
3084 1488 3228 1543 solis
3253 1494 3400 1543 mstu
3423 1496 3602 1561 atque

1952 1573 2164 1629 ardore
2186 1574 2409 1629 circum
2432 1592 2566 1630 ossa
2589 1582 2759 1630 tensa
2784 1582 2931 1642 erat,
2956 1593 3075 1630 non
3101 1592 3271 1631 secus
3293 1593 3361 1631 ac
3384 1578 3431 1630 si
3468 1578 3601 1649 quis

1951 1665 2169 1735 pellem
2189 1664 2505 1719 subtilibus
2518 1666 2763 1721 calamis
2790 1667 3159 1721 tetendisset.
3177 1669 3409 1721 Pannos
3424 1684 3599 1738 porro

1952 1770 2019 1808 ac
2036 1770 2321 1825 perquam
2348 1771 2557 1825 aspero
2589 1755 2784 1809 cilicio
2809 1772 2839 1809 e
2864 1755 3083 1810 lumbis
3105 1772 3293 1826 usque
3317 1756 3389 1811 ad
3407 1772 3601 1828 genua

1952 1842 2319 1914 cingebatur,
2351 1842 2629 1915 idemque
2659 1844 2907 1915 pallium
2932 1845 3197 1900 humeris
3230 1844 3487 1916 gerebat.

2022 2021 2363 2077 Admiratus
2394 2023 2592 2092 itaque
2612 2023 2895 2094 Josaphat
2918 2023 3259 2094 hujusmodi
3282 2026 3411 2079 vitae
3433 2025 3599 2079 duri-

1952 2110 2094 2165 tiam
2121 2112 2591 2182 etasperitatem,
2608 2117 2785 2183 atque
2809 2129 2879 2166 ex
2894 2112 3118 2185 ingenti
3142 2130 3212 2168 ea
3233 2118 3292 2168 et
3312 2113 3597 2186 singulari

1949 2200 2263 2255 tolerantia
2306 2206 2545 2271 stupore
2575 2202 2821 2256 affectus
2866 2202 3177 2271 ingemuit,
3218 2202 3594 2273 profusisque

1948 2285 2227 2357 lacrymis
2257 2286 2331 2341 ad
2381 2303 2585 2342 senem
2615 2287 2699 2342 ait
2726 2304 2738 2342 :
2789 2288 3079 2353 Quoniam
3115 2303 3184 2343 ea
3213 2288 3318 2342 tibi
3349 2289 3464 2343 huc
3495 2304 3593 2343 ve-

1948 2375 2150 2429 niendi
2175 2392 2354 2431 causa
2372 2376 2503 2444 fuit,
2528 2383 2592 2431 ut
2615 2393 2707 2431 me
2739 2393 2811 2431 ex
2840 2377 3053 2432 acerba
3069 2377 3291 2432 diaboli
3310 2377 3592 2433 servitute

1947 2467 2308 2532 extraheres,
2337 2465 2627 2521 beneficio
2656 2473 2754 2521 tuo
2779 2472 3103 2522 extremam
3130 2483 3370 2521 manum
3401 2467 3596 2538 impo—

1947 2572 2040 2623 ne,
2075 2561 2253 2626 atque
2282 2556 2543 2611 animam
2576 2573 2770 2611 meam
2796 2556 2866 2611 de
2907 2556 3175 2611 custrdia
3223 2557 3371 2611 educ
3420 2557 3593 2622 (Psal.

1947 2649 2183 2713 cxu)ac
2215 2661 2308 2699 me
2339 2645 2571 2699 itineris
2615 2646 2699 2699 tui
2748 2646 2975 2699 socium
3015 2645 3255 2710 adhibe,
3284 2650 3349 2699 ut
3386 2644 3595 2699 mundi

1947 2734 2281 2804 impostura
2309 2751 2552 2805 prorsus
2580 2735 2885 2801 liberatus,
2921 2741 3043 2788 tum
3076 2734 3331 2804 denique
3364 2736 3595 2789 saluta-

1945 2822 2027 2877 ris
2058 2822 2337 2893 baptismi
2365 2824 2627 2895 sigillum
2659 2824 2966 2895 accipiam,
2991 2823 3337 2893 sociumque
3363 2837 3457 2875 me
3490 2822 3597 2875 tibi

1945 2910 2303 2966 admitandzr.
2335 2912 2514 2983 hujus
2544 2911 2934 2983 philosophia
2962 2918 3140 2982 atque
3163 2910 3394 2966 eximias
3425 2927 3585 2966 exer-

1949 3000 2248 3056 citationis
2274 3000 2592 3072 prwbeam.

2019 3179 2174 3235 Dixit
2202 3186 2399 3236 autem
2422 3180 2496 3235 ad
2519 3197 2654 3235 eum
2677 3182 2947 3237 Barlaam
2972 3198 2984 3235 :
3019 3182 3255 3253 Caprem
3274 3180 3592 3236 hinnulum

2019 3231 2171 3235 ____-
2205 3231 2399 3236 ______
2426 3231 2496 3235 η
2525 3231 2654 3235 -___
2680 3231 2947 3237 -______
2972 3231 2984 3235 _
3028 3231 3158 3253 ηπ-
3177 3231 3251 3236 m
3275 3231 3592 3236 _________m

1864 3231 1909 3295 Ο
1947 3270 2107 3326 dives
2129 3272 2425 3343 quispiam
2452 3271 2595 3326 olim
2617 3271 2841 3327 alebat:
2865 3288 2997 3327 cum
3020 3273 3360 3344 autemipse
3383 3271 3592 3327 crevis-

1945 3361 2536 3432 set,naturaliaii'ectu
2554 3368 2882 3432 pertractus
2896 3361 3249 3417 solitudines
3263 3362 3593 3434 expetebat.

1943 3452 2225 3523 Egressus
2250 3452 2430 3525 igitur
2449 3454 2706 3525 quodam
2729 3453 2847 3521 die,
2872 3469 3220 3525 caprearum
3238 3466 3473 3528 gregem
3500 3472 3599 3527 pa-

1947 3541 2060 3595 stui
2093 3558 2333 3613 operam
2367 3542 2609 3597 dantem
2639 3542 2882 3609 invenit,
2911 3549 3085 3613 atque
3118 3543 3192 3598 ad
3224 3560 3322 3598 eas
3345 3561 3474 3599 sese
3492 3546 3599 3600 ad-

1936 3630 2219 3702 jungens,
2253 3648 2358 3703 per
2408 3648 2578 3704 agros
2610 3638 2669 3687 et
2712 3649 2951 3703 campos
2982 3632 3314 3697 oberrabat,
3347 3650 3415 3689 ac
3464 3652 3594 3690 sero

1945 3720 2185 3789 quidem
2219 3721 2462 3776 domum
2483 3738 2545 3776 se
2568 3720 2863 3776 referebat
2888 3738 2900 3787 ;
2934 3738 3107 3777 mane
3129 3728 3327 3777 autem
3350 3721 3597 3778 famulo-

1943 3826 2075 3864 rum
2098 3810 2457 3883 negligentia
2478 3811 2637 3866 foras
2656 3811 3086 3881 egrediebatur,
3119 3819 3294 3883 atque
3326 3830 3459 3868 cum
3493 3814 3600 3869 sil-

1944 3900 2235 3955 vestribus
2250 3899 2443 3971 capris
2463 3916 2525 3955 se
2539 3901 2905 3973 aggregabat.
2934 3904 3116 3957 Porro
3136 3919 3269 3957 cum
3288 3903 3406 3958 illae
3420 3903 3602 3975 pabu-

1941 3987 2125 4043 latum
2150 3988 2381 4060 longius
2404 3989 2857 4060 processissent,
2882 3989 3008 4059 ipse
3041 4006 3278 4061 quoque
3300 4007 3399 4045 eas
3420 3990 3602 4045 comi-

1942 4083 2100 4132 tatus
2124 4084 2231 4132 est.
2259 4080 2331 4132 At
2356 4094 2487 4133 vero
2510 4078 2882 4133 divitisillius
2900 4079 3002 4132 viri
3019 4078 3316 4143 famuli,re
3340 4079 3596 4150 cognita,

1945 4168 2292 4222 conscensis
2316 4167 2487 4237 equis
2514 4183 2613 4222 eas
2634 4184 2668 4222 a
2689 4172 2850 4239 tergo
2873 4167 3125 4222 insecuti
3148 4172 3307 4233 sunt,
3332 4182 3399 4221 ac
3424 4183 3592 4221 suam

1943 4256 2185 4327 quidem
2203 4272 2476 4327 capream
2493 4256 2679 4311 vivam
2692 4262 2945 4327 captam.
2981 4255 3344 4324 domumque
3376 4255 3592 4309 reduc-

1942 4352 2061 4402 tam
2085 4346 2424 4417 posthacita
2444 4351 2857 4411 tenuerunt,ut
2873 4344 3019 4399 nulli
3036 4344 3107 4399 ad
3121 4361 3249 4398 eam
3262 4344 3457 4399 aditus
3480 4362 3590 4416 pa-

1944 4435 2417 4505 teret;rcliquum
2450 4440 2645 4489 autem
2675 4450 2910 4505 gregem
2942 4434 3156 4504 partim
3194 4433 3587 4501 trucidarunt,

1941 4525 2156 4597 partim
2184 4524 2339 4579 male
2363 4523 2712 4578 multarunt.
2729 4522 2944 4577 Eodem
2960 4522 3136 4577 modo
3152 4539 3224 4579 ne
3247 4522 3419 4577 nobis
3444 4525 3595 4578 acci-

156 4625 288 4682 μοι·
331 4607 549 4680 μήποτε
577 4604 669 4659 καὶ
710 4611 809 4675 τῆς
870 4611 969 4674 σῆς
1028 4606 1387 4679 άποστερηθῶ
1445 4608 1835 4677 συνοικήσεως,

1951 4613 2050 4667 dat
2070 4613 2349 4675 metuo,si
2374 4612 2519 4666 mihi
2540 4617 2596 4665 te
2617 4612 2897 4667 comitem
2924 4612 3231 4684 adjungas.
3260 4614 3375 4668 Hoc
3395 4619 3594 4678 est,ne

144 4700 243 4753 καὶ
283 4701 473 4752 κακῶν
503 4694 732 4752 πολλῶν
767 4701 883 4758 τοῖς
938 4696 1174 4771 ἑταίροις
1236 4718 1347 4770 μου
1399 4696 1642 4773 γένωμαι
1699 4698 1837 4772 πρό-

146 4789 312 4859 ξενος
344 4786 613 4861 κρίματός
644 4807 703 4841 τε
758 4784 987 4841 αἰωνίου
1014 4790 1093 4858 τῷ
1151 4792 1231 4859 σῷ
1288 4790 1596 4864 γεννήτορι.
1658 4786 1833 4845 Ἀλλᾶ

141 4876 326 4934 τοῦτό
361 4896 421 4930 σε
455 4874 709 4951 βούλεται
739 4876 767 4930 ὁ
801 4873 1026 4949 Κύριος,
1066 4873 1156 4930 νῦν
1204 4876 1301 4948 μὲν
1353 4879 1730 4947 σημειωθῆναι
1760 4882 1829 4951 τῇ

146 4963 432 5045 σφραγῖδι
460 4969 559 5021 τοῦ
591 4962 739 5029 θείου
799 4965 1179 5039 βαπτίσματος
1237 4968 1372 5039 (85),
1404 4966 1494 5021 καὶ
1533 4968 1708 5040 μένειν
1741 4964 1827 5020 ἐπὶ

138 5058 378 5133 χώρας,
435 5053 611 5125 πάσης
664 5053 1030 5129 ἀντεχόμενον
1091 5048 1362 5116 εύσεϐείας
1416 5054 1507 5109 κάὶ
1562 5062 1662 5124 τῆς
1716 5058 1824 5110 τῶν

136 5147 406 5202 ἓντοΑῶν
436 5147 539 5199 τοῦ
568 5144 806 5219 Χριστοῦ
834 5142 1103 5219 ἐργασίας.
1165 5143 1330 5200 Ἐπὰν
1392 5144 1545 5203 ’158
1601 5141 1657 5199 δὲ
1706 5142 1822 5217 δῴη

138 5235 353 5311 καιρὸν
394 5234 667 5288 ὁπάντων
724 5230 894 5308 δοτὴρ
953 5237 1061 5287 τῶν
1112 5233 1321 5303 καλῶν,
1379 5238 1677 5304 τηνικαῦτα
1735 5238 1826 5290 καὶ

137 5325 363 5399 ἕλε-ὅσῃ
398 5323 535 5399 πρὸς
589 5329 758 5396 ῆμᾶς,
812 5324 902 5378 καὶ
942 5323 1005 5378 τὸ
1038 5319 1345 5379 ὑπόλοιπον
1378 5327 1481 5389 τῆς
1538 5324 1824 5400 παρούσης

1948 4706 1999 4756 et
2026 4706 2148 4767 tuo,
2172 4699 2562 4755 contubernio
2603 4700 2818 4770 priver,
2843 4705 2901 4754 et
2943 4699 3214 4773 ingentes
3246 4702 3422 4756 sociis
3443 4702 3595 4757 meis

1940 4790 2327 4858 calamitates,
2346 4806 2411 4844 ac
2430 4789 2852 4860 sempiternam
2869 4791 3019 4861 patri
3036 4796 3133 4844 tuo
3148 4790 3593 4845 condemnatio-

1940 4895 2078 4934 nem
2097 4894 2416 4933 accersam.
2438 4878 2573 4932 Vult
2586 4878 2786 4948 itaque
2804 4885 2861 4933 te
2876 4879 3160 4934 Dominus
3174 4896 3333 4934 nunc
3347 4878 3589 4949 quidem

1938 4968 2118 5023 divini
2142 4967 2422 5037 baptismi
2442 4966 2635 5038 sigillo
2659 4968 3017 5039 consignari,
3040 4974 3217 5039 atque
3234 4968 3327 5023 hic
3341 4984 3594 5023 manen-

1938 5061 2055 5113 tem
2077 5057 2241 5111 omni
2260 5056 2498 5127 pietatis
2510 5055 2714 5128 generi
2729 5056 2991 5119 studere.
3014 5058 3445 5130 prmoeptisque
3469 5058 3592 5113 suis

1936 5162 2177 5219 operam
2202 5145 2362 5202 dare.
2415 5148 2808 5217 Posteaquam
2855 5152 3052 5203 autem
3098 5148 3262 5203 illius
3302 5148 3597 5204 bonorum

1935 5237 2202 5292 omnium
2225 5237 2449 5292 datoris
2474 5254 2719 5294 munere
2746 5239 2981 5294 occasio
3005 5255 3133 5295 sese
3152 5238 3455 5308 obtulerit,
3472 5245 3598 5294 tum

1935 5328 2176 5383 demum
2199 5335 2258 5384 et
2278 5328 2351 5383 ad
2366 5345 2476 5384 nos
2499 5330 2728 5397 venies,
2753 5335 2810 5384 et
2830 5346 2936 5401 per
2957 5330 3255 5401 reliquum
3279 5346 3457 5387 omne
3484 5330 3597 5385 hu-

217 5453 346 5525 (83)
383 5450 725 5532 Latinorum
748 5450 1008 5521 pallium.
1046 5452 1314 5507 Moschus
1347 5452 1519 5507 Prato
1550 5469 1602 5508 c.
1638 5454 1704 5507 76
1735 5469 1747 5507 :
1784 5449 1839 5505 εὖ

1992 5471 2112 5507 τινα
2147 5451 2460 5527 μοναχὸν...
2526 5449 2693 5525 μηδὲν
2728 5450 2923 5528 ἔχοντα
2962 5451 3109 5524 πλὴν
3144 5452 3430 5532 στιχαρίου
3459 5475 3587 5531 τρι-

132 5520 445 5601 χίνουίκ-αὶ
469 5520 733 5601 παλλίου.

220 5598 347 5667 (84)
384 5594 539 5651 Psal.
583 5611 730 5663 σιω,
764 5600 823 5650 7·

225 5664 347 5745 (δῇ)
382 5667 444 5736 C,
480 5671 801 5745 appathoB
832 5664 986 5745 ἁγίου
1017 5664 1351 5739 Πνεύματος.
1371 5668 1747 5745 Αβᾶρῑί-εῐξιιιε
1802 5668 1839 5745 ξι

1960 5668 2102 5745 olim
2133 5666 2364 5745 σφραγὶς
2424 5667 2655 5745 dictus:
2690 5669 2832 5745 Vide
2863 5671 3094 5745 Segaar.
3127 5673 3201 5729 ad
3232 5674 3415 5733 Clem.
3447 5672 3584 5731 Ale-

134 5737 373 5805 mar.
414 5761 444 5791 ‹‹
478 5737 807 5808 Q'uis'dives
840 5737 1099 5803 salvetur
1130 5737 1326 5815 apag.
1364 5740 1469 5797 380
1489 5737 1718 5798 Fabric.
1752 5737 1838 5797 ad'
1862 5740 2094 5801 Pseudo
2124 5737 2399 5808 Ab'diam,
2430 5757 2488 5814 p.
2522 5743 2647 5811 537,
2680 5742 2803 5801 700.
