4030 6202
498 344 642 403 1028

1970 360 1974 365 ο
2015 336 2360 392 ΑΒΜΝΒΑ
2372 370 2385 387 .
3465 394 3483 406 ⁹
3688 355 3786 414 m

492 470 662 542 jusce
675 470 804 525 vita:
817 472 1053 539 tempus
1073 468 1386 524 nobiscum
1406 467 1603 541 deges.
1620 468 1701 522 Ac
1724 463 1956 523 Domini
1974 461 2144 519 beni-

2268 463 2419 551 {ul-ﬁs
2436 456 2967 551 akXTSXOtC‘O-UVOW?’
2979 483 3064 551 σαι
3075 484 3193 537 μεν.
3244 463 3476 532 lunato!
3501 466 3550 525 δδ
3574 476 3638 543 τῷ
3671 480 3790 551 “Pl?

497 560 717 631 gnitate
731 557 915 613 fretus
929 557 1393 629 haudquaquam
1410 557 1614 613 dubito
1629 556 1775 627 quin
1789 556 1850 610 in
1863 554 2063 610 futura
2074 552 2151 606 vi-

495 654 553 703 ta
579 648 662 703 ita
691 648 1151 720 conjungamur,
1181 653 1246 702 ut
1274 662 1581 718 nunquam
1613 644 1810 700 divelli
1828 643 2147 716 possimus.

566 738 850 807 Josaphat
864 743 1064 793 autem
1078 736 1359 809 lacrymis
1371 753 1608 791 rursum
1622 732 1997 807 perfusus,ad
2014 746 2149 787 eum

498 825 581 880 ait
602 842 614 879 :
630 826 687 879 Si
702 824 952 881 Domino
969 825 1050 881 ita
1061 826 1467 897 placet,ipsius
1480 826 1749 881 voluntas
1761 824 1884 879 flat.
1908 822 2149 887 Quocir-

500 931 568 970 ca
593 930 726 969 cum
756 914 953 969 divino
978 914 1331 986 baptismate
1351 932 1444 969 me
1468 913 1815 979 initiaveris,
1840 910 2149 983 pecunias-

501 1020 617 1074 que
649 1019 683 1059 a
723 1019 817 1058 me
849 1009 907 1059 et
937 1009 1147 1071 vestes,
1182 1010 1303 1060 tam
1345 1004 1417 1060 ad
1450 1010 1616 1060 tuum
1647 1018 1827 1074 quam
1870 1000 1941 1057 ad
1974 997 2147 1054 soda-

497 1093 648 1149 lium
676 1097 914 1149 tuorum
937 1094 1154 1150 victum
1176 1111 1244 1150 ac
1266 1095 1542 1150 vestitum
1562 1091 1885 1164 acceperis,
1916 1090 1978 1145 in
2008 1088 2152 1144 reli-

497 1183 677 1256 giosas
704 1183 1147 1239 exercitationis
1174 1184 1393 1248 locum.
1421 1184 1635 1240 divinae
1681 1182 1845 1254 pacis
1871 1178 2148 1252 prmsidio

500 1278 725 1345 septus,
754 1273 1006 1329 abscede
1033 1292 1047 1340 ;
1073 1291 1323 1346 meaque
1350 1290 1527 1330 causa
1551 1274 1679 1329 sine
1700 1271 1824 1327 ulla
1848 1269 2146 1325 intermis-

500 1363 668 1419 sione
696 1364 877 1419 Deum
929 1380 1089 1436 rogo,
1115 1370 1181 1419 ut
1210 1382 1283 1419 ne
1317 1381 1419 1436 spe
1460 1380 1593 1419 mea
1641 1362 1912 1426 frustrer,
1947 1375 2149 1414 verum

502 1453 693 1523 primo
725 1468 961 1523 quoque
1012 1457 1275 1524 tempore
1305 1452 1379 1507 ad
1412 1458 1466 1507 te
1497 1451 1825 1529 pervenire,
1860 1454 2036 1519 atque
2085 1448 2148 1503 in

503 1541 624 1597 alta
651 1541 848 1613 quiete
880 1541 1198 1596 utilitatem
1231 1559 1299 1597 ex
1327 1548 1380 1597 te
1415 1543 1718 1613 percipere
1740 1538 1985 1611 possim.

576 1629 843 1685 Barlaam
866 1636 1064 1685 autem
1088 1631 1167 1685 ait
1192 1649 1203 1687 :
1225 1631 1377 1697 Quin
1398 1631 1609 1685 Christi
1629 1629 1869 1701 quidem
1889 1626 2149 1700 sigillum

501 1719 759 1790 accipias
772 1719 923 1774 nihil
938 1725 1027 1775 est
1041 1719 1198 1791 quod
1211 1720 1743 1792 prohibeat.Quare
1758 1719 2011 1789 teipsum
2020 1717 2149 1788 jam

2256 545 2345 637 καὶ
2402 546 2455 601 ἐν
2512 551 2581 621 τῇ
2657 547 2937 625 μελλούσῃ
3018 549 3266 629 διαγωγῇ
3324 552 3636 622 ἀδιαστάτους
3696 545 3795 637 ὴρς

2262 655 2416 692 ειναι.

2332 724 2498 789 Αὖθις
2532 723 2589 781 δὲ
2611 727 2639 781 ὁ
2672 728 2908 806 Ἰωάσαφ
2939 726 3187 807 δακρύων
3242 735 3369 812 φησὶ
3428 738 3553 807 πρὸς
3597 740 3737 797 αὐτόν·
3760 748 3802 804 El

2256 812 2549 907 θὶῷ-Κυρίῳ
2576 820 2743 907 ταῦτα
2773 813 2944 907 δοκεῖ,
2974 820 3037 875 τὸ
3068 821 3202 897 θέλῃ
3213 844 3286 895 μα
3314 824 3472 881 αὑτοῦ
3496 830 3692 902 γενέσθω

2259 900 2571 991 Τελειώσας
2600 903 2697 959 οῦν
2725 927 2791 980 με
2843 905 3038 965 λοιπὸν
3098 917 3178 984 τῷ
3234 913 3361 987 θείῳ
3407 900 3802 991 βαπτίσματι,ἰιέὲ

2261 985 2444 1082 λαβῷν
2476 994 2603 1067 παρ’
2642 993 2781 1068 ἐμοῦ
2840 1000 3107 1073 χρήματα
3135 1000 3225 1055 καὶ
3275 985 3463 1075 ἱμάτια
3490 1003 3558 1069 εἷς
3587 985 3806 1082 διατροφὴν

2258 1079 2348 1134 καὶ
2383 1080 2643 1160 ἀμφίασιν
2704 1089 2799 1139 σοῦ
2853 1107 2912 1142 τε
2964 1089 3055 1144 καὶ
3110 1094 3219 1145 τῶν
3279 1092 3499 1169 ἑταίρων
3546 1117 3643 1165 σον,
3668 1079 3811 1165 ἔπελθε

2259 1167 2334 1232 είς
2362 1171 2453 1225 τὸν
2485 1171 2653 1264 τόπον
2682 1182 2784 1245 τῆς
2816 1175 3098 1249 ἀσκήσεώς
3146 1201 3263 1249 σου,
3293 1186 3362 1257 τῇ
3389 1167 3483 1239 τοῦ
3524 1190 3640 1242 Θεοῦ
3679 1187 3811 1264 εἰρήνῃ

2260 1259 2690 1349 φρουρούμενος.
2754 1267 2943 1338 Κάμοῦ
3003 1270 3079 1342 μὴ
3139 1267 3378 1346 διαλπῃς
3440 1259 3811 1349 ὑπερευχόμενοξ,

2257 1346 2345 1402 ἳνα
2378 1351 2454 1421 μὴ
2489 1350 2774 1426 ἐκπέσοιμι
2805 1362 2904 1425 τῆς
2962 1356 3189 1425 ἐλπίδος
3244 1382 3373 1434 μου,
3399 1346 3544 1417 ἀλλὰ.
3583 1346 3813 1421 Θάττονίσ-

2261 1441 2416 1530 χύσω
2464 1436 2790 1530 καταλαϐεῖν
2826 1464 2881 1500 σε
2906 1446 2998 1501 καὶ
3057 1446 3108 1503 ἐν
3158 1451 3370 1525 ἡσυχίᾳ
3397 1452 3572 1526 βαθείᾳ
3611 1460 3693 1523 τῆς
3716 1456 3816 1530 περὶ

2259 1528 2355 1584 σοῦ
2384 1528 2681 1587 ἀπολαύειν
2714 1532 2999 1612 ὡφελείας.

2328 1619 2390 1676 Ὁ
2424 1617 2482 1675 δὲ
2509 1621 2778 1698 Βαρλαάμ
2834 1619 2960 1701 ἔερτγ
3001 1630 3112 1698 Τὴν
3172 1632 3267 1704 μὶν
3324 1637 3425 1687 τοῦ
3452 1635 3661 1703 Χριστοῦ
3684 1656 3729 1690 σε
3750 1635 3818 1691 λα-

2260 1704 2371 1764 ϐεῖν
2407 1710 2672 1788 σφραγίδα
2707 1716 2770 1769 τὸ
2817 1716 3034 1773 κωλύον
3081 1716 3257 1776 οὐδέν.
3319 1720 3626 1799 Εὖτρέπισον
3674 1721 3817 1779 λοιπὸν

502 1808 745 1877 adorna,
781 1825 847 1865 ac
872 1810 989 1864 Deo
1013 1810 1257 1881 juvante
1289 1809 1637 1865 Christianae
1663 1808 1801 1863 ﬂdei
1828 1806 2013 1862 sacris
2036 1805 2146 1860 ini.

2268 1799 2509 1856 σεαυτὸν*
2568 1802 2658 1856 καὶ
2693 1847 2708 1873 ,
2765 1808 2862 1860 τοῦ
2918 1808 3125 1882 Κυρίου
3184 1815 3604 1887 συνεργοῦντος,
3651 1812 3818 1868 τελειω-

503 1898 766 1955 tiaberis.
804 1900 881 1954 De
912 1900 986 1954 iis
1016 1905 1212 1955 autem
1238 1900 1527 1972 pecuniis,
1563 1916 1710 1970 quas
1741 1904 1797 1953 te
1830 1904 1952 1952 tum
1977 1895 2145 1963 mihi,

503 1994 628 2045 tum
652 1987 954 2044 sodalibus
972 1988 1120 2045 meis
1138 1989 1414 2044 daturum
1433 1988 1633 2043 dixisti
1646 1987 1746 2058 qui
1767 1986 2005 2043 tandem
2021 1984 2149 2040 fieri

505 2084 707 2150 posset
734 2084 798 2133 ut
832 2084 893 2133 tu
912 2078 1012 2149 qui
1036 2094 1261 2149 pauper
1291 2096 1375 2145 es,
1408 2078 1687 2133 divitibus
1708 2076 2150 2147 eleemosynam

505 2167 857 2239 impertias?
906 2168 1210 2238 Siquidem
1260 2168 1505 2223 divitum
1538 2172 1627 2222 est
1670 2166 1743 2221 de
1791 2164 2153 2237 pauperibus

504 2255 656 2312 bene
689 2257 1053 2323 mereri,non
1074 2262 1271 2312 autem
1294 2264 1500 2313 contra
1522 2272 1853 2328 pauperum
1884 2255 1958 2310 de
1989 2254 2150 2309 locu~

503 2345 1277 2418 pletibusetcOpiosis.Nam
1297 2345 1589 2401 sodalium
1603 2346 1870 2401 omnium
1883 2359 2153 2400 meorum

504 2440 841 2507 postremus
854 2435 1063 2507 opibus
1087 2436 1330 2491 omnino
1350 2442 1405 2491 te
1428 2440 1687 2507 superat.
1704 2437 1918 2490 Verum
1940 2434 2154 2489 divinis

509 2523 993 2581 miserationibus
1014 2524 1221 2593 fretus,
1255 2524 1365 2580 hoc
1384 2525 1531 2579 mihi
1556 2524 1906 2597 persuadeo,
1941 2528 1996 2578 te
2028 2538 2157 2594 pro-

510 2613 745 2685 pediem
767 2614 1301 2687 locupletissimum
1323 2615 1467 2669 fore.
1483 2614 1647 2680 Quod
1662 2630 1795 2670 cum
1818 2612 2154 2685 contigerit,

512 2702 759 2759 minime
789 2703 863 2758 ad
898 2703 1269 2777 largiendum
1296 2710 1607 2777 promptus
1630 2720 1695 2759 ac
1717 2702 1993 2775 proclivis
2018 2702 2153 2757 eris.

582 2792 738 2847 Dixit
757 2798 955 2849 autem
969 2793 1041 2848 ad
1059 2810 1193 2849 eum
1205 2794 1487 2866 Josaphat
1502 2810 1515 2848 :
1530 2796 1769 2865 Expone
1782 2792 2157 2863 mihi,quaeso

510 2899 768 2955 quonam
784 2890 951 2955 pacto
966 2883 1257 2939 sodalium
1274 2890 1509 2939 tuorum
1524 2890 1823 2939 extremus
1835 2882 2047 2954 opibus
2064 2897 2159 2937 me

2256 1890 2413 1963 θήσῃ.
2453 1890 2579 1967 Περὶ
2612 1893 2684 1946 ὢν
2720 1889 2777 1948 δὲ
2811 1897 2964 1958 εἴπας
2994 1896 3303 1973 χρημάτων
3334 1906 3451 1963 τοῖς
3500 1901 3706 1977 ἑταίροις
3746 1922 3816 1975 μου

2254 1986 2553 2054 παρασχεῖν
2589 2025 2603 2051 ,
2658 1985 2775 2045 πῶς
2825 1979 2976 2040 ἔσται
3030 1990 3213 2061 τοῦτο,
3278 1988 3337 2044 σὲ
3386 1991 3475 2045 τὸν
3530 1990 3705 2061 πένητα
3740 1998 3820 2052 τοῖς

2256 2066 2549 2132 πλουσίοις
2582 2070 2958 2147 ἐλεημοσύνην
3010 2073 3218 2133 διδόναι
3245 2096 3259 2147 ;
3312 2080 3377 2133 Ol
3406 2077 3641 2136 πλούσιοι
3667 2080 3745 2156 γὰρ
3764 2080 3816 2134 ἀεὶ

2256 2157 2383 2221 τοὺς
2442 2162 2674 2232 πένητας
2728 2163 3095 2239 εὐεργετοῦσιν
3131 2210 3145 2236 ,
3207 2166 3272 2223 ού
3329 2169 3437 2241 μὴν
3488 2166 3542 2225 δὲ
3588 2170 3634 2225 ol
3680 2167 3819 2244 ἄποροι

2256 2246 2385 2313 τοῦς
2415 2248 2701 2325 εὐπόρους.
2733 2253 2794 2310 Ὁ
2840 2254 2942 2330 γὰρ
2975 2252 3207 2331 ἔσχατος
3268 2258 3482 2314 πάντων
3532 2264 3628 2314 τῶν
3655 2259 3819 2333 ἑταίρων

2263 2360 2369 2411 μου
2394 2338 2803 2416 πλουσιώτερός
2835 2364 2931 2399 σου
2961 2346 3306 2422 ἀσυγκρίτως
3354 2350 3674 2419 καθέστηκεν.
3702 2347 3823 2406 ’Δλλὰ

2258 2428 2495 2484 πέποιθα
2535 2429 2611 2493 είς
2667 2430 2792 2490 τοὺς
2851 2432 3173 2512 οἷκτιρμοὺς
3227 2436 3328 2492 τοῦ
3359 2442 3491 2494 Θεοῦ
3540 2439 3619 2493 καὶ
3670 2438 3822 2493 οὶδοον

2262 2514 2416 2573 οὔπω
2478 2519 2924 2593 ὑπερπλουτῆσαι
2956 2544 2969 2557 ·
3028 2524 3117 2579 καὶ
3179 2525 3282 2583 οὐκ
3338 2524 3672 2602 εὖμετάδοτος
3714 2546 3822 2597 mu-

2260 2613 2429 2664 καῦτα
2458 2606 2571 2684 ἔσῃ.

2332 2789 2466 2847 Εἷπε
2523 2786 2581 2844 ὃὶ
2632 2789 2661 2844 ὁ
2719 2790 2951 2867 Ἰωάσαφ
3006 2794 3144 2868 πρὸς
3198 2794 3391 2850 αὐτόν·
3453 2793 3719 2873 Σαφήνισόν
3763 2813 3824 2865 μοι

2262 2880 2354 2934 τὸν
2388 2876 2580 2955 λόγον,
2618 2885 2738 2945 πῶς
2772 2882 2800 2936 ὁ
2832 2883 3045 2938 πάντων
3102 2881 3339 2959 ἔσχατος
3366 2890 3473 2942 τῶν
3530 2889 3624 2940 σῶν
3662 2883 3824 2957 ἑταίρων

512 2974 851 3042 antecellat,
884 2991 1019 3030 cum
1051 2974 1228 3045 paulo
1248 2980 1385 3030 ante
1409 2980 1470 3029 tu
1500 2991 1602 3030 eos
1629 2975 1688 3028 in
1722 2989 1935 3045 magna
1960 2971 2161 3044 inopia

2270 2967 2581 3040 ὑπέρκειταί
2642 2989 2746 3042 μου
2801 2975 2879 3043 τῷ
2934 2969 3162 3045 πλούτῳ
3224 2973 3429 3050 οὕσπερ
3500 2971 3665 3046 πολλῇ
3707 2974 3821 3042 συζῇν

510 3064 701 3119 vivere
716 3069 893 3135 atque
907 3070 1170 3120 extrema
1184 3070 1531 3137 paupertate
1553 3063 1881 3119 conﬂictari
1915 3062 2157 3117 dixeris.

2268 3059 2419 3116 159
2456 3057 2809 3135 ἀκτημοσύνῃ
2859 3068 2949 3115 καί
2980 3059 3186 3138 ἐσχάτῃ
3247 3061 3679 3139 ταλαιπωρεῖσθαι
3717 3081 3827 3114 πτω-

510 3153 804 3219 Quidnam
836 3155 977 3210 item
1004 3154 1495 3226 sit,quamobrem
1518 3171 1677 3210 nunc
1708 3170 1800 3209 me
1832 3168 2150 3223 pauperem

2268 3146 2394 3221 χείᾳ
2423 3149 2528 3242 πρὸ
2563 3153 2762 3224 μικροῦ
2801 3147 2998 3242 ⁸ἔλεγες
3028 3155 3146 3214 πῶς
3178 3149 3240 3207 δὲ
3298 3157 3393 3207 νῦν
3450 3155 3541 3227 μὶν
3591 3148 3746 3221 πὲνητέ
3782 3169 3827 3219 με

510 3243 797 3316 appelles,
829 3261 963 3301 cum
994 3250 1193 3301 autem
1224 3244 1610 3317 amplissimis
1637 3243 1848 3316 opibus
1874 3242 2156 3315 praeditus

2270 3234 2587 3307 ἀποκαλεῖς,
2620 3238 2745 3293 ὅταν
2797 3235 2854 3293 δὲ
2910 3238 3352 3317 ύπερπλουττξσω
3412 3241 3508 3297 οὐκ
3560 3237 3830 3314 εὐμετάδοτον

509 3333 699 3402 fuero,
750 3334 998 3390 minime
1045 3334 1358 3391 liberalem
1398 3335 1522 3390 fore
1555 3334 1739 3399 dicas,
1770 3334 1871 3405 qui
1900 3349 2060 3389 nunc
2091 3332 2163 3387 ad

2268 3326 2507 3401 γενέσθαι
2578 3324 2755 3404 λέγεις
2806 3327 2901 3384 τὸν
2947 3327 3313 3403 εὖμετάδοτον
3365 3335 3457 3385 νῦν
3504 3328 3829 3400 καθεστηκότες

518 3424 896 3499 largiendum
923 3432 1233 3498 promptus
1264 3443 1331 3482 ac
1362 3442 1695 3498 propensus
1726 3440 1877 3481 sum.

597 3515 925 3589 Respondit
953 3516 1256 3572 Barlaam:
1285 3519 1409 3572 Non
1433 3533 1532 3571 eos
1580 3520 1926 3588 paupertate
1947 3514 2163 3571 confli-

2340 3507 2402 3565 Ὀ
2462 3504 2520 3562 δέ
2578 3506 2841 3582 Βαρλαάμ
2893 3507 3245 3583 ἀπεκρίνατοο
3281 3508 3363 3568 Οῦ
3395 3511 3628 3587 πτωχείᾳ
3671 3506 3832 3564 τούτους

525 3607 669 3661 ctari
686 3606 828 3677 dixi,
844 3605 946 3661 sed
963 3606 1330 3662 inexhaustis
1342 3607 1538 3678 potius
1555 3606 1767 3678 opibus
1782 3605 2163 3662 ﬂorere.Nam

2272 3592 2404 3675 ἔφην
2434 3595 2923 3673 ταλαιπωρεῖσθαι,
2958 3596 3104 3653 ἀλλὰ
3152 3596 3388 3675 πλούτῳ
3416 3604 3581 3675 κομᾷν
3633 3596 3830 3663 ἀκενώτῳ.

523 3694 734 3766 opibus
748 3712 890 3767 opes
902 3694 1606 3769 semperadjungere,nec
1628 3695 2009 3767 cupiditatem
2036 3700 2163 3750 tan-

2270 3687 2340 3742 Τὸ
2369 3688 2469 3763 γὰρ
2502 3686 2583 3742 ἀεὶ
2639 3692 2756 3749 τοῖς
2804 3689 3054 3763 χρήμασι
3112 3689 3461 3763 προστιθέναι
3516 3691 3753 3766 χρήματα,
3774 3682 3833 3737 πιιῖ

524 3799 702 3856 quam
715 3783 883 3840 freno
898 3802 1189 3855 coercere,
1203 3803 1405 3842 verum
1420 3786 1548 3842 sine
1568 3786 1691 3842 ulla
1708 3788 1977 3842 satietate
1999 3785 2163 3858 plura

2278 3777 2354 3851 μὴ
2410 3782 2511 3845 τῆς
2561 3777 2740 3851 ὁρμῆς
2799 3776 3180 3853 χαλινοῦσθαι,
3237 3779 3389 3835 ἀλλᾶ
3443 3780 3529 3835 καὶ
3579 3773 3831 3848 πλειοτίρων

527 3878 831 3945 appetere,
865 3879 1143 3930 extremae
1183 3876 1550 3948 paupertatis
1589 3881 2000 3949 argumentum
2060 3878 2169 3929 est.

525 3964 741 4019 Contra
752 3964 853 4036 qui
868 3965 1362 4036 sempiternarum
1382 3982 1570 4021 rerum
1587 3964 1907 4037 cupiditate
1920 3980 2176 4035 praesen-

530 4052 612 4107 tia
626 4053 830 4108 omnia
844 4060 1237 4110 contemnunt
1257 4070 1442 4126 eaque
1456 4071 1560 4126 pro
1578 4054 1938 4109 stercoribus
1951 4053 2176 4108 ducunt

532 4147 599 4196 ut
618 4142 917 4198 Christum
944 4143 1135 4199 solum
1170 4144 1478 4200 lucrentur
1501 4144 1732 4213 (Philip.
1764 4144 1869 4213 ιιι),
1893 4143 2174 4214 omnique

533 4232 804 4288 ciborum
829 4239 889 4290 et
916 4233 1404 4290 indumentorum
1422 4251 1666 4290 excussa
1696 4239 1873 4304 atque
1903 4234 1964 4289 in
1988 4234 2173 4289 Deum

528 4323 799 4395 projecta
839 4340 1000 4391 cura,
1032 4325 1321 4396 majorem
1353 4342 1422 4380 ex
1452 4324 1652 4396 inepia
1684 4323 2041 4396 voluptatem
2078 4340 2175 4379 ca—

535 4412 711 4483 piunt
730 4429 914 4485 quam
938 4413 1214 4485 quisnam
1238 4430 1441 4471 eorum
1467 4415 1566 4485 qui
1608 4415 1813 4470 mundi
1846 4431 2047 4471 amore
2069 4414 2178 4470 ﬂa-

2276 3865 2581 3941 ἀκορέστως
2636 3864 2965 3942 ὀρέγεσθαι,
3018 3872 3181 3924 τοῦτο
3243 3870 3432 3926 πενίας
3486 3868 3694 3943 ἐσχάτης
3743 3862 3830 3918 ἔστί-

2272 3954 2400 4018 τοῦς
2439 3952 2496 4010 δὲ
2546 3959 2653 4011 τῶν
2686 3954 2967 4032 παρόντων
3027 3958 3122 4031 μὶν
3188 3956 3541 4033 ὑπεριδόντας
3590 3956 3721 4025 πόθῳ
3761 3953 3832 4003 τῖον

2275 4044 2533 4112 αίωνίων,
2565 4044 2654 4099 καὶ
2703 4040 2949 4101 σκύϐαλα
3002 4050 3170 4102 ταῦτα
3229 4048 3620 4122 ἡγησαμένους,
3655 4044 3727 4097 ἳνα
3750 4045 3839 4113 Χρι-

2275 4136 2367 4190 τὸν
2406 4135 2573 4209 μόνον
2624 4132 2935 4211 κερδήσωσι
2985 4140 3121 4211 (87),
3176 4143 3353 4193 πᾶσαν
3388 4136 3445 4192 δὲ
3476 4136 3740 4213 βρωμάτων
3779 4126 3838 4181 καὶ

2277 4222 2590 4300 ἐνδυμάτων
2678 4224 3047 4299 ἀποθεμένους
3136 4225 3405 4303 μέριμναν
3462 4225 3545 4281 καὶ
3599 4227 3663 4295 τῷ
3706 4215 3839 4293 Κυρέφ

2276 4314 2475 4386 ταύτην
2537 4312 2953 4391 ἐπιῤῥίψαντας,
3011 4314 3469 4391 εὐφραινομένους
3522 4311 3574 4368 δὲ
3720 4307 3837 4371 ἀκτη·

2280 4404 2370 4477 σία
2398 4448 2415 4473 ,
2476 4405 2552 4467 ὡς
2610 4404 2709 4460 ούκ
2762 4401 2821 4460 ἂ¹ν
2878 4410 2961 4467 τῖς
3008 4409 3117 4459 τῶν
3174 4402 3528 4480 φιλοκόσμων
3593 4391 3835 4478 εὖφρανθεῖη

530 4506 724 4573 grant,
749 4518 819 4557 ex
846 4519 1028 4574 opum
1064 4508 1122 4559 et
1140 4504 1528 4575 pecuniarum
1559 4503 1925 4560 abundantia
1944 4505 2163 4576 capiat;

2282 4493 2509 4569 πλούτῳ
2565 4494 2653 4550 καὶ
2685 4495 2935 4570 χρήμασι
3000 4494 3227 4571 βρίθων,
3279 4495 3370 4549 καὶ
3412 4495 3501 4549 τὸ)
3551 4493 3749 4597 πλοῦτον
3770 4488 3836 4589 τῇς

530 4589 752 4664 quique
770 4593 1168 4664 amplissimas
1183 4593 1462 4648 virtutum
1481 4593 1714 4649 divitias
1737 4594 1847 4648 sibi
1874 4610 2176 4666 aggresse-

531 4684 696 4751 runt,
720 4687 896 4754 atque
918 4682 1343 4738 immortalium
1375 4681 1670 4738 bonorum
1698 4699 1799 4755 spe
1827 4699 1953 4738 sese
1984 4683 2177 4753 alunt,

537 4769 649 4827 hos
672 4786 778 4843 ego
810 4771 1032 4842 optimo
1057 4771 1193 4843 jure
1223 4775 1278 4825 te
1307 4774 1484 4839 atque
1531 4770 1678 4826 adeo
1710 4771 1912 4841 quovis
1941 4776 2175 4827 terreno

532 4861 1106 4934 regelocupletiores
1121 4859 1566 4924 dixerim.Quod
1586 4859 1781 4925 si,Deo
1797 4859 1898 4914 tibi
1922 4860 2173 4929 favente,

535 4956 592 5006 te
616 4968 854 5024 quoque
877 4951 1219 5023 spirituales
1236 4948 1577 5021 hujusmodi
1598 4949 1833 5005 divitias
1853 4950 2173 5023 arripueris

532 5057 633 5098 eas
648 5059 879 5099 summo
901 5041 1093 5098 studio
1116 5028 1183 5097 ac
1204 5040 1510 5113 diligentia
1532 5041 1809 5113 servabis,
1825 5059 1891 5097 ac
1916 5059 2172 5114 semper,

531 5132 844 5202 etquidem
857 5134 1091 5203 merito,
1120 5148 1335 5205 augere
1352 5131 1575 5204 cupies,
1592 5148 1700 5187 nec
1722 5131 1907 5188 ullam
1931 5133 2173 5188 omnino

531 5235 733 5277 earum
747 5227 976 5294 partem
990 5220 1295 5278 ell‘undere
1318 5220 1662 5277 sustinebis.
1688 5223 1831 5277 Nam
1854 5220 1915 5276 in
1936 5221 2047 5276 hoc
2070 5221 2170 5277 de-

527 5324 690 5364 mum
704 5328 855 5366 verae
867 5312 1084 5368 divitia;
1098 5312 1224 5368 sitaa
1238 5310 1617 5367 sunt.Earum
1635 5315 1833 5366 autem
1850 5328 2027 5382 opum
2040 5329 2171 5383 quas

528 5395 846 5457 insensum
869 5401 1110 5472 eadunt,
1140 5400 1329 5459 moles
1372 5399 1728 5456 detrimento
1759 5400 1955 5473 potius
1993 5418 2171 5473 quam

622 5625 689 5680 86

2286 4587 2480 4662 ἀρετῆς
2532 4585 2783 4650 ἀφθόνως
2838 4584 3052 4645 ἑαυτοῖς
3110 4583 3537 4661 συναγηοχότας,
3588 4584 3691 4642 ταῖς
3712 4570 3836 4631 ἐλπίσι

2284 4696 2341 4731 τε
2395 4679 2504 4730 τῶν
2558 4673 2930 4745 ἀτελευτήτων
2986 4674 3358 4752 τρεφομένους
3413 4673 3630 4750 ἀγαθῶν,
3680 4664 3839 4752 εἰκότας

2285 4765 2727 4841 πλουσιωτέρους
2759 4785 2854 4820 σου
2882 4765 2971 4820 καὶ
3006 4765 3183 4835 πάσης
3211 4771 3313 4834 τῆς
3358 4761 3581 4838 ἐπιγείου
3634 4748 3837 4834 βασιλείας

2282 4840 2606 4929 καλέσαιμις
2638 4856 2752 4911 Τοῦ
2808 4851 2864 4909 δὲ
2912 4858 3045 4910 Θεοῦ
3104 4852 3487 4931 ωνεργοῦντὸς
3540 4840 3835 4931 σοι,ἐπίλιξψῃ

2285 4944 2373 5001 καὶ
2404 4944 2563 5008 αὐτὸς
2597 4950 2695 5014 τῆς
2730 4943 2987 5016 τοιαύτης
3039 4950 3415 5016 πνευματικῆς
3468 4926 3833 5016 περιουσῖαὲνῆν

2283 5054 2384 5111 περ
2416 5033 2467 5088 ἐν
2499 5030 2769 5112 ἀσφαλείᾳ
2796 5037 2979 5108 τηρῶν
3037 5034 3125 5088 καὶ
3180 5015 3279 5089 τοῦ
3310 5031 3553 5091 πλείονος
3582 5026 3649 5081 ἀεὶ
3674 5015 3833 5115 δικαίοις

2283 5124 2587 5202 ἐφιέμενος,
2629 5122 2729 5178 οὐκ
2784 5119 2843 5176 ἃν
2900 5118 3187 5193 θελήσειάς
3240 5142 3294 5177 τι
3354 5117 3544 5184 ταύτης
3592 5120 3829 5202 xerunt-MO:

2282 5194 2449 5278 ὅλως.
2504 5210 2650 5283 Αὕτη
2709 5210 2811 5288 γάρ
2859 5209 3001 5266 ἐστιν
3058 5209 3272 5282 ἀληθὴς
3324 5205 3609 5285 περιουσία·
3651 5194 3832 5289 eam?

2282 5302 2544 5374 αἰσθητοῦ
2581 5282 2831 5358 πλούτου
2862 5300 3030 5377 ὄγκος
3064 5298 3290 5376 βλάψειε
3323 5282 3533 5375 μᾶλλον
3574 5291 3679 5351 τοὺς
3715 5282 3830 5377 αύτυῦ

2281 5371 2476 5476 φίλους
2508 5395 2543 5465 ἢ
2598 5371 2952 5473 ὠφελήσειεν.
3014 5371 3257 5456 Είκότως
3315 5371 3407 5447 οῦν
3463 5384 3626 5447 πενίαν
3657 5371 3824 5451 ἐσχάτην

739 5624 943 5702 ἔδω·
976 5627 1380 5702 νὲοὲρλβινιι
1413 5628 1512 5702 42ε
1546 5628 1836 5702 ῐῖξὶθηθῆτω
1864 5628 1926 5684 τὸ
1946 5626 2326 5702 ,θελημάεοιξο

622 5627 689 5680 86
739 5627 943 5681 Matth.
976 5642 1052 5691 vi,
1085 5627 1150 5681 10
1178 5644 1191 5694 ;
1225 5643 1380 5698 xxvx,
1413 5628 1512 5685 42:
1546 5628 1836 5698 Γενηθήτω
1864 5628 1926 5684 τὸ
1958 5627 2163 5702 θελημό

620 5627 711 5772 εγί
749 5696 933 5772 Epist.
964 5695 1036 5753 ad
1068 5696 1327 5771 Philipp.
1356 5714 1436 5766 In,
1467 5700 1500 5754 8
1526 5713 1540 5755 :
1570 5699 1835 5777 Ἠγοῦμαι
1860 5699 2079 5778 (πάντα)
2109 5722 2163 5758 σι

2268 5648 2359 5759 3.0:
2388 5698 2549 5774 εἶναι,
2574 5695 2664 5756 ’ίνα
2694 5698 2926 5779 Χριστὸν
2957 5692 3229 5779 κερδήσω.
