4010 6206
156 304 298 409 1οέ5

1318 352 1488 406 νιΤΑ
1527 352 1879 409 ΒΑΒΒΔΔΜ
1916 356 2009 410 ΕΤ
2044 353 2387 412 JOASAPH.

3423 360 3565 417 1016

149 480 348 534 τοῦτον
397 473 726 544 ἀπεκάλεσα,
771 475 932 551 ὅνπερ
992 474 1046 529 οἱ
1104 472 1319 551 ἐρασταὶ
1379 478 1487 531 τῶν
1535 472 1840 552 οὖρανίων⁴

1956 480 2229 538 ommodo
2251 482 2475 539 amicos
2493 499 2632 540 suos
2652 483 2935 541 affecerit.
2970 485 3160 551 Quare
3196 501 3318 541 non
3363 487 3470 544 abs
3499 506 3563 547 re

155 568 372 646 ἀγαθῶν
398 564 569 638 πάντη
628 564 1071 642 ἀπαρνησάμενοι
1126 559 1323 641 ἔφυγον
1374 565 1467 621 ἀπ’
1512 565 1705 637 αὐτοῦ,
1736 567 1812 630 ὡς

156 662 317 718 180
348 656 532 736 φεύγει
565 676 649 713 τις
696 655 801 710 ἀπὸ
860 649 1059 734 ὄφεως.
1117 654 1182 712 Εἰ
1242 651 1319 725 δὲ,
1378 654 1438 710 ὅν
1494 654 1811 712 ἀπέκτειναν

156 750 358 827 ἐχθρὸν
386 747 624 809 καὶτοῖς
647 744 775 802 ποσὶ
814 746 1181 817 συνεπάτησαν
1241 746 1293 800 oi
1348 745 1676 818 συνασκηταί
1708 768 1815 821 μου

155 841 252 898 καὶ
277 840 695 915 συστρατιῶται,
721 840 913 891 τοῦτον
949 833 1100 901 αὖθις
1144 841 1322 907 ζῶντα
1367 838 1513 912 ποιρά
1567 841 1663 892 σοῦ
1715 834 1813 892 λα-

158 925 274 985 ϐὼν
326 927 509 989 αὐτοῖς
567 925 871 1001 ἀπενεγκω,
930 925 1019 981 καὶ
1078 926 1338 1001 πρόξενος
1411 926 1674 999 πολέμων
1723 927 1814 982 καὶ

154 1024 348 1086 παθῶν
381 1020 651 1094 γένωμαι,
683 1010 876 1089 ἔσομαι
919 1014 1105 1078 αὐτοῖς
1135 1015 1351 1078 πάντως
1384 1013 1616 1092 ἄγγελος
1643 1037 1816 1089 πονη-

162 1111 278 1187 ρός·
311 1108 445 1185 ὅπερ
481 1108 559 1182 μὴ
590 1104 803 1183 γένοιτό
836 1127 931 1179 μοι
963 1127 1210 1178 ποιησαι.

235 1382 320 1440 Τά
346 1378 480 1435 αὗτά
532 1375 590 1433 δὲ
655 1398 752 1451 μοι
810 1376 919 1433 νόει
978 1376 1067 1432 καὶ
1123 1377 1248 1454 περὶ
1306 1374 1637 1453 ἐνδυμάτων.
1691 1379 1823 1439 Τοῖς

162 1468 269 1547 γάρ
316 1464 777 1541 ἇπεκδυσαμένοις
822 1466 922 1535 τὴν
971 1470 1071 1532 τῆς
1128 1463 1498 1536 παλαιότητος
1552 1476 1822 1544 καταφθο-

166 1559 266 1635 ράν
300 1555 393 1613 καὶ
422 1555 484 1611 τὸ
512 1561 613 1625 τῆς
640 1560 925 1631 παρακοῆς
953 1548 1180 1628 ἔνδυμα,
1212 1553 1337 1610 ὅσον
1390 1554 1455 1609 τὸ
1504 1552 1587 1609 ἐπ’
1618 1554 1823 1625 αὐτοῖς,

165 1646 556 1721 ἀποθεμένοις,
617 1644 707 1699 τὸν
766 1644 998 1719 Χριστὸν
1066 1640 1124 1699 δὲ
1181 1644 1256 1708 ὡς
1302 1643 1521 1717 ἱμάτιον
1554 1641 1827 1717 σωτηρίου

161 1738 257 1793 καὶ
327 1739 543 1811 χιτῶνα
594 1731 932 1809 εὐφροσύνης
991 1730 1388 1807 ἐνδεδυμένοις,
1445 1736 1563 1795 πῶς
1636 1730 1829 1794 αὐτοὺς

167 1823 339 1882 πάλιν
368 1823 499 1888 τοὺς
532 1821 892 1900 δερματίνους
926 1823 1264 1902 ἀμφιᾶσαιμι
1325 1827 1564 1898 χιτῶνας
1619 1823 1710 1877 καὶ
1764 1822 1828 1876 τὸ

169 1923 274 1986 τῆς
307 1912 578 1990 αἱσχόνης
610 1914 982 1989 περιθήσομαι
1039 1906 1394 1985 περιϐόλαιον
1425 1932 1439 1983 ;
1492 1910 1674 1969 ,Αλλά
1704 1910 1828 1974 τοὺς

176 2005 275 2079 μὲν
307 2002 477 2077 ἐμοὺς
520 2002 774 2078 ἑταίρους
835 1998 1070 2075 μηδενὸς
1124 2004 1232 2056 τῶν
1289 2000 1555 2057 τοιούτων
1615 1998 1829 2056 ἐπιδεο-

179 2096 376 2169 μὲνους
430 2091 735 2169 γινώσκων,
788 2095 858 2165 τῇ
940 2097 1042 2161 τῆς
1089 2089 1300 2167 ἐρήμου
1342 2088 1399 2146 δὲ
1457 2090 1829 2165 ἀρκουμένους

180 2185 407 2255 ἀσκήσει
436 2192 528 2239 καί
576 2182 785 2261 τρυφὴν
839 2180 1039 2252 ταύτην
1095 2178 1489 2257 λογιζομένους
1530 2178 1833 2252 ἀληθεστά-

180 2295 305 2344 την,
331 2272 400 2329 τά
431 2272 695 2349 χρήματα
744 2270 834 2326 καὶ
891 2270 1107 2343 ἱμάτια,
1168 2272 1302 2344 ἅπερ
1359 2269 1575 2333 τούτοις
1649 2268 1834 2345 ἔλεγες

176 2367 512 2440 παρασχεῖν,
560 2365 677 2423 τοῖς
726 2360 922 2430 πένησι
981 2356 1285 2433 διανείμας,
1344 2359 1613 2435 θησαυρὸν
1664 2359 1839 2431 ἑαυτῷ

179 2453 259 2516 εἰς
288 2452 354 2508 τὸ
403 2448 610 2525 μὲλλον
670 2446 870 2505 ἃσυλον
929 2448 1285 2525 θησαύρισον,
1331 2448 1423 2505 τὸν
1479 2448 1609 2505 Θεὸν
1666 2449 1839 2521 ἑαυτῷ

181 2548 309 2607 ταῖς
366 2539 586 2596 ἐκείνων
644 2539 833 2602 εὐχαῖς
889 2537 1173 2614 ἐπίκουρον
1230 2539 1475 2612 θέμενος
1536 2534 1680 2593 οὕτω
1734 2537 1839 2615 γάρ

193 2631 411 2707 μᾶλλον
442 2634 687 2705 συνεργῷ
715 2633 795 2702 τῷ
824 2627 1054 2702 πλούτῳ
1084 2629 1221 2703 πρὸς
1256 2629 1325 2684 τά
1380 2624 1521 2683 καλά
1578 2629 1838 2702 χρήσαιο.

191 2722 328 2780 Εἶτα
359 2718 445 2775 καὶ
467 2720 567 2789 τὴν
601 2716 913 2774 πανοπλίαν
971 2722 1072 2773 τοῦ
1127 2715 1443 2790 πνεύματος
1502 2712 1843 2791 περιϐαλλό-

192 2831 383 2887 μενος,
415 2807 506 2864 καὶ
535 2808 635 2879 τήν
673 2808 768 2882 μὶν
802 2808 967 2885 ὀσφὺν
998 2806 1049 2863 ἐν
1090 2805 1323 2878 ἀληθείᾳ
1380 2803 1842 2882 περιζωσάμενος,

188 2897 559 2973 ἱνδυσάμενος
593 2894 651 2954 δέ
680 2897 771 2953 καὶ
799 2896 891 2953 τὸν
938 2903 1037 2968 τῆς
1071 2894 1423 2966 δικαιοσύνης
1472 2895 1712 2969 θώρακα,
1742 2915 1845 2950 πε-

194 2987 486 3064 ριθέμενός
521 3008 580 3043 τε
610 2987 697 3042 καὶ
752 2988 852 3056 τήν
910 2984 1335 3065 περικεφαλαίαν
1394 2988 1491 3040 τοῦ
1550 2982 1846 3059 σωτηρίου,

189 3078 441 3142 καὶτοὺς
472 3074 643 3140 πόδας
667 3074 719 3132 ὲν
754 3075 1038 3149 ἑτοιμασίᾳ
1066 3080 1163 3132 τοῦ
1220 3072 1559 3150 Εὐαγγελίου
1616 3076 1714 3142 τῆς
1775 3072 1847 3129 εἰ·

190 3172 375 3245 ρήνης
418 3163 859 3241 ὑποδησάμενος,
919 3166 1053 3239 μετά
1109 3163 1299 3241 χεῖράς
1356 3184 1415 3219 τε
1459 3164 1550 3219 τὸν
1603 3169 1704 3232 τῆς
1757 3161 1849 3218 πίει

1924 586 2023 627 eas
2055 577 2379 629 extremam
2405 578 2815 646 paupertatem
2845 573 3156 646 appellavi,
3192 590 3339 644 quas
3371 577 3569 634 cccles-

1927 662 2073 717 tium
2095 661 2388 718 bonorum
2436 670 2753 729 amatores,
2783 664 2961 719 rebus
3008 662 3287 718 omnibus
3318 666 3569 724 remisso

1925 751 2159 818 nuntio,
2183 752 2263 808 ita
2286 752 2609 826 fugiunt,ut
2637 752 2934 825 quispiam
2967 758 3306 824 serpentem
3337 754 3569 827 fugit.Si

1926 858 2062 897 vero
2086 857 2221 897 eum
2252 843 2688 914 hostem,quem
2719 844 2837 898 mei
2869 844 2981 915 pia:
3012 844 3452 900 exercitationis
3475 861 3573 900 so-

1928 932 2000 987 cii
2035 935 2094 987 et
2122 932 2560 988 commilitones
2583 932 2712 1005 jam
2744 932 3196 1001 obtruncarunt,
3228 950 3296 989 ac
3320 934 3573 1005 pedibus

1926 1020 2366 1092 proculcarunt,
2398 1021 2589 1077 vivum
2610 1038 2819 1078 rursus
2840 1023 2945 1077 abs
2977 1027 3032 1077 te
3053 1028 3361 1096 acceptum
3386 1023 3459 1078 ad
3481 1024 3573 1097 ip-

1930 1127 2026 1165 sos
2044 1109 2755 1185 detulero,bellorumque
2774 1128 2842 1168 ac
2862 1112 3376 1184 perturbationum
3399 1130 3579 1170 causa

1928 1200 2073 1272 ipsis
2091 1200 2527 1273 fuero,prorsus
2548 1202 2693 1274 ipsis
2716 1201 3001 1257 exitiosus
3022 1203 3269 1258 nuntius
3282 1200 3576 1269 ero.Quod

1930 1290 2172 1361 quidem
2199 1290 2355 1345 absit
2381 1297 2448 1346 ut
2474 1292 2708 1347 faciam.

2004 1380 2165 1436 Idem
2192 1385 2391 1436 autem
2413 1381 2485 1436 de
2516 1382 2888 1438 indumentis
2939 1382 3118 1438 etiam
3162 1382 3461 1455 intelligas
3480 1398 3580 1437 ve-

1934 1470 2059 1525 lim.
2094 1472 2237 1525 Nam
2259 1487 2360 1526 eos
2392 1472 2492 1542 qui
2524 1473 2833 1528 vetustatis
2863 1472 3059 1527 labem
3100 1471 3577 1544 etcorruptelam

1935 1565 2245 1628 exuerunt,
2266 1566 2443 1631 atque
2476 1560 2894 1616 inobedientiae
2925 1566 3168 1629 vestem,
3198 1568 3485 1632 quantum
3518 1560 3583 1619 in

1936 1650 2082 1722 ipsis
2103 1650 2235 1717 fuit,
2280 1650 2708 1722 deposuerunt,
2741 1651 3036 1706 Christum
3066 1655 3266 1705 autem
3298 1656 3581 1721 tanquam

1934 1739 2352 1795 vestimentum
2367 1739 2991 1812 salutaris,etpallium
3006 1740 3225 1795 laetitiae
3239 1739 3584 1808 induerunt;

1939 1846 2199 1901 quonam
2222 1830 2461 1893 tandem
2486 1828 2660 1884 modo
2700 1846 2915 1884 rursus
2944 1828 3214 1900 pelliceis
3246 1829 3464 1885 tunicis
3494 1828 3592 1883 iri-

1938 1918 2477 1991 duerem,ipsisque
2500 1920 2841 1990 ignominiaa
2860 1919 3146 1974 amictum
3171 1918 3542 1991 imponerem

1937 2008 2089 2074 Quin
2102 2009 2463 2080 potius.cum
2478 2008 2710 2064 sodales
2727 2014 2989 2073 meos,ut
3004 2008 3104 2079 qui
3120 2008 3217 2079 pia
3238 2014 3297 2063 et
3314 2007 3594 2081 religiosa

1942 2096 2285 2152 solitudinis
2312 2097 2733 2152 exercitatione
2764 2098 3030 2153 contenti
3064 2097 3461 2168 sint,eamque
3485 2113 3593 2169 pro

1940 2186 2268 2241 verissimis
2300 2185 2531 2241 deliciis
2564 2186 2998 2253 ducant,nullis
3020 2185 3266 2241 omnino
3300 2183 3596 2255 ejusmodi

1941 2275 2118 2332 rebus
2149 2273 2414 2348 indigere
2445 2282 2813 2348 compertum
2844 2273 3393 2347 habeam,pecuniis
3420 2278 3477 2329 et
3498 2290 3600 2329 ve-

1945 2364 2134 2420 stibus
2163 2380 2312 2436 quas
2346 2369 2401 2419 te
2432 2364 2580 2436 ipsis
2606 2364 2888 2420 daturum
2918 2364 3183 2426 dicebas.
3212 2363 3275 2419 in
3305 2379 3597 2435 pauperes

1946 2453 2397 2521 distributis,fac
2423 2454 2527 2509 tibi
2560 2453 2855 2527 ejusmodi
2888 2456 3233 2511 thesaurum
3251 2454 3311 2508 in
3332 2452 3599 2509 futurum

1946 2544 2363 2616 recondas,qui
2394 2544 2561 2601 nullo
2596 2546 2772 2602 modo
2814 2546 3031 2618 surripi
3063 2545 3462 2617 possit,Deum
3486 2544 3604 2600 sci~

1952 2635 2093 2689 licet
2123 2634 2183 2687 in
2214 2634 2343 2705 ipso
2374 2649 2480 2705 per
2510 2634 2750 2688 illorum
2800 2650 3007 2704 preces
3051 2633 3471 2705 opitulatorem
3498 2630 3603 2688 tibi

1951 2723 2043 2793 adj
2054 2722 2402 2791 ungens.Sic
2433 2722 2592 2777 enim
2612 2723 2723 2777 hoc
2743 2723 3220 2793 consequeris,ut
3241 2737 3383 2791 opes
3403 2720 3478 2775 ad
3495 2737 3603 2791 op-

1953 2812 2099 2867 tima
2129 2826 2379 2882 quasque
2411 2810 2515 2865 tibi
2548 2810 2894 2881 adjumento
2921 2810 3060 2865 sint.
3089 2812 3168 2864 Ac
3194 2808 3430 2875 deinde,
3465 2826 3601 2864 cum

1954 2901 2207 2973 Spiritus
2228 2905 2587 2955 armaturam
2611 2901 2998 2971 acceperiset
3018 2898 3254 2954 lumbos
3278 2899 3338 2954 in
3361 2898 3604 2954 veritate

1956 2988 2414 3051 succinxeris,ac
2435 2988 2682 3060 justitiae
2709 2988 2956 3043 loricam
2989 2987 3278 3053 indueris,
3308 2992 3367 3042 et
3395 2986 3605 3042 salutis

1956 3079 2184 3154 galeam
2205 3079 2382 3150 capiti
2413 3085 2510 3134 tuo
2533 3079 2912 3150 imposueris,
2948 3085 3005 3133 et
3024 3078 3208 3150 pedes
3223 3077 3284 3132 in
3303 3075 3602 3149 Evangelii

1958 3170 2122 3243 pacis
2143 3169 2636 3241 praeparationem
2668 3168 2972 3235 calcearis,
2996 3166 3251 3238 ﬁdeique
3275 3170 3507 3221 scutum
3539 3181 3608 3221 ac

189 3280 371 3321 στιως
404 3251 692 3313 ἀναλαϐὼν
725 3256 938 3332 θυρεὸν,
982 3255 1071 3311 καὶ
1097 3256 1196 3324 τήν
1249 3258 1347 3311 τοῦ
1405 3253 1714 3327 πνεύματος
1748 3252 1840 3326 μά-

1961 3241 2211 3330 Spiritus
2243 3258 2525 3330 gladium,
2559 3257 2719 3328 quod
2751 3263 2840 3312 est
2879 3255 3122 3311 verbum
3169 3255 3294 3322 Dei,
3328 3254 3604 3309 manibus

188 3369 423 3426 χαιραν,
458 3346 494 3417 ἢ
528 3346 639 3402 ἐστι
674 3346 827 3422 ῥῆμα
848 3349 983 3401 Θεοῦ
1040 3346 1177 3418 (88),
1235 3342 1328 3399 καὶ
1386 3345 1645 3399 πάντοθεν
1701 3346 1843 3400 161

190 3439 401 3514 ἄριστα
484 3434 873 3500 καθοπλισθεὶς
957 3432 1047 3489 καὶ
1131 3432 1625 3511 περιφραξάμενος,
1713 3431 1856 3488 οὕτω

192 3527 489 3591 πεποιθὼς
520 3525 656 3600 πρὸς
684 3524 773 3579 τὸν
832 3524 968 3579 κατά
996 3530 1096 3593 τῆς
1157 3518 1402 3585 ἀσεϐείας
1456 3519 1637 3592 ἔξελθε
1689 3520 1859 3577 πόλε-

196 3640 329 3691 μον,
365 3615 441 3677 ὡς
472 3612 558 3683 ἂν,
589 3611 788 3684 ταύτην
820 3611 1244 3688 τροπωσάμενος
1275 3611 1363 3665 καὶ
1410 3611 1501 3666 τὸν
1534 3612 1704 3680 αὐτῆς
1762 3609 1857 3685 ἀρ-

197 3706 387 3783 χηγὸν
423 3697 687 3758 διάϐολον
719 3700 796 3763 εἷς
827 3708 931 3776 γῆν
978 3695 1351 3777 καταρῥάϐας,
1404 3704 1522 3761 τοῖς
1577 3705 1676 3769 τῆς
1706 3697 1859 3769 νίκης

199 3794 846 3873 πεφηάνοιςκοσμηθήσῃ
893 3791 952 3847 ἐκ
1003 3797 1105 3861 τῆς
1162 3796 1477 3866 ζωαρχικῆς
1536 3786 1710 3861 δεξιᾶς
1766 3793 1863 3844 τοῦ

202 3884 512 3941 Δεσπότου.

278 3976 448 4031 ΚΕΦ.
480 3974 579 4030 ΙΘ’.
610 3975 736 4034 Τοῖς
764 3969 1038 4034 τοιούτοις
1089 3969 1178 4024 οὗν
1237 3966 1469 4043 δόγμασι
1521 3972 1609 4024 καί
1673 3966 1867 4043 λόγοις

201 4062 510 4137 σωτηρίοις
535 4062 855 4136 κατηχήσας
888 4059 916 4114 ὁ
974 4056 1244 4133 Βαρλαάμ
1296 4058 1388 4112 τὸν
1441 4060 1537 4111 τοῦ
1596 4053 1865 4131 βασιλέως

201 4153 329 4208 υἱὸν
386 4149 477 4206 καί
530 4150 669 4225 πρὸς
718 4150 780 4204 τὸ
838 4152 980 4214 θεῖον
1035 4147 1318 4224 βάπτισμα
1366 4146 1702 4223 εὐτρεπίσας,
1769 4168 1865 4217 νη-

202 4242 416 4299 στεόειν
445 4261 507 4297 τε
535 4241 625 4295 καὶ
659 4240 914 4314 εῧχεσοαι
964 4234 1365 4311 ἐντειλάμενος,
1421 4236 1559 4291 κατά
1610 4236 1673 4292 τὸ
1725 4235 1869 4303 ἔθος,

204 4333 295 4411 ἀφ’
319 4328 513 4393 ἱκανὰς
569 4327 803 4405 ἡμέρας,
855 4326 917 4382 οὐ
975 4323 1187 4382 διέλιπε
1243 4326 1525 4401 συχνάζων
1581 4325 1719 4400 πρὸς
1777 4325 1870 4381 αὐ-

205 4423 333 4491 τὸν,
386 4421 479 4474 καὶ
535 4423 706 4474 πᾶσαν
762 4415 1096 4493 δογματικήν
1154 4415 1340 4489 φωνην
1394 4420 1493 4484 τῆς
1576 4412 1870 4489 ὁρθοδόξου

209 4509 455 4570 πίστεως
485 4504 818 4563 ἐκδιδάσκων
846 4504 936 4560 καὶ
964 4503 1026 4559 τὸ
1082 4508 1226 4569 θεῖον
1285 4500 1621 4578 Εὑαγγὲλιον
1667 4505 1869 4579 ὑπαγο-

1963 3349 2290 3420 sumpseris
2317 3348 2531 3418 (Ephes.
2556 3348 2838 3418 v1),atque
2870 3344 3134 3417 undique
3156 3350 3211 3399 te
3244 3343 3616 3417 prmstantis-

1962 3437 2132 3494 simis
2153 3438 2336 3493 armis
2356 3437 2710 3492 instruxeris
2730 3453 2796 3491 ac
2814 3434 3251 3497 muniveris,ita
3274 3432 3515 3489 demum
3539 3434 3613 3489 fl—

1964 3527 2126 3583 denti
2158 3527 2359 3582 animo
2387 3526 2459 3583 ad
2481 3526 2705 3582 bellum
2754 3542 2887 3581 cum
2912 3524 3215 3596 impietate
3236 3523 3617 3579 committen-

1965 3616 2107 3671 dum
2138 3616 2439 3689 egredere,
2472 3621 2538 3670 ut
2566 3632 2636 3671 ea
2666 3615 2726 3670 in
2759 3614 2958 3687 fugam
2992 3629 3175 3679 versa,
3229 3618 3405 3683 atque
3428 3611 3615 3682 ipsius

1968 3705 2116 3761 duce
2148 3704 2386 3760 diabolo
2432 3704 2493 3760 in
2525 3710 2745 3759 terram
2794 3703 2987 3767 alliso,
3049 3719 3083 3757 a
3131 3701 3337 3756 dextra
3382 3699 3615 3755 Domini

1968 3809 2152 3849 manu
2182 3810 2314 3864 quae
2336 3793 2465 3848 vita;
2496 3792 2857 3864 principium
2886 3792 3077 3858 affert,
3111 3790 3414 3845 victricem
3446 3789 3619 3843 core-

1968 3898 2109 3937 nam
2139 3881 2544 3953 consequaris.

2040 3972 2170 4026 CAP.
2188 3971 2333 4025 XIX.
2355 4001 2425 4012 —-
2442 3972 2587 4026 Cum
2608 3970 2875 4026 Barlaam
2893 3968 3239 4042 hujusmodi
3256 3966 3540 4022 doctrinis
3554 3979 3622 4020 ac

1973 4059 2297 4115 salutiferis
2318 4060 2694 4116 sermonibus
2713 4060 2873 4133 regis
2892 4060 3081 4115 filium
3104 4057 3625 4124 imbuisset,atque

1974 4149 2046 4204 ad
2068 4149 2332 4204 divinum
2349 4148 2713 4221 baptismum
2730 4152 3143 4220 praeparasset,
3184 4144 3379 4214 eique,
3402 4148 3469 4197 ut
3487 4157 3626 4197 con-

1977 4241 2228 4297 suetudo
2250 4242 2383 4309 fert,
2416 4241 2489 4297 ad
2514 4242 2746 4313 aliquot
2784 4241 2912 4296 dies
2937 4239 3215 4311 jejunare
3242 4251 3310 4291 ac
3349 4232 3624 4306 precibus

1978 4332 2322 4387 incumbere
2354 4330 2756 4403 prmcepisset,
2795 4328 2868 4383 ad
2902 4344 3035 4383 eum
3079 4325 3285 4381 crebro
3338 4322 3625 4377 ventitare

1976 4437 2099 4476 non
2121 4420 2453 4483 desinebat,
2480 4424 2656 4490 atque
2697 4418 2899 4473 omnia
2929 4414 3270 4471 orthodoxa
3325 4411 3461 4467 ﬁdei
3519 4410 3629 4465 do-

1978 4515 2175 4581 gmata
2219 4508 2332 4579 ipsi
2365 4507 2656 4577 tradebat,
2689 4506 3076 4576 divinumque
3113 4501 3493 4575 Evangelium
3527 4515 3631 4554 ex-

214 4600 391 4675 ρεῦων
426 4598 599 4670 αὐτῷ,
651 4596 787 4671 πρὸς
848 4590 905 4649 δὲ
954 4592 1044 4648 καὶ
1100 4594 1196 4654 τὰς
1256 4590 1623 4654 ἆποστολικὰς
1676 4613 1839 4667 παραι

1980 4598 2257 4671 ponebat,
2289 4614 2357 4653 ac
2386 4604 2675 4669 prasterea
2712 4595 3066 4668 apostolicas
3098 4590 3539 4648 cohortationes
3571 4594 3631 4644 et

205 4690 387 4751 νὲσεις
414 4687 504 4742 καὶ
560 4687 655 4747 τὰς
712 4683 1057 4761 προφητικάς
1114 4681 1302 4758 ῥήσεις
1357 4679 1695 4758 ἑρμηνεύων·
1748 4692 1868 4746 θεο-

211 4773 467 4837 δίδακτος
497 4774 598 4850 γὰρ
643 4770 717 4827 ὢν
775 4773 803 4827 ὁ
862 4772 999 4848 ἀνὴρ
1053 4775 1224 4824 πᾶσαν
1283 4767 1371 4824 ἐπὶ
1430 4768 1700 4842 στόματος
1759 4776 1865 4824 Πα-

210 4865 375 4922 λαιάν
408 4885 467 4919 τε
519 4862 612 4918 καὶ
668 4862 875 4931 Καινήν
932 4860 1150 4939 Γραφὴν
1206 4856 1384 4934 ἔφερε,
1438 4857 1551 4927 καὶ,
1608 4862 1687 4930 τῷ
1740 4858 1867 4933 θείῳ

210 4955 546 5028 κινοῦμενος
634 4950 925 5025 Πνεόματι,
1003 4948 1264 5026 ἐφώτισεν
1348 4946 1508 5003 αὐτὸν
1581 4948 1718 5021 πρὸς
1770 4949 1869 5017 τὴν

215 5045 401 5116 ἀληθῆ
436 5040 784 5119 θεογνωσίαν.
819 5041 907 5098 Ἐν
967 5038 1103 5112 αὐτῇ
1155 5035 1213 5093 δὲ
1266 5040 1335 5111 τῇ
1388 5037 1573 5112 ἡμέρᾳ
1631 5038 1720 5093 ὅτε
1771 5039 1870 5113 βα·-

214 5140 514 5204 πτισθῆναι
572 5129 797 5205 ἔμελλε,
852 5126 1121 5186 διδάσκων
1194 5127 1381 5195 αὐτὸν,
1466 5124 1665 5201 ἔλεγενο
1726 5124 1867 5185 Ἰδοὺ

215 5226 315 5295 τήν
339 5228 442 5281 τοῦ
503 5225 743 5296 Χριστοῦ
801 5218 990 5295 ἐπείγῃ
1046 5212 1235 5274 λαϐεῖν
1296 5213 1586 5295 σφραγῖδα,
1643 5217 1733 5272 καὶ
1790 5224 1869 5293 τῷ

1978 4687 2404 4761 prophetarum
2423 4687 2553 4742 loca
2569 4687 2699 4759 ipsa
2714 4682 3241 4758 explanabat.Nam
3264 4696 3397 4736 cum
3422 4678 3507 4733 vir
3527 4677 3629 4733 ille

1980 4776 2259 4832 divinitus
2274 4776 2489 4831 tradita
2505 4775 2777 4831 doctrina
2793 4774 3311 4847 polleret,omnem
3334 4775 3455 4824 tam
3469 4772 3632 4823 vete—

1977 4866 2059 4920 ris
2083 4882 2260 4937 quam
2283 4865 2417 4920 novi
2437 4863 3163 4935 Testamentiscripturam
3183 4859 3633 4917 memoriterre-

1992 4954 2229 5010 citabat.
2274 4957 2537 5027 Cumque
2556 4955 2751 5010 divino
2772 4954 2991 5025 Spiritu
3030 4950 3312 5007 incitatus
3354 4948 3630 5014 ferretur,

1988 5042 2427 5100 adolescentem
2457 5061 2606 5100 veras
2634 5043 2733 5099 Dei
2754 5042 2979 5098 notitias
3001 5041 3133 5096 luce
3156 5036 3630 5095 collustravit.Eo

1976 5139 2175 5188 autem
2203 5132 2297 5189 die
2327 5150 2444 5205 quo
2475 5134 2858 5206 baptizandus
2889 5136 3035 5200 erat,
3067 5128 3319 5186 docendi
3342 5143 3520 5185 causa
3540 5125 3634 5183 his

1984 5222 2058 5279 ad
2092 5240 2227 5279 eum
2258 5225 2451 5280 verbis
2472 5224 2749 5282 utebatur
2773 5240 2788 5280 :
2811 5225 2897 5279 En
2925 5221 3142 5279 Christi
3182 5219 3444 5294 sigillum
3480 5216 3638 5274 acci-

292 5417 409 5488 (88)
439 5414 632 5488 Epist.
661 5412 746 5488 ad_
767 5411 981 5488 EpAhes.
1014 5410 1210 5488 vr,_t3_,
1234 5424 1331 5488 sq.
1352 5424 1381 5488 ⁹ε
1408 5400 1737 5488 Ἀναλᾴϐιτε
1758 5409 1840 5488 .τή

1956 5409 2216 5488 ανοπλέαν
2271 5415 2367 5488 τοίξ
2419 5417 2639 5488 Θεοῦ...⁸
2680 5417 2843 5488 στῆτε
2901 5408 2992 5488 οὖν
3040 5407 3479 5488 περιζωσάμενοι
3532 5406 3634 5488 την

227 5474 405 5565 ῥσᾲὺιί
430 5474 591 5565 ὑμῶν
612 5474 973 5565 ἐν’-ἀληθεία,
1030 5474 1140 5565 καὶ..
1172 5474 1644 5565 ἒνδμσάμενοχτρν
1702 5474 1920 5565 θώρακα
1976 5488 2083 5565 τῆς
2102 5480 2496 5565 δικαιοσύνης,
2527 5482 2679 5565 ικαὶ-
2704 5474 3121 5565 ὗτὲσδησάμεςωί
3159 5474 3291 5565 τους
3324 5474 3520 5565 ’πόδας
3580 5478 3634 5565 ἓν

224 5548 516 5632 ἰτᾶιμαλσίᾳ
543 5559 643 5632 ton?
675 5548 1016 5632 Εὐαγγελίου
1074 5556 1175 5619 τῆς
1231 5548 1481 5632 εξρήνης,
1527 5548 1645 5632 in?“
1664 5548 1823 5632 πᾶσίν
1872 5548 2239 5632 ἀναλαϐόντες
2268 5555 2360 5610 τὸν
2392 5548 2579 5632 βυρεὸν
2611 5560 2712 5625 τῆς
2742 5548 2997 5632 πίστέωλς,
3026 5555 3101 5632 ἰῐιΔ
3141 5557 3188 5632 ᾼ
3217 5549 3626 5632 glo_s_sator_at_i

225 5622 559 5685 πανοπλίαν·
592 5628 654 5702 τὸ
678 5622 895 5702 ῖμάτιον
926 5628 1034 5680 τῶν
1070 5622 1358 5702 μοναχῶνζ
1384 5622 1458 5702 ad
1487 5622 1840 5702 ⁴εξεριςιιυσάμε·

1979 5626 2084 5702 ιιιὶνΔ
2103 5624 2412 5702 λᾲῶρονομαά
2436 5622 2677 5702 θῴρακαί
2706 5624 3063 5702 τὸνᾲμξνδόαν
3084 5627 3181 5699 (cf.
3211 5622 3252 5683 tv.
3276 5626 3372 5694 Ill,
3393 5642 3452 5699 p.
3487 5623 3634 5690 137):

226 5703 296 5761 ad
328 5689 775 5779 περικεφαλαίαν
812 5697 875 5751 τὸ
906 5689 1255 5752 κουκοόλιονἶ
1290 5693 1365 5751 ad
1390 5689 1841 5769 ὑποδήσᾷιμᾋὸςε
1865 5697 1939 5773 τᾲ
1958 5689 2220 5754 σάνδαλα·
2252 5699 2327 5756 ad
2357 5689 2567 5777 θυρεόνο
2588 5700 2679 5755 τὸν
2701 5689 2995 5757 ἀνάλαϐον.
