4030 6202
208 391 349 450 1037

1383 393 1554 449 νιτΑ
1592 389 1944 448 ΒΑΒιΑΔιί
1976 391 2071 445 ΒΤ
2103 388 2450 446 JOASAPH.

3480 401 3620 459 1038

208 517 544 598 στεφάνωνῆ
592 520 876 594 τιμωριῶν
937 517 1188 594 πρόξενοι
1253 517 1517 594 γίνονταιο
1571 520 1694 579 ταῖς
1748 535 1855 571 κα-

1971 516 2333 590 ignoramus,
2368 517 2526 589 quod
2547 519 3053 590 quemadmodum
3083 520 3282 579 fumus
3326 542 3486 597 apes,
3504 547 3618 586 eo-

213 609 401 685 θαραῖς
433 603 490 662 δὶ
519 603 768 682 καρδίαις
810 604 1035 663 ἐνοικεῖν
1094 606 1188 663 τὸν
1245 606 1486 683 Χριστὸν
1548 600 1661 678 ἅμα
1689 604 1860 679 Ηατρῖ

212 697 298 753 καὶ
358 695 494 777 ἁγίῳ
553 694 825 770 Πνεύματι
878 693 1213 771 ἐπιστάμεθα
1246 740 1260 754 .
1314 696 1405 759 Ὡς
1477 693 1525 751 δ’
1582 695 1646 750 αὗ
1696 692 1862 752 πάλιν

216 788 419 851 καπνὸς
477 786 782 863 μελίσσας,
843 786 987 843 οὕτω
1040 787 1172 853 τοὺς
1228 786 1506 863 πονηρους
1561 785 1864 864 λογισμοὺς

219 875 497 933 ὶκδιώκειν
537 877 700 952 ἡμῶν
777 878 877 947 τήν
946 881 1044 932 τοῦ
1100 876 1245 942 θείου
1329 876 1641 950 Πνεῦματος
1696 876 1859 952 χάριν

222 965 631 1040 μεμαθήκαμεν.
669 964 763 1020 Διὸ
794 962 1073 1040 ἐπιμελῶς
1117 966 1253 1041 πρὸς
1281 969 1440 1021 τοῦτο
1471 960 1641 1041 ἔχων,
1689 964 1862 1019 πάντα

221 1054 580 1134 διαλογισμὸν
639 1054 935 1132 ἰμπαθείας
995 1054 1305 1132 ἀπαλείψας
1358 1062 1457 1128 τῆς
1514 1055 1722 1131 ψυχῆς,
1764 1055 1860 1118 τὰς

217 1145 465 1223 ἀρίστους
523 1144 860 1220 ἆμφῦτευσον
916 1144 1128 1208 ἐνναίας
1162 1190 1176 1214 ,
1224 1146 1348 1202 ναὸν
1411 1145 1630 1201 σεαυτὸν
1689 1148 1863 1201 ποιῶν

211 1241 308 1293 τοῦ
338 1234 493 1311 ἁγίου
534 1234 869 1310 Πνεύματος.
905 1236 1000 1293 Ἐκ
1025 1239 1133 1292 τῶν
1189 1232 1563 1313 διαλογισμῶν
1618 1234 1720 1312 γὰρ
1770 1233 1859 1288 καὶ

214 1326 353 1402 πρὸς
380 1323 481 1388 τάς
508 1324 627 1381 κατ’
678 1323 949 1401 ἐνέργειαν
1006 1323 1225 1402 πράξεις
1282 1322 1582 1399 ἐρχόμεθα·
1641 1322 1731 1379 καὶ
1760 1326 1863 1377 πᾶν

210 1412 374 1492 ἔργον
406 1458 422 1486 ,
480 1413 586 1469 ἀπὸ
641 1412 850 1478 ἐννοίας
930 1413 1020 1470 καὶ
1078 1412 1426 1487 ἐνθυμήσεως
1497 1413 1810 1490 προκόπτον
1843 1454 1859 1481 ,

1970 605 2106 661 dem
2120 605 2295 661 modo
2310 623 2503 679 pravas
2517 608 2903 682 cogitationes
2920 609 3358 683 diviniSpiritus
3371 619 3623 688 gratiam

1971 713 2005 751 a
2027 694 2201 751 nobis
2226 695 2589 768 propellunt.
2622 698 3017 764 Quamobrem
3062 718 3295 757 summo
3336 704 3532 760 studio
3558 707 3619 764 in

1971 785 2082 840 hoc
2097 785 2322 840 enitere
2343 792 2428 851 ut,
2460 785 2622 841 omni
2644 786 2854 842 vitiosa
2900 788 3256 860 cogitatione
3300 806 3390 857 ex,
3420 792 3620 850 animo

1971 879 2070 929 tuo
2097 874 2390 929 exstincta
2418 880 2474 928 et
2505 873 2719 942 deleta,
2753 877 3010 947 optimas
3023 893 3290 951 quasque
3315 881 3624 955 cogitatio-

1972 980 2078 1018 nes
2100 963 2161 1017 in
2188 979 2257 1018 ea
2289 963 2535 1031 inseras,
2571 965 2980 1037 templumque
3013 966 3263 1039 Spiritus
3287 972 3474 1026 sancti
3508 973 3615 1027 tei-

1970 1069 2144 1126 psum
2177 1052 2420 1109 efﬁcias.
2480 1053 2783 1124 Siquidem
2840 1071 2948 1127 per
2986 1057 3373 1129 cogitationes
3405 1060 3480 1116 ad
3517 1079 3617 1119 ac-

1970 1143 2163 1198 tiones
2197 1142 2356 1214 ipsas
2385 1144 2694 1211 venimus;
2728 1150 2906 1216 atque
2939 1162 3115 1203 omne
3150 1164 3299 1219 opus
3334 1166 3368 1205 a
3400 1151 3620 1224 cogita-

1972 1234 2131 1287 tione
2148 1232 2453 1304 animique
2466 1233 2785 1305 agitatione
2802 1236 3209 1308 progrediens,
3237 1255 3479 1310 parvum
3500 1241 3618 1313 pri-

1971 1338 2067 1376 mo
2098 1321 2338 1377 inittum
2377 1322 2603 1394 arripii,
2635 1340 2702 1379 ac
2748 1323 2964 1380 deinde
2997 1326 3187 1382 tacitis
3230 1327 3618 1385 incrementis

1972 1427 2314 1484 augescens,
2349 1412 2560 1483 ingens
2590 1412 2663 1468 ad
2696 1419 3024 1471 extremum
3050 1415 3327 1474 efﬁcitur.

213 1509 413 1581 μικρᾶς
444 1498 874 1579 ἕπιλαμϐάνεται
904 1502 1111 1579 ἀρχῆς,
1139 1504 1258 1559 εἶτα
1281 1508 1401 1566 ταῖς
1433 1503 1570 1559 κατὰ
1602 1500 1796 1576 μικρὸν
1819 1498 2100 1574 αὖξήσεσιν
2133 1496 2210 1560 εἷς
2247 1501 2462 1575 μεγάλα
2490 1497 2809 1575 καταλήγει.

279 1593 380 1650 Διὰ
426 1594 587 1650 τοῦτο
655 1590 800 1666 μηδὲ
848 1590 996 1656 ὅλως
1071 1612 1169 1650 σου
1230 1593 1504 1669 κῳιεόσαι
1578 1593 1855 1663 συνήθειαν

2039 1589 2123 1645 Ob
2154 1605 2284 1645 eam
2315 1591 2757 1656 causam.nullo
2770 1593 2946 1648 modo
2969 1596 3244 1666 permitte
3258 1605 3321 1653 ut
3342 1600 3615 1672 improba

204 1681 368 1761 ἐάσῃς
413 1680 778 1757 κακήν,ἆλλά
828 1686 1019 1758 νεαρᾶς
1050 1680 1129 1738 ἔτι
1168 1678 1353 1755 οὔσης,
1413 1676 1560 1755 ἔξελέ
1607 1701 1704 1738 σου
1754 1686 1857 1749 τῆς

201 1771 434 1852 καρδίας
462 1773 562 1845 τήν
593 1772 837 1849 πονηράν
881 1771 1054 1849 ῥίζαν,
1099 1772 1192 1827 ἳνα
1254 1772 1355 1847 μή,
1386 1770 1648 1850 ὲμιρυεῖσα
1677 1770 1768 1827 καὶ
1801 1769 1853 1826 ἐν

205 1868 290 1937 τῶ
352 1863 501 1940 βάθει
555 1863 653 1925 τὰς
709 1861 861 1939 ῥίζας
915 1859 1221 1935 ἐμπήξασα,
1274 1859 1480 1938 χρόνου
1534 1859 1625 1916 καὶ
1681 1857 1856 1915 κόπου

210 1954 386 2030 δεηθῇ
436 1956 534 2010 τοῦ
590 1951 974 2029 ἐκριζωθῆναι.
1029 1951 1127 2006 Διά
1178 1953 1342 2006 τοῦτο
1397 1951 1502 2026 γάρ
1529 1949 1702 2006 άεῖτά
1735 1948 1857 2024 μεί-

209 2050 342 2115 ζονα
366 2046 475 2100 τῶν
504 2044 719 2119 άμαρτη
731 2040 915 2115 μάτων
954 2038 1323 2117 ἱπεισέρχεται
1385 2042 1514 2114 ἡμῖν
1569 2039 1660 2095 καὶ
1688 2059 1857 2096 κατα-

204 2131 514 2192 δναναστεῦει
568 2135 676 2188 τῶν
733 2128 1016 2206 ἡμετέρων
1074 2132 1288 2206 ψυχῶν,
1341 2128 1424 2185 ὅτι
1479 2129 1548 2185 τά
1593 2125 1857 2184 ἰλάττονα

200 2228 363 2285 172
393 2222 657 2281 δοκοῦντα
687 2224 822 2278 εῖναι
849 2266 864 2292 ,
893 2223 1005 2277 οἷον
1047 2220 1371 2295 ἐνθυμήσεις
1398 2220 1663 2294 πονηραὶ,
1696 2217 1853 2296 λόγοι

200 2316 490 2391 ἆπρεπεῖς,
544 2310 763 2388 ὁμιλίαι
811 2313 994 2384 κακαὶ,
1027 2318 1129 2382 τῆς
1185 2310 1575 2387 προσηκούσης
1631 2308 1695 2367 οὐ
1721 2330 1852 2384 τυγ-

182 2405 366 2484 χάνει
425 2400 787 2479 διορθώσεως.
845 2403 1050 2476 ’Ὠσπερ
1097 2401 1202 2476 γὰρ
1243 2398 1295 2456 ἐν
1342 2404 1460 2462 τοῖς
1521 2398 1766 2471 σώμασιν
1800 2398 1854 2454 οἱ

205 2497 422 2570 μικρῶν
459 2491 968 2569 καταφρανήσαντες
997 2489 1320 2565 τραυμάτων
1381 2484 1677 2559 σηπεδόνας
1708 2485 1854 2543 πολι-

202 2582 369 2644 λάκις
422 2580 512 2636 καὶ
567 2579 795 2646 θάνατον
851 2577 1064 2643 ἑαυτοῖς
1119 2577 1506 2654 προεξὲνησαν,
1563 2575 1708 2633 οὕτω
1757 2576 1847 2633 καὶ

202 2676 320 2728 τῶν
348 2672 559 2745 ψυχῶν,
592 2669 645 2723 οἱ
686 2671 795 2724 τῶν
826 2671 1038 2742 μικρῶν
1093 2665 1466 2742 ὑπερορῶντες
1516 2669 1701 2730 παθῶν
1760 2664 1853 2721 καὶ

209 2758 622 2834 ἁμαρτημάτων
657 2802 672 2827 ,
729 2757 796 2811 τά
859 2754 1082 2829 μείζονα
1138 2755 1500 2831 ἐπεισάγουσι·
1558 2754 1678 2818 καθ’
1729 2752 1855 2810 ὅσον

205 2846 266 2904 δὲ
294 2849 364 2903 τά
402 2848 626 2920 μείζονα
681 2844 1053 2921 ἐπεισέρχεται
1112 2845 1315 2915 αὐτοῖς,
1348 2842 1400 2898 ἐν
1450 2837 1553 2915 ἕξει
1584 2841 1849 2919 γινομένη

198 2938 236 3007 ἡ
265 2937 424 3012 ψυχὴ
455 2940 800 3011 καταφρονεῖ.
846 2927 1074 3002 ’Λσεῦἧς
1103 2932 1254 3026 γὰρ»,
1278 2929 1440 3026 φξησῖν
1459 3022 1471 3026 _
1490 2933 1624 3026 (46))
1678 2929 1850 3026 ἐλθὰέν
1884 2958 1927 3026 C

198 3026 279 3090 εἰς
315 3026 481 3103 βάθος
533 3028 716 3081 κακῶν
774 3027 1117 3100 καταφρονεῖ,
1169 3020 1261 3078 καὶ
1319 3021 1515 3078 λοιπὸν
1569 3021 1749 3095 ὥσπερ
1790 3021 1850 3084 ὗς

194 3110 693 3190 ὶγαυλινδοῦμενος
754 3106 1011 3189 βορϐόρῳ
1066 3108 1249 3182 ἣδεται
1307 3112 1441 3186 (47),
1493 3109 1637 3167 οὕτω
1692 3109 1782 3166 καὶ
1814 3112 1849 3181 ἡ

195 3204 358 3280 ψυχὴ
389 3200 598 3274 ἱκείνη,
638 3207 760 3265 ταῖς
811 3205 1005 3264 κακαῖς
1059 3200 1362 3272 συνηθείαις
1410 3204 1849 3276 καταχωσθεῖσα,

199 3292 334 3350 οὐδὶ
361 3291 615 3364 αἴσθησιν
668 3285 939 3366 λαμϐάνει
992 3296 1093 3362 τῆς
1136 3297 1249 3347 τῶν
1280 3290 1689 3367 ἁμαρτημάτων
1722 3286 1852 3345 δυσ-

198 3380 398 3452 ωδίας,
429 3381 577 3439 ἀλλὰ
604 3381 853 3458 τέρπεται
914 3378 1131 3454 μᾶλλον
1163 3380 1353 3442 αὐταῖς
1381 3378 1472 3435 καὶ
1516 3376 1850 3451 ἐνηδύνεται,

195 3473 280 3537 ὥς
342 3472 546 3548 ἀγαθοῦ
598 3491 747 3534 τινος
801 3476 904 3541 τῆς
960 3468 1149 3532 κακίας
1206 3467 1569 3547 ἀντεχομένη·
1600 3465 1697 3524 κᾶν
1754 3468 1855 3543 ὀψὲ

190 3559 264 3634 δή
298 3581 441 3617 ποτε
469 3558 797 3617 άνανεύουσα
828 3558 905 3625 είς
933 3557 1182 3631 αἴσθησιν
1233 3555 1387 3633 ἔλθῃ,
1445 3556 1603 3631 κόπῳ
1653 3555 1854 3631 πολλῷ

191 3650 289 3708 καὶ
329 3647 523 3724 ἶδρῶτι
580 3647 983 3725 ἂλευθεροῦται,
1043 3649 1127 3711 οἷς
1157 3648 1269 3721 (48)
1300 3645 1541 3703 ἰθελοντὶ
1596 3643 1853 3702 κατεδού-

195 3740 390 3796 λευσεν
426 3739 622 3809 ἑαυτὴν
653 3738 723 3806 τνῖ
753 3741 969 3812 πονηρᾷ
997 3737 1272 3809 συνηθείᾳ.

266 4007 375 4063 Διὰ
467 4009 633 4063 τοῦτο
705 4003 851 4080 πάσῃ
896 4001 1123 4078 δυνάμει
1185 4000 1456 4080 μάκρυνον
1507 4002 1696 4059 ἑαυτὸν
1746 4003 1853 4058 ἀπὸ

189 4097 379 4167 udum
408 4094 612 4157 ἐννοίας
668 4093 760 4151 καὶ
817 4093 1171 4167 ἰνθυμήσεως
1226 4096 1469 4166 πονηρᾶς
1526 4091 1617 4147 καὶ
1672 4092 1852 4163 πάσης

187 4184 483 4259 ἰμπαθοῦς
540 4180 846 4255 συνηθείας⁸
910 4178 1126 4256 μᾶλλον
1184 4177 1243 4236 δὶ
1295 4185 1416 4243 ταῖς
1463 4179 1682 4257 ἀρεταῖς
1713 4175 1856 4249 ἔθιζε

185 4275 389 4331 ἑαυτὸν
416 4273 510 4330 καῖ
562 4272 615 4329 ἐν
654 4266 756 4345 ἔξει
809 4277 912 4343 τῆς
964 4269 1178 4326 τούτων
1237 4273 1400 4346 γενοῦ
1451 4267 1727 4345 ἐργασίας.
1784 4267 1850 4326 Et

1968 1680 2333 1737 consuetudo
2348 1680 2451 1735 tibi
2471 1681 2815 1738 dominetur
2837 1702 2850 1750 ;
2869 1700 3069 1741 verum
3092 1686 3280 1743 donec
3300 1706 3508 1748 recens
3521 1700 3614 1751 est

1968 1786 2203 1842 parvam
2217 1769 2478 1826 radicem
2492 1786 2522 1825 e
2545 1776 2782 1843 pectore
2798 1777 2896 1828 tuo
2913 1774 3127 1842 evelle;
3149 1793 3222 1832 ne
3238 1778 3458 1851 alioqui
3474 1798 3609 1840 cum

1966 1859 2295 1932 pullularit,
2319 1876 2385 1916 ac
2416 1859 2646 1918 radices
2666 1878 2804 1918 suas
2824 1863 2941 1918 alte
2960 1864 3241 1935 inﬁxerit,
3264 1875 3469 1940 postea
3490 1889 3613 1931 non

1966 1949 2080 2005 nisi
2106 1949 2282 2023 longo
2302 1955 2588 2023 tempore,
2605 1967 2673 2007 ac
2696 1968 2907 2024 magno
2930 1970 3064 2010 cum
3081 1955 3282 2014 labore
3300 1963 3609 2036 exstirpari

1963 2040 2170 2111 possit.
2203 2039 2286 2095 0b
2320 2039 2379 2095 id
2405 2040 2568 2096 enim
2590 2042 2819 2113 majora
2843 2050 3085 2115 peccata
3116 2049 3381 2119 quotidie
3399 2051 3472 2108 ad
3497 2070 3608 2110 nos

1963 2128 2191 2184 aditum
2220 2129 2461 2199 habent,
2485 2133 2663 2201 atque
2686 2132 2748 2186 in
2778 2132 3009 2189 animas
3029 2140 3263 2192 nostras
3285 2139 3603 2211 imperium

1963 2217 2257 2287 obtinent,
2290 2219 2574 2290 quoniam
2605 2220 2678 2275 iis
2710 2237 2844 2291 qnae
2878 2224 3113 2279 minoro
3146 2242 3275 2283 esse
3305 2227 3603 2301 videntur,

1961 2309 2074 2364 hoc
2102 2312 2193 2364 est
2220 2308 2508 2380 improbis
2529 2310 3005 2383 cogitationibus,
3024 2313 3359 2373 inhonestis
3379 2335 3608 2379 sermo-

1962 2398 2139 2454 nibus
2159 2440 2173 2465 ,
2208 2397 2501 2471 malisque
2531 2399 2848 2472 colloquiis
2886 2409 3287 2463 consentanea
3316 2415 3604 2469 correctio

1961 2489 2211 2545 minime
2233 2488 2820 2547 adhibetur.Utenim
2840 2492 2899 2547 in
2934 2496 3280 2566 corporibus
3303 2501 3405 2571 qui
3427 2520 3607 2574 parva

1961 2575 2205 2632 vulnera
2218 2576 2525 2650 negligunt
2536 2579 2763 2634 saniem
2780 2580 3130 2654 plerumque
3144 2601 3210 2639 ac
3225 2592 3475 2645 mortem
3494 2591 3606 2647 sibi

1962 2665 2107 2737 ipsis
2123 2670 2455 2733 accersunt,
2469 2665 2543 2722 ad
2557 2667 2832 2723 eumdem
2847 2669 3087 2726 modum
3110 2674 3289 2729 etiam
3310 2676 3371 2730 in
3390 2678 3606 2735 animis

1963 2755 2074 2812 hoc
2092 2771 2203 2810 usu
2220 2755 2399 2823 venit,
2430 2759 2496 2810 ut
2526 2755 2627 2826 qui
2651 2756 2900 2813 minima
2920 2758 3060 2815 vitia
3080 2776 3147 2817 ac
3168 2770 3411 2833 peccata
3431 2766 3605 2823 nihili

1962 2842 3250 2915 pendunt,graviorasibiinvehanLQuatenus
3262 2858 3460 2909 autem
3474 2871 3607 2928 gra-

1962 2932 2124 2988 viora
2152 2936 2394 3005 peccata
2422 2931 2569 3003 ipsis
2608 2931 2980 3003 oboriuntur,
3030 2944 3331 2996 contracto
3361 2942 3606 3000 tandem

1962 3021 2170 3077 habitu
2182 3021 2383 3078 anima
2401 3021 2465 3075 in
2481 3026 2886 3094 contemptum
2907 3025 3081 3081 cadit.
3106 3028 3329 3101 Impius
3347 3031 3506 3088 enim
3521 3034 3606 3089 in-

1958 3113 2088 3185 quit
2134 3111 2263 3182 ille,
2311 3129 2450 3168 cum
2480 3112 2542 3168 in
2572 3112 2935 3185 profundum
2992 3120 3242 3188 venerit,
3276 3126 3609 3181 contemnit

1956 3203 2143 3274 (Prov.
2168 3201 2286 3272 vn).
2319 3203 2402 3257 Ac
2443 3201 2747 3275 deinceps,
2779 3210 2845 3259 ut
2895 3222 2996 3263 sus
3026 3208 3086 3264 in
3133 3226 3301 3267 como
3352 3213 3605 3271 volutari

1958 3290 2272 3364 gaudet(II
2293 3293 2472 3349 Peter.
2505 3291 2594 3363 ιι),
2627 3292 2711 3349 sic
2729 3293 2906 3350 etiam
2920 3297 3118 3354 anima
3139 3298 3244 3356 illa
3258 3319 3608 3373 pravaecon-

1959 3379 2263 3436 suetudini
2293 3379 2679 3449 immersa,ne
2699 3389 3074 3454 peccatorum
3097 3388 3338 3458 quidem
3354 3391 3605 3451 fetorem

1959 3469 2160 3536 sentit,
2192 3484 2396 3524 verum
2424 3469 2624 3540 potius
2641 3471 2784 3543 ipsis
2799 3473 3017 3545 gaudet
3051 3481 3109 3531 et
3129 3476 3478 3548 oblectatur,
3510 3482 3606 3539 vi-

1959 3558 2226 3628 tiumque
2256 3557 2447 3614 instar
2466 3556 2606 3615 boni
2630 3560 2965 3633 cujuspiam
2993 3567 3325 3625 arctissime
3365 3571 3606 3629 retinet.

1957 3649 2148 3719 Atque
2167 3651 2234 3702 ut
2261 3648 2440 3702 etiam
2480 3646 2823 3722 aliquando,
2844 3658 3081 3725 recepta
3118 3656 3353 3713 meliori
3383 3666 3604 3730 mente,

1960 3733 2252 3790 scelerum
2286 3750 2529 3790 suorum
2559 3750 2740 3792 sensu
2765 3737 3080 3809 afficiatur,
3111 3758 3233 3799 non
3257 3750 3457 3804 tamen
3478 3749 3606 3806 sine

1958 3837 2172 3894 magno
2202 3819 2405 3878 labore
2427 3839 2497 3878 ac
2528 3822 2746 3881 sudore
2763 3841 2799 3880 a
2826 3843 3005 3898 prava
3033 3835 3487 3905 consuetudine,
3510 3838 3605 3894 cui

1958 3910 2116 3966 ultro
2138 3927 2207 3966 ac
2228 3915 2438 3982 sponte
2471 3927 2533 3967 se
2563 3911 2625 3968 in
2650 3915 2992 3973 servitutem
3013 3919 3261 3992 addixit,
3294 3923 3603 3986 liberatur.

1960 4000 2246 4066 Quocirca
2260 4000 2540 4057 omnibus
2559 4002 2783 4060 viribus
2797 4004 2871 4061 ab
2894 4009 3056 4064 omni
3075 4010 3233 4067 mala
3248 4014 3605 4087 cogitatione

1959 4095 2137 4162 atque
2155 4090 2317 4146 omni
2331 4090 2541 4149 vitiosa
2550 4095 2983 4153 consuetudine
2996 4104 3052 4153 te
3065 4116 3391 4160 remove.ac
3406 4121 3481 4175 po
3489 4105 3604 4160 tius

1960 4179 2274 4236 virtutibus
2287 4196 2582 4250 assuesce,
2608 4197 2825 4254 easque
2843 4184 2926 4241 ita
2945 4186 3075 4242 cole
3103 4192 3280 4260 atque
3295 4207 3523 4261 exerce,
3541 4197 3610 4247 ut

1962 4286 2167 4326 earum
2187 4268 2428 4325 habitus
2443 4269 2547 4325 tibi
2566 4278 2957 4344 comparetur.
2968 4276 3112 4332 Nam
3126 4278 3175 4333 si
3189 4279 3433 4350 paulum
3446 4280 3608 4338 labo-

186 4365 299 4440 γάρ
330 4363 530 4439 μικρὸν
589 4330 878 4423 κοπιάσεις
899 4330 956 4416 δν
1006 4358 1187 4422 αὐτοῖς
1219 4330 1311 4415 καὶ
1338 4358 1396 4415 ἰν
1455 4330 1557 4430 ἔξει
1603 4330 1849 4434 γενεσθαι

1963 4358 2047 4413 ris
2076 4358 2138 4413 in
2165 4357 2310 4430 ipsis
2331 4358 2685 4430 susceperis,
2719 4364 2897 4432 atque
2929 4379 3133 4421 earum
3164 4330 3434 4424 brabitum
3459 4386 3607 4425 con-

186 4452 451 4530 ἰσχύσεις
484 4497 500 4525 ,
558 4451 781 4508 ἆκόπως
840 4447 1035 4505 λοιπὸν
1105 4451 1177 4523 τῇ
1232 4452 1330 4504 τοῦ
1387 4451 1522 4505 Θεοῦ
1577 4446 1854 4524 συνεργείᾳ

186 4541 522 4620 προκόψεις.
553 4541 619 4599 Ἠ
647 4539 749 4616 γὰρ
778 4536 885 4611 ἕξις
932 4544 1032 4609 τῆς
1089 4537 1285 4613 ἀρετῆς
1339 4540 1410 4613 τῇ
1467 4535 1623 4611 ψυχῇ
1675 4556 1854 4591 ποιωο

184 4637 374 4701 θεῖσα,
410 4631 487 4694 ὡς
518 4630 612 4686 ἅτε
642 4629 874 4704 φυσικὴν
907 4625 1216 4705 συγγᾶνειαν
1246 4625 1386 4703 πρὸς
1428 4623 1598 4695 αότὴν
1651 4623 1856 4700 ἔχουσα

182 4722 287 4778 καὶ
348 4720 444 4776 τὸν
494 4721 623 4776 θεὸν
682 4718 939 4794 συνεργὸν
994 4716 1302 4790 κεκτημένη
1332 4759 1346 4785 ,
1404 4708 1855 4789 δυσμετάϐλητος

177 4808 406 4887 γίνεται
461 4811 613 4867 17³
670 4807 763 4865 καὶ
829 4806 949 4864 λίαν
1004 4805 1382 4883 ἀσφαλεστάτη
1415 4849 1429 4875 ,
1487 4803 1668 4866 καθὼς
1726 4804 1855 4877 ὁρᾷς

183 4898 282 4956 ὅτι
314 4901 354 4969 ἡ
389 4895 610 4972 ἀνδρεία
666 4897 757 4954 καὶ
814 4897 1096 4975 φρόνησις,
1155 4892 1480 4973 σωφροσύνη
1538 4914 1598 4949 τε
1645 4892 1737 4949 καὶ
1772 4890 1857 4948 δι-

179 4987 464 5057 καιοσύνη
496 4988 609 5061 (49)
646 4980 1091 5059 δυσμετάϐλητάί
1148 4982 1303 5053 εἰσιν,
1363 4977 1496 5054 ἔξεις
1552 4983 1705 5037 οὖσαι
1752 4988 1854 5051 τῆς

182 5081 401 5154 ψυχῆς
421 5076 515 5133 καὶ
570 5075 861 5146 ποιότητες
914 5072 1004 5130 καὶ
1047 5072 1319 5150 ἰνὲργεται
1368 5069 1459 5128 διᾶ
1509 5072 1708 5149 βάθους
1762 5091 1855 5127 κε-

184 5170 547 5245 χωρηκυῖαι.
582 5164 646 5223 Εἴ
678 5163 782 5241 γὰρ
813 5164 881 5220 τά
919 5162 1063 5236 πάθη
1120 5168 1223 5233 τῆς
1275 5159 1485 5230 κακίας,
1546 5160 1608 5216 οὔ
1660 5160 1858 5245 φυσικᾶ

176 5244 335 5331 ἡμῖν
371 5253 525 5326 ὄντα,
584 5251 712 5311 ἀλλ’
742 5252 935 5328 ἔξωθεν
996 5249 1399 5319 ἐπειπλθῦντα,
1449 5249 1610 5320 ἡνίκα
1668 5250 1719 5306 ἐν
1753 5244 1857 5324 ἔξει

174 5345 488 5424 γένωνται,
519 5337 945 5416 δυσμετάϐλητά
978 5341 1109 5414 εἱσι,
1136 5339 1293 5415 πόσῳ
1327 5337 1565 5415 ,μᾶλλον
1598 5340 1635 5410 ἡ
1666 5338 1857 5413 ἀρετή,

269 5474 391 5542 (46)
421 5469 699 5542 Proverb.
731 5484 887 5536 xvm,
919 5470 973 5525 3.

271 5541 394 5614 (4⁸1)
423 5541 590 5599 Conf.
706 5542 796 5610 88,
827 5557 887 5599 n.
921 5542 1009 5621 69.

271 5615 389 5667 iam
418 5614 482 5667 Ο.
512 5612 590 5666 ὧν
671 5629 779 5667 ene
809 5610 1009 5667 οῖς.Βιι

270 5615 389 5686 (48)
418 5614 482 5681 C,
512 5614 590 5666 ὧν
622 5614 701 5668 Be

186 5694 482 5742 (amatae.

1964 4447 2234 4516 traxeris,
2266 4451 2490 4518 postea,
2526 4448 2642 4504 Deo
2665 4447 2932 4520 juvante,
2952 4452 3101 4510 citra
3129 4453 3395 4513 laborem
3416 4458 3629 4515 ullum

1965 4536 2260 4610 proficies.
2293 4535 2599 4608 Siquidem
2630 4538 2862 4594 virtutis
2893 4540 3131 4600 habitus
3156 4546 3372 4601 animae
3392 4547 3610 4604 insitus

1962 4630 2167 4699 utpote
2183 4625 2520 4683 naturalem
2534 4642 2668 4683 cum
2683 4643 2754 4684 ea
2764 4632 3176 4703 cognationem
3196 4635 3445 4701 habens,
3465 4636 3611 4693 Dei-

1965 4729 2078 4786 que
2105 4730 2214 4787 ope
2228 4713 2491 4786 adjutus,
2524 4715 2616 4771 vix
2634 4717 2881 4774 omnino
2904 4724 3294 4781 mutationem
3307 4725 3492 4781 ullam
3513 4743 3611 4782 re-

1964 4804 2128 4876 cipit,
2162 4809 2339 4875 atque
2369 4804 2431 4861 in
2461 4804 2672 4876 primis
2709 4806 2918 4865 ﬁrmus
2966 4816 3075 4878 est,
3109 4814 3610 4885 quemadmodum

1964 4893 2126 4949 vides
2153 4891 2569 4950 fortitudinem
2596 4899 2656 4949 et
2684 4897 3084 4969 prudentiam,
3124 4904 3612 4975 temperantiam-

1965 4999 2081 5055 que
2110 4982 2253 5037 item
2283 4998 2351 5037 ac
2364 4982 2684 5054 justitiam,
2715 4986 2808 5041 vix
2832 4988 3074 5045 omnino
3099 4991 3489 5049 mutationem
3519 4992 3613 5049 ul—

1963 5071 2085 5129 lam
2129 5070 2466 5136 admittere,
2505 5077 2821 5144 propterea
2849 5077 3008 5147 quod
3038 5077 3251 5136 animm
3289 5080 3526 5136 habitus
3555 5086 3616 5137 et

1968 5159 2286 5234 qualitates
2317 5163 2377 5215 et
2401 5161 2775 5232 operationes
2815 5165 2953 5235 sint,
2987 5182 3118 5223 eam
3148 5169 3390 5240 penitus
3427 5186 3611 5242 pene-

1969 5251 2365 5306 trantes.Nam
2381 5264 2516 5305 eum
2530 5249 2651 5306 vitii
2668 5252 3170 5329 aﬂ‘ectiones,quae
3187 5257 3361 5314 nobis
3374 5275 3493 5316 non
3510 5276 3616 5316 na-

1970 5338 2212 5406 turales,
2229 5336 2331 5393 sed
2345 5338 2580 5395 adventi
2589 5339 2682 5396 tiae
2697 5348 3247 5417 sunt,posteaquam
3262 5346 3333 5403 ad
3347 5346 3619 5406 habitum

705 5607 789 5667 ne
809 5610 1148 5685 ol'e;.Bihyus
1174 5611 1324 5667 bene
1349 5626 1362 5666 :
1390 5625 1537 5682 pour
1573 5608 1758 5664 s’estre
1785 5608 2247 5664 votontairement
2275 5607 2542 5664 soubmise
2568 5614 2603 5664 (ὶ
2633 5610 2688 5666 la
2716 5615 2990 5669 semitude
3019 5615 3085 5670 de
3114 5619 3395 5673 matwaise
3425 5632 3626 5673 accou-

272 5758 397 5833 (εν)
433 5758 680 5817 Lemma
708 5756 769 5814 in
811 5757 858 5812 Α
885 5772 898 5810 :
928 5751 1247 5827 Σημείωσαι
1275 5749 1415 5815 τίνες
1443 5751 1499 5808 αἱ
1532 5748 1767 5831 μεγάλαι
1795 5748 2048 5831 τεσσαρες
2076 5748 2281 5831 ἀρεταί.
