  <div class='ocr_page' id='page_1' title='image "/cluster/home/n/w/nwhite01/storage/ocr_20150623/96/hvd.32044073502122/532.png"; bbox 0 0 4030 6202; ppageno 0'>
   <div class='ocr_carea' id='block_1_1' title="bbox 180 384 339 445">
    <p class='ocr_par' dir='ltr' id='par_1_1' title="bbox 180 384 339 445">
     <span class='ocr_line' id='line_1_1' title="bbox 180 384 339 445; baseline -0.013 0"><span class='ocrx_word' id='word_1_1' title='bbox 180 384 339 445; x_wconf 74' lang='grc'>1058</span> 
     </span>
    </p>
   </div>
   <div class='ocr_carea' id='block_1_2' title="bbox 1383 375 2447 436">
    <p class='ocr_par' dir='ltr' id='par_1_2' title="bbox 1383 375 2447 436">
     <span class='ocr_line' id='line_1_2' title="bbox 1383 375 2447 436; baseline -0.005 -1"><span class='ocrx_word' id='word_1_2' title='bbox 1383 380 1554 436; x_wconf 73' lang='lat' dir='ltr'>Vl‘l&#39;A</span> <span class='ocrx_word' id='word_1_3' title='bbox 1591 378 1942 436; x_wconf 69' lang='lat' dir='ltr'><strong>BABLAAH</strong></span> <span class='ocrx_word' id='word_1_4' title='bbox 1978 378 2071 432; x_wconf 71' lang='grc' dir='ltr'>ΒΤ</span> <span class='ocrx_word' id='word_1_5' title='bbox 2105 375 2447 433; x_wconf 68' lang='grc' dir='ltr'>ΙΟΔΒΔΡΗ.</span> 
     </span>
    </p>
   </div>
   <div class='ocr_carea' id='block_1_3' title="bbox 3468 358 3609 417">
    <p class='ocr_par' dir='ltr' id='par_1_3' title="bbox 3468 358 3609 417">
     <span class='ocr_line' id='line_1_3' title="bbox 3468 358 3609 417; baseline 0 0"><span class='ocrx_word' id='word_1_6' title='bbox 3468 358 3609 417; x_wconf 70' lang='grc'>1054</span> 
     </span>
    </p>
   </div>
   <div class='ocr_carea' id='block_1_4' title="bbox 191 487 1865 582">
    <p class='ocr_par' dir='ltr' id='par_1_4' title="bbox 191 502 1862 582">
     <span class='ocr_line' id='line_1_4' title="bbox 191 502 1862 582; baseline -0.006 -15"><span class='ocrx_word' id='word_1_7' title='bbox 191 515 318 566; x_wconf 84' lang='grc' dir='ltr'>τῶν</span> <span class='ocrx_word' id='word_1_8' title='bbox 347 513 448 565; x_wconf 82' lang='grc' dir='ltr'>τοῦ</span> <span class='ocrx_word' id='word_1_9' title='bbox 468 507 684 582; x_wconf 83' lang='grc' dir='ltr'>κόσμου</span> <span class='ocrx_word' id='word_1_10' title='bbox 713 504 903 563; x_wconf 85' lang='grc' dir='ltr'>καλῶν</span> <span class='ocrx_word' id='word_1_11' title='bbox 935 505 1266 577; x_wconf 81' lang='grc' dir='ltr'>τηλικοῦτον</span> <span class='ocrx_word' id='word_1_12' title='bbox 1296 503 1571 581; x_wconf 76' lang='grc' dir='ltr'>εὐφράνοι,</span> <span class='ocrx_word' id='word_1_13' title='bbox 1603 504 1676 564; x_wconf 79' lang='grc' dir='ltr'>ὡς</span> <span class='ocrx_word' id='word_1_14' title='bbox 1733 502 1862 565; x_wconf 87' lang='grc' dir='ltr'>Θεὸς</span> 
     </span>
    </p>
   </div>
   <div class='ocr_carea' id='block_1_5' title="bbox 1978 487 3605 582">
    <p class='ocr_par' dir='ltr' id='par_1_5' title="bbox 1978 487 3605 566">
     <span class='ocr_line' id='line_1_5' title="bbox 1978 487 3605 566; baseline -0.011 -8"><span class='ocrx_word' id='word_1_15' title='bbox 1978 504 2154 558; x_wconf 83' lang='lat' dir='ltr'>ﬁnem</span> <span class='ocrx_word' id='word_1_16' title='bbox 2167 500 2381 557; x_wconf 80' lang='lat' dir='ltr'>faciat?</span> <span class='ocrx_word' id='word_1_17' title='bbox 2400 503 2480 555; x_wconf 88' lang='lat' dir='ltr'>Ac</span> <span class='ocrx_word' id='word_1_18' title='bbox 2497 511 2757 560; x_wconf 85' lang='lat' dir='ltr'>rursum,</span> <span class='ocrx_word' id='word_1_19' title='bbox 2777 492 3077 566; x_wconf 82' lang='lat' dir='ltr'>quodnam</span> <span class='ocrx_word' id='word_1_20' title='bbox 3100 494 3187 545; x_wconf 89' lang='lat' dir='ltr'>est</span> <span class='ocrx_word' id='word_1_21' title='bbox 3206 488 3386 559; x_wconf 84' lang='lat' dir='ltr'>hujus</span> <span class='ocrx_word' id='word_1_22' title='bbox 3397 487 3605 542; x_wconf 91' lang='lat' dir='ltr'>mundi</span> 
     </span>
    </p>
   </div>
   <div class='ocr_carea' id='block_1_6' title="bbox 195 592 1861 672">
    <p class='ocr_par' dir='ltr' id='par_1_6' title="bbox 195 592 1861 672">
     <span class='ocr_line' id='line_1_6' title="bbox 195 592 1861 672; baseline -0.005 -18"><span class='ocrx_word' id='word_1_23' title='bbox 195 598 372 659; x_wconf 79' lang='grc' dir='ltr'>αὐτὸς</span> <span class='ocrx_word' id='word_1_24' title='bbox 431 595 637 660; x_wconf 82' lang='grc' dir='ltr'>ἐκεῖνος</span> <span class='ocrx_word' id='word_1_25' title='bbox 694 599 811 660; x_wconf 82' lang='grc' dir='ltr'>τοῖς</span> <span class='ocrx_word' id='word_1_26' title='bbox 873 596 1181 672; x_wconf 72' lang='grc' dir='ltr'>ἀγαπήσασι</span> <span class='ocrx_word' id='word_1_27' title='bbox 1241 594 1641 669; x_wconf 85' lang='grc' dir='ltr'>χαριζόμενος;</span> <span class='ocrx_word' id='word_1_28' title='bbox 1696 592 1861 665; x_wconf 74' lang='grc' dir='ltr'>οὗπερ</span> 
     </span>
    </p>
   </div>
   <div class='ocr_carea' id='block_1_7' title="bbox 191 680 1859 765">
    <p class='ocr_par' dir='ltr' id='par_1_7' title="bbox 191 680 1859 765">
     <span class='ocr_line' id='line_1_7' title="bbox 191 680 1859 765; baseline -0.006 -20"><span class='ocrx_word' id='word_1_29' title='bbox 191 690 267 745; x_wconf 82' lang='grc' dir='ltr'>τὸ</span> <span class='ocrx_word' id='word_1_30' title='bbox 297 686 513 749; x_wconf 75' lang='grc' dir='ltr'>καλλος</span> <span class='ocrx_word' id='word_1_31' title='bbox 547 687 642 761; x_wconf 79' lang='grc' dir='ltr'>μὶν</span> <span class='ocrx_word' id='word_1_32' title='bbox 689 686 914 765; x_wconf 74' lang='grc' dir='ltr'>ἃιρατον,</span> <span class='ocrx_word' id='word_1_33' title='bbox 974 682 1256 740; x_wconf 74' lang='grc' dir='ltr'>δυναστεία</span> <span class='ocrx_word' id='word_1_34' title='bbox 1314 680 1372 738; x_wconf 69' lang='grc' dir='ltr'>δὲ</span> <span class='ocrx_word' id='word_1_35' title='bbox 1428 681 1647 756; x_wconf 80' lang='grc' dir='ltr'>ἄμαχος</span> <span class='ocrx_word' id='word_1_36' title='bbox 1702 681 1790 737; x_wconf 79' lang='grc' dir='ltr'>καὶ</span> <span class='ocrx_word' id='word_1_37' title='bbox 1824 682 1859 749; x_wconf 76' lang='grc' dir='ltr'>ἡ</span> 
     </span>
    </p>
   </div>
   <div class='ocr_carea' id='block_1_8' title="bbox 204 768 1865 851">
    <p class='ocr_par' dir='ltr' id='par_1_8' title="bbox 204 768 1865 851">
     <span class='ocr_line' id='line_1_8' title="bbox 204 768 1865 851; baseline -0.006 -18"><span class='ocrx_word' id='word_1_38' title='bbox 204 776 343 851; x_wconf 79' lang='grc' dir='ltr'>δόξα</span> <span class='ocrx_word' id='word_1_39' title='bbox 370 774 568 841; x_wconf 74' lang='grc' dir='ltr'>ἀΐδιος·</span> <span class='ocrx_word' id='word_1_40' title='bbox 604 776 773 851; x_wconf 80' lang='grc' dir='ltr'>οὗπερ</span> <span class='ocrx_word' id='word_1_41' title='bbox 808 775 876 831; x_wconf 76' lang='grc' dir='ltr'>τά</span> <span class='ocrx_word' id='word_1_42' title='bbox 929 775 1121 849; x_wconf 76' lang='grc' dir='ltr'>ἀγαθὰ,</span> <span class='ocrx_word' id='word_1_43' title='bbox 1173 774 1239 828; x_wconf 78' lang='grc' dir='ltr'>τὰ</span> <span class='ocrx_word' id='word_1_44' title='bbox 1282 777 1398 835; x_wconf 85' lang='grc' dir='ltr'>τοῖς</span> <span class='ocrx_word' id='word_1_45' title='bbox 1459 770 1623 826; x_wconf 78' lang='grc' dir='ltr'>αὐτοῦ</span> <span class='ocrx_word' id='word_1_46' title='bbox 1681 768 1865 844; x_wconf 78' lang='grc' dir='ltr'>φίλοις</span> 
     </span>
    </p>
   </div>
   <div class='ocr_carea' id='block_1_9' title="bbox 193 859 1863 941">
    <p class='ocr_par' dir='ltr' id='par_1_9' title="bbox 193 859 1863 941">
     <span class='ocr_line' id='line_1_9' title="bbox 193 859 1863 941; baseline -0.007 -17"><span class='ocrx_word' id='word_1_47' title='bbox 193 866 566 941; x_wconf 80' lang='grc' dir='ltr'>ἀποκείμενα.</span> <span class='ocrx_word' id='word_1_48' title='bbox 650 866 867 922; x_wconf 84' lang='grc' dir='ltr'>πάντων</span> <span class='ocrx_word' id='word_1_49' title='bbox 953 869 1061 920; x_wconf 86' lang='grc' dir='ltr'>τῶν</span> <span class='ocrx_word' id='word_1_50' title='bbox 1148 864 1443 941; x_wconf 71' lang='grc' dir='ltr'>ὁρωμένων</span> <span class='ocrx_word' id='word_1_51' title='bbox 1528 859 1863 936; x_wconf 86' lang='grc' dir='ltr'>ἀσυγκρίτως</span> 
     </span>
    </p>
   </div>
   <div class='ocr_carea' id='block_1_10' title="bbox 204 948 1863 1034">
    <p class='ocr_par' dir='ltr' id='par_1_10' title="bbox 204 948 1863 1034">
     <span class='ocr_line' id='line_1_10' title="bbox 204 948 1863 1034; baseline -0.007 -21"><span class='ocrx_word' id='word_1_52' title='bbox 204 958 495 1034; x_wconf 77' lang='grc' dir='ltr'>ὑπερέχει,</span> <span class='ocrx_word' id='word_1_53' title='bbox 530 953 565 1010; x_wconf 74' lang='grc' dir='ltr'>ἅ</span> <span class='ocrx_word' id='word_1_54' title='bbox 594 953 881 1033; x_wconf 65' lang='grc' dir='ltr'>ὀφθαλμὸς</span> <span class='ocrx_word' id='word_1_55' title='bbox 912 952 1011 1009; x_wconf 77' lang='grc' dir='ltr'>οὐκ</span> <span class='ocrx_word' id='word_1_56' title='bbox 1041 951 1167 1026; x_wconf 78' lang='grc' dir='ltr'>εἶδε,</span> <span class='ocrx_word' id='word_1_57' title='bbox 1219 953 1306 1007; x_wconf 89' lang='grc' dir='ltr'>καὶ</span> <span class='ocrx_word' id='word_1_58' title='bbox 1359 952 1450 1013; x_wconf 81' lang='grc' dir='ltr'>οῦς</span> <span class='ocrx_word' id='word_1_59' title='bbox 1499 951 1601 1005; x_wconf 80' lang='grc' dir='ltr'>οὐκ</span> <span class='ocrx_word' id='word_1_60' title='bbox 1641 948 1863 1018; x_wconf 74' lang='grc' dir='ltr'>ἢκουσε,</span> 
     </span>
    </p>
   </div>
   <div class='ocr_carea' id='block_1_11' title="bbox 194 1036 1861 1122">
    <p class='ocr_par' dir='ltr' id='par_1_11' title="bbox 194 1036 1861 1122">
     <span class='ocr_line' id='line_1_11' title="bbox 194 1036 1861 1122; baseline -0.007 -19"><span class='ocrx_word' id='word_1_61' title='bbox 194 1047 295 1104; x_wconf 75' lang='grc' dir='ltr'>καὶ</span> <span class='ocrx_word' id='word_1_62' title='bbox 356 1046 445 1103; x_wconf 79' lang='grc' dir='ltr'>ἐπὶ</span> <span class='ocrx_word' id='word_1_63' title='bbox 497 1043 722 1122; x_wconf 78' lang='grc' dir='ltr'>καρδίαν</span> <span class='ocrx_word' id='word_1_64' title='bbox 780 1044 1071 1119; x_wconf 75' lang='grc' dir='ltr'>ἀνθρώπου</span> <span class='ocrx_word' id='word_1_65' title='bbox 1155 1040 1253 1097; x_wconf 84' lang='grc' dir='ltr'>οὐκ</span> <span class='ocrx_word' id='word_1_66' title='bbox 1336 1036 1494 1111; x_wconf 74' lang='grc' dir='ltr'>ἀνίϐη</span> <span class='ocrx_word' id='word_1_67' title='bbox 1567 1042 1700 1113; x_wconf 88' lang='grc'>(88)·</span> <span class='ocrx_word' id='word_1_68' title='bbox 1789 1038 1861 1091; x_wconf 82' lang='grc' dir='ltr'>ὧν</span> 
     </span>
    </p>
   </div>
   <div class='ocr_carea' id='block_1_12' title="bbox 198 1127 1863 1213">
    <p class='ocr_par' dir='ltr' id='par_1_12' title="bbox 198 1127 1863 1213">
     <span class='ocr_line' id='line_1_12' title="bbox 198 1127 1863 1213; baseline -0.009 -19"><span class='ocrx_word' id='word_1_69' title='bbox 198 1134 570 1213; x_wconf 78' lang='grc' dir='ltr'>κληρονόμος</span> <span class='ocrx_word' id='word_1_70' title='bbox 596 1131 1003 1209; x_wconf 83' lang='grc' dir='ltr'>ἀναδειχθείης,</span> <span class='ocrx_word' id='word_1_71' title='bbox 1033 1135 1102 1205; x_wconf 79' lang='grc' dir='ltr'>τῇ</span> <span class='ocrx_word' id='word_1_72' title='bbox 1132 1136 1227 1186; x_wconf 86' lang='grc' dir='ltr'>τοῦ</span> <span class='ocrx_word' id='word_1_73' title='bbox 1269 1134 1406 1187; x_wconf 87' lang='grc' dir='ltr'>Θεοῦ</span> <span class='ocrx_word' id='word_1_74' title='bbox 1454 1127 1863 1206; x_wconf 68' lang='grc' dir='ltr'>φρουρούμενος</span> 
     </span>
    </p>
   </div>
   <div class='ocr_carea' id='block_1_13' title="bbox 199 1224 784 1302">
    <p class='ocr_par' dir='ltr' id='par_1_13' title="bbox 199 1224 784 1302">
     <span class='ocr_line' id='line_1_13' title="bbox 199 1224 784 1302; baseline -0.002 -20"><span class='ocrx_word' id='word_1_75' title='bbox 199 1227 580 1302; x_wconf 78' lang='grc' dir='ltr'>κραταιοτάτῃ</span> <span class='ocrx_word' id='word_1_76' title='bbox 613 1224 784 1300; x_wconf 83' lang='grc' dir='ltr'>χειρί.</span> 
     </span>
    </p>
   </div>
   <div class='ocr_carea' id='block_1_14' title="bbox 278 1485 1863 1568">
    <p class='ocr_par' dir='ltr' id='par_1_14' title="bbox 278 1485 1863 1568">
     <span class='ocr_line' id='line_1_14' title="bbox 278 1485 1863 1568; baseline -0.009 -15"><span class='ocrx_word' id='word_1_77' title='bbox 278 1496 431 1553; x_wconf 73' lang='grc'>187</span> <span class='ocrx_word' id='word_1_78' title='bbox 467 1495 528 1551; x_wconf 74' lang='grc' dir='ltr'>Ὀ</span> <span class='ocrx_word' id='word_1_79' title='bbox 559 1491 614 1548; x_wconf 66' lang='grc' dir='ltr'>δὲ</span> <span class='ocrx_word' id='word_1_80' title='bbox 644 1496 741 1547; x_wconf 84' lang='grc' dir='ltr'>τοῦ</span> <span class='ocrx_word' id='word_1_81' title='bbox 794 1490 1064 1568; x_wconf 82' lang='grc' dir='ltr'>βασιλέως</span> <span class='ocrx_word' id='word_1_82' title='bbox 1125 1491 1266 1559; x_wconf 72' lang='grc' dir='ltr'>υἱὸς,</span> <span class='ocrx_word' id='word_1_83' title='bbox 1321 1485 1545 1561; x_wconf 83' lang='grc' dir='ltr'>δάκρυσι</span> <span class='ocrx_word' id='word_1_84' title='bbox 1599 1503 1863 1562; x_wconf 85' lang='grc' dir='ltr'>συγκεχυ-</span> 
     </span>
    </p>
   </div>
   <div class='ocr_carea' id='block_1_15' title="bbox 204 1574 1864 1659">
    <p class='ocr_par' dir='ltr' id='par_1_15' title="bbox 204 1574 1864 1659">
     <span class='ocr_line' id='line_1_15' title="bbox 204 1574 1864 1659; baseline -0.007 -19"><span class='ocrx_word' id='word_1_85' title='bbox 204 1584 377 1659; x_wconf 81' lang='grc' dir='ltr'>μένος</span> <span class='ocrx_word' id='word_1_86' title='bbox 406 1585 540 1657; x_wconf 83' lang='grc'>(89),</span> <span class='ocrx_word' id='word_1_87' title='bbox 572 1584 763 1652; x_wconf 79' lang='grc' dir='ltr'>ἠνιᾶτο</span> <span class='ocrx_word' id='word_1_88' title='bbox 792 1581 883 1636; x_wconf 81' lang='grc' dir='ltr'>καὶ</span> <span class='ocrx_word' id='word_1_89' title='bbox 916 1578 1196 1656; x_wconf 67' lang='grc' dir='ltr'>ἤσχαλλε,</span> <span class='ocrx_word' id='word_1_90' title='bbox 1230 1576 1596 1656; x_wconf 71' lang='grc' dir='ltr'>φιλοστόργου</span> <span class='ocrx_word' id='word_1_91' title='bbox 1624 1574 1864 1649; x_wconf 48' lang='lat' dir='ltr'>{nmen</span> 
     </span>
    </p>
   </div>
   <div class='ocr_carea' id='block_1_16' title="bbox 198 1664 1869 1747">
    <p class='ocr_par' dir='ltr' id='par_1_16' title="bbox 198 1664 1869 1747">
     <span class='ocr_line' id='line_1_16' title="bbox 198 1664 1869 1747; baseline -0.007 -17"><span class='ocrx_word' id='word_1_92' title='bbox 198 1676 299 1730; x_wconf 82' lang='grc' dir='ltr'><strong>καί</strong></span> <span class='ocrx_word' id='word_1_93' title='bbox 330 1670 663 1728; x_wconf 85' lang='grc' dir='ltr'>διδασκάλου</span> <span class='ocrx_word' id='word_1_94' title='bbox 720 1670 942 1747; x_wconf 80' lang='grc' dir='ltr'>ἀρίστου</span> <span class='ocrx_word' id='word_1_95' title='bbox 1002 1668 1405 1745; x_wconf 75' lang='grc' dir='ltr'>ἀπολειφθῆναι</span> <span class='ocrx_word' id='word_1_96' title='bbox 1468 1666 1545 1740; x_wconf 83' lang='grc' dir='ltr'>μή</span> <span class='ocrx_word' id='word_1_97' title='bbox 1596 1664 1869 1740; x_wconf 80' lang='grc' dir='ltr'>ἀνεχόμε-</span> 
     </span>
    </p>
   </div>
   <div class='ocr_carea' id='block_1_17' title="bbox 201 1751 1869 1834">
    <p class='ocr_par' dir='ltr' id='par_1_17' title="bbox 201 1751 1869 1834">
     <span class='ocr_line' id='line_1_17' title="bbox 201 1751 1869 1834; baseline -0.008 -15"><span class='ocrx_word' id='word_1_98' title='bbox 201 1783 326 1826; x_wconf 83' lang='grc' dir='ltr'>νος.</span> <span class='ocrx_word' id='word_1_99' title='bbox 359 1760 465 1817; x_wconf 81' lang='grc' dir='ltr'>Καὶ</span> <span class='ocrx_word' id='word_1_100' title='bbox 495 1762 577 1824; x_wconf 84' lang='grc' dir='ltr'>τίς</span> <span class='ocrx_word' id='word_1_101' title='bbox 610 1780 724 1834; x_wconf 86' lang='grc' dir='ltr'>μοι,</span> <span class='ocrx_word' id='word_1_102' title='bbox 784 1758 972 1833; x_wconf 78' lang='grc' dir='ltr'>φησὶν,</span> <span class='ocrx_word' id='word_1_103' title='bbox 1006 1754 1050 1811; x_wconf 83' lang='grc' dir='ltr'><strong>ὦ</strong></span> <span class='ocrx_word' id='word_1_104' title='bbox 1083 1758 1279 1832; x_wconf 83' lang='grc' dir='ltr'>Πάτερ,</span> <span class='ocrx_word' id='word_1_105' title='bbox 1328 1756 1427 1824; x_wconf 79' lang='grc' dir='ltr'>τήν</span> <span class='ocrx_word' id='word_1_106' title='bbox 1482 1755 1579 1824; x_wconf 75' lang='grc' dir='ltr'>σὴν</span> <span class='ocrx_word' id='word_1_107' title='bbox 1634 1751 1869 1826; x_wconf 86' lang='grc' dir='ltr'>πληρώ-</span> 
     </span>
    </p>
   </div>
   <div class='ocr_carea' id='block_1_18' title="bbox 1969 575 3610 662">
    <p class='ocr_par' dir='ltr' id='par_1_18' title="bbox 1969 575 3610 662">
     <span class='ocr_line' id='line_1_18' title="bbox 1969 575 3610 662; baseline -0.012 -15"><span class='ocrx_word' id='word_1_108' title='bbox 1969 592 2216 658; x_wconf 85' lang='lat' dir='ltr'>bonum,</span> <span class='ocrx_word' id='word_1_109' title='bbox 2249 590 2405 662; x_wconf 91' lang='lat' dir='ltr'>quod</span> <span class='ocrx_word' id='word_1_110' title='bbox 2438 593 2601 645; x_wconf 87' lang='lat' dir='ltr'>tanta</span> <span class='ocrx_word' id='word_1_111' title='bbox 2630 586 2896 643; x_wconf 91' lang='lat' dir='ltr'>animum</span> <span class='ocrx_word' id='word_1_112' title='bbox 2925 581 3223 651; x_wconf 74' lang='lat' dir='ltr'>voluptate</span> <span class='ocrx_word' id='word_1_113' title='bbox 3271 575 3610 647; x_wconf 81' lang='lat' dir='ltr'>perfundat,</span> 
     </span>
    </p>
   </div>
   <div class='ocr_carea' id='block_1_19' title="bbox 1968 665 3603 751">
    <p class='ocr_par' dir='ltr' id='par_1_19' title="bbox 1968 665 3603 751">
     <span class='ocr_line' id='line_1_19' title="bbox 1968 665 3603 751; baseline -0.013 -14"><span class='ocrx_word' id='word_1_114' title='bbox 1968 687 2035 737; x_wconf 88' lang='lat' dir='ltr'>ut</span> <span class='ocrx_word' id='word_1_115' title='bbox 2066 683 2217 736; x_wconf 89' lang='lat' dir='ltr'>Deus</span> <span class='ocrx_word' id='word_1_116' title='bbox 2248 697 2310 735; x_wconf 90' lang='lat' dir='ltr'>se</span> <span class='ocrx_word' id='word_1_117' title='bbox 2335 681 2529 751; x_wconf 91' lang='lat' dir='ltr'>ipsum</span> <span class='ocrx_word' id='word_1_118' title='bbox 2561 678 2634 732; x_wconf 89' lang='lat' dir='ltr'>iis</span> <span class='ocrx_word' id='word_1_119' title='bbox 2665 693 2699 731; x_wconf 89' lang='lat' dir='ltr'>a</span> <span class='ocrx_word' id='word_1_120' title='bbox 2752 673 2968 746; x_wconf 84' lang='lat' dir='ltr'>quibus</span> <span class='ocrx_word' id='word_1_121' title='bbox 3021 669 3287 741; x_wconf 82' lang='lat' dir='ltr'>diligitur</span> <span class='ocrx_word' id='word_1_122' title='bbox 3337 665 3603 719; x_wconf 85' lang='lat' dir='ltr'>donans:</span> 
     </span>
    </p>
   </div>
   <div class='ocr_carea' id='block_1_20' title="bbox 1968 752 3615 843">
    <p class='ocr_par' dir='ltr' id='par_1_20' title="bbox 1968 752 3615 843">
     <span class='ocr_line' id='line_1_20' title="bbox 1968 752 3615 843; baseline -0.015 -17"><span class='ocrx_word' id='word_1_123' title='bbox 1968 771 2139 843; x_wconf 81' lang='lat' dir='ltr'>cujus</span> <span class='ocrx_word' id='word_1_124' title='bbox 2170 775 2228 824; x_wconf 89' lang='lat' dir='ltr'>et</span> <span class='ocrx_word' id='word_1_125' title='bbox 2272 766 2651 841; x_wconf 83' lang='lat' dir='ltr'>pulchritudo</span> <span class='ocrx_word' id='word_1_126' title='bbox 2705 779 2980 820; x_wconf 80' lang='lat' dir='ltr'>sermone</span> <span class='ocrx_word' id='word_1_127' title='bbox 3030 758 3190 814; x_wconf 90' lang='lat' dir='ltr'>omni</span> <span class='ocrx_word' id='word_1_128' title='bbox 3236 752 3615 827; x_wconf 63' lang='lat' dir='ltr'>praestantior</span> 
     </span>
    </p>
   </div>
   <div class='ocr_carea' id='block_1_21' title="bbox 1970 844 3613 929">
    <p class='ocr_par' dir='ltr' id='par_1_21' title="bbox 1970 844 3613 929">
     <span class='ocr_line' id='line_1_21' title="bbox 1970 844 3613 929; baseline -0.013 -15"><span class='ocrx_word' id='word_1_129' title='bbox 1970 865 2080 926; x_wconf 87' lang='lat' dir='ltr'>est,</span> <span class='ocrx_word' id='word_1_130' title='bbox 2114 864 2171 913; x_wconf 92' lang='lat' dir='ltr'>et</span> <span class='ocrx_word' id='word_1_131' title='bbox 2200 858 2465 929; x_wconf 90' lang='lat' dir='ltr'>potentia</span> <span class='ocrx_word' id='word_1_132' title='bbox 2494 856 2729 917; x_wconf 89' lang='lat' dir='ltr'>invicta,</span> <span class='ocrx_word' id='word_1_133' title='bbox 2779 859 2838 907; x_wconf 90' lang='lat' dir='ltr'>et</span> <span class='ocrx_word' id='word_1_134' title='bbox 2882 850 3070 923; x_wconf 81' lang='lat' dir='ltr'>gloria</span> <span class='ocrx_word' id='word_1_135' title='bbox 3119 845 3507 916; x_wconf 88' lang='lat' dir='ltr'>sempiterna,</span> <span class='ocrx_word' id='word_1_136' title='bbox 3556 844 3613 893; x_wconf 91' lang='lat' dir='ltr'>et</span> 
     </span>
    </p>
   </div>
   <div class='ocr_carea' id='block_1_22' title="bbox 1967 929 3616 1020">
    <p class='ocr_par' dir='ltr' id='par_1_22' title="bbox 1967 929 3616 1020">
     <span class='ocr_line' id='line_1_22' title="bbox 1967 929 3616 1020; baseline -0.012 -16"><span class='ocrx_word' id='word_1_137' title='bbox 1967 950 2140 1020; x_wconf 75' lang='lat' dir='ltr'>cujus</span> <span class='ocrx_word' id='word_1_138' title='bbox 2170 947 2326 1003; x_wconf 89' lang='lat' dir='ltr'>bona</span> <span class='ocrx_word' id='word_1_139' title='bbox 2357 963 2425 1002; x_wconf 92' lang='lat' dir='ltr'>ea</span> <span class='ocrx_word' id='word_1_140' title='bbox 2454 962 2584 1017; x_wconf 73' lang='lat' dir='ltr'>quae</span> <span class='ocrx_word' id='word_1_141' title='bbox 2615 944 2801 1016; x_wconf 87' lang='lat' dir='ltr'>ipsius</span> <span class='ocrx_word' id='word_1_142' title='bbox 2832 941 3055 996; x_wconf 89' lang='lat' dir='ltr'>amicos</span> <span class='ocrx_word' id='word_1_143' title='bbox 3104 939 3369 1000; x_wconf 89' lang='lat' dir='ltr'>manent,</span> <span class='ocrx_word' id='word_1_144' title='bbox 3415 929 3616 986; x_wconf 81' lang='lat' dir='ltr'>omnia</span> 
     </span>
    </p>
   </div>
   <div class='ocr_carea' id='block_1_23' title="bbox 1968 1018 3616 1109">
    <p class='ocr_par' dir='ltr' id='par_1_23' title="bbox 1968 1018 3616 1109">
     <span class='ocr_line' id='line_1_23' title="bbox 1968 1018 3616 1109; baseline -0.012 -17"><span class='ocrx_word' id='word_1_145' title='bbox 1968 1053 2100 1109; x_wconf 76' lang='lat' dir='ltr'>qum</span> <span class='ocrx_word' id='word_1_146' title='bbox 2137 1037 2327 1092; x_wconf 90' lang='lat' dir='ltr'>oculis</span> <span class='ocrx_word' id='word_1_147' title='bbox 2377 1040 2702 1091; x_wconf 88' lang='lat' dir='ltr'>cernuntur</span> <span class='ocrx_word' id='word_1_148' title='bbox 2750 1025 3299 1100; x_wconf 82' lang='lat' dir='ltr'>incomparabiliter</span> <span class='ocrx_word' id='word_1_149' title='bbox 3350 1018 3616 1078; x_wconf 67' lang='lat' dir='ltr'>antecelo</span> 
     </span>
    </p>
   </div>
   <div class='ocr_carea' id='block_1_24' title="bbox 1969 1111 3613 1197">
    <p class='ocr_par' dir='ltr' id='par_1_24' title="bbox 1969 1111 3613 1197">
     <span class='ocr_line' id='line_1_24' title="bbox 1969 1111 3613 1197; baseline -0.012 -15"><span class='ocrx_word' id='word_1_150' title='bbox 1969 1127 2137 1182; x_wconf 92' lang='lat' dir='ltr'>lunt:</span> <span class='ocrx_word' id='word_1_151' title='bbox 2169 1142 2301 1197; x_wconf 72' lang='lat' dir='ltr'>quin</span> <span class='ocrx_word' id='word_1_152' title='bbox 2333 1125 2541 1181; x_wconf 91' lang='lat' dir='ltr'>oculus</span> <span class='ocrx_word' id='word_1_153' title='bbox 2569 1140 2691 1179; x_wconf 89' lang='lat' dir='ltr'>non</span> <span class='ocrx_word' id='word_1_154' title='bbox 2722 1120 2885 1188; x_wconf 84' lang='lat' dir='ltr'>vidit,</span> <span class='ocrx_word' id='word_1_155' title='bbox 2912 1134 3023 1174; x_wconf 91' lang='lat' dir='ltr'>nec</span> <span class='ocrx_word' id='word_1_156' title='bbox 3053 1115 3214 1173; x_wconf 88' lang='lat' dir='ltr'>auris</span> <span class='ocrx_word' id='word_1_157' title='bbox 3237 1111 3480 1176; x_wconf 87' lang='lat' dir='ltr'>audivit,</span> <span class='ocrx_word' id='word_1_158' title='bbox 3504 1125 3613 1163; x_wconf 90' lang='lat' dir='ltr'>nec</span> 
     </span>
    </p>
   </div>
   <div class='ocr_carea' id='block_1_25' title="bbox 1970 1197 3613 1275">
    <p class='ocr_par' dir='ltr' id='par_1_25' title="bbox 1970 1197 3613 1275">
     <span class='ocr_line' id='line_1_25' title="bbox 1970 1197 3613 1275; baseline -0.013 -4"><span class='ocrx_word' id='word_1_159' title='bbox 1970 1217 2033 1271; x_wconf 92' lang='lat' dir='ltr'>in</span> <span class='ocrx_word' id='word_1_160' title='bbox 2064 1232 2166 1271; x_wconf 88' lang='lat' dir='ltr'>cor</span> <span class='ocrx_word' id='word_1_161' title='bbox 2183 1214 2441 1271; x_wconf 84' lang='lat' dir='ltr'>hominis</span> <span class='ocrx_word' id='word_1_162' title='bbox 2472 1212 2872 1269; x_wconf 80' lang='lat' dir='ltr'>ascenderunt</span> <span class='ocrx_word' id='word_1_163' title='bbox 2901 1210 2948 1270; x_wconf 78' lang='grc' dir='ltr'>(Ι</span> <span class='ocrx_word' id='word_1_164' title='bbox 2974 1204 3195 1275; x_wconf 74' lang='lat' dir='ltr'>Camn)?</span> <span class='ocrx_word' id='word_1_165' title='bbox 3225 1204 3484 1268; x_wconf 88' lang='lat' dir='ltr'>Quorum</span> <span class='ocrx_word' id='word_1_166' title='bbox 3502 1197 3613 1252; x_wconf 90' lang='lat' dir='ltr'>uti-</span> 
     </span>
    </p>
   </div>
   <div class='ocr_carea' id='block_1_26' title="bbox 1971 1286 3612 1365">
    <p class='ocr_par' dir='ltr' id='par_1_26' title="bbox 1971 1286 3612 1365">
     <span class='ocr_line' id='line_1_26' title="bbox 1971 1286 3612 1365; baseline -0.013 -3"><span class='ocrx_word' id='word_1_167' title='bbox 1971 1322 2111 1361; x_wconf 86' lang='lat' dir='ltr'>nam</span> <span class='ocrx_word' id='word_1_168' title='bbox 2144 1304 2250 1360; x_wconf 88' lang='lat' dir='ltr'>tibi</span> <span class='ocrx_word' id='word_1_169' title='bbox 2282 1302 2695 1360; x_wconf 88' lang='lat' dir='ltr'>robustissima</span> <span class='ocrx_word' id='word_1_170' title='bbox 2726 1301 2828 1356; x_wconf 85' lang='lat' dir='ltr'>Dei</span> <span class='ocrx_word' id='word_1_171' title='bbox 2854 1313 3039 1353; x_wconf 88' lang='lat' dir='ltr'>manu</span> <span class='ocrx_word' id='word_1_172' title='bbox 3073 1300 3239 1365; x_wconf 89' lang='lat' dir='ltr'>septo</span> <span class='ocrx_word' id='word_1_173' title='bbox 3269 1308 3337 1346; x_wconf 91' lang='lat' dir='ltr'>ac</span> <span class='ocrx_word' id='word_1_174' title='bbox 3382 1286 3612 1345; x_wconf 90' lang='lat' dir='ltr'>munito</span> 
     </span>
    </p>
   </div>
   <div class='ocr_carea' id='block_1_27' title="bbox 1971 1390 2805 1464">
    <p class='ocr_par' dir='ltr' id='par_1_27' title="bbox 1971 1390 2805 1464">
     <span class='ocr_line' id='line_1_27' title="bbox 1971 1390 2805 1464; baseline -0.006 -15"><span class='ocrx_word' id='word_1_175' title='bbox 1971 1395 2269 1451; x_wconf 70' lang='lat' dir='ltr'>haaredem</span> <span class='ocrx_word' id='word_1_176' title='bbox 2302 1410 2431 1449; x_wconf 85' lang='lat' dir='ltr'>esse</span> <span class='ocrx_word' id='word_1_177' title='bbox 2461 1392 2765 1464; x_wconf 82' lang='lat' dir='ltr'>contingat</span> <span class='ocrx_word' id='word_1_178' title='bbox 2792 1390 2805 1444; x_wconf 73' lang='grc' dir='ltr'>ί</span> 
     </span>
    </p>
   </div>
   <div class='ocr_carea' id='block_1_28' title="bbox 2040 1467 3617 1556">
    <p class='ocr_par' dir='ltr' id='par_1_28' title="bbox 2040 1467 3617 1556">
     <span class='ocr_line' id='line_1_28' title="bbox 2040 1467 3617 1556; baseline -0.013 -16"><span class='ocrx_word' id='word_1_179' title='bbox 2040 1484 2213 1556; x_wconf 80' lang='lat' dir='ltr'>Regis</span> <span class='ocrx_word' id='word_1_180' title='bbox 2230 1489 2428 1539; x_wconf 89' lang='lat' dir='ltr'>autem</span> <span class='ocrx_word' id='word_1_181' title='bbox 2461 1483 2620 1537; x_wconf 80' lang='lat' dir='ltr'>filius</span> <span class='ocrx_word' id='word_1_182' title='bbox 2642 1479 2922 1552; x_wconf 80' lang='lat' dir='ltr'>lacrymis</span> <span class='ocrx_word' id='word_1_183' title='bbox 2948 1474 3242 1548; x_wconf 77' lang='lat' dir='ltr'>perfusus,</span> <span class='ocrx_word' id='word_1_184' title='bbox 3268 1467 3617 1542; x_wconf 85' lang='lat' dir='ltr'>angebatur,</span> 
     </span>
    </p>
   </div>
   <div class='ocr_carea' id='block_1_29' title="bbox 1969 1556 3619 1634">
    <p class='ocr_par' dir='ltr' id='par_1_29' title="bbox 1969 1556 3619 1634">
     <span class='ocr_line' id='line_1_29' title="bbox 1969 1556 3619 1634; baseline -0.012 -4"><span class='ocrx_word' id='word_1_185' title='bbox 1969 1590 2035 1630; x_wconf 90' lang='lat' dir='ltr'>ac</span> <span class='ocrx_word' id='word_1_186' title='bbox 2069 1589 2303 1629; x_wconf 88' lang='lat' dir='ltr'>summa</span> <span class='ocrx_word' id='word_1_187' title='bbox 2323 1572 2597 1627; x_wconf 88' lang='lat' dir='ltr'>molestia</span> <span class='ocrx_word' id='word_1_188' title='bbox 2622 1568 3013 1634; x_wconf 72' lang='lat' dir='ltr'>afficiebatur,</span> <span class='ocrx_word' id='word_1_189' title='bbox 3040 1570 3105 1620; x_wconf 92' lang='lat' dir='ltr'>ut</span> <span class='ocrx_word' id='word_1_190' title='bbox 3121 1563 3223 1634; x_wconf 88' lang='lat' dir='ltr'>qui</span> <span class='ocrx_word' id='word_1_191' title='bbox 3244 1561 3316 1616; x_wconf 91' lang='lat' dir='ltr'>ab</span> <span class='ocrx_word' id='word_1_192' title='bbox 3339 1556 3619 1615; x_wconf 86' lang='lat' dir='ltr'>amantis-</span> 
     </span>
    </p>
   </div>
   <div class='ocr_carea' id='block_1_30' title="bbox 1970 1645 3618 1734">
    <p class='ocr_par' dir='ltr' id='par_1_30' title="bbox 1970 1645 3618 1734">
     <span class='ocr_line' id='line_1_30' title="bbox 1970 1645 3618 1734; baseline -0.013 -16"><span class='ocrx_word' id='word_1_193' title='bbox 1970 1664 2120 1718; x_wconf 89' lang='lat' dir='ltr'>simo</span> <span class='ocrx_word' id='word_1_194' title='bbox 2134 1668 2299 1734; x_wconf 87' lang='lat' dir='ltr'>patre</span> <span class='ocrx_word' id='word_1_195' title='bbox 2321 1678 2388 1717; x_wconf 90' lang='lat' dir='ltr'>ac</span> <span class='ocrx_word' id='word_1_196' title='bbox 2420 1658 2909 1733; x_wconf 75' lang='lat' dir='ltr'>praestantissimo</span> <span class='ocrx_word' id='word_1_197' title='bbox 2932 1654 3212 1726; x_wconf 86' lang='lat' dir='ltr'>magistro</span> <span class='ocrx_word' id='word_1_198' title='bbox 3230 1647 3488 1718; x_wconf 88' lang='lat' dir='ltr'>relinqui</span> <span class='ocrx_word' id='word_1_199' title='bbox 3504 1645 3618 1699; x_wconf 89' lang='lat' dir='ltr'>mi-</span> 
     </span>
    </p>
   </div>
   <div class='ocr_carea' id='block_1_31' title="bbox 1969 1738 3613 1820">
    <p class='ocr_par' dir='ltr' id='par_1_31' title="bbox 1969 1738 3613 1820">
     <span class='ocr_line' id='line_1_31' title="bbox 1969 1738 3613 1820; baseline -0.013 -11"><span class='ocrx_word' id='word_1_200' title='bbox 1969 1754 2130 1808; x_wconf 90' lang='lat' dir='ltr'>nime</span> <span class='ocrx_word' id='word_1_201' title='bbox 2163 1753 2500 1808; x_wconf 88' lang='lat' dir='ltr'>sustineret.</span> <span class='ocrx_word' id='word_1_202' title='bbox 2535 1752 2604 1804; x_wconf 87' lang='lat' dir='ltr'>Et</span> <span class='ocrx_word' id='word_1_203' title='bbox 2643 1749 2941 1820; x_wconf 88' lang='lat' dir='ltr'>quisnam,</span> <span class='ocrx_word' id='word_1_204' title='bbox 2993 1741 3323 1814; x_wconf 87' lang='lat' dir='ltr'>inquiebat,</span> <span class='ocrx_word' id='word_1_205' title='bbox 3354 1753 3387 1792; x_wconf 95' lang='lat' dir='ltr'>o</span> <span class='ocrx_word' id='word_1_206' title='bbox 3420 1738 3613 1799; x_wconf 89' lang='lat' dir='ltr'>Pater,</span> 
     </span>
    </p>
   </div>
   <div class='ocr_carea' id='block_1_32' title="bbox 205 1823 1865 1929">
    <p class='ocr_par' dir='ltr' id='par_1_32' title="bbox 205 1840 1860 1922">
     <span class='ocr_line' id='line_1_32' title="bbox 205 1840 1860 1922; baseline -0.006 -19"><span class='ocrx_word' id='word_1_207' title='bbox 205 1869 293 1903; x_wconf 87' lang='grc' dir='ltr'>σει</span> <span class='ocrx_word' id='word_1_208' title='bbox 352 1848 534 1921; x_wconf 70' lang='grc' dir='ltr'>τάξινς</span> <span class='ocrx_word' id='word_1_209' title='bbox 598 1849 702 1904; x_wconf 78' lang='grc' dir='ltr'>ὑπὸ</span> <span class='ocrx_word' id='word_1_210' title='bbox 754 1847 859 1903; x_wconf 84' lang='grc' dir='ltr'>τίνι</span> <span class='ocrx_word' id='word_1_211' title='bbox 921 1844 980 1901; x_wconf 75' lang='grc' dir='ltr'>δὲ</span> <span class='ocrx_word' id='word_1_212' title='bbox 1033 1845 1143 1922; x_wconf 79' lang='grc' dir='ltr'>ἐγὼ</span> <span class='ocrx_word' id='word_1_213' title='bbox 1202 1842 1438 1916; x_wconf 78' lang='grc' dir='ltr'>τοιούτῳ</span> <span class='ocrx_word' id='word_1_214' title='bbox 1493 1843 1714 1915; x_wconf 89' lang='grc' dir='ltr'>ποιμένι</span> <span class='ocrx_word' id='word_1_215' title='bbox 1769 1840 1860 1894; x_wconf 78' lang='grc' dir='ltr'>καὶ</span> 
     </span>
    </p>
   </div>
   <div class='ocr_carea' id='block_1_33' title="bbox 1978 1823 3616 1929">
    <p class='ocr_par' dir='ltr' id='par_1_33' title="bbox 1978 1823 3616 1914">
     <span class='ocr_line' id='line_1_33' title="bbox 1978 1823 3616 1914; baseline -0.012 -17"><span class='ocrx_word' id='word_1_216' title='bbox 1978 1850 2103 1898; x_wconf 89' lang='lat' dir='ltr'>tuas</span> <span class='ocrx_word' id='word_1_217' title='bbox 2124 1848 2322 1914; x_wconf 86' lang='lat' dir='ltr'>partes</span> <span class='ocrx_word' id='word_1_218' title='bbox 2351 1838 2647 1912; x_wconf 81' lang='lat' dir='ltr'>explebit?</span> <span class='ocrx_word' id='word_1_219' title='bbox 2668 1844 2771 1894; x_wconf 86' lang='lat' dir='ltr'>aut</span> <span class='ocrx_word' id='word_1_220' title='bbox 2800 1852 2977 1908; x_wconf 87' lang='lat' dir='ltr'>quem</span> <span class='ocrx_word' id='word_1_221' title='bbox 3002 1832 3239 1888; x_wconf 87' lang='lat' dir='ltr'>tandem</span> <span class='ocrx_word' id='word_1_222' title='bbox 3274 1823 3616 1899; x_wconf 83' lang='lat' dir='ltr'>bujusmodi</span> 
     </span>
    </p>
   </div>
   <div class='ocr_carea' id='block_1_34' title="bbox 209 1931 1863 2013">
    <p class='ocr_par' dir='ltr' id='par_1_34' title="bbox 209 1931 1863 2013">
     <span class='ocr_line' id='line_1_34' title="bbox 209 1931 1863 2013; baseline -0.006 -20"><span class='ocrx_word' id='word_1_223' title='bbox 209 1935 411 2013; x_wconf 85' lang='grc' dir='ltr'>ὁδηγῷ</span> <span class='ocrx_word' id='word_1_224' title='bbox 466 1942 710 2013; x_wconf 82' lang='grc' dir='ltr'>ψυχικῆς</span> <span class='ocrx_word' id='word_1_225' title='bbox 773 1933 1048 2007; x_wconf 79' lang='grc' dir='ltr'>σωτηρίας</span> <span class='ocrx_word' id='word_1_226' title='bbox 1105 1936 1449 2010; x_wconf 79' lang='grc' dir='ltr'>γενήσομαι;</span> <span class='ocrx_word' id='word_1_227' title='bbox 1506 1931 1560 1986; x_wconf 88' lang='grc' dir='ltr'>τί</span> <span class='ocrx_word' id='word_1_228' title='bbox 1614 1934 1710 1985; x_wconf 83' lang='grc' dir='ltr'>τοῦ</span> <span class='ocrx_word' id='word_1_229' title='bbox 1768 1934 1863 1984; x_wconf 87' lang='grc' dir='ltr'>σοῦ</span> 
     </span>
    </p>
   </div>
   <div class='ocr_carea' id='block_1_35' title="bbox 212 2019 1865 2101">
    <p class='ocr_par' dir='ltr' id='par_1_35' title="bbox 212 2019 1865 2101">
     <span class='ocr_line' id='line_1_35' title="bbox 212 2019 1865 2101; baseline -0.006 -19"><span class='ocrx_word' id='word_1_230' title='bbox 212 2025 569 2101; x_wconf 73' lang='grc' dir='ltr'>παραμύθιον</span> <span class='ocrx_word' id='word_1_231' title='bbox 600 2027 905 2099; x_wconf 73' lang='grc' dir='ltr'>ποιήσομαι</span> <span class='ocrx_word' id='word_1_232' title='bbox 937 2023 1148 2092; x_wconf 87' lang='grc' dir='ltr'>πόθου;</span> <span class='ocrx_word' id='word_1_233' title='bbox 1179 2020 1300 2077; x_wconf 76' lang='grc' dir='ltr'>ίδοῦ</span> <span class='ocrx_word' id='word_1_234' title='bbox 1329 2022 1434 2097; x_wconf 81' lang='grc' dir='ltr'>γὰρ</span> <span class='ocrx_word' id='word_1_235' title='bbox 1485 2019 1581 2093; x_wconf 68' lang='grc' dir='ltr'>ἐμὲ</span> <span class='ocrx_word' id='word_1_236' title='bbox 1625 2020 1716 2074; x_wconf 88' lang='grc' dir='ltr'>τὸν</span> <span class='ocrx_word' id='word_1_237' title='bbox 1761 2039 1865 2073; x_wconf 89' lang='grc' dir='ltr'>πο-</span> 
     </span>
    </p>
   </div>
   <div class='ocr_carea' id='block_1_36' title="bbox 218 2110 1863 2190">
    <p class='ocr_par' dir='ltr' id='par_1_36' title="bbox 218 2110 1863 2190">
     <span class='ocr_line' id='line_1_36' title="bbox 218 2110 1863 2190; baseline -0.001 -19"><span class='ocrx_word' id='word_1_238' title='bbox 218 2116 390 2190; x_wconf 86' lang='grc' dir='ltr'>νηρὸν</span> <span class='ocrx_word' id='word_1_239' title='bbox 438 2113 640 2171; x_wconf 80' lang='grc' dir='ltr'>δοῦλον</span> <span class='ocrx_word' id='word_1_240' title='bbox 695 2113 787 2169; x_wconf 85' lang='grc' dir='ltr'>καὶ</span> <span class='ocrx_word' id='word_1_241' title='bbox 845 2114 1156 2183; x_wconf 80' lang='grc' dir='ltr'>ἀποστάτην</span> <span class='ocrx_word' id='word_1_242' title='bbox 1188 2116 1267 2183; x_wconf 82' lang='grc' dir='ltr'>τῷ</span> <span class='ocrx_word' id='word_1_243' title='bbox 1325 2114 1443 2182; x_wconf 77' lang='grc' dir='ltr'>Θεῷ</span> <span class='ocrx_word' id='word_1_244' title='bbox 1498 2110 1863 2184; x_wconf 77' lang='grc' dir='ltr'>προσήγαγες,</span> 
     </span>
    </p>
   </div>
   <div class='ocr_carea' id='block_1_37' title="bbox 211 2200 1864 2281">
    <p class='ocr_par' dir='ltr' id='par_1_37' title="bbox 211 2200 1864 2281">
     <span class='ocr_line' id='line_1_37' title="bbox 211 2200 1864 2281; baseline -0.006 -18"><span class='ocrx_word' id='word_1_245' title='bbox 211 2206 311 2263; x_wconf 79' lang='grc' dir='ltr'>καὶ</span> <span class='ocrx_word' id='word_1_246' title='bbox 344 2207 421 2272; x_wconf 73' lang='grc' dir='ltr'>εἷς</span> <span class='ocrx_word' id='word_1_247' title='bbox 450 2208 574 2263; x_wconf 78' lang='grc' dir='ltr'>υἱοῦ</span> <span class='ocrx_word' id='word_1_248' title='bbox 602 2207 693 2262; x_wconf 81' lang='grc' dir='ltr'>καὶ</span> <span class='ocrx_word' id='word_1_249' title='bbox 750 2206 1105 2281; x_wconf 73' lang='grc' dir='ltr'>κληρονόμου</span> <span class='ocrx_word' id='word_1_250' title='bbox 1157 2201 1490 2274; x_wconf 67' lang='grc' dir='ltr'>κατέστησας</span> <span class='ocrx_word' id='word_1_251' title='bbox 1545 2201 1715 2272; x_wconf 78' lang='grc' dir='ltr'>τάξιν,</span> <span class='ocrx_word' id='word_1_252' title='bbox 1775 2200 1864 2254; x_wconf 78' lang='grc' dir='ltr'>καὶ</span> 
     </span>
    </p>
   </div>
   <div class='ocr_carea' id='block_1_38' title="bbox 209 2288 1864 2370">
    <p class='ocr_par' dir='ltr' id='par_1_38' title="bbox 209 2288 1864 2370">
     <span class='ocr_line' id='line_1_38' title="bbox 209 2288 1864 2370; baseline -0.006 -17"><span class='ocrx_word' id='word_1_253' title='bbox 209 2297 312 2353; x_wconf 78' lang='grc' dir='ltr'>τὸν</span> <span class='ocrx_word' id='word_1_254' title='bbox 373 2295 712 2353; x_wconf 77' lang='grc' dir='ltr'>ἀπολωλότα</span> <span class='ocrx_word' id='word_1_255' title='bbox 764 2295 852 2351; x_wconf 85' lang='grc' dir='ltr'>καὶ</span> <span class='ocrx_word' id='word_1_256' title='bbox 915 2292 1271 2370; x_wconf 86' lang='grc' dir='ltr'>ὀρειάλωτον,</span> <span class='ocrx_word' id='word_1_257' title='bbox 1329 2293 1421 2347; x_wconf 84' lang='grc' dir='ltr'>τὸν</span> <span class='ocrx_word' id='word_1_258' title='bbox 1474 2291 1631 2346; x_wconf 81' lang='grc' dir='ltr'>παντὶ</span> <span class='ocrx_word' id='word_1_259' title='bbox 1689 2288 1864 2365; x_wconf 83' lang='grc' dir='ltr'>θηρίῳ</span> 
     </span>
    </p>
   </div>
   <div class='ocr_carea' id='block_1_39' title="bbox 211 2378 1867 2460">
    <p class='ocr_par' dir='ltr' id='par_1_39' title="bbox 211 2378 1867 2460">
     <span class='ocr_line' id='line_1_39' title="bbox 211 2378 1867 2460; baseline -0.005 -18"><span class='ocrx_word' id='word_1_260' title='bbox 211 2385 440 2460; x_wconf 70' lang='grc' dir='ltr'>ἱτοιμον</span> <span class='ocrx_word' id='word_1_261' title='bbox 479 2386 558 2448; x_wconf 74' lang='grc' dir='ltr'>εἷς</span> <span class='ocrx_word' id='word_1_262' title='bbox 597 2385 787 2460; x_wconf 80' lang='grc' dir='ltr'>βορὰν,</span> <span class='ocrx_word' id='word_1_263' title='bbox 819 2384 1109 2455; x_wconf 72' lang='grc' dir='ltr'>ἐζήτησας,</span> <span class='ocrx_word' id='word_1_264' title='bbox 1141 2384 1377 2444; x_wconf 85' lang='grc' dir='ltr'>καὶτοῖς</span> <span class='ocrx_word' id='word_1_265' title='bbox 1430 2378 1687 2437; x_wconf 87' lang='grc' dir='ltr'>ἆπλανέσι</span> <span class='ocrx_word' id='word_1_266' title='bbox 1735 2400 1867 2435; x_wconf 90' lang='grc' dir='ltr'>κατ-</span> 
     </span>
    </p>
   </div>
   <div class='ocr_carea' id='block_1_40' title="bbox 212 2466 1864 2551">
    <p class='ocr_par' dir='ltr' id='par_1_40' title="bbox 212 2466 1864 2551">
     <span class='ocr_line' id='line_1_40' title="bbox 212 2466 1864 2551; baseline -0.005 -20"><span class='ocrx_word' id='word_1_267' title='bbox 212 2478 409 2549; x_wconf 74' lang='grc' dir='ltr'>ἑμιξας</span> <span class='ocrx_word' id='word_1_268' title='bbox 440 2478 577 2531; x_wconf 88' lang='grc' dir='ltr'>Θεοῦ</span> <span class='ocrx_word' id='word_1_269' title='bbox 609 2467 927 2551; x_wconf 72' lang='grc' dir='ltr'>προϐάτοις·</span> <span class='ocrx_word' id='word_1_270' title='bbox 977 2473 1068 2527; x_wconf 86' lang='grc' dir='ltr'>καὶ</span> <span class='ocrx_word' id='word_1_271' title='bbox 1118 2466 1320 2544; x_wconf 70' lang='grc' dir='ltr'>ἕδειξάς</span> <span class='ocrx_word' id='word_1_272' title='bbox 1382 2491 1476 2544; x_wconf 87' lang='grc' dir='ltr'>μοι</span> <span class='ocrx_word' id='word_1_273' title='bbox 1538 2470 1637 2538; x_wconf 78' lang='grc' dir='ltr'>τὴν</span> <span class='ocrx_word' id='word_1_274' title='bbox 1686 2466 1864 2523; x_wconf 72' lang='grc' dir='ltr'>ἰπίτο-</span> 
     </span>
    </p>
   </div>
   <div class='ocr_carea' id='block_1_41' title="bbox 216 2557 1865 2639">
    <p class='ocr_par' dir='ltr' id='par_1_41' title="bbox 216 2557 1865 2639">
     <span class='ocr_line' id='line_1_41' title="bbox 216 2557 1865 2639; baseline -0.006 -18"><span class='ocrx_word' id='word_1_275' title='bbox 216 2586 325 2639; x_wconf 85' lang='grc' dir='ltr'>μον</span> <span class='ocrx_word' id='word_1_276' title='bbox 355 2572 457 2635; x_wconf 77' lang='grc' dir='ltr'>τῆς</span> <span class='ocrx_word' id='word_1_277' title='bbox 508 2563 769 2634; x_wconf 78' lang='grc' dir='ltr'>ἀληθείας</span> <span class='ocrx_word' id='word_1_278' title='bbox 829 2560 978 2634; x_wconf 83' lang='grc' dir='ltr'>ὁδὸν,</span> <span class='ocrx_word' id='word_1_279' title='bbox 1039 2561 1309 2636; x_wconf 77' lang='grc' dir='ltr'>ἐξαγαγὼν</span> <span class='ocrx_word' id='word_1_280' title='bbox 1368 2580 1434 2633; x_wconf 86' lang='grc' dir='ltr'>με</span> <span class='ocrx_word' id='word_1_281' title='bbox 1488 2562 1585 2613; x_wconf 87' lang='grc' dir='ltr'>τοῦ</span> <span class='ocrx_word' id='word_1_282' title='bbox 1640 2557 1865 2620; x_wconf 79' lang='grc' dir='ltr'>σκότους</span> 
     </span>
    </p>
   </div>
   <div class='ocr_carea' id='block_1_42' title="bbox 217 2644 1867 2723">
    <p class='ocr_par' dir='ltr' id='par_1_42' title="bbox 217 2644 1867 2723">
     <span class='ocr_line' id='line_1_42' title="bbox 217 2644 1867 2723; baseline -0.005 -13"><span class='ocrx_word' id='word_1_283' title='bbox 217 2652 461 2723; x_wconf 74' lang='grc' dir='ltr'>καὶτῆς</span> <span class='ocrx_word' id='word_1_284' title='bbox 518 2657 672 2717; x_wconf 79' lang='grc' dir='ltr'>σκιᾶς</span> <span class='ocrx_word' id='word_1_285' title='bbox 727 2656 825 2707; x_wconf 91' lang='grc' dir='ltr'>τοῦ</span> <span class='ocrx_word' id='word_1_286' title='bbox 884 2649 1135 2720; x_wconf 86' lang='grc' dir='ltr'>θανάτου,</span> <span class='ocrx_word' id='word_1_287' title='bbox 1192 2649 1306 2720; x_wconf 75' lang='grc' dir='ltr'>καὶ,</span> <span class='ocrx_word' id='word_1_288' title='bbox 1357 2647 1483 2710; x_wconf 80' lang='grc' dir='ltr'>τοὺς</span> <span class='ocrx_word' id='word_1_289' title='bbox 1533 2644 1704 2710; x_wconf 80' lang='grc' dir='ltr'>πόδας</span> <span class='ocrx_word' id='word_1_290' title='bbox 1763 2668 1867 2721; x_wconf 90' lang='grc' dir='ltr'>μου</span> 
     </span>
    </p>
   </div>
   <div class='ocr_carea' id='block_1_43' title="bbox 223 2736 1867 2820">
    <p class='ocr_par' dir='ltr' id='par_1_43' title="bbox 223 2736 1867 2820">
     <span class='ocr_line' id='line_1_43' title="bbox 223 2736 1867 2820; baseline -0.004 -20"><span class='ocrx_word' id='word_1_291' title='bbox 223 2744 539 2820; x_wconf 81' lang='grc' dir='ltr'>μεταγαγὼν</span> <span class='ocrx_word' id='word_1_292' title='bbox 571 2744 687 2816; x_wconf 88' lang='grc'>(90)</span> <span class='ocrx_word' id='word_1_293' title='bbox 722 2741 781 2797; x_wconf 76' lang='grc' dir='ltr'>ἐκ</span> <span class='ocrx_word' id='word_1_294' title='bbox 825 2747 928 2811; x_wconf 82' lang='grc' dir='ltr'>τῆς</span> <span class='ocrx_word' id='word_1_295' title='bbox 984 2740 1284 2815; x_wconf 79' lang='grc' dir='ltr'>ὀλισθηρᾶς</span> <span class='ocrx_word' id='word_1_296' title='bbox 1341 2736 1433 2794; x_wconf 81' lang='grc' dir='ltr'>καί</span> <span class='ocrx_word' id='word_1_297' title='bbox 1491 2736 1867 2815; x_wconf 71' lang='grc' dir='ltr'>θανατηφόρου</span> 
     </span>
    </p>
   </div>
   <div class='ocr_carea' id='block_1_44' title="bbox 211 2827 1870 2904">
    <p class='ocr_par' dir='ltr' id='par_1_44' title="bbox 211 2827 1870 2904">
     <span class='ocr_line' id='line_1_44' title="bbox 211 2827 1870 2904; baseline -0.004 -15"><span class='ocrx_word' id='word_1_298' title='bbox 211 2834 309 2889; x_wconf 80' lang='grc' dir='ltr'>καὶ</span> <span class='ocrx_word' id='word_1_299' title='bbox 342 2832 722 2903; x_wconf 87' lang='grc' dir='ltr'>σκολιωτάτης</span> <span class='ocrx_word' id='word_1_300' title='bbox 751 2832 838 2887; x_wconf 82' lang='grc' dir='ltr'>καὶ</span> <span class='ocrx_word' id='word_1_301' title='bbox 870 2829 1171 2903; x_wconf 77' lang='grc' dir='ltr'>καμπύλης</span> <span class='ocrx_word' id='word_1_302' title='bbox 1223 2830 1471 2904; x_wconf 76' lang='grc' dir='ltr'>ἀτραποῦ</span> <span class='ocrx_word' id='word_1_303' title='bbox 1518 2829 1649 2901; x_wconf 81' lang='grc'>(91),</span> <span class='ocrx_word' id='word_1_304' title='bbox 1705 2827 1870 2903; x_wconf 79' lang='grc' dir='ltr'>μεγά-</span> 
     </span>
    </p>
   </div>
   <div class='ocr_carea' id='block_1_45' title="bbox 216 2916 1866 2995">
    <p class='ocr_par' dir='ltr' id='par_1_45' title="bbox 216 2916 1866 2995">
     <span class='ocr_line' id='line_1_45' title="bbox 216 2916 1866 2995; baseline -0.005 -16"><span class='ocrx_word' id='word_1_305' title='bbox 216 2922 335 2979; x_wconf 69' lang='grc' dir='ltr'>λων</span> <span class='ocrx_word' id='word_1_306' title='bbox 366 2924 460 2977; x_wconf 78' lang='grc' dir='ltr'>καὶ</span> <span class='ocrx_word' id='word_1_307' title='bbox 508 2920 820 2995; x_wconf 85' lang='grc' dir='ltr'>θαυμασίων</span> <span class='ocrx_word' id='word_1_308' title='bbox 883 2941 979 2994; x_wconf 89' lang='grc' dir='ltr'>μοι</span> <span class='ocrx_word' id='word_1_309' title='bbox 1036 2919 1265 2994; x_wconf 88' lang='grc' dir='ltr'>γέγονας</span> <span class='ocrx_word' id='word_1_310' title='bbox 1320 2917 1574 2993; x_wconf 81' lang='grc' dir='ltr'>πρόξενος</span> <span class='ocrx_word' id='word_1_311' title='bbox 1633 2916 1866 2991; x_wconf 82' lang='grc' dir='ltr'>ἀγαθῶν,</span> 
     </span>
    </p>
   </div>
   <div class='ocr_carea' id='block_1_46' title="bbox 213 3004 1868 3088">
    <p class='ocr_par' dir='ltr' id='par_1_46' title="bbox 213 3004 1868 3088">
     <span class='ocr_line' id='line_1_46' title="bbox 213 3004 1868 3088; baseline -0.007 -17"><span class='ocrx_word' id='word_1_312' title='bbox 213 3020 311 3071; x_wconf 78' lang='grc' dir='ltr'>καὶ</span> <span class='ocrx_word' id='word_1_313' title='bbox 342 3015 419 3068; x_wconf 87' lang='grc' dir='ltr'>ὧν</span> <span class='ocrx_word' id='word_1_314' title='bbox 452 3010 636 3077; x_wconf 74' lang='grc' dir='ltr'>οὐδεὶς</span> <span class='ocrx_word' id='word_1_315' title='bbox 658 3011 957 3088; x_wconf 70' lang='grc' dir='ltr'>ἰξαρκέσειε</span> <span class='ocrx_word' id='word_1_316' title='bbox 1002 3010 1167 3087; x_wconf 88' lang='grc' dir='ltr'>λόγος</span> <span class='ocrx_word' id='word_1_317' title='bbox 1220 3010 1284 3064; x_wconf 86' lang='grc' dir='ltr'>τὸ</span> <span class='ocrx_word' id='word_1_318' title='bbox 1343 3008 1610 3084; x_wconf 77' lang='grc' dir='ltr'>ὑπερέχον</span> <span class='ocrx_word' id='word_1_319' title='bbox 1670 3004 1868 3083; x_wconf 80' lang='grc' dir='ltr'>διηγή-</span> 
     </span>
    </p>
   </div>
   <div class='ocr_carea' id='block_1_47' title="bbox 217 3097 1870 3177">
    <p class='ocr_par' dir='ltr' id='par_1_47' title="bbox 217 3097 1870 3177">
     <span class='ocr_line' id='line_1_47' title="bbox 217 3097 1870 3177; baseline -0.005 -19"><span class='ocrx_word' id='word_1_320' title='bbox 217 3115 436 3168; x_wconf 84' lang='grc' dir='ltr'>σασθαι.</span> <span class='ocrx_word' id='word_1_321' title='bbox 474 3100 743 3177; x_wconf 83' lang='grc' dir='ltr'>Μεγάλων</span> <span class='ocrx_word' id='word_1_322' title='bbox 772 3100 863 3156; x_wconf 84' lang='grc' dir='ltr'>καὶ</span> <span class='ocrx_word' id='word_1_323' title='bbox 913 3099 1074 3164; x_wconf 82' lang='grc' dir='ltr'>αὐτὸς</span> <span class='ocrx_word' id='word_1_324' title='bbox 1135 3099 1265 3173; x_wconf 72' lang='grc' dir='ltr'>ὑπὲρ</span> <span class='ocrx_word' id='word_1_325' title='bbox 1326 3097 1462 3171; x_wconf 80' lang='grc' dir='ltr'>ἐμοῦ</span> <span class='ocrx_word' id='word_1_326' title='bbox 1516 3100 1613 3152; x_wconf 90' lang='grc' dir='ltr'>τοῦ</span> <span class='ocrx_word' id='word_1_327' title='bbox 1673 3100 1870 3171; x_wconf 85' lang='grc' dir='ltr'>μικροῦ</span> 
     </span>
    </p>
   </div>
   <div class='ocr_carea' id='block_1_48' title="bbox 219 3185 1871 3267">
    <p class='ocr_par' dir='ltr' id='par_1_48' title="bbox 219 3185 1871 3267">
     <span class='ocr_line' id='line_1_48' title="bbox 219 3185 1871 3267; baseline -0.005 -20"><span class='ocrx_word' id='word_1_328' title='bbox 219 3192 527 3267; x_wconf 83' lang='grc' dir='ltr'>μετάσχοις</span> <span class='ocrx_word' id='word_1_329' title='bbox 556 3194 654 3246; x_wconf 91' lang='grc' dir='ltr'>τοῦ</span> <span class='ocrx_word' id='word_1_330' title='bbox 683 3190 816 3246; x_wconf 79' lang='grc' dir='ltr'>Θεοῦ</span> <span class='ocrx_word' id='word_1_331' title='bbox 857 3187 1101 3264; x_wconf 76' lang='grc' dir='ltr'>δωρεῶνο</span> <span class='ocrx_word' id='word_1_332' title='bbox 1162 3187 1253 3244; x_wconf 83' lang='grc' dir='ltr'>καὶ</span> <span class='ocrx_word' id='word_1_333' title='bbox 1300 3194 1402 3257; x_wconf 82' lang='grc' dir='ltr'>τῆς</span> <span class='ocrx_word' id='word_1_334' title='bbox 1453 3186 1589 3259; x_wconf 77' lang='grc' dir='ltr'>ἐμῆς</span> <span class='ocrx_word' id='word_1_335' title='bbox 1646 3185 1871 3261; x_wconf 74' lang='grc' dir='ltr'>εὐχαρι-</span> 
     </span>
    </p>
   </div>
   <div class='ocr_carea' id='block_1_49' title="bbox 215 3274 1865 3355">
    <p class='ocr_par' dir='ltr' id='par_1_49' title="bbox 215 3274 1865 3355">
     <span class='ocr_line' id='line_1_49' title="bbox 215 3274 1865 3355; baseline -0.005 -19"><span class='ocrx_word' id='word_1_336' title='bbox 215 3280 372 3343; x_wconf 83' lang='grc' dir='ltr'>στίας</span> <span class='ocrx_word' id='word_1_337' title='bbox 426 3280 703 3355; x_wconf 77' lang='grc' dir='ltr'>ὑστέρημα</span> <span class='ocrx_word' id='word_1_338' title='bbox 758 3277 1052 3353; x_wconf 84' lang='grc' dir='ltr'>πληρώσαι</span> <span class='ocrx_word' id='word_1_339' title='bbox 1109 3274 1328 3353; x_wconf 78' lang='grc' dir='ltr'>Κύριος,</span> <span class='ocrx_word' id='word_1_340' title='bbox 1388 3277 1417 3330; x_wconf 82' lang='grc' dir='ltr'><strong>ὁ</strong></span> <span class='ocrx_word' id='word_1_341' title='bbox 1479 3274 1642 3349; x_wconf 79' lang='grc' dir='ltr'>μόνος</span> <span class='ocrx_word' id='word_1_342' title='bbox 1701 3280 1865 3329; x_wconf 86' lang='grc' dir='ltr'>νικῶν</span> 
     </span>
    </p>
   </div>
   <div class='ocr_carea' id='block_1_50' title="bbox 213 3364 1786 3443">
    <p class='ocr_par' dir='ltr' id='par_1_50' title="bbox 213 3364 1786 3443">
     <span class='ocr_line' id='line_1_50' title="bbox 213 3364 1786 3443; baseline -0.002 -19"><span class='ocrx_word' id='word_1_343' title='bbox 213 3375 336 3425; x_wconf 78' lang='grc' dir='ltr'>ταῖς</span> <span class='ocrx_word' id='word_1_344' title='bbox 365 3373 476 3423; x_wconf 82' lang='grc' dir='ltr'>τῶν</span> <span class='ocrx_word' id='word_1_345' title='bbox 508 3365 728 3443; x_wconf 79' lang='grc' dir='ltr'>δωρεῶν</span> <span class='ocrx_word' id='word_1_346' title='bbox 759 3365 1063 3423; x_wconf 82' lang='grc' dir='ltr'>ἀντιδόσεσι</span> <span class='ocrx_word' id='word_1_347' title='bbox 1096 3364 1224 3428; x_wconf 76' lang='grc' dir='ltr'>τοὺς</span> <span class='ocrx_word' id='word_1_348' title='bbox 1253 3364 1412 3421; x_wconf 77' lang='grc' dir='ltr'>αὐτὸν</span> <span class='ocrx_word' id='word_1_349' title='bbox 1449 3366 1786 3441; x_wconf 85' lang='grc' dir='ltr'>ἀγαπῶντας.</span> 
     </span>
    </p>
   </div>
   <div class='ocr_carea' id='block_1_51' title="bbox 288 3451 1866 3533">
    <p class='ocr_par' dir='ltr' id='par_1_51' title="bbox 288 3451 1866 3533">
     <span class='ocr_line' id='line_1_51' title="bbox 288 3451 1866 3533; baseline -0.004 -21"><span class='ocrx_word' id='word_1_350' title='bbox 288 3463 345 3512; x_wconf 83' lang='lat'>‘0</span> <span class='ocrx_word' id='word_1_351' title='bbox 379 3455 437 3513; x_wconf 76' lang='grc' dir='ltr'>δὶ</span> <span class='ocrx_word' id='word_1_352' title='bbox 491 3455 781 3533; x_wconf 75' lang='grc' dir='ltr'>Βαρλαάμ,</span> <span class='ocrx_word' id='word_1_353' title='bbox 835 3459 936 3521; x_wconf 82' lang='grc' dir='ltr'>τῆς</span> <span class='ocrx_word' id='word_1_354' title='bbox 997 3451 1310 3530; x_wconf 83' lang='grc' dir='ltr'>θρηνῳδίας</span> <span class='ocrx_word' id='word_1_355' title='bbox 1356 3453 1515 3509; x_wconf 74' lang='grc' dir='ltr'>αὐτὸν</span> <span class='ocrx_word' id='word_1_356' title='bbox 1570 3452 1866 3523; x_wconf 77' lang='grc' dir='ltr'>ἐκκόπτων,</span> 
     </span>
    </p>
   </div>
   <div class='ocr_carea' id='block_1_52' title="bbox 216 3540 1868 3622">
    <p class='ocr_par' dir='ltr' id='par_1_52' title="bbox 216 3540 1868 3622">
     <span class='ocr_line' id='line_1_52' title="bbox 216 3540 1868 3622; baseline -0.004 -20"><span class='ocrx_word' id='word_1_357' title='bbox 216 3546 448 3608; x_wconf 71' lang='grc' dir='ltr'>ἀναστὰς</span> <span class='ocrx_word' id='word_1_358' title='bbox 477 3544 558 3610; x_wconf 67' lang='grc' dir='ltr'>εἷς</span> <span class='ocrx_word' id='word_1_359' title='bbox 589 3545 760 3622; x_wconf 70' lang='grc' dir='ltr'>εὐχὴν</span> <span class='ocrx_word' id='word_1_360' title='bbox 784 3544 998 3617; x_wconf 75' lang='grc' dir='ltr'>ἳστατο,</span> <span class='ocrx_word' id='word_1_361' title='bbox 1029 3544 1143 3614; x_wconf 82' lang='grc' dir='ltr'>καὶ,</span> <span class='ocrx_word' id='word_1_362' title='bbox 1174 3544 1253 3599; x_wconf 84' lang='grc' dir='ltr'>τὼ</span> <span class='ocrx_word' id='word_1_363' title='bbox 1282 3547 1439 3619; x_wconf 83' lang='grc' dir='ltr'>χεῖρε</span> <span class='ocrx_word' id='word_1_364' title='bbox 1485 3542 1562 3605; x_wconf 83' lang='grc' dir='ltr'>είς</span> <span class='ocrx_word' id='word_1_365' title='bbox 1609 3540 1868 3618; x_wconf 76' lang='grc' dir='ltr'>οὐρανοὺς</span> 
     </span>
    </p>
   </div>
   <div class='ocr_carea' id='block_1_53' title="bbox 220 3628 1867 3710">
    <p class='ocr_par' dir='ltr' id='par_1_53' title="bbox 220 3628 1867 3710">
     <span class='ocr_line' id='line_1_53' title="bbox 220 3628 1867 3710; baseline -0.003 -21"><span class='ocrx_word' id='word_1_366' title='bbox 220 3633 431 3709; x_wconf 82' lang='grc' dir='ltr'>διάρας·</span> <span class='ocrx_word' id='word_1_367' title='bbox 459 3636 522 3693; x_wconf 70' lang='grc' dir='ltr'>Ὀ</span> <span class='ocrx_word' id='word_1_368' title='bbox 553 3635 704 3707; x_wconf 77' lang='grc' dir='ltr'>Θεὸς,</span> <span class='ocrx_word' id='word_1_369' title='bbox 738 3628 907 3710; x_wconf 82' lang='grc' dir='ltr'>ἔκεγε,</span> <span class='ocrx_word' id='word_1_370' title='bbox 939 3633 1027 3688; x_wconf 84' lang='grc' dir='ltr'>καὶ</span> <span class='ocrx_word' id='word_1_371' title='bbox 1080 3633 1267 3707; x_wconf 73' lang='grc' dir='ltr'>Πατὴρ</span> <span class='ocrx_word' id='word_1_372' title='bbox 1309 3634 1407 3687; x_wconf 85' lang='grc' dir='ltr'>τοῦ</span> <span class='ocrx_word' id='word_1_373' title='bbox 1456 3630 1657 3707; x_wconf 84' lang='grc' dir='ltr'>Κυρίου</span> <span class='ocrx_word' id='word_1_374' title='bbox 1707 3632 1867 3704; x_wconf 78' lang='grc' dir='ltr'>ἡμῶν</span> 
     </span>
    </p>
   </div>
   <div class='ocr_carea' id='block_1_54' title="bbox 218 3719 1867 3801">
    <p class='ocr_par' dir='ltr' id='par_1_54' title="bbox 218 3719 1867 3801">
     <span class='ocr_line' id='line_1_54' title="bbox 218 3719 1867 3801; baseline -0.003 -22"><span class='ocrx_word' id='word_1_375' title='bbox 218 3726 407 3796; x_wconf 85' lang='grc' dir='ltr'>Ἰησοῦ</span> <span class='ocrx_word' id='word_1_376' title='bbox 464 3723 718 3801; x_wconf 75' lang='grc' dir='ltr'>Χριστοῦ,</span> <span class='ocrx_word' id='word_1_377' title='bbox 781 3723 809 3777; x_wconf 86' lang='grc' dir='ltr'>ὁ</span> <span class='ocrx_word' id='word_1_378' title='bbox 860 3722 1098 3800; x_wconf 76' lang='grc' dir='ltr'>φωτίσας</span> <span class='ocrx_word' id='word_1_379' title='bbox 1155 3722 1221 3775; x_wconf 71' lang='grc' dir='ltr'>τά</span> <span class='ocrx_word' id='word_1_380' title='bbox 1284 3719 1411 3796; x_wconf 75' lang='grc' dir='ltr'>πρὶν</span> <span class='ocrx_word' id='word_1_381' title='bbox 1492 3719 1867 3793; x_wconf 75' lang='grc' dir='ltr'>ἐσκοτισμένα,</span> 
     </span>
    </p>
   </div>
   <div class='ocr_carea' id='block_1_55' title="bbox 220 3808 1872 3888">
    <p class='ocr_par' dir='ltr' id='par_1_55' title="bbox 220 3808 1872 3888">
     <span class='ocr_line' id='line_1_55' title="bbox 220 3808 1872 3888; baseline -0.005 -15"><span class='ocrx_word' id='word_1_382' title='bbox 220 3816 381 3873; x_wconf 75' lang='grc'>188</span> <span class='ocrx_word' id='word_1_383' title='bbox 409 3814 496 3868; x_wconf 75' lang='grc' dir='ltr'>καῖ</span> <span class='ocrx_word' id='word_1_384' title='bbox 530 3814 630 3882; x_wconf 83' lang='grc' dir='ltr'>τὴν</span> <span class='ocrx_word' id='word_1_385' title='bbox 662 3813 860 3888; x_wconf 79' lang='grc' dir='ltr'>ὁρατήν</span> <span class='ocrx_word' id='word_1_386' title='bbox 899 3811 1100 3883; x_wconf 80' lang='grc' dir='ltr'>ταύτην</span> <span class='ocrx_word' id='word_1_387' title='bbox 1153 3809 1244 3865; x_wconf 84' lang='grc' dir='ltr'>καὶ</span> <span class='ocrx_word' id='word_1_388' title='bbox 1299 3808 1525 3885; x_wconf 86' lang='grc' dir='ltr'>ἀόρατον</span> <span class='ocrx_word' id='word_1_389' title='bbox 1585 3808 1751 3865; x_wconf 79' lang='grc' dir='ltr'>κτίσιν</span> <span class='ocrx_word' id='word_1_390' title='bbox 1813 3808 1872 3864; x_wconf 81' lang='grc' dir='ltr'>ἐκ</span> 
     </span>
    </p>
   </div>
   <div class='ocr_carea' id='block_1_56' title="bbox 218 3898 1871 3979">
    <p class='ocr_par' dir='ltr' id='par_1_56' title="bbox 218 3898 1871 3979">
     <span class='ocr_line' id='line_1_56' title="bbox 218 3898 1871 3979; baseline -0.003 -20"><span class='ocrx_word' id='word_1_391' title='bbox 218 3908 318 3960; x_wconf 85' lang='grc' dir='ltr'>τοῦ</span> <span class='ocrx_word' id='word_1_392' title='bbox 384 3905 461 3977; x_wconf 74' lang='grc' dir='ltr'><strong>μή</strong></span> <span class='ocrx_word' id='word_1_393' title='bbox 522 3898 679 3965; x_wconf 75' lang='grc' dir='ltr'>ὄντος</span> <span class='ocrx_word' id='word_1_394' title='bbox 752 3901 1099 3979; x_wconf 83' lang='grc' dir='ltr'>παραγαγὼν,</span> <span class='ocrx_word' id='word_1_395' title='bbox 1162 3901 1191 3956; x_wconf 83' lang='grc' dir='ltr'><strong>ὁ</strong></span> <span class='ocrx_word' id='word_1_396' title='bbox 1241 3901 1303 3956; x_wconf 86' lang='grc' dir='ltr'>τὸ</span> <span class='ocrx_word' id='word_1_397' title='bbox 1372 3901 1462 3955; x_wconf 86' lang='grc' dir='ltr'>σὸν</span> <span class='ocrx_word' id='word_1_398' title='bbox 1551 3899 1871 3975; x_wconf 68' lang='grc' dir='ltr'>ἐπιστρέψας</span> 
     </span>
    </p>
   </div>
   <div class='ocr_carea' id='block_1_57' title="bbox 217 3989 1870 4067">
    <p class='ocr_par' dir='ltr' id='par_1_57' title="bbox 217 3989 1870 4067">
     <span class='ocr_line' id='line_1_57' title="bbox 217 3989 1870 4067; baseline -0.005 -16"><span class='ocrx_word' id='word_1_399' title='bbox 217 3995 456 4066; x_wconf 76' lang='grc' dir='ltr'>πλάσμα</span> <span class='ocrx_word' id='word_1_400' title='bbox 485 3995 597 4066; x_wconf 82' lang='grc'>(92)</span> <span class='ocrx_word' id='word_1_401' title='bbox 625 3992 717 4047; x_wconf 75' lang='grc' dir='ltr'>καὶ</span> <span class='ocrx_word' id='word_1_402' title='bbox 762 3993 837 4065; x_wconf 79' lang='grc' dir='ltr'>μή</span> <span class='ocrx_word' id='word_1_403' title='bbox 898 3990 1054 4053; x_wconf 76' lang='grc' dir='ltr'>ἐάσας</span> <span class='ocrx_word' id='word_1_404' title='bbox 1109 3992 1258 4064; x_wconf 76' lang='grc' dir='ltr'>ἡμᾶς</span> <span class='ocrx_word' id='word_1_405' title='bbox 1317 3989 1495 4044; x_wconf 78' lang='grc' dir='ltr'>ὀπίσω</span> <span class='ocrx_word' id='word_1_406' title='bbox 1548 3996 1647 4059; x_wconf 79' lang='grc' dir='ltr'>τῆς</span> <span class='ocrx_word' id='word_1_407' title='bbox 1700 3991 1870 4067; x_wconf 75' lang='grc' dir='ltr'>ἀφρο-</span> 
     </span>
    </p>
   </div>
   <div class='ocr_carea' id='block_1_58' title="bbox 219 4078 1870 4158">
    <p class='ocr_par' dir='ltr' id='par_1_58' title="bbox 219 4078 1870 4158">
     <span class='ocr_line' id='line_1_58' title="bbox 219 4078 1870 4158; baseline -0.004 -20"><span class='ocrx_word' id='word_1_408' title='bbox 219 4083 393 4154; x_wconf 70' lang='grc' dir='ltr'>σύνης</span> <span class='ocrx_word' id='word_1_409' title='bbox 423 4085 584 4155; x_wconf 78' lang='grc' dir='ltr'>ἡμῶν</span> <span class='ocrx_word' id='word_1_410' title='bbox 622 4082 966 4158; x_wconf 73' lang='grc' dir='ltr'>πορεύεσθαι,</span> <span class='ocrx_word' id='word_1_411' title='bbox 1028 4080 1456 4157; x_wconf 66' lang='grc' dir='ltr'>εὐχαριποῦμέν</span> <span class='ocrx_word' id='word_1_412' title='bbox 1509 4099 1617 4147; x_wconf 89' lang='grc' dir='ltr'>σοι,</span> <span class='ocrx_word' id='word_1_413' title='bbox 1666 4078 1755 4134; x_wconf 80' lang='grc' dir='ltr'>καὶ</span> <span class='ocrx_word' id='word_1_414' title='bbox 1801 4083 1870 4153; x_wconf 78' lang='grc' dir='ltr'>τῇ</span> 
     </span>
    </p>
   </div>
   <div class='ocr_carea' id='block_1_59' title="bbox 220 4168 1873 4251">
    <p class='ocr_par' dir='ltr' id='par_1_59' title="bbox 220 4168 1873 4251">
     <span class='ocr_line' id='line_1_59' title="bbox 220 4168 1873 4251; baseline -0.004 -22"><span class='ocrx_word' id='word_1_415' title='bbox 220 4177 294 4248; x_wconf 80' lang='grc' dir='ltr'>σῇ</span> <span class='ocrx_word' id='word_1_416' title='bbox 320 4171 485 4251; x_wconf 74' lang='grc' dir='ltr'>σοφίᾳ</span> <span class='ocrx_word' id='word_1_417' title='bbox 508 4173 596 4228; x_wconf 83' lang='grc' dir='ltr'>καὶ</span> <span class='ocrx_word' id='word_1_418' title='bbox 625 4170 851 4245; x_wconf 82' lang='grc' dir='ltr'>δυνάμει</span> <span class='ocrx_word' id='word_1_419' title='bbox 907 4175 987 4244; x_wconf 76' lang='grc' dir='ltr'>τῷ</span> <span class='ocrx_word' id='word_1_420' title='bbox 1048 4169 1227 4246; x_wconf 84' lang='grc' dir='ltr'>Κυρίῳ</span> <span class='ocrx_word' id='word_1_421' title='bbox 1281 4171 1442 4243; x_wconf 80' lang='grc' dir='ltr'>ἡμῶν</span> <span class='ocrx_word' id='word_1_422' title='bbox 1498 4168 1683 4239; x_wconf 80' lang='grc' dir='ltr'>Ἰησοῦ</span> <span class='ocrx_word' id='word_1_423' title='bbox 1740 4170 1873 4241; x_wconf 81' lang='grc' dir='ltr'>Χρι-</span> 
     </span>
    </p>
   </div>
   <div class='ocr_carea' id='block_1_60' title="bbox 220 4256 1873 4336">
    <p class='ocr_par' dir='ltr' id='par_1_60' title="bbox 220 4256 1873 4336">
     <span class='ocr_line' id='line_1_60' title="bbox 220 4256 1873 4336; baseline -0.005 -16"><span class='ocrx_word' id='word_1_424' title='bbox 220 4268 362 4336; x_wconf 71' lang='grc' dir='ltr'>στῶ,</span> <span class='ocrx_word' id='word_1_425' title='bbox 396 4261 467 4317; x_wconf 79' lang='grc' dir='ltr'>δι’</span> <span class='ocrx_word' id='word_1_426' title='bbox 498 4262 560 4317; x_wconf 77' lang='grc' dir='ltr'>οὗ</span> <span class='ocrx_word' id='word_1_427' title='bbox 588 4261 680 4317; x_wconf 79' lang='grc' dir='ltr'>καὶ</span> <span class='ocrx_word' id='word_1_428' title='bbox 710 4261 837 4326; x_wconf 68' lang='grc' dir='ltr'>τοὺς</span> <span class='ocrx_word' id='word_1_429' title='bbox 894 4260 1095 4322; x_wconf 72' lang='grc' dir='ltr'>αἰῶνας</span> <span class='ocrx_word' id='word_1_430' title='bbox 1155 4258 1435 4329; x_wconf 81' lang='grc' dir='ltr'>ἐποίησας,</span> <span class='ocrx_word' id='word_1_431' title='bbox 1494 4256 1757 4320; x_wconf 84' lang='grc' dir='ltr'>πεσόντας</span> <span class='ocrx_word' id='word_1_432' title='bbox 1812 4278 1873 4313; x_wconf 87' lang='grc' dir='ltr'>τε</span> 
     </span>
    </p>
   </div>
   <div class='ocr_carea' id='block_1_61' title="bbox 218 4346 1873 4428">
    <p class='ocr_par' dir='ltr' id='par_1_61' title="bbox 218 4346 1873 4428">
     <span class='ocr_line' id='line_1_61' title="bbox 218 4346 1873 4428; baseline -0.005 -19"><span class='ocrx_word' id='word_1_433' title='bbox 218 4357 379 4428; x_wconf 75' lang='grc' dir='ltr'>ἡμᾶς</span> <span class='ocrx_word' id='word_1_434' title='bbox 407 4352 720 4423; x_wconf 85' lang='grc' dir='ltr'>ἀνέστησας,</span> <span class='ocrx_word' id='word_1_435' title='bbox 752 4351 842 4406; x_wconf 78' lang='grc' dir='ltr'>καὶ</span> <span class='ocrx_word' id='word_1_436' title='bbox 901 4347 1409 4423; x_wconf 84' lang='grc' dir='ltr'>πεπλημμεληκόσι</span> <span class='ocrx_word' id='word_1_437' title='bbox 1461 4348 1555 4410; x_wconf 75' lang='grc' dir='ltr'>τὰς</span> <span class='ocrx_word' id='word_1_438' title='bbox 1610 4346 1873 4423; x_wconf 78' lang='grc' dir='ltr'>ἁμαρτίας</span> 
     </span>
    </p>
   </div>
   <div class='ocr_carea' id='block_1_62' title="bbox 217 4436 1877 4520">
    <p class='ocr_par' dir='ltr' id='par_1_62' title="bbox 217 4436 1877 4520">
     <span class='ocr_line' id='line_1_62' title="bbox 217 4436 1877 4520; baseline -0.005 -22"><span class='ocrx_word' id='word_1_439' title='bbox 217 4438 873 4520; x_wconf 62' lang='grc' dir='ltr'>ἆφῆκας,⁷πλανηθέντας</span> <span class='ocrx_word' id='word_1_440' title='bbox 935 4437 1291 4514; x_wconf 80' lang='grc' dir='ltr'>ἐπανήγαγες,</span> <span class='ocrx_word' id='word_1_441' title='bbox 1335 4436 1877 4513; x_wconf 76' lang='grc' dir='ltr'>αἰχμαλωτισθέντας</span> 
     </span>
    </p>
   </div>
   <div class='ocr_carea' id='block_1_63' title="bbox 218 4524 1873 4607">
    <p class='ocr_par' dir='ltr' id='par_1_63' title="bbox 218 4524 1873 4607">
     <span class='ocr_line' id='line_1_63' title="bbox 218 4524 1873 4607; baseline -0.005 -19"><span class='ocrx_word' id='word_1_442' title='bbox 218 4531 546 4607; x_wconf 71' lang='grc' dir='ltr'>ἐλυτρώσω,</span> <span class='ocrx_word' id='word_1_443' title='bbox 611 4524 938 4600; x_wconf 81' lang='grc' dir='ltr'>τεθνηκότας</span> <span class='ocrx_word' id='word_1_444' title='bbox 1019 4526 1362 4599; x_wconf 80' lang='grc' dir='ltr'>ἐζωποίησας</span> <span class='ocrx_word' id='word_1_445' title='bbox 1416 4531 1498 4599; x_wconf 79' lang='grc' dir='ltr'>τῷ</span> <span class='ocrx_word' id='word_1_446' title='bbox 1551 4525 1721 4601; x_wconf 79' lang='grc' dir='ltr'>τιμίῳ</span> <span class='ocrx_word' id='word_1_447' title='bbox 1775 4530 1873 4581; x_wconf 84' lang='grc' dir='ltr'>τοῦ</span> 
     </span>
    </p>
   </div>
   <div class='ocr_carea' id='block_1_64' title="bbox 222 4598 1950 4692">
    <p class='ocr_par' dir='ltr' id='par_1_64' title="bbox 222 4598 1950 4692">
     <span class='ocr_line' id='line_1_64' title="bbox 222 4598 1950 4692; baseline -0.007 -15"><span class='ocrx_word' id='word_1_448' title='bbox 222 4622 360 4677; x_wconf 69' lang='grc' dir='ltr'>Υἱοῦ</span> <span class='ocrx_word' id='word_1_449' title='bbox 386 4641 482 4676; x_wconf 86' lang='grc' dir='ltr'>σου</span> <span class='ocrx_word' id='word_1_450' title='bbox 520 4620 610 4676; x_wconf 82' lang='grc' dir='ltr'>καὶ</span> <span class='ocrx_word' id='word_1_451' title='bbox 668 4622 982 4692; x_wconf 77' lang='grc' dir='ltr'>Δεσπετικῷ</span> <span class='ocrx_word' id='word_1_452' title='bbox 1037 4616 1247 4690; x_wconf 59' lang='grc' dir='ltr'>αἵματι.</span> <span class='ocrx_word' id='word_1_453' title='bbox 1304 4616 1375 4671; x_wconf 75' lang='grc' dir='ltr'>Σὲ</span> <span class='ocrx_word' id='word_1_454' title='bbox 1432 4613 1521 4670; x_wconf 79' lang='grc' dir='ltr'>οῦν</span> <span class='ocrx_word' id='word_1_455' title='bbox 1576 4613 1874 4669; x_wconf 79' lang='grc' dir='ltr'>ἐπικαλοῦ-</span> <span class='ocrx_word' id='word_1_456' title='bbox 1909 4598 1950 4664; x_wconf 83' lang='lat' dir='ltr'>D</span> 
     </span>
    </p>
   </div>
   <div class='ocr_carea' id='block_1_65' title="bbox 225 4703 1873 4784">
    <p class='ocr_par' dir='ltr' id='par_1_65' title="bbox 225 4703 1873 4784">
     <span class='ocr_line' id='line_1_65' title="bbox 225 4703 1873 4784; baseline -0.004 -19"><span class='ocrx_word' id='word_1_457' title='bbox 225 4731 352 4784; x_wconf 84' lang='grc' dir='ltr'>μαι,</span> <span class='ocrx_word' id='word_1_458' title='bbox 380 4710 468 4765; x_wconf 76' lang='grc' dir='ltr'>καὶ</span> <span class='ocrx_word' id='word_1_459' title='bbox 500 4709 591 4764; x_wconf 84' lang='grc' dir='ltr'>τὸν</span> <span class='ocrx_word' id='word_1_460' title='bbox 628 4712 897 4784; x_wconf 88' lang='grc' dir='ltr'>μονογενῆ</span> <span class='ocrx_word' id='word_1_461' title='bbox 930 4727 1026 4763; x_wconf 87' lang='grc' dir='ltr'>σου</span> <span class='ocrx_word' id='word_1_462' title='bbox 1058 4708 1206 4780; x_wconf 68' lang='grc' dir='ltr'>Υίὸν,</span> <span class='ocrx_word' id='word_1_463' title='bbox 1235 4705 1413 4761; x_wconf 81' lang='grc' dir='ltr'>καὶτὸ</span> <span class='ocrx_word' id='word_1_464' title='bbox 1465 4703 1727 4779; x_wconf 87' lang='grc' dir='ltr'>πανάγιόν</span> <span class='ocrx_word' id='word_1_465' title='bbox 1776 4724 1873 4759; x_wconf 92' lang='grc' dir='ltr'>σου</span> 
     </span>
    </p>
   </div>
   <div class='ocr_carea' id='block_1_66' title="bbox 220 4790 1871 4873">
    <p class='ocr_par' dir='ltr' id='par_1_66' title="bbox 220 4790 1871 4873">
     <span class='ocr_line' id='line_1_66' title="bbox 220 4790 1871 4873; baseline -0.005 -17"><span class='ocrx_word' id='word_1_466' title='bbox 220 4802 464 4872; x_wconf 79' lang='grc' dir='ltr'>Πνεῦμαο</span> <span class='ocrx_word' id='word_1_467' title='bbox 500 4793 652 4854; x_wconf 77' lang='grc' dir='ltr'>ἔπιδε</span> <span class='ocrx_word' id='word_1_468' title='bbox 677 4796 765 4853; x_wconf 78' lang='grc' dir='ltr'>ἐπὶ</span> <span class='ocrx_word' id='word_1_469' title='bbox 806 4799 868 4853; x_wconf 87' lang='grc' dir='ltr'>τὸ</span> <span class='ocrx_word' id='word_1_470' title='bbox 925 4793 1144 4873; x_wconf 85' lang='grc' dir='ltr'>λογικόν</span> <span class='ocrx_word' id='word_1_471' title='bbox 1206 4816 1300 4852; x_wconf 83' lang='grc' dir='ltr'>σου</span> <span class='ocrx_word' id='word_1_472' title='bbox 1357 4790 1629 4871; x_wconf 80' lang='grc' dir='ltr'>πρόϐατον</span> <span class='ocrx_word' id='word_1_473' title='bbox 1686 4798 1871 4863; x_wconf 84' lang='grc' dir='ltr'>τοῦτο,</span> 
     </span>
    </p>
   </div>
   <div class='ocr_carea' id='block_1_67' title="bbox 218 4883 1869 4964">
    <p class='ocr_par' dir='ltr' id='par_1_67' title="bbox 218 4883 1869 4964">
     <span class='ocr_line' id='line_1_67' title="bbox 218 4883 1869 4964; baseline -0.004 -19"><span class='ocrx_word' id='word_1_474' title='bbox 218 4890 286 4945; x_wconf 84' lang='grc' dir='ltr'>τὸ</span> <span class='ocrx_word' id='word_1_475' title='bbox 318 4885 621 4964; x_wconf 80' lang='grc' dir='ltr'>προσελθὸν</span> <span class='ocrx_word' id='word_1_476' title='bbox 655 4883 726 4942; x_wconf 85' lang='grc' dir='ltr'>δι’</span> <span class='ocrx_word' id='word_1_477' title='bbox 767 4886 904 4959; x_wconf 76' lang='grc' dir='ltr'>ἐμοῦ</span> <span class='ocrx_word' id='word_1_478' title='bbox 958 4890 1055 4943; x_wconf 88' lang='grc' dir='ltr'>τοῦ</span> <span class='ocrx_word' id='word_1_479' title='bbox 1110 4884 1331 4957; x_wconf 79' lang='grc' dir='ltr'>ἀναξίου</span> <span class='ocrx_word' id='word_1_480' title='bbox 1380 4884 1454 4948; x_wconf 78' lang='grc' dir='ltr'>εἶς</span> <span class='ocrx_word' id='word_1_481' title='bbox 1514 4885 1698 4949; x_wconf 88' lang='grc' dir='ltr'>θυσίαν</span> <span class='ocrx_word' id='word_1_482' title='bbox 1759 4905 1869 4955; x_wconf 90' lang='grc' dir='ltr'>σοι,</span> 
     </span>
    </p>
   </div>
   <div class='ocr_carea' id='block_1_68' title="bbox 219 4971 1869 5055">
    <p class='ocr_par' dir='ltr' id='par_1_68' title="bbox 219 4971 1869 5055">
     <span class='ocr_line' id='line_1_68' title="bbox 219 4971 1869 5055; baseline -0.005 -19"><span class='ocrx_word' id='word_1_483' title='bbox 219 4978 317 5036; x_wconf 78' lang='grc' dir='ltr'>καὶ</span> <span class='ocrx_word' id='word_1_484' title='bbox 360 4976 580 5055; x_wconf 80' lang='grc' dir='ltr'>ἁγίασον</span> <span class='ocrx_word' id='word_1_485' title='bbox 639 4975 805 5032; x_wconf 83' lang='grc' dir='ltr'>αὐτοῦ</span> <span class='ocrx_word' id='word_1_486' title='bbox 860 4977 960 5045; x_wconf 74' lang='grc' dir='ltr'>τὴν</span> <span class='ocrx_word' id='word_1_487' title='bbox 1014 4976 1198 5050; x_wconf 70' lang='grc' dir='ltr'>ψυχὴν</span> <span class='ocrx_word' id='word_1_488' title='bbox 1251 4978 1320 5049; x_wconf 78' lang='grc' dir='ltr'>τῇ</span> <span class='ocrx_word' id='word_1_489' title='bbox 1380 4978 1446 5049; x_wconf 73' lang='grc' dir='ltr'>σῇ</span> <span class='ocrx_word' id='word_1_490' title='bbox 1503 4971 1723 5047; x_wconf 77' lang='grc' dir='ltr'>δυνάμει</span> <span class='ocrx_word' id='word_1_491' title='bbox 1778 4974 1869 5029; x_wconf 79' lang='grc' dir='ltr'>καὶ</span> 
     </span>
    </p>
   </div>
   <div class='ocr_carea' id='block_1_69' title="bbox 217 5063 1869 5146">
    <p class='ocr_par' dir='ltr' id='par_1_69' title="bbox 217 5063 1869 5146">
     <span class='ocr_line' id='line_1_69' title="bbox 217 5063 1869 5146; baseline -0.015 -21"><span class='ocrx_word' id='word_1_492' title='bbox 217 5070 435 5146; x_wconf 81' lang='grc' dir='ltr'>χάριτι·</span> <span class='ocrx_word' id='word_1_493' title='bbox 470 5064 750 5140; x_wconf 74' lang='grc' dir='ltr'>ἐπίσκεψαι</span> <span class='ocrx_word' id='word_1_494' title='bbox 799 5066 898 5134; x_wconf 76' lang='grc' dir='ltr'>τήν</span> <span class='ocrx_word' id='word_1_495' title='bbox 953 5063 1197 5139; x_wconf 71' lang='grc' dir='ltr'>ἄμπελον</span> <span class='ocrx_word' id='word_1_496' title='bbox 1259 5063 1460 5135; x_wconf 80' lang='grc' dir='ltr'>ταύτην</span> <span class='ocrx_word' id='word_1_497' title='bbox 1517 5064 1616 5133; x_wconf 68' lang='grc' dir='ltr'>τὴν</span> <span class='ocrx_word' id='word_1_498' title='bbox 1678 5083 1869 5129; x_wconf 71' lang='grc' dir='ltr'>φυτευ,</span> 
     </span>
    </p>
   </div>
   <div class='ocr_carea' id='block_1_70' title="bbox 291 5231 1022 5378">
    <p class='ocr_par' dir='ltr' id='par_1_70' title="bbox 291 5231 1022 5378">
     <span class='ocr_line' id='line_1_70' title="bbox 291 5231 1022 5378; baseline -0.005 -89"><span class='ocrx_word' id='word_1_499' title='bbox 291 5234 406 5378; x_wconf 76' lang='grc'>(88)</span> <span class='ocrx_word' id='word_1_500' title='bbox 436 5231 601 5289; x_wconf 84' lang='lat' dir='ltr'>Conf.</span> <span class='ocrx_word' id='word_1_501' title='bbox 631 5248 687 5304; x_wconf 92' lang='lat' dir='ltr'>p.</span> <span class='ocrx_word' id='word_1_502' title='bbox 722 5235 811 5299; x_wconf 84' lang='lat'>60,</span> <span class='ocrx_word' id='word_1_503' title='bbox 840 5247 899 5286; x_wconf 90' lang='lat' dir='ltr'>n.</span> <span class='ocrx_word' id='word_1_504' title='bbox 933 5233 1022 5286; x_wconf 82' lang='grc'>47.</span> 
     </span>
     <span class='ocr_line' id='line_1_71' title="bbox 318 5298 1022 5377; baseline -0.01 -16"><span class='ocrx_word' id='word_1_505' title='bbox 318 5308 406 5377; x_wconf 88' lang='lat'>89)</span> <span class='ocrx_word' id='word_1_506' title='bbox 441 5307 575 5376; x_wconf 79' lang='lat' dir='ltr'>Pag.</span> <span class='ocrx_word' id='word_1_507' title='bbox 612 5306 700 5372; x_wconf 72' lang='grc'>24,</span> <span class='ocrx_word' id='word_1_508' title='bbox 737 5308 788 5372; x_wconf 84' lang='grc'>1,</span> <span class='ocrx_word' id='word_1_509' title='bbox 822 5298 1022 5375; x_wconf 77' lang='grc' dir='ltr'>δάκρυα</span> 
     </span>
    </p>
   </div>
   <div class='ocr_carea' id='block_1_71' title="bbox 1971 1922 3611 2004">
    <p class='ocr_par' dir='ltr' id='par_1_71' title="bbox 1971 1922 3611 2004">
     <span class='ocr_line' id='line_1_72' title="bbox 1971 1922 3611 2004; baseline -0.013 -16"><span class='ocrx_word' id='word_1_510' title='bbox 1971 1938 2269 2004; x_wconf 88' lang='lat' dir='ltr'>pastorem</span> <span class='ocrx_word' id='word_1_511' title='bbox 2286 1948 2353 1986; x_wconf 91' lang='lat' dir='ltr'>ac</span> <span class='ocrx_word' id='word_1_512' title='bbox 2366 1930 2577 1985; x_wconf 91' lang='lat' dir='ltr'>ducem</span> <span class='ocrx_word' id='word_1_513' title='bbox 2591 1927 2873 1998; x_wconf 89' lang='lat' dir='ltr'>consequi</span> <span class='ocrx_word' id='word_1_514' title='bbox 2898 1929 3101 1997; x_wconf 85' lang='lat' dir='ltr'>potero</span> <span class='ocrx_word' id='word_1_515' title='bbox 3114 1922 3141 1976; x_wconf 63' lang='grc' dir='ltr'><strong><em>τ</em></strong></span> <span class='ocrx_word' id='word_1_516' title='bbox 3155 1925 3213 1975; x_wconf 90' lang='lat' dir='ltr'>et</span> <span class='ocrx_word' id='word_1_517' title='bbox 3234 1931 3493 1990; x_wconf 86' lang='lat' dir='ltr'>quonam</span> <span class='ocrx_word' id='word_1_518' title='bbox 3516 1929 3611 1968; x_wconf 90' lang='lat' dir='ltr'>so-</span> 
     </span>
    </p>
   </div>
   <div class='ocr_carea' id='block_1_72' title="bbox 1970 2003 3611 2078">
    <p class='ocr_par' dir='ltr' id='par_1_72' title="bbox 1970 2003 3611 2078">
     <span class='ocr_line' id='line_1_73' title="bbox 1970 2003 3611 2078; baseline -0.011 -2"><span class='ocrx_word' id='word_1_519' title='bbox 1970 2003 2113 2077; x_wconf 86' lang='lat' dir='ltr'>latio</span> <span class='ocrx_word' id='word_1_520' title='bbox 2127 2020 2488 2077; x_wconf 89' lang='lat' dir='ltr'>desiderium</span> <span class='ocrx_word' id='word_1_521' title='bbox 2503 2019 2586 2074; x_wconf 92' lang='lat' dir='ltr'>tui</span> <span class='ocrx_word' id='word_1_522' title='bbox 2600 2016 2977 2073; x_wconf 83' lang='lat' dir='ltr'>lenibo?Ecce</span> <span class='ocrx_word' id='word_1_523' title='bbox 2991 2013 3148 2069; x_wconf 90' lang='lat' dir='ltr'>enim</span> <span class='ocrx_word' id='word_1_524' title='bbox 3165 2025 3259 2064; x_wconf 90' lang='lat' dir='ltr'>me</span> <span class='ocrx_word' id='word_1_525' title='bbox 3275 2003 3611 2078; x_wconf 87' lang='lat' dir='ltr'>improbum</span> 
     </span>
    </p>
   </div>
   <div class='ocr_carea' id='block_1_73' title="bbox 1972 2092 3608 2169">
    <p class='ocr_par' dir='ltr' id='par_1_73' title="bbox 1972 2092 3608 2169">
     <span class='ocr_line' id='line_1_74' title="bbox 1972 2092 3608 2169; baseline -0.013 -2"><span class='ocrx_word' id='word_1_526' title='bbox 1972 2127 2038 2167; x_wconf 88' lang='lat' dir='ltr'>ac</span> <span class='ocrx_word' id='word_1_527' title='bbox 2052 2111 2338 2166; x_wconf 89' lang='lat' dir='ltr'>rebellem</span> <span class='ocrx_word' id='word_1_528' title='bbox 2355 2125 2587 2165; x_wconf 84' lang='lat' dir='ltr'>servum</span> <span class='ocrx_word' id='word_1_529' title='bbox 2600 2108 2674 2164; x_wconf 90' lang='lat' dir='ltr'>ad</span> <span class='ocrx_word' id='word_1_530' title='bbox 2696 2109 2880 2163; x_wconf 89' lang='lat' dir='ltr'>Deum</span> <span class='ocrx_word' id='word_1_531' title='bbox 2896 2100 3215 2169; x_wconf 85' lang='lat' dir='ltr'>adduxisti,</span> <span class='ocrx_word' id='word_1_532' title='bbox 3231 2105 3405 2169; x_wconf 87' lang='lat' dir='ltr'>atque</span> <span class='ocrx_word' id='word_1_533' title='bbox 3418 2096 3479 2149; x_wconf 89' lang='lat' dir='ltr'>in</span> <span class='ocrx_word' id='word_1_534' title='bbox 3499 2092 3608 2149; x_wconf 81' lang='lat' dir='ltr'>ﬁlii</span> 
     </span>
    </p>
   </div>
   <div class='ocr_carea' id='block_1_74' title="bbox 1973 2188 3614 2263">
    <p class='ocr_par' dir='ltr' id='par_1_74' title="bbox 1973 2188 3614 2263">
     <span class='ocr_line' id='line_1_75' title="bbox 1973 2188 3614 2263; baseline -0.013 -5"><span class='ocrx_word' id='word_1_535' title='bbox 1973 2207 2031 2257; x_wconf 91' lang='lat' dir='ltr'>et</span> <span class='ocrx_word' id='word_1_536' title='bbox 2060 2201 2315 2257; x_wconf 76' lang='lat' dir='ltr'>haaredis</span> <span class='ocrx_word' id='word_1_537' title='bbox 2331 2200 2519 2256; x_wconf 89' lang='lat' dir='ltr'>classe</span> <span class='ocrx_word' id='word_1_538' title='bbox 2550 2195 2875 2263; x_wconf 88' lang='lat' dir='ltr'>collocasti,</span> <span class='ocrx_word' id='word_1_539' title='bbox 2908 2210 2975 2249; x_wconf 91' lang='lat' dir='ltr'>ac</span> <span class='ocrx_word' id='word_1_540' title='bbox 3004 2208 3099 2247; x_wconf 89' lang='lat' dir='ltr'>me</span> <span class='ocrx_word' id='word_1_541' title='bbox 3120 2188 3419 2262; x_wconf 87' lang='lat' dir='ltr'>perditum</span> <span class='ocrx_word' id='word_1_542' title='bbox 3436 2190 3614 2254; x_wconf 85' lang='lat' dir='ltr'>atque</span> 
     </span>
    </p>
   </div>
   <div class='ocr_carea' id='block_1_75' title="bbox 1973 2273 3616 2361">
    <p class='ocr_par' dir='ltr' id='par_1_75' title="bbox 1973 2273 3616 2361">
     <span class='ocr_line' id='line_1_76' title="bbox 1973 2273 3616 2361; baseline -0.015 -12"><span class='ocrx_word' id='word_1_543' title='bbox 1973 2292 2250 2349; x_wconf 90' lang='lat' dir='ltr'>omnibus</span> <span class='ocrx_word' id='word_1_544' title='bbox 2280 2290 2485 2345; x_wconf 89' lang='lat' dir='ltr'>bestiis</span> <span class='ocrx_word' id='word_1_545' title='bbox 2516 2287 2778 2361; x_wconf 79' lang='lat' dir='ltr'>praedam</span> <span class='ocrx_word' id='word_1_546' title='bbox 2809 2283 3142 2357; x_wconf 86' lang='lat' dir='ltr'>expositum</span> <span class='ocrx_word' id='word_1_547' title='bbox 3170 2273 3524 2349; x_wconf 81' lang='lat' dir='ltr'>exquisiisti,</span> <span class='ocrx_word' id='word_1_548' title='bbox 3558 2276 3616 2325; x_wconf 88' lang='lat' dir='ltr'>et</span> 
     </span>
    </p>
   </div>
   <div class='ocr_carea' id='block_1_76' title="bbox 1972 2369 3611 2449">
    <p class='ocr_par' dir='ltr' id='par_1_76' title="bbox 1972 2369 3611 2449">
     <span class='ocr_line' id='line_1_77' title="bbox 1972 2369 3611 2449; baseline -0.014 -11"><span class='ocrx_word' id='word_1_549' title='bbox 1972 2399 2112 2439; x_wconf 91' lang='lat' dir='ltr'>cum</span> <span class='ocrx_word' id='word_1_550' title='bbox 2145 2382 2219 2436; x_wconf 91' lang='lat' dir='ltr'>iis</span> <span class='ocrx_word' id='word_1_551' title='bbox 2248 2380 2351 2435; x_wconf 89' lang='lat' dir='ltr'>Dei</span> <span class='ocrx_word' id='word_1_552' title='bbox 2384 2379 2590 2435; x_wconf 90' lang='lat' dir='ltr'>ovibus</span> <span class='ocrx_word' id='word_1_553' title='bbox 2623 2393 2753 2449; x_wconf 62' lang='lat' dir='ltr'>qua)</span> <span class='ocrx_word' id='word_1_554' title='bbox 2785 2374 3031 2431; x_wconf 89' lang='lat' dir='ltr'>minime</span> <span class='ocrx_word' id='word_1_555' title='bbox 3063 2369 3480 2427; x_wconf 84' lang='lat' dir='ltr'>aberraverant</span> <span class='ocrx_word' id='word_1_556' title='bbox 3512 2378 3611 2417; x_wconf 87' lang='lat' dir='ltr'>co-</span> 
     </span>
    </p>
   </div>
   <div class='ocr_carea' id='block_1_77' title="bbox 1971 2452 3615 2545">
    <p class='ocr_par' dir='ltr' id='par_1_77' title="bbox 1971 2452 3615 2545">
     <span class='ocr_line' id='line_1_78' title="bbox 1971 2452 3615 2545; baseline -0.013 -17"><span class='ocrx_word' id='word_1_557' title='bbox 1971 2472 2188 2545; x_wconf 86' lang='lat' dir='ltr'>pulasti</span> <span class='ocrx_word' id='word_1_558' title='bbox 2205 2471 2657 2543; x_wconf 85' lang='lat' dir='ltr'>(Luc.xv),atque</span> <span class='ocrx_word' id='word_1_559' title='bbox 2670 2461 3175 2537; x_wconf 89' lang='lat' dir='ltr'>compendiariam</span> <span class='ocrx_word' id='word_1_560' title='bbox 3188 2455 3450 2514; x_wconf 82' lang='lat' dir='ltr'>veritatis</span> <span class='ocrx_word' id='word_1_561' title='bbox 3464 2452 3615 2508; x_wconf 87' lang='lat' dir='ltr'>viam</span> 
     </span>
    </p>
   </div>
   <div class='ocr_carea' id='block_1_78' title="bbox 1973 2542 3617 2629">
    <p class='ocr_par' dir='ltr' id='par_1_78' title="bbox 1973 2542 3617 2629">
     <span class='ocr_line' id='line_1_79' title="bbox 1973 2542 3617 2629; baseline -0.012 -12"><span class='ocrx_word' id='word_1_562' title='bbox 1973 2542 2121 2618; x_wconf 77' lang='lat' dir='ltr'>mihi</span> <span class='ocrx_word' id='word_1_563' title='bbox 2152 2542 2571 2617; x_wconf 87' lang='lat' dir='ltr'>demonstrasti</span> <span class='ocrx_word' id='word_1_564' title='bbox 2594 2556 2742 2629; x_wconf 88' lang='lat' dir='ltr'>(Psal</span> <span class='ocrx_word' id='word_1_565' title='bbox 2788 2556 3013 2619; x_wconf 86' lang='lat' dir='ltr'>Lxxxv),</span> <span class='ocrx_word' id='word_1_566' title='bbox 3038 2564 3250 2621; x_wconf 89' lang='lat' dir='ltr'>meque</span> <span class='ocrx_word' id='word_1_567' title='bbox 3265 2546 3336 2602; x_wconf 92' lang='lat' dir='ltr'>de</span> <span class='ocrx_word' id='word_1_568' title='bbox 3355 2542 3617 2600; x_wconf 88' lang='lat' dir='ltr'>tenebris</span> 
     </span>
    </p>
   </div>
   <div class='ocr_carea' id='block_1_79' title="bbox 1976 2635 3615 2715">
    <p class='ocr_par' dir='ltr' id='par_1_79' title="bbox 1976 2635 3615 2715">
     <span class='ocr_line' id='line_1_80' title="bbox 1976 2635 3615 2715; baseline -0.013 -7"><span class='ocrx_word' id='word_1_569' title='bbox 1976 2660 2034 2708; x_wconf 90' lang='lat' dir='ltr'>et</span> <span class='ocrx_word' id='word_1_570' title='bbox 2062 2651 2273 2707; x_wconf 88' lang='lat' dir='ltr'>umbra</span> <span class='ocrx_word' id='word_1_571' title='bbox 2292 2650 2503 2707; x_wconf 90' lang='lat' dir='ltr'>mortis</span> <span class='ocrx_word' id='word_1_572' title='bbox 2532 2646 2785 2703; x_wconf 88' lang='lat' dir='ltr'>eduxisti</span> <span class='ocrx_word' id='word_1_573' title='bbox 2810 2645 2988 2715; x_wconf 75' lang='lat' dir='ltr'>(Luca:</span> <span class='ocrx_word' id='word_1_574' title='bbox 3013 2641 3075 2711; x_wconf 81' lang='grc' dir='ltr'>ι),</span> <span class='ocrx_word' id='word_1_575' title='bbox 3098 2656 3165 2695; x_wconf 90' lang='lat' dir='ltr'>ac</span> <span class='ocrx_word' id='word_1_576' title='bbox 3188 2635 3372 2709; x_wconf 90' lang='lat' dir='ltr'>pedes</span> <span class='ocrx_word' id='word_1_577' title='bbox 3399 2650 3562 2689; x_wconf 91' lang='lat' dir='ltr'>meos</span> <span class='ocrx_word' id='word_1_578' title='bbox 3585 2648 3615 2687; x_wconf 91' lang='lat' dir='ltr'>e</span> 
     </span>
    </p>
   </div>
   <div class='ocr_carea' id='block_1_80' title="bbox 1978 2722 3613 2807">
    <p class='ocr_par' dir='ltr' id='par_1_80' title="bbox 1978 2722 3613 2807">
     <span class='ocr_line' id='line_1_81' title="bbox 1978 2722 3613 2807; baseline -0.015 -9"><span class='ocrx_word' id='word_1_579' title='bbox 1978 2742 2207 2798; x_wconf 88' lang='lat' dir='ltr'>lubrica</span> <span class='ocrx_word' id='word_1_580' title='bbox 2219 2745 2278 2796; x_wconf 91' lang='lat' dir='ltr'>et</span> <span class='ocrx_word' id='word_1_581' title='bbox 2295 2739 2543 2794; x_wconf 85' lang='lat' dir='ltr'>exitiosa</span> <span class='ocrx_word' id='word_1_582' title='bbox 2554 2753 2621 2792; x_wconf 88' lang='lat' dir='ltr'>ac</span> <span class='ocrx_word' id='word_1_583' title='bbox 2635 2748 2909 2807; x_wconf 86' lang='lat' dir='ltr'>perversa</span> <span class='ocrx_word' id='word_1_584' title='bbox 2922 2737 3169 2785; x_wconf 88' lang='lat' dir='ltr'>etcurva</span> <span class='ocrx_word' id='word_1_585' title='bbox 3184 2726 3275 2781; x_wconf 89' lang='lat' dir='ltr'>via</span> <span class='ocrx_word' id='word_1_586' title='bbox 3288 2722 3613 2779; x_wconf 81' lang='lat' dir='ltr'>extraxisti.</span> 
     </span>
    </p>
   </div>
   <div class='ocr_carea' id='block_1_81' title="bbox 1977 2817 3617 2904">
    <p class='ocr_par' dir='ltr' id='par_1_81' title="bbox 1977 2817 3617 2904">
     <span class='ocr_line' id='line_1_82' title="bbox 1977 2817 3617 2904; baseline -0.015 -16"><span class='ocrx_word' id='word_1_587' title='bbox 1977 2834 2181 2904; x_wconf 86' lang='lat' dir='ltr'>Magna</span> <span class='ocrx_word' id='word_1_588' title='bbox 2202 2836 2261 2885; x_wconf 89' lang='lat' dir='ltr'>et</span> <span class='ocrx_word' id='word_1_589' title='bbox 2278 2826 2631 2885; x_wconf 88' lang='lat' dir='ltr'>admiranda</span> <span class='ocrx_word' id='word_1_590' title='bbox 2655 2824 2842 2880; x_wconf 89' lang='lat' dir='ltr'>mihia</span> <span class='ocrx_word' id='word_1_591' title='bbox 2870 2828 2924 2877; x_wconf 90' lang='lat' dir='ltr'>te</span> <span class='ocrx_word' id='word_1_592' title='bbox 2947 2820 3103 2874; x_wconf 87' lang='lat' dir='ltr'>bona</span> <span class='ocrx_word' id='word_1_593' title='bbox 3127 2822 3256 2871; x_wconf 84' lang='lat' dir='ltr'>orta</span> <span class='ocrx_word' id='word_1_594' title='bbox 3276 2817 3617 2882; x_wconf 88' lang='lat' dir='ltr'>sunt,atque</span> 
     </span>
    </p>
   </div>
   <div class='ocr_carea' id='block_1_82' title="bbox 1977 2899 3624 2993">
    <p class='ocr_par' dir='ltr' id='par_1_82' title="bbox 1977 2899 3624 2993">
     <span class='ocr_line' id='line_1_83' title="bbox 1977 2899 3624 2993; baseline -0.013 -16"><span class='ocrx_word' id='word_1_595' title='bbox 1977 2920 2365 2993; x_wconf 86' lang='lat' dir='ltr'>ejusmodi,ut</span> <span class='ocrx_word' id='word_1_596' title='bbox 2381 2916 2741 2989; x_wconf 87' lang='lat' dir='ltr'>singularem</span> <span class='ocrx_word' id='word_1_597' title='bbox 2755 2927 2958 2967; x_wconf 89' lang='lat' dir='ltr'>eorum</span> <span class='ocrx_word' id='word_1_598' title='bbox 2971 2905 3440 2980; x_wconf 83' lang='lat' dir='ltr'>magnitudinem</span> <span class='ocrx_word' id='word_1_599' title='bbox 3455 2899 3624 2955; x_wconf 86' lang='lat' dir='ltr'>nulla</span> 
     </span>
    </p>
   </div>
   <div class='ocr_carea' id='block_1_83' title="bbox 1978 2995 3617 3078">
    <p class='ocr_par' dir='ltr' id='par_1_83' title="bbox 1978 2995 3617 3078">
     <span class='ocr_line' id='line_1_84' title="bbox 1978 2995 3617 3078; baseline -0.015 -12"><span class='ocrx_word' id='word_1_600' title='bbox 1978 3010 2164 3066; x_wconf 85' lang='lat' dir='ltr'>oratio</span> <span class='ocrx_word' id='word_1_601' title='bbox 2183 3007 2466 3078; x_wconf 83' lang='lat' dir='ltr'>consequi</span> <span class='ocrx_word' id='word_1_602' title='bbox 2480 3003 3039 3077; x_wconf 80' lang='lat' dir='ltr'>possit.Magnorum</span> <span class='ocrx_word' id='word_1_603' title='bbox 3053 2995 3368 3068; x_wconf 86' lang='lat' dir='ltr'>igituripse</span> <span class='ocrx_word' id='word_1_604' title='bbox 3383 3005 3617 3061; x_wconf 90' lang='lat' dir='ltr'>quoque</span> 
     </span>
    </p>
   </div>
   <div class='ocr_carea' id='block_1_84' title="bbox 1978 3079 3618 3173">
    <p class='ocr_par' dir='ltr' id='par_1_84' title="bbox 1978 3079 3618 3173">
     <span class='ocr_line' id='line_1_85' title="bbox 1978 3079 3618 3173; baseline -0.015 -17"><span class='ocrx_word' id='word_1_605' title='bbox 1978 3118 2083 3173; x_wconf 93' lang='lat' dir='ltr'>pro</span> <span class='ocrx_word' id='word_1_606' title='bbox 2101 3116 2196 3155; x_wconf 89' lang='lat' dir='ltr'>me</span> <span class='ocrx_word' id='word_1_607' title='bbox 2212 3098 2419 3169; x_wconf 85' lang='lat' dir='ltr'>exiguo</span> <span class='ocrx_word' id='word_1_608' title='bbox 2443 3092 2805 3151; x_wconf 87' lang='lat' dir='ltr'>homunculo</span> <span class='ocrx_word' id='word_1_609' title='bbox 2832 3089 3019 3161; x_wconf 90' lang='lat' dir='ltr'>ipsius</span> <span class='ocrx_word' id='word_1_610' title='bbox 3048 3083 3475 3142; x_wconf 83' lang='lat' dir='ltr'>beneﬁciorum</span> <span class='ocrx_word' id='word_1_611' title='bbox 3501 3079 3618 3134; x_wconf 89' lang='lat' dir='ltr'>uti-</span> 
     </span>
    </p>
   </div>
   <div class='ocr_carea' id='block_1_85' title="bbox 1980 3173 3617 3260">
    <p class='ocr_par' dir='ltr' id='par_1_85' title="bbox 1980 3173 3617 3260">
     <span class='ocr_line' id='line_1_86' title="bbox 1980 3173 3617 3260; baseline -0.012 -15"><span class='ocrx_word' id='word_1_612' title='bbox 1980 3206 2121 3245; x_wconf 89' lang='lat' dir='ltr'>nam</span> <span class='ocrx_word' id='word_1_613' title='bbox 2143 3189 2223 3243; x_wconf 89' lang='lat' dir='ltr'>sis</span> <span class='ocrx_word' id='word_1_614' title='bbox 2241 3187 2536 3260; x_wconf 87' lang='lat' dir='ltr'>particeps</span> <span class='ocrx_word' id='word_1_615' title='bbox 2553 3184 2564 3239; x_wconf 87' lang='lat'><strong>!</strong></span> <span class='ocrx_word' id='word_1_616' title='bbox 2581 3190 2758 3255; x_wconf 90' lang='lat' dir='ltr'>atque</span> <span class='ocrx_word' id='word_1_617' title='bbox 2772 3180 2830 3236; x_wconf 91' lang='lat' dir='ltr'>id</span> <span class='ocrx_word' id='word_1_618' title='bbox 2849 3179 3007 3251; x_wconf 92' lang='lat' dir='ltr'>quod</span> <span class='ocrx_word' id='word_1_619' title='bbox 3028 3193 3177 3233; x_wconf 74' lang='lat' dir='ltr'>meaa</span> <span class='ocrx_word' id='word_1_620' title='bbox 3189 3173 3510 3248; x_wconf 87' lang='lat' dir='ltr'>gratiarum</span> <span class='ocrx_word' id='word_1_621' title='bbox 3526 3187 3617 3228; x_wconf 83' lang='lat' dir='ltr'>ac-</span> 
     </span>
    </p>
   </div>
   <div class='ocr_carea' id='block_1_86' title="bbox 1979 3262 3618 3347">
    <p class='ocr_par' dir='ltr' id='par_1_86' title="bbox 1979 3262 3618 3347">
     <span class='ocr_line' id='line_1_87' title="bbox 1979 3262 3618 3347; baseline -0.012 -13"><span class='ocrx_word' id='word_1_622' title='bbox 1979 3275 2551 3347; x_wconf 86' lang='lat' dir='ltr'>tionideestexpleat</span> <span class='ocrx_word' id='word_1_623' title='bbox 2567 3270 2981 3341; x_wconf 89' lang='lat' dir='ltr'>Dominus,qui</span> <span class='ocrx_word' id='word_1_624' title='bbox 3006 3266 3169 3324; x_wconf 89' lang='lat' dir='ltr'>solus</span> <span class='ocrx_word' id='word_1_625' title='bbox 3188 3262 3618 3321; x_wconf 82' lang='lat' dir='ltr'>beneﬁciorum</span> 
     </span>
    </p>
   </div>
   <div class='ocr_carea' id='block_1_87' title="bbox 1976 3356 3617 3436">
    <p class='ocr_par' dir='ltr' id='par_1_87' title="bbox 1976 3356 3617 3436">
     <span class='ocr_line' id='line_1_88' title="bbox 1976 3356 3617 3436; baseline -0.012 -13"><span class='ocrx_word' id='word_1_626' title='bbox 1976 3368 2264 3423; x_wconf 90' lang='lat' dir='ltr'>relatione</span> <span class='ocrx_word' id='word_1_627' title='bbox 2285 3382 2384 3421; x_wconf 91' lang='lat' dir='ltr'>eos</span> <span class='ocrx_word' id='word_1_628' title='bbox 2398 3364 2498 3436; x_wconf 91' lang='lat' dir='ltr'>qui</span> <span class='ocrx_word' id='word_1_629' title='bbox 2514 3364 2699 3436; x_wconf 87' lang='lat' dir='ltr'>ipsius</span> <span class='ocrx_word' id='word_1_630' title='bbox 2722 3376 2923 3418; x_wconf 90' lang='lat' dir='ltr'>amore</span> <span class='ocrx_word' id='word_1_631' title='bbox 2944 3356 3173 3430; x_wconf 64' lang='lat' dir='ltr'>praediti</span> <span class='ocrx_word' id='word_1_632' title='bbox 3199 3359 3337 3410; x_wconf 90' lang='lat' dir='ltr'>sunt</span> <span class='ocrx_word' id='word_1_633' title='bbox 3358 3356 3617 3424; x_wconf 90' lang='lat' dir='ltr'>superat.</span> 
     </span>
    </p>
   </div>
   <div class='ocr_carea' id='block_1_88' title="bbox 2050 3447 3620 3524">
    <p class='ocr_par' dir='ltr' id='par_1_88' title="bbox 2050 3447 3620 3524">
     <span class='ocr_line' id='line_1_89' title="bbox 2050 3447 3620 3524; baseline -0.011 -12"><span class='ocrx_word' id='word_1_634' title='bbox 2050 3457 2317 3512; x_wconf 86' lang='lat' dir='ltr'>Barlaam</span> <span class='ocrx_word' id='word_1_635' title='bbox 2348 3461 2566 3522; x_wconf 88' lang='lat' dir='ltr'>autem,</span> <span class='ocrx_word' id='word_1_636' title='bbox 2593 3453 2778 3524; x_wconf 90' lang='lat' dir='ltr'>ipsius</span> <span class='ocrx_word' id='word_1_637' title='bbox 2803 3447 3261 3506; x_wconf 87' lang='lat' dir='ltr'>lamentationes</span> <span class='ocrx_word' id='word_1_638' title='bbox 3282 3448 3620 3514; x_wconf 86' lang='lat' dir='ltr'>amputans,</span> 
     </span>
    </p>
   </div>
   <div class='ocr_carea' id='block_1_89' title="bbox 1980 3530 3621 3616">
    <p class='ocr_par' dir='ltr' id='par_1_89' title="bbox 1980 3530 3621 3616">
     <span class='ocr_line' id='line_1_90' title="bbox 1980 3530 3621 3616; baseline -0.011 -14"><span class='ocrx_word' id='word_1_639' title='bbox 1980 3546 2255 3613; x_wconf 81' lang='lat' dir='ltr'>surrexit,</span> <span class='ocrx_word' id='word_1_640' title='bbox 2285 3550 2463 3616; x_wconf 89' lang='lat' dir='ltr'>atque</span> <span class='ocrx_word' id='word_1_641' title='bbox 2491 3542 2563 3599; x_wconf 89' lang='lat' dir='ltr'>ad</span> <span class='ocrx_word' id='word_1_642' title='bbox 2594 3540 2884 3598; x_wconf 88' lang='lat' dir='ltr'>orandum</span> <span class='ocrx_word' id='word_1_643' title='bbox 2916 3555 2978 3594; x_wconf 89' lang='lat' dir='ltr'>se</span> <span class='ocrx_word' id='word_1_644' title='bbox 3010 3533 3390 3607; x_wconf 86' lang='lat' dir='ltr'>comparavit,</span> <span class='ocrx_word' id='word_1_645' title='bbox 3418 3530 3621 3587; x_wconf 87' lang='lat' dir='ltr'>mani-</span> 
     </span>
    </p>
   </div>
   <div class='ocr_carea' id='block_1_90' title="bbox 1977 3620 3619 3707">
    <p class='ocr_par' dir='ltr' id='par_1_90' title="bbox 1977 3620 3619 3707">
     <span class='ocr_line' id='line_1_91' title="bbox 1977 3620 3619 3707; baseline -0.01 -17"><span class='ocrx_word' id='word_1_646' title='bbox 1977 3635 2278 3707; x_wconf 88' lang='lat' dir='ltr'>busquein</span> <span class='ocrx_word' id='word_1_647' title='bbox 2306 3634 2518 3690; x_wconf 62' lang='lat' dir='ltr'>caalum</span> <span class='ocrx_word' id='word_1_648' title='bbox 2542 3629 2911 3696; x_wconf 89' lang='lat' dir='ltr'>sublatis,his</span> <span class='ocrx_word' id='word_1_649' title='bbox 2936 3626 3127 3683; x_wconf 89' lang='lat' dir='ltr'>verbis</span> <span class='ocrx_word' id='word_1_650' title='bbox 3149 3640 3291 3679; x_wconf 90' lang='lat' dir='ltr'>usus</span> <span class='ocrx_word' id='word_1_651' title='bbox 3323 3626 3444 3677; x_wconf 88' lang='lat' dir='ltr'>est:</span> <span class='ocrx_word' id='word_1_652' title='bbox 3465 3620 3619 3675; x_wconf 92' lang='lat' dir='ltr'>Deus</span> 
     </span>
    </p>
   </div>
   <div class='ocr_carea' id='block_1_91' title="bbox 1980 3709 3622 3786">
    <p class='ocr_par' dir='ltr' id='par_1_91' title="bbox 1980 3709 3622 3786">
     <span class='ocr_line' id='line_1_92' title="bbox 1980 3709 3622 3786; baseline -0.012 -6"><span class='ocrx_word' id='word_1_653' title='bbox 1980 3727 2223 3781; x_wconf 88' lang='lat' dir='ltr'>etPater</span> <span class='ocrx_word' id='word_1_654' title='bbox 2234 3720 2665 3778; x_wconf 88' lang='lat' dir='ltr'>Domininostri</span> <span class='ocrx_word' id='word_1_655' title='bbox 2686 3721 2713 3775; x_wconf 85' lang='lat' dir='ltr'>J</span> <span class='ocrx_word' id='word_1_656' title='bbox 2720 3736 2823 3773; x_wconf 91' lang='lat' dir='ltr'>esu</span> <span class='ocrx_word' id='word_1_657' title='bbox 2836 3716 3074 3783; x_wconf 87' lang='lat' dir='ltr'>Christi,</span> <span class='ocrx_word' id='word_1_658' title='bbox 3090 3731 3191 3786; x_wconf 78' lang='lat' dir='ltr'>qui</span> <span class='ocrx_word' id='word_1_659' title='bbox 3214 3729 3283 3769; x_wconf 91' lang='lat' dir='ltr'>ea</span> <span class='ocrx_word' id='word_1_660' title='bbox 3303 3728 3434 3782; x_wconf 72' lang='lat' dir='ltr'>quin</span> <span class='ocrx_word' id='word_1_661' title='bbox 3458 3709 3622 3781; x_wconf 88' lang='lat' dir='ltr'>prius</span> 
     </span>
    </p>
   </div>
   <div class='ocr_carea' id='block_1_92' title="bbox 1980 3805 3623 3880">
    <p class='ocr_par' dir='ltr' id='par_1_92' title="bbox 1980 3805 3623 3880">
     <span class='ocr_line' id='line_1_93' title="bbox 1980 3805 3623 3880; baseline -0.011 -9"><span class='ocrx_word' id='word_1_662' title='bbox 1980 3815 2241 3871; x_wconf 90' lang='lat' dir='ltr'>tenebris</span> <span class='ocrx_word' id='word_1_663' title='bbox 2264 3814 2518 3870; x_wconf 82' lang='lat' dir='ltr'>obducta</span> <span class='ocrx_word' id='word_1_664' title='bbox 2549 3816 2736 3878; x_wconf 90' lang='lat' dir='ltr'>erant,</span> <span class='ocrx_word' id='word_1_665' title='bbox 2770 3810 2900 3865; x_wconf 92' lang='lat' dir='ltr'>luce</span> <span class='ocrx_word' id='word_1_666' title='bbox 2931 3805 3266 3880; x_wconf 83' lang='lat' dir='ltr'>perfudisti,</span> <span class='ocrx_word' id='word_1_667' title='bbox 3320 3809 3496 3873; x_wconf 90' lang='lat' dir='ltr'>atque</span> <span class='ocrx_word' id='word_1_668' title='bbox 3528 3816 3623 3855; x_wconf 90' lang='lat' dir='ltr'>res</span> 
     </span>
    </p>
   </div>
   <div class='ocr_carea' id='block_1_93' title="bbox 1981 3895 3627 3971">
    <p class='ocr_par' dir='ltr' id='par_1_93' title="bbox 1981 3895 3627 3971">
     <span class='ocr_line' id='line_1_94' title="bbox 1981 3895 3627 3971; baseline -0.01 -10"><span class='ocrx_word' id='word_1_669' title='bbox 1981 3922 2188 3961; x_wconf 91' lang='lat' dir='ltr'>omnes</span> <span class='ocrx_word' id='word_1_670' title='bbox 2210 3902 2499 3969; x_wconf 87' lang='lat' dir='ltr'>conditas,</span> <span class='ocrx_word' id='word_1_671' title='bbox 2529 3907 2649 3958; x_wconf 87' lang='lat' dir='ltr'>tam</span> <span class='ocrx_word' id='word_1_672' title='bbox 2678 3916 2807 3971; x_wconf 64' lang='lat' dir='ltr'>qua:</span> <span class='ocrx_word' id='word_1_673' title='bbox 2830 3902 3069 3970; x_wconf 89' lang='lat' dir='ltr'>aspectu</span> <span class='ocrx_word' id='word_1_674' title='bbox 3089 3895 3428 3951; x_wconf 90' lang='lat' dir='ltr'>sentiuntur</span> <span class='ocrx_word' id='word_1_675' title='bbox 3447 3904 3627 3963; x_wconf 86' lang='lat' dir='ltr'>quam</span> 
     </span>
    </p>
   </div>
   <div class='ocr_carea' id='block_1_94' title="bbox 1982 3981 3630 4066">
    <p class='ocr_par' dir='ltr' id='par_1_94' title="bbox 1982 3981 3630 4066">
     <span class='ocr_line' id='line_1_95' title="bbox 1982 3981 3630 4066; baseline -0.011 -15"><span class='ocrx_word' id='word_1_676' title='bbox 1982 4012 2111 4066; x_wconf 68' lang='lat' dir='ltr'>quae</span> <span class='ocrx_word' id='word_1_677' title='bbox 2134 3994 2206 4050; x_wconf 89' lang='lat' dir='ltr'>ab</span> <span class='ocrx_word' id='word_1_678' title='bbox 2234 3993 2543 4049; x_wconf 86' lang='lat' dir='ltr'>oculorum</span> <span class='ocrx_word' id='word_1_679' title='bbox 2566 4007 2745 4047; x_wconf 88' lang='lat' dir='ltr'>sensu</span> <span class='ocrx_word' id='word_1_680' title='bbox 2771 3994 3013 4045; x_wconf 74' lang='lat' dir='ltr'>remotm</span> <span class='ocrx_word' id='word_1_681' title='bbox 3034 3992 3268 4054; x_wconf 87' lang='lat' dir='ltr'>sunt,ex</span> <span class='ocrx_word' id='word_1_682' title='bbox 3291 3981 3478 4039; x_wconf 83' lang='lat' dir='ltr'>nihilo</span> <span class='ocrx_word' id='word_1_683' title='bbox 3497 3995 3630 4052; x_wconf 88' lang='lat' dir='ltr'>pro-</span> 
     </span>
    </p>
   </div>
   <div class='ocr_carea' id='block_1_95' title="bbox 1982 4073 3630 4156">
    <p class='ocr_par' dir='ltr' id='par_1_95' title="bbox 1982 4073 3630 4156">
     <span class='ocr_line' id='line_1_96' title="bbox 1982 4073 3630 4156; baseline -0.01 -17"><span class='ocrx_word' id='word_1_684' title='bbox 1982 4083 2329 4155; x_wconf 88' lang='lat' dir='ltr'>duxisti,qui</span> <span class='ocrx_word' id='word_1_685' title='bbox 2347 4084 2696 4156; x_wconf 81' lang='lat' dir='ltr'>figmentum</span> <span class='ocrx_word' id='word_1_686' title='bbox 2713 4086 2878 4135; x_wconf 91' lang='lat' dir='ltr'>tuum</span> <span class='ocrx_word' id='word_1_687' title='bbox 2896 4075 3235 4134; x_wconf 88' lang='lat' dir='ltr'>convertisti</span> <span class='ocrx_word' id='word_1_688' title='bbox 3249 4090 3359 4129; x_wconf 89' lang='lat' dir='ltr'>nec</span> <span class='ocrx_word' id='word_1_689' title='bbox 3372 4088 3479 4127; x_wconf 85' lang='lat' dir='ltr'>nos</span> <span class='ocrx_word' id='word_1_690' title='bbox 3495 4073 3630 4141; x_wconf 90' lang='lat' dir='ltr'>post</span> 
     </span>
    </p>
   </div>
   <div class='ocr_carea' id='block_1_96' title="bbox 1981 4157 3624 4245">
    <p class='ocr_par' dir='ltr' id='par_1_96' title="bbox 1981 4157 3624 4245">
     <span class='ocr_line' id='line_1_97' title="bbox 1981 4157 3624 4245; baseline -0.011 -17"><span class='ocrx_word' id='word_1_691' title='bbox 1981 4173 2389 4245; x_wconf 86' lang='lat' dir='ltr'>insipientiam</span> <span class='ocrx_word' id='word_1_692' title='bbox 2418 4178 2682 4227; x_wconf 87' lang='lat' dir='ltr'>nostram</span> <span class='ocrx_word' id='word_1_693' title='bbox 2714 4169 2875 4225; x_wconf 88' lang='lat' dir='ltr'>abire</span> <span class='ocrx_word' id='word_1_694' title='bbox 2900 4164 3246 4239; x_wconf 89' lang='lat' dir='ltr'>permisisti,</span> <span class='ocrx_word' id='word_1_695' title='bbox 3275 4161 3493 4235; x_wconf 88' lang='lat' dir='ltr'>gratias</span> <span class='ocrx_word' id='word_1_696' title='bbox 3519 4157 3624 4212; x_wconf 93' lang='lat' dir='ltr'>tibi</span> 
     </span>
    </p>
   </div>
   <div class='ocr_carea' id='block_1_97' title="bbox 1982 4249 3621 4335">
    <p class='ocr_par' dir='ltr' id='par_1_97' title="bbox 1982 4249 3621 4335">
     <span class='ocr_line' id='line_1_98' title="bbox 1982 4249 3621 4335; baseline -0.01 -16"><span class='ocrx_word' id='word_1_697' title='bbox 1982 4263 2232 4335; x_wconf 80' lang='lat' dir='ltr'>agimus,</span> <span class='ocrx_word' id='word_1_698' title='bbox 2256 4279 2324 4318; x_wconf 89' lang='lat' dir='ltr'>ac</span> <span class='ocrx_word' id='word_1_699' title='bbox 2352 4268 2469 4317; x_wconf 65' lang='lat' dir='ltr'>tua)</span> <span class='ocrx_word' id='word_1_700' title='bbox 2493 4260 2770 4333; x_wconf 70' lang='lat' dir='ltr'>potentia)</span> <span class='ocrx_word' id='word_1_701' title='bbox 2808 4264 2865 4312; x_wconf 92' lang='lat' dir='ltr'>et</span> <span class='ocrx_word' id='word_1_702' title='bbox 2894 4253 3226 4327; x_wconf 59' lang='lat' dir='ltr'>sapientia,</span> <span class='ocrx_word' id='word_1_703' title='bbox 3250 4251 3361 4305; x_wconf 91' lang='lat' dir='ltr'>hoc</span> <span class='ocrx_word' id='word_1_704' title='bbox 3391 4254 3481 4303; x_wconf 89' lang='lat' dir='ltr'>est</span> <span class='ocrx_word' id='word_1_705' title='bbox 3511 4249 3621 4303; x_wconf 92' lang='lat' dir='ltr'>Do-</span> 
     </span>
    </p>
   </div>
   <div class='ocr_carea' id='block_1_98' title="bbox 1982 4337 3623 4419">
    <p class='ocr_par' dir='ltr' id='par_1_98' title="bbox 1982 4337 3623 4419">
     <span class='ocr_line' id='line_1_99' title="bbox 1982 4337 3623 4419; baseline -0.011 -10"><span class='ocrx_word' id='word_1_706' title='bbox 1982 4354 2147 4408; x_wconf 91' lang='lat' dir='ltr'>mino</span> <span class='ocrx_word' id='word_1_707' title='bbox 2162 4356 2364 4408; x_wconf 89' lang='lat' dir='ltr'>nostro</span> <span class='ocrx_word' id='word_1_708' title='bbox 2376 4353 2401 4407; x_wconf 84' lang='lat' dir='ltr'><strong>J</strong></span> <span class='ocrx_word' id='word_1_709' title='bbox 2408 4367 2511 4407; x_wconf 89' lang='lat' dir='ltr'>esu</span> <span class='ocrx_word' id='word_1_710' title='bbox 2530 4349 2898 4419; x_wconf 83' lang='lat' dir='ltr'>Christo,per</span> <span class='ocrx_word' id='word_1_711' title='bbox 2911 4360 3085 4416; x_wconf 90' lang='lat' dir='ltr'>quem</span> <span class='ocrx_word' id='word_1_712' title='bbox 3101 4343 3279 4398; x_wconf 90' lang='lat' dir='ltr'>etiam</span> <span class='ocrx_word' id='word_1_713' title='bbox 3294 4338 3511 4395; x_wconf 77' lang='lat' dir='ltr'>smcula</span> <span class='ocrx_word' id='word_1_714' title='bbox 3529 4337 3623 4392; x_wconf 88' lang='lat' dir='ltr'>fe-</span> 
     </span>
    </p>
   </div>
   <div class='ocr_carea' id='block_1_99' title="bbox 1984 4427 3623 4513">
    <p class='ocr_par' dir='ltr' id='par_1_99' title="bbox 1984 4427 3623 4513">
     <span class='ocr_line' id='line_1_100' title="bbox 1984 4427 3623 4513; baseline -0.01 -15"><span class='ocrx_word' id='word_1_715' title='bbox 1984 4442 2113 4498; x_wconf 89' lang='lat' dir='ltr'>cisti</span> <span class='ocrx_word' id='word_1_716' title='bbox 2128 4443 2280 4513; x_wconf 86' lang='lat' dir='ltr'>(Heb.</span> <span class='ocrx_word' id='word_1_717' title='bbox 2307 4441 2368 4512; x_wconf 85' lang='lat'>1),</span> <span class='ocrx_word' id='word_1_718' title='bbox 2391 4456 2619 4510; x_wconf 91' lang='lat' dir='ltr'>nosque</span> <span class='ocrx_word' id='word_1_719' title='bbox 2641 4437 2950 4511; x_wconf 89' lang='lat' dir='ltr'>prolapsos</span> <span class='ocrx_word' id='word_1_720' title='bbox 2975 4440 3028 4489; x_wconf 84' lang='lat' dir='ltr'>et</span> <span class='ocrx_word' id='word_1_721' title='bbox 3044 4434 3315 4505; x_wconf 85' lang='lat' dir='ltr'>jacentes</span> <span class='ocrx_word' id='word_1_722' title='bbox 3332 4427 3623 4493; x_wconf 83' lang='lat' dir='ltr'>excitasti,</span> 
     </span>
    </p>
   </div>
   <div class='ocr_carea' id='block_1_100' title="bbox 1986 4522 3624 4602">
    <p class='ocr_par' dir='ltr' id='par_1_100' title="bbox 1986 4522 3624 4602">
     <span class='ocr_line' id='line_1_101' title="bbox 1986 4522 3624 4602; baseline -0.009 -17"><span class='ocrx_word' id='word_1_723' title='bbox 1986 4537 2043 4585; x_wconf 89' lang='lat' dir='ltr'>et</span> <span class='ocrx_word' id='word_1_724' title='bbox 2060 4530 2547 4602; x_wconf 86' lang='lat' dir='ltr'>delinquentibus</span> <span class='ocrx_word' id='word_1_725' title='bbox 2569 4534 2809 4600; x_wconf 87' lang='lat' dir='ltr'>peccata</span> <span class='ocrx_word' id='word_1_726' title='bbox 2825 4523 3337 4586; x_wconf 82' lang='lat' dir='ltr'>remisisti,errore</span> <span class='ocrx_word' id='word_1_727' title='bbox 3348 4522 3624 4591; x_wconf 86' lang='lat' dir='ltr'>vagantes</span> 
     </span>
    </p>
   </div>
   <div class='ocr_carea' id='block_1_101' title="bbox 1980 4610 3627 4692">
    <p class='ocr_par' dir='ltr' id='par_1_101' title="bbox 1980 4610 3627 4692">
     <span class='ocr_line' id='line_1_102' title="bbox 1980 4610 3627 4692; baseline -0.01 -18"><span class='ocrx_word' id='word_1_728' title='bbox 1980 4620 2293 4688; x_wconf 86' lang='lat' dir='ltr'>reduxisti,</span> <span class='ocrx_word' id='word_1_729' title='bbox 2317 4619 2576 4692; x_wconf 87' lang='lat' dir='ltr'>captivos</span> <span class='ocrx_word' id='word_1_730' title='bbox 2602 4616 2929 4680; x_wconf 88' lang='lat' dir='ltr'>redemisti,</span> <span class='ocrx_word' id='word_1_731' title='bbox 2954 4618 3141 4670; x_wconf 90' lang='lat' dir='ltr'>morte</span> <span class='ocrx_word' id='word_1_732' title='bbox 3167 4610 3487 4667; x_wconf 86' lang='lat' dir='ltr'>exstinctos</span> <span class='ocrx_word' id='word_1_733' title='bbox 3520 4621 3627 4677; x_wconf 86' lang='lat' dir='ltr'>per</span> 
     </span>
    </p>
   </div>
   <div class='ocr_carea' id='block_1_102' title="bbox 1982 4694 3625 4778">
    <p class='ocr_par' dir='ltr' id='par_1_102' title="bbox 1982 4694 3625 4778">
     <span class='ocr_line' id='line_1_103' title="bbox 1982 4694 3625 4778; baseline -0.009 -14"><span class='ocrx_word' id='word_1_734' title='bbox 1982 4710 2113 4764; x_wconf 90' lang='lat' dir='ltr'>Filii</span> <span class='ocrx_word' id='word_1_735' title='bbox 2146 4711 2228 4765; x_wconf 90' lang='lat' dir='ltr'>tui</span> <span class='ocrx_word' id='word_1_736' title='bbox 2262 4727 2329 4765; x_wconf 92' lang='lat' dir='ltr'>ac</span> <span class='ocrx_word' id='word_1_737' title='bbox 2359 4710 2593 4765; x_wconf 90' lang='lat' dir='ltr'>Domini</span> <span class='ocrx_word' id='word_1_738' title='bbox 2626 4708 2812 4765; x_wconf 89' lang='lat' dir='ltr'>nostri</span> <span class='ocrx_word' id='word_1_739' title='bbox 2834 4706 3160 4778; x_wconf 86' lang='lat' dir='ltr'>pretiosum</span> <span class='ocrx_word' id='word_1_740' title='bbox 3183 4699 3531 4773; x_wconf 86' lang='lat' dir='ltr'>sanguinem</span> <span class='ocrx_word' id='word_1_741' title='bbox 3551 4694 3625 4751; x_wconf 86' lang='lat' dir='ltr'>ad</span> 
     </span>
    </p>
   </div>
   <div class='ocr_carea' id='block_1_103' title="bbox 1982 4784 3623 4871">
    <p class='ocr_par' dir='ltr' id='par_1_103' title="bbox 1982 4784 3623 4871">
     <span class='ocr_line' id='line_1_104' title="bbox 1982 4784 3623 4871; baseline -0.009 -17"><span class='ocrx_word' id='word_1_742' title='bbox 1982 4800 2159 4855; x_wconf 90' lang='lat' dir='ltr'>vitam</span> <span class='ocrx_word' id='word_1_743' title='bbox 2204 4801 2510 4856; x_wconf 86' lang='lat' dir='ltr'>revocasti.</span> <span class='ocrx_word' id='word_1_744' title='bbox 2558 4800 2635 4855; x_wconf 88' lang='lat' dir='ltr'>Te</span> <span class='ocrx_word' id='word_1_745' title='bbox 2676 4797 2855 4871; x_wconf 88' lang='lat' dir='ltr'>igitur</span> <span class='ocrx_word' id='word_1_746' title='bbox 2882 4796 3110 4863; x_wconf 86' lang='lat' dir='ltr'>invoco,</span> <span class='ocrx_word' id='word_1_747' title='bbox 3142 4798 3318 4863; x_wconf 88' lang='lat' dir='ltr'>atque</span> <span class='ocrx_word' id='word_1_748' title='bbox 3349 4784 3623 4859; x_wconf 88' lang='lat' dir='ltr'>unigeni-</span> 
     </span>
    </p>
   </div>
   <div class='ocr_carea' id='block_1_104' title="bbox 1986 4876 3621 4959">
    <p class='ocr_par' dir='ltr' id='par_1_104' title="bbox 1986 4876 3621 4959">
     <span class='ocr_line' id='line_1_105' title="bbox 1986 4876 3621 4959; baseline -0.009 -16"><span class='ocrx_word' id='word_1_749' title='bbox 1986 4894 2107 4945; x_wconf 87' lang='lat' dir='ltr'>tum</span> <span class='ocrx_word' id='word_1_750' title='bbox 2126 4890 2338 4945; x_wconf 88' lang='lat' dir='ltr'>Filium</span> <span class='ocrx_word' id='word_1_751' title='bbox 2363 4895 2551 4959; x_wconf 89' lang='lat' dir='ltr'>tuum,</span> <span class='ocrx_word' id='word_1_752' title='bbox 2576 4894 2633 4945; x_wconf 92' lang='lat' dir='ltr'>et</span> <span class='ocrx_word' id='word_1_753' title='bbox 2656 4886 3100 4943; x_wconf 88' lang='lat' dir='ltr'>sanctissimum</span> <span class='ocrx_word' id='word_1_754' title='bbox 3123 4887 3289 4936; x_wconf 89' lang='lat' dir='ltr'>tuum</span> <span class='ocrx_word' id='word_1_755' title='bbox 3316 4876 3621 4950; x_wconf 90' lang='lat' dir='ltr'>Spiritum.</span> 
     </span>
    </p>
   </div>
   <div class='ocr_carea' id='block_1_105' title="bbox 1981 4974 3625 5050">
    <p class='ocr_par' dir='ltr' id='par_1_105' title="bbox 1981 4974 3625 5050">
     <span class='ocr_line' id='line_1_106' title="bbox 1981 4974 3625 5050; baseline -0.008 -18"><span class='ocrx_word' id='word_1_756' title='bbox 1981 4979 2227 5050; x_wconf 85' lang='lat' dir='ltr'>Respice</span> <span class='ocrx_word' id='word_1_757' title='bbox 2260 4980 2321 5034; x_wconf 94' lang='lat' dir='ltr'>in</span> <span class='ocrx_word' id='word_1_758' title='bbox 2352 4979 2581 5035; x_wconf 88' lang='lat' dir='ltr'>ratione</span> <span class='ocrx_word' id='word_1_759' title='bbox 2609 4976 2919 5049; x_wconf 76' lang='lat' dir='ltr'>praeditam</span> <span class='ocrx_word' id='word_1_760' title='bbox 2948 4974 3102 5027; x_wconf 89' lang='lat' dir='ltr'>hanc</span> <span class='ocrx_word' id='word_1_761' title='bbox 3135 4985 3323 5036; x_wconf 90' lang='lat' dir='ltr'>ovem,</span> <span class='ocrx_word' id='word_1_762' title='bbox 3357 4983 3487 5038; x_wconf 64' lang='lat' dir='ltr'>quas</span> <span class='ocrx_word' id='word_1_763' title='bbox 3518 4980 3625 5036; x_wconf 90' lang='lat' dir='ltr'>per</span> 
     </span>
    </p>
   </div>
   <div class='ocr_carea' id='block_1_106' title="bbox 1980 5056 3624 5140">
    <p class='ocr_par' dir='ltr' id='par_1_106' title="bbox 1980 5056 3624 5140">
     <span class='ocr_line' id='line_1_107' title="bbox 1980 5056 3624 5140; baseline -0.007 -19"><span class='ocrx_word' id='word_1_764' title='bbox 1980 5067 2396 5140; x_wconf 89' lang='lat' dir='ltr'>meindignum</span> <span class='ocrx_word' id='word_1_765' title='bbox 2427 5067 2730 5124; x_wconf 86' lang='lat' dir='ltr'>hominem</span> <span class='ocrx_word' id='word_1_766' title='bbox 2753 5064 2826 5121; x_wconf 84' lang='lat' dir='ltr'>ad</span> <span class='ocrx_word' id='word_1_767' title='bbox 2859 5064 3042 5120; x_wconf 90' lang='lat' dir='ltr'>altare</span> <span class='ocrx_word' id='word_1_768' title='bbox 3062 5068 3229 5117; x_wconf 90' lang='lat' dir='ltr'>tuum</span> <span class='ocrx_word' id='word_1_769' title='bbox 3259 5056 3504 5127; x_wconf 89' lang='lat' dir='ltr'>accedit,</span> <span class='ocrx_word' id='word_1_770' title='bbox 3538 5059 3624 5111; x_wconf 86' lang='lat' dir='ltr'>at-</span> 
     </span>
    </p>
   </div>
   <div class='ocr_carea' id='block_1_107' title="bbox 318 5293 1865 5377">
    <p class='ocr_par' dir='ltr' id='par_1_107' title="bbox 318 5293 1851 5377">
     <span class='ocr_line' id='line_1_108' title="bbox 318 5293 1851 5377; baseline -0.004 -16"><span class='ocrx_word' id='word_1_771' title='bbox 318 5293 406 5377; x_wconf 77' lang='grc'>89)</span> <span class='ocrx_word' id='word_1_772' title='bbox 441 5307 575 5376; x_wconf 79' lang='lat' dir='ltr'>Pag.</span> <span class='ocrx_word' id='word_1_773' title='bbox 612 5293 700 5372; x_wconf 55' lang='grc' dir='ltr'>ΞΑ,</span> <span class='ocrx_word' id='word_1_774' title='bbox 737 5293 1044 5375; x_wconf 63' lang='grc' dir='ltr'>1,’δάκρυσι</span> <span class='ocrx_word' id='word_1_775' title='bbox 1079 5296 1504 5377; x_wconf 80' lang='grc' dir='ltr'>συγκεχυμένοις</span> <span class='ocrx_word' id='word_1_776' title='bbox 1536 5299 1743 5371; x_wconf 87' lang='lat' dir='ltr'>scripsi</span> <span class='ocrx_word' id='word_1_777' title='bbox 1782 5315 1851 5356; x_wconf 71' lang='lat' dir='ltr'>0x</span> 
     </span>
    </p>
   </div>
   <div class='ocr_carea' id='block_1_108' title="bbox 1978 5293 3629 5377">
    <p class='ocr_par' dir='ltr' id='par_1_108' title="bbox 1978 5293 3629 5370">
     <span class='ocr_line' id='line_1_109' title="bbox 1978 5293 3629 5370; baseline -0.003 -16"><span class='ocrx_word' id='word_1_778' title='bbox 1978 5303 2013 5368; x_wconf 74' lang='lat'>1,</span> <span class='ocrx_word' id='word_1_779' title='bbox 2049 5302 2209 5367; x_wconf 56' lang='lat' dir='ltr'>Teum</span> <span class='ocrx_word' id='word_1_780' title='bbox 2259 5306 2416 5359; x_wconf 88' lang='lat' dir='ltr'>esset</span> <span class='ocrx_word' id='word_1_781' title='bbox 2473 5301 2533 5358; x_wconf 89' lang='lat' dir='ltr'>in</span> <span class='ocrx_word' id='word_1_782' title='bbox 2592 5304 2658 5370; x_wconf 81' lang='grc' dir='ltr'>Α,</span> <span class='ocrx_word' id='word_1_783' title='bbox 2721 5295 2771 5357; x_wconf 90' lang='grc' dir='ltr'>δ.</span> <span class='ocrx_word' id='word_1_784' title='bbox 2834 5295 3219 5369; x_wconf 77' lang='grc' dir='ltr'>συνεχόμενος.</span> <span class='ocrx_word' id='word_1_785' title='bbox 3278 5296 3365 5351; x_wconf 90' lang='lat' dir='ltr'>Ibi</span> <span class='ocrx_word' id='word_1_786' title='bbox 3423 5293 3629 5351; x_wconf 85' lang='lat' dir='ltr'>malim</span> 
     </span>
    </p>
   </div>
   <div class='ocr_carea' id='block_1_109' title="bbox 216 5394 647 5437">
    <p class='ocr_par' dir='ltr' id='par_1_109' title="bbox 216 5394 647 5437">
     <span class='ocr_line' id='line_1_110' title="bbox 216 5394 647 5437; baseline -0.002 -2"><span class='ocrx_word' id='word_1_787' title='bbox 216 5394 647 5437; x_wconf 76' lang='grc' dir='ltr'>συγκεγυμενος.</span> 
     </span>
    </p>
   </div>
   <div class='ocr_carea' id='block_1_110' title="bbox 284 5395 3620 5537">
    <p class='ocr_par' dir='ltr' id='par_1_110' title="bbox 284 5395 3620 5537">
     <span class='ocr_line' id='line_1_111' title="bbox 431 5395 647 5448; baseline 0.009 -18"><span class='ocrx_word' id='word_1_788' title='bbox 431 5395 647 5448; x_wconf 83' lang='grc' dir='ltr'>υμενος.</span> 
     </span>
     <span class='ocr_line' id='line_1_112' title="bbox 284 5395 3620 5537; baseline -0.004 -33"><span class='ocrx_word' id='word_1_789' title='bbox 284 5395 649 5537; x_wconf 34' lang='grc' dir='ltr'>ἷξᾷξίιυέηι,</span> <span class='ocrx_word' id='word_1_790' title='bbox 682 5445 1103 5537; x_wconf 38' lang='grc' dir='ltr'>ἼθὶὶἘπιφᾶναι</span> <span class='ocrx_word' id='word_1_791' title='bbox 1133 5448 1252 5537; x_wconf 59' lang='grc' dir='ltr'>τοῖς</span> <span class='ocrx_word' id='word_1_792' title='bbox 1279 5440 1531 5537; x_wconf 48' lang='grc' dir='ltr'>ἰνησκότει</span> <span class='ocrx_word' id='word_1_793' title='bbox 1562 5440 1652 5497; x_wconf 82' lang='grc' dir='ltr'>καὶ</span> <span class='ocrx_word' id='word_1_794' title='bbox 1686 5447 1810 5529; x_wconf 68' lang='grc' dir='ltr'>σκιᾷ</span> <span class='ocrx_word' id='word_1_795' title='bbox 1839 5441 2463 5537; x_wconf 36' lang='grc' dir='ltr'>θαγάτουνκαθημένοις,</span> <span class='ocrx_word' id='word_1_796' title='bbox 2518 5447 2615 5499; x_wconf 89' lang='grc' dir='ltr'>τοῦ</span> <span class='ocrx_word' id='word_1_797' title='bbox 2674 5444 2990 5506; x_wconf 84' lang='grc' dir='ltr'>κατευθῦναι</span> <span class='ocrx_word' id='word_1_798' title='bbox 3049 5438 3174 5503; x_wconf 79' lang='grc' dir='ltr'>τοὺς</span> <span class='ocrx_word' id='word_1_799' title='bbox 3232 5435 3403 5503; x_wconf 83' lang='grc' dir='ltr'>πόδας</span> <span class='ocrx_word' id='word_1_800' title='bbox 3458 5438 3620 5511; x_wconf 79' lang='grc' dir='ltr'>ἡμῶν</span> 
     </span>
    </p>
   </div>
   <div class='ocr_carea' id='block_1_111' title="bbox 220 5514 1865 5593">
    <p class='ocr_par' dir='ltr' id='par_1_111' title="bbox 220 5514 1865 5593">
     <span class='ocr_line' id='line_1_113' title="bbox 220 5514 1865 5593; baseline -0.006 -15"><span class='ocrx_word' id='word_1_801' title='bbox 220 5514 453 5585; x_wconf 69' lang='grc' dir='ltr'>εἶς’ὁδὸν</span> <span class='ocrx_word' id='word_1_802' title='bbox 485 5514 727 5593; x_wconf 75' lang='grc' dir='ltr'>εἰρήνης.</span> <span class='ocrx_word' id='word_1_803' title='bbox 760 5518 916 5593; x_wconf 77' lang='lat' dir='ltr'>Psal.</span> <span class='ocrx_word' id='word_1_804' title='bbox 948 5514 1191 5593; x_wconf 47' lang='lat' dir='ltr'>@xxxvn,</span> <span class='ocrx_word' id='word_1_805' title='bbox 1226 5519 1294 5573; x_wconf 89' lang='lat'>6:</span> <span class='ocrx_word' id='word_1_806' title='bbox 1329 5515 1414 5572; x_wconf 82' lang='lat' dir='ltr'>’Ev</span> <span class='ocrx_word' id='word_1_807' title='bbox 1445 5518 1747 5574; x_wconf 83' lang='grc' dir='ltr'>σκοτεινοῖς</span> <span class='ocrx_word' id='word_1_808' title='bbox 1776 5516 1865 5569; x_wconf 79' lang='grc' dir='ltr'>καὶ</span> 
     </span>
    </p>
   </div>
   <div class='ocr_carea' id='block_1_112' title="bbox 1978 5514 2387 5593">
    <p class='ocr_par' dir='ltr' id='par_1_112' title="bbox 1981 5514 2387 5587">
     <span class='ocr_line' id='line_1_114' title="bbox 1981 5514 2387 5587; baseline 0.005 -17"><span class='ocrx_word' id='word_1_809' title='bbox 1981 5520 2104 5587; x_wconf 79' lang='grc' dir='ltr'>σκιᾷ</span> <span class='ocrx_word' id='word_1_810' title='bbox 2137 5514 2387 5581; x_wconf 67' lang='grc' dir='ltr'>θανάτου.</span> 
     </span>
    </p>
   </div>
   <div class='ocr_carea' id='block_1_113' title="bbox 294 5585 1105 5665">
    <p class='ocr_par' dir='ltr' id='par_1_113' title="bbox 294 5585 1105 5665">
     <span class='ocr_line' id='line_1_115' title="bbox 294 5585 1105 5665; baseline -0.006 -16"><span class='ocrx_word' id='word_1_811' title='bbox 294 5596 404 5665; x_wconf 81' lang='grc'>(91)</span> <span class='ocrx_word' id='word_1_812' title='bbox 436 5585 739 5665; x_wconf 75' lang='lat' dir='ltr'>Glossema</span> <span class='ocrx_word' id='word_1_813' title='bbox 769 5590 931 5665; x_wconf 45' lang='lat' dir='ltr'>inuA,</span> <span class='ocrx_word' id='word_1_814' title='bbox 954 5585 1105 5644; x_wconf 82' lang='grc' dir='ltr'>ὁδοῦ.</span> 
     </span>
    </p>
   </div>
   <div class='ocr_carea' id='block_1_114' title="bbox 294 5656 3627 5738">
    <p class='ocr_par' dir='ltr' id='par_1_114' title="bbox 294 5656 3627 5738">
     <span class='ocr_line' id='line_1_116' title="bbox 294 5656 3627 5738; baseline -0.003 -18"><span class='ocrx_word' id='word_1_815' title='bbox 294 5656 411 5738; x_wconf 64' lang='lat'>(92&#39;)</span> <span class='ocrx_word' id='word_1_816' title='bbox 440 5662 787 5738; x_wconf 70' lang='lat' dir='ltr'>Dracontius</span> <span class='ocrx_word' id='word_1_817' title='bbox 818 5656 1096 5738; x_wconf 82' lang='lat' dir='ltr'>Hexaem,</span> <span class='ocrx_word' id='word_1_818' title='bbox 1117 5663 1230 5738; x_wconf 74' lang='lat'>_399</span> <span class='ocrx_word' id='word_1_819' title='bbox 1255 5676 1269 5716; x_wconf 86' lang='lat'><strong>:</strong></span> <span class='ocrx_word' id='word_1_820' title='bbox 1304 5682 1341 5738; x_wconf 47' lang='lat'>«3</span> <span class='ocrx_word' id='word_1_821' title='bbox 1366 5658 1784 5738; x_wconf 86' lang='lat' dir='ltr'>His__Dominus</span> <span class='ocrx_word' id='word_1_822' title='bbox 1814 5659 2050 5733; x_wconf 88' lang='lat' dir='ltr'>pietatis</span> <span class='ocrx_word' id='word_1_823' title='bbox 2080 5678 2256 5736; x_wconf 91' lang='lat' dir='ltr'>opem</span> <span class='ocrx_word' id='word_1_824' title='bbox 2284 5660 2609 5719; x_wconf 89' lang='lat' dir='ltr'>subducere</span> <span class='ocrx_word' id='word_1_825' title='bbox 2642 5676 2765 5718; x_wconf 91' lang='lat' dir='ltr'>non</span> <span class='ocrx_word' id='word_1_826' title='bbox 2783 5659 2926 5730; x_wconf 80' lang='lat' dir='ltr'>vult,</span> <span class='ocrx_word' id='word_1_827' title='bbox 2951 5659 3247 5735; x_wconf 77' lang='lat' dir='ltr'>Projicere</span> <span class='ocrx_word' id='word_1_828' title='bbox 3268 5673 3379 5716; x_wconf 89' lang='lat' dir='ltr'>nec</span> <span class='ocrx_word' id='word_1_829' title='bbox 3396 5656 3627 5729; x_wconf 80' lang='lat' dir='ltr'>plasma</span> 
     </span>
    </p>
   </div>
   <div class='ocr_carea' id='block_1_115' title="bbox 223 5732 1549 5807">
    <p class='ocr_par' dir='ltr' id='par_1_115' title="bbox 223 5732 1549 5807">
     <span class='ocr_line' id='line_1_117' title="bbox 223 5732 1549 5807; baseline -0.008 -10"><span class='ocrx_word' id='word_1_830' title='bbox 223 5732 404 5804; x_wconf 69' lang='lat' dir='ltr'>suum</span> <span class='ocrx_word' id='word_1_831' title='bbox 435 5734 560 5793; x_wconf 81' lang='lat' dir='ltr'>vult</span> <span class='ocrx_word' id='word_1_832' title='bbox 581 5732 858 5792; x_wconf 86' lang='lat' dir='ltr'>conditor</span> <span class='ocrx_word' id='word_1_833' title='bbox 886 5734 1012 5791; x_wconf 76' lang='lat' dir='ltr'>aevi.</span> <span class='ocrx_word' id='word_1_834' title='bbox 1046 5755 1075 5784; x_wconf 81' lang='grc'>››</span> <span class='ocrx_word' id='word_1_835' title='bbox 1106 5732 1189 5791; x_wconf 83' lang='lat' dir='ltr'>Cf.</span> <span class='ocrx_word' id='word_1_836' title='bbox 1222 5750 1281 5807; x_wconf 90' lang='lat' dir='ltr'>p.</span> <span class='ocrx_word' id='word_1_837' title='bbox 1317 5733 1346 5787; x_wconf 87' lang='lat'><strong>3</strong></span> <span class='ocrx_word' id='word_1_838' title='bbox 1378 5736 1437 5788; x_wconf 84' lang='lat' dir='ltr'>et</span> <span class='ocrx_word' id='word_1_839' title='bbox 1462 5733 1549 5787; x_wconf 79' lang='grc'>51.</span> 
     </span>
    </p>
   </div>
  </div>
