4030 6202
492 334 633 393 1055

2014 335 2381 389 ADDENDA.

3684 346 3785 401 i056

494 476 607 532 que
640 457 824 529 ipsius
855 455 1120 511 animam
1151 473 1257 528 per
1285 456 1561 512 virtutem
1589 472 1658 511 ac
1682 457 1932 529 gratiam
1964 460 2125 512 tuam

2251 459 2425 517 θεῖσαν
2458 450 2547 509 διὰ
2569 458 2666 509 τοῦ
2696 453 2857 529 ἁγίου
2906 476 3002 510 σου
3060 453 3393 528 Πνεῦματος,
3439 457 3523 512 καὶ
3564 456 3639 521 δος
3673 465 3786 535 αὐτὴν

492 546 819 604 sanctiﬁca.
856 545 1040 601 Visita
1072 546 1303 601 vineam
1335 546 1489 600 hanc
1521 545 1687 615 (Psal.
1721 559 1970 611 Lxxxtx),
2005 563 2135 617 quae

492 653 600 709 per
620 636 901 707 Spiritum
928 641 1198 691 sanctum
1222 641 1388 689 tuum
1412 634 1678 706 plantata
1695 640 1803 697 est.
1829 641 2005 705 atque
2028 636 2139 690 hoc

498 726 550 781 ei
579 726 673 792 da,
695 732 762 780 ut
777 724 1027 797 justitiaa
1050 725 1305 780 fructum
1326 725 1496 791 ferat;
1517 724 1834 779 corrobora
1856 740 2014 791 eum,
2036 741 2142 795 pa-

496 820 658 870 ctum
691 820 857 869 tuum
890 815 951 868 in
984 814 1111 885 ipso
1153 813 1550 879 conﬁrmans;
1610 830 1675 868 ac
1720 829 1826 885 per
1867 812 2009 868 boni
2059 812 2142 866 tui

496 903 751 975 Spiritus
783 902 1135 974 sapientiam
1189 919 1323 957 eum
1375 920 1408 958 a
1448 902 1667 957 diaboli
1712 901 1917 957 fraude
1963 908 2140 972 atque

498 993 829 1063 impostura
856 992 1036 1063 eripe.
1060 994 1208 1047 Doce
1234 1009 1366 1047 eum
1386 992 1579 1047 facere
1598 991 1961 1046 voluntatem
1982 996 2143 1045 tuam

498 1081 669 1152 (Psal.
703 1082 892 1152 com),
926 1087 985 1135 et
1012 1082 1298 1136 auxilium
1332 1088 1501 1137 tuum
1549 1080 1622 1135 ab
1673 1097 1740 1136 eo
1791 1097 1865 1135 ne
1910 1080 2144 1136 auferas

498 1170 669 1241 (Psal.
692 1173 763 1241 L).
802 1172 990 1242 Atque
1017 1176 1077 1226 et
1105 1171 1216 1242 ipsi
1249 1175 1308 1225 et
1333 1171 1479 1226 mihi
1513 1187 1677 1225 servo
1709 1169 1927 1236 inutili,
1961 1169 2147 1224 bono-

2246 550 2666 618 καρποφορῆσαι
2725 544 2932 620 καρπὸν
3001 541 3369 615 δικαιοσύνης·
3451 545 3690 623 ἐνίσχυσνδ
3730 556 3792 608 αὐ-

2246 633 2358 704 τὸν,
2395 626 2625 707 βεϐαιῶν
2661 631 2715 687 ἐν
2744 632 3009 705 αὐτῷτὴν
3076 630 3339 704 διαθήκην
3397 656 3508 703 σου,
3552 636 3628 690 καὶ
3671 640 3799 708 ἐξελοῦ

2247 722 2347 788 τῆς
2380 720 2593 791 ἀπάτης
2622 725 2719 776 τοῦ
2752 716 3036 780 διαϐόλου.
3068 725 3138 796 τῇ
3194 721 3357 797 σοφίᾳ
3401 726 3491 778 τοῦ
3537 724 3704 797 ἀγαθοῦ
3738 749 3802 785 σου

2251 808 2562 881 Πνεύματος
2593 807 2804 883 δίδαξον
2833 809 2991 866 αὐτὸν
3022 816 3198 867 ποιεῖν
3247 812 3311 867 τὸ
3358 810 3565 885 θέλημά
3604 835 3682 869 σου
3713 822 3804 891 (93),

2250 897 2341 954 καὶ
2370 898 2469 967 τὴν
2506 899 2760 975 βοήθειάν
2788 921 2888 954 σου
2949 901 3027 974 μή
3078 900 3283 975 ἀφέλῃς
3343 900 3433 955 ἀπ’
3484 901 3650 972 αὐτοῦ,
3695 905 3803 976 ἀξιῶ.

2254 988 2346 1042 σὺν
2378 986 2504 1060 ἐμοὶ
2549 993 2630 1060 τῷ
2688 988 2896 1065 ἀχρείῳ
2954 1010 3049 1044 σου
3109 987 3293 1060 οἶκέτη
3355 993 3461 1045 τῶν
3515 990 3805 1063 ἀτελευτήτων

2254 1098 2351 1132 σου
2384 1077 2597 1152 ἀγαθῶν
2652 1076 3006 1152 κληρονόμον
3060 1077 3330 1152 γενέσθαι,
3387 1080 3469 1133 δτι
3518 1079 3812 1155 εὐλογητὸςιῖ

2253 1165 2343 1221 καὶ
2375 1162 2762 1240 δεδοξασμένος
2791 1166 2867 1226 εἷς
2897 1169 3025 1230 τοὺς
3055 1166 3274 1229 αἰῶνας.
3314 1170 3502 1241 Ἀμήν.

497 1276 710 1315 norum
741 1266 979 1315 tuorum
1014 1277 1144 1331 qua:
1177 1261 1357 1315 ﬁnem
1388 1260 1682 1327 nesciunt,
1715 1258 2124 1315 haereditatem
2156 1258 2440 1328 consequi
2472 1256 2763 1313 beneﬁcio
2796 1262 2895 1314 tuo
2926 1259 3252 1330 contingat.
3296 1260 3575 1324 Quoniam
3603 1260 3811 1318 benedic-

499 1357 595 1405 tus
627 1366 689 1405 es
720 1356 779 1405 et
806 1350 1099 1421 gloriosus
1132 1351 1191 1405 in
1223 1350 1460 1405 saecula.
1494 1352 1681 1405 Amen
1710 1350 1871 1407 (Dan.
1908 1350 2011 1419 ιιι).

571 1439 857 1494 Absoluta
887 1446 1084 1495 autem
1115 1440 1403 1506 oratione,
1439 1455 1776 1507 conversus,
1809 1438 2003 1509 ipsum
2014 1437 2141 1509 jam

500 1529 756 1585 caalestis
775 1528 964 1583 Patris
980 1528 1168 1583 filium
1185 1529 1557 1584 exosculatus
1575 1533 2016 1599 est,pacemque
2032 1525 2143 1597 ipsi

500 1634 567 1672 ac
592 1618 1015 1688 sempiternam
1039 1617 1291 1672 salutem
1315 1623 1687 1689 precatus,ex
1711 1616 1848 1672 aula
1870 1616 2142 1686 excessit,

499 1704 791 1776 laetusque
819 1705 985 1775 abiit,
1016 1706 1233 1777 gratias
1256 1708 1374 1761 Deo
1397 1723 1595 1778 agens,
1622 1706 1791 1778 cujus
1813 1705 2010 1760 favore
2033 1705 2146 1759 iter

500 1794 613 1867 ipsi
644 1811 715 1850 ex
746 1796 931 1851 animi
964 1797 1262 1852 sententia
1291 1802 1677 1853 successerat.

571 1884 705 1939 CAP.
738 1886 908 1939 XXII.
937 1917 1000 1927 -
1033 1887 1314 1957 Josaphat
1342 1892 1562 1956 autem,
1595 1891 1983 1957 posteaquam
2007 1885 2149 1940 exiit

503 1972 794 2041 Barlaam,
827 1974 1101 2045 precibus
1133 1992 1262 2031 sese
1285 1975 1466 2043 dedit,
1501 1976 2042 2046 calentissimisque
2068 1974 2147 2029 la-

503 2064 721 2135 crymis
744 2064 1001 2134 profusis
1032 2064 1104 2119 ad
1136 2066 1294 2120 hunc
1316 2064 1559 2119 modum
1585 2065 1817 2119 locutus
1849 2070 1970 2119 est:
1993 2065 2146 2119 Deus

506 2152 569 2207 in
584 2152 945 2223 adjutorium
962 2170 1159 2208 meum
1174 2153 1693 2216 intende.Domine
1706 2154 1779 2209 ad
1810 2152 1902 2225 adj
1912 2153 2146 2208 uvandu

505 2258 601 2298 me
632 2240 849 2297 festina
879 2242 1045 2311 (Psal.
1078 2248 1247 2304 anx).
1283 2243 1570 2308 Quoniam
1594 2242 1699 2297 tibi
1721 2242 2041 2298 derelictus
2060 2247 2148 2297 est

504 2346 765 2403 pauper:
799 2332 1068 2403 orphano
1096 2337 1159 2386 tu
1191 2332 1307 2386 eris
1338 2332 1574 2403 adjutor
1603 2332 2147 2403 (Psal.1x).Respice

504 2420 566 2475 in
598 2436 714 2486 me,
749 2424 807 2474 et
835 2419 1117 2476 miserere
1146 2422 1262 2476 mei
1294 2422 1466 2490 (Psal.
1506 2423 1729 2493 Lxxxv),
1780 2421 1881 2493 qui
1940 2438 2147 2476 omnes

502 2527 589 2565 vis
621 2508 811 2565 salvos
844 2510 997 2575 fieri,
1032 2516 1090 2565 et
1119 2511 1193 2565 ad
1224 2511 1589 2584 agnitionem
1639 2510 1904 2565 veritatis
1949 2510 2147 2565 venire

503 2599 585 2671 (11
612 2600 746 2654 Tim.
783 2602 838 2661 l).
874 2600 1047 2655 Serva
1077 2616 1194 2669 me,
1227 2617 1449 2672 quaeso,
1500 2600 1811 2673 indignum
1860 2600 2001 2654 licet
2042 2600 2146 2653 ho-

503 2688 878 2750 munculum.
935 2695 1112 2759 atque
1172 2690 1511 2759 corrobora,
1572 2696 1638 2745 ut
1685 2692 1747 2744 in
1805 2696 2148 2745 sanctorum

502 2779 918 2834 mandatorum
949 2786 1184 2835 tuorum
1215 2780 1311 2835 via
1339 2780 1661 2836 ambulem.
1723 2781 2012 2845 Quoniam
2043 2796 2146 2852 ego

499 2867 820 2924 imbecillis
851 2885 919 2924 ac
950 2869 1133 2924 miser
1161 2886 1316 2938 sum,
1341 2887 1451 2925 nec
1484 2870 1557 2925 iis
1604 2869 1847 2939 viribus,
1896 2875 1961 2924 ut
2005 2869 2147 2924 boni

505 2957 831 3029 quidquam
861 2958 1054 3015 facere
1080 2960 1324 3031 possim.
1385 2962 1466 3014 Tu
1515 2976 1650 3017 vero
1700 2959 1951 3014 salutem
2002 2959 2146 3013 mihi

505 3049 716 3103 aﬂ‘erre
747 3055 934 3120 potes,
958 3049 1059 3120 qui
1082 3050 1303 3115 omnia,
1326 3054 1443 3105 tam
1459 3066 1589 3120 qua:
1612 3049 1800 3105 oculis
1821 3055 2150 3104 cernuntur

2321 1432 2555 1496 Τελέσας
2584 1433 2643 1491 δὲ
2674 1437 2772 1505 τήν
2816 1436 2990 1511 εὐχὴν
3050 1436 3142 1491 καὶ
3197 1436 3561 1514 ἐπιστραφεὶς,
3603 1441 3813 1507 κατησπᾶ·

2252 1542 2379 1577 σατο
2407 1525 2557 1580 189
2602 1524 2664 1578 τὸ
2721 1525 2908 1579 τέκνον
2966 1521 3074 1595 ἤδη
3135 1529 3231 1579 τοῦ
3287 1522 3597 1600 ἐπουρανίου
3644 1527 3813 1597 Πατρός.

2254 1610 2494 1686 Εῗρήνην
2520 1632 2578 1667 τε
2607 1612 2754 1685 αὐτῷ
2776 1612 3133 1687 ἐπευξάμενος
3186 1616 3274 1669 καὶ
3338 1614 3596 1689 σωτηρίαν
3634 1614 3813 1684 αἰώνιον,

2253 1697 2447 1769 ἐξῆλθε
2478 1705 2575 1755 τοῦ
2600 1701 2895 1771 παλατίου,
2926 1704 3015 1758 καὶ
3050 1702 3216 1777 ἀπῄει
3274 1703 3483 1779 χαίρων
3528 1703 3610 1759 καὶ
3654 1702 3815 1779 5611;:-

2254 1793 2391 1843 στῶν
2420 1795 2497 1862 τῷ
2518 1795 2749 1864 Θεῷ,τῷ
2777 1788 3105 1847 εὐοδώσαντι
3127 1793 3226 1861 τήν
3252 1790 3381 1847 ὁδὸν
3406 1791 3639 1853 αὖτοῦείς
3656 1794 3814 1867 ἀγαθόν.

2321 1882 2486 1936 ΚΕΦ.
2518 1882 2636 1938 ΚΒ“.
2669 1882 2726 1935 Ὀ
2782 1883 3015 1960 Ἰωάσαφ
3073 1880 3153 1953 δὲ,
3210 1884 3349 1956 μετά
3405 1884 3467 1937 τὸ
3516 1880 3714 1955 ἐξελθεῖν
3755 1884 3814 1937 τὸν

2252 1966 2540 2043 Βαρλαάμ,
2574 1968 2716 2044 εὐχῇ
2749 1971 2935 2026 ἑαυτὸν
2989 1968 3173 2026 ἐδίδου
3222 1973 3314 2027 καὶ
3367 1969 3580 2047 δάκρυσι
3617 1973 3815 2046 θερμοτέ-

2248 2078 2388 2123 τοις,
2418 2059 2508 2112 καὶ
2539 2055 2743 2133 ἔλεγεν’
2776 2060 2838 2117 Ὀ
2869 2060 3023 2131 Θεὸς,
3054 2059 3132 2123 εἰς
3159 2061 3259 2130 τὴν
3299 2061 3547 2136 βοήθειαν
3598 2082 3686 2133 μου
3723 2059 3817 2135 πρό-

2252 2166 2381 2221 σχες
2416 2151 2548 2220 (94).
2584 2146 2763 2224 Κύριε,
2799 2146 2875 2211 εἰς
2900 2149 2964 2204 τὸ
3026 2150 3302 2225 βοηθῆσαί
3361 2172 3453 2223 μοι
3508 2150 3723 2220 σπεῦσον,
3762 2150 3818 2204 ὅτι

2250 2259 2336 2293 σοι
2395 2235 2874 2311 ἐγκαταλέλειπται
2936 2240 2964 2293 ὁ
3030 2242 3285 2315 πτωχὸς,
3346 2240 3558 2319 ὀρφανῷ
3632 2240 3684 2295 σὺ
3721 2241 3817 2309 ἦσθα

2256 2326 2460 2402 βοηθός
2493 2330 2628 2398 (95)⁶
2662 2322 2961 2401 ἐπίδλειιιιον
2995 2327 3077 2383 ἐπ’
3104 2329 3200 2401 ἐμὲ
3229 2329 3324 2385 καὶ
3379 2328 3592 2401 ἐλέησόν
3632 2351 3688 2402 με
3723 2334 3815 2402 (96)τ

2252 2416 2280 2470 ὁ
2310 2413 2512 2477 πάντας
2543 2414 2714 2471 θέλων
2750 2424 2991 2487 σωθῆναι
3036 2418 3128 2473 καὶ
3178 2418 3257 2481 εἷς
3305 2416 3582 2493 ἐπίγνωσιν
3624 2417 3816 2488 ἀληθείας

2252 2503 2429 2568 ἐλθεῖν
2458 2508 2592 2579 (97),
2626 2505 2796 2560 σῶσόν
2852 2527 2918 2579 με
2970 2506 3059 2562 καὶ
3114 2505 3476 2583 ἐνίσχυσὼμε
3527 2508 3607 2563 τὸν
3657 2506 3812 2576 ἀνάξιον

2250 2597 2346 2648 τοῦ
2376 2595 2705 2668 πορευθῆναι
2734 2596 2833 2663 τὴν
2868 2593 2994 2651 ὁδὸν
3020 2597 3127 2651 τῶν
3162 2597 3331 2671 ἁγίων
3370 2618 3464 2652 σου
3510 2594 3727 2661 ἐντολῶν,
3758 2594 3812 2648 ὅτι

2252 2682 2358 2758 ἐγὼ
2413 2684 2508 2757 μὶν
2563 2684 2792 2753 ἀσθενὴς
2840 2685 2930 2740 καὶ
2986 2684 3348 2762 ταλαίπωρος
3403 2688 3490 2743 καὶ
3544 2693 3731 2755 ποιῆσαι
3772 2681 3813 2738 τι)

2251 2772 2448 2850 ἀγαθὸν
2471 2774 2579 2849 οὐχ
2606 2774 2813 2837 ἱκανός·
2848 2774 2910 2829 σὺ
2943 2772 3000 2831 δὲ
3026 2776 3218 2846 σώζειν
3256 2798 3327 2851 με
3381 2775 3658 2847 δυνατὸς,ὁ
3696 2774 3815 2828 πάντα

2248 2864 2315 2919 τὰ
2346 2863 2513 2937 ὁρατά
2542 2864 2629 2918 καὶ
2660 2862 2727 2918 τὰ
2758 2863 2959 2937 ἀόρατα
2987 2871 3305 2941 συγκρατῶν
3350 2865 3441 2921 καὶ
3490 2866 3718 2940 συνέχων.
3752 2862 3812 2929 Iit]

2253 2952 2411 3027 ἐάσῃς
2445 2973 2511 3026 με
2542 2951 2718 3007 ὀπίσω
2746 2956 2854 3008 τῶν
2898 2952 3225 3027 θελημάτων
3254 2963 3360 3025 τῆς
3405 2956 3590 3032 σαρκὸς
3624 2958 3711 3007 τῶν
3744 2972 3815 3005 πο-

2253 3045 2434 3116 νηρῶν
2468 3041 2818 3117 πορεύεσθαι·
2855 3040 3003 3098 ἀλλὰ
3030 3042 3094 3098 τὰ
3125 3045 3219 3100 σὸν
3253 3042 3470 3119 δίδαξον
3515 3048 3667 3099 ποιεῖν
3703 3039 3818 3108 θέλη-

505 3153 684 3208 quam
716 3154 847 3208 quas
877 3139 1039 3194 cerni
1067 3144 1396 3209 nequeunt,
1422 3138 1693 3194 contines
1715 3144 1889 3210 atque
1913 3154 2141 3193 conser-

2262 3152 2336 3204 μα
2364 3134 2496 3203 (98),
2527 3129 2616 3186 καί
2646 3132 2985 3205 συντήρησόν
3016 3154 3084 3205 με
3125 3134 3202 3197 εἷς
3247 3156 3353 3205 την
3402 3134 3608 3190 αἰώνιόν
3647 3153 3720 3186 σου
3755 3129 3817 3183 καὶ

500 3242 622 3283 vas.
655 3228 734 3282 Ne
765 3243 859 3282 me
891 3233 1024 3299 post
1054 3228 1355 3301 improbas
1386 3229 1582 3284 carnis
1622 3245 1769 3283 meai
1812 3228 2144 3284 voluntates

502 3315 663 3370 abire
696 3315 823 3372 sine
848 3337 863 3383 ;
886 3332 1087 3373 verum
1108 3317 1251 3373 doce
1274 3335 1367 3373 me
1382 3318 1575 3374 facere
1598 3318 1960 3373 voluntatem
1983 3324 2145 3373 tuam

503 3403 670 3477 (Psal.
694 3407 883 3476 chu),
904 3407 1154 3477 atquein
1180 3408 1604 3479 sempiternam
1628 3424 1694 3463 ac
1714 3408 1949 3463 beatam
1967 3407 2143 3463 vitam

505 3510 601 3550 me
634 3512 934 3552 conserva.
971 3498 1014 3552 Ο
1047 3499 1237 3561 Pater,
1271 3502 1331 3552 et
1360 3497 1490 3565 Fili,
1532 3503 1591 3552 et
1627 3497 1823 3553 divine
1868 3498 2145 3569 Spiritus,

504 3584 1052 3651 consubstantialis,
1083 3602 1150 3641 ac
1180 3586 1487 3641 divisionis
1518 3603 1726 3658 expers
1750 3586 2055 3647 Divinitas,
2090 3591 2144 3641 te

500 3673 730 3741 invoco,
768 3679 825 3728 te
854 3674 1042 3746 gloria
1070 3674 1286 3730 afﬁcio.
1319 3677 1394 3730 Te
1427 3675 1584 3731 enim
1628 3675 1831 3732 laudat
1856 3675 2144 3747 quidquid

502 3768 768 3818 creatum
801 3767 909 3829 est,
941 3779 1008 3819 ac
1035 3768 1091 3819 te
1120 3764 1308 3836 gloria
1336 3764 2057 3821 afficiuntintellectuales
2079 3782 2145 3821 ac

502 3868 747 3923 corpore
778 3858 1051 3908 vacantes
1084 3853 1327 3909 virtutes
1357 3854 1417 3909 in
1450 3855 1687 3910 saecula.
1717 3858 1928 3911 Amen.

575 3940 862 4013 Deinceps
876 3941 1055 4013 igitur
1068 3959 1245 4013 quam
1260 3941 1713 4013 diligentissime
1738 3945 1819 4000 sei
1828 3961 1997 4015 psum
2014 3960 2147 3999 con-

505 4032 792 4095 servabat,
819 4038 995 4105 atque
1015 4034 1097 4090 ita
1116 4035 1514 4106 comparabat,
1539 4040 1607 4091 ut
1628 4041 1687 4091 et
1706 4036 1921 4091 animm
1946 4040 2144 4089 eteor-

500 4123 660 4194 poris
691 4124 1008 4193 puritatem
1031 4124 1386 4195 acquireret,
1412 4131 1588 4196 atque
1613 4125 1671 4180 in
1694 4125 2147 4192 continentia,et

503 4212 893 4281 orationibus,
926 4213 1577 4285 obsecrationibusque.
1612 4231 1718 4285 per
1748 4219 1936 4269 totum
1954 4214 2144 4269 noctis

501 4302 862 4358 curriculum
882 4320 1012 4359 sese
1032 4305 1507 4376 prorogantibus,
1531 4304 1709 4359 vitam
1734 4303 2145 4359 duceret.Nam

502 4406 637 4446 cum
665 4392 1016 4464 plerumque
1042 4393 1256 4448 diurno
1281 4399 1565 4465 tempore,
1582 4399 1706 4449 tum
1725 4393 1798 4448 ob
1817 4409 2022 4449 eorum
2043 4394 2142 4465 qui

501 4480 736 4536 terdum
761 4481 833 4536 ob
858 4482 1012 4554 regis
1033 4482 1107 4538 ad
1128 4499 1262 4538 eum
1282 4499 1609 4549 accessum.
1634 4489 1735 4539 aut
1756 4483 2049 4555 quodipse
2071 4482 2142 4538 ab
2180 4502 2221 4567 υ

503 4587 571 4626 eo
593 4571 905 4636 acciretur,
925 4586 1054 4626 sese
1077 4571 1429 4644 interrumpi
1453 4572 1817 4641 videret,nox
1842 4572 2142 4645 ipsi,quod

503 4660 851 4728 dieideerat,
885 4661 1216 4732 supplebat,
1244 4668 1310 4717 ut
1364 4661 1463 4733 qui
1491 4661 1550 4717 in
1577 4662 1849 4733 precibus
1872 4669 1930 4717 et
1959 4662 2143 4734 lacry-

504 4749 618 4805 mis
640 4749 713 4805 ad
740 4748 1070 4805 diluculum
1092 4767 1279 4822 usque
1303 4756 1506 4819 staret,
1530 4767 1596 4806 ac
1618 4751 1717 4806 Dei
1742 4766 1913 4822 opem
1938 4750 2145 4823 implo-

499 4844 677 4893 raret.
717 4838 881 4894 Unde
913 4840 1090 4895 etiam
1121 4840 1467 4912 prophetica
1496 4839 1601 4894 illa
1628 4856 1735 4894 vox
1765 4840 1827 4893 in
1860 4839 1988 4910 ipso
2029 4840 2143 4894 im-

503 4927 818 4999 plebatur:
850 4930 913 4984 In
945 4930 1218 4985 noctibus
1250 4928 1514 4984 extollite
1546 4944 1759 4984 manus
1809 4934 2033 4985 vestras
2084 4929 2143 4983 in

503 5022 726 5085 sancta,
762 5023 819 5072 et
848 5008 1180 5074 benedicite
1211 5018 1529 5073 Dominum
1561 5017 1941 5090 (Psal.cxmn).

577 5144 684 5216 (93)
716 5144 870 5200 Psal.
907 5162 1074 5209 CXLII,
1106 5149 1199 5200 1οε
1226 5140 1445 5214 Δίδαξόν
1478 5164 1544 5216 με
1571 5146 1667 5198 τοῦ
1697 5148 1872 5198 ποιεῖν
1904 5143 1966 5198 τὸ
1991 5143 2141 5216 θέληι

2251 5165 2402 5201 του...
2450 5144 2513 5197 τὸ
2562 5145 2775 5216 πνεῦμά
2824 5164 2919 5199 σου
2962 5144 3023 5198 τὸ

2254 3221 2520 3298 μακαρίαν
2577 3223 2743 3292 ζωήν.
2804 3226 2868 3277 Ὢ
2942 3224 3138 3299 Πάτερ,
3215 3224 3313 3280 καὶ
3396 3226 3505 3291 Υἱὲ,
3581 3221 3657 3277 καὶ
3718 3222 3813 3273 θεῖον

2250 3316 2485 3385 Πνεῦμα,
2515 3314 2549 3382 ἡ
2585 3311 2879 3385 ὁμοοῦσιος
2911 3313 3002 3368 καὶ
3047 3312 3358 3391 ἀδιαίρετος
3409 3316 3614 3383 Θεότης,
3656 3313 3701 3366 σὲ
3734 3310 3814 3363 ἑπι-

2247 3400 2527 3473 καλοῦμαι
2557 3401 2646 3457 καὶ
2680 3403 2736 3457 σὲ
2768 3401 2998 3473 δοξάζω·
3034 3404 3091 3458 σὲ
3142 3404 3241 3479 γάρ
3305 3406 3465 3479 ὑμνεῖ
3508 3409 3633 3459 πᾶσα
3675 3398 3811 3463 κτίσις,

2247 3490 2337 3546 καὶ
2369 3491 2427 3545 σὲ
2471 3488 2855 3567 δοξολογοῦσιν
2911 3493 2968 3547 αἱ
3018 3494 3200 3569 νοεραὶ
3261 3498 3374 3550 τῶν
3431 3494 3696 3567 ἀσωμάτων
3735 3490 3811 3560 (99)

2250 3577 2504 3654 δυνάμεις
2532 3578 2609 3643 εἷς
2637 3580 2765 3646 τοὺς
2795 3582 3015 3644 αἰῶνας.
3052 3584 3251 3657 Ἀμήν.

2322 3943 2541 4000 Ἐκτοτε
2599 3942 2691 3998 οὖν
2747 3945 2893 4018 πάσῃ
2955 3945 3177 4023 φυλακῇ
3227 3944 3414 4020 ἐτήρει
3466 3942 3651 4011 ἑαυτὸν,
3698 3939 3814 3994 καθι-

2249 4030 2643 4107 ρότηταψυχῆς
2674 4053 2734 4087 τε
2760 4031 2851 4087 καὶ
2884 4034 3149 4106 σώματος
3200 4033 3378 4108 ἐαυτῷ
3420 4028 3812 4110 περιποιούμενος,

2248 4119 2532 4196 ἐγκρατείᾳ
2559 4142 2617 4177 τε
2649 4126 2831 4191 συζῶν
2863 4123 2952 4177 καὶ
3006 4129 3345 4199 προσευχαῖς
3396 4121 3681 4179 ὁλονύκτοις
3705 4115 3813 4172 190

2246 4210 2337 4265 καὶ
2396 4207 2663 4282 δεήσεσιν.
2725 4212 2966 4287 Ἡμέρας
3030 4212 3125 4283 μὲν
3192 4212 3296 4288 γὰρ
3355 4210 3604 4272 πολλάκις
3649 4224 3812 4279 περικο-

2247 4298 2539 4372 πτόμενος,
2570 4303 2637 4373 τῇ
2669 4320 2728 4355 τε
2780 4305 2889 4355 τῶν
2937 4300 3204 4356 συνόντων
3258 4302 3405 4373 αὐτῷ
3451 4296 3696 4367 συναυλία,
3738 4289 3813 4346 ἔσθ’

2248 4387 2337 4444 ὅτε
2365 4387 2455 4443 καὶ
2486 4392 2555 4462 τῇ
2586 4393 2684 4443 τοῦ
2719 4387 2993 4465 βασιλέως
3031 4391 3170 4465 πρὸς
3219 4390 3382 4446 αὐτὸν
3434 4386 3670 4461 ἐπιδημίᾳ
3705 4384 3732 4452 ἢ
3765 4400 3809 4451 τῇ

2254 4477 2417 4533 αὐτοῦ
2448 4477 2524 4539 εἷς
2569 4476 2771 4533 ἐκεῖνον
2835 4478 3187 4552 μετακλήσει,
3249 4482 3285 4549 ἡ
3337 4479 3427 4550 νὺξ
3480 4478 3611 4547 αὐτῷ
3649 4472 3701 4528 τὶ
3740 4474 3809 4536 τῆς

2251 4567 2460 4644 ἡμέρας
2520 4565 2833 4641 ἀνεπλήρου
2889 4569 3260 4642 ὑστερήματα,
3316 4567 3367 4623 ἐν
3416 4567 3589 4643 εὐχαῖς
3636 4560 3706 4616 καὶ
3745 4554 3806 4612 δά·

2252 4677 2407 4731 κρυσι
2446 4657 2609 4731 μέχρι
2679 4654 3052 4734 διαφαύματος
3101 4657 3395 4733 ἱσταμένου
3439 4652 3587 4711 αὗτοῦ
3632 4649 3703 4706 καί
3741 4647 3804 4700 τὸν

2255 4747 2382 4802 Θεὸν
2468 4744 2933 4821 ἐπικαλουμένουο
3009 4747 3126 4804 ὅθεν
3183 4749 3247 4803 τὸ
3304 4743 3617 4825 προφητικὸν
3683 4738 3803 4794 ἐκεῖνο

2257 4836 2404 4913 ῥῆμα
2443 4838 2516 4910 (1)
2558 4837 2639 4892 ἐπ’
2696 4835 2857 4893 αὐτὸν
2915 4836 3248 4914 ἐπληροῦτο.
3307 4839 3396 4896 Ἐν
3448 4841 3557 4897 ταῖς
3604 4831 3691 4899 νυξὶ
3736 4826 3801 4879 έπ⁶

2254 4927 2415 5000 ἄρατε
2443 4925 2537 4987 τὰς
2570 4930 2758 5001 χεῖρας
2806 4927 2958 5000 ὑμῶν
3015 4927 3092 4991 εἷς
3152 4927 3213 4983 τὰ
3268 4927 3415 5003 ἅγια,
3468 4923 3549 4980 καὶ
3598 4918 3800 4991 εὐλογεῖτε

2252 5016 2344 5071 τὸν
2376 5016 2599 5093 Κύριον.

3140 5145 3265 5216 αθὸν
3313 5140 3557 5216 ὁδηγήσει
3598 5153 3652 5208 με
3685 5129 3726 5185 ἓν

502 5211 695 5290 εὐθεία.
730 5217 845 5290 Qui
871 5216 1028 5272 hunc
1061 5217 1256 5273 locum
1296 5211 1539 5273 noverat
1569 5217 1800 5288 Billius,
1831 5233 1951 5272 non
1984 5211 2141 5272 debu-

2251 5234 2376 5273 cum
2402 5211 2809 5288 Trapezun'tio,
2835 5218 3089 5290 jungere
3117 5211 3302 5287 ἐξελοῦ
3329 5217 3397 5289 τῇ
3427 5211 3626 5289 σοφίᾳ...

598 5289 688 5353 94)
719 5288 873 5343 Psal.
896 5306 1048 5354 inx,
1083 5293 1132 5346 1.

597 5359 684 5415 95ὶ
718 5359 871 5414 Psal.
904 5377 982 5427 1x,
1016 5363 1100 5417 14.

599 5429 686 5497 96)
720 5430 875 5485 Psal.
907 5448 1109 5491 Lxxxv.
1146 5437 1230 5488 16.

576 5502 689 5578 (Si?)
715 5501 950 5578 [βρὶει.
985 5504 1057 5557 ad
1086 5506 1235 5561 Tim.
1267 5523 1323 5574 ιι,
1356 5506 1408 5559 4.
1446 5505 1610 5561 Unde
1643 5508 1806 5561 tanta
1831 5504 2113 5578 Joasapho
2144 5505 2653 5562 Testamentorum
2684 5504 2895 5559 notitia
2923 5502 3093 5561 valde
3124 5503 3322 5560 miror.

576 5573 685 5643 (98)
717 5571 802 5626 Cf.
836 5589 1014 5644 supra
1037 5582 1160 5631 not.
1188 5579 1277 5633 93.

574 5642 683 5718 (99)
713 5642 875 5718 Conf.
907 5642 970 5715 ᾖ.
1000 5647 1055 5713 5,
1085 5663 1145 5704 ιι.
1179 5649 1268 5704 24.

574 5714 839 5800 γυῬεαι.
873 5714 1099 5792 cixvm,
1127 5722 1181 5775 2.
