4010 6206
136 328 278 385 1057

1309 340 1478 393 VlTA
1514 339 1866 394 BARLAAM
1902 341 1996 394 ΕΤ
2028 341 2367 397 JOASAPH.

3404 371 3541 429 1058

188 454 253 512 Ὀ
284 452 343 510 δὲ
370 453 584 532 Ζαρδάν
640 455 846 521 ἐκεῖνος
901 460 1001 529 τὴν
1059 460 1318 531 τοιαύτην
1379 460 1544 516 αὐτοῦ
1594 459 1746 515 αἰσθό

1960 463 2188 521 Zardan
2211 469 2409 523 autem
2430 469 2695 541 ille,cum
2722 476 3063 550 hujusmodi
3089 486 3275 558 ipsius
3293 495 3423 552 vitai
3436 516 3531 556 ra-

119 563 279 618 μενος
337 540 608 621 διαγωγὴν
666 547 755 601 καὶ
817 545 995 619 λύπης
1053 546 1431 622 πληούμενος,
1484 548 1773 625 μερίμναις

114 654 172 688 τε
202 630 406 697 δειναῖς
450 636 551 705 τὴν
580 637 768 712 ψυχὴν
805 634 1176 712 βαλλόμενος,
1211 638 1310 695 οὐκ
1359 639 1503 715 εἶχεν
1539 639 1569 694 ὅ
1596 661 1648 695 τι
1681 638 1773 695 καὶ

118 721 564 798 δράσειντέλος.
622 731 691 801 τῇ
753 727 874 799 ἀνίᾳ
922 729 1339 802 καταπονηθεὶς,
1372 731 1447 794 εἰς
1504 732 1594 787 τὸν
1648 731 1775 786 εαυ-

114 816 208 867 τοῦ
267 810 628 886 ἀπεδήμησεν
692 816 873 886 οἶκον,
924 817 1220 894 ἀρρωστεῖν
1276 820 1770 896 προσποιούμενος,

112 901 199 963 Ὠς
246 900 327 963 εἷς
384 906 589 977 γνῶσιν
645 908 723 976 τῷ
785 904 1004 980 βασιλεῖ
1061 912 1221 964 τοῦτο
1281 908 1565 981 ἐληλύθει,
1599 908 1769 965 ἄλλον

115 990 205 1063 μὲν
276 992 397 1047 ἀντ’
449 992 613 1047 αὐτοῦ
667 998 777 1049 τῶν
837 998 1175 1053 πιστοτάτων
1241 1005 1637 1073 καθυπηρετεῖν
1692 1004 1773 1073 τῷ

110 1080 213 1151 υἱῷ
270 1075 666 1150 ἐξαπέστειλεν·
727 1084 893 1149 αὐτὸς
948 1083 1027 1156 δὲ,
1087 1093 1188 1157 τῆς
1243 1092 1341 1143 τοῦ
1390 1085 1595 1164 Ζαρδάν
1651 1088 1773 1144 ἐπι-

115 1170 462 1245 μελούμενος
496 1174 704 1248 ὑγείας,
742 1174 924 1252 ἰατρὸν
956 1177 1100 1249 αύτῷ
1154 1178 1358 1253 πέμπει
1390 1178 1766 1255 δοκιμώτατον

105 1260 194 1315 καὶ
226 1261 523 1339 φροντίδος
566 1265 649 1319 ’ότι
681 1264 904 1332 πολλῆς
937 1268 1081 1341 ἀξιοῖ
1110 1278 1528 1344 θεραπευθῆναι.

173 1351 235 1407 Ὁ
268 1348 331 1405 δὲ
363 1352 566 1427 ἱατρὸς,
600 1352 716 1408 ἐπεὶ
756 1354 836 1427 τῷ
893 1355 1108 1432 βασιλεῖ
1164 1359 1322 1421 οὗτος
1370 1362 1767 1437 κεχαρισμένος

103 1440 191 1509 ἧν,
226 1440 518 1515 ἐπιμελῶς
573 1443 926 1519 ἐπεσκέψατο,
968 1449 1084 1520 καὶ,
1144 1447 1336 1521 ἄριστα
1394 1448 1647 1527 διαγνοὺς
1701 1453 1770 1508 τὰ

99 1531 214 1584 κατ’
244 1529 441 1601 αὐτὸν,
466 1536 545 1605 τῷ
581 1532 801 1608 βασιλεῖ
831 1537 1021 1592 θᾶττον
1082 1537 1436 1615 ἀναγγέλλει,
1466 1542 1541 1604 ὡς
1602 1542 1766 1617 Ἐγὼ,

103 1621 257 1698 φησί,
295 1620 520 1685 οὐδενὸς
577 1627 885 1699 νοσήματος
927 1627 1097 1684 αἶ’τιον
1154 1629 1206 1685 ἐν
1264 1636 1343 1703 τῷ
1375 1631 1646 1709 ἀνθρώπῳ
1677 1634 1765 1689 εύ-

101 1715 209 1781 ρεῖν
238 1709 573 1786 δεδύνημαι*
618 1709 757 1771 ἔνθεν
816 1737 903 1772 τοι
958 1719 1049 1773 καὶ
1108 1717 1507 1795 ὑπολαμϐάνω,
1560 1723 1767 1798 ἀθυμίᾳ

1887 552 2110 609 tionem
2132 555 2545 629 intellexisset,
2572 581 2921 642 summaque
2947 574 3084 631 inde
3104 552 3383 640 mastitia
3403 552 3533 644 affi-

1884 647 2541 721 ceretur,gravibusque
2566 655 2749 711 animi
2772 662 2931 716 curis
2959 674 3370 738 vexaretur,ne
3394 677 3534 746 quid

1882 731 2105 788 faceret
2145 735 2411 807 haberet,
2446 741 2518 796 ad
2553 750 2881 805 extremum
2915 769 3166 812 mwrore
3195 731 3537 835 oppressus,

1884 821 2163 879 simulato
2190 827 2489 897 morbo,in
2513 849 2648 889 suas
2662 836 2820 894 aedes
2834 821 3324 913 concessit.Qu.o.d
3348 860 3412 909 ut
3436 821 3541 911 rei;

1882 914 2195 984 comperit,
2222 916 2405 973 alium
2435 924 2755 991 quemdam
2788 945 2859 984 ex
2888 932 3004 1000 his,
3037 952 3186 1006 quos
3210 939 3534 1001 fidissimos

1882 1000 2156 1069 habebat,
2184 1005 2365 1061 misit'
2392 1011 2837 1083 quiipsiusloco
2855 1020 2978 1077 filio
3003 1000 3371 1087 ministraret
3401 1034 3530 1106 Ipse

1880 1095 2081 1148 autem
2102 1094 2745 1161 valetudinisZardanis
2757 1124 2958 1165 curam
2971 1094 3529 1187 gerens,celeberri-

1879 1196 2042 1236 mum
2061 1182 2132 1237 ad
2158 1201 2294 1239 eum
2326 1188 2624 1247 medicum
2651 1196 2850 1266 mittit,
2876 1182 3129 1275 eumque
3153 1212 3217 1262 ut
3234 1226 3527 1268 summam

1879 1270 1952 1326 ad
1978 1271 2165 1343 ipsius
2180 1276 2546 1334 curationem
2571 1270 3525 1374 sollicitudinem—adhibeatrogat.

1951 1360 2210 1416 Medicus
2228 1365 2424 1436 igitur,
2450 1372 2731 1439 quoniam
2749 1391 2880 1431 cum
2893 1381 3014 1451 regi
3028 1388 3258 1453 gratum
3274 1395 3332 1442 et
3356 1360 3524 1445 aovce-

1877 1454 2046 1521 ptum
2070 1467 2199 1506 esse
2220 1457 2850 1526 perspiciebat,sedulo
2876 1484 3013 1524 eum
3035 1470 3526 1535 invisebat.Cum-

1881 1555 1994 1608 que
2018 1538 2204 1610 ipsius
2220 1546 2435 1599 statum
2449 1556 2721 1606 accurate
2735 1556 3320 1637 considerasset,regi
3335 1569 3529 1625 confe-

1879 1626 2015 1681 stim
2048 1628 2349 1693 indicavit,
2384 1651 2446 1689 se
2478 1637 2629 1692 nihil
2661 1642 2817 1711 quod
2868 1652 3144 1704 morbum
3176 1626 3297 1723 ipsi
3318 1671 3518 1711 accer-

1877 1724 2033 1773 seret
2053 1718 2115 1773 in
2138 1736 2205 1774 eo
2233 1724 2495 1794 reperire
2525 1730 2820 1799 potuisse;
2844 1724 3184 1806 acproinde
3207 1742 3287 1799 ita
3315 1746 3517 1801 existi-

101 1802 200 1857 τινὶ
227 1804 339 1873 τήν
387 1808 572 1882 ψυχὴν
638 1806 930 1881 βληθέντα,
990 1816 1184 1866 τοῦτον
1248 1813 1749 1887 μαλακισθῆναι.Ἕ

106 1890 151 1915 9‘
193 1895 223 1915 ο
338 1894 357 1915 Ἃ
403 1894 414 1911 ‘
592 1896 606 1915 Ι
774 1900 787 1913 η
878 1900 890 1915 1
1080 1907 1103 1915 υ
1209 1903 1221 1915 ρ
1332 1904 1342 1915 ι
1532 1907 1546 1915 .
1608 1906 1646 1915 ιι
1708 1900 1734 1915 n

1876 1823 2037 1862 mare
2065 1825 2199 1863 eum
2232 1811 2429 1883 aliquo
2462 1816 2643 1872 animi
2670 1836 2919 1878 mmrore
2951 1828 3228 1885 aﬂ‘ectum
3264 1832 3324 1887 in
3361 1851 3519 1891 mor-

1875 1894 2006 1915 L-__.-
2040 1896 2087 1915 3,,
2143 1898 2152 1907 '
2180 1898 2215 1915 I'
2367 1905 2405 1915 τι
2594 1912 2599 1915 λ
2732 1910 2745 1915 -
2779 1911 2787 1915 -
2954 1914 2959 1915 ,

103 1890 157 1948 δὲ
192 1894 481 1967 βασιλεὺς,
512 1896 719 1953 τούτων
763 1900 993 1962 ἀκούσας
1039 1907 1147 1957 τῶν
1196 1903 1478 1979 ῥημάτων,
1527 1900 1765 1962 ὑπέλαϐε

105 1984 321 2059 βαρέως
376 1987 525 2058 αύτῷ
577 1988 670 2043 τὸν
703 1990 819 2044 υἱὸν
853 1988 1189 2065 διατεθῆναι,
1220 1995 1310 2050 καὶ
1354 1996 1550 2052 τούτου
1598 1999 1760 2075 χάριν

100 2070 423 2145 λυπηθέντα
457 2076 615 2131 αὐτὸν
651 2078 1033 2155 ύπεχωρῆσαι.
1095 2085 1297 2141 Μαθεῖν
1359 2082 1417 2141 δὲ
1443 2087 1506 2141 τὸ
1535 2093 1762 2164 πρᾶγμα

96 2162 425 2227 ἀκολούθως
482 2166 842 2242 βουλόμενος,
876 2166 1165 2242 δεδήλωκε
1212 2180 1298 2247 τῷ
1346 2172 1571 2251 Ζαρδάν,
1604 2162 1753 2234 191

98 2253 168 2315 ὡς
214 2251 433 2329 Αὔριον
489 2255 805 2329 ἐλεύσομαι,
866 2262 1023 2339 φησί,
1082 2264 1352 2339 θεωρῆσαί
1416 2286 1492 2336 σε,
1550 2269 1639 2321 καὶ
1691 2268 1760 2323 τὰ

94 2352 193 2414 τῆς
224 2342 615 2421 ἐπισυμϐἀσης
644 2371 730 2405 σοι
753 2349 1054 2427 ’διαγνῶναι
1086 2354 1412 2432 ἀρρωστίας.

163 2524 230 2582 '0
262 2522 473 2598 Ζαρδάν
517 2524 594 2595 δὲ,
629 2527 833 2601 ταύτης
887 2530 1120 2595 ἀκούσας
1177 2542 1277 2606 τῆς
1331 2538 1609 2613 ἂγγελίας,
1642 2542 1755 2613 ἅμα

95 2611 253 2686 πρωῒ
305 2610 782 2691 περιϐαλλόμενος
839 2620 1003 2676 αὐτοῦ
1052 2624 1115 2678 τὸ
1171 2624 1416 2697 ἱμάτιον,
1468 2628 1753 2704 πορεύεται

92 2703 241 2776 πρὸς
271 2723 364 2757 τον
398 2705 643 2780 βασιλέα.
677 2709 779 2763 Καὶ
839 2708 1095 2766 εἷσελθὼν
1152 2715 1548 2787 προσεκύνησεν
1606 2720 1752 2791 αὐτῷ

91 2788 178 2845 ἰπὶ
244 2799 345 2863 τῆς
388 2800 511 2867 γῆς.
540 2796 601 2853 Ὀ
641 2793 700 2851 δὲ
760 2796 1039 2873 βασιλεὺς,
1094 2803 1175 2871 Τί,
1227 2806 1383 2882 φησὶ,
1437 2788 1750 2879 παρεϐιάσω

92 2881 283 2936 ἑαυτὸν
345 2884 786 2957 παραγενέσθαις
846 2886 1006 2952 αὐτὸς
1042 2889 1141 2967 γάρ
1192 2889 1397 2961 ἤθελον
1458 2892 1748 2971 ἐπισκέψα-

93 2968 219 3025 σθαί
249 2991 331 3040 σε,
360 2973 449 3026 καὶ
478 2978 605 3028 πᾶσι
661 2976 923 3051 γνωρίσαι
977 2979 1081 3047 τήν
1110 2981 1247 3055 πρὸς
1305 2978 1363 3037 σέ
1395 3004 1498 3056 μου
1534 2986 1744 3063 φιλίαν.

89 3062 152 3116 Ὀ
210 3058 271 3116 δὲ
324 3059 641 3138 ἀντέφησεν·
697 3064 759 3121 Ἡ
820 3064 951 3139 ἐμή,
1011 3068 1284 3144 βασιλεῦ,
1344 3058 1587 3136 ἀσθένειά
1642 3076 1777 3130 οὐκ

92 3146 203 3204 ἔστι
252 3154 363 3205 τῶν
416 3154 662 3221 συνήθων
723 3153 1035 3228 ἀνθρώποις
1089 3158 1454 3235 ἀρῥωστειῶν·
1507 3161 1632 3219 ἀλλ’
1687 3164 1745 3219 ἐκ

93 3235 349 3312 λυπηρᾶς
397 3239 488 3294 καὶ
547 3239 887 3318 έμμερίμνου
945 3248 1129 3323 ψυχῆς
1181 3252 1281 3314 τῆς
1338 3248 1561 3325 καρδίας
1616 3250 1741 3308 ὀδυ-

88 3328 365 3401 νωμένης,
429 3327 782 3403 συνωδυνήθη
841 3334 902 3389 τὸ
960 3339 1140 3409 σῶμα.
1185 3338 1497 3416 Ἀφροσύνη
1560 3339 1617 3397 δέ
1651 3364 1747 3415 μοι

84 3420 149 3487 ἦν
181 3417 362 3482 οὕτως
394 3417 612 3496 ἔχωντά
643 3444 709 3495 με
744 3425 819 3496 μή
864 3421 1139 3489 δουλικῶς
1167 3428 1305 3503 πρὸς
1330 3431 1394 3485 τὸ
1426 3432 1516 3485 σὸν
1570 3454 1747 3509 παρα-

86 3510 335 3582 γενέσθαι
393 3510 615 3583 κράτος,
674 3510 819 3567 ἀλλά
867 3515 968 3583 τήν
1003 3516 1099 3583 σὴν
1165 3515 1444 3590 βασιλείαν
1502 3526 1747 3596 προσμέ-

86 3618 197 3651 νειν
228 3596 337 3659 ἓως
368 3596 507 3671 ἐμοῦ
536 3604 631 3654 τοῦ
683 3600 896 3657 οἰκέτου
956 3604 1242 3675 σκυλῆναι.
1301 3609 1412 3663 Τοῦ
1475 3610 1742 3686 βασιλέως

90 3687 184 3740 οὖν
242 3689 651 3760 πυνθανομένου
707 3690 789 3752 τίς
835 3694 869 3761 ἡ
911 3699 1009 3761 τῆς
1062 3694 1297 3768 ἀθυμίας
1352 3696 1515 3753 αὐτοῦ
1572 3699 1740 3771 αἰτία,

90 3770 388 3829 ὑπολαϐὼν
419 3777 447 3830 ὁ
478 3773 708 3849 Ζαρδᾶν,
758 3780 934 3854 Μέγας
985 3780 1109 3855 ἐμοὶ
1168 3781 1433 3856 κίνδυνος,
1487 3782 1610 3866 ἔφη’
1652 3791 1741 3845 καὶ

88 3862 347 3939 μγᾶλων
392 3862 500 3941 ἐγὼ
554 3874 837 3940 τιμωριῶν
871 3868 1043 3944 ἄξιος,
1101 3870 1328 3928 πολλῶν
1392 3873 1449 3930 δὲ
1500 3862 1738 3940 θανάτων

82 3947 285 4029 ἔνοχος
338 3956 666 4026 καθέστηκα,
699 3956 781 4013 ὅτι
842 3963 937 4015 σοῦ
992 3966 1108 4024 τοῖς
1139 3965 1542 4039 προστάγμαςιν
1602 3969 1739 4041 ἀμε-

83 4039 201 4103 λῶς
234 4040 502 4106 διατεθεὶς
560 4044 712 4109 ἀνίας
744 4068 827 4103 σοι
886 4046 1106 4119 πολλῆς
1138 4050 1264 4106 ὅσον
1297 4050 1511 4109 οὐδέπω
1542 4039 1737 4132 πρόξε-

76 4152 181 4195 νος
204 4133 423 4207 γέγονα.

148 4398 313 4464 Αὖθις
346 4398 404 4456 δὲ
434 4403 461 4457 6
497 4401 774 4478 βασιλεὺς,
810 4406 908 4460 Καὶ
968 4407 1085 4463 τίνα
1147 4408 1208 4463 σὺ
1271 4411 1528 4484 ἀμέλειαν
1585 4414 1729 4489 ἠμέ-

74 4484 299 4559 ληκαςς
343 4488 531 4566 ἤρετο·
593 4493 646 4548 τί
680 4491 738 4549 δὲ
767 4495 829 4549 τὸ
861 4497 1116 4572 περιέχον
1181 4520 1238 4554 σε
1297 4498 1464 4572 δέοςς
1518 4506 1606 4561 Ἐν
1662 4509 1729 4578 τῇ

1872 1894 2014 1950 bum
2038 1896 2338 1955 incidisse.
2366 1905 2487 1959 Rex
2508 1912 2705 1962 autem
2732 1910 2823 1965 his
2848 1914 3037 1970 verbis
3059 1918 3522 1984 auditis,hocar-

1871 1981 2122 2040 bitratus
2153 1993 2243 2042 est
2277 2005 2411 2045 eum
2444 2008 2476 2046 a
2509 1994 2630 2049 lilio
2661 2000 2928 2069 asperius
2959 2013 3266 2078 acceptum
3311 2010 3517 2083 fuisse,

1870 2078 2047 2144 atque
2079 2075 2188 2131 hac
2219 2076 2291 2133 de
2336 2096 2515 2137 causa
2561 2094 2845 2159 concepto
2878 2075 3127 2150 mmrore
3174 2102 3512 2158 recessisse.

1868 2163 2160 2227 Quidnam
2191 2173 2390 2223 autem
2420 2169 2481 2224 id
2530 2180 2687 2228 esset
2716 2176 2997 2252 deinceps
3043 2184 3191 2239 scire
3240 2191 3516 2261 cupiens,

1866 2251 2112 2307 Zardani
2139 2271 2199 2309 se
2222 2271 2377 2325 eum,
2402 2264 2467 2313 ut
2487 2260 2678 2316 oborti
2711 2267 2899 2322 morbi
2931 2251 3173 2328 causam
3206 2274 3503 2351 intellige-

1864 2344 1977 2408 ret,
2023 2343 2283 2399 crastino
2317 2345 2411 2400 die
2439 2347 2768 2408 invisurum
2802 2356 3174 2428 signiﬁcavit.

1933 2531 2157 2588 Zardan
2179 2540 2379 2592 autem
2410 2538 2588 2610 hujus
2608 2544 2885 2613 promissi
2909 2550 3127 2606 certior
3145 2551 3355 2619 factus,
3390 2562 3506 2613 διει-

1863 2618 1969 2673 tim
1991 2626 2055 2675 ut
2076 2622 2305 2689 diluxit,
2326 2625 2692 2686 indumentis
2717 2636 3075 2705 acceptis,ad
3100 2656 3296 2710 regem
3321 2646 3504 2714 proﬂ-

1860 2707 2385 2783 ciscitur,eumque
2410 2714 2588 2769 simul
2614 2724 2791 2790 atque
2814 2722 3139 2795 ingressus,
3155 2727 3321 2783 humi
3344 2748 3508 2801 pros-

1859 2800 2046 2852 tratus
2078 2799 2359 2856 adoravit.
2394 2804 2515 2858 Rex
2541 2811 2777 2862 autem:
2803 2811 2976 2877 Quid,
3008 2813 3223 2883 inquit,
3259 2799 3363 2871 tibi
3390 2818 3503 2874 vim

1858 2885 2128 2953 attulisti,
2155 2894 2221 2943 ut
2248 2890 2323 2945 ad
2355 2906 2448 2945 me
2479 2894 2793 2951 accederes
2814 2897 2841 2951 ‘?
2861 2901 3003 2954 Nam
3036 2900 3162 2971 ipse
3193 2904 3267 2959 ad
3296 2910 3350 2960 te
3373 2923 3507 2977 pro-

1858 2972 2064 3043 ﬁcisci,
2089 2992 2406 3049 meumque
2425 2995 2561 3052 erga
2584 2986 2638 3037 te
2660 2999 2924 3040 amorem
2946 2989 3222 3046 omnibus
3243 2992 3505 3050 declara-

1855 3077 1918 3116 re
1944 3062 2003 3117 in
2017 3063 2215 3120 animo
2236 3066 2660 3125 habebam.llle
2684 3077 2881 3127 autem
2903 3079 3212 3147 respondit
3237 3082 3500 3138 :Morbus

1854 3167 2043 3219 meus,
2069 3170 2101 3208 ο
2125 3170 2249 3222 rex,
2272 3172 2393 3211 non
2424 3174 2493 3213 ex
2518 3175 2720 3215 eorum
2751 3178 2999 3220 numero
3035 3172 3123 3221 est
3152 3168 3368 3239 quibus
3391 3172 3496 3227 ho-

1776 3221 1819 3287 C
1857 3241 2050 3297 mines
2079 3243 2348 3301 laborare
2382 3247 2592 3309 solent,
2618 3266 2817 3305 verum
2844 3268 2911 3307 ex
2938 3255 3119 3310 animi
3142 3260 3424 3317 mmstitia
3443 3268 3502 3317 et

1853 3332 2147 3388 anxietate
2170 3334 2346 3390 corde
2363 3336 2424 3390 in
2448 3337 2712 3394 dolorem
2734 3341 3010 3413 prolapso
3034 3362 3245 3417 corpus
3264 3367 3499 3421 quoque

1853 3421 2171 3477 condoluit.
2202 3424 2492 3480 Amentiae
2515 3443 2691 3498 porro
2716 3429 2860 3484 mihi
2886 3430 3223 3490 ducendum
3246 3444 3422 3505 esset,
3450 3441 3498 3495 si

1851 3528 1985 3565 cum
2004 3511 2086 3567 ita
2111 3529 2203 3567 me
2227 3513 2529 3582 haberem,
2558 3533 2677 3572 non
2701 3522 2765 3572 ut
2785 3536 3017 3576 servum
3036 3522 3305 3592 decet,ad
3325 3532 3378 3583 te
3402 3545 3497 3584 ac-

1850 3599 2123 3656 cederem
2148 3619 2162 3667 ;
2187 3618 2389 3658 verum
2406 3610 2470 3659 ut
2493 3605 2650 3677 regia
2668 3612 2767 3662 tua
2789 3609 3071 3680 majestas
3090 3612 3162 3667 ad
3187 3630 3282 3669 me
3303 3615 3494 3673 famu-

1848 3686 1968 3743 lum
1983 3690 2227 3746 veniens
2241 3708 2369 3747 sese
2382 3692 3102 3768 iatigaret,exspectarem.
3131 3704 3464 3761 Percontan
3476 3737 3495 3747 -

1851 3782 1904 3833 te
1918 3785 2115 3834 autem
2130 3797 2263 3836 reee
2278 3782 2566 3853 quidnam
2579 3800 2717 3840 eum
2742 3785 2801 3841 in
2830 3787 2987 3844 hunc
3012 3806 3326 3849 mwrorem
3352 3811 3497 3852 con-

1837 3867 3023 3951 jecisset,respondensZardan:Magnum.
3036 3880 3494 3955 inquit.pericu-

1844 3956 1969 4012 lum
1992 3958 2138 4014 mihi
2162 3959 2486 4032 impendet,
2505 3964 2854 4037 magnisque
2882 3969 3190 4040 suppliciis
3207 3989 3275 4028 ac
3289 3974 3493 4030 multis

1842 4047 2052 4102 mortis
2064 4049 2383 4121 generibus
2396 4050 2639 4124 dignum
2651 4070 2747 4110 me
2761 4060 3325 4129 agnosco,quoniam
3337 4080 3492 4133 pree-

1842 4136 2029 4208 ceptis
2072 4138 2187 4192 tuis
2236 4139 2605 4212 negligenter
2633 4142 3015 4215 obsequendo
3046 4146 3344 4219 ingentem
3379 4150 3483 4204 tibi

1831 4226 1961 4297 jam
1980 4227 2229 4299 jamque
2262 4244 2577 4285 maarorem
2608 4233 2909 4288 accersivi.

1910 4408 2164 4461 Rursum
2187 4410 2385 4462 autem
2405 4422 2474 4461 ex
2499 4422 2566 4462 eo
2590 4413 2891 4479 quaarente
2916 4426 3051 4480 rege
3075 4428 3349 4483 quamam
3373 4415 3482 4471 hu-

1829 4494 2095 4566 jusmodi
2118 4494 2475 4567 negligentia
2499 4497 2745 4563 esset,in
2766 4498 3483 4575 quamincidisset,quod-

70 4578 201 4651 περῖ
230 4579 323 4635 τὸν
354 4580 542 4653 κύριόν
576 4603 681 4655 μου
710 4583 801 4639 τὸν
845 4586 961 4640 υἱὸν
1023 4608 1119 4642 σου
1175 4585 1422 4664 ἀκριϐείᾳ
1446 4594 1727 4665 ἡμέληκα,

1861 4600 1953 4653 [ue
1967 4582 2296 4653 periculum
2313 4582 2462 4638 illud
2485 4584 2545 4639 in
2568 4601 2683 4656 quo
2707 4590 3073 4644 versatumln
3096 4591 3363 4648 custodia
3386 4593 3486 4649 do-

73 4664 208 4745 ἔφη.
264 4672 513 4745 Πονηρὸς
572 4674 674 4748 γὰρ
733 4672 1018 4750 ἄνθρωπος
1072 4679 1160 4733 καὶ
1192 4678 1325 4753 γόης
1358 4664 1529 4737 ἐλθὼν
1590 4684 1731 4754 ὡμί-

75 4768 248 4827 Αησεν
279 4757 426 4833 αὐτῷ
454 4760 521 4816 τὰ
548 4767 649 4831 τῆς
704 4763 991 4839 θρησκείας
1045 4770 1154 4821 τῶν
1207 4773 1565 4841 Χριστιανῶν.
1603 4773 1729 4830 Εἶτα

75 4841 351 4920 διηγεῖται
382 4851 519 4905 κατά
553 4852 720 4926 μέρος
777 4857 855 4925 τῷ
906 4854 1123 4928 βασιλεῖ
1149 4858 1215 4911 τὰ
1245 4855 1555 4929 λαληθέντα
1585 4862 1730 4936 ποιρά

68 4939 179 4989 τού
230 4938 484 5012 γέροντος
522 4940 659 5016 πρὸς
716 4941 808 4997 τὸν
870 4943 985 4998 υἱὸν
1044 4946 1234 5011 αὐτοῦ,
1275 4948 1363 5001 καὶ
1417 4951 1536 5021 μεθ’
1594 4950 1726 5022 ὅσης

66 5021 273 5094 ἡδονῆς
303 5024 510 5091 ἐκεῖνος
543 5031 631 5085 τὸν
662 5030 832 5105 λόγον
882 5029 1116 5104 ἐδέξατο,
1150 5038 1302 5095 192
1360 5037 1449 5091 καὶ
1482 5040 1557 5100 ὡς
1589 5038 1723 5103 ὅλος

64 5116 174 5167 τοῦ
217 5116 450 5190 Χριστοῦ
509 5119 717 5194 γεγόνει
772 5124 875 5194 (2).
945 5126 1087 5198 Πρὸς
1120 5122 1177 5180 δί
1228 5127 1314 5181 καὶ
1376 5129 1476 5196 τήν
1525 5126 1723 5198 κλῆσιν

66 5198 275 5269 ἐδήλου
329 5209 429 5259 τοῦ
486 5207 745 5281 γέροντος
779 5252 792 5279 ,
854 5209 1124 5286 Βαρλααμ
1189 5218 1381 5270 τοῦτον
1441 5216 1722 5282 καλεῖσθαι

60 5286 261 5347 εἰπών.
305 5295 571 5363 Ἀκηκόει
626 5296 728 5372 γὰρ
786 5298 876 5353 καὶ
936 5301 1198 5375 πρότερον
1259 5302 1287 5356 ὁ
1350 5301 1603 5376 βασιλεὺς
1658 5307 1725 5361 τὰ

56 5378 333 5451 περὶτοῦ
419 5381 685 5457 Βαρλααμ
766 5386 857 5440 καὶ
916 5394 1016 5458 τῆς
1078 5390 1384 5465 ἀκροτάτης
1443 5392 1721 5463 ἀσκήσεως

50 5464 254 5525 αὐτοῦ.
287 5473 374 5530 Ὠς
401 5466 448 5523 δ’
481 5470 557 5532 εἷς
588 5473 753 5535 ἀκοὰς
783 5479 951 5529 ταῦτα
991 5475 1128 5546 ἦλθε
1150 5464 1237 5551 ίτῷ
1272 5476 1508 5553 βασιλεῖ,
1539 5478 1722 5554 κλόνῳ

48 5551 221 5616 εὖθὺς
259 5554 321 5611 έκ
373 5566 476 5627 τῆς
535 5562 937 5638 περιπεσούσης
986 5563 1133 5638 αὐτῷ
1163 5551 1398 5639 ἀθυμίας
1434 5551 1718 5643 βάλλεται,

1840 4671 1987 4726 mini
2014 4672 2128 4726 mei
2154 4671 2259 4727 filii
2284 4672 2389 4738 tui,
2415 4673 2629 4744 inquit,
2667 4676 3064 4750 negligentem
3114 4695 3207 4735 me
3230 4682 3479 4752 prmbui.

1838 4761 2150 4833 Improbus
2162 4761 2321 4817 enim
2339 4762 2580 4835 quidam
2595 4780 2662 4820 ac
2676 4767 3069 4839 praestigiator
3082 4769 3481 4843 ingressus,de

1836 4850 2183 4907 Christianae
2214 4851 2518 4923 religionis
2550 4852 2820 4911 doctrina
2845 4856 2919 4911 ad
2948 4872 3084 4912 eum
3116 4858 3293 4915 verba
3320 4860 3479 4918 fecit.

1837 4943 2162 5011 Posteaque
2176 4942 2474 5013 regi,quos
2489 4943 2561 4998 ad
2576 4944 2763 5015 ipsius
2779 4945 2968 5001 ﬁlium
2982 4964 3160 5003 senex
3173 4966 3481 5008 sermones

1835 5029 2143 5087 habuisset
2163 5030 2465 5103 sigillatim
2483 5034 3184 5110 exposuit,quantamque
3198 5040 3299 5096 ille
3315 5044 3485 5115 exip-

1838 5121 1916 5176 sis
1931 5120 2287 5190 voluptatem
2311 5120 2585 5191 cepisset,
2612 5123 2887 5195 quodque
2910 5142 3151 5196 prorsus
3168 5130 3401 5185 Christo
3416 5149 3478 5188 se

1834 5209 2174 5267 addixisset.
2210 5208 2360 5273 Quin
2386 5209 2563 5264 etiam
2596 5212 2756 5266 senis
2780 5229 2999 5270 nomen
3029 5216 3142 5288 ipsi
3175 5218 3475 5289 indicavit,

1834 5299 2101 5355 Barlaam
2124 5298 2319 5369 ipsum
2340 5300 2671 5370 nuncupari
2694 5300 3071 5360 dicens.Nam
3094 5308 3272 5364 etiam
3303 5318 3480 5367 antea

1831 5407 1932 5444 rex
1956 5388 2027 5442 de
2047 5386 2335 5451 Barlaam,
2358 5402 2424 5441 ac
2452 5404 2684 5444 summa
2700 5390 2991 5463 religiosa)
3014 5395 3202 5467 ipsius
3226 5399 3355 5455 vitm
3378 5416 3443 5455 as
3459 5430 3476 5440 -

1830 5479 2101 5552 peritate,
2131 5474 2317 5530 multa
2338 5474 2641 5532 auditione
2673 5488 3000 5552 acceperat.
3030 5485 3101 5539 Ut
3130 5492 3328 5543 autem
3350 5490 3477 5545 haec

1831 5569 1904 5626 ad
1922 5567 2073 5640 regis
2096 5581 2271 5621 aures
2292 5572 2707 5638 pervenerunt,
2719 5573 2915 5627 tantus
2937 5571 2988 5627 ei
3004 5577 3474 5637 mcerorobortus

138 5680 206 5753 ('2)
238 5683 301 5751 C,
328 5680 582 5760 ἰγεγόνει.
619 5689 698 5747 De
730 5693 1031 5771 augmenti
1064 5694 1388 5756 amissione
1418 5695 1574 5756 infra
1604 5697 1928 5758 notabitur.
