4010 6206
182 334 316 392 1061

1353 344 1522 397 νιΤΑ
1563 342 1908 396 BABLAAM
1946 343 2041 396 ΕΤ
2075 342 2413 398 JOASAPH.

3446 355 3587 413 106!

178 467 339 523 194
365 461 551 518 Ἔνθεν
579 482 669 517 τοι
734 462 823 517 καὶ
878 462 973 519 τὸν
1032 464 1302 541 Βαρλαὰμ
1353 463 1586 541 ἔναγχος
1637 464 1820 539 μαθὼν

1954 468 2134 525 nixus.
2167 468 2452 534 Quocirca.
2483 486 2617 527 cum
2647 472 3025 531 Barlaamum
3056 490 3248 547 nuper
3268 484 3585 543 recessisse

183 555 571 628 ὑποχωρῆσαι,
606 553 973 627 χειρώσασθαι
1024 551 1267 610 ἔσπευδε.
1325 557 1532 631 Λόχοις
1590 554 1680 610 οὖν
1734 555 1827 609 καὶ

177 641 449 718 λοχαγοῖς
479 646 586 696 τῶν
623 639 877 712 διεξόδων
912 643 1005 705 τὰς
1058 643 1285 707 πλειους
1333 642 1651 719 διειλθφὼς,
1701 646 1829 718 μίαν

176 730 235 787 δί
270 735 383 785 τῶν
443 727 608 796 ὁδῶν,
663 730 729 799 ἢν
785 737 968 787 πασῶν
1034 732 1246 807 μᾶλλον
1309 735 1582 812 ὑφωρᾶτο,
1641 736 1827 808 αὐτὸς,

176 820 375 885 ἵπποις
429 815 645 889 ἐπιϐὰς,
702 820 802 876 ἀνά
856 821 1053 898 κράτος
1115 820 1328 897 ἐδίωκε,
1388 820 1825 900 προκαταλαϐεῖν

176 911 343 966 αὐτὸν
372 910 432 965 ἐκ
460 909 659 971 παντὸς
709 911 917 985 τρόπου
967 909 1375 986 διανοούμενος.
1428 916 1513 969 Ἐν
1565 913 1723 976 ὅλαις
1772 911 1830 969 δὲ

173 997 224 1073 ἔξ
257 998 495 1073 ἡμέραις
547 1001 842 1068 κοπιάσας,
897 1000 1072 1074 μάτην
1119 1002 1617 1078 τεταλαιπωρήκει.
1670 1006 1825 1073 Εἶτα,

172 1089 342 1151 αὐτὸς
379 1089 475 1161 μὲν
507 1087 560 1143 ἔν
591 1108 699 1143 τινι
750 1094 859 1144 τῶν
916 1089 1217 1165 βασιλικῶν
1263 1091 1545 1149 παλατίων
1605 1092 1657 1148 ἐν
1714 1098 1831 1158 τοῖς

174 1180 370 1255 ἀγροῖς
436 1176 766 1253 διακειμένῳ
824 1181 1181 1253 προσμείνας,
1238 1185 1329 1237 τὸν
1392 1183 1636 1258 Ἀραχὴν
1699 1183 1830 1257 μετᾶ

172 1268 394 1323 ἱππέων
455 1266 554 1323 οὐκ
608 1266 812 1343 ὀλίγων
872 1267 974 1333 ἔως
1029 1272 1202 1341 αὐτῆς
1249 1278 1351 1341 τῆς
1442 1269 1829 1347 Σενααρίτιδος

174 1357 396 1431 ἐρήμου
423 1356 509 1413 ἐπὶ
545 1360 771 1429 ζήτησιν
815 1359 1100 1416 ἀπέστειλε
1156 1366 1250 1417 τοῦ
1310 1361 1597 1438 Βαρλαάμ.
1658 1370 1828 1418 Κατα-

174 1443 375 1503 λαϐὼν
407 1445 466 1504 δί
496 1448 697 1511 ἐκεῖνος
727 1450 818 1505 τὸν
849 1450 1043 1519 τόπον,
1074 1453 1280 1515 πάντας
1337 1453 1466 1515 τοὺς
1515 1454 1830 1529 περιοίκους

174 1534 482 1614 διετάραξε·
516 1537 605 1593 καὶ
640 1535 813 1594 τῶνδε
868 1541 945 1613 μὴ
1001 1541 1296 1615 ἑωρακέναι
1343 1543 1478 1597 ποτὲ
1513 1543 1608 1597 τὸν
1666 1539 1833 1617 ἄνδρα

176 1622 677 1702 βεϐαιωσαμένων,
727 1627 815 1684 ἐπὶ
856 1628 953 1691 τὰς
1004 1629 1246 1705 ἐρήμους
1278 1631 1306 1685 6
1337 1628 1522 1708 ἄρχων
1570 1631 1697 1695 τοὺς
1749 1631 1832 1687 εὖ.

175 1712 367 1777 σεϐεἶς
400 1716 678 1792 θηρεύσων
709 1716 874 1791 ἐξήει.
908 1718 1059 1773 Πολύ
1098 1740 1157 1774 τε
1198 1726 1299 1790 τῆς
1348 1719 1559 1796 ἐρήμου
1611 1718 1830 1776 διοδεύ-

1937 559 2489 631 comperisset,eum
2506 565 3011 635 comprehendere
3038 565 3587 644 festinabatJtaque

1939 648 2229 703 militibus
2260 665 2327 703 ac
2358 651 2807 708 centurionibus
2848 655 3069 723 missis,
3090 657 3282 712 varios
3313 659 3594 720 itinerum

1939 737 2128 792 exitus
2149 740 2473 810 occupavit,
2499 757 2565 796 ea
2584 746 2783 798 autem
2806 744 2897 799 via
2912 761 3089 815 quam
3109 763 3178 801 ex
3197 748 3475 804 omnibus
3499 768 3597 805 su-

1939 826 2713 902 spectioremhabebat,ipse
2727 835 3071 888 conscensis
3086 834 3416 905 equis,cum
3431 838 3595 895 omni

1937 916 2240 972 celeritate
2262 920 2751 991 persequebatur,
2776 929 2953 995 atque
2975 926 3138 979 omni
3169 926 3399 982 ratione
3431 944 3589 984 asse-

1939 1008 2037 1078 qui
2063 1007 2694 1078 cogitabat.Caeterum,
2721 1029 2855 1067 cum
2883 1030 2981 1068 sex
3004 1019 3155 1069 totos
3179 1015 3304 1071 dies
3330 1017 3594 1075 inanila-

1936 1096 2077 1152 bore
2112 1113 2241 1152 sese
2271 1098 2596 1170 fatigasset,
2631 1101 2756 1172 ipse
2790 1102 3032 1173 quidem
3060 1104 3121 1158 in
3154 1105 3313 1176 regio
3335 1104 3592 1176 quodam

1940 1187 2345 1259 palatio,quod
2362 1190 2485 1244 ruri
2510 1189 2690 1246 situm
2716 1197 3167 1259 erat,remanet.
3194 1196 3462 1251 Arachen
3485 1213 3593 1253 au-

1940 1282 2056 1331 tem
2084 1294 2216 1331 cum
2242 1279 2542 1349 equitibus
2565 1280 2720 1335 haud
2742 1283 2946 1352 paucis
2963 1283 3238 1355 adipsam
3257 1301 3443 1355 usque
3458 1286 3597 1342 Sen-

1938 1366 2289 1421 naaritidem
2307 1368 2689 1425 solitudinem
2706 1372 3097 1442 conquirendi
3113 1374 3403 1429 Barlaami
3417 1392 3597 1434 causa.

1940 1456 2120 1511 misit.
2146 1457 2252 1522 Qui
2277 1474 2411 1513 cum
2434 1460 2506 1514 ad
2528 1477 2662 1515 eum
2684 1461 2881 1516 locum
2913 1464 3301 1534 pervenisset,
3325 1467 3593 1521 omnium

1942 1546 2273 1602 incolarum
2298 1548 2530 1604 animos
2551 1550 2937 1621 perturbavit;
2958 1556 3283 1622 atquecum
3299 1553 3386 1607 illi
3401 1555 3593 1611 virum

1943 1652 2077 1691 eum
2110 1653 2144 1691 a
2174 1654 2235 1692 se
2265 1638 2453 1692 visum
2488 1655 2616 1693 esse
2649 1645 2986 1709 negassent,
3013 1641 3073 1695 in
3097 1641 3504 1708 solitudinem,
3528 1647 3598 1700 ut

1941 1726 2071 1797 pios
2089 1726 2241 1782 viros
2260 1732 2730 1794 venaretur,sese
2747 1729 3016 1784 contulit.
3040 1730 3304 1801 Cumque
3320 1730 3596 1786 solitudi-

177 1828 283 1870 σας
313 1810 391 1879 (6)
434 1804 730 1881 διάστημα,
790 1804 891 1879 ὄρη
950 1830 1009 1863 τε
1064 1808 1478 1883 περικυκλώσας
1531 1810 1620 1865 καὶ
1680 1813 1831 1886 ἀτρι-

181 1893 215 1913 ρ
256 1903 281 1913 .-
422 1898 430 1912 1
776 1902 801 1913 ν
845 1896 859 1913 Ι
1085 1898 1099 1913 ι
1165 1896 1188 1913 λ
1264 1894 1322 1913 ΩΙ
1656 1900 1670 1913 ι
1771 1907 1795 1913 ..

1954 1833 2081 1870 nem
2106 1816 2274 1872 illam
2306 1833 2519 1890 magna
2551 1834 2619 1872 ex
2650 1823 2815 1889 parte
2846 1825 3238 1891 peragrasset,
3264 1836 3332 1875 ac
3361 1826 3596 1878 montes

179 1893 309 1960 ϐιῖς
364 1898 642 1973 φάραγγας
701 1896 961 1966 πεζεύσας
1012 1898 1102 1954 καὶ
1161 1894 1477 1972 δυσϐάτους,
1539 1900 1681 1974 ματᾶ
1731 1907 1836 1957 τῶν

178 1987 287 2044 σὺν
342 1986 490 2060 αύτῷ
542 1983 731 2062 ὄχλων
789 1987 1098 2063 ἀκρώμειάν
1157 2009 1277 2044 τινα
1332 1985 1675 2060 καταλαϐὼν,
1750 1991 1839 2046 καὶ

180 2079 350 2136 I95
384 2075 510 2138 στὰς
539 2076 622 2132 ἐπ’
655 2076 842 2146 αὐτῆς,
901 2079 1001 2152 ὁρᾷ
1056 2080 1191 2133 κατὰ
1245 2079 1345 2147 τὴν
1410 2080 1680 2155 ὑπώρειαν
1741 2080 1841 2159 φά-

183 2167 375 2243 λαγγα
422 2166 697 2241 ἕρημιτῶν
758 2172 1185 2242 περςπατοῦσαν.
1242 2168 1343 2225 Καὶ
1402 2168 1556 2230 εὐθὺς
1610 2174 1689 2241 τῷ
1744 2175 1842 2225 τοῦ

188 2256 474 2332 ἄρχοντος
557 2258 933 2332 προστάγματι
1012 2260 1203 2320 πάντες
1245 2257 1328 2312 ἐπ’
1384 2257 1581 2320 αὐτοὺς
1631 2260 1841 2314 θέουσιν

186 2345 479 2416 immo-ci,
512 2344 681 2408 ἄλλος
714 2342 773 2401 ἅ)
790 2358 885 2400 Ito-1
917 2351 1032 2408 τοῖς
1070 2344 1297 2423 δρόμοις
1358 2347 1551 2423 φθάσαι
1601 2346 1842 2427 φιλονει-

182 2437 436 2496 κοῦντες
468 2434 558 2489 καὶ
615 2436 926 2509 φθάσαντες,
986 2435 1385 2512 περιεχύθησαν
1447 2436 1630 2500 αὐτοῖς
1689 2437 1846 2501 κύνες

181 2524 325 2581 ὦσεὶ
358 2522 562 2579 πολλοί
593 2522 629 2592 ἤ
661 2524 823 2600 θηρία
878 2525 1090 2601 πονηρά
1142 2546 1264 2581 τινα
1314 2526 1404 2581 καὶ
1464 2527 1840 2602 μισάνθρωπα.

185 2616 291 2669 Καὶ
324 2618 580 2688 κρατῶσι
610 2612 738 2675 τοὺς
767 2611 962 2690 ἄνδρας
991 2613 1070 2687 τῷ
1119 2635 1177 2669 τε
1221 2612 1352 2669 εἶ’δει
1406 2616 1496 2670 καὶ
1555 2620 1623 2690 τῇ
1679 2638 1841 2671 κατα-

189 2706 373 2758 στάσει
406 2702 791 2776 σεμνοτάτους,
821 2704 910 2758 καὶ
945 2702 1011 2758 τὰ
1037 2705 1323 2779 σήμαντρα
1381 2707 1454 2777 (7)
1505 2708 1604 2770 τῆς
1648 2704 1848 2780 ἐρημι-

187 2799 299 2862 κῆς
328 2792 701 2855 καταστάσεως
756 2790 843 2847 ἐπὶ
891 2796 997 2847 τῶν
1054 2793 1364 2864 προσώπων
1424 2793 1707 2870 φέρονταςο
1758 2793 1846 2848 καὶ

182 2882 424 2943 τούτους
458 2883 707 2957 σύροντες
755 2885 834 2953 τῷ
882 2881 1108 2956 ἃρχοντι
1160 2881 1527 2953 παρέστησαν,
1579 2881 1644 2935 ού
1686 2883 1850 2956 Θορυ-

187 2968 463 3042 ϐηθέντας
496 2969 666 3040 ὅλως,
714 2969 810 3025 οὐκ
870 2969 1076 3046 ἀγεννές
1132 2993 1184 3026 τι
1243 2970 1331 3025 καὶ
1392 2971 1710 3045 σκυθρωπὸν
1768 2972 1851 3025 ἐν-

184 3060 605 3134 δειξαμένουςῆ
654 3061 1075 3138 φθεγξαμένους.
1130 3061 1192 3117 Ὀ
1251 3057 1309 3115 δὲ
1358 3060 1611 3136 προάγων
1670 3060 1846 3115 αὐτῶν

180 3154 277 3207 καὶ
307 3150 478 3205 οἱονεί
537 3149 953 3224 καθηγούμενος
1011 3152 1188 3225 πήραν
1249 3144 1508 3219 ἐϐάσταζε
1566 3149 1841 3225 τριχῖνην,

189 3241 402 3315 μεστήν
471 3237 743 3314 λειψάνων
823 3236 1367 3315 προεκδημησάντων
1443 3244 1600 3294 τινῶν
1678 3238 1842 3313 ἁγίων

190 3328 476 3404 Πατέρων.

262 3600 628 3669 Κατανοήτας
662 3595 720 3653 δὲ
750 3598 947 3660 αὐτοὺς
979 3600 1006 3654 6
1033 3599 1304 3674 Ἀραχὴς,
1339 3598 1413 3660 ὡς
1445 3597 1544 3653 οὐκ
1603 3596 1711 3653 εἶδε
1756 3598 1847 3652 τὸν

191 3688 467 3767 Βαρλαᾶμ
495 3687 777 3763 (ἐγίνωσκε
823 3686 923 3764 γὰρ
976 3686 1181 3760 αὐτὸν),
1236 3686 1509 3762 συνεχύθη
1560 3690 1629 3759 τῇ
1681 3685 1846 3761 λύπῃ.

194 3780 348 3855 λέγει
379 3776 437 3834 δὲ
468 3778 603 3854 πρὸς
664 3776 879 3839 αὐτούς’
926 3780 1037 3832 llo-3
1084 3775 1228 3832 ἐστιν
1263 3777 1290 3831 6
1324 3776 1566 3832 ἄπατεὼν
1623 3777 1848 3844 ἐκεῖνος,

197 3871 226 3926 6
257 3870 355 3925 τὸν
386 3866 503 3922 υἱὸν
533 3865 818 3937 πλανήσας
846 3869 943 3921 τοῦ
987 3864 1255 3942 βασιλέως
1281 3886 1294 3937 ;
1325 3870 1383 3924 Ὀ
1416 3863 1473 3921 δὲ
1522 3867 1623 3936 τήν
1674 3868 1853 3938 πήραν

203 3958 487 4036 βαστάζων
536 3955 889 4031 ἀπεκρίνατο·
960 3955 1073 4013 Οὐκ
1124 3953 1263 4011 ἔστιν
1321 3955 1526 4011 ἐκεῖνος
1585 3955 1637 4010 ἐν
1690 3958 1849 4029 ἡμῖν·

206 4046 354 4121 μηδὲ
398 4047 651 4123 γένοιτοῑ
712 4043 893 4119 φεύγει
950 4045 1051 4121 γάρ
1110 4047 1257 4118 ἡμᾶς
1311 4048 1380 4119 τῇ
1436 4049 1533 4101 τοῦ
1620 4047 1854 4121 Χριστοῦ

203 4135 547 4208 διωκόμενος
575 4136 783 4210 χάριτι.
818 4136 904 4191 Ἐν
960 4136 1086 4207 ὑμῖν
1146 4132 1204 4189 δὲ
1260 4134 1353 4196 τὰς
1410 4134 1650 4205 οἰκήσεις
1712 4130 1851 4210 ἔχει’

202 4229 267 4285 '0
298 4222 485 4301 ἆξοχων
518 4220 640 4302 ἔφη’
696 4224 987 4285 Γινώσκεις
1034 4220 1125 4278 οὖν
1175 4224 1381 4294 αὐτόν,
1446 4226 1572 4294 Ναὶ,
1633 4224 1797 4303 φησὶν
1828 4226 1855 4279 6

205 4314 504 4391 ἰρημιτής·
540 4310 660 4369 οῖδα
687 4313 779 4367 τὸν
821 4313 1108 4368 ἀπατεῶνα
1156 4310 1456 4387 λεγόμενον
1485 4317 1584 4387 (8),
1614 4314 1673 4376 ὃς
1713 4313 1855 4369 ἐστιν

202 4406 231 4459 ὁ
264 4400 548 4468 διάϐολος,
584 4405 612 4456 6
647 4402 808 4475 μέσον
844 4402 996 4474 ὑμῶν
1040 4406 1313 4457 κατοικῶν
1372 4403 1462 4457 καὶ
1514 4405 1641 4476 παρ’
1703 4405 1853 4475 ὑμῶν

203 4492 609 4567 λατρευόμενός
636 4512 697 4546 τε
724 4492 815 4546 καὶ
866 4492 1322 4567 θεραπευόμενος.
1356 4493 1418 4548 Ὀ
1448 4489 1637 4568 ἄρχων
1687 4490 1853 4566 λέγει’

1947 1905 2559 1976 cinxisset.vallesque
2575 1906 2861 1977 quasdam
2876 1908 3121 1963 minime
3138 1909 3599 1976 tritas,etacces-

1948 2012 2015 2049 su
2043 1994 2340 2062 difficiles,
2364 2012 2499 2051 cum
2524 2012 2591 2051 ea
2612 1996 2925 2051 hominum
2975 2013 3158 2052 manu
3180 2015 3359 2069 quam
3391 2016 3594 2055 secum

1948 2084 2225 2147 habebat,
2268 2084 2522 2156 pedibus
2553 2086 2930 2156 pervasisset,
2964 2088 3035 2142 ad
3057 2087 3357 2143 tumulum
3389 2106 3601 2161 quem-

1950 2173 2085 2229 dam
2118 2172 2509 2245 profectus,in
2537 2173 2910 2247 ejusfastigio
2936 2177 3320 2231 eremitarum
3340 2182 3599 2234 turmam

1950 2262 2426 2318 inambulantem
2457 2264 2678 2329 cernit;
2714 2263 3002 2333 nullaque
3027 2264 3381 2336 interposita
3410 2282 3599 2337 mora,

1950 2368 2050 2407 eos
2072 2352 2145 2407 ad
2168 2368 2231 2407 se
2253 2352 2890 2423 adducijubet.Milites
2915 2352 3115 2423 itaque
3140 2354 3453 2409 celerrimo
3467 2372 3604 2411 cur-

1950 2458 2039 2509 su,
2066 2448 2243 2513 atque
2265 2441 2365 2497 alii
2386 2441 2535 2496 alios
2558 2447 2923 2497 antevertere
2942 2443 3601 2513 contendentes,tumu-

1949 2531 2074 2586 lum
2099 2535 2325 2603 petunt.
2352 2532 2550 2602 quue
2574 2548 2709 2587 cum
2734 2532 3165 2602 pervenissent,
3190 2532 3601 2588 circumdede-

1951 2625 2090 2675 runt
2120 2637 2219 2674 eos
2247 2606 2526 2689 tanquam
2553 2636 2730 2674 canes
2752 2620 2924 2674 multi
2949 2621 3117 2691 (Psal.
3165 2623 3306 2691 xxi),
3340 2626 3442 2677 aut
3472 2628 3601 2677 tan-

1953 2725 2130 2778 quam
2152 2708 2446 2778 pestiferae
2470 2708 2741 2778 quazdam
2764 2714 2823 2763 et
2849 2708 3397 2776 humanesbelluae;
3424 2715 3601 2780 atque

1954 2798 2113 2869 ipsos
2145 2803 2268 2851 tum
2291 2797 2409 2851 oris
2434 2797 2651 2867 specie,
2679 2803 2800 2851 tum
2824 2797 3029 2850 habitu
3060 2797 3603 2859 venerandos,soli-

1956 2886 2238 2957 tarizeque
2274 2886 2713 2940 exercitationis
2765 2892 2936 2940 notas
2992 2885 3054 2939 in
3110 2885 3272 2939 vultu
3320 2886 3602 2954 ferentes,

1955 2974 2487 3047 comprehendunt,
2520 2980 2901 3046 raptatosque
2936 2975 3147 3030 Arachi
3181 2974 3483 3041 exhibent,
3518 2974 3603 3030 sic

1958 3066 2156 3121 animo
2176 3069 2566 3135 comparatos,
2599 3070 2665 3117 ut
2685 3080 2794 3118 nec
2816 3064 2939 3118 ullo
2962 3064 3138 3119 modo
3179 3062 3607 3135 perturbaren-

1963 3160 2075 3221 tur,
2100 3170 2208 3208 nec
2232 3153 2504 3226 ignavum
2520 3152 2746 3223 aliquid
2761 3170 2827 3207 ac
2847 3152 3013 3208 triste
3028 3153 3117 3208 vel
3140 3170 3259 3225 prae
3281 3170 3341 3207 se
3360 3152 3604 3222 ferrent,

1952 3244 2043 3298 vel
2078 3243 2487 3314 loquerentur.
2522 3243 2629 3307 Qui
2662 3247 2859 3297 autem
2887 3243 3049 3313 ipsos
3081 3259 3290 3298 omnes
3314 3247 3603 3313 tanquam

1954 3333 2201 3388 antistes
2232 3331 2500 3403 prazibat,
2528 3348 2596 3386 ex
2628 3331 2821 3387 cilicio
2854 3338 3189 3388 contextam
3208 3349 3434 3403 peram,
3460 3348 3604 3402 quo-

1956 3421 2227 3477 rumdam
2260 3425 2601 3476 sanctorum
2632 3423 2893 3487 Patrum,
2926 3422 3025 3492 qui
3059 3437 3129 3476 ex
3159 3422 3268 3477 hac
3314 3421 3432 3477 vita
3480 3421 3607 3477 dis-

1956 3515 2277 3578 cesserant,
2311 3510 2580 3581 reliquiis
2611 3509 2938 3565 confertam
2969 3511 3257 3583 gestabat.

2027 3602 2372 3674 Conspectis
2409 3607 2608 3656 autem
2641 3602 2787 3673 ipsis
2818 3601 3101 3667 Araches,
3134 3606 3200 3656 ut
3230 3602 3608 3657 Barlaamum

1960 3691 2206 3745 minime
2225 3690 2371 3745 vidit
2391 3692 2550 3759 (nam
2575 3707 2708 3745 eum
2734 3692 2924 3761 norat)
2946 3707 3198 3746 mmrore
3222 3690 3609 3746 conturbatus

1960 3785 2067 3844 est,
2089 3786 2263 3850 atque
2280 3779 2352 3834 ad
2376 3796 2477 3834 eos
2499 3779 2679 3833 dixit:
2713 3777 2961 3835 Ubinam
2980 3780 3369 3851 estimpostor
3385 3780 3486 3835 ille
3509 3779 3612 3853 qui

1960 3870 2113 3942 regis
2138 3869 2326 3924 filium
2352 3870 2412 3923 in
2435 3885 2695 3924 errorem
2712 3869 3054 3925 induxit?Is
3077 3874 3276 3925 autem
3294 3870 3614 3942 quiperam

1961 3959 2229 4032 gestabat
2246 3958 2554 4030 respondit
2580 3975 2592 4012 2
2618 3961 2744 4013 Non
2769 3965 2859 4014 est
2878 3958 2979 4014 ille
3007 3960 3162 4013 inter
3182 3976 3311 4024 nos,
3337 3959 3494 4015 absit
3512 3960 3615 4030 (si-

1963 4048 2224 4119 quidem,
2247 4048 2463 4102 Christi
2485 4048 2674 4119 gratia
2692 4047 2920 4119 pulsus,
2946 4065 2980 4102 a
3002 4047 3173 4102 nobis
3194 4048 3384 4120 fugit),
3413 4064 3616 4103 verum

1962 4136 2117 4208 apud
2137 4153 2236 4191 vos
2261 4136 2632 4191 domicilium
2668 4136 2862 4190 habet.
2890 4137 3035 4190 Eum
3062 4152 3220 4207 ergo,
3254 4135 3448 4205 inquit
3477 4134 3615 4203 dux,

1964 4227 2120 4281 nosti
2136 4226 2365 4284 ?Certe.
2383 4225 2577 4296 inquit
2598 4225 2865 4291 eremita,
2892 4240 3023 4278 eum
3042 4224 3141 4293 qui
3158 4223 3449 4294 impostor
3469 4222 3619 4278 dici-

1965 4322 2060 4370 tur
2074 4315 2228 4379 novi,
2254 4316 2363 4369 hoc
2381 4320 2469 4369 est
2486 4313 2808 4379 diabolum,
2838 4314 2935 4383 qui
2953 4312 3013 4366 in
3030 4313 3225 4366 medio
3244 4312 3420 4367 vestri
3444 4311 3619 4366 habi-

1966 4410 2068 4471 tat,
2098 4410 2272 4474 atque
2296 4419 2331 4457 a
2351 4403 2515 4457 vobis
2558 4401 2840 4456 adoratur
2870 4406 2929 4455 et
2958 4399 3189 4455 colitur.
3225 4400 3327 4456 Hic
3354 4399 3471 4455 dux
3496 4416 3509 4454 :
3538 4402 3617 4456 De

1968 4493 2235 4548 Barlaam
2262 4508 2366 4564 ego
2394 4507 2617 4562 quaero,
2643 4491 2835 4563 deque
2860 4507 2928 4545 eo
2960 4489 3352 4562 percontabar
3371 4489 3618 4545 ubinam

203 4585 334 4659 Περὶ
364 4583 461 4637 τοῖ’)
495 4580 760 4655 Βαρλαάμ
784 4578 890 4657 ἐγὼ
921 4582 1022 4650 τήν
1056 4582 1282 4651 ζήτησιν
1334 4575 1471 4656 ἔχω,
1520 4582 1610 4635 καὶ
1655 4586 1841 4637 τοῦτοι

1966 4588 2137 4637 esset.
2163 4581 2482 4635 Monachus
2506 4584 2703 4634 autem
2729 4596 2741 4633 :
2772 4580 2887 4634 Cur
2910 4580 3109 4652 igitur,
3137 4578 3352 4650 inquit,
3387 4595 3619 4650 praepo-

203 4672 426 4747 ἠρόμην
470 4692 527 4726 σε
578 4675 765 4744 μαθεῖν
823 4673 928 4724 ποῦ
982 4667 1145 4725 ἔστιν·
1188 4671 1423 4728 196⁸0
1477 4667 1533 4725 δὲ
1590 4670 1853 4747 μοναχός*

206 4761 311 4817 Καὶ
333 4757 429 4813 ⁴ἶνα
455 4759 534 4829 τί,
575 4758 762 4834 φησὶν,
820 4755 1193 4829 ἁλληνάλλως
1240 4756 1537 4829 ἐλάλησας,
1588 4760 1711 4834 περῖ
1760 4762 1856 4813 τοῦ

205 4849 578 4921 ἀπατήσαντος
605 4848 695 4903 τὸν
727 4847 845 4902 υἱὸν
876 4852 972 4902 τοῦ
1006 4846 1274 4923 βασιλέως
1306 4849 1403 4918 τήν
1439 4852 1626 4903 πεῦσιν
1682 4868 1857 4920 προσ-

208 4939 463 5017 αγαγὼν;
498 4937 673 5014 εἷγᾶρ
703 4938 797 4993 τὸν
848 4936 1112 5013 Βαρλααμ
1160 4936 1387 5007 ἐζήτείς,
1443 4934 1550 4992 ἔδει
1608 4957 1666 4991 σε
1722 4938 1852 4991 πάν-

206 5052 312 5094 τως
340 5028 533 5085 εἲπεῖψ
592 5031 704 5083 Ποῦ
765 5024 905 5082 ἔστιν
940 5027 967 5081 6
997 5024 1058 5081 ἐκ
1111 5029 1213 5092 τῆς
1263 5026 1479 5095 πλάνης
1534 5024 1859 5100 ἐπιστρέψας

206 5120 289 5174 καὶ
352 5118 533 5179 σώσας
595 5116 686 5171 τὸν
751 5120 847 5171 τοῦ
910 5113 1181 5189 βασιλέως
1233 5113 1390 5183 υἱόν;
1456 5116 1698 5179 Ἐκεῖνος
1753 5115 1855 5189 γὰρ

1969 4676 2121 4726 stere
2137 4671 2368 4726 locutus
2382 4688 2442 4724 es
2467 4669 2537 4725 de
2557 4685 2623 4723 eo
2640 4669 2740 4741 qui
2758 4670 2912 4742 regis
2928 4669 3049 4725 ﬁlio
3065 4669 3460 4741 imposturam
3476 4668 3618 4723 fecit

1966 4777 2059 4816 me
2080 4759 2491 4833 interrogans?
2509 4759 2652 4814 Nam
2678 4758 2726 4813 si
2752 4758 3122 4815 Barlaamum
3145 4758 3475 4830 quwrebas,
3491 4774 3620 4813 om-

1967 4850 2108 4906 nino
2133 4851 2213 4906 ita
2230 4850 2392 4921 loqui
2417 4849 2758 4922 oportebat:
2795 4849 3046 4905 Ubinam
3075 4848 3177 4905 ille
3210 4854 3299 4903 est
3328 4848 3428 4921 qui
3462 4848 3616 4920 regis

1969 4940 2159 4995 ﬁlium
2178 4939 2249 4995 ab
2274 4955 2470 4995 errore
2498 4939 2560 4994 in
2582 4940 2733 4995 viam
2755 4937 3011 5005 reduxit,
3035 4954 3103 4993 ac
3128 4937 3318 4993 salute
3341 4935 3619 4993 donavit?

1966 5030 2111 5085 Nam
2126 5028 2228 5083 ille
2240 5028 2423 5085 frater
2435 5032 2639 5082 noster
2652 5033 2764 5095 est,
2787 5044 2854 5083 ac
2868 5026 3158 5100 religiosae
3177 5025 3619 5082 exercitationis

1970 5118 2184 5173 socius.
2213 5117 2377 5173 Multi
2402 5122 2600 5173 autem
2617 5117 2745 5188 jam
2774 5117 2898 5171 dies
2923 5121 3214 5172 suntcum
3234 5132 3369 5171 eum
3392 5131 3512 5172 non
3535 5113 3623 5169 vi-

276 5274 351 5343 (6)
392 5274 440 5327 Α
472 5270 601 5344 sine
623 5270 1071 5344 prmpositione,
1102 5265 1345 5332 ὁδεύσας,
1379 5268 1610 5325 Psellus
1637 5270 1837 5344 Dedaa

1954 5288 2003 5325 n.
2040 5287 2149 5344 pag
2203 5272 2308 5325 54:
2341 5266 2543 5344 κλόνον
2573 5266 2634 5344 ού
2670 5266 3218 5344 μέτριονιέργάζεναι.
3253 5267 3338 5323 Ibi
3382 5266 3619 5344 plenius

210 5336 992 5415 codex_l3l0,éfnepi&Ce-taz.
1039 5336 1263 5398 Rursus
1321 5358 1451 5414 pag.
1514 5344 1619 5397 5‘7:
1681 5342 1788 5397 Τὸν

1956 5336 2057 5396 vri
2100 5336 2275 5415 νεκρῴ
2334 5336 2720 5414 παραπλήσιον
2774 5336 3083 5413 ’ἐργάζεταυ
3145 5357 3352 5395 rursus
3383 5336 3614 5409 codex,

206 5410 560 5489 ἀπεργάζεται
573 5456 585 5467 .

275 5480 445 5553 (πα
479 5480 784 5557 σήμανδρα.

276 5560 357 5629 (8)
386 5558 449 5624 C,
517 5554 791 5627 ενόμενον.
826 5556 1070 5612 Illorum
1102 5557 1549 5629 participiorum
1576 5562 1841 5629 permuta

276 5626 425 5682 επεὺς
456 5576 515 5682 δῖ
541 5632 643 5681 ica
671 5629 737 5682 ἦν
767 5627 829 5682 τὸ
858 5628 1163 5682 γενόμενον
1185 5631 1398 5682 σγῆιια.
1424 5629 1798 5682 Coniectura.
1832 5650 1841 5681 ι

1954 5575 2078 5614 mem
2110 5557 2275 5630 attigi
2308 5555 2377 5612 ad
2414 5555 2597 5612 Nicct.
2634 5573 2689 5628 p.
2728 5558 2845 5610 152.
2882 5554 3075 5627 Lydus
3106 5555 3184 5609 De
3217 5558 3329 5610 ost.
3362 5556 3395 5608 2
3425 5570 3485 5624 p.
3539 5556 3615 5608 2:

1954 5651 1962 5682 ι
1994 5630 2106 5682 fuit
2136 5630 2215 5682 ibi
2250 5628 2568 5682 oronosita.
2616 5624 2939 5682 λεγόμενον.
2969 5627 3318 5682 neutiquam
3350 5641 3479 5682 esse
3512 5637 3615 5679 ne-

204 5700 472 5758 cessaria
498 5699 751 5757 videtur.

541 5624 643 5705 ᾇρα
671 5629 737 5694 ἦν
767 5627 829 5682 τὸ
858 5624 1163 5701 γενόμενον
1185 5624 1398 5703 σχῆμα.
1424 5624 1798 5700 Conjectura,
1832 5650 1841 5681 ι

1954 5651 1962 5684 ι
1994 5630 2106 5684 fuit
2136 5624 2568 5702 ibi'proposita,
2616 5624 2939 5700 Xeyépevov,
2969 5627 3318 5705 neutiquam
3350 5641 3479 5682 esse
3512 5637 3618 5679 nec
3660 5684 3669 5699 γλ
