4010 6206
154 418 157 431 ’
198 402 338 474 10⁵77

1366 424 1535 477 νισι-Α
1572 402 2054 474 nAaLA‘m‘m
2085 419 2432 475 magna.

3415 393 3600 482 “iiiis

198 541 389 603 σκότος
418 538 695 618 ἐξέφυγον,
725 545 804 614 τῷ
835 542 975 621 φωτῖ
1004 540 1400 621 προσδραμών
1432 544 1523 601 καὶ
1560 544 1662 613 τὴν
1694 539 1839 597 πλά-

1953 540 2183 599 inflcias
2213 543 2438 601 iverim.
2466 544 2749 602 Tenebris
2773 545 2934 602 enim
2955 545 3092 619 fuga
3120 541 3367 619 relictis,
3401 550 3474 606 ad
3507 546 3603 609 lu-

188 652 291 702 νην
322 626 613 701 ἀπέλιπον,
642 634 712 707 τῇ
744 632 976 708 ἀληθείᾳ
1004 633 1327 699 οἷ’κειωθείς’
1360 634 1473 707 καὶ,
1508 639 1624 698 τοῖς
1649 630 1844 705 δσίμο-

191 740 273 774 σιν
332 721 487 780 210
532 721 966 796 ἀποταξάμενος,
1026 724 1246 801 Χριστῷ
1303 723 1674 798 συνεταξάμην
1708 724 1844 797 (40),

190 813 272 882 τῷ
300 814 399 866 τοῦ
428 815 562 866 Θεοῦ
609 812 699 867 καὶ
749 812 959 889 Πατρὸς
1005 814 1117 887 Υἱῷ
1164 814 1254 870 καὶ
1303 814 1487 890 Λόγῳ,
1542 814 1603 868 οὗ
1633 818 1710 885 τῷ
1744 811 1849 889 ῥή-

195 920 325 973 ματι
347 901 613 977 παρήχθη
645 898 709 956 τὸ
736 908 840 957 πᾶν
871 901 931 958 ἐκ
964 904 1041 977 μὴ
1065 902 1256 976 ὅντων,
1283 902 1344 966 ὅς
1365 903 1477 972 καὶ,
1508 903 1600 959 τὸν
1633 900 1848 978 ἄνθρω-

187 1010 293 1045 πον
325 988 385 1045 ἐκ
414 991 549 1067 χοὸς
582 988 906 1063 διαπλάσας,
960 993 1194 1063 ζωτικὴν
1244 991 1538 1070 ἐνεφύσησε
1568 993 1761 1062 πνοὴν,
1794 989 1846 1045 ἐν

189 1076 508 1156 παραδείσῳ
560 1101 620 1137 τε
677 1083 794 1156 (41)
876 1087 980 1152 τῆς
1035 1089 1246 1161 τρυφῆς
1309 1079 1457 1138 ἔθετο
1517 1079 1843 1151 διαιτᾶσθαι,

185 1164 508 1245 παραϐάντα
564 1167 622 1226 δὲ
694 1172 792 1240 τὴν
851 1169 1082 1241 ἐντολὴν
1129 1171 1294 1228 αὐτοῦ
1348 1172 1439 1228 καὶ
1494 1177 1576 1246 τῷ
1634 1170 1846 1245 θανάτῳ

189 1257 456 1316 ὑπόδικον
486 1260 799 1336 γενόμενον,
846 1266 916 1336 τῇ
973 1261 1185 1336 ἐξουσίᾳ
1206 1284 1265 1319 τε
1293 1268 1394 1318 τοῦ
1427 1260 1605 1318 δεινοῦ
1633 1282 1842 1335 κοσμο-

184 1348 465 1423 κράτορος
496 1351 611 1425 (42)
661 1348 992 1426 ὑπαχθέντα,
1054 1352 1154 1408 οὐκ
1205 1352 1407 1424 ἀπέστη
1467 1354 1638 1409 πάντα
1667 1356 1841 1407 ποιῶν

183 1439 333 1513 πρὸς
384 1439 487 1509 τήν
545 1439 779 1517 ἀρχαίαν
843 1440 1182 1517 βουλόμενος
1240 1442 1599 1519 ἐπαναγαγεῖν
1653 1445 1842 1518 τιμήν.

187 1529 290 1584 Διὸ
350 1527 513 1592 αὐτὸς
565 1529 594 1585 6
651 1530 830 1603 πάσης
883 1538 987 1602 τῆς
1039 1533 1265 1597 κτίσεως
1318 1535 1576 1605 ποιητὴς,
1625 1533 1845 1589 καὶτοῦ

184 1619 469 1692 ἡμετέρου
525 1619 713 1696 γὲνους
774 1619 1133 1698 δημιουργὰς,
1187 1625 1472 1701 ἄνθρωπος
1532 1624 1741 1700 ἐγένετο
1774 1622 1845 1679 δι’

188 1710 352 1782 ἡμᾶς
404 1708 496 1764 καὶ
554 1707 641 1765 ἐπὶ
696 1717 798 1787 γῆς
844 1710 1015 1768 ἐλθὼν
1069 1712 1129 1769 ἐκ
1190 1715 1459 1789 Παρθένου
1516 1712 1669 1790 ἁγίας
1727 1720 1843 1778 τοῖς

184 1795 511 1875 ἀνθρώποις
574 1802 1017 1880 συνανεστρέφετο
1099 1806 1233 1874 (43),
1293 1804 1382 1860 καὶ
1473 1804 1606 1881 ὑπὲρ
1682 1805 1845 1877 ἡμῶν

1952 649 2081 688 cem
2105 634 2355 701 accurri,
2380 651 2447 690 ac
2478 635 2684 691 relicto
2713 651 2913 692 errore
2936 634 3009 691 ad
3031 634 3338 692 veritatem
3366 653 3463 693 me
3486 640 3598 694 ad-

1944 722 2150 795 junxi;
2183 725 2515 796 nuntioque
2547 724 2920 781 daemonibus
2966 725 3242 795 remisso,
3274 725 3350 782 ad
3382 725 3601 785 Christi

1951 812 2194 869 ordines
2216 831 2310 870 me
2333 814 2691 887 contuli,qui
2712 815 2813 871 Dei
2836 815 3028 871 Patris
3049 814 3231 871 Filius
3253 832 3322 872 ac
3346 815 3602 874 Verbum

1953 911 2062 975 est,
2085 906 2375 979 cujusque
2406 908 2583 963 verbo
2615 907 2816 964 omnia
2842 925 2910 964 ex
2951 907 3139 963 nihilo
3160 906 3221 964 in
3245 915 3443 966 ortum
3465 927 3605 983 pro-

1950 995 2131 1052 ducta
2152 1002 2310 1068 sunt,
2343 998 2563 1069 quique
2602 997 2798 1055 efﬁcto
2833 1015 2863 1054 e
2908 1003 3067 1054 terra
3091 998 3333 1055 homine
3362 999 3603 1058 vitalem

1950 1086 2062 1159 ipsi
2083 1087 2358 1159 spiritum
2376 1087 2988 1160 insufflavit,eumque
3012 1088 3074 1145 in
3098 1088 3420 1161 voluptatis
3438 1107 3607 1163 para-

1951 1175 2173 1242 diso,ut
2192 1176 2315 1231 illic
2337 1177 3203 1251 degeret,collocavit.Cumque
3225 1177 3413 1251 ipsius
3434 1194 3601 1236 man-

1949 1264 2152 1321 datum
2192 1265 2491 1335 violasset,
2543 1267 2839 1338 mortique
2885 1266 3136 1340 proinde
3186 1266 3507 1323 obnoxium
3539 1285 3602 1325 se

1946 1354 2511 1428 reddidisset,atque
2529 1357 2811 1413 horrendi
2831 1356 3032 1413 mundi
3050 1356 3337 1429 principis
3339 1362 3606 1430 potesta-

1948 1445 1990 1501 ti
2016 1445 2143 1517 subj
2155 1446 2387 1512 ecisset,
2413 1464 2533 1502 non
2559 1452 2757 1504 tamen
2779 1447 2979 1503 omnia
2999 1447 3192 1503 facere
3214 1446 3462 1515 destitit,
3487 1464 3604 1521 quo

1949 1552 2086 1591 eum
2111 1535 2181 1590 ad
2205 1536 2518 1607 pristinam
2553 1534 2901 1609 dignitatem
2926 1538 3340 1593 revocaret.Ac
3362 1541 3598 1609 propte-

1946 1641 2050 1681 rea
2070 1624 2171 1680 ille
2194 1642 2396 1680 rerum
2430 1626 2700 1681 omnium
2733 1624 3107 1680 conditarum
3138 1625 3400 1691 eﬂ‘ector,
3424 1630 3607 1698 gene-

1948 1714 2151 1786 risque
2173 1716 2361 1770 nostri
2386 1716 2767 1782 architectus,
2796 1719 3000 1770 nostra
3020 1729 3199 1770 causa
3224 1713 3402 1768 homo
3427 1714 3605 1769 eﬂ'ec-

1949 1810 2042 1860 tus
2066 1810 2173 1871 est,
2191 1812 2367 1876 atque
2389 1804 2451 1860 in
2477 1810 2693 1860 terram
2716 1803 2981 1872 veniens,
3006 1806 3065 1859 et
3085 1819 3116 1858 e
3139 1807 3345 1859 sancta
3364 1800 3602 1875 Virgine

180 1893 302 1944 τῶν
355 1888 687 1966 ἀγνωμόνων
748 1891 972 1948 οίκετῶν
1033 1895 1061 1949 6
1120 1893 1396 1965 Δεσπότης
1454 1894 1679 1950 θάνατον
1713 1915 1838 1950 κατ-

1953 1911 2225 1961 nascens,
2275 1911 2410 1951 cum
2458 1893 2801 1951 hominibus
2850 1892 3344 1949 consuetudinem
3391 1888 3604 1947 habuit

180 1976 412 2051 εδὲξατο
463 1980 553 2036 καὶ
611 1980 834 2038 θάνατον
896 1982 989 2039 τὸν
1074 1980 1164 2039 διὰ
1216 1988 1449 2060 σταυροῦ
1499 1986 1633 2058 (44),
1688 1984 1838 2048 ’ὁπως

176 2067 333 2144 λυθῇ
362 2075 466 2141 τῆς
511 2070 775 2145 ἁμαρτίας
823 2073 858 2143 ἠ
907 2073 1179 2148 τυραννὶς,
1230 2072 1378 2136 ὅπως
1407 2075 1442 2144 ἡ
1475 2072 1713 2150 προτέρα
1741 2095 1841 2129 κα·-

175 2156 385 2231 ταδίκη
418 2159 696 2236 ἀναιρεθῇ,
726 2160 876 2225 ὅπως
915 2161 1168 2238 ἀνοιγῶσι
1223 2159 1388 2218 πάλιν
1420 2164 1557 2236 ἡμῖν
1587 2163 1642 2218 αἱ
1672 2164 1841 2236 οὖρα-

178 2255 287 2306 νοῦ
315 2248 510 2311 πῦλαι.
569 2257 715 2308 Ἐκεῖ
766 2252 867 2331 γάρ
925 2254 1025 2323 τήν
1084 2254 1238 2331 φύσιν
1294 2255 1453 2328 ἡμῶν
1487 2254 1720 2331 ἀνήγαγε
1750 2252 1839 2310 καὶ

180 2338 280 2395 ἐπὶ
313 2338 510 2415 θρόνου
553 2337 713 2414 δόξης
770 2341 1039 2410 κεκάθικε,
1087 2341 1363 2419 βασιλείαν
1394 2364 1452 2398 τε
1480 2344 1579 2413 τήν
1611 2342 1840 2399 ἀτελεύ-

178 2451 356 2500 τητον
388 2427 704 2504 ἐδωρήσατο
737 2434 882 2489 211
919 2437 1036 2497 τοῖς
1082 2430 1238 2488 αὐτὸν
1271 2433 1523 2508 ἀγαπῶσι
1551 2433 1641 2488 καὶ
1673 2433 1844 2508 ἁγαθά

182 2522 262 2577 ’τά
284 2519 568 2597 κρείττονα
597 2523 686 2578 καὶ
718 2520 892 2599 λόγου
938 2523 1028 2578 καὶ
1078 2523 1266 2598 ἀκοῇς.
1308 2523 1481 2586 Αὐτὸς
1509 2523 1609 2601 γὰρ
1641 2524 1779 2578 ἐστιν
1814 2525 1842 2580 6

184 2611 453 2686 κραταιὸς
509 2610 598 2667 καὶ
657 2610 826 2685 μόνος
886 2609 1146 2684 δυνάστης
1200 2616 1332 2687 (45),
1382 2615 1410 2668 6
1441 2612 1706 2678 Βασιλεὺς
1732 2617 1840 2668 τῶν

204 2697 607 2776 βασιλευόντων
665 2700 756 2756 καὶ
810 2702 1007 2779 Κύριος
1061 2706 1169 2757 τῶν
1225 2696 1582 2776 κυριευόντων
1615 2706 1748 2776 (46),
1783 2702 1843 2757 οὗ

191 2791 266 2844 τὸ
323 2789 517 2863 κράτος
567 2786 787 2867 ἅμάχον
841 2790 931 2847 καὶ
987 2793 1023 2863 ἡ
1084 2788 1367 2848 δυναστεῖα
1421 2790 1753 2859 ἀνείκαστος,
1815 2791 1843 2845 6

186 2876 366 2953 μόνος
397 2881 554 2955 ἅγιος
597 2881 689 2936 καὶ
743 2880 795 2936 ἐν
853 2880 1027 2956 ἁγίοις
1082 2880 1509 2956 ἀναπαυόμενος,
1545 2881 1573 2936 6
1606 2880 1696 2935 σὺν
1733 2882 1847 2937 Πα-

179 2969 280 3040 τρὶ
324 2971 415 3022 καὶ
466 2969 608 3044 ἁγίῳ
653 2970 927 3045 Πνεύματι
978 2969 1358 3045 δοξαζόμενος,
1405 2969 1480 3033 εἷς
1525 2969 1557 3025 ἃ
1586 2965 1846 3045 βεϐάπτι-

182 3079 349 3131 σμαι.
418 3057 518 3116 Καὶ
570 3059 854 3136 ὁμολογῶ,
911 3058 1116 3132 δοξάζω
1172 3082 1231 3116 τε
1287 3059 1377 3115 καὶ
1434 3064 1718 3137 προσκυνῶ
1756 3057 1845 3115 ἕνα

182 3149 325 3204 Θεὸν
360 3148 414 3204 ἐν
470 3150 644 3221 τρισὶν
706 3148 1056 3205 ὖποστάίσεσιν
1114 3148 1411 3223 ὁμοούσιόν
1452 3171 1510 3206 τε
1551 3149 1639 3205 καί
1674 3148 1843 3227 ἀσύγ-

1949 1986 2207 2057 (Baruch.
2239 1985 2340 2056 ιιι).
2374 1988 2457 2041 Ac
2486 2002 2592 2057 pro
2622 1983 2795 2039 nobis
2826 1983 3073 2057 ingratis
3096 1983 3279 2039 servis
3312 1972 3600 2037 Dominus

1948 2080 2202 2131 mortem
2226 2073 2492 2143 subiit,et
2510 2072 2753 2145 quidem
2770 2078 3023 2129 mortem
3044 2073 3236 2129 crucis
3258 2070 3488 2143 (Philip.
3508 2069 3593 2142 ιι),

1947 2170 2014 2221 ut
2037 2165 2314 2221 videlicet
2351 2164 2572 2237 peccati
2605 2162 2874 2235 tyrannis
2916 2162 2990 2217 de
3038 2160 3234 2217 medio
3267 2158 3596 2230 tolleretur,

1947 2258 2230 2331 priorque
2286 2253 2703 2312 condemnatio
2755 2252 3075 2316 deleretur,
3127 2268 3195 2307 ac
3247 2248 3380 2307 caeli
3413 2253 3597 2322 porta:

1950 2346 2122 2405 nobis
2140 2361 2377 2402 rursum
2400 2347 2689 2416 paterent.
2714 2344 2858 2399 Nam
2878 2341 3020 2396 illuc
3037 2345 3310 2397 naturam
3330 2343 3602 2395 nostram

1951 2437 2159 2499 evexit,
2184 2442 2361 2508 atque
2392 2433 2454 2489 in
2484 2433 2686 2507 glorias
2715 2432 2928 2488 throno
2960 2428 3290 2496 collocavit,
3324 2434 3605 2501 regnum-

1949 2545 2065 2600 que
2117 2526 2254 2581 ﬁnis
2305 2540 2535 2596 expers,
2586 2522 2658 2578 iis
2704 2521 2806 2594 qui
2860 2520 3048 2593 ipsius
3104 2535 3306 2576 amore
3367 2516 3606 2591 prasditi

1950 2623 2108 2683 sunt,
2141 2613 2396 2679 donavit,
2421 2612 2696 2683 bonaque
2717 2610 2879 2666 omni
2904 2626 3177 2665 sermone
3195 2613 3374 2680 atque
3396 2605 3605 2663 auditu

1949 2703 2365 2777 praestantiora
2385 2702 2436 2771 (Ι
2453 2702 2578 2756 Cor.
2602 2701 2683 2770 ιι).
2709 2700 2840 2771 Ipse
2873 2698 3035 2754 enim
3063 2704 3152 2753 est
3179 2696 3348 2752 fortis
3380 2695 3504 2762 ille,
3535 2711 3607 2751 ac

1951 2793 2113 2849 solus
2135 2791 2493 2863 potens,Rex
2523 2804 2729 2862 regum
2762 2792 2819 2842 et
2845 2787 3130 2841 Dominus
3162 2783 3604 2840 dominantium

1951 2882 2149 2953 (Apoc.
2183 2881 2319 2951 χιχ),
2348 2878 2520 2949 cujus
2567 2876 2750 2932 robur
2800 2875 3085 2930 invictum
3110 2877 3222 2937 est,
3255 2878 3313 2927 et
3336 2871 3604 2947 potentia

1952 2968 2244 3043 ejusmodi
2265 2985 2396 3040 quae
2415 2982 2653 3021 omnem
2672 2963 2892 3035 ingenii
2908 2963 3313 3035 conjecturam
3334 2957 3600 3025 excedat;

1954 3058 2052 3131 qui
2095 3058 2257 3114 solus
2290 3062 2530 3113 sanctus
2580 3060 2691 3119 est,
2723 3060 2779 3110 et
2827 3054 2888 3109 in
2920 3050 3143 3109 sanctis
3175 3050 3601 3123 requiescens;

1953 3148 2053 3221 qui
2077 3165 2211 3204 cum
2234 3149 2404 3203 Patre
2425 3152 2483 3202 et
2503 3145 2723 3219 Spiritu
2741 3148 2944 3201 sancto
2967 3140 3352 3217 gloriﬁcatur;
3373 3138 3434 3195 in
3457 3152 3604 3211 quo-

179 3257 388 3314 χυτον,
440 3235 689 3294 ἅκτιστόν
744 3259 802 3294 τε
856 3238 946 3294 καὶ
1002 3240 1285 3311 ἀθάνατον,
1316 3238 1561 3309 αἰώνιον,
1594 3237 1836 3313 ἄπειρον,

1957 3257 2089 3295 rum
2111 3237 2350 3293 nomine
2372 3236 2698 3309 baptizatus
2715 3251 2870 3304 sum,
2890 3239 2949 3290 et
2967 3250 3114 3305 quos
3133 3227 3606 3296 conﬁteor,cele-

178 3325 597 3402 ἆπεριόριστον,
630 3326 941 3400 ἀσώματον,
975 3326 1176 3397 ἀπαθῆ,
1209 3327 1495 3403 ἄτρεπτον,
1528 3325 1842 3383 ἀναλλοίω-

172 3436 279 3473 τον
340 3419 475 3489 (47),
533 3415 807 3491 ἀόριστον,
864 3417 1047 3491 πηγὴν
1106 3417 1444 3494 ἀγαθότητος
1502 3419 1592 3474 καὶ
1627 3415 1845 3474 δικαιο-

178 3502 355 3575 σύνης
388 3504 478 3560 καὶ
531 3504 709 3582 φωτὸς
768 3502 971 3578 ἀϊδίου,
1022 3508 1238 3563 πάντων
1291 3509 1602 3581 κτισμάτων
1637 3507 1844 3580 ὁρατῶν

177 3616 248 3651 τε
301 3594 398 3650 καὶ
458 3593 703 3669 ἀοράτων
759 3597 1022 3668 ποιητὴν,
1082 3595 1384 3673 συνέχοντά
1438 3618 1497 3653 τε
1546 3598 1720 3651 πάντα
1757 3598 1847 3652 καὶ

191 3688 591 3760 συντηροῦντα,
646 3684 861 3741 πάντων
948 3687 1376 3762 προνοούμενον,
1434 3687 1739 3761 κρατοῦντά
1791 3708 1851 3743 τε

186 3777 414 3830 πάντων
473 3773 567 3830 καί
628 3773 1010 3852 βασιλεύοντα.
1072 3772 1210 3834 Οὔτε
1262 3777 1363 3852 γάρ
1421 3775 1628 3853 ἒγὲνειό
1658 3780 1846 3832 τιτῶν

190 3885 373 3921 οντων
429 3864 609 3941 χωρὶς
662 3865 839 3944 αὐτοῦ,
882 3869 1015 3940 (48),
1075 3862 1201 3922 οὔτε
1250 3873 1351 3936 τῆς
1396 3864 1559 3921 αὐτοῦ
1590 3866 1852 3942 προνοίας

186 3953 324 4013 ἄνευ
382 3957 723 4021 συνίστασθαι
782 3980 834 4013 τι
896 3955 1135 4014 δύναται·
1195 3955 1353 4021 αὐτὸς
1410 3959 1513 4035 γάρ
1574 3956 1848 4014 ἒσειπάν-

182 4065 303 4100 των
337 4047 372 4115 ἢ
407 4047 546 4117 ζωὴ,
578 4045 792 4102 πάντων
844 4049 879 4117 ἡ
931 4046 1204 4119 σύστασις,
1237 4045 1451 4103 πάντων
1485 4049 1514 4103 6
1546 4049 1849 4126 φωτισμὸς,

189 4133 338 4196 ὅλος
370 4135 686 4211 γλυκασμὸς
734 4136 823 4192 καὶ
876 4136 1133 4212 ἐπιθυμία
1172 4137 1485 4215 ἀκόρεστος,
1518 4138 1607 4193 καὶ
1640 4139 1854 4195 πάντων

185 4226 307 4278 τῶν
367 4220 574 4302 ἐφετῶν
626 4226 688 4281 τὸ
745 4225 1064 4301 ἀκρότατον.
1124 4227 1203 4284 Τὸ
1260 4225 1579 4283 καταλιπεῖν
1639 4226 1729 4283 οὖν
1759 4229 1851 4284 τὸν

194 4310 381 4373 οὓτως
409 4312 633 4387 ἀγαθὸν,
686 4312 829 4369 οὕτω
878 4315 1065 4394 σοφὸν,
1107 4313 1278 4369 οὕτων
1326 4312 1546 4371 δυνατὸν
1580 4317 1731 4386 Θεὸν,
1763 4316 1853 4371 καὶ

195 4396 463 4472 δαίμοσιν
496 4399 839 4477 ἀκαθάρτοις,
865 4400 1227 4480 δημιουργοῖς
1260 4406 1471 4461 πάντων
1501 4411 1610 4462 τῶν
1644 4408 1851 4478 παθῶν,

195 4487 522 4565 λατρεῦσαι,
580 4489 795 4563 ξοάνοις
846 4513 906 4548 τε
960 4499 1170 4571 κωφοῖς
1255 4494 1346 4550 καὶ
1403 4493 1639 4559 ἀλάλοις
1698 4491 1856 4560 σέϐας

198 4579 525 4653 ἀπονεῖμαι,
556 4585 674 4646 τοῖς
706 4584 847 4656 μήτε
877 4580 995 4638 οὖσί
1036 4604 1087 4639 τι
1142 4586 1281 4656 μήτε
1311 4583 1646 4658 ἐσουμὲνοιν,
1679 4585 1855 4657 πόσης

1956 3330 2061 3385 bro
2093 3335 2270 3401 atque
2301 3327 2504 3395 adoro,
2550 3342 2737 3382 unum
2768 3327 2953 3380 Deum
2984 3322 3046 3378 in
3078 3321 3266 3377 tribus
3311 3317 3605 3394 personis,

1957 3416 2550 3479 consubstantialem,
2576 3432 2643 3472 ac
2665 3412 3035 3471 confusionis
3061 3416 3386 3485 expertem,
3414 3408 3611 3465 incre-

1958 3515 2141 3565 atum.
2197 3507 2618 3573 immortalem,
2670 3503 3125 3576 sempiternum,
3175 3498 3504 3566 inﬁnitum,
3536 3496 3610 3554 ab

1959 3597 2120 3653 omni
2167 3594 2719 3662 circumscriptione
2747 3598 3072 3655 remotum,
3104 3606 3350 3662 corpore
3399 3602 3610 3644 vacan.

1960 3692 2142 3755 tem,a
2166 3683 2714 3758 perturbationibus
2736 3689 2795 3740 et
2815 3679 3146 3738 mutatione
3168 3685 3344 3753 atque
3369 3684 3613 3734 conver-

1962 3777 2128 3833 sione
2155 3776 2439 3840 alienum,
2472 3774 2636 3829 omni
2686 3771 2940 3829 termino
2974 3776 3300 3839 carentem,
3327 3766 3613 3824 bonitatis

1962 3874 2020 3923 et
2032 3865 2283 3939 justitiae
2306 3882 2375 3921 ac
2400 3862 2780 3937 sempiternae
2803 3862 2955 3918 lucis
2974 3860 3225 3925 fontem,
3248 3875 3452 3915 rerum
3482 3873 3610 3914 om-

1961 3957 2128 4013 nium
2150 3955 2671 4020 conditarum,tam
2685 3969 2816 4025 quas
2834 3950 2996 4007 cerni
3016 3955 3266 4023 possunt
3281 3964 3462 4021 quam
3480 3962 3611 4023 qua)

1963 4049 2269 4105 oculorum
2292 4062 2535 4102 sensum
2557 4043 2812 4117 fugiunt,
2836 4042 3381 4110 effectorem,atque
3412 4039 3615 4093 omnia

1963 4137 2368 4195 continentem
2390 4141 2448 4192 et
2464 4129 3224 4197 conservantem,omnibus
3243 4124 3614 4199 prospicien-

1964 4235 2107 4295 tem,
2130 4233 2308 4298 atque
2336 4226 2396 4280 in
2420 4224 2621 4280 omnia
2642 4237 2893 4296 regnum
2916 4225 2974 4275 et
2995 4215 3311 4290 imperium
3334 4212 3614 4268 obtinen-

1966 4324 2104 4373 tem.
2139 4318 2337 4388 Neque
2370 4315 2531 4370 enim
2581 4312 2709 4367 sine
2741 4311 2869 4382 ipso
2901 4323 3000 4362 res
3025 4305 3149 4362 ulla
3178 4304 3332 4360 facta
3362 4306 3472 4368 est,
3505 4316 3618 4357 nec

1967 4410 2094 4464 sine
2125 4407 2314 4479 ipsius
2342 4401 2713 4476 providentia
2738 4397 3065 4471 quidquam
3097 4391 3343 4451 conflari
3374 4407 3443 4448 ac
3473 4404 3617 4479 con-

1967 4478 2175 4553 sistere
2232 4498 2446 4567 potest.
2507 4492 2635 4563 Ipse
2698 4486 2993 4559 siquidem
3044 4491 3135 4540 est
3179 4480 3445 4538 omnium
3475 4478 3614 4549 vita,

1967 4587 2234 4643 omnium
2258 4579 2711 4655 coagmentatio,
2749 4576 3017 4634 omnium
3045 4571 3427 4640 illuminatio,
3459 4574 3619 4625 totus

192 4670 303 4725 οὖκ
328 4667 392 4724 ἃν
425 4667 513 4741 εἶή
547 4672 685 4747 πέρα
706 4638 897 4735 ἀνοίας
937 4676 1053 4748 (49)
1090 4638 1180 4729 κάὶ
1205 4638 1683 4754 ,παραφροσύνηςῗς
1719 4638 1844 4732 Πότε

1970 4638 2244 4746 dulcedo,
2362 4638 2519 4728 totus
2552 4671 2679 4727 sine
2699 4638 2829 4725 ulla
2859 4663 3167 4723 saturitate
3199 4638 3614 4719 desiderabilis

266 4853 385 5050 ξο)
417 4854 732 4943 Gregorius
928 4862 1074 4941 orat.
1113 4859 1197 4925 17,

290 4927 385 4995 41)
415 4927 479 4994 C,
511 4940 589 4982 οε.
623 4927 928 4984 Choricius
985 4945 1048 4985 ιιι
1099 4931 1197 4986 Prc

266 5018 275 5048 ι
322 4992 418 5050 hi.
456 4999 660 5050 Melius
692 4999 874 5050 codex
899 5002 1038 5050 2967
1064 5018 1077 5050 :
1100 4999 1197 5050 πλε

290 4927 589 5002 _&.l)_C_,_8‘g_.
623 4927 928 5002 Choricius
985 4929 1048 4985 in
1099 4927 1343 5002 Procop.
1404 4933 1432 4999 §

198 4992 418 5065 πολλή.
456 4992 660 5054 Melius
692 4999 876 5055 codex
899 5002 1038 5056 2967
1064 5018 1077 5057 :
1100 4992 1370 5056 πλάτανός
1396 4992 1475 5058 τε.

1232 4875 1290 4930 p.
1315 4861 1417 4915 275
1443 4876 1455 4915 :
1482 4862 1704 4927 Χριστῷ
1730 4857 2116 4930 συνεταξάμην.

1492 4907 1594 4987 1δζ
1652 4907 1829 4989 ⁸’ὃπου
1886 4907 2146 5007 χαρίεντα
2203 4926 2292 4982 καὶ
2355 4923 2589 5004 διαφανῆ
2622 4924 2713 4978 καὶ
2743 4920 2954 4993 πότιμα
2984 4917 3220 4989 νάματα,
3251 4911 3527 4976 πλάτανος
3555 4907 3618 4968 δὲ

278 5056 396 5129 142)
425 5070 590 5126 Conf.
623 5087 680 5142 p.
718 5074 803 5137 13,
834 5089 895 5127 ιι.
927 5073 1016 5128 43.
1049 5103 1117 5113 -
1144 5076 1190 5128 Α
1222 5074 1349 5130 sine
1382 5056 1580 5128 δεινοῦ.
1616 5078 1694 5132 Eo
1724 5076 1837 5131 faci

1953 5095 1959 5126 ι
2006 5091 2177 5131 voces
2217 5073 2574 5142 omittuntur
2616 5085 2674 5142 a_
2700 5062 3344 5142 describentibuquuo
3377 5063 3517 5142 sunt
3544 5056 3621 5114 ad

209 5139 411 5213 ipsum
442 5139 687 5198 sensum
717 5144 917 5199 minus
945 5146 1317 5202 necessarias.
1351 5146 1654 5203 Choricius
1699 5148 1762 5203 in
1802 5147 2025 5203 Summ.
2079 5147 2106 5213 §

2159 5128 2265 5200 24:
2320 5140 2477 5199 Οῗόιοι
2525 5138 2618 5210 μὲν
2650 5136 2865 5212 ἀγαθός.
2899 5134 3095 5212 Codex
3315 5130 3452 5212 ἀνὴρ
3482 5128 3621 5212 ἀγα-

209 5200 330 5294 θ’ὁς.
366 5213 782 5294 ὰξοεεῐιρρμιιιε
808 5218 869 5270 n.
906 5232 998 5289 σχ.
1031 5200 1224 5289 p.149
1250 5200 1649 5294 summa;
1694 5200 1844 5273 ἆξέσὼ

1953 5200 2322 5287 mmmam.
2386 5200 2623 5285 Repone
2675 5200 2709 5266 ἑ
2748 5208 2879 5266 cod.
2913 5209 3089 5263 2599:
3121 5200 3284 5280 πόρῤ.
3315 5200 3622 5279 πρόσωθεν,

210 5280 509 5351 όπίσωθεν,
539 5280 676 5339 κύὶιλ
688 5327 701 5340 .

415 5349 662 5440 [laruam
692 5360 915 5440 £114.31:
951 5358 1287 5440 Μετάᾼτοῧτο
1316 5357 1406 5440 ἐπὶ
1435 5363 1663 5440 τῆςΑγῆς
1695 5357 1847 5436 ὣφθη
1881 5361 1969 5416 καὶ
2005 5360 2056 5416 ἐν
2087 5364 2203 5440 τοῖς
2235 5349 3008 5440 ἀνθρώποιςευνανεστεάφηο

420 5428 606 5509 Epist.
637 5429 713 5485 ad
744 5429 999 5509 Philipp:
1030 5448 1068 5488 ιι
1097 5435 1167 5489 8:
1204 5424 1775 5509 Γενόμενος-ὑπήκοος

1963 5455 1977 5487 ι
2009 5429 2261 5503 θανάτου,
2295 5424 2522 5484 θανατου
2554 5424 2612 5483 δὶ
2642 5424 2898 5502 σταυροῦ.

299 5572 393 5651 fg)
426 5572 665 5651 I__Epist.
699 5571 950 5651 ad‘Tim.
974 5571 1057 5651 vi,
1090 5571 1294 5634 15.'Cf.
1329 5577 1570 5649 Apocal.
1605 5597 1725 5651 χιχ,
1760 5580 1848 5634 16.

305 5644 400 5718 ᾇξῖ)
429 5642 682 5718 plfpag.
716 5647 838 5713 146,
871 5663 930 5718 n.
961 5648 1053 5703 43.

298 5501 395 5566 45)
427 5499 585 5556 PSal.
617 5517 780 5566 nul,
812 5501 847 5555 8
871 5499 1121 5575 ε’Κόριος
1150 5499 1407 5579 κραταιὸς
1436 5504 1526 5559 καὶ
1558 5499 1803 5567 δυνατός.

274 5499 393 5713 {46)
426 5572 451 5626 Ι
479 5573 665 5645 Epist.
699 5571 775 5628 ad
804 5572 950 5630 Tim.
985 5592 1057 5638 v1,
1090 5579 1177 5632 15.
1211 5577 1294 5634 Cf.
1329 5577 1570 5649 Apocal.
1605 5597 1725 5651 χιχ,
1760 5582 1803 5632 it

305 5644 400 5713 47)
429 5642 515 5697 Cl.
550 5659 682 5713 pag.
716 5647 838 5713 146,
871 5663 930 5703 n.
961 5648 1053 5703 43.

272 5713 398 5807 es).
423 5713 809 5807 eae-fita;
840 5714 1116 5807 τεάντιδιυ
1145 5718 1573 5807 gavisam.
1599 5721 1691 5777 καὶ

1765 5720 1900 5794 ωρὶς
1928 5718 2093 5776 αὐτοῦ
2122 5718 2329 5795 ἐγένετο
2359 5713 2489 5774 οὖδὶ
2517 5712 2572 5772 ἔν
2603 5716 2632 5770 6'
2661 5714 2901 5795 γέγονεν.

279 5774 402 5864 μθ)
430 5787 504 5858 Α,
536 5774 730 5868 aqua,
757 5787 964 5854 ἀνοίας.
995 5774 1267 5859 Meminit
1290 5774 1844 5870 agamagam.

1953 5774 2189 5867 liquata
2216 5790 2456 5849 doctore
2488 5806 2595 5848 suo
2625 5774 2946 5853 audiverat.
2978 5783 3211 5849 Confer.
3242 5794 3372 5854 pag.
3405 5774 3494 5826 79.
