4030 6202
208 396 350 453 1089

1403 403 1572 460 νιτΑ
1608 403 1959 459 BABLAAM
1997 402 2089 456 ΕΤ
2122 402 2464 456 «ΙΟΔΒΔΡΗ.

3479 398 3620 458 4090

221 526 411 578 τοῦτον
456 522 920 598 προσεκαλέσατο.
964 529 1093 583 Εἶτα
1141 527 1499 604 περιπλακεὶς
1562 524 1868 604 κατεφίλει,

2002 527 2435 598 tccersit,atque
2459 524 2877 597 complectitur
2896 528 2956 580 et
2975 523 3619 591 exosculatur,leniter-

224 612 407 688 πράως
497 613 877 688 ὑπερχόμενος
966 619 1076 690 (82)
1144 617 1234 671 καὶ
1293 617 1500 687 ἠπίως,
1561 618 1627 671 Ὠ
1669 618 1865 671 τέκνον

218 700 625 770 ποθεινότατον,
712 702 951 779 εἰρηκὼς
1032 708 1119 760 καὶ
1207 706 1567 784 φιλούμενον,
1630 707 1868 778 τίμησον

219 792 319 859 τὴν
350 792 449 846 τοὺ
481 794 577 845 σοῦ
631 795 836 865 πατρὸς
889 793 1112 865 πολιὰν,
1165 795 1277 865 καὶ,
1334 799 1431 864 τῆς
1465 795 1603 869 ἐμῆς
1635 795 1867 856 ἀκούσας

222 877 483 950 δεήσεως,
516 883 670 939 222
728 881 1050 955 προσελθὼν
1107 885 1290 940 θυσίαν
1345 890 1461 946 τοῖς
1496 890 1639 949 θεοῖς
1697 904 1872 958 προσ-

222 969 407 1046 άγαγε.
442 968 600 1027 Οὕτω
647 972 745 1045 γάρ
797 972 1034 1037 ἐκείνους
1079 995 1137 1029 τε
1181 975 1420 1048 εύμενεῖς
1458 972 1613 1047 ἕξεις,
1646 974 1735 1028 καὶ
1772 995 1872 1047 μα-

223 1061 465 1135 κρότητα
517 1062 765 1133 ἡμερῶν,
837 1059 997 1136 δόξης
1069 1084 1128 1119 τε
1210 1066 1387 1133 πάσης
1446 1064 1535 1117 καὶ
1597 1061 1874 1138 βασιλείας

223 1149 626 1224 ἀνεπηρεάστου
683 1152 774 1205 καὶ
833 1153 1102 1207 παντοίων
1160 1154 1368 1229 ἀγαθῶν
1428 1152 1714 1225 μετουσίαν
1748 1158 1874 1225 παρ’

223 1241 399 1295 αὑτῶν
430 1237 714 1313 ἀπολήψῃ,
765 1238 890 1313 ἐμοί
947 1261 1004 1296 τε
1057 1247 1138 1313 τῷ
1193 1241 1356 1317 πατρὶ
1402 1240 1497 1316 ἔσῃ
1538 1240 1874 1316 κεχαρισμέ-

218 1349 307 1389 νος
342 1324 431 1381 διὰ
464 1327 587 1401 βίου
636 1329 854 1398 παντὸς,
905 1329 996 1384 καὶ
1050 1336 1208 1385 πᾶσιν
1260 1331 1575 1406 ἀνθρώποις
1605 1330 1789 1403 τίμιός
1817 1351 1875 1384 τε

219 1417 311 1471 καὶ
340 1416 638 1480 ὶπαινετὸς.
676 1420 827 1492 Μεγα
884 1420 986 1494 γὰρ
1036 1420 1113 1481 είς
1167 1419 1388 1475 ἐπαίνου
1448 1419 1614 1494 λόγον
1659 1424 1739 1491 τῷ
1770 1440 1875 1473 πα-

218 1508 307 1582 τρὶ
367 1506 675 1575 ὑπακούειν,
739 1508 829 1561 καὶ
882 1508 1122 1581 μάλιστα
1179 1509 1263 1563 ἐπ’
1318 1509 1504 1583 ἀγαθῷ
1555 1509 1645 1563 καὶ
1694 1513 1763 1581 τῇ
1798 1508 1876 1569 εἷς

222 1596 377 1658 θεοὺς
411 1596 609 1667 εὐνοίᾳ.
666 1596 734 1652 Τί
792 1594 870 1660 δὲ,
918 1599 1130 1667 τέκνον,
1191 1593 1500 1663 ὑπέλαϐες;
1537 1598 1765 1673 πότερον
1799 1598 1873 1659 ὡς

226 1687 365 1741 δκὼν
399 1693 499 1754 τῆς
526 1686 738 1760 ἀγαθης
793 1685 1042 1747 ἐκκλίνας
1097 1684 1227 1742 ὁδοῦ
1278 1689 1377 1757 τήν
1435 1686 1676 1742 ἐναντίαν
1736 1687 1875 1741 ἴέναι

227 1774 551 1849 προέκρινα,
606 1776 641 1845 ἢ
693 1774 882 1851 ἀγνοίᾳ
937 1775 1024 1829 καὶ
1085 1776 1303 1851 ἀπειρίᾳ
1358 1780 1453 1831 τοῦ
1506 1776 1704 1852 ἀγατοὺ
1761 1781 1878 1839 τοῖς

1980 634 2093 689 que
2109 634 2175 671 ac
2188 616 2418 681 placide
2433 616 2771 687 irrepenszo
2786 614 3133 670 charissime
3150 617 3621 673 etamantissime

1984 706 2314 776 tili,inquit,
2340 705 2527 777 patris
2559 705 2835 759 canitiem
2868 706 3092 759 honore
3123 704 3624 775 aftice,precibus-

1984 812 2098 865 que
2114 796 2261 848 meis
2288 794 2506 849 auditis
2537 793 2846 853 accede,ac
2865 794 2979 849 diis
3011 793 3369 847 sacriﬁcium
3388 794 3626 850 adhibe.

1982 885 2073 939 Sic
2094 884 2250 939 enim
2276 892 2331 939 et
2354 884 2489 938 illos
2512 884 2799 955 benignos
2822 890 2882 937 et
2900 883 3103 937 faciles
3137 883 3448 939 habiturus
3468 900 3551 948 es,
3577 890 3636 939 et

1983 973 2215 1028 dierum
2233 973 2707 1035 diuturnitatem,
2725 973 3092 1044 gloriamque
3117 979 3445 1033 omnem,et
3471 971 3630 1028 inof-

1980 1063 2216 1117 fensum
2258 1078 2528 1134 regnum,
2562 1062 2878 1132 omnisque
2927 1061 3162 1134 generis
3199 1062 3354 1117 bona
3378 1062 3449 1116 ab
3482 1062 3626 1133 ipsis

1980 1152 2361 1223 percipies,et
2380 1152 2526 1206 mihi
2546 1151 2695 1223 patri
2716 1162 2813 1205 tuo
2834 1168 2938 1222 per
2959 1167 3194 1205 omnem
3221 1152 3394 1206 vitam
3415 1153 3627 1207 Charus

1984 1242 2129 1306 eris;
2154 1257 2220 1295 ac
2242 1241 2498 1311 denique
2524 1242 2634 1295 hoc
2656 1241 3013 1311 assequeris,
3039 1245 3102 1294 ut
3123 1257 3329 1295 omnes
3352 1241 3628 1296 homines

1984 1339 2038 1389 te
2060 1334 2121 1387 in
2146 1334 2367 1388 honore
2396 1334 2670 1394 habeant,
2706 1332 3097 1403 laudibusque
3133 1334 3401 1387 efferant.
3435 1333 3633 1404 Siqui-

1982 1424 2117 1477 dem
2139 1423 2213 1478 ad
2234 1423 2471 1477 laudem
2498 1422 2941 1493 adipiscendam
2984 1422 3180 1494 magni
3204 1422 3451 1477 interest
3478 1421 3631 1493 patri

1984 1515 2244 1581 obedire,
2270 1532 2335 1569 ac
2358 1515 2687 1584 praesertim
2713 1514 2772 1567 in
2805 1515 2878 1568 iis
2904 1513 3099 1576 rebus,
3135 1531 3265 1584 qua}
3299 1515 3371 1568 ad
3405 1514 3626 1569 bonum

1986 1610 2042 1657 et
2062 1604 2135 1658 ad
2156 1604 2403 1658 deorum
2421 1603 2890 1658 benevolentiam
2915 1602 3498 1673 spectant.Quidnam
3523 1620 3635 1657 au-

1986 1698 2124 1757 tem,
2152 1693 2258 1759 illi,
2284 1708 2513 1758 censes,
2539 1697 2736 1746 utrum
2765 1710 2837 1746 ne
2864 1709 2954 1746 me
2979 1691 3250 1746 consulto
3276 1708 3342 1746 ac
3364 1691 3434 1744 de
3455 1691 3633 1745 indu-

1988 1783 2132 1837 stria
2150 1798 2184 1836 a
2207 1782 2361 1837 bona
2376 1782 2468 1836 via
2480 1781 2812 1848 deﬂexisse,
2829 1787 3005 1851 atque
3032 1780 3626 1853 contrariamingredi

227 1864 504 1938 ὀλεθρίοις
534 1864 764 1937 ἐμαυτὸν
806 1862 1079 1934 ἐξέδωκας
1130 1863 1310 1935 Ἀλλ’,
1362 1865 1408 1920 εἰ
1461 1868 1555 1938 μὲν
1590 1865 1777 1920 ἑκόντα
1812 1886 1877 1938 με

2002 1872 2292 1936 maluisse,
2344 1887 2420 1925 an
2467 1887 2602 1925 vero
2652 1870 2791 1925 boni
2842 1870 3213 1941 ignoratione
3247 1876 3306 1923 et
3336 1869 3637 1941 imperitia

225 1954 473 2025 νομίζεις
517 1957 614 2007 τοῦ
673 1954 1044 2028 συμφέροντος
1103 1959 1375 2029 προτιμᾷν
1409 1956 1473 2009 τὰ
1501 1955 1635 2009 κατά
1662 1954 1751 2008 καὶ
1782 1962 1882 2024 τῆς

227 2048 377 2113 ζωῆς
410 2042 721 2118 προκρίνειν
751 2044 844 2097 τὸν
870 2044 1120 2112 θάνατον,
1148 2044 1286 2098 πάνυ
1313 2065 1407 2116 μοι
1438 2041 1640 2115 δοκεῖς,
1670 2046 1878 2111 τέκνον,

228 2140 331 2202 τῆς
363 2132 531 2204 ὀρθῆς
558 2130 945 2206 ἀποσφαλῆναι
976 2133 1224 2205 κρίσεως.

301 2402 371 2457 Ἥ
405 2399 513 2474 οὑχ
543 2401 672 2475 ὁρᾷς
731 2398 831 2474 ὅσῃ
889 2400 1161 2475 κακουχίᾳ
1211 2400 1298 2454 καὶ
1354 2398 1704 2475 ταλαιπωρίᾳ
1742 2398 1885 2453 πολ-

230 2490 397 2554 λάκις
426 2488 658 2562 ἐμαυτὸν
718 2486 985 2562 ἐκδίδωμι
1044 2488 1097 2544 ἐν
1152 2494 1271 2551 ταῖς
1324 2489 1459 2544 κατὰ
1511 2494 1617 2543 τῶν
1670 2488 1881 2564 ἐχθρῶν

237 2579 625 2652 ἒκστρατείαις,
659 2577 920 2646 ἢᾶλλαις
978 2579 1085 2632 τισὶ
1142 2582 1238 2633 τοὺ
1294 2582 1480 2632 κοινοῦ
1529 2580 1885 2653 προοτασίαις

243 2667 680 2745 ἀσχολούμενος,
713 2668 787 2729 ὡς
816 2667 907 2722 καὶ
938 2667 1128 2737 πείνης
1175 2689 1232 2723 τε
1279 2668 1367 2722 καὶ
1420 2666 1603 2741 δίψης,
1644 2674 1887 2737 πεζοπο-

240 2760 368 2831 ρίας
410 2778 463 2812 τε
520 2759 608 2811 καὶ
668 2759 1081 2832 χαμαικοιτίας,
1141 2756 1283 2811 οὕτω
1340 2754 1558 2827 δεῆσαν,
1594 2758 1670 2831 μή
1703 2758 1888 2835 φείσα-

237 2850 360 2903 σθαι
389 2867 401 2917 ;
434 2847 679 2902 πλούτου
733 2844 789 2901 δὲ
834 2849 924 2901 καὶ
960 2846 1266 2922 χρημάτων
1309 2847 1544 2917 τοσαύτη
1582 2868 1676 2920 μοι
1716 2846 1889 2921 πρόσ-

232 2958 377 2992 εστιν
443 2937 711 3013 ὑπεροψία
766 2957 821 2990 τε
877 2937 966 2991 καὶ
1021 2936 1444 3013 καταφρόνησις,
1506 2938 1581 2998 ὡς
1644 2937 1890 3013 ἀφθόνως

233 3026 344 3083 ἔσθ’
401 3028 490 3081 ὅτε
571 3026 639 3080 τὰ
716 3031 941 3098 ταμιεῖα
1023 3026 1194 3081 πάντα
1267 3030 1363 3080 τοῦ
1425 3025 1561 3097 ἒμοῦ
1619 3025 1889 3081 παλατίου

230 3120 607 3173 κατακενῶσαι
668 3114 744 3176 είς
799 3117 863 3170 τὸ
919 3113 1346 3189 ἀνοικοδομῆσαι
1403 3115 1530 3177 τοὺς
1587 3120 1694 3170 τῶν
1753 3118 1886 3171 θεῶν

236 3206 534 3282 μεγίστους
565 3204 731 3267 ναοὺς
761 3205 851 3259 καὶ
881 3205 1122 3277 παντοίῳ
1175 3205 1401 3267 τούτους
1433 3205 1890 3283 καταλαμπρῦνοιι

230 3276 434 3369 κόσμῳ
482 3295 517 3364 ἢ
566 3299 683 3354 τοῖς
732 3276 1120 3368 στρατοπέδοις
1180 3294 1426 3370 ἀφθόνως
1459 3276 1890 3367 διανεῖμαι-τοὺς
1922 3276 1965 3343 C

236 3384 547 3459 θησαυροὺς
601 3387 707 3437 τῶν
767 3384 1095 3458 χρημάτων.
1148 3383 1420 3453 Τοιαύτης
1495 3382 1585 3438 οὖν
1646 3385 1893 3459 μετέχων

232 3480 345 3531 τῶν
378 3471 799 3528 ἀπολαυστικῶν
836 3474 1132 3547 ὑπεροψίας
1164 3473 1255 3527 καὶ
1310 3479 1410 3541 τῆς
1456 3472 1509 3527 έν
1540 3479 1658 3535 τοῖς
1692 3472 1890 3536 δεινοῖς

230 3562 547 3639 καρτερίας,
607 3562 650 3615 εἰ
708 3562 806 3630 τήν
865 3566 974 3615 τῶν
1035 3559 1346 3615 Γαλιλαίων
1407 3559 1702 3636 ἐγίνωσκον
1759 3563 1890 3636 θρη-

238 3652 423 3707 σκείαν
454 3650 739 3723 κρείττονα
790 3656 891 3719 τῆς
948 3648 1000 3704 ἐν
1062 3651 1249 3726 χερσὶν
1306 3651 1595 3727 ὑπάρχειν,
1627 3651 1801 3722 πόσης
1831 3649 1889 3705 ἄν

234 3742 341 3796 οὐκ
373 3742 530 3798 223
562 3734 747 3813 ἔκρινα
798 3742 859 3794 τὸ
919 3746 1144 3815 πρᾶγμα
1197 3736 1440 3805 σπουδῆς
1482 3740 1649 3811 ἀξιον,
1681 3742 1896 3796 πάντων

238 3828 337 3900 μὶν
400 3824 678 3902 ὑπεριδεῖν
756 3827 846 3881 καὶ
927 3828 1026 3894 τήν
1116 3825 1355 3899 έμαυτοῦ
1438 3829 1894 3901 περιποιήσασθαι

236 3917 514 3992 σωτηρίαν
543 3936 557 3984 ;
592 3916 655 3972 Εἰ
688 3914 746 3970 δὲ
777 3916 993 3992 ἄγνοιάν
1030 3938 1124 3989 μοι
1179 3917 1269 3971 καὶ
1322 3917 1568 3992 ἀπειρίαν
1599 3922 1697 3972 τοῦ
1726 3918 1898 3973 κοιλοῦ

231 4006 687 4080 καταγινώσκεις.
737 4005 892 4068 σύνες
951 4006 1077 4068 ὅσοις
1133 4003 1408 4067 πολλάκις
1438 4007 1631 4070 νύκτας
1663 4005 1900 4071 ἀύπνους

236 4096 542 4164 διετέλεσα,
607 4096 922 4169 ζητήματός
988 4117 1135 4159 τινος
1208 4095 1583 4171 προτεθέντος,
1642 4092 1752 4160 ἔσθ’
1811 4099 1899 4152 ὅτε

235 4184 329 4242 καί
363 4185 427 4240 οὐ
476 4183 621 4239 πολὺ
672 4184 986 4259 ἀναγκαίου,
1050 4187 1126 4257 μὴ
1185 4185 1443 4259 παρέχων
1497 4184 1643 4246 ὅλως
1682 4185 1901 4259 ἐμαυτῷ

239 4275 563 4343 ἆναπαυσιν,
598 4272 723 4347 πρίν
783 4273 819 4343 ἤ
878 4277 975 4328 τοῦ
1036 4273 1373 4345 ζητουμένου
1403 4276 1546 4352 σαςρῆ
1577 4275 1665 4329 καὶ
1698 4277 1899 4351 εύπρε-

238 4364 517 4432 πεστάτην
549 4361 764 4435 εὕροιμι
789 4364 889 4431 τὴν
923 4360 1100 4418 λύσιν.

321 4451 388 4506 Εἰ
422 4453 512 4506 οὗν
544 4455 652 4505 τῶν
706 4451 1052 4524 προσκαίρων
1111 4450 1319 4506 τούτων
1378 4454 1712 4529 πραγμάτων
1776 4452 1904 4509 οὐδὲ

234 4541 305 4598 τὸ
340 4540 708 4615 σμικρότατον
743 4537 860 4615 ἔχω
912 4540 1409 4618 εὐκαταφρόνητον,
1445 4540 1607 4616 ἄχρις
1640 4544 1701 4598 οὗ
1735 4548 1904 4598 πάντα

1989 1963 2280 2032 meipsum
2301 1962 2597 2032 pestiferis
2622 1960 2994 2032 dogmatibus
3026 1959 3325 2014 dedidisse
3346 1959 3373 2013 ?
3396 1960 3563 2014 Certe
3587 1958 3636 2015 si

1988 2068 2084 2106 me
2107 2056 2319 2121 sponte
2350 2067 2417 2105 ac
2448 2049 2519 2103 de
2554 2049 2867 2116 industria,
2896 2054 3100 2102 contra
3131 2065 3309 2119 quam
3341 2048 3484 2103 utile
3537 2049 3635 2116 sit,

1989 2140 2148 2195 mala
2178 2139 2349 2193 bonis
2406 2139 2707 2209 praeferre,
2766 2144 3137 2207 mortemque
3196 2138 3313 2192 vita
3342 2138 3633 2209 potiorem

1990 2226 2205 2282 habere
2239 2224 2560 2291 existimas,
2588 2226 2988 2291 vehementer,
3022 2241 3053 2277 ο
3087 2223 3195 2294 ﬁli,
3227 2241 3261 2279 a
3290 2230 3451 2278 recto
3477 2224 3638 2293 judi-

1990 2316 2079 2370 cio
2114 2314 2258 2370 mihi
2290 2314 2564 2369 aberrare
2594 2313 2837 2369 videris.

2062 2407 2151 2459 An
2172 2420 2291 2459 non
2314 2404 2475 2459 vides
2497 2409 2641 2475 quot
2670 2402 2951 2457 {erumnis
2984 2407 3041 2456 et
3070 2401 3490 2457 afflictionibus
3512 2419 3638 2457 me-

1991 2494 2185 2567 ipsum
2210 2510 2475 2565 persaape
2507 2493 2899 2560 tradam,tum
2934 2492 2995 2546 in
3029 2491 3506 2564 expeditionibus
3537 2490 3642 2546 ad-

1990 2600 2195 2638 versus
2218 2584 2439 2645 hostes,
2466 2589 2587 2637 tum
2615 2582 2673 2636 in
2698 2582 3072 2652 publicorum
3095 2582 3469 2653 negotiorum
3504 2599 3642 2652 pro-

1994 2673 2300 2728 curatione
2326 2672 2621 2742 meipsum
2646 2670 3118 2742 occupans,adeo
3140 2677 3206 2724 ut
3223 2671 3442 2724 famem
3465 2670 3643 2724 etiam

1994 2778 2060 2816 ac
2080 2761 2263 2825 sitim,
2292 2776 2426 2814 cum
2453 2760 2533 2814 ita
2554 2776 2797 2813 necesse
2821 2766 2929 2813 est.
2956 2759 3269 2828 perferam.
3296 2774 3361 2811 ac
3394 2756 3644 2827 pedibus

1995 2849 2611 2919 ambulembumique
2635 2864 2911 2903 somnum
2938 2846 3215 2917 carpam?
3234 2848 3422 2916 Opum
3446 2852 3644 2900 autem

1997 2944 2054 2993 et
2076 2939 2459 3009 pecuniarum
2480 2944 2642 2991 tanta
2660 2938 2719 2991 in
2737 2954 2831 2991 me
2846 2936 3209 3007 contemptio
3228 2952 3295 2989 ac
3318 2934 3647 3005 despicien-

1998 3029 2076 3082 tia
2095 3034 2276 3093 est,ut
2292 3026 2590 3080 interdum
2606 3028 2846 3097 profusa
2864 3041 3043 3079 manu
3061 3024 3262 3095 palatii
3276 3024 3391 3079 mei
3411 3024 3644 3079 thesau-

1995 3135 2093 3172 ros
2137 3116 2500 3179 exhauriam,
2536 3132 2652 3184 quo
2698 3114 3070 3185 amplissima
3117 3112 3232 3167 diis
3268 3111 3519 3167 delubra
3550 3129 3651 3167 ex-

2004 3206 2539 3275 struam,omnique
2564 3211 2776 3259 ornatu
2800 3203 3114 3269 illustrem,
3140 3208 3242 3257 aut
3262 3201 3649 3274 pecuniarum

2003 3312 2241 3368 aggeres
2255 3295 2547 3349 militibus
2565 3294 2981 3348 liberalissime
3000 3292 3529 3347 distribuam.Cum
3546 3292 3654 3346 ita-

2003 3402 2116 3456 que
2149 3391 2347 3439 tantus
2370 3384 2429 3438 in
2458 3401 2549 3438 me
2572 3383 2939 3455 voluptatum
2971 3386 3371 3452 contemptus,
3397 3387 3559 3435 tanta
3590 3382 3651 3435 in

2002 3474 2284 3547 periculis
2309 3472 2621 3528 tolerantia
2643 3472 2791 3532 sit,si
2810 3472 3185 3526 Galilmorum
3206 3470 3654 3543 religionem,ea

2006 3581 2183 3635 quam
2207 3563 2483 3617 manibus
2503 3570 2773 3617 tenemus
2796 3561 3267 3633 praestantiorem
3291 3577 3419 3615 esse
3442 3576 3654 3631 cogno-

2007 3669 2338 3719 scerem,an
2359 3669 2477 3707 non
2493 3669 2725 3707 summo
2751 3652 2944 3707 studio
2968 3652 3027 3706 id
3045 3655 3372 3723 agerem,ut
3392 3656 3654 3704 contem~

2008 3745 2124 3815 ptis
2144 3742 2420 3797 omnibus
2440 3742 2898 3806 rebus,salutem
2922 3742 3066 3795 mihi
3086 3737 3535 3811 compararem?
3554 3739 3656 3795 Sin

2009 3838 2205 3888 autem
2230 3832 2532 3886 mihiboni
2552 3831 2981 3904 ignorationem
2997 3836 3173 3900 atque
3190 3829 3549 3901 imperitiam
3571 3827 3660 3881 vi-

2010 3922 2090 3975 tio
2116 3921 2310 3983 vertis,
2340 3921 2489 3975 illud
2510 3928 2703 3977 tecum
2728 3926 2957 3993 reputa,
2975 3926 3118 3991 quot
3138 3926 3342 3975 noctes
3364 3918 3658 3974 insomnis

2010 4010 2660 4080 exegerim,qua>.stione
2683 4010 3273 4081 aliquaproposita,et
3304 4008 3544 4077 quidem
3567 4008 3660 4061 in-

2012 4099 2243 4153 terdum
2270 4100 2424 4153 haud
2449 4099 2766 4154 admodum
2786 4099 3142 4163 necessaria,
3168 4097 3395 4151 nullam
3415 4096 3658 4150 omnino

2013 4190 2161 4245 mihi
2185 4188 2453 4259 requiem
2476 4188 3185 4259 concedens.priusquam
3208 4184 3581 4256 perspicuam
3605 4188 3664 4238 et

2014 4279 2690 4335 accommodatissimam
2706 4278 2891 4349 ipsius
2905 4276 3262 4332 solutionem
3277 4273 3634 4328 invenissem
3647 4311 3660 4325 .

2085 4458 2370 4522 Quocirca
2392 4474 2525 4512 cum
2547 4457 2903 4512 caducarum
2926 4456 3137 4511 harum
3154 4470 3353 4509 rerum
3380 4469 3454 4507 ne
3477 4450 3663 4507 mini-

2016 4564 2171 4601 mam
2190 4546 2429 4617 quidem
2446 4546 2944 4602 contemnendam
2958 4545 3399 4607 ducam,verum
3414 4541 3659 4596 omnino

235 4630 638 4707 συμφερόντως
724 4630 815 4685 καὶ
902 4628 986 4684 ἐπὶ
1069 4628 1383 4703 λυσιτελείᾳ
1463 4636 1571 4685 τῶν
1658 4634 1889 4687 ἁπάντωι

2018 4636 2475 4691 conducibiliter
2495 4642 2669 4706 atque
2685 4635 2757 4691 ad
2771 4636 3039 4691 omnium
3060 4634 3379 4689 utilitatem
3403 4647 3533 4686 eam
3560 4647 3662 4686 ex-

237 4718 646 4787 ἕπιτεΛεσθείη,
692 4718 782 4772 καὶ
832 4716 1017 4773 οὐδενὶ
1070 4718 1238 4794 ἑτέρῳ
1286 4715 1672 4795 ἀκριϐέστερον
1720 4724 1754 4791 ἡ
1796 4727 1903 4776 τῶν

236 4808 581 4885 ἀπορθῖήτων
617 4804 909 4882 διάγνωσις
940 4806 992 4862 έν
1022 4808 1185 4881 πάσῃ,
1243 4809 1317 4870 ὡς
1372 4811 1551 4881 οἶμαι,
1580 4814 1647 4882 τῇ
1682 4808 1903 4886 ὑιρηλίῳ

243 4898 648 4973 διερευνᾶσθαι,
703 4898 775 4961 ῶς
825 4896 946 4970 ἐμοὶ
1002 4898 1150 4971 παρὰ
1198 4899 1410 4953 πάντων
1467 4899 1902 4975 μεμαρτύρηται,

243 4994 369 5051 πῶς
412 4988 478 5043 τέι
535 4990 672 5057 θεῖα,
729 4987 819 5043 καὶ
878 4987 911 5041 ἃ
969 4982 1215 5051 σέϐεσθαι
1272 4988 1361 5042 καὶ
1423 4987 1698 5064 θεολογεῖν
1727 4989 1905 5063 θέμις,

240 5076 695 5154 εὑκαταφρόνητοι
753 5076 813 5131 ἃν
877 5074 1239 5153 ἐλογισάμην,
1294 5077 1383 5131 καὶ
1448 5079 1524 5149 μὴ
1566 5079 1708 5152 πάσῃ
1740 5101 1906 5135 σπου-

248 5166 347 5242 δῇ,
382 5166 525 5239 πάσῃ
553 5164 796 5237 δυνάμει,
846 5166 952 5241 ὅλῃ
997 5170 1065 5240 τῇ
1114 5170 1269 5242 ψυχῇ
1314 5167 1403 5221 καὶ
1436 5166 1553 5239 ὅλῳ
1582 5172 1660 5238 τῷ
1689 5167 1796 5239 νοί,
1829 5170 1906 5232 εἰς

240 5258 351 5325 τὴν
385 5255 594 5311 τούτων
646 5255 1017 5331 ἀπησχόλησα
1062 5255 1292 5328 ἐμαυτὸν
1330 5259 1577 5326 ζήτησιν,
1609 5263 1705 5312 τοὺ
1737 5261 1911 5333 εὑρεῖν

242 5346 471 5417 τάληθῆ
506 5345 596 5399 καὶ
656 5342 1114 5419 πρεπωδέστατα;
1178 5346 1274 5400 Καὶ
1330 5368 1391 5422 γε
1448 5344 1687 5417 έζητησα
1728 5348 1910 5421 ἐμπό-

244 5457 388 5503 νως,
421 5433 638 5497 πολλὰς
675 5435 769 5507 μὶν
801 5436 994 5497 νύκτας
1044 5434 1129 5490 ἴσα
1178 5440 1297 5498 ταῖς
1346 5437 1583 5512 ἡμέραις
1614 5436 1665 5492 ἐν
1699 5438 1914 5503 τούτοις

248 5522 567 5595 ἀναλώσας,
616 5521 863 5586 πολλοὺς
913 5521 971 5578 δὲ
1023 5523 1226 5599 σοφοὺς
1273 5524 1364 5580 καὶ
1419 5524 1789 5601 ὄπιστήμονας
1840 5530 1916 5592 είς

330 5706 443 5781 (82)
473 5708 535 5781 G,
568 5702 840 5782 ὑπερευχό
850 5724 1034 5780 μενος.

2014 4726 2232 4781 cutiam
2257 4732 2315 4779 et
2335 4726 2631 4781 absolvam
2656 4728 2761 4795 (sic
2793 4727 2951 4780 enim
2976 4726 3129 4779 inter
3149 4740 3356 4778 omnes
3388 4727 3661 4776 constare

2015 4815 2290 4883 arbitror,
2324 4816 2627 4871 neminem
2645 4816 2911 4871 omnium
2934 4817 3033 4886 qui
3056 4814 3162 4869 sub
3185 4813 3309 4868 sole
3333 4817 3665 4873 sunt,arca-

2018 4922 2229 4960 narum
2246 4923 2441 4960 rerum
2462 4906 2858 4977 cognitionem
2879 4905 3211 4960 accuratius
3230 4916 3496 4972 unquam
3516 4900 3675 4955 inve-

2020 4994 2263 5067 stigasse
2280 4996 2597 5066 quamipse
2618 4995 2906 5063 fecerim),
2932 5010 3191 5066 quonam
3216 4996 3383 5064 pacto
3404 5007 3496 5045 res
3522 4989 3671 5044 divi—

2019 5101 2148 5151 nas,
2182 5091 2239 5138 et
2264 5101 2333 5139 ea
2359 5102 2489 5155 quae
2514 5086 2779 5140 venerari
2812 5101 2878 5139 ac
2907 5085 3154 5139 deorum
3180 5084 3404 5137 honore
3431 5079 3669 5135 afﬁcere

2021 5175 2719 5245 oportet,contemnenda
2736 5176 3133 5230 duxissem.ac
3157 5189 3274 5227 non
3296 5171 3491 5243 potius
3508 5167 3671 5224 omni

2023 5264 2525 5321 studio.omnibus
2548 5265 2917 5332 viribus,toto
2947 5263 3205 5333 denique
3238 5260 3436 5316 animo
3461 5276 3528 5314 ac
3552 5262 3674 5313 tota

2026 5359 2220 5408 mente
2237 5354 2295 5407 in
2313 5370 2515 5408 eorum
2531 5353 2979 5427 investigatione
2996 5359 3227 5422 tempus
3240 5357 3416 5422 atque
3433 5363 3675 5421 operam

2024 5443 2376 5515 posuissem.
2411 5450 2476 5498 ut
2507 5460 2637 5514 quas
2683 5460 2819 5498 vera
2868 5448 2927 5498 et
2975 5442 3232 5498 maxime
3270 5446 3679 5497 consentanea

2026 5539 2183 5601 sunt,
2204 5533 2535 5590 invenirem
2552 5534 2579 5589 ?
2604 5534 2837 5589 Etenim
2860 5549 3075 5606 magno
3102 5549 3238 5589 cum
3269 5532 3472 5589 labore
3500 5530 3585 5584 sic
3608 5544 3678 5583 ea
