4030 6202
236 331 376 389 1109
1407 335 1579 391 VITA
1617 333 1842 391 BABLA

1962 334 1968 388 ἱ
1986 334 2096 390 ῖΒΤ
2129 332 2471 391 ΙΟΔΒΑΡΗ.

3442 358 3447 371 ί
3482 339 3641 402 τιιιο

304 456 596 533 ’Έλθωμεν
631 458 749 529 οὗν,
779 454 826 513 ὦ
852 456 1106 536 βασιλεῦ,
1159 457 1249 515 ἐπὶ
1300 458 1439 515 αὖτὰ
1486 457 1554 515 τὰ
1605 460 1842 533 στοιχεῖα

2060 458 2148 515 Ad
2170 458 2302 531 ipsa
2323 458 2504 532 igitur
2522 457 2842 527 elementa,
2858 459 3438 532 .orexyacoedamus,
3461 471 3528 523 ut
3565 484 3637 526 ea

231 544 382 609 ὅπως
432 544 806 622 ἀποδείξωμεν
863 548 991 625 περὶ
1048 547 1223 605 αὐτῶν
1283 549 1365 604 ὅτι
1426 546 1526 604 οὐκ
1581 544 1685 602 εἶσὶ
1741 544 1842 601 Θεοῖ

1990 546 2133 605 deos
2143 565 2263 604 non
2277 565 2404 605 esse
2418 546 3027 616 demonstremusﬁed
3048 550 3416 621 corruptioni
3428 568 3497 608 ac
3507 570 3635 611 mu-

225 634 374 692 ἀλλὰ
404 636 614 714 φθαρτὰ
639 637 730 692 καὶ
760 636 1155 711 ἀλλοιούμενα,
1209 636 1270 693 ἐκ
1306 641 1405 693 τοῦ
1440 638 1515 710 μὴ
1550 631 1707 699 ὄντος
1738 656 1842 713 παρ

1988 638 2198 694 tationi
2222 639 2505 712 subjecta,
2530 644 2707 710 atque
2737 655 2807 693 ex
2832 636 3117 695 nihiloin
3147 644 3344 696 ortum
3373 641 3494 695 veri
3528 644 3627 698 Dei

225 726 465 800 αχθὲντα
538 727 917 804 προστάγματι
997 731 1096 784 τοῦ
1176 722 1349 789 ὄντως
1404 730 1562 796 Θεοῦ,
1620 724 1679 787 ὅς
1734 725 1842 780 ἐστι

1977 728 2155 800 jussu
2182 728 2470 801 producta
2486 745 2637 796 esse,
2658 729 2759 800 qui
2782 728 3023 799 quidem
3042 730 3441 801 eorruptionis
3455 732 3629 787 etim-

223 812 500 892 ἄφθαρτός
528 836 586 872 τε
624 816 715 871 καὶ
770 815 1149 880 ἀναλλοίωτος
1199 816 1291 871 καὶ
1348 816 1597 892 ἀόρατος·
1630 812 1842 879 αὖτὸςδ

1986 819 2335 875 mutationis
2363 836 2571 891 expers
2593 823 2771 887 est,et
2798 818 3468 891 invisibilis,contraque
3498 821 3626 893 ipse

218 904 398 960 πάντα
448 906 568 981 ὀρᾷ,
614 906 730 975 καὶ,
776 908 958 969 καθὼς
1007 905 1285 981 βούλεται,
1324 904 1549 962 ἄλλοιοῖ
1575 907 1664 961 καὶ
1703 925 1842 979 μεται

1983 908 2185 964 omnia
2209 910 2420 978 cernit,
2444 914 2503 963 et
2528 909 2817 964 arbitratu
2850 925 2952 963 suo
2981 908 3257 965 immutat
3284 915 3463 982 atque
3494 927 3630 968 con-

219 989 445 1052 ϐάλλει.
476 994 540 1051 Τί
572 993 663 1050 οῦν
697 994 846 1072 λέγω
874 996 1000 1073 περὶ
1028 1000 1133 1051 τῶν
1168 995 1496 1072 στοιχείωνς

1981 1000 2176 1055 vertit.
2211 999 2362 1064 Quid
2390 999 2568 1071 igitur
2599 997 2669 1053 de
2698 998 3010 1054 elementis
3039 998 3169 1055 dico
3192 999 3220 1054 ?

288 1084 359 1142 Οἱ
389 1084 710 1159 νομίζοντες
736 1086 829 1141 τὸν
890 1085 1116 1162 οὐρανὸν
1176 1086 1310 1141 εἶναι
1368 1085 1485 1150 θεὸν
1532 1082 1842 1141 πλανῶνται

2051 1087 2159 1154 Qui
2196 1089 2411 1144 caelum
2439 1087 2616 1144 deum
2649 1105 2777 1144 esse
2807 1088 3194 1159 arbitrantur,
3226 1095 3444 1148 errant.
3480 1093 3625 1148 Nam

212 1173 466 1251 Ὀρῶμεν
523 1175 625 1250 γὰρ
682 1174 844 1230 αὐτὸν
910 1174 1244 1250 τρεπόμενον
1296 1176 1385 1230 καὶ
1435 1175 1575 1230 κατὰ
1628 1173 1842 1249 ἀνάγκη

1978 1177 2176 1250 ipsum
2199 1178 2554 1246 converti,ac
2575 1178 2913 1234 necessario
2938 1178 3364 1251 moveri,atque
3387 1198 3458 1237 ex
3470 1181 3627 1237 mul-

208 1263 563 1338 κινούμενον,
621 1264 710 1321 καὶ
770 1264 829 1321 ἐκ
884 1262 1114 1321 πολλῶν
1171 1268 1495 1321 συνεστῶτα*
1544 1260 1745 1319 διὸκαὶ
1774 1264 1839 1319 κό

1978 1267 2053 1322 tis
2070 1267 2248 1323 rebus
2273 1273 2547 1324 constare
2563 1267 2829 1324 videmus
2852 1284 2865 1335 ;
2898 1273 3213 1341 propterea
3232 1270 3392 1326 enim
3413 1270 3624 1343 κόσμος

208 1374 362 1428 σμος
391 1353 667 1415 καλεῖται.
730 1354 951 1429 Κόσμος
1006 1352 1066 1409 δὲ
1109 1356 1409 1426 κατασκευή
1462 1353 1750 1416 ἐστίτινος
1779 1374 1842 1409 τε

1976 1355 2037 1410 id
2058 1362 2149 1412 est
2166 1356 2427 1413 mundus
2438 1358 3249 1431 appellatur.Mundus-porro
3263 1360 3512 1417 artiﬁcis
3528 1378 3626 1417 cu-

205 1442 433 1518 χνίτου⁶
488 1442 553 1500 τό
607 1445 1036 1500 κατασκευασθδν
1096 1441 1153 1499 δὲ
1211 1444 1392 1521 ἀρχὴν
1417 1442 1510 1499 καὶ
1541 1442 1701 1507 τύλος
1724 1442 1840 1517 ἔχει

1967 1445 2209 1516 jusdam
2240 1448 2605 1503 constructio
2648 1452 2755 1503 est.
2783 1448 2949 1513 Quod
2980 1454 3179 1504 autem
3210 1455 3618 1508 constructum

202 1538 456 1591 Κινεῖται
488 1530 546 1590 δὶ
595 1535 625 1591 ὁ
681 1534 911 1610 οὐρανὸς
965 1533 1103 1590 κατᾶ
1158 1533 1400 1609 ἀνάγκην
1428 1532 1521 1588 σὺν
1551 1538 1671 1597 τοῖς
1697 1530 1842 1587 αὐτοῑ

1974 1535 2451 1607 est,principium
2473 1553 2542 1592 ac
2559 1537 2741 1592 ﬁnem
2763 1536 2966 1592 habet.
2998 1539 3072 1593 At
3100 1537 3315 1594 omium
3338 1555 3469 1596 una
3481 1556 3617 1596 cum

203 1630 525 1703 φωστῆρσι·
572 1624 643 1680 τὰ
686 1624 790 1701 γὰρ
841 1625 1011 1699 ἄστρα
1051 1624 1198 1695 τάξει
1239 1623 1332 1679 καὶ
1385 1620 1707 1693 διαστήπατι
1762 1642 1842 1700 φει

1974 1622 2269 1680 sideribus
2291 1625 2412 1679 suis
2436 1625 2772 1681 necessario
2802 1630 3107 1693 movetur;
3130 1626 3427 1697 siquidem
3459 1634 3619 1684 astra

200 1715 422 1788 ρόμενα
453 1715 558 1769 ἆπὸ
592 1714 846 1787 σημείου,
904 1714 981 1777 είς
1042 1718 1297 1787 σημεῖον,
1329 1713 1383 1767 οἱ
1436 1713 1532 1786 μὶν
1561 1715 1670 1785 (57)
1702 1710 1842 1767 δύου⁴

1974 1718 2134 1768 certo
2153 1714 2359 1769 ordine
2382 1730 2449 1769 ac
2462 1715 2651 1787 spatio
2665 1714 2982 1786 impulsa,a
2995 1721 3213 1786 puncto
3225 1716 3287 1771 in
3301 1721 3614 1788 punctum,

197 1824 320 1872 σιν,
377 1802 428 1859 oi
487 1801 545 1858 δὲ
599 1800 982 1875 ἆνατέλλουσι,
1038 1802 1129 1858 καὶ
1172 1802 1310 1858 κατὰ
1354 1801 1577 1877 καιροὺς
1633 1802 1842 1878 πορεία·

1972 1804 2187 1875 partim
2209 1804 2726 1876 occidunt,partim
2750 1805 3118 1873 exoriuntur,
3143 1806 3438 1877 certisque
3465 1811 3618 1862 tem-

192 1896 495 1948 ποιοῦνται
550 1896 648 1949 τοῦ
703 1890 990 1949 ἀποτελεῖν
1050 1893 1179 1969 Θιρη
1228 1892 1318 1950 καὶ
1367 1896 1669 1969 χειμῶνας,
1726 1904 1842 1957 καθε

1971 1911 2182 1966 porum
2204 1894 2411 1966 spatiis
2432 1895 2548 1950 iter
2572 1912 2749 1951 suum
2779 1894 3020 1961 obeunt,
3053 1901 3119 1951 ut
3146 1901 3384 1953 ees'tates
3404 1897 3619 1952 etlhie—

193 1982 553 2039 ἐπιτὲτακται
584 1982 775 2043 αὐτοῖς
830 1981 978 2058 παρᾶ
1030 1986 1129 2038 τοῦ
1186 1985 1346 2050 Θεοῦ,
1377 1981 1467 2037 καὶ
1497 1982 1563 2037 ού
1595 1977 1842 2057 παραϐαί·

1969 1984 2623 2056 mes,quemadmadum
2644 1984 2838 2056 ipsisa
2858 1986 2975 2041 Deo
2998 1986 3357 2058 imperatum
3380 1986 3619 2055 est,efﬂ-

188 2094 362 2129 νουσι
410 2071 539 2137 τοὺς
585 2070 759 2135 ἰδίους
806 2072 989 2149 ὅρους,
1045 2072 1184 2127 κατὰ
1224 2068 1595 2149 ἀπαραίτητον
1654 2070 1842 2149 φύσεωι

1967 2073 2149 2129 ciant.
2173 2076 2289 2130 Nec
2309 2074 2470 2147 leges
2494 2074 2606 2129 sibi
2630 2075 2803 2147 juxta
2833 2074 3236 2132 inevitabilem
3258 2082 3618 2133 naturane-

194 2163 481 2239 ἀνάγκην,
540 2160 632 2217 σὺν
680 2165 761 2235 τῷ
832 2159 1065 2237 οὐρανίῳ
1144 2159 1357 2235 κόσμῳ.
1417 2160 1576 2224 Ὅθεν
1630 2161 1842 2239 φανερόι

1965 2164 2303 2219 cessitatem
2344 2163 2699 2219 constitutas
2729 2181 2866 2220 cum
2894 2164 3125 2221 caelesti
3152 2171 3368 2222 ornatu
3397 2165 3617 2222 infrin-

191 2251 321 2309 ἰστι
352 2254 430 2328 μὴ
462 2251 599 2308 εἶναι
625 2253 719 2308 τὸν
749 2251 972 2327 οὐρανὸν
997 2251 1139 2321 θεὸν,
1172 2248 1297 2306 ἀλλ’
1326 2247 1487 2327 ἔργον
1520 2254 1678 2311 Θεοῦ.

1963 2258 2128 2325 gunt.
2162 2254 2243 2307 Ex
2276 2270 2390 2325 quo
2420 2253 2803 2326 perspicuum
2847 2260 2958 2323 est,
2986 2254 3201 2311 caelum
3243 2272 3365 2311 non
3406 2254 3611 2323 deum,

1964 2344 2068 2400 sed
2094 2344 2196 2400 Dei
2228 2361 2376 2417 opus
2403 2362 2557 2405 esse.
3114 2338 3125 2347 ’

2033 2435 2140 2501 Qui
2164 2441 2363 2491 autem
2388 2440 2607 2493 terram
2630 2436 2802 2493 deam
2828 2452 2958 2493 esse
2980 2439 3245 2504 censent,
3264 2442 3485 2494 errant.
3509 2437 3608 2493 Vi-

1962 2523 2170 2581 demus
2194 2527 2354 2582 enim
2380 2543 2509 2583 eam
2525 2526 2597 2582 ab
2620 2527 2967 2582 hominibus
2989 2528 3209 2599 injuria
3225 2527 3403 2597 affici,
3427 2532 3486 2583 et
3508 2545 3605 2583 eo-

1961 2631 2094 2670 rum
2118 2615 2367 2686 imperio
2395 2615 2523 2688 subj
2535 2622 2723 2672 ectam
2755 2617 3099 2684 esse,eﬂ‘odi
3123 2618 3299 2673 etiam
3324 2622 3382 2672 et
3408 2624 3606 2674 conta-

1958 2702 2383 2775 minari,atque
2409 2704 2681 2759 inutilem
2706 2705 2855 2759 ﬁeri.
2881 2707 3024 2759 Nam
3050 2704 3097 2759 si
3125 2706 3259 2777 igne
3286 2711 3601 2772 torreatur,

1958 2792 2267 2861 emoritur,
2300 2792 2595 2863 siquidem
2626 2810 2696 2848 ex
2743 2799 2894 2848 testa
2921 2793 3074 2847 nihil
3104 2793 3246 2848 oriri
3276 2798 3489 2865 potest.
3522 2796 3605 2848 Ac

1956 2886 2246 2952 praeterea
2268 2881 2314 2935 si
2340 2880 2630 2937 imbribus
2652 2881 2906 2937 nimium
2930 2880 3340 2953 perfundatur,
3378 2881 3607 2953 tumip-

272 2434 347 2492 Οἱ
381 2431 440 2489 δὲ
468 2431 787 2507 νομίζοντες
830 2432 930 2503 τήν
971 2433 1074 2508 γῆν
1124 2430 1257 2488 εἶναι
1290 2429 1413 2496 θεὰν
1443 2428 1852 2503 ἐπλανήθησαν.

191 2524 458 2599 Ὁρῶμεν
489 2522 593 2599 γὰρ
621 2520 787 2593 αὐτὴν
841 2522 945 2577 ὑπὸ
992 2526 1100 2578 τῶν
1154 2520 1452 2594 ἀνθρώπων
1486 2516 1851 2596 οὑϐριζμένην

191 2614 302 2668 καὶ
330 2612 861 2685 κατακυριευομὲνην
911 2612 1002 2666 καὶ
1046 2612 1360 2688 φυρομένην
1406 2614 1515 2684 (58)
1552 2610 1643 2666 καὶ
1671 2608 1851 2687 ἄχρη-

196 2723 337 2758 στον
365 2703 682 2776 γινομένην.
732 2702 853 2759 Ἐὰν
914 2700 1017 2777 γὰρ
1077 2701 1317 2774 ὀπτηθῇ,
1348 2698 1549 2776 γίνεται
1578 2700 1758 2773 νεκρὼ
1793 2699 1853 2755 ὲκ

189 2794 313 2868 γὰρ
343 2795 437 2847 τοῦ
464 2790 734 2860 ὀστράκου
786 2790 974 2869 φύεται
1035 2787 1215 2848 οὐδὲν.
1260 2796 1379 2845 Ἔτι
1431 2786 1488 2844 δὲ
1515 2788 1606 2844 καὶ
1639 2788 1729 2844 ἐὰν
1762 2789 1851 2844 ἐπὶ

180 2880 375 2938 πλέον
404 2884 556 2941 242
591 2882 800 2958 βραχῇ,
831 2880 1103 2960 φθείρεται
1151 2879 1243 2935 καὶ
1272 2879 1407 2949 αύτή
1440 2878 1531 2935 καὶ
1562 2879 1617 2933 οἱ
1648 2878 1848 2953 καρποὶ

177 2972 389 3042 αὐτῆς.
421 2974 823 3029 Καταπατεῑται
854 2968 913 3027 δὲ
943 2970 1047 3026 ὑπό
1072 2990 1129 3027 τε
1162 2970 1461 3046 ἀνθρώπων
1487 2969 1578 3024 καὶ
1599 2973 1707 3024 τῶν
1735 2968 1842 3024 λοι-

1962 2976 2175 3037 sa,tum
2197 2970 2382 3042 ipsius
2404 2970 2632 3027 fructus
2655 2971 3293 3045 corrumpuntur.Quin
3315 2971 3387 3029 ab
3410 2973 3602 3029 homi-

178 3067 313 3118 πῶν
369 3063 549 3135 ζώων,
599 3060 790 3137 αἵμασι
848 3060 1223 3140 φονευομένων
1285 3062 1578 3136 μιαίνεται,
1628 3058 1842 3136 διορύσ·

1962 3060 2129 3115 nibus
2151 3061 2519 3133 reliquisque
2550 3062 2954 3119 animantibus
2986 3062 3383 3134 proculcetur,
3416 3062 3606 3120 inter-

177 3174 342 3209 σεται
375 3156 513 3228 (59),
570 3156 774 3229 νεκρῶν
829 3153 972 3223 θήκη
1031 3151 1235 3228 γίνεται
1295 3152 1588 3225 σωμάτων.
1618 3151 1839 3207 Τούτων

1962 3150 2244 3207 rectorum
2260 3150 2546 3223 sanguine
2564 3152 3600 3225 inquinatur,eﬂ‘oditur,completur,

178 3196 744 3314 ζὲὲζέἒζέἒονζῖὶζ
756 3196 1056 3319 ’ένὲἒξὲζαὶ
1075 3196 1693 3319 ’ὲζιῖγένᾜῖσζῖὀέἀζζ
1704 3196 1842 3297 ὧι

1962 3196 2131 3206 "'"""
2148 3196 2244 3207 “"‘
2261 3196 2546 3223 '“"D"'“"
2564 3196 2907 3224 ⁵⁶⁶Ὶ“⁶“⁵⁶“¹““’““
2921 3196 3210 3221 ὶν⁵⁴¹νν⁵³⁹⁸⁸¹
3227 3196 3569 3225 ’ννικινιν-ευ
3585 3196 3599 3221 ν

1962 3240 2306 3297 cadaverum
2329 3241 2499 3296 theca
2538 3241 2815 3298 efficitur.
2848 3243 2987 3308 Quae
3020 3258 3155 3298 cum
3184 3242 3269 3299 ita
3296 3242 3437 3311 sint,
3465 3242 3599 3298 ﬁeri

174 3329 351 3408 ἔργον
384 3334 523 3387 Θεοῦ
550 3329 629 3393 εἰς
656 3332 857 3406 χρῆσιν
880 3329 1203 3407 ἀνθρώπων.

254 3512 332 3570 Οἱ
362 3508 423 3566 δὲ
453 3508 766 3585 νομίζοντες
809 3510 876 3567 τὸ
929 3506 1075 3587 ὕδωρ
1121 3508 1254 3565 εἶναι
1283 3508 1401 3565 θεὸν
1433 3506 1839 3581 ἐπλανήθησαν.

174 3602 295 3661 Καὶ
329 3600 462 3658 αύτό
489 3602 592 3679 γὰρ
624 3600 701 3665 είς
758 3609 957 3678 χρῆσιν
1014 3606 1125 3658 τῶν
1178 3600 1480 3677 ἀνθρώπων
1508 3601 1717 3677 γέγονε,
1748 3601 1840 3657 καὶ

172 3690 636 3767 κατακυριεύεται
696 3693 786 3747 ὑπ’
842 3693 1045 3762 αὐτῶν,
1110 3693 1377 3767 μιαίνεται
1421 3690 1511 3746 καὶ
1544 3692 1842 3770 φθείρεται,

170 3774 280 3831 καὶ
310 3771 636 3829 ἀλλοιοῦται
670 3772 939 3848 ἑψόμενον
980 3772 1069 3830 καὶ
1118 3771 1527 3847 ἆλλασσόμενον
1559 3772 1840 3849 χρώμασι,

170 3864 279 3921 καὶ
313 3863 420 3920 ὑπὸ
447 3867 547 3919 τοῦ
594 3862 799 3941 κρύους
843 3862 1217 3939 πηγνύμενον,
1263 3863 1353 3919 καὶ
1387 3863 1463 3925 εἷς
1491 3862 1707 3919 πάντων
1736 3868 1843 3919 τῶν

171 3954 507 4029 ἀκαθάρτων
552 3951 749 4011 πλύσιν
800 3954 1088 4032 ἀγόμενον.
1135 3953 1229 4009 Διὸ
1278 3950 1536 4010 ἀδύνατον
1584 3954 1648 4009 τὸ
1696 3950 1842 4032 ὕδωρ

172 4044 328 4101 εἶναι
356 4044 500 4118 θεὸν,
520 4042 650 4102 ἀλλ’
676 4040 837 4122 ἔργον
869 4048 1023 4102 Θεοῦ.

255 4313 329 4374 Οἱ
384 4310 443 4371 δὶ
498 4316 815 4391 νομίζοντες
862 4316 927 4372 τὸ
982 4314 1090 4393 πῦρ
1148 4315 1281 4372 εἶναι
1335 4315 1453 4381 θεὸν
1503 4312 1841 4375 πλανῶνται.

167 4405 287 4465 Καὶ
337 4405 476 4461 αὐτὸ
532 4405 636 4481 γὰρ
693 4405 772 4468 είς
830 4411 1034 4481 χρῆσιν
1092 4403 1304 4480 ἐγένετο
1360 4406 1684 4482 ἀνθρώπων.
1742 4404 1841 4460 Καὶ

162 4493 633 4570 κατακυριεύεται
694 4495 784 4551 ὑπ’
831 4495 1031 4563 αὐτῶν,
1081 4493 1513 4571 περιφερόμενον
1572 4494 1631 4550 ἐκ
1667 4494 1841 4550 τόπου

168 4585 264 4649 εἷς
292 4584 469 4641 τόπον
501 4585 580 4647 εἷς
610 4581 802 4659 ἕψησιν
842 4584 931 4640 καὶ
986 4580 1217 4656 ὄπτησιν
1249 4582 1607 4640 παντοδαπῶν
1638 4588 1834 4659 κρεῶν,
1871 4569 1915 4636 D

172 4676 264 4733 ἔτι
299 4673 363 4731 δὶ
411 4676 504 4731 καὶ
548 4679 756 4750 νεκρῶν
806 4672 1097 4749 σωμάτων.
1142 4673 1427 4751 Φθείρετάι
1481 4670 1539 4730 δὲ
1583 4672 1674 4730 καὶ
1704 4674 1839 4730 κατᾶ

175 4762 447 4828 πολλοὺς
495 4766 755 4843 τρόπους,
808 4764 911 4821 ὑπὸ
957 4769 1064 4821 τῶν
1114 4764 1410 4841 ἀνθρώπων
1457 4759 1835 4837 σϐεννύμενον.

174 4856 280 4912 Διὸ
344 4853 446 4912 οὐκ
497 4852 778 4932 ἐνδέχεται
829 4853 894 4913 τὸ
949 4858 1057 4933 πῦρ
1118 4853 1249 4910 εἶναι
1299 4854 1439 4927 θεὸν,
1497 4851 1626 4910 ἀλλ’
1677 4851 1835 4930 ἔργον

167 4948 340 5003 Θεοῦ.

251 5125 327 5185 Οἱ
362 5121 421 5182 δί
450 5126 770 5200 νομίζοντες
795 5127 897 5199 τὴν
922 5129 1033 5183 τῶν
1084 5122 1297 5200 ἀνέμων
1345 5125 1519 5195 πνοὴν
1548 5127 1682 5183 εἶναι
1714 5126 1834 5192 θεᾶν

167 5220 526 5273 πλανῶνταιέ
589 5218 826 5293 Φανερὸν
901 5214 1001 5292 γὰρ
1068 5214 1209 5273 ἰστιν
1286 5214 1369 5271 ὅτι
1420 5213 1666 5272 δουλεύει
1724 5217 1837 5272 ἒτέ-

169 5329 259 5385 ρῳ
314 5310 451 5383 (60),
508 5306 599 5364 καὶ
656 5305 819 5384 χάριν
876 5311 984 5363 τῶν
1065 5306 1364 5383 ἀνθρώπων
1417 5305 1835 5363 κατεσκεύασται

1948 3347 2070 3386 non
2090 3335 2287 3403 potest
2305 3335 2371 3385 ut
2392 3335 2550 3386 terra
2569 3330 2680 3387 dea
2707 3331 2803 3402 sit,
2836 3330 2942 3387 sed
2963 3347 3059 3388 res
3081 3348 3115 3388 a
3144 3333 3262 3389 Deo
3294 3330 3371 3389 ad
3400 3332 3598 3389 homi-

1947 3436 2091 3476 num
2120 3436 2297 3475 usum
2328 3421 2558 3477 eil‘ecta.

2018 3509 2238 3567 Eodem
2254 3510 2561 3583 modo,qui
2572 3527 2787 3583 aquam
2803 3510 2974 3568 deam
2988 3527 3117 3568 esse
3129 3516 3589 3584 putant,errant.

1948 3602 2093 3657 Nam
2126 3617 2193 3656 ea
2222 3617 2457 3672 quoque
2487 3601 2561 3656 ad
2600 3602 2909 3657 hominum
2941 3618 3117 3658 usum
3140 3610 3451 3674 procreata
3480 3609 3590 3672 est,

1948 3708 2274 3764 eorumque
2300 3691 2697 3748 dominationi
2721 3692 3400 3751 subest.Contaminatur
3414 3695 3593 3751 etiam

1950 3788 2009 3838 et
2027 3782 2437 3853 labefactatur,
2463 3788 2671 3840 etcum
2693 3784 2826 3857 igne
2847 3788 3050 3840 coacta
3071 3788 3180 3850 est,
3212 3784 3595 3841 immutatur:

1947 3872 2099 3928 alios
2122 3878 2299 3945 atque
2321 3874 2469 3929 alios
2493 3874 2743 3931 subinde
2764 3874 2994 3931 colores
3017 3873 3218 3944 sumit,
3236 3879 3442 3947 utpote
3462 3891 3595 3946 qum

1950 3968 2009 4019 et
2028 3963 2244 4036 frigore
2268 3970 2630 4034 concrescat,
2662 3970 2723 4020 et
2741 3983 2811 4023 ex
2842 3982 3050 4022 cruore
3083 3965 3427 4038 spurcitiem
3452 3981 3596 4021 con-
3674 3986 3675 3989 η

1950 4053 2234 4120 trahat,et
2254 4053 2329 4108 ad
2351 4053 2719 4125 impurarum
2732 4056 3001 4112 omnium
3012 4072 3210 4111 rerum
3223 4054 3594 4111 ablutionem

1949 4141 2409 4200 adhibeatur.Ex
2422 4158 2539 4214 quo
2558 4143 2784 4214 liquido
2798 4149 3034 4201 constat
3042 4160 3259 4215 aquam
3271 4143 3444 4200 deam
3458 4160 3589 4201 esse

1948 4250 2071 4292 non
2102 4251 2298 4307 posse,
2332 4235 2436 4292 sed
2466 4234 2569 4291 Dei
2601 4252 2773 4307 opus.

2018 4326 2144 4381 Jam
2160 4342 2295 4381 vero
2319 4324 2421 4397 qui
2452 4326 2649 4397 ignem
2693 4324 2872 4381 deum
2899 4341 3028 4381 esse
3059 4323 3446 4396 arbitrantur,
3475 4323 3591 4398 ipsi

1949 4432 2184 4487 quoque
2205 4414 2664 4471 errant.Etenim
2678 4412 2829 4487 ignis
2841 4414 2914 4471 ad
2928 4415 3238 4471 hominum
3251 4432 3425 4472 usum
3436 4431 3595 4472 crea-

1952 4509 2046 4560 tus
2070 4509 2178 4572 est,
2203 4504 2589 4577 ipsorumque
2612 4502 3004 4560 dominationi
3026 4503 3251 4571 subest,
3274 4510 3334 4560 et
3351 4503 3425 4560 ab
3447 4504 3593 4575 ipsis

1948 4594 2025 4650 ad
2045 4594 2240 4651 omnis
2261 4594 2497 4667 generis
2516 4610 2745 4662 carnes,
2769 4595 2985 4666 partim
3018 4593 3344 4664 elixandas,
3376 4594 3593 4667 partim

1949 4684 2257 4755 assaudas,
2281 4689 2459 4756 atque
2484 4684 2662 4740 etiam
2693 4684 2767 4739 ad
2796 4688 3031 4740 mortua
3060 4701 3311 4757 corpora
3338 4699 3593 4740 concre-

1947 4773 2188 4842 manda,
2214 4773 2388 4830 eloco
2412 4773 2473 4830 in
2495 4773 2691 4829 locum
2713 4773 3331 4845 circumfertur;atque
3346 4773 3594 4845 insuper

1948 4862 2153 4919 multis
2175 4863 2370 4919 modis
2391 4864 2811 4936 corrumpitur,
2835 4870 2893 4920 et
2910 4864 2983 4921 ab
3005 4862 3349 4919 hominibus
3369 4863 3591 4919 exstin-

1948 4953 2185 5027 guitur;
2216 4970 2284 5010 ac
2315 4952 2566 5027 proinde
2599 4954 2752 5027 ignis
2782 4953 2927 5011 deus
2950 4970 3077 5011 esse
3108 4970 3231 5009 non
3262 4951 3592 5026 potest,sed

1948 5044 2052 5100 Dei
2082 5060 2252 5116 opus.

2017 5134 2104 5189 Ad
2128 5134 2403 5192 eumdem
2426 5134 2606 5191 etiam
2635 5134 2877 5192 modum
2910 5135 3012 5208 qui
3039 5140 3351 5193 ventorum
3379 5136 3591 5196 ﬂatum

1946 5221 2123 5279 deum
2148 5241 2275 5280 esse
2298 5226 2885 5293 existimant,errant.
2901 5226 3287 5299 Perspicuum
3310 5227 3469 5284 enim
3501 5232 3593 5284 est

1947 5318 2187 5369 ventum
2219 5314 2389 5370 alteri
2420 5315 2727 5384 inservire,
2761 5321 2937 5388 atque
2970 5316 3285 5375 hominum
3308 5334 3489 5375 causa
3516 5316 3593 5374 ad

242 5494 359 5571 (ξξι)
387 5493 621 5571 ξίοΑΟ,
656 5491 824 5565 quasi
855 5508 978 5571 non
1008 5491 1175 5571 ἄστρα
1209 5491 1493 5571 scriptum
1524 5492 1695 5565 foret,
1731 5496 1834 5553 sed

1966 5494 2102 5571 ἑρες.

387 5567 453 5645 (Ξ,
480 5558 617 5645 ύϐρ.
637 5558 1016 5645 σῖιαπτρμὲνην
1039 5558 1132 5621 καὶ
1162 5558 1599 5645 φρουρουμένην.

270 5633 362 5710 59)
392 5633 457 5705 C,
488 5633 572 5691 διὸ
618 5679 631 5694 .
662 5633 968 5711 γεμίζεται.

270 5710 353 5766 60)
382 5709 445 5766 C.
478 5654 726 5766 δουλεύει
757 5712 887 5766 θεῶ.

241 5704 355 5782 (eo)
382 5704 449 5781 c,’
478 5704 887 5785 δουλεύείθεῶ.
