  <div class='ocr_page' id='page_1' title='image "/cluster/home/n/w/nwhite01/storage/ocr_20150623/96/hvd.32044073502122/564.png"; bbox 0 0 4010 6206; ppageno 0'>
   <div class='ocr_carea' id='block_1_1' title="bbox 192 325 343 384">
    <p class='ocr_par' dir='ltr' id='par_1_1' title="bbox 192 325 343 384">
     <span class='ocr_line' id='line_1_1' title="bbox 192 325 343 384; baseline -0.02 0"><span class='ocrx_word' id='word_1_1' title='bbox 192 325 343 384; x_wconf 72' lang='grc'><strong>1117</strong></span> 
     </span>
    </p>
   </div>
   <div class='ocr_carea' id='block_1_2' title="bbox 1373 326 2437 387">
    <p class='ocr_par' dir='ltr' id='par_1_2' title="bbox 1373 326 2437 387">
     <span class='ocr_line' id='line_1_2' title="bbox 1373 326 2437 387; baseline -0.002 0"><span class='ocrx_word' id='word_1_2' title='bbox 1373 330 1545 387; x_wconf 79' lang='lat' dir='ltr'>VITA</span> <span class='ocrx_word' id='word_1_3' title='bbox 1580 326 1936 385; x_wconf 66' lang='grc' dir='ltr'>ΒΔΕῙιΔΔΜ</span> <span class='ocrx_word' id='word_1_4' title='bbox 1969 328 2066 384; x_wconf 77' lang='grc' dir='ltr'>ΒΤ</span> <span class='ocrx_word' id='word_1_5' title='bbox 2098 328 2437 385; x_wconf 81' lang='lat' dir='ltr'>JOASAPH.</span> 
     </span>
    </p>
   </div>
   <div class='ocr_carea' id='block_1_3' title="bbox 3465 331 3607 391">
    <p class='ocr_par' dir='ltr' id='par_1_3' title="bbox 3465 331 3607 391">
     <span class='ocr_line' id='line_1_3' title="bbox 3465 331 3607 391; baseline -0.007 -1"><span class='ocrx_word' id='word_1_6' title='bbox 3465 331 3607 391; x_wconf 75' lang='grc'>1118</span> 
     </span>
    </p>
   </div>
   <div class='ocr_carea' id='block_1_4' title="bbox 202 447 1848 530">
    <p class='ocr_par' dir='ltr' id='par_1_4' title="bbox 202 447 1847 530">
     <span class='ocr_line' id='line_1_4' title="bbox 202 447 1847 530; baseline 0 -25"><span class='ocrx_word' id='word_1_7' title='bbox 202 450 429 525; x_wconf 69' lang='grc' dir='ltr'>μείζονα</span> <span class='ocrx_word' id='word_1_8' title='bbox 481 447 687 521; x_wconf 87' lang='grc' dir='ltr'>ταύτης</span> <span class='ocrx_word' id='word_1_9' title='bbox 742 450 1094 529; x_wconf 55' lang='grc' dir='ltr'>ἇφροσύνηη</span> <span class='ocrx_word' id='word_1_10' title='bbox 1142 450 1265 508; x_wconf 73' lang='grc' dir='ltr'>θεὰν</span> <span class='ocrx_word' id='word_1_11' title='bbox 1352 449 1693 530; x_wconf 77' lang='grc' dir='ltr'>παρεισάγειν</span> <span class='ocrx_word' id='word_1_12' title='bbox 1747 451 1847 520; x_wconf 82' lang='grc' dir='ltr'>τὴν</span> 
     </span>
    </p>
   </div>
   <div class='ocr_carea' id='block_1_5' title="bbox 1965 447 3601 530">
    <p class='ocr_par' dir='ltr' id='par_1_5' title="bbox 1965 451 3601 527">
     <span class='ocr_line' id='line_1_5' title="bbox 1965 451 3601 527; baseline 0.004 -19"><span class='ocrx_word' id='word_1_13' title='bbox 1965 470 1997 507; x_wconf 94' lang='lat' dir='ltr'>o</span> <span class='ocrx_word' id='word_1_14' title='bbox 2028 470 2153 509; x_wconf 82' lang='lat' dir='ltr'>rex.</span> <span class='ocrx_word' id='word_1_15' title='bbox 2186 453 2547 511; x_wconf 86' lang='lat' dir='ltr'>dementiam</span> <span class='ocrx_word' id='word_1_16' title='bbox 2579 453 2689 511; x_wconf 90' lang='lat' dir='ltr'>hac</span> <span class='ocrx_word' id='word_1_17' title='bbox 2718 451 3006 527; x_wconf 83' lang='lat' dir='ltr'>majorem</span> <span class='ocrx_word' id='word_1_18' title='bbox 3028 454 3055 509; x_wconf 86' lang='lat'><strong>?</strong></span> <span class='ocrx_word' id='word_1_19' title='bbox 3096 454 3269 509; x_wconf 92' lang='lat' dir='ltr'>deam</span> <span class='ocrx_word' id='word_1_20' title='bbox 3318 455 3601 515; x_wconf 81' lang='lat' dir='ltr'>nimirum</span> 
     </span>
    </p>
   </div>
   <div class='ocr_carea' id='block_1_6' title="bbox 200 538 1506 615">
    <p class='ocr_par' dir='ltr' id='par_1_6' title="bbox 200 538 1506 615">
     <span class='ocr_line' id='line_1_6' title="bbox 200 538 1506 615; baseline 0.002 -22"><span class='ocrx_word' id='word_1_21' title='bbox 200 538 571 614; x_wconf 79' lang='grc' dir='ltr'>μὸιχεύουσαν</span> <span class='ocrx_word' id='word_1_22' title='bbox 602 538 699 595; x_wconf 80' lang='grc' dir='ltr'>παῖ</span> <span class='ocrx_word' id='word_1_23' title='bbox 726 542 1026 615; x_wconf 77' lang='grc' dir='ltr'>θρηνοῦσαν</span> <span class='ocrx_word' id='word_1_24' title='bbox 1057 542 1146 597; x_wconf 86' lang='grc' dir='ltr'>καὶ</span> <span class='ocrx_word' id='word_1_25' title='bbox 1176 540 1506 612; x_wconf 86' lang='grc' dir='ltr'>κλαίουσαν;</span> 
     </span>
    </p>
   </div>
   <div class='ocr_carea' id='block_1_7' title="bbox 268 715 1848 797">
    <p class='ocr_par' dir='ltr' id='par_1_7' title="bbox 268 715 1848 797">
     <span class='ocr_line' id='line_1_7' title="bbox 268 715 1848 797; baseline -0.001 -23"><span class='ocrx_word' id='word_1_26' title='bbox 268 715 509 775; x_wconf 68' lang='grc' dir='ltr'>’Δδωνιν</span> <span class='ocrx_word' id='word_1_27' title='bbox 542 716 599 775; x_wconf 72' lang='grc' dir='ltr'>δὲ</span> <span class='ocrx_word' id='word_1_28' title='bbox 629 720 1015 797; x_wconf 83' lang='grc' dir='ltr'>παρεισάγουςι</span> <span class='ocrx_word' id='word_1_29' title='bbox 1072 722 1191 787; x_wconf 83' lang='grc' dir='ltr'>θεὸν</span> <span class='ocrx_word' id='word_1_30' title='bbox 1260 722 1391 777; x_wconf 76' lang='grc' dir='ltr'>εἶναι</span> <span class='ocrx_word' id='word_1_31' title='bbox 1438 719 1701 796; x_wconf 87' lang='grc' dir='ltr'>κυνηγὸν,</span> <span class='ocrx_word' id='word_1_32' title='bbox 1757 718 1848 774; x_wconf 84' lang='grc' dir='ltr'>καὶ</span> 
     </span>
    </p>
   </div>
   <div class='ocr_carea' id='block_1_8' title="bbox 187 807 1849 888">
    <p class='ocr_par' dir='ltr' id='par_1_8' title="bbox 187 807 1849 888">
     <span class='ocr_line' id='line_1_8' title="bbox 187 807 1849 888; baseline 0.001 -24"><span class='ocrx_word' id='word_1_33' title='bbox 187 811 392 864; x_wconf 85' lang='grc' dir='ltr'>τοῦτον</span> <span class='ocrx_word' id='word_1_34' title='bbox 424 807 617 885; x_wconf 82' lang='grc' dir='ltr'>βιαίως</span> <span class='ocrx_word' id='word_1_35' title='bbox 650 811 939 866; x_wconf 79' lang='grc' dir='ltr'>ἀποθανεῖν</span> <span class='ocrx_word' id='word_1_36' title='bbox 974 811 1253 888; x_wconf 80' lang='grc' dir='ltr'>πληγὲντα</span> <span class='ocrx_word' id='word_1_37' title='bbox 1286 812 1390 867; x_wconf 82' lang='grc' dir='ltr'>ὑπὸ</span> <span class='ocrx_word' id='word_1_38' title='bbox 1430 812 1528 867; x_wconf 81' lang='grc' dir='ltr'>τοῦ</span> <span class='ocrx_word' id='word_1_39' title='bbox 1580 811 1672 874; x_wconf 86' lang='grc' dir='ltr'>ὑὸς</span> <span class='ocrx_word' id='word_1_40' title='bbox 1712 811 1849 882; x_wconf 81' lang='lat'>(77),</span> 
     </span>
    </p>
   </div>
   <div class='ocr_carea' id='block_1_9' title="bbox 191 896 1847 977">
    <p class='ocr_par' dir='ltr' id='par_1_9' title="bbox 191 896 1847 977">
     <span class='ocr_line' id='line_1_9' title="bbox 191 896 1847 977; baseline 0.001 -25"><span class='ocrx_word' id='word_1_41' title='bbox 191 897 290 952; x_wconf 80' lang='grc' dir='ltr'>καὶ</span> <span class='ocrx_word' id='word_1_42' title='bbox 327 899 406 971; x_wconf 88' lang='grc' dir='ltr'>μή</span> <span class='ocrx_word' id='word_1_43' title='bbox 436 896 731 969; x_wconf 68' lang='grc' dir='ltr'>δυνηθέντα</span> <span class='ocrx_word' id='word_1_44' title='bbox 779 900 1047 975; x_wconf 81' lang='grc' dir='ltr'>βοηθῆσαι</span> <span class='ocrx_word' id='word_1_45' title='bbox 1105 901 1173 977; x_wconf 77' lang='grc' dir='ltr'>τῇ</span> <span class='ocrx_word' id='word_1_46' title='bbox 1229 900 1579 977; x_wconf 79' lang='grc' dir='ltr'>ταλαιπωρίᾳ</span> <span class='ocrx_word' id='word_1_47' title='bbox 1635 901 1847 955; x_wconf 63' lang='grc' dir='ltr'>ἑαυτοῦ.</span> 
     </span>
    </p>
   </div>
   <div class='ocr_carea' id='block_1_10' title="bbox 196 985 1850 1070">
    <p class='ocr_par' dir='ltr' id='par_1_10' title="bbox 196 985 1850 1070">
     <span class='ocr_line' id='line_1_10' title="bbox 196 985 1850 1070; baseline 0.001 -27"><span class='ocrx_word' id='word_1_48' title='bbox 196 990 332 1050; x_wconf 79' lang='grc' dir='ltr'>Πῶς</span> <span class='ocrx_word' id='word_1_49' title='bbox 364 985 457 1043; x_wconf 76' lang='grc' dir='ltr'>οὗν</span> <span class='ocrx_word' id='word_1_50' title='bbox 488 993 595 1044; x_wconf 83' lang='grc' dir='ltr'>τῶν</span> <span class='ocrx_word' id='word_1_51' title='bbox 629 991 931 1067; x_wconf 81' lang='grc' dir='ltr'>ἀνθρώπων</span> <span class='ocrx_word' id='word_1_52' title='bbox 965 989 1229 1070; x_wconf 76' lang='grc' dir='ltr'>φροντίδα</span> <span class='ocrx_word' id='word_1_53' title='bbox 1267 992 1553 1063; x_wconf 78' lang='grc' dir='ltr'>ποιήσεται</span> <span class='ocrx_word' id='word_1_54' title='bbox 1585 991 1614 1045; x_wconf 86' lang='lat'>6</span> <span class='ocrx_word' id='word_1_55' title='bbox 1644 989 1850 1065; x_wconf 87' lang='grc' dir='ltr'>μοιχὸς</span> 
     </span>
    </p>
   </div>
   <div class='ocr_carea' id='block_1_11' title="bbox 192 1076 1080 1157">
    <p class='ocr_par' dir='ltr' id='par_1_11' title="bbox 192 1076 1080 1157">
     <span class='ocr_line' id='line_1_11' title="bbox 192 1076 1080 1157; baseline 0.018 -26"><span class='ocrx_word' id='word_1_56' title='bbox 192 1076 291 1132; x_wconf 80' lang='grc' dir='ltr'>καὶ</span> <span class='ocrx_word' id='word_1_57' title='bbox 320 1079 561 1156; x_wconf 81' lang='grc' dir='ltr'>κυνηγὸς</span> <span class='ocrx_word' id='word_1_58' title='bbox 590 1079 682 1134; x_wconf 78' lang='grc' dir='ltr'>καὶ</span> <span class='ocrx_word' id='word_1_59' title='bbox 716 1080 1037 1157; x_wconf 72' lang='grc' dir='ltr'>βιοθάνατος</span> <span class='ocrx_word' id='word_1_60' title='bbox 1062 1098 1080 1154; x_wconf 72' lang='grc' dir='ltr'><strong>ἶ</strong></span> 
     </span>
    </p>
   </div>
   <div class='ocr_carea' id='block_1_12' title="bbox 270 1256 1847 1333">
    <p class='ocr_par' dir='ltr' id='par_1_12' title="bbox 270 1256 1847 1333">
     <span class='ocr_line' id='line_1_12' title="bbox 270 1256 1847 1333; baseline 0 -20"><span class='ocrx_word' id='word_1_61' title='bbox 270 1262 453 1313; x_wconf 84' lang='grc' dir='ltr'>Ταῦτα</span> <span class='ocrx_word' id='word_1_62' title='bbox 480 1256 656 1315; x_wconf 81' lang='grc' dir='ltr'>πάντα</span> <span class='ocrx_word' id='word_1_63' title='bbox 683 1258 772 1315; x_wconf 75' lang='grc' dir='ltr'>καὶ</span> <span class='ocrx_word' id='word_1_64' title='bbox 802 1259 990 1317; x_wconf 78' lang='grc' dir='ltr'>πολλὰ</span> <span class='ocrx_word' id='word_1_65' title='bbox 1016 1264 1245 1318; x_wconf 86' lang='grc' dir='ltr'>τοιαῦτα</span> <span class='ocrx_word' id='word_1_66' title='bbox 1274 1260 1364 1318; x_wconf 85' lang='grc' dir='ltr'>καὶ</span> <span class='ocrx_word' id='word_1_67' title='bbox 1412 1259 1611 1333; x_wconf 88' lang='grc' dir='ltr'>πολλῷ</span> <span class='ocrx_word' id='word_1_68' title='bbox 1652 1259 1847 1316; x_wconf 78' lang='grc' dir='ltr'>πλεῖον</span> 
     </span>
    </p>
   </div>
   <div class='ocr_carea' id='block_1_13' title="bbox 189 1345 1850 1429">
    <p class='ocr_par' dir='ltr' id='par_1_13' title="bbox 189 1345 1850 1429">
     <span class='ocr_line' id='line_1_13' title="bbox 189 1345 1850 1429; baseline 0.001 -27"><span class='ocrx_word' id='word_1_69' title='bbox 189 1345 540 1425; x_wconf 76' lang='grc' dir='ltr'>αἷσχρότερα</span> <span class='ocrx_word' id='word_1_70' title='bbox 584 1350 677 1404; x_wconf 87' lang='grc' dir='ltr'>καὶ</span> <span class='ocrx_word' id='word_1_71' title='bbox 736 1352 955 1427; x_wconf 74' lang='grc' dir='ltr'>πονηρὰ</span> <span class='ocrx_word' id='word_1_72' title='bbox 1000 1353 1400 1429; x_wconf 77' lang='grc' dir='ltr'>παρεισήγαγον</span> <span class='ocrx_word' id='word_1_73' title='bbox 1451 1352 1509 1406; x_wconf 72' lang='grc' dir='ltr'>οἱ</span> <span class='ocrx_word' id='word_1_74' title='bbox 1556 1350 1850 1422; x_wconf 78' lang='grc' dir='ltr'>Ἕλληνες,</span> 
     </span>
    </p>
   </div>
   <div class='ocr_carea' id='block_1_14' title="bbox 192 1436 1853 1517">
    <p class='ocr_par' dir='ltr' id='par_1_14' title="bbox 192 1436 1853 1517">
     <span class='ocr_line' id='line_1_14' title="bbox 192 1436 1853 1517; baseline 0.005 -25"><span class='ocrx_word' id='word_1_75' title='bbox 192 1436 456 1514; x_wconf 73' lang='grc' dir='ltr'>βασιλεῦ,</span> <span class='ocrx_word' id='word_1_76' title='bbox 485 1438 610 1513; x_wconf 84' lang='grc' dir='ltr'>περὶ</span> <span class='ocrx_word' id='word_1_77' title='bbox 638 1443 749 1496; x_wconf 83' lang='grc' dir='ltr'>τῶν</span> <span class='ocrx_word' id='word_1_78' title='bbox 800 1438 935 1505; x_wconf 82' lang='grc' dir='ltr'>θεῶν</span> <span class='ocrx_word' id='word_1_79' title='bbox 985 1440 1185 1511; x_wconf 83' lang='grc' dir='ltr'>αὐτῶν,</span> <span class='ocrx_word' id='word_1_80' title='bbox 1218 1441 1252 1496; x_wconf 78' lang='grc' dir='ltr'>ἃ</span> <span class='ocrx_word' id='word_1_81' title='bbox 1282 1438 1404 1497; x_wconf 74' lang='grc' dir='ltr'>οὔτε</span> <span class='ocrx_word' id='word_1_82' title='bbox 1451 1439 1626 1517; x_wconf 74' lang='grc' dir='ltr'>λέγειν</span> <span class='ocrx_word' id='word_1_83' title='bbox 1671 1437 1853 1517; x_wconf 80' lang='grc' dir='ltr'>Θέμις,</span> 
     </span>
    </p>
   </div>
   <div class='ocr_carea' id='block_1_15' title="bbox 187 1523 1852 1608">
    <p class='ocr_par' dir='ltr' id='par_1_15' title="bbox 187 1523 1852 1608">
     <span class='ocr_line' id='line_1_15' title="bbox 187 1523 1852 1608; baseline 0.002 -27"><span class='ocrx_word' id='word_1_84' title='bbox 187 1523 317 1582; x_wconf 68' lang='grc' dir='ltr'>οὔτ’</span> <span class='ocrx_word' id='word_1_85' title='bbox 349 1526 436 1582; x_wconf 74' lang='grc' dir='ltr'>ἐπὶ</span> <span class='ocrx_word' id='word_1_86' title='bbox 472 1528 703 1602; x_wconf 76' lang='grc' dir='ltr'>μνήμης</span> <span class='ocrx_word' id='word_1_87' title='bbox 752 1527 899 1593; x_wconf 76' lang='grc' dir='ltr'>ὅλως</span> <span class='ocrx_word' id='word_1_88' title='bbox 948 1531 1148 1608; x_wconf 72' lang='grc' dir='ltr'>φέρειν·</span> <span class='ocrx_word' id='word_1_89' title='bbox 1210 1529 1328 1586; x_wconf 77' lang='grc' dir='ltr'>ὅθεν</span> <span class='ocrx_word' id='word_1_90' title='bbox 1388 1527 1762 1605; x_wconf 78' lang='grc' dir='ltr'>λαμϐάνοντες</span> <span class='ocrx_word' id='word_1_91' title='bbox 1801 1532 1852 1587; x_wconf 77' lang='grc' dir='ltr'>οἱ</span> 
     </span>
    </p>
   </div>
   <div class='ocr_carea' id='block_1_16' title="bbox 199 1614 1849 1697">
    <p class='ocr_par' dir='ltr' id='par_1_16' title="bbox 199 1614 1849 1697">
     <span class='ocr_line' id='line_1_16' title="bbox 199 1614 1849 1697; baseline 0.004 -27"><span class='ocrx_word' id='word_1_92' title='bbox 199 1614 769 1696; x_wconf 68' lang='grc' dir='ltr'>ἃνθρωποιᾶφορμὴν</span> <span class='ocrx_word' id='word_1_93' title='bbox 819 1620 927 1674; x_wconf 80' lang='grc' dir='ltr'>ἀπὸ</span> <span class='ocrx_word' id='word_1_94' title='bbox 978 1625 1088 1675; x_wconf 86' lang='grc' dir='ltr'>τῶν</span> <span class='ocrx_word' id='word_1_95' title='bbox 1139 1624 1275 1684; x_wconf 81' lang='grc' dir='ltr'>θεῶν</span> <span class='ocrx_word' id='word_1_96' title='bbox 1324 1620 1525 1691; x_wconf 81' lang='grc' dir='ltr'>αὑτῶν,</span> <span class='ocrx_word' id='word_1_97' title='bbox 1584 1618 1849 1697; x_wconf 79' lang='grc' dir='ltr'>ἔπραττον</span> 
     </span>
    </p>
   </div>
   <div class='ocr_carea' id='block_1_17' title="bbox 186 1706 1850 1787">
    <p class='ocr_par' dir='ltr' id='par_1_17' title="bbox 186 1706 1850 1787">
     <span class='ocr_line' id='line_1_17' title="bbox 186 1706 1850 1787; baseline 0.004 -26"><span class='ocrx_word' id='word_1_98' title='bbox 186 1710 382 1761; x_wconf 75' lang='grc' dir='ltr'>’πᾶσαν</span> <span class='ocrx_word' id='word_1_99' title='bbox 439 1706 668 1781; x_wconf 79' lang='grc' dir='ltr'>ἀνομίαν</span> <span class='ocrx_word' id='word_1_100' title='bbox 722 1708 814 1764; x_wconf 89' lang='grc' dir='ltr'>καὶ</span> <span class='ocrx_word' id='word_1_101' title='bbox 872 1707 1153 1787; x_wconf 74' lang='grc' dir='ltr'>ἄσὲλγειαν</span> <span class='ocrx_word' id='word_1_102' title='bbox 1213 1710 1301 1765; x_wconf 86' lang='grc' dir='ltr'>καὶ</span> <span class='ocrx_word' id='word_1_103' title='bbox 1361 1706 1629 1784; x_wconf 73' lang='grc' dir='ltr'>ἀσέϐειαν,</span> <span class='ocrx_word' id='word_1_104' title='bbox 1687 1732 1850 1767; x_wconf 84' lang='grc' dir='ltr'>κατα-</span> 
     </span>
    </p>
   </div>
   <div class='ocr_carea' id='block_1_18' title="bbox 194 1793 1933 1892">
    <p class='ocr_par' dir='ltr' id='par_1_18' title="bbox 194 1793 1933 1892">
     <span class='ocr_line' id='line_1_18' title="bbox 194 1793 1933 1892; baseline 0.004 -42"><span class='ocrx_word' id='word_1_105' title='bbox 194 1793 515 1868; x_wconf 80' lang='grc' dir='ltr'>μιαίνοντες</span> <span class='ocrx_word' id='word_1_106' title='bbox 545 1804 647 1874; x_wconf 81' lang='grc' dir='ltr'>γῆν</span> <span class='ocrx_word' id='word_1_107' title='bbox 672 1818 733 1853; x_wconf 86' lang='grc' dir='ltr'>τε</span> <span class='ocrx_word' id='word_1_108' title='bbox 759 1798 849 1853; x_wconf 77' lang='grc' dir='ltr'>καὶ</span> <span class='ocrx_word' id='word_1_109' title='bbox 882 1800 1012 1875; x_wconf 66' lang='grc' dir='ltr'>ἀέρα</span> <span class='ocrx_word' id='word_1_110' title='bbox 1056 1804 1174 1862; x_wconf 88' lang='grc' dir='ltr'>ταῖς</span> <span class='ocrx_word' id='word_1_111' title='bbox 1228 1797 1425 1862; x_wconf 82' lang='grc' dir='ltr'>δειναῖς</span> <span class='ocrx_word' id='word_1_112' title='bbox 1481 1800 1657 1856; x_wconf 74' lang='grc' dir='ltr'>αὐτῶν</span> <span class='ocrx_word' id='word_1_113' title='bbox 1706 1801 1848 1876; x_wconf 82' lang='grc' dir='ltr'>πρά·</span> <span class='ocrx_word' id='word_1_114' title='bbox 1886 1828 1933 1892; x_wconf 82' lang='grc' dir='ltr'><strong>Β</strong></span> 
     </span>
    </p>
   </div>
   <div class='ocr_carea' id='block_1_19' title="bbox 188 1888 373 1958">
    <p class='ocr_par' dir='ltr' id='par_1_19' title="bbox 188 1888 373 1958">
     <span class='ocr_line' id='line_1_19' title="bbox 188 1888 373 1958; baseline 0.016 -18"><span class='ocrx_word' id='word_1_115' title='bbox 188 1888 373 1958; x_wconf 78' lang='grc' dir='ltr'>ξεσιν.</span> 
     </span>
    </p>
   </div>
   <div class='ocr_carea' id='block_1_20' title="bbox 283 1973 1859 2060">
    <p class='ocr_par' dir='ltr' id='par_1_20' title="bbox 283 1973 1859 2060">
     <span class='ocr_line' id='line_1_20' title="bbox 283 1973 1859 2060; baseline 0.003 -26"><span class='ocrx_word' id='word_1_116' title='bbox 283 1979 440 2034; x_wconf 70' lang='grc'>249</span> <span class='ocrx_word' id='word_1_117' title='bbox 470 1975 764 2055; x_wconf 64' lang='grc' dir='ltr'>Αἰγύπτιοι</span> <span class='ocrx_word' id='word_1_118' title='bbox 798 1975 878 2051; x_wconf 68' lang='grc' dir='ltr'>δὲ,</span> <span class='ocrx_word' id='word_1_119' title='bbox 925 1973 1358 2056; x_wconf 80' lang='grc' dir='ltr'>ὰϐελτερώτεροι</span> <span class='ocrx_word' id='word_1_120' title='bbox 1402 1983 1508 2054; x_wconf 85' lang='lat'>(‘78)</span> <span class='ocrx_word' id='word_1_121' title='bbox 1553 1979 1642 2036; x_wconf 79' lang='grc' dir='ltr'>καὶ</span> <span class='ocrx_word' id='word_1_122' title='bbox 1690 1980 1859 2060; x_wconf 60' lang='lat'>6:990,-</span> 
     </span>
    </p>
   </div>
   <div class='ocr_carea' id='block_1_21' title="bbox 202 2064 1855 2146">
    <p class='ocr_par' dir='ltr' id='par_1_21' title="bbox 202 2064 1855 2146">
     <span class='ocr_line' id='line_1_21' title="bbox 202 2064 1855 2146; baseline 0.004 -25"><span class='ocrx_word' id='word_1_123' title='bbox 202 2067 451 2142; x_wconf 74' lang='grc' dir='ltr'>νέστεροι</span> <span class='ocrx_word' id='word_1_124' title='bbox 501 2068 709 2124; x_wconf 89' lang='grc' dir='ltr'>τούτων</span> <span class='ocrx_word' id='word_1_125' title='bbox 764 2064 938 2139; x_wconf 70' lang='grc' dir='ltr'>ὅντες,</span> <span class='ocrx_word' id='word_1_126' title='bbox 997 2075 1184 2146; x_wconf 82' lang='grc' dir='ltr'>χεῖρον</span> <span class='ocrx_word' id='word_1_127' title='bbox 1242 2070 1456 2127; x_wconf 85' lang='grc' dir='ltr'>πάντων</span> <span class='ocrx_word' id='word_1_128' title='bbox 1515 2076 1624 2127; x_wconf 89' lang='grc' dir='ltr'>τῶν</span> <span class='ocrx_word' id='word_1_129' title='bbox 1692 2070 1855 2136; x_wconf 74' lang='grc' dir='ltr'>ἐθνῶν</span> 
     </span>
    </p>
   </div>
   <div class='ocr_carea' id='block_1_22' title="bbox 207 2155 1859 2235">
    <p class='ocr_par' dir='ltr' id='par_1_22' title="bbox 207 2155 1859 2235">
     <span class='ocr_line' id='line_1_22' title="bbox 207 2155 1859 2235; baseline 0.004 -25"><span class='ocrx_word' id='word_1_130' title='bbox 207 2155 621 2228; x_wconf 72' lang='grc' dir='ltr'>ἐπλανήθησαν,</span> <span class='ocrx_word' id='word_1_131' title='bbox 676 2157 760 2217; x_wconf 87' lang='lat'>06</span> <span class='ocrx_word' id='word_1_132' title='bbox 816 2158 921 2235; x_wconf 79' lang='grc' dir='ltr'>γὰρ</span> <span class='ocrx_word' id='word_1_133' title='bbox 968 2158 1307 2234; x_wconf 69' lang='grc' dir='ltr'>ἠρκὲσθησαν</span> <span class='ocrx_word' id='word_1_134' title='bbox 1362 2165 1483 2223; x_wconf 87' lang='grc' dir='ltr'>τοῖς</span> <span class='ocrx_word' id='word_1_135' title='bbox 1532 2164 1641 2216; x_wconf 84' lang='grc' dir='ltr'>τῶν</span> <span class='ocrx_word' id='word_1_136' title='bbox 1708 2161 1859 2219; x_wconf 84' lang='grc' dir='ltr'>Χαλ-</span> 
     </span>
    </p>
   </div>
   <div class='ocr_carea' id='block_1_23' title="bbox 202 2243 1858 2325">
    <p class='ocr_par' dir='ltr' id='par_1_23' title="bbox 202 2243 1858 2325">
     <span class='ocr_line' id='line_1_23' title="bbox 202 2243 1858 2325; baseline 0.004 -25"><span class='ocrx_word' id='word_1_137' title='bbox 202 2243 375 2301; x_wconf 79' lang='grc' dir='ltr'>δαίων</span> <span class='ocrx_word' id='word_1_138' title='bbox 407 2246 498 2301; x_wconf 78' lang='grc' dir='ltr'>καὶ</span> <span class='ocrx_word' id='word_1_139' title='bbox 529 2247 815 2320; x_wconf 77' lang='grc' dir='ltr'>Ἑλλήνων</span> <span class='ocrx_word' id='word_1_140' title='bbox 849 2244 1204 2322; x_wconf 85' lang='grc' dir='ltr'>σεϐάσμασιν,</span> <span class='ocrx_word' id='word_1_141' title='bbox 1237 2247 1364 2305; x_wconf 85' lang='grc' dir='ltr'>ἀλλ’</span> <span class='ocrx_word' id='word_1_142' title='bbox 1414 2248 1492 2306; x_wconf 79' lang='grc' dir='ltr'>ἔτι</span> <span class='ocrx_word' id='word_1_143' title='bbox 1536 2251 1624 2306; x_wconf 84' lang='grc' dir='ltr'>καὶ</span> <span class='ocrx_word' id='word_1_144' title='bbox 1679 2248 1858 2325; x_wconf 82' lang='grc' dir='ltr'>ἃλογα</span> 
     </span>
    </p>
   </div>
   <div class='ocr_carea' id='block_1_24' title="bbox 204 2337 1857 2415">
    <p class='ocr_par' dir='ltr' id='par_1_24' title="bbox 204 2337 1857 2415">
     <span class='ocr_line' id='line_1_24' title="bbox 204 2337 1857 2415; baseline 0.004 -25"><span class='ocrx_word' id='word_1_145' title='bbox 204 2340 326 2406; x_wconf 83' lang='grc' dir='ltr'>ζῶα</span> <span class='ocrx_word' id='word_1_146' title='bbox 354 2338 764 2414; x_wconf 79' lang='grc' dir='ltr'>παρεισήγαγον</span> <span class='ocrx_word' id='word_1_147' title='bbox 816 2337 969 2401; x_wconf 76' lang='grc' dir='ltr'>θεοὺς</span> <span class='ocrx_word' id='word_1_148' title='bbox 1028 2342 1163 2394; x_wconf 77' lang='grc' dir='ltr'>εἶναι</span> <span class='ocrx_word' id='word_1_149' title='bbox 1223 2341 1457 2415; x_wconf 83' lang='grc' dir='ltr'>χερσαῖά</span> <span class='ocrx_word' id='word_1_150' title='bbox 1510 2361 1567 2396; x_wconf 89' lang='grc' dir='ltr'>τε</span> <span class='ocrx_word' id='word_1_151' title='bbox 1621 2340 1713 2396; x_wconf 84' lang='grc' dir='ltr'>καὶ</span> <span class='ocrx_word' id='word_1_152' title='bbox 1770 2337 1857 2396; x_wconf 85' lang='grc' dir='ltr'>ἔν-</span> 
     </span>
    </p>
   </div>
   <div class='ocr_carea' id='block_1_25' title="bbox 199 2424 1854 2506">
    <p class='ocr_par' dir='ltr' id='par_1_25' title="bbox 199 2424 1854 2506">
     <span class='ocr_line' id='line_1_25' title="bbox 199 2424 1854 2506; baseline 0.004 -25"><span class='ocrx_word' id='word_1_153' title='bbox 199 2424 364 2499; x_wconf 82' lang='grc' dir='ltr'>οδρα,</span> <span class='ocrx_word' id='word_1_154' title='bbox 394 2426 580 2482; x_wconf 84' lang='grc' dir='ltr'>καὶτᾶ</span> <span class='ocrx_word' id='word_1_155' title='bbox 628 2428 768 2506; x_wconf 80' lang='grc' dir='ltr'>φυτά</span> <span class='ocrx_word' id='word_1_156' title='bbox 821 2428 911 2483; x_wconf 81' lang='grc' dir='ltr'>καὶ</span> <span class='ocrx_word' id='word_1_157' title='bbox 973 2426 1201 2504; x_wconf 53' lang='lat' dir='ltr'>plana,</span> <span class='ocrx_word' id='word_1_158' title='bbox 1260 2430 1348 2485; x_wconf 82' lang='grc' dir='ltr'>καὶ</span> <span class='ocrx_word' id='word_1_159' title='bbox 1410 2429 1741 2504; x_wconf 76' lang='grc' dir='ltr'>ἐμιάνθησαν</span> <span class='ocrx_word' id='word_1_160' title='bbox 1800 2430 1854 2487; x_wconf 82' lang='grc' dir='ltr'>ἐν</span> 
     </span>
    </p>
   </div>
   <div class='ocr_carea' id='block_1_26' title="bbox 198 2516 1850 2595">
    <p class='ocr_par' dir='ltr' id='par_1_26' title="bbox 198 2516 1850 2595">
     <span class='ocr_line' id='line_1_26' title="bbox 198 2516 1850 2595; baseline 0.004 -25"><span class='ocrx_word' id='word_1_161' title='bbox 198 2518 352 2590; x_wconf 76' lang='grc' dir='ltr'>πάσῃ</span> <span class='ocrx_word' id='word_1_162' title='bbox 381 2517 547 2589; x_wconf 82' lang='grc' dir='ltr'>μανίᾳ</span> <span class='ocrx_word' id='word_1_163' title='bbox 575 2517 664 2571; x_wconf 82' lang='grc' dir='ltr'>καὶ</span> <span class='ocrx_word' id='word_1_164' title='bbox 706 2516 957 2595; x_wconf 79' lang='grc' dir='ltr'>ἀσελγείᾳ</span> <span class='ocrx_word' id='word_1_165' title='bbox 1016 2524 1205 2594; x_wconf 81' lang='grc' dir='ltr'>χεῖρον</span> <span class='ocrx_word' id='word_1_166' title='bbox 1254 2520 1465 2575; x_wconf 72' lang='grc' dir='ltr'>πάντων</span> <span class='ocrx_word' id='word_1_167' title='bbox 1515 2524 1623 2576; x_wconf 92' lang='grc' dir='ltr'>τῶν</span> <span class='ocrx_word' id='word_1_168' title='bbox 1683 2519 1850 2586; x_wconf 80' lang='grc' dir='ltr'>ἐθνῶν</span> 
     </span>
    </p>
   </div>
   <div class='ocr_carea' id='block_1_27' title="bbox 208 2603 1851 2685">
    <p class='ocr_par' dir='ltr' id='par_1_27' title="bbox 208 2603 1851 2685">
     <span class='ocr_line' id='line_1_27' title="bbox 208 2603 1851 2685; baseline 0.003 -25"><span class='ocrx_word' id='word_1_169' title='bbox 208 2605 308 2660; x_wconf 69' lang='grc' dir='ltr'>ἐπὶ</span> <span class='ocrx_word' id='word_1_170' title='bbox 362 2612 462 2675; x_wconf 82' lang='grc' dir='ltr'>τῆς</span> <span class='ocrx_word' id='word_1_171' title='bbox 511 2608 632 2681; x_wconf 75' lang='grc' dir='ltr'>γῆς.</span> <span class='ocrx_word' id='word_1_172' title='bbox 696 2607 968 2683; x_wconf 83' lang='grc' dir='ltr'>Ἀρχῆθεν</span> <span class='ocrx_word' id='word_1_173' title='bbox 1016 2608 1120 2683; x_wconf 81' lang='grc' dir='ltr'>γὰρ</span> <span class='ocrx_word' id='word_1_174' title='bbox 1206 2603 1455 2664; x_wconf 71' lang='grc' dir='ltr'>ἰσέϐοντο</span> <span class='ocrx_word' id='word_1_175' title='bbox 1537 2611 1635 2679; x_wconf 78' lang='grc' dir='ltr'>τήν</span> <span class='ocrx_word' id='word_1_176' title='bbox 1696 2611 1851 2685; x_wconf 80' lang='grc' dir='ltr'>Ἶσιν,</span> 
     </span>
    </p>
   </div>
   <div class='ocr_carea' id='block_1_28' title="bbox 206 2690 1855 2776">
    <p class='ocr_par' dir='ltr' id='par_1_28' title="bbox 206 2690 1855 2776">
     <span class='ocr_line' id='line_1_28' title="bbox 206 2690 1855 2776; baseline 0.004 -28"><span class='ocrx_word' id='word_1_177' title='bbox 206 2690 442 2770; x_wconf 75' lang='grc' dir='ltr'>ἔχουσαν</span> <span class='ocrx_word' id='word_1_178' title='bbox 474 2692 709 2774; x_wconf 63' lang='grc' dir='ltr'>ἂδελφὸν</span> <span class='ocrx_word' id='word_1_179' title='bbox 740 2697 829 2751; x_wconf 84' lang='grc' dir='ltr'>καὶ</span> <span class='ocrx_word' id='word_1_180' title='bbox 863 2694 1029 2771; x_wconf 82' lang='grc' dir='ltr'>ἄνδρα</span> <span class='ocrx_word' id='word_1_181' title='bbox 1056 2698 1149 2753; x_wconf 84' lang='grc' dir='ltr'>τὸν</span> <span class='ocrx_word' id='word_1_182' title='bbox 1182 2699 1413 2775; x_wconf 89' lang='grc' dir='ltr'>Ὂσιριν,</span> <span class='ocrx_word' id='word_1_183' title='bbox 1445 2700 1535 2753; x_wconf 87' lang='grc' dir='ltr'>τὸν</span> <span class='ocrx_word' id='word_1_184' title='bbox 1592 2699 1855 2776; x_wconf 70' lang='grc' dir='ltr'>σφαγέντα</span> 
     </span>
    </p>
   </div>
   <div class='ocr_carea' id='block_1_29' title="bbox 208 2783 1849 2867">
    <p class='ocr_par' dir='ltr' id='par_1_29' title="bbox 208 2783 1849 2867">
     <span class='ocr_line' id='line_1_29' title="bbox 208 2783 1849 2867; baseline 0.004 -29"><span class='ocrx_word' id='word_1_185' title='bbox 208 2784 318 2838; x_wconf 85' lang='grc' dir='ltr'>ὑπὸ</span> <span class='ocrx_word' id='word_1_186' title='bbox 344 2787 443 2838; x_wconf 85' lang='grc' dir='ltr'>τοῦ</span> <span class='ocrx_word' id='word_1_187' title='bbox 474 2783 713 2862; x_wconf 65' lang='grc' dir='ltr'>ὁιδιλςοοῦ</span> <span class='ocrx_word' id='word_1_188' title='bbox 744 2784 908 2841; x_wconf 82' lang='grc' dir='ltr'>αὐτοῦ</span> <span class='ocrx_word' id='word_1_189' title='bbox 940 2786 1224 2864; x_wconf 67' lang='grc' dir='ltr'>Τύφωνος.</span> <span class='ocrx_word' id='word_1_190' title='bbox 1258 2786 1361 2843; x_wconf 84' lang='grc' dir='ltr'>Καὶ</span> <span class='ocrx_word' id='word_1_191' title='bbox 1395 2785 1482 2843; x_wconf 73' lang='grc' dir='ltr'>διὰ</span> <span class='ocrx_word' id='word_1_192' title='bbox 1508 2792 1669 2843; x_wconf 84' lang='grc' dir='ltr'>τοῦτο</span> <span class='ocrx_word' id='word_1_193' title='bbox 1722 2788 1849 2867; x_wconf 77' lang='grc' dir='ltr'>φεύ-</span> 
     </span>
    </p>
   </div>
   <div class='ocr_carea' id='block_1_30' title="bbox 196 2872 1854 2951">
    <p class='ocr_par' dir='ltr' id='par_1_30' title="bbox 196 2872 1854 2951">
     <span class='ocr_line' id='line_1_30' title="bbox 196 2872 1854 2951; baseline 0.004 -24"><span class='ocrx_word' id='word_1_194' title='bbox 196 2894 280 2949; x_wconf 83' lang='grc' dir='ltr'>γει</span> <span class='ocrx_word' id='word_1_195' title='bbox 316 2875 352 2943; x_wconf 70' lang='grc' dir='ltr'>ἡ</span> <span class='ocrx_word' id='word_1_196' title='bbox 374 2875 507 2938; x_wconf 83' lang='grc' dir='ltr'>Ἶσις</span> <span class='ocrx_word' id='word_1_197' title='bbox 539 2874 672 2948; x_wconf 79' lang='grc' dir='ltr'>μετὰ</span> <span class='ocrx_word' id='word_1_198' title='bbox 701 2877 869 2951; x_wconf 77' lang='grc' dir='ltr'>’Ὥρου</span> <span class='ocrx_word' id='word_1_199' title='bbox 897 2880 994 2931; x_wconf 91' lang='grc' dir='ltr'>τοῦ</span> <span class='ocrx_word' id='word_1_200' title='bbox 1027 2877 1148 2931; x_wconf 74' lang='grc' dir='ltr'>υἱοῦ</span> <span class='ocrx_word' id='word_1_201' title='bbox 1176 2876 1345 2946; x_wconf 76' lang='grc' dir='ltr'>αὐτῆς</span> <span class='ocrx_word' id='word_1_202' title='bbox 1376 2875 1451 2939; x_wconf 64' lang='grc' dir='ltr'>εἷς</span> <span class='ocrx_word' id='word_1_203' title='bbox 1483 2872 1699 2934; x_wconf 88' lang='grc' dir='ltr'>Βύϐλον</span> <span class='ocrx_word' id='word_1_204' title='bbox 1750 2885 1854 2948; x_wconf 81' lang='grc' dir='ltr'>τῆς</span> 
     </span>
    </p>
   </div>
   <div class='ocr_carea' id='block_1_31' title="bbox 203 2960 1852 3041">
    <p class='ocr_par' dir='ltr' id='par_1_31' title="bbox 203 2960 1852 3041">
     <span class='ocr_line' id='line_1_31' title="bbox 203 2960 1852 3041; baseline 0.004 -26"><span class='ocrx_word' id='word_1_205' title='bbox 203 2960 429 3036; x_wconf 77' lang='grc' dir='ltr'>Συρίας,</span> <span class='ocrx_word' id='word_1_206' title='bbox 464 2967 704 3033; x_wconf 76' lang='grc' dir='ltr'>ζητοῦσα</span> <span class='ocrx_word' id='word_1_207' title='bbox 731 2964 826 3019; x_wconf 90' lang='grc' dir='ltr'>τὸν</span> <span class='ocrx_word' id='word_1_208' title='bbox 857 2965 1088 3041; x_wconf 89' lang='grc' dir='ltr'>Ὄσιριν,</span> <span class='ocrx_word' id='word_1_209' title='bbox 1147 2970 1359 3041; x_wconf 85' lang='grc' dir='ltr'>πικρῶς</span> <span class='ocrx_word' id='word_1_210' title='bbox 1406 2970 1698 3041; x_wconf 78' lang='grc' dir='ltr'>θρηνοῦσα,</span> <span class='ocrx_word' id='word_1_211' title='bbox 1746 2962 1852 3029; x_wconf 74' lang='grc' dir='ltr'>ἕως</span> 
     </span>
    </p>
   </div>
   <div class='ocr_carea' id='block_1_32' title="bbox 200 3050 1850 3133">
    <p class='ocr_par' dir='ltr' id='par_1_32' title="bbox 200 3050 1850 3133">
     <span class='ocr_line' id='line_1_32' title="bbox 200 3050 1850 3133; baseline 0.004 -27"><span class='ocrx_word' id='word_1_212' title='bbox 200 3050 435 3123; x_wconf 75' lang='grc' dir='ltr'>ηὔξησεν</span> <span class='ocrx_word' id='word_1_213' title='bbox 468 3053 495 3106; x_wconf 97' lang='lat'>6</span> <span class='ocrx_word' id='word_1_214' title='bbox 553 3054 719 3128; x_wconf 84' lang='grc' dir='ltr'>Ὧρος</span> <span class='ocrx_word' id='word_1_215' title='bbox 778 3054 867 3108; x_wconf 87' lang='grc' dir='ltr'>καὶ</span> <span class='ocrx_word' id='word_1_216' title='bbox 922 3053 1200 3110; x_wconf 68' lang='grc' dir='ltr'>ἀπέκτεινε</span> <span class='ocrx_word' id='word_1_217' title='bbox 1254 3056 1346 3111; x_wconf 88' lang='grc' dir='ltr'>τὸν</span> <span class='ocrx_word' id='word_1_218' title='bbox 1406 3055 1655 3133; x_wconf 80' lang='grc' dir='ltr'>Τύφωνα.</span> <span class='ocrx_word' id='word_1_219' title='bbox 1717 3052 1850 3112; x_wconf 72' lang='grc' dir='ltr'>Οὔτε</span> 
     </span>
    </p>
   </div>
   <div class='ocr_carea' id='block_1_33' title="bbox 200 3141 1849 3223">
    <p class='ocr_par' dir='ltr' id='par_1_33' title="bbox 200 3141 1849 3223">
     <span class='ocr_line' id='line_1_33' title="bbox 200 3141 1849 3223; baseline 0.003 -27"><span class='ocrx_word' id='word_1_220' title='bbox 200 3142 291 3196; x_wconf 75' lang='grc' dir='ltr'>οὖν</span> <span class='ocrx_word' id='word_1_221' title='bbox 328 3144 363 3211; x_wconf 80' lang='grc' dir='ltr'>ἡ</span> <span class='ocrx_word' id='word_1_222' title='bbox 398 3144 532 3206; x_wconf 83' lang='grc' dir='ltr'>Ἶσις</span> <span class='ocrx_word' id='word_1_223' title='bbox 573 3146 680 3215; x_wconf 77' lang='lat'>(79)</span> <span class='ocrx_word' id='word_1_224' title='bbox 738 3141 929 3217; x_wconf 65' lang='grc' dir='ltr'>ἴσχυσε</span> <span class='ocrx_word' id='word_1_225' title='bbox 990 3144 1260 3220; x_wconf 79' lang='grc' dir='ltr'>βοηθῆσαι</span> <span class='ocrx_word' id='word_1_226' title='bbox 1315 3148 1393 3217; x_wconf 83' lang='grc' dir='ltr'>τῷ</span> <span class='ocrx_word' id='word_1_227' title='bbox 1450 3142 1572 3219; x_wconf 80' lang='grc' dir='ltr'>ἰδίῳ</span> <span class='ocrx_word' id='word_1_228' title='bbox 1627 3143 1849 3223; x_wconf 76' lang='grc' dir='ltr'>ἀδελφῷ</span> 
     </span>
    </p>
   </div>
   <div class='ocr_carea' id='block_1_34' title="bbox 197 3226 1847 3309">
    <p class='ocr_par' dir='ltr' id='par_1_34' title="bbox 197 3226 1847 3309">
     <span class='ocr_line' id='line_1_34' title="bbox 197 3226 1847 3309; baseline 0.003 -24"><span class='ocrx_word' id='word_1_229' title='bbox 197 3230 289 3285; x_wconf 81' lang='grc' dir='ltr'>καὶ</span> <span class='ocrx_word' id='word_1_230' title='bbox 321 3226 498 3306; x_wconf 60' lang='grc' dir='ltr'>ἀνδρί·</span> <span class='ocrx_word' id='word_1_231' title='bbox 535 3226 659 3285; x_wconf 67' lang='grc' dir='ltr'>οὔτε</span> <span class='ocrx_word' id='word_1_232' title='bbox 690 3231 717 3285; x_wconf 90' lang='lat'>6</span> <span class='ocrx_word' id='word_1_233' title='bbox 776 3232 986 3306; x_wconf 88' lang='grc' dir='ltr'>Ὄσιρις</span> <span class='ocrx_word' id='word_1_234' title='bbox 1045 3232 1380 3309; x_wconf 77' lang='grc' dir='ltr'>σφαζόμενος</span> <span class='ocrx_word' id='word_1_235' title='bbox 1438 3233 1545 3290; x_wconf 84' lang='lat'>61:6</span> <span class='ocrx_word' id='word_1_236' title='bbox 1600 3239 1697 3290; x_wconf 89' lang='grc' dir='ltr'>τοῦ</span> <span class='ocrx_word' id='word_1_237' title='bbox 1746 3235 1847 3290; x_wconf 83' lang='grc' dir='ltr'>Τύ-</span> 
     </span>
    </p>
   </div>
   <div class='ocr_carea' id='block_1_35' title="bbox 196 3316 1849 3403">
    <p class='ocr_par' dir='ltr' id='par_1_35' title="bbox 196 3316 1849 3403">
     <span class='ocr_line' id='line_1_35' title="bbox 196 3316 1849 3403; baseline 0.004 -29"><span class='ocrx_word' id='word_1_238' title='bbox 196 3339 379 3399; x_wconf 59' lang='grc' dir='ltr'>ᾳωνος</span> <span class='ocrx_word' id='word_1_239' title='bbox 417 3318 668 3391; x_wconf 74' lang='grc' dir='ltr'>ἠδυνήθη</span> <span class='ocrx_word' id='word_1_240' title='bbox 728 3316 1106 3377; x_wconf 80' lang='grc' dir='ltr'>ἀντιλαϐέσθαι</span> <span class='ocrx_word' id='word_1_241' title='bbox 1157 3322 1369 3379; x_wconf 69' lang='grc' dir='ltr'>ἑαυτοῦθ</span> <span class='ocrx_word' id='word_1_242' title='bbox 1421 3319 1545 3380; x_wconf 68' lang='grc' dir='ltr'>οὔτε</span> <span class='ocrx_word' id='word_1_243' title='bbox 1595 3325 1791 3403; x_wconf 77' lang='grc' dir='ltr'>Τύφων</span> <span class='ocrx_word' id='word_1_244' title='bbox 1821 3326 1849 3381; x_wconf 90' lang='grc' dir='ltr'>ὁ</span> 
     </span>
    </p>
   </div>
   <div class='ocr_carea' id='block_1_36' title="bbox 194 3408 1850 3491">
    <p class='ocr_par' dir='ltr' id='par_1_36' title="bbox 194 3408 1850 3491">
     <span class='ocr_line' id='line_1_36' title="bbox 194 3408 1850 3491; baseline 0.002 -25"><span class='ocrx_word' id='word_1_245' title='bbox 194 3408 629 3485; x_wconf 73' lang='grc' dir='ltr'>αδελφοκτόνος,</span> <span class='ocrx_word' id='word_1_246' title='bbox 682 3408 1067 3485; x_wconf 77' lang='grc' dir='ltr'>ἀπολλύμενος</span> <span class='ocrx_word' id='word_1_247' title='bbox 1100 3410 1205 3467; x_wconf 88' lang='lat'>61:6</span> <span class='ocrx_word' id='word_1_248' title='bbox 1251 3417 1349 3469; x_wconf 89' lang='grc' dir='ltr'>τοῦ</span> <span class='ocrx_word' id='word_1_249' title='bbox 1395 3416 1565 3491; x_wconf 72' lang='grc' dir='ltr'>’Ὥρου</span> <span class='ocrx_word' id='word_1_250' title='bbox 1612 3414 1701 3469; x_wconf 81' lang='grc' dir='ltr'>καὶ</span> <span class='ocrx_word' id='word_1_251' title='bbox 1748 3423 1850 3486; x_wconf 80' lang='grc' dir='ltr'>τῆς</span> 
     </span>
    </p>
   </div>
   <div class='ocr_carea' id='block_1_37' title="bbox 192 3496 1851 3577">
    <p class='ocr_par' dir='ltr' id='par_1_37' title="bbox 192 3496 1851 3577">
     <span class='ocr_line' id='line_1_37' title="bbox 192 3496 1851 3577; baseline 0.004 -22"><span class='ocrx_word' id='word_1_252' title='bbox 192 3496 423 3571; x_wconf 81' lang='grc' dir='ltr'>Ἴσιδος,</span> <span class='ocrx_word' id='word_1_253' title='bbox 454 3498 727 3575; x_wconf 75' lang='grc' dir='ltr'>εὐπόρησε</span> <span class='ocrx_word' id='word_1_254' title='bbox 752 3500 1011 3577; x_wconf 73' lang='grc' dir='ltr'>ῥύσασθαι</span> <span class='ocrx_word' id='word_1_255' title='bbox 1060 3501 1248 3557; x_wconf 68' lang='grc' dir='ltr'>ἑαυτὸν</span> <span class='ocrx_word' id='word_1_256' title='bbox 1296 3507 1394 3558; x_wconf 90' lang='grc' dir='ltr'>τοῦ</span> <span class='ocrx_word' id='word_1_257' title='bbox 1446 3503 1695 3562; x_wconf 84' lang='grc' dir='ltr'>θανάτου.</span> <span class='ocrx_word' id='word_1_258' title='bbox 1749 3506 1851 3561; x_wconf 81' lang='grc' dir='ltr'>Καὶ</span> 
     </span>
    </p>
   </div>
   <div class='ocr_carea' id='block_1_38' title="bbox 195 3589 1847 3668">
    <p class='ocr_par' dir='ltr' id='par_1_38' title="bbox 195 3589 1847 3668">
     <span class='ocr_line' id='line_1_38' title="bbox 195 3589 1847 3668; baseline 0.002 -22"><span class='ocrx_word' id='word_1_259' title='bbox 195 3590 283 3646; x_wconf 65' lang='grc' dir='ltr'>ἐπὶ</span> <span class='ocrx_word' id='word_1_260' title='bbox 337 3589 616 3652; x_wconf 77' lang='grc' dir='ltr'>τοιούτοις</span> <span class='ocrx_word' id='word_1_261' title='bbox 673 3590 993 3665; x_wconf 75' lang='grc' dir='ltr'>ἀτυχήμασι</span> <span class='ocrx_word' id='word_1_262' title='bbox 1043 3591 1435 3668; x_wconf 70' lang='grc' dir='ltr'>γνωρισθέντες</span> <span class='ocrx_word' id='word_1_263' title='bbox 1492 3593 1645 3649; x_wconf 78' lang='grc' dir='ltr'>αὐτοὶ</span> <span class='ocrx_word' id='word_1_264' title='bbox 1733 3592 1847 3658; x_wconf 83' lang='grc' dir='ltr'>θεοὶ</span> 
     </span>
    </p>
   </div>
   <div class='ocr_carea' id='block_1_39' title="bbox 199 3679 1688 3756">
    <p class='ocr_par' dir='ltr' id='par_1_39' title="bbox 199 3679 1688 3756">
     <span class='ocr_line' id='line_1_39' title="bbox 199 3679 1688 3756; baseline 0.004 -22"><span class='ocrx_word' id='word_1_265' title='bbox 199 3679 304 3734; x_wconf 86' lang='lat'>61:6</span> <span class='ocrx_word' id='word_1_266' title='bbox 327 3684 439 3734; x_wconf 88' lang='grc' dir='ltr'>τῶν</span> <span class='ocrx_word' id='word_1_267' title='bbox 474 3679 745 3736; x_wconf 71' lang='grc' dir='ltr'>ἀσυνέτων</span> <span class='ocrx_word' id='word_1_268' title='bbox 779 3681 934 3738; x_wconf 65' lang='lat'>250</span> <span class='ocrx_word' id='word_1_269' title='bbox 962 3679 1275 3755; x_wconf 76' lang='grc' dir='ltr'>Αἰγυπτίων</span> <span class='ocrx_word' id='word_1_270' title='bbox 1304 3681 1688 3756; x_wconf 71' lang='grc' dir='ltr'>ἐνομίσθησαν.</span> 
     </span>
    </p>
   </div>
   <div class='ocr_carea' id='block_1_40' title="bbox 266 3765 1844 3846">
    <p class='ocr_par' dir='ltr' id='par_1_40' title="bbox 266 3765 1844 3846">
     <span class='ocr_line' id='line_1_40' title="bbox 266 3765 1844 3846; baseline 0.003 -21"><span class='ocrx_word' id='word_1_271' title='bbox 266 3766 507 3840; x_wconf 79' lang='grc' dir='ltr'>σίτινες,</span> <span class='ocrx_word' id='word_1_272' title='bbox 544 3765 676 3841; x_wconf 89' lang='grc' dir='ltr'>μηδ’</span> <span class='ocrx_word' id='word_1_273' title='bbox 706 3768 758 3823; x_wconf 79' lang='grc' dir='ltr'>ἐν</span> <span class='ocrx_word' id='word_1_274' title='bbox 798 3767 1015 3831; x_wconf 90' lang='grc' dir='ltr'>τούτοις</span> <span class='ocrx_word' id='word_1_275' title='bbox 1074 3768 1418 3846; x_wconf 73' lang='grc' dir='ltr'>ἀρκεσθέντες</span> <span class='ocrx_word' id='word_1_276' title='bbox 1471 3771 1507 3843; x_wconf 76' lang='grc' dir='ltr'><strong>ἢ</strong></span> <span class='ocrx_word' id='word_1_277' title='bbox 1564 3778 1683 3836; x_wconf 86' lang='grc' dir='ltr'>τοῖς</span> <span class='ocrx_word' id='word_1_278' title='bbox 1724 3770 1844 3829; x_wconf 87' lang='grc' dir='ltr'>λοι-</span> 
     </span>
    </p>
   </div>
   <div class='ocr_carea' id='block_1_41' title="bbox 197 3852 1844 3936">
    <p class='ocr_par' dir='ltr' id='par_1_41' title="bbox 197 3852 1844 3936">
     <span class='ocr_line' id='line_1_41' title="bbox 197 3852 1844 3936; baseline -0.004 -22"><span class='ocrx_word' id='word_1_279' title='bbox 197 3863 321 3920; x_wconf 80' lang='grc' dir='ltr'>ποῖς</span> <span class='ocrx_word' id='word_1_280' title='bbox 359 3852 664 3930; x_wconf 79' lang='grc' dir='ltr'>σεϐάσμασι</span> <span class='ocrx_word' id='word_1_281' title='bbox 694 3860 803 3910; x_wconf 89' lang='grc' dir='ltr'>τῶν</span> <span class='ocrx_word' id='word_1_282' title='bbox 835 3855 1022 3928; x_wconf 69' lang='grc' dir='ltr'>ἐθνῶν,</span> <span class='ocrx_word' id='word_1_283' title='bbox 1054 3857 1145 3911; x_wconf 85' lang='grc' dir='ltr'>καί</span> <span class='ocrx_word' id='word_1_284' title='bbox 1192 3857 1261 3913; x_wconf 84' lang='grc' dir='ltr'>τὰ</span> <span class='ocrx_word' id='word_1_285' title='bbox 1302 3856 1483 3935; x_wconf 72' lang='grc' dir='ltr'>ἄλογα</span> <span class='ocrx_word' id='word_1_286' title='bbox 1535 3864 1649 3929; x_wconf 86' lang='grc' dir='ltr'>ζῶα</span> <span class='ocrx_word' id='word_1_287' title='bbox 1702 3880 1844 3936; x_wconf 80' lang='grc' dir='ltr'>παρ-</span> 
     </span>
    </p>
   </div>
   <div class='ocr_carea' id='block_1_42' title="bbox 199 3944 1843 4024">
    <p class='ocr_par' dir='ltr' id='par_1_42' title="bbox 199 3944 1843 4024">
     <span class='ocr_line' id='line_1_42' title="bbox 199 3944 1843 4024; baseline -0.007 -20"><span class='ocrx_word' id='word_1_288' title='bbox 199 3949 488 4023; x_wconf 68' lang='grc' dir='ltr'>εις-ἤγαγον</span> <span class='ocrx_word' id='word_1_289' title='bbox 545 3944 703 4011; x_wconf 74' lang='grc' dir='ltr'>θεοὺς</span> <span class='ocrx_word' id='word_1_290' title='bbox 759 3944 915 4002; x_wconf 79' lang='grc' dir='ltr'>εἶναι.</span> <span class='ocrx_word' id='word_1_291' title='bbox 979 3947 1138 4009; x_wconf 72' lang='grc' dir='ltr'>Τινὲς</span> <span class='ocrx_word' id='word_1_292' title='bbox 1219 3945 1321 4024; x_wconf 69' lang='grc' dir='ltr'>γὰρ</span> <span class='ocrx_word' id='word_1_293' title='bbox 1400 3947 1575 4003; x_wconf 79' lang='grc' dir='ltr'>αὐτῶν</span> <span class='ocrx_word' id='word_1_294' title='bbox 1658 3945 1843 4004; x_wconf 67' lang='grc' dir='ltr'>ἐσεϐά-</span> 
     </span>
    </p>
   </div>
   <div class='ocr_carea' id='block_1_43' title="bbox 194 4028 1840 4114">
    <p class='ocr_par' dir='ltr' id='par_1_43' title="bbox 194 4028 1840 4114">
     <span class='ocr_line' id='line_1_43' title="bbox 194 4028 1840 4114; baseline 0.004 -25"><span class='ocrx_word' id='word_1_295' title='bbox 194 4047 399 4106; x_wconf 86' lang='grc' dir='ltr'>σθησαν</span> <span class='ocrx_word' id='word_1_296' title='bbox 426 4028 731 4110; x_wconf 87' lang='grc' dir='ltr'>πρόϐατον,</span> <span class='ocrx_word' id='word_1_297' title='bbox 762 4033 904 4096; x_wconf 75' lang='grc' dir='ltr'>τινὲς</span> <span class='ocrx_word' id='word_1_298' title='bbox 938 4030 995 4088; x_wconf 76' lang='grc' dir='ltr'>δὶ</span> <span class='ocrx_word' id='word_1_299' title='bbox 1021 4033 1241 4111; x_wconf 86' lang='grc' dir='ltr'>τράγον,</span> <span class='ocrx_word' id='word_1_300' title='bbox 1297 4032 1473 4113; x_wconf 73' lang='grc' dir='ltr'>ἕτεροι</span> <span class='ocrx_word' id='word_1_301' title='bbox 1524 4034 1581 4092; x_wconf 79' lang='grc' dir='ltr'>δὲ</span> <span class='ocrx_word' id='word_1_302' title='bbox 1631 4037 1840 4114; x_wconf 82' lang='grc' dir='ltr'>μόσχον</span> 
     </span>
    </p>
   </div>
   <div class='ocr_carea' id='block_1_44' title="bbox 188 4121 1844 4207">
    <p class='ocr_par' dir='ltr' id='par_1_44' title="bbox 188 4121 1844 4207">
     <span class='ocr_line' id='line_1_44' title="bbox 188 4121 1844 4207; baseline 0.001 -23"><span class='ocrx_word' id='word_1_303' title='bbox 188 4128 407 4184; x_wconf 84' lang='grc' dir='ltr'>καὶτὸν</span> <span class='ocrx_word' id='word_1_304' title='bbox 436 4132 654 4203; x_wconf 83' lang='grc' dir='ltr'>χοῖρον,</span> <span class='ocrx_word' id='word_1_305' title='bbox 687 4122 855 4182; x_wconf 73' lang='grc' dir='ltr'>ἃλλοι</span> <span class='ocrx_word' id='word_1_306' title='bbox 883 4121 941 4180; x_wconf 71' lang='grc' dir='ltr'>δὲ</span> <span class='ocrx_word' id='word_1_307' title='bbox 994 4126 1087 4181; x_wconf 88' lang='grc' dir='ltr'>τὸν</span> <span class='ocrx_word' id='word_1_308' title='bbox 1134 4126 1341 4203; x_wconf 83' lang='grc' dir='ltr'>κόρακα</span> <span class='ocrx_word' id='word_1_309' title='bbox 1384 4129 1471 4184; x_wconf 78' lang='grc' dir='ltr'>καὶ</span> <span class='ocrx_word' id='word_1_310' title='bbox 1516 4130 1610 4185; x_wconf 89' lang='grc' dir='ltr'>τὸν</span> <span class='ocrx_word' id='word_1_311' title='bbox 1655 4131 1844 4207; x_wconf 77' lang='grc' dir='ltr'>ἱέρακα</span> 
     </span>
    </p>
   </div>
   <div class='ocr_carea' id='block_1_45' title="bbox 187 4214 1842 4295">
    <p class='ocr_par' dir='ltr' id='par_1_45' title="bbox 187 4214 1842 4295">
     <span class='ocr_line' id='line_1_45' title="bbox 187 4214 1842 4295; baseline 0.001 -22"><span class='ocrx_word' id='word_1_312' title='bbox 187 4216 403 4273; x_wconf 76' lang='grc' dir='ltr'>καὶτὸν</span> <span class='ocrx_word' id='word_1_313' title='bbox 434 4219 584 4291; x_wconf 86' lang='grc' dir='ltr'>γῦπα</span> <span class='ocrx_word' id='word_1_314' title='bbox 637 4215 728 4270; x_wconf 83' lang='grc' dir='ltr'>καὶ</span> <span class='ocrx_word' id='word_1_315' title='bbox 760 4214 855 4269; x_wconf 88' lang='grc' dir='ltr'>τὸν</span> <span class='ocrx_word' id='word_1_316' title='bbox 894 4214 1071 4287; x_wconf 77' lang='grc' dir='ltr'>ἀετὸν,</span> <span class='ocrx_word' id='word_1_317' title='bbox 1127 4215 1218 4270; x_wconf 82' lang='grc' dir='ltr'>καὶ</span> <span class='ocrx_word' id='word_1_318' title='bbox 1271 4215 1434 4273; x_wconf 74' lang='grc' dir='ltr'>ἄλλοι</span> <span class='ocrx_word' id='word_1_319' title='bbox 1492 4219 1585 4274; x_wconf 86' lang='grc' dir='ltr'>τὸν</span> <span class='ocrx_word' id='word_1_320' title='bbox 1640 4219 1842 4295; x_wconf 84' lang='grc' dir='ltr'>κροκό-</span> 
     </span>
    </p>
   </div>
   <div class='ocr_carea' id='block_1_46' title="bbox 188 4301 1837 4380">
    <p class='ocr_par' dir='ltr' id='par_1_46' title="bbox 188 4301 1837 4380">
     <span class='ocr_line' id='line_1_46' title="bbox 188 4301 1837 4380; baseline 0.002 -18"><span class='ocrx_word' id='word_1_321' title='bbox 188 4304 395 4376; x_wconf 81' lang='grc' dir='ltr'>δειλον,</span> <span class='ocrx_word' id='word_1_322' title='bbox 424 4305 570 4367; x_wconf 78' lang='grc' dir='ltr'>τινὶς</span> <span class='ocrx_word' id='word_1_323' title='bbox 606 4302 663 4359; x_wconf 75' lang='grc' dir='ltr'>δὶ</span> <span class='ocrx_word' id='word_1_324' title='bbox 690 4304 782 4360; x_wconf 87' lang='grc' dir='ltr'>τὸν</span> <span class='ocrx_word' id='word_1_325' title='bbox 813 4301 1075 4379; x_wconf 67' lang='grc' dir='ltr'>αἴλουρον</span> <span class='ocrx_word' id='word_1_326' title='bbox 1126 4306 1215 4360; x_wconf 79' lang='grc' dir='ltr'>καὶ</span> <span class='ocrx_word' id='word_1_327' title='bbox 1262 4308 1355 4362; x_wconf 85' lang='grc' dir='ltr'>τὸν</span> <span class='ocrx_word' id='word_1_328' title='bbox 1403 4304 1559 4380; x_wconf 78' lang='grc' dir='ltr'>κύνα,</span> <span class='ocrx_word' id='word_1_329' title='bbox 1607 4308 1697 4365; x_wconf 83' lang='grc' dir='ltr'>καὶ</span> <span class='ocrx_word' id='word_1_330' title='bbox 1746 4312 1837 4366; x_wconf 85' lang='grc' dir='ltr'>τὸν</span> 
     </span>
    </p>
   </div>
   <div class='ocr_carea' id='block_1_47' title="bbox 188 4392 1837 4470">
    <p class='ocr_par' dir='ltr' id='par_1_47' title="bbox 188 4392 1837 4470">
     <span class='ocr_line' id='line_1_47' title="bbox 188 4392 1837 4470; baseline 0.002 -18"><span class='ocrx_word' id='word_1_331' title='bbox 188 4396 351 4453; x_wconf 79' lang='grc' dir='ltr'>λύκον</span> <span class='ocrx_word' id='word_1_332' title='bbox 379 4394 596 4450; x_wconf 80' lang='grc' dir='ltr'>καὶτὸν</span> <span class='ocrx_word' id='word_1_333' title='bbox 653 4392 910 4465; x_wconf 84' lang='grc' dir='ltr'>πίθηκον,</span> <span class='ocrx_word' id='word_1_334' title='bbox 965 4395 1054 4449; x_wconf 88' lang='grc' dir='ltr'>καὶ</span> <span class='ocrx_word' id='word_1_335' title='bbox 1113 4395 1205 4449; x_wconf 85' lang='grc' dir='ltr'>τὸν</span> <span class='ocrx_word' id='word_1_336' title='bbox 1266 4392 1535 4470; x_wconf 85' lang='grc' dir='ltr'>δράκοντα</span> <span class='ocrx_word' id='word_1_337' title='bbox 1590 4400 1679 4454; x_wconf 87' lang='grc' dir='ltr'>καὶ</span> <span class='ocrx_word' id='word_1_338' title='bbox 1738 4401 1837 4469; x_wconf 76' lang='grc' dir='ltr'>τήν</span> 
     </span>
    </p>
   </div>
   <div class='ocr_carea' id='block_1_48' title="bbox 185 4481 1837 4563">
    <p class='ocr_par' dir='ltr' id='par_1_48' title="bbox 185 4481 1837 4563">
     <span class='ocr_line' id='line_1_48' title="bbox 185 4481 1837 4563; baseline 0.002 -22"><span class='ocrx_word' id='word_1_339' title='bbox 185 4482 411 4554; x_wconf 80' lang='grc' dir='ltr'>ἀσπίδα,</span> <span class='ocrx_word' id='word_1_340' title='bbox 440 4483 535 4539; x_wconf 76' lang='grc' dir='ltr'>καὶ</span> <span class='ocrx_word' id='word_1_341' title='bbox 563 4481 727 4540; x_wconf 77' lang='grc' dir='ltr'>ἄλλοι</span> <span class='ocrx_word' id='word_1_342' title='bbox 753 4485 817 4538; x_wconf 87' lang='grc' dir='ltr'>τὸ</span> <span class='ocrx_word' id='word_1_343' title='bbox 873 4483 1114 4559; x_wconf 90' lang='grc' dir='ltr'>κρόμυον</span> <span class='ocrx_word' id='word_1_344' title='bbox 1169 4483 1259 4539; x_wconf 76' lang='grc' dir='ltr'>καὶ</span> <span class='ocrx_word' id='word_1_345' title='bbox 1318 4486 1383 4541; x_wconf 87' lang='grc' dir='ltr'>τὸ</span> <span class='ocrx_word' id='word_1_346' title='bbox 1439 4484 1702 4563; x_wconf 85' lang='grc' dir='ltr'>σκόροδον</span> <span class='ocrx_word' id='word_1_347' title='bbox 1746 4489 1837 4545; x_wconf 84' lang='grc' dir='ltr'>καὶ</span> 
     </span>
    </p>
   </div>
   <div class='ocr_carea' id='block_1_49' title="bbox 1959 542 3604 617">
    <p class='ocr_par' dir='ltr' id='par_1_49' title="bbox 1959 542 3604 617">
     <span class='ocr_line' id='line_1_49' title="bbox 1959 542 3604 617; baseline 0.004 -20"><span class='ocrx_word' id='word_1_348' title='bbox 1959 542 2263 613; x_wconf 85' lang='lat' dir='ltr'>inducere,</span> <span class='ocrx_word' id='word_1_349' title='bbox 2297 561 2428 616; x_wconf 70' lang='lat' dir='ltr'>quas</span> <span class='ocrx_word' id='word_1_350' title='bbox 2460 544 2735 601; x_wconf 81' lang='lat' dir='ltr'>adulterii</span> <span class='ocrx_word' id='word_1_351' title='bbox 2767 544 3017 600; x_wconf 84' lang='lat' dir='ltr'>crimine</span> <span class='ocrx_word' id='word_1_352' title='bbox 3051 560 3112 599; x_wconf 88' lang='lat' dir='ltr'>se</span> <span class='ocrx_word' id='word_1_353' title='bbox 3138 543 3485 617; x_wconf 77' lang='lat' dir='ltr'>obstringat,</span> <span class='ocrx_word' id='word_1_354' title='bbox 3545 553 3604 603; x_wconf 90' lang='lat' dir='ltr'>et</span> 
     </span>
    </p>
   </div>
   <div class='ocr_carea' id='block_1_50' title="bbox 1958 634 2682 706">
    <p class='ocr_par' dir='ltr' id='par_1_50' title="bbox 1958 634 2682 706">
     <span class='ocr_line' id='line_1_50' title="bbox 1958 634 2682 706; baseline 0.001 -18"><span class='ocrx_word' id='word_1_355' title='bbox 1958 634 2153 706; x_wconf 85' lang='lat' dir='ltr'>ploret</span> <span class='ocrx_word' id='word_1_356' title='bbox 2181 650 2248 690; x_wconf 89' lang='lat' dir='ltr'>ac</span> <span class='ocrx_word' id='word_1_357' title='bbox 2271 634 2635 691; x_wconf 82' lang='lat' dir='ltr'>lamentetur</span> <span class='ocrx_word' id='word_1_358' title='bbox 2654 635 2682 690; x_wconf 74' lang='lat'>‘2</span> 
     </span>
    </p>
   </div>
   <div class='ocr_carea' id='block_1_51' title="bbox 2030 723 3603 781">
    <p class='ocr_par' dir='ltr' id='par_1_51' title="bbox 2030 723 3603 781">
     <span class='ocr_line' id='line_1_51' title="bbox 2030 723 3603 781; baseline 0.001 -2"><span class='ocrx_word' id='word_1_359' title='bbox 2030 724 2361 780; x_wconf 89' lang='lat' dir='ltr'>Adonidem</span> <span class='ocrx_word' id='word_1_360' title='bbox 2395 731 2592 781; x_wconf 90' lang='lat' dir='ltr'>autem</span> <span class='ocrx_word' id='word_1_361' title='bbox 2625 724 2803 780; x_wconf 91' lang='lat' dir='ltr'>etiam</span> <span class='ocrx_word' id='word_1_362' title='bbox 2833 724 3009 780; x_wconf 89' lang='lat' dir='ltr'>deum</span> <span class='ocrx_word' id='word_1_363' title='bbox 3040 728 3381 780; x_wconf 81' lang='lat' dir='ltr'>venatorem</span> <span class='ocrx_word' id='word_1_364' title='bbox 3430 723 3603 780; x_wconf 87' lang='lat' dir='ltr'>indu-</span> 
     </span>
    </p>
   </div>
   <div class='ocr_carea' id='block_1_52' title="bbox 1960 812 3601 885">
    <p class='ocr_par' dir='ltr' id='par_1_52' title="bbox 1960 812 3601 885">
     <span class='ocr_line' id='line_1_52' title="bbox 1960 812 3601 885; baseline -0.001 -17"><span class='ocrx_word' id='word_1_365' title='bbox 1960 818 2124 883; x_wconf 89' lang='lat' dir='ltr'>cunt,</span> <span class='ocrx_word' id='word_1_366' title='bbox 2160 829 2413 885; x_wconf 88' lang='lat' dir='ltr'>eumque</span> <span class='ocrx_word' id='word_1_367' title='bbox 2447 813 2517 869; x_wconf 93' lang='lat' dir='ltr'>ab</span> <span class='ocrx_word' id='word_1_368' title='bbox 2549 830 2690 884; x_wconf 87' lang='lat' dir='ltr'>apro</span> <span class='ocrx_word' id='word_1_369' title='bbox 2724 830 3071 885; x_wconf 87' lang='lat' dir='ltr'>percussum</span> <span class='ocrx_word' id='word_1_370' title='bbox 3107 812 3365 867; x_wconf 86' lang='lat' dir='ltr'>violenta</span> <span class='ocrx_word' id='word_1_371' title='bbox 3413 818 3601 868; x_wconf 91' lang='lat' dir='ltr'>morte</span> 
     </span>
    </p>
   </div>
   <div class='ocr_carea' id='block_1_53' title="bbox 1960 902 3606 975">
    <p class='ocr_par' dir='ltr' id='par_1_53' title="bbox 1960 902 3606 975">
     <span class='ocr_line' id='line_1_53' title="bbox 1960 902 3606 975; baseline 0 -18"><span class='ocrx_word' id='word_1_372' title='bbox 1960 902 2259 959; x_wconf 81' lang='lat' dir='ltr'>interiisse</span> <span class='ocrx_word' id='word_1_373' title='bbox 2280 904 2467 973; x_wconf 88' lang='lat' dir='ltr'>aiunt,</span> <span class='ocrx_word' id='word_1_374' title='bbox 2491 920 2601 959; x_wconf 89' lang='lat' dir='ltr'>nec</span> <span class='ocrx_word' id='word_1_375' title='bbox 2624 903 2685 957; x_wconf 92' lang='lat' dir='ltr'>in</span> <span class='ocrx_word' id='word_1_376' title='bbox 2708 903 3048 975; x_wconf 88' lang='lat' dir='ltr'>hujusmodi</span> <span class='ocrx_word' id='word_1_377' title='bbox 3075 903 3409 958; x_wconf 79' lang='lat' dir='ltr'>calamitate</span> <span class='ocrx_word' id='word_1_378' title='bbox 3432 918 3606 973; x_wconf 88' lang='lat' dir='ltr'>opem</span> 
     </span>
    </p>
   </div>
   <div class='ocr_carea' id='block_1_54' title="bbox 1962 992 3603 1065">
    <p class='ocr_par' dir='ltr' id='par_1_54' title="bbox 1962 992 3603 1065">
     <span class='ocr_line' id='line_1_54' title="bbox 1962 992 3603 1065; baseline -0.002 -17"><span class='ocrx_word' id='word_1_379' title='bbox 1962 992 2075 1048; x_wconf 88' lang='lat' dir='ltr'>sibi</span> <span class='ocrx_word' id='word_1_380' title='bbox 2102 992 2215 1065; x_wconf 89' lang='lat' dir='ltr'>ipsi</span> <span class='ocrx_word' id='word_1_381' title='bbox 2256 995 2467 1049; x_wconf 78' lang='lat' dir='ltr'>afferre</span> <span class='ocrx_word' id='word_1_382' title='bbox 2527 992 2813 1065; x_wconf 88' lang='lat' dir='ltr'>potuisse.</span> <span class='ocrx_word' id='word_1_383' title='bbox 2866 994 3133 1059; x_wconf 88' lang='lat' dir='ltr'>Quonam</span> <span class='ocrx_word' id='word_1_384' title='bbox 3180 993 3383 1063; x_wconf 83' lang='lat' dir='ltr'>itaque</span> <span class='ocrx_word' id='word_1_385' title='bbox 3433 996 3603 1061; x_wconf 89' lang='lat' dir='ltr'>pacto</span> 
     </span>
    </p>
   </div>
   <div class='ocr_carea' id='block_1_55' title="bbox 1961 1080 3605 1156">
    <p class='ocr_par' dir='ltr' id='par_1_55' title="bbox 1961 1080 3605 1156">
     <span class='ocr_line' id='line_1_55' title="bbox 1961 1080 3605 1156; baseline -0.002 -18"><span class='ocrx_word' id='word_1_386' title='bbox 1961 1083 2271 1139; x_wconf 86' lang='lat' dir='ltr'>hominum</span> <span class='ocrx_word' id='word_1_387' title='bbox 2304 1099 2506 1139; x_wconf 89' lang='lat' dir='ltr'>curam</span> <span class='ocrx_word' id='word_1_388' title='bbox 2536 1088 2701 1156; x_wconf 83' lang='lat' dir='ltr'>geret</span> <span class='ocrx_word' id='word_1_389' title='bbox 2729 1082 2961 1139; x_wconf 82' lang='lat' dir='ltr'>adulter</span> <span class='ocrx_word' id='word_1_390' title='bbox 2990 1088 3049 1138; x_wconf 91' lang='lat' dir='ltr'>et</span> <span class='ocrx_word' id='word_1_391' title='bbox 3090 1089 3351 1149; x_wconf 82' lang='lat' dir='ltr'>venator,</span> <span class='ocrx_word' id='word_1_392' title='bbox 3384 1080 3605 1153; x_wconf 87' lang='lat' dir='ltr'>quique</span> 
     </span>
    </p>
   </div>
   <div class='ocr_carea' id='block_1_56' title="bbox 1961 1172 2746 1230">
    <p class='ocr_par' dir='ltr' id='par_1_56' title="bbox 1961 1172 2746 1230">
     <span class='ocr_line' id='line_1_56' title="bbox 1961 1172 2746 1230; baseline 0.003 -3"><span class='ocrx_word' id='word_1_393' title='bbox 1961 1172 2221 1230; x_wconf 89' lang='lat' dir='ltr'>violenta</span> <span class='ocrx_word' id='word_1_394' title='bbox 2250 1178 2440 1229; x_wconf 90' lang='lat' dir='ltr'>morte</span> <span class='ocrx_word' id='word_1_395' title='bbox 2470 1173 2746 1229; x_wconf 82' lang='lat' dir='ltr'>interiit?</span> 
     </span>
    </p>
   </div>
   <div class='ocr_carea' id='block_1_57' title="bbox 2034 1260 3606 1335">
    <p class='ocr_par' dir='ltr' id='par_1_57' title="bbox 2034 1260 3606 1335">
     <span class='ocr_line' id='line_1_57' title="bbox 2034 1260 3606 1335; baseline -0.001 -18"><span class='ocrx_word' id='word_1_396' title='bbox 2034 1264 2168 1319; x_wconf 71' lang='lat' dir='ltr'>Haec</span> <span class='ocrx_word' id='word_1_397' title='bbox 2189 1263 2391 1319; x_wconf 85' lang='lat' dir='ltr'>omnia</span> <span class='ocrx_word' id='word_1_398' title='bbox 2421 1280 2488 1319; x_wconf 91' lang='lat' dir='ltr'>ac</span> <span class='ocrx_word' id='word_1_399' title='bbox 2520 1264 2708 1319; x_wconf 90' lang='lat' dir='ltr'>multa</span> <span class='ocrx_word' id='word_1_400' title='bbox 2732 1263 2850 1320; x_wconf 89' lang='lat' dir='ltr'>alia</span> <span class='ocrx_word' id='word_1_401' title='bbox 2869 1262 3162 1335; x_wconf 87' lang='lat' dir='ltr'>ejusmodi</span> <span class='ocrx_word' id='word_1_402' title='bbox 3182 1261 3377 1318; x_wconf 87' lang='lat' dir='ltr'>adhuc</span> <span class='ocrx_word' id='word_1_403' title='bbox 3396 1260 3606 1316; x_wconf 67' lang='lat' dir='ltr'>foedio-</span> 
     </span>
    </p>
   </div>
   <div class='ocr_carea' id='block_1_58' title="bbox 1962 1351 3603 1425">
    <p class='ocr_par' dir='ltr' id='par_1_58' title="bbox 1962 1351 3603 1425">
     <span class='ocr_line' id='line_1_58' title="bbox 1962 1351 3603 1425; baseline -0.001 -16"><span class='ocrx_word' id='word_1_404' title='bbox 1962 1369 2030 1409; x_wconf 90' lang='lat' dir='ltr'>ra</span> <span class='ocrx_word' id='word_1_405' title='bbox 2060 1359 2120 1409; x_wconf 86' lang='lat' dir='ltr'>et</span> <span class='ocrx_word' id='word_1_406' title='bbox 2147 1353 2548 1425; x_wconf 83' lang='lat' dir='ltr'>sceleratiora,</span> <span class='ocrx_word' id='word_1_407' title='bbox 2582 1372 2615 1409; x_wconf 96' lang='lat' dir='ltr'>o</span> <span class='ocrx_word' id='word_1_408' title='bbox 2648 1371 2771 1424; x_wconf 88' lang='lat' dir='ltr'>rex,</span> <span class='ocrx_word' id='word_1_409' title='bbox 2803 1354 2875 1411; x_wconf 92' lang='lat' dir='ltr'>de</span> <span class='ocrx_word' id='word_1_410' title='bbox 2906 1354 3021 1408; x_wconf 90' lang='lat' dir='ltr'>diis</span> <span class='ocrx_word' id='word_1_411' title='bbox 3046 1352 3170 1408; x_wconf 88' lang='lat' dir='ltr'>suis</span> <span class='ocrx_word' id='word_1_412' title='bbox 3201 1351 3386 1408; x_wconf 66' lang='lat' dir='ltr'>Graeci</span> <span class='ocrx_word' id='word_1_413' title='bbox 3416 1351 3603 1407; x_wconf 89' lang='lat' dir='ltr'>indu-</span> 
     </span>
    </p>
   </div>
   <div class='ocr_carea' id='block_1_59' title="bbox 1965 1442 3607 1515">
    <p class='ocr_par' dir='ltr' id='par_1_59' title="bbox 1965 1442 3607 1515">
     <span class='ocr_line' id='line_1_59' title="bbox 1965 1442 3607 1515; baseline -0.001 -16"><span class='ocrx_word' id='word_1_414' title='bbox 1965 1450 2128 1513; x_wconf 90' lang='lat' dir='ltr'>cunt,</span> <span class='ocrx_word' id='word_1_415' title='bbox 2160 1461 2293 1515; x_wconf 69' lang='lat' dir='ltr'>quaa</span> <span class='ocrx_word' id='word_1_416' title='bbox 2325 1461 2434 1501; x_wconf 89' lang='lat' dir='ltr'>nec</span> <span class='ocrx_word' id='word_1_417' title='bbox 2471 1445 2692 1513; x_wconf 89' lang='lat' dir='ltr'>dicere,</span> <span class='ocrx_word' id='word_1_418' title='bbox 2751 1460 2863 1501; x_wconf 89' lang='lat' dir='ltr'>nec</span> <span class='ocrx_word' id='word_1_419' title='bbox 2921 1443 3211 1499; x_wconf 87' lang='lat' dir='ltr'>memoria</span> <span class='ocrx_word' id='word_1_420' title='bbox 3260 1443 3384 1498; x_wconf 90' lang='lat' dir='ltr'>ullo</span> <span class='ocrx_word' id='word_1_421' title='bbox 3431 1442 3607 1499; x_wconf 91' lang='lat' dir='ltr'>modo</span> 
     </span>
    </p>
   </div>
   <div class='ocr_carea' id='block_1_60' title="bbox 1963 1532 3609 1605">
    <p class='ocr_par' dir='ltr' id='par_1_60' title="bbox 1963 1532 3609 1605">
     <span class='ocr_line' id='line_1_60' title="bbox 1963 1532 3609 1605; baseline -0.001 -16"><span class='ocrx_word' id='word_1_422' title='bbox 1963 1549 2252 1605; x_wconf 87' lang='lat' dir='ltr'>usurpare</span> <span class='ocrx_word' id='word_1_423' title='bbox 2292 1533 2379 1589; x_wconf 88' lang='lat' dir='ltr'>fas</span> <span class='ocrx_word' id='word_1_424' title='bbox 2410 1539 2519 1589; x_wconf 88' lang='lat' dir='ltr'>est.</span> <span class='ocrx_word' id='word_1_425' title='bbox 2554 1533 2718 1590; x_wconf 87' lang='lat' dir='ltr'>Unde</span> <span class='ocrx_word' id='word_1_426' title='bbox 2748 1533 3023 1588; x_wconf 88' lang='lat' dir='ltr'>homines</span> <span class='ocrx_word' id='word_1_427' title='bbox 3050 1548 3082 1587; x_wconf 90' lang='lat' dir='ltr'>a</span> <span class='ocrx_word' id='word_1_428' title='bbox 3108 1532 3225 1586; x_wconf 90' lang='lat' dir='ltr'>diis</span> <span class='ocrx_word' id='word_1_429' title='bbox 3275 1532 3398 1586; x_wconf 88' lang='lat' dir='ltr'>suis</span> <span class='ocrx_word' id='word_1_430' title='bbox 3439 1547 3609 1587; x_wconf 89' lang='lat' dir='ltr'>occa-</span> 
     </span>
    </p>
   </div>
   <div class='ocr_carea' id='block_1_61' title="bbox 1963 1620 3609 1696">
    <p class='ocr_par' dir='ltr' id='par_1_61' title="bbox 1963 1620 3609 1696">
     <span class='ocr_line' id='line_1_61' title="bbox 1963 1620 3609 1696; baseline -0.003 -17"><span class='ocrx_word' id='word_1_431' title='bbox 1963 1624 2192 1680; x_wconf 89' lang='lat' dir='ltr'>sionem</span> <span class='ocrx_word' id='word_1_432' title='bbox 2224 1624 2602 1696; x_wconf 86' lang='lat' dir='ltr'>arripientes,</span> <span class='ocrx_word' id='word_1_433' title='bbox 2634 1640 2811 1679; x_wconf 91' lang='lat' dir='ltr'>omne</span> <span class='ocrx_word' id='word_1_434' title='bbox 2842 1622 3084 1679; x_wconf 84' lang='lat' dir='ltr'>sceleris</span> <span class='ocrx_word' id='word_1_435' title='bbox 3116 1626 3175 1675; x_wconf 90' lang='lat' dir='ltr'>et</span> <span class='ocrx_word' id='word_1_436' title='bbox 3203 1620 3471 1675; x_wconf 87' lang='lat' dir='ltr'>libidinis</span> <span class='ocrx_word' id='word_1_437' title='bbox 3527 1624 3609 1675; x_wconf 87' lang='lat' dir='ltr'>at-</span> 
     </span>
    </p>
   </div>
   <div class='ocr_carea' id='block_1_62' title="bbox 1965 1707 3608 1786">
    <p class='ocr_par' dir='ltr' id='par_1_62' title="bbox 1965 1707 3608 1786">
     <span class='ocr_line' id='line_1_62' title="bbox 1965 1707 3608 1786; baseline -0.004 -17"><span class='ocrx_word' id='word_1_438' title='bbox 1965 1730 2080 1785; x_wconf 90' lang='lat' dir='ltr'>que</span> <span class='ocrx_word' id='word_1_439' title='bbox 2135 1714 2457 1780; x_wconf 85' lang='lat' dir='ltr'>impietatis</span> <span class='ocrx_word' id='word_1_440' title='bbox 2515 1729 2703 1786; x_wconf 88' lang='lat' dir='ltr'>genus</span> <span class='ocrx_word' id='word_1_441' title='bbox 2769 1714 3206 1785; x_wconf 88' lang='lat' dir='ltr'>perpetrarunt,</span> <span class='ocrx_word' id='word_1_442' title='bbox 3293 1707 3608 1765; x_wconf 89' lang='lat' dir='ltr'>horrendis</span> 
     </span>
    </p>
   </div>
   <div class='ocr_carea' id='block_1_63' title="bbox 1964 1798 3453 1877">
    <p class='ocr_par' dir='ltr' id='par_1_63' title="bbox 1964 1798 3453 1877">
     <span class='ocr_line' id='line_1_63' title="bbox 1964 1798 3453 1877; baseline -0.003 -18"><span class='ocrx_word' id='word_1_443' title='bbox 1964 1804 2206 1877; x_wconf 85' lang='lat' dir='ltr'>ﬂagitiis</span> <span class='ocrx_word' id='word_1_444' title='bbox 2235 1803 2361 1859; x_wconf 87' lang='lat' dir='ltr'>suis</span> <span class='ocrx_word' id='word_1_445' title='bbox 2391 1808 2609 1860; x_wconf 88' lang='lat' dir='ltr'>terram</span> <span class='ocrx_word' id='word_1_446' title='bbox 2640 1807 2700 1858; x_wconf 89' lang='lat' dir='ltr'>et</span> <span class='ocrx_word' id='word_1_447' title='bbox 2726 1816 2923 1858; x_wconf 87' lang='lat' dir='ltr'>aerem</span> <span class='ocrx_word' id='word_1_448' title='bbox 2955 1798 3453 1857; x_wconf 87' lang='lat' dir='ltr'>contaminantes.</span> 
     </span>
    </p>
   </div>
   <div class='ocr_carea' id='block_1_64' title="bbox 2036 1980 3614 2058">
    <p class='ocr_par' dir='ltr' id='par_1_64' title="bbox 2036 1980 3614 2058">
     <span class='ocr_line' id='line_1_64' title="bbox 2036 1980 3614 2058; baseline -0.006 -16"><span class='ocrx_word' id='word_1_449' title='bbox 2036 1984 2287 2058; x_wconf 55' lang='lat' dir='ltr'>(Egyptii</span> <span class='ocrx_word' id='word_1_450' title='bbox 2309 1989 2507 2041; x_wconf 90' lang='lat' dir='ltr'>autem</span> <span class='ocrx_word' id='word_1_451' title='bbox 2528 2000 2629 2040; x_wconf 90' lang='lat' dir='ltr'>eos</span> <span class='ocrx_word' id='word_1_452' title='bbox 2649 1982 2900 2039; x_wconf 85' lang='lat' dir='ltr'>stultitia</span> <span class='ocrx_word' id='word_1_453' title='bbox 2921 1986 2979 2037; x_wconf 89' lang='lat' dir='ltr'>et</span> <span class='ocrx_word' id='word_1_454' title='bbox 2991 1980 3314 2037; x_wconf 79' lang='lat' dir='ltr'>stoliditate</span> <span class='ocrx_word' id='word_1_455' title='bbox 3333 1993 3614 2050; x_wconf 89' lang='lat' dir='ltr'>superan-</span> 
     </span>
    </p>
   </div>
   <div class='ocr_carea' id='block_1_65' title="bbox 1966 2069 3609 2149">
    <p class='ocr_par' dir='ltr' id='par_1_65' title="bbox 1966 2069 3609 2149">
     <span class='ocr_line' id='line_1_65' title="bbox 1966 2069 3609 2149; baseline -0.005 -17"><span class='ocrx_word' id='word_1_456' title='bbox 1966 2079 2075 2144; x_wconf 87' lang='lat' dir='ltr'>tes,</span> <span class='ocrx_word' id='word_1_457' title='bbox 2102 2077 2334 2149; x_wconf 78' lang='lat' dir='ltr'>gravius</span> <span class='ocrx_word' id='word_1_458' title='bbox 2365 2090 2545 2148; x_wconf 90' lang='lat' dir='ltr'>quam</span> <span class='ocrx_word' id='word_1_459' title='bbox 2573 2074 2713 2130; x_wconf 68' lang='lat' dir='ltr'>ullas</span> <span class='ocrx_word' id='word_1_460' title='bbox 2742 2073 2874 2129; x_wconf 70' lang='lat' dir='ltr'>alim</span> <span class='ocrx_word' id='word_1_461' title='bbox 2904 2072 3179 2127; x_wconf 88' lang='lat' dir='ltr'>nationes</span> <span class='ocrx_word' id='word_1_462' title='bbox 3235 2069 3609 2125; x_wconf 85' lang='lat' dir='ltr'>aberrarunt.</span> 
     </span>
    </p>
   </div>
   <div class='ocr_carea' id='block_1_66' title="bbox 1965 2157 3615 2237">
    <p class='ocr_par' dir='ltr' id='par_1_66' title="bbox 1965 2157 3615 2237">
     <span class='ocr_line' id='line_1_66' title="bbox 1965 2157 3615 2237; baseline -0.006 -16"><span class='ocrx_word' id='word_1_463' title='bbox 1965 2167 2166 2237; x_wconf 86' lang='lat' dir='ltr'>Neque</span> <span class='ocrx_word' id='word_1_464' title='bbox 2198 2164 2356 2221; x_wconf 91' lang='lat' dir='ltr'>enim</span> <span class='ocrx_word' id='word_1_465' title='bbox 2389 2167 2726 2221; x_wconf 68' lang='lat' dir='ltr'>Graecorum</span> <span class='ocrx_word' id='word_1_466' title='bbox 2758 2163 2901 2218; x_wconf 91' lang='lat' dir='ltr'>deos</span> <span class='ocrx_word' id='word_1_467' title='bbox 2930 2159 3198 2217; x_wconf 89' lang='lat' dir='ltr'>venerari</span> <span class='ocrx_word' id='word_1_468' title='bbox 3230 2159 3374 2214; x_wconf 88' lang='lat' dir='ltr'>satis</span> <span class='ocrx_word' id='word_1_469' title='bbox 3394 2157 3615 2213; x_wconf 88' lang='lat' dir='ltr'>habue-</span> 
     </span>
    </p>
   </div>
   <div class='ocr_carea' id='block_1_67' title="bbox 1963 2246 3615 2327">
    <p class='ocr_par' dir='ltr' id='par_1_67' title="bbox 1963 2246 3615 2327">
     <span class='ocr_line' id='line_1_67' title="bbox 1963 2246 3615 2327; baseline -0.006 -17"><span class='ocrx_word' id='word_1_470' title='bbox 1963 2260 2131 2323; x_wconf 87' lang='lat' dir='ltr'>runt;</span> <span class='ocrx_word' id='word_1_471' title='bbox 2147 2271 2350 2312; x_wconf 85' lang='lat' dir='ltr'>verum</span> <span class='ocrx_word' id='word_1_472' title='bbox 2372 2254 2804 2327; x_wconf 89' lang='lat' dir='ltr'>insuperbruta</span> <span class='ocrx_word' id='word_1_473' title='bbox 2819 2251 3293 2318; x_wconf 89' lang='lat' dir='ltr'>animantia,tam</span> <span class='ocrx_word' id='word_1_474' title='bbox 3306 2246 3615 2303; x_wconf 85' lang='lat' dir='ltr'>terrestria</span> 
     </span>
    </p>
   </div>
   <div class='ocr_carea' id='block_1_68' title="bbox 1964 2335 3615 2415">
    <p class='ocr_par' dir='ltr' id='par_1_68' title="bbox 1964 2335 3615 2415">
     <span class='ocr_line' id='line_1_68' title="bbox 1964 2335 3615 2415; baseline -0.007 -16"><span class='ocrx_word' id='word_1_475' title='bbox 1964 2359 2142 2415; x_wconf 88' lang='lat' dir='ltr'>quam</span> <span class='ocrx_word' id='word_1_476' title='bbox 2167 2343 2227 2398; x_wconf 91' lang='lat' dir='ltr'>in</span> <span class='ocrx_word' id='word_1_477' title='bbox 2250 2343 2420 2415; x_wconf 90' lang='lat' dir='ltr'>aquis</span> <span class='ocrx_word' id='word_1_478' title='bbox 2452 2342 2747 2415; x_wconf 90' lang='lat' dir='ltr'>degentia,</span> <span class='ocrx_word' id='word_1_479' title='bbox 2778 2346 2897 2395; x_wconf 89' lang='lat' dir='ltr'>tam</span> <span class='ocrx_word' id='word_1_480' title='bbox 2933 2340 3149 2410; x_wconf 84' lang='lat' dir='ltr'>stirpes</span> <span class='ocrx_word' id='word_1_481' title='bbox 3173 2353 3352 2408; x_wconf 89' lang='lat' dir='ltr'>quam</span> <span class='ocrx_word' id='word_1_482' title='bbox 3378 2335 3615 2406; x_wconf 87' lang='lat' dir='ltr'>plantas</span> 
     </span>
    </p>
   </div>
   <div class='ocr_carea' id='block_1_69' title="bbox 1962 2423 3610 2498">
    <p class='ocr_par' dir='ltr' id='par_1_69' title="bbox 1962 2423 3610 2498">
     <span class='ocr_line' id='line_1_69' title="bbox 1962 2423 3610 2498; baseline -0.006 -9"><span class='ocrx_word' id='word_1_483' title='bbox 1962 2433 2027 2488; x_wconf 90' lang='lat' dir='ltr'>in</span> <span class='ocrx_word' id='word_1_484' title='bbox 2051 2434 2299 2489; x_wconf 89' lang='lat' dir='ltr'>deorum</span> <span class='ocrx_word' id='word_1_485' title='bbox 2329 2448 2577 2488; x_wconf 89' lang='lat' dir='ltr'>numero</span> <span class='ocrx_word' id='word_1_486' title='bbox 2606 2430 3149 2498; x_wconf 88' lang='lat' dir='ltr'>habuerunt,atque</span> <span class='ocrx_word' id='word_1_487' title='bbox 3171 2426 3336 2482; x_wconf 88' lang='lat' dir='ltr'>omni</span> <span class='ocrx_word' id='word_1_488' title='bbox 3358 2423 3610 2481; x_wconf 67' lang='lat' dir='ltr'>insanias</span> 
     </span>
    </p>
   </div>
   <div class='ocr_carea' id='block_1_70' title="bbox 1962 2514 3609 2595">
    <p class='ocr_par' dir='ltr' id='par_1_70' title="bbox 1962 2514 3609 2595">
     <span class='ocr_line' id='line_1_70' title="bbox 1962 2514 3609 2595; baseline -0.007 -16"><span class='ocrx_word' id='word_1_489' title='bbox 1962 2540 2029 2579; x_wconf 91' lang='lat' dir='ltr'>ac</span> <span class='ocrx_word' id='word_1_490' title='bbox 2048 2523 2312 2578; x_wconf 90' lang='lat' dir='ltr'>libidinis</span> <span class='ocrx_word' id='word_1_491' title='bbox 2324 2538 2539 2595; x_wconf 82' lang='lat' dir='ltr'>genere</span> <span class='ocrx_word' id='word_1_492' title='bbox 2551 2519 2784 2594; x_wconf 82' lang='lat' dir='ltr'>gravius</span> <span class='ocrx_word' id='word_1_493' title='bbox 2797 2534 2975 2590; x_wconf 89' lang='lat' dir='ltr'>quam</span> <span class='ocrx_word' id='word_1_494' title='bbox 2993 2517 3131 2572; x_wconf 59' lang='lat' dir='ltr'>ulla;</span> <span class='ocrx_word' id='word_1_495' title='bbox 3153 2521 3323 2571; x_wconf 80' lang='lat' dir='ltr'>terrae</span> <span class='ocrx_word' id='word_1_496' title='bbox 3337 2514 3609 2570; x_wconf 86' lang='lat' dir='ltr'>nationes</span> 
     </span>
    </p>
   </div>
   <div class='ocr_carea' id='block_1_71' title="bbox 1962 2601 3613 2684">
    <p class='ocr_par' dir='ltr' id='par_1_71' title="bbox 1962 2601 3613 2684">
     <span class='ocr_line' id='line_1_71' title="bbox 1962 2601 3613 2684; baseline -0.008 -15"><span class='ocrx_word' id='word_1_497' title='bbox 1962 2629 2091 2668; x_wconf 89' lang='lat' dir='ltr'>sese</span> <span class='ocrx_word' id='word_1_498' title='bbox 2124 2615 2615 2684; x_wconf 89' lang='lat' dir='ltr'>conspurcarunt.</span> <span class='ocrx_word' id='word_1_499' title='bbox 2650 2607 2994 2678; x_wconf 80' lang='lat' dir='ltr'>Antiquitus</span> <span class='ocrx_word' id='word_1_500' title='bbox 3017 2605 3176 2661; x_wconf 90' lang='lat' dir='ltr'>enim</span> <span class='ocrx_word' id='word_1_501' title='bbox 3204 2604 3422 2659; x_wconf 90' lang='lat' dir='ltr'>Isidem</span> <span class='ocrx_word' id='word_1_502' title='bbox 3451 2601 3613 2657; x_wconf 90' lang='lat' dir='ltr'>cole-</span> 
     </span>
    </p>
   </div>
   <div class='ocr_carea' id='block_1_72' title="bbox 1960 2691 3605 2769">
    <p class='ocr_par' dir='ltr' id='par_1_72' title="bbox 1960 2691 3605 2769">
     <span class='ocr_line' id='line_1_72' title="bbox 1960 2691 3605 2769; baseline -0.008 -12"><span class='ocrx_word' id='word_1_503' title='bbox 1960 2702 2124 2769; x_wconf 90' lang='lat' dir='ltr'>bant,</span> <span class='ocrx_word' id='word_1_504' title='bbox 2156 2703 2347 2756; x_wconf 90' lang='lat' dir='ltr'>virum</span> <span class='ocrx_word' id='word_1_505' title='bbox 2381 2699 2559 2755; x_wconf 89' lang='lat' dir='ltr'>simul</span> <span class='ocrx_word' id='word_1_506' title='bbox 2589 2714 2655 2753; x_wconf 90' lang='lat' dir='ltr'>ac</span> <span class='ocrx_word' id='word_1_507' title='bbox 2685 2698 2928 2751; x_wconf 86' lang='lat' dir='ltr'>fratrem</span> <span class='ocrx_word' id='word_1_508' title='bbox 2954 2694 3245 2750; x_wconf 89' lang='lat' dir='ltr'>Osiridem</span> <span class='ocrx_word' id='word_1_509' title='bbox 3265 2691 3605 2757; x_wconf 88' lang='lat' dir='ltr'>habentem,</span> 
     </span>
    </p>
   </div>
   <div class='ocr_carea' id='block_1_73' title="bbox 1961 2778 3606 2862">
    <p class='ocr_par' dir='ltr' id='par_1_73' title="bbox 1961 2778 3606 2862">
     <span class='ocr_line' id='line_1_73' title="bbox 1961 2778 3606 2862; baseline -0.009 -16"><span class='ocrx_word' id='word_1_510' title='bbox 1961 2791 2062 2862; x_wconf 91' lang='lat' dir='ltr'>qui</span> <span class='ocrx_word' id='word_1_511' title='bbox 2085 2807 2120 2845; x_wconf 90' lang='lat' dir='ltr'>a</span> <span class='ocrx_word' id='word_1_512' title='bbox 2140 2790 2321 2846; x_wconf 85' lang='lat' dir='ltr'>fratre</span> <span class='ocrx_word' id='word_1_513' title='bbox 2342 2805 2447 2844; x_wconf 90' lang='lat' dir='ltr'>suo</span> <span class='ocrx_word' id='word_1_514' title='bbox 2468 2788 2747 2859; x_wconf 86' lang='lat' dir='ltr'>Typhone</span> <span class='ocrx_word' id='word_1_515' title='bbox 2771 2785 3156 2841; x_wconf 88' lang='lat' dir='ltr'>obtruncatus</span> <span class='ocrx_word' id='word_1_516' title='bbox 3180 2786 3287 2837; x_wconf 89' lang='lat' dir='ltr'>est.</span> <span class='ocrx_word' id='word_1_517' title='bbox 3311 2781 3510 2850; x_wconf 89' lang='lat' dir='ltr'>anue</span> <span class='ocrx_word' id='word_1_518' title='bbox 3535 2778 3606 2833; x_wconf 91' lang='lat' dir='ltr'>de</span> 
     </span>
    </p>
   </div>
   <div class='ocr_carea' id='block_1_74' title="bbox 1960 2868 3602 2944">
    <p class='ocr_par' dir='ltr' id='par_1_74' title="bbox 1960 2868 3602 2944">
     <span class='ocr_line' id='line_1_74' title="bbox 1960 2868 3602 2944; baseline -0.009 -9"><span class='ocrx_word' id='word_1_519' title='bbox 1960 2896 2139 2935; x_wconf 88' lang='lat' dir='ltr'>causa</span> <span class='ocrx_word' id='word_1_520' title='bbox 2158 2879 2267 2935; x_wconf 90' lang='lat' dir='ltr'>Isis</span> <span class='ocrx_word' id='word_1_521' title='bbox 2287 2894 2422 2934; x_wconf 93' lang='lat' dir='ltr'>cum</span> <span class='ocrx_word' id='word_1_522' title='bbox 2442 2877 2564 2932; x_wconf 85' lang='lat' dir='ltr'>ﬁlio</span> <span class='ocrx_word' id='word_1_523' title='bbox 2586 2892 2692 2931; x_wconf 91' lang='lat' dir='ltr'>suo</span> <span class='ocrx_word' id='word_1_524' title='bbox 2715 2877 2828 2932; x_wconf 91' lang='lat' dir='ltr'>Oro</span> <span class='ocrx_word' id='word_1_525' title='bbox 2847 2875 2908 2930; x_wconf 92' lang='lat' dir='ltr'>in</span> <span class='ocrx_word' id='word_1_526' title='bbox 2940 2872 3187 2944; x_wconf 87' lang='lat' dir='ltr'>Byblum</span> <span class='ocrx_word' id='word_1_527' title='bbox 3218 2868 3399 2942; x_wconf 64' lang='lat' dir='ltr'>Syria;</span> <span class='ocrx_word' id='word_1_528' title='bbox 3430 2868 3602 2939; x_wconf 84' lang='lat' dir='ltr'>fugit,</span> 
     </span>
    </p>
   </div>
   <div class='ocr_carea' id='block_1_75' title="bbox 1959 2956 3605 3039">
    <p class='ocr_par' dir='ltr' id='par_1_75' title="bbox 1959 2956 3605 3039">
     <span class='ocr_line' id='line_1_75' title="bbox 1959 2956 3605 3039; baseline -0.008 -15"><span class='ocrx_word' id='word_1_529' title='bbox 1959 2968 2255 3024; x_wconf 89' lang='lat' dir='ltr'>Osiridem</span> <span class='ocrx_word' id='word_1_530' title='bbox 2287 2983 2581 3039; x_wconf 79' lang='lat' dir='ltr'>quaerens,</span> <span class='ocrx_word' id='word_1_531' title='bbox 2613 2970 2793 3035; x_wconf 89' lang='lat' dir='ltr'>atque</span> <span class='ocrx_word' id='word_1_532' title='bbox 2814 2961 3023 3019; x_wconf 89' lang='lat' dir='ltr'>acerbe</span> <span class='ocrx_word' id='word_1_533' title='bbox 3044 2956 3605 3029; x_wconf 86' lang='lat' dir='ltr'>lamentans,quoad</span> 
     </span>
    </p>
   </div>
   <div class='ocr_carea' id='block_1_76' title="bbox 1958 3048 3607 3124">
    <p class='ocr_par' dir='ltr' id='par_1_76' title="bbox 1958 3048 3607 3124">
     <span class='ocr_line' id='line_1_76' title="bbox 1958 3048 3607 3124; baseline -0.008 -10"><span class='ocrx_word' id='word_1_534' title='bbox 1958 3058 2198 3114; x_wconf 87' lang='lat' dir='ltr'>tandem</span> <span class='ocrx_word' id='word_1_535' title='bbox 2213 3059 2361 3114; x_wconf 89' lang='lat' dir='ltr'>Orus</span> <span class='ocrx_word' id='word_1_536' title='bbox 2393 3055 2691 3122; x_wconf 83' lang='lat' dir='ltr'>crevisset,</span> <span class='ocrx_word' id='word_1_537' title='bbox 2715 3070 2782 3109; x_wconf 89' lang='lat' dir='ltr'>ac</span> <span class='ocrx_word' id='word_1_538' title='bbox 2802 3053 3144 3124; x_wconf 82' lang='lat' dir='ltr'>Typhonem</span> <span class='ocrx_word' id='word_1_539' title='bbox 3163 3049 3235 3105; x_wconf 90' lang='lat' dir='ltr'>de</span> <span class='ocrx_word' id='word_1_540' title='bbox 3258 3048 3454 3105; x_wconf 90' lang='lat' dir='ltr'>medio</span> <span class='ocrx_word' id='word_1_541' title='bbox 3473 3062 3607 3102; x_wconf 88' lang='lat' dir='ltr'>sus-</span> 
     </span>
    </p>
   </div>
   <div class='ocr_carea' id='block_1_77' title="bbox 1960 3138 3603 3222">
    <p class='ocr_par' dir='ltr' id='par_1_77' title="bbox 1960 3138 3603 3222">
     <span class='ocr_line' id='line_1_77' title="bbox 1960 3138 3603 3222; baseline -0.008 -17"><span class='ocrx_word' id='word_1_542' title='bbox 1960 3150 2208 3206; x_wconf 89' lang='lat' dir='ltr'>tulisset.</span> <span class='ocrx_word' id='word_1_543' title='bbox 2245 3151 2392 3222; x_wconf 87' lang='lat' dir='ltr'>Ergo</span> <span class='ocrx_word' id='word_1_544' title='bbox 2423 3164 2533 3203; x_wconf 90' lang='lat' dir='ltr'>nec</span> <span class='ocrx_word' id='word_1_545' title='bbox 2560 3146 2671 3202; x_wconf 89' lang='lat' dir='ltr'>Isis</span> <span class='ocrx_word' id='word_1_546' title='bbox 2692 3144 2859 3200; x_wconf 81' lang='lat' dir='ltr'>fratri</span> <span class='ocrx_word' id='word_1_547' title='bbox 2891 3160 2997 3200; x_wconf 91' lang='lat' dir='ltr'>suo</span> <span class='ocrx_word' id='word_1_548' title='bbox 3028 3159 3096 3198; x_wconf 89' lang='lat' dir='ltr'>ac</span> <span class='ocrx_word' id='word_1_549' title='bbox 3122 3141 3245 3196; x_wconf 90' lang='lat' dir='ltr'>viro</span> <span class='ocrx_word' id='word_1_550' title='bbox 3299 3138 3603 3212; x_wconf 89' lang='lat' dir='ltr'>suppetias</span> 
     </span>
    </p>
   </div>
   <div class='ocr_carea' id='block_1_78' title="bbox 1958 3229 3604 3312">
    <p class='ocr_par' dir='ltr' id='par_1_78' title="bbox 1958 3229 3604 3312">
     <span class='ocr_line' id='line_1_78' title="bbox 1958 3229 3604 3312; baseline -0.009 -17"><span class='ocrx_word' id='word_1_551' title='bbox 1958 3240 2113 3295; x_wconf 90' lang='lat' dir='ltr'>ferre</span> <span class='ocrx_word' id='word_1_552' title='bbox 2129 3240 2455 3312; x_wconf 88' lang='lat' dir='ltr'>potuit,nec</span> <span class='ocrx_word' id='word_1_553' title='bbox 2477 3236 2825 3303; x_wconf 89' lang='lat' dir='ltr'>Osiris,cum</span> <span class='ocrx_word' id='word_1_554' title='bbox 2839 3251 2873 3289; x_wconf 89' lang='lat' dir='ltr'>a</span> <span class='ocrx_word' id='word_1_555' title='bbox 2887 3233 3165 3305; x_wconf 89' lang='lat' dir='ltr'>Typhone</span> <span class='ocrx_word' id='word_1_556' title='bbox 3184 3229 3604 3294; x_wconf 88' lang='lat' dir='ltr'>trucidaretur,</span> 
     </span>
    </p>
   </div>
   <div class='ocr_carea' id='block_1_79' title="bbox 1959 3318 3603 3401">
    <p class='ocr_par' dir='ltr' id='par_1_79' title="bbox 1959 3318 3603 3401">
     <span class='ocr_line' id='line_1_79' title="bbox 1959 3318 3603 3401; baseline -0.009 -16"><span class='ocrx_word' id='word_1_557' title='bbox 1959 3330 2071 3385; x_wconf 89' lang='lat' dir='ltr'>sibi</span> <span class='ocrx_word' id='word_1_558' title='bbox 2102 3329 2216 3401; x_wconf 91' lang='lat' dir='ltr'>ipsi</span> <span class='ocrx_word' id='word_1_559' title='bbox 2249 3327 2468 3384; x_wconf 87' lang='lat' dir='ltr'>auxilio</span> <span class='ocrx_word' id='word_1_560' title='bbox 2497 3342 2626 3382; x_wconf 84' lang='lat' dir='ltr'>esse</span> <span class='ocrx_word' id='word_1_561' title='bbox 2656 3326 2866 3397; x_wconf 87' lang='lat' dir='ltr'>potuit,</span> <span class='ocrx_word' id='word_1_562' title='bbox 2901 3338 3010 3378; x_wconf 90' lang='lat' dir='ltr'>nec</span> <span class='ocrx_word' id='word_1_563' title='bbox 3057 3321 3316 3392; x_wconf 88' lang='lat' dir='ltr'>denique</span> <span class='ocrx_word' id='word_1_564' title='bbox 3364 3318 3603 3390; x_wconf 86' lang='lat' dir='ltr'>Typhon</span> 
     </span>
    </p>
   </div>
   <div class='ocr_carea' id='block_1_80' title="bbox 1957 3409 3601 3487">
    <p class='ocr_par' dir='ltr' id='par_1_80' title="bbox 1957 3409 3601 3487">
     <span class='ocr_line' id='line_1_80' title="bbox 1957 3409 3601 3487; baseline -0.009 -12"><span class='ocrx_word' id='word_1_565' title='bbox 1957 3418 2282 3487; x_wconf 88' lang='lat' dir='ltr'>fratricida,</span> <span class='ocrx_word' id='word_1_566' title='bbox 2305 3434 2440 3472; x_wconf 92' lang='lat' dir='ltr'>cum</span> <span class='ocrx_word' id='word_1_567' title='bbox 2463 3416 2515 3471; x_wconf 92' lang='lat' dir='ltr'>ei</span> <span class='ocrx_word' id='word_1_568' title='bbox 2534 3416 2607 3471; x_wconf 90' lang='lat' dir='ltr'>ab</span> <span class='ocrx_word' id='word_1_569' title='bbox 2629 3416 2743 3471; x_wconf 92' lang='lat' dir='ltr'>Oro</span> <span class='ocrx_word' id='word_1_570' title='bbox 2757 3419 2815 3469; x_wconf 89' lang='lat' dir='ltr'>et</span> <span class='ocrx_word' id='word_1_571' title='bbox 2834 3412 2985 3468; x_wconf 89' lang='lat' dir='ltr'>Iside</span> <span class='ocrx_word' id='word_1_572' title='bbox 3004 3410 3248 3466; x_wconf 80' lang='lat' dir='ltr'>exitium</span> <span class='ocrx_word' id='word_1_573' title='bbox 3268 3409 3601 3474; x_wconf 76' lang='lat' dir='ltr'>atl‘erretur,</span> 
     </span>
    </p>
   </div>
   <div class='ocr_carea' id='block_1_81' title="bbox 1959 3496 3603 3581">
    <p class='ocr_par' dir='ltr' id='par_1_81' title="bbox 1959 3496 3603 3581">
     <span class='ocr_line' id='line_1_81' title="bbox 1959 3496 3603 3581; baseline -0.01 -16"><span class='ocrx_word' id='word_1_574' title='bbox 1959 3508 2219 3581; x_wconf 89' lang='lat' dir='ltr'>seipsum</span> <span class='ocrx_word' id='word_1_575' title='bbox 2253 3524 2287 3562; x_wconf 91' lang='lat' dir='ltr'>a</span> <span class='ocrx_word' id='word_1_576' title='bbox 2304 3512 2495 3563; x_wconf 90' lang='lat' dir='ltr'>morte</span> <span class='ocrx_word' id='word_1_577' title='bbox 2516 3504 2834 3560; x_wconf 91' lang='lat' dir='ltr'>vindicare.</span> <span class='ocrx_word' id='word_1_578' title='bbox 2858 3504 2928 3557; x_wconf 91' lang='lat' dir='ltr'>Et</span> <span class='ocrx_word' id='word_1_579' title='bbox 2948 3506 3144 3557; x_wconf 90' lang='lat' dir='ltr'>tamen</span> <span class='ocrx_word' id='word_1_580' title='bbox 3163 3515 3298 3555; x_wconf 88' lang='lat' dir='ltr'>cum</span> <span class='ocrx_word' id='word_1_581' title='bbox 3317 3497 3377 3552; x_wconf 91' lang='lat' dir='ltr'>hi</span> <span class='ocrx_word' id='word_1_582' title='bbox 3398 3496 3472 3552; x_wconf 91' lang='lat' dir='ltr'>ob</span> <span class='ocrx_word' id='word_1_583' title='bbox 3498 3496 3603 3550; x_wconf 87' lang='lat' dir='ltr'>hu-</span> 
     </span>
    </p>
   </div>
   <div class='ocr_carea' id='block_1_82' title="bbox 1949 3588 3602 3670">
    <p class='ocr_par' dir='ltr' id='par_1_82' title="bbox 1949 3588 3602 3670">
     <span class='ocr_line' id='line_1_82' title="bbox 1949 3588 3602 3670; baseline -0.009 -16"><span class='ocrx_word' id='word_1_584' title='bbox 1949 3597 2214 3670; x_wconf 89' lang='lat' dir='ltr'>jusmodi</span> <span class='ocrx_word' id='word_1_585' title='bbox 2247 3596 2614 3653; x_wconf 88' lang='lat' dir='ltr'>calamitates</span> <span class='ocrx_word' id='word_1_586' title='bbox 2646 3594 2719 3649; x_wconf 91' lang='lat' dir='ltr'>ad</span> <span class='ocrx_word' id='word_1_587' title='bbox 2751 3591 3061 3648; x_wconf 88' lang='lat' dir='ltr'>hominum</span> <span class='ocrx_word' id='word_1_588' title='bbox 3092 3588 3368 3643; x_wconf 91' lang='lat' dir='ltr'>notitiam</span> <span class='ocrx_word' id='word_1_589' title='bbox 3396 3600 3602 3658; x_wconf 89' lang='lat' dir='ltr'>perve-</span> 
     </span>
    </p>
   </div>
   <div class='ocr_carea' id='block_1_83' title="bbox 1955 3676 3331 3757">
    <p class='ocr_par' dir='ltr' id='par_1_83' title="bbox 1955 3676 3331 3757">
     <span class='ocr_line' id='line_1_83' title="bbox 1955 3676 3331 3757; baseline -0.008 -13"><span class='ocrx_word' id='word_1_590' title='bbox 1955 3687 2209 3754; x_wconf 90' lang='lat' dir='ltr'>nissent,</span> <span class='ocrx_word' id='word_1_591' title='bbox 2241 3703 2275 3742; x_wconf 90' lang='lat' dir='ltr'>a</span> <span class='ocrx_word' id='word_1_592' title='bbox 2306 3685 2503 3741; x_wconf 89' lang='lat' dir='ltr'>stultis</span> <span class='ocrx_word' id='word_1_593' title='bbox 2528 3683 2811 3757; x_wconf 67' lang='lat' dir='ltr'>Egyptiis</span> <span class='ocrx_word' id='word_1_594' title='bbox 2833 3680 2915 3737; x_wconf 88' lang='lat' dir='ltr'>dii</span> <span class='ocrx_word' id='word_1_595' title='bbox 2951 3676 3139 3734; x_wconf 90' lang='lat' dir='ltr'>habiti</span> <span class='ocrx_word' id='word_1_596' title='bbox 3171 3681 3331 3733; x_wconf 87' lang='lat' dir='ltr'>sunt.</span> 
     </span>
    </p>
   </div>
   <div class='ocr_carea' id='block_1_84' title="bbox 2027 3763 3601 3847">
    <p class='ocr_par' dir='ltr' id='par_1_84' title="bbox 2027 3763 3601 3847">
     <span class='ocr_line' id='line_1_84' title="bbox 2027 3763 3601 3847; baseline -0.008 -15"><span class='ocrx_word' id='word_1_597' title='bbox 2027 3778 2178 3843; x_wconf 87' lang='lat' dir='ltr'>Quin</span> <span class='ocrx_word' id='word_1_598' title='bbox 2204 3792 2400 3847; x_wconf 88' lang='lat' dir='ltr'>neque</span> <span class='ocrx_word' id='word_1_599' title='bbox 2430 3774 2525 3830; x_wconf 89' lang='lat' dir='ltr'>his</span> <span class='ocrx_word' id='word_1_600' title='bbox 2554 3779 2657 3829; x_wconf 91' lang='lat' dir='ltr'>aut</span> <span class='ocrx_word' id='word_1_601' title='bbox 2685 3770 2934 3842; x_wconf 89' lang='lat' dir='ltr'>reliquis</span> <span class='ocrx_word' id='word_1_602' title='bbox 2966 3767 3230 3842; x_wconf 89' lang='lat' dir='ltr'>gentium</span> <span class='ocrx_word' id='word_1_603' title='bbox 3253 3763 3601 3821; x_wconf 86' lang='lat' dir='ltr'>numinibus</span> 
     </span>
    </p>
   </div>
   <div class='ocr_carea' id='block_1_85' title="bbox 1954 3853 3601 3934">
    <p class='ocr_par' dir='ltr' id='par_1_85' title="bbox 1954 3853 3601 3934">
     <span class='ocr_line' id='line_1_85' title="bbox 1954 3853 3601 3934; baseline -0.01 -11"><span class='ocrx_word' id='word_1_604' title='bbox 1954 3865 2417 3934; x_wconf 87' lang='lat' dir='ltr'>contenti,bruta</span> <span class='ocrx_word' id='word_1_605' title='bbox 2430 3864 2587 3919; x_wconf 91' lang='lat' dir='ltr'>enim</span> <span class='ocrx_word' id='word_1_606' title='bbox 2601 3858 2931 3917; x_wconf 90' lang='lat' dir='ltr'>animantia</span> <span class='ocrx_word' id='word_1_607' title='bbox 2942 3853 3601 3913; x_wconf 85' lang='lat' dir='ltr'>invexerunt.Nonnulli</span> 
     </span>
    </p>
   </div>
   <div class='ocr_carea' id='block_1_86' title="bbox 1954 3942 3604 4028">
    <p class='ocr_par' dir='ltr' id='par_1_86' title="bbox 1954 3942 3604 4028">
     <span class='ocr_line' id='line_1_86' title="bbox 1954 3942 3604 4028; baseline -0.011 -15"><span class='ocrx_word' id='word_1_608' title='bbox 1954 3956 2175 4012; x_wconf 88' lang='lat' dir='ltr'>etenim</span> <span class='ocrx_word' id='word_1_609' title='bbox 2210 3956 2477 4028; x_wconf 90' lang='lat' dir='ltr'>ipsorum</span> <span class='ocrx_word' id='word_1_610' title='bbox 2509 3967 2699 4020; x_wconf 88' lang='lat' dir='ltr'>ovem,</span> <span class='ocrx_word' id='word_1_611' title='bbox 2733 3949 2834 4005; x_wconf 90' lang='lat' dir='ltr'>alii</span> <span class='ocrx_word' id='word_1_612' title='bbox 2866 3948 3120 4015; x_wconf 91' lang='lat' dir='ltr'>hircum,</span> <span class='ocrx_word' id='word_1_613' title='bbox 3144 3944 3246 4001; x_wconf 90' lang='lat' dir='ltr'>alii</span> <span class='ocrx_word' id='word_1_614' title='bbox 3278 3942 3527 3998; x_wconf 90' lang='lat' dir='ltr'>vitulum</span> <span class='ocrx_word' id='word_1_615' title='bbox 3544 3946 3604 3996; x_wconf 92' lang='lat' dir='ltr'>et</span> 
     </span>
    </p>
   </div>
   <div class='ocr_carea' id='block_1_87' title="bbox 1954 4035 3602 4117">
    <p class='ocr_par' dir='ltr' id='par_1_87' title="bbox 1954 4035 3602 4117">
     <span class='ocr_line' id='line_1_87' title="bbox 1954 4035 3602 4117; baseline -0.011 -13"><span class='ocrx_word' id='word_1_616' title='bbox 1954 4064 2143 4117; x_wconf 89' lang='lat' dir='ltr'>suam,</span> <span class='ocrx_word' id='word_1_617' title='bbox 2176 4046 2277 4103; x_wconf 90' lang='lat' dir='ltr'>alii</span> <span class='ocrx_word' id='word_1_618' title='bbox 2309 4062 2547 4101; x_wconf 91' lang='lat' dir='ltr'>corvum</span> <span class='ocrx_word' id='word_1_619' title='bbox 2581 4049 2641 4100; x_wconf 90' lang='lat' dir='ltr'>et</span> <span class='ocrx_word' id='word_1_620' title='bbox 2668 4040 3032 4113; x_wconf 90' lang='lat' dir='ltr'>accipitrem,</span> <span class='ocrx_word' id='word_1_621' title='bbox 3065 4036 3167 4093; x_wconf 88' lang='lat' dir='ltr'>alii</span> <span class='ocrx_word' id='word_1_622' title='bbox 3215 4035 3508 4090; x_wconf 82' lang='lat' dir='ltr'>vulturem</span> <span class='ocrx_word' id='word_1_623' title='bbox 3541 4036 3602 4087; x_wconf 90' lang='lat' dir='ltr'>et</span> 
     </span>
    </p>
   </div>
   <div class='ocr_carea' id='block_1_88' title="bbox 1951 4126 3594 4211">
    <p class='ocr_par' dir='ltr' id='par_1_88' title="bbox 1951 4126 3594 4211">
     <span class='ocr_line' id='line_1_88' title="bbox 1951 4126 3594 4211; baseline -0.013 -15"><span class='ocrx_word' id='word_1_624' title='bbox 1951 4139 2236 4211; x_wconf 89' lang='lat' dir='ltr'>aquilam,</span> <span class='ocrx_word' id='word_1_625' title='bbox 2261 4136 2363 4192; x_wconf 90' lang='lat' dir='ltr'>alii</span> <span class='ocrx_word' id='word_1_626' title='bbox 2386 4134 2781 4197; x_wconf 89' lang='lat' dir='ltr'>crocodilum;</span> <span class='ocrx_word' id='word_1_627' title='bbox 2802 4129 3045 4202; x_wconf 88' lang='lat' dir='ltr'>quidam</span> <span class='ocrx_word' id='word_1_628' title='bbox 3068 4126 3335 4189; x_wconf 87' lang='lat' dir='ltr'>felem,et</span> <span class='ocrx_word' id='word_1_629' title='bbox 3362 4137 3594 4188; x_wconf 89' lang='lat' dir='ltr'>canem,</span> 
     </span>
    </p>
   </div>
   <div class='ocr_carea' id='block_1_89' title="bbox 1950 4208 3596 4301">
    <p class='ocr_par' dir='ltr' id='par_1_89' title="bbox 1950 4208 3596 4301">
     <span class='ocr_line' id='line_1_89' title="bbox 1950 4208 3596 4301; baseline -0.013 -15"><span class='ocrx_word' id='word_1_630' title='bbox 1950 4208 2265 4301; x_wconf 65' lang='lat' dir='ltr'>etlupum,</span> <span class='ocrx_word' id='word_1_631' title='bbox 2290 4231 2347 4282; x_wconf 90' lang='lat' dir='ltr'>et</span> <span class='ocrx_word' id='word_1_632' title='bbox 2368 4225 2624 4293; x_wconf 88' lang='lat' dir='ltr'>simiam,</span> <span class='ocrx_word' id='word_1_633' title='bbox 2652 4226 2710 4277; x_wconf 89' lang='lat' dir='ltr'>et</span> <span class='ocrx_word' id='word_1_634' title='bbox 2734 4219 3142 4282; x_wconf 89' lang='lat' dir='ltr'>draconem,et</span> <span class='ocrx_word' id='word_1_635' title='bbox 3161 4212 3423 4286; x_wconf 87' lang='lat' dir='ltr'>aspidem</span> <span class='ocrx_word' id='word_1_636' title='bbox 3444 4227 3458 4277; x_wconf 90' lang='lat'><strong>;</strong></span> <span class='ocrx_word' id='word_1_637' title='bbox 3493 4208 3596 4265; x_wconf 88' lang='lat' dir='ltr'>alii</span> 
     </span>
    </p>
   </div>
   <div class='ocr_carea' id='block_1_90' title="bbox 1949 4300 3593 4392">
    <p class='ocr_par' dir='ltr' id='par_1_90' title="bbox 1949 4300 3593 4392">
     <span class='ocr_line' id='line_1_90' title="bbox 1949 4300 3593 4392; baseline -0.015 -15"><span class='ocrx_word' id='word_1_638' title='bbox 1949 4300 2146 4392; x_wconf 87' lang='lat' dir='ltr'>cepas,</span> <span class='ocrx_word' id='word_1_639' title='bbox 2181 4323 2238 4373; x_wconf 91' lang='lat' dir='ltr'>et</span> <span class='ocrx_word' id='word_1_640' title='bbox 2268 4317 2428 4387; x_wconf 88' lang='lat' dir='ltr'>allia,</span> <span class='ocrx_word' id='word_1_641' title='bbox 2463 4320 2522 4371; x_wconf 89' lang='lat' dir='ltr'>et</span> <span class='ocrx_word' id='word_1_642' title='bbox 2552 4312 2773 4385; x_wconf 86' lang='lat' dir='ltr'>spinas,</span> <span class='ocrx_word' id='word_1_643' title='bbox 2802 4313 3167 4377; x_wconf 72' lang='lat' dir='ltr'>caaterasque</span> <span class='ocrx_word' id='word_1_644' title='bbox 3194 4319 3291 4358; x_wconf 89' lang='lat' dir='ltr'>res</span> <span class='ocrx_word' id='word_1_645' title='bbox 3321 4300 3593 4356; x_wconf 89' lang='lat' dir='ltr'>conditas</span> 
     </span>
    </p>
   </div>
   <div class='ocr_carea' id='block_1_91' title="bbox 1950 4389 3592 4467">
    <p class='ocr_par' dir='ltr' id='par_1_91' title="bbox 1950 4389 3592 4467">
     <span class='ocr_line' id='line_1_91' title="bbox 1950 4389 3592 4467; baseline -0.015 -1"><span class='ocrx_word' id='word_1_646' title='bbox 1950 4389 2281 4467; x_wconf 87' lang='lat' dir='ltr'>coluerunt.</span> <span class='ocrx_word' id='word_1_647' title='bbox 2298 4408 2414 4461; x_wconf 89' lang='lat' dir='ltr'>Nec</span> <span class='ocrx_word' id='word_1_648' title='bbox 2432 4402 2704 4458; x_wconf 89' lang='lat' dir='ltr'>homines</span> <span class='ocrx_word' id='word_1_649' title='bbox 2728 4396 2929 4453; x_wconf 90' lang='lat' dir='ltr'>miseri</span> <span class='ocrx_word' id='word_1_650' title='bbox 2945 4394 3097 4451; x_wconf 88' lang='lat' dir='ltr'>nihil</span> <span class='ocrx_word' id='word_1_651' title='bbox 3119 4391 3364 4449; x_wconf 88' lang='lat' dir='ltr'>omnino</span> <span class='ocrx_word' id='word_1_652' title='bbox 3377 4389 3592 4443; x_wconf 86' lang='lat' dir='ltr'>virium</span> 
     </span>
    </p>
   </div>
   <div class='ocr_carea' id='block_1_92' title="bbox 1947 4477 3589 4555">
    <p class='ocr_par' dir='ltr' id='par_1_92' title="bbox 1947 4477 3589 4555">
     <span class='ocr_line' id='line_1_92' title="bbox 1947 4477 3589 4555; baseline -0.015 0"><span class='ocrx_word' id='word_1_653' title='bbox 1947 4498 2041 4555; x_wconf 90' lang='lat' dir='ltr'>his</span> <span class='ocrx_word' id='word_1_654' title='bbox 2069 4496 2351 4554; x_wconf 84' lang='lat' dir='ltr'>omnibus</span> <span class='ocrx_word' id='word_1_655' title='bbox 2379 4493 2557 4549; x_wconf 88' lang='lat' dir='ltr'>rebus</span> <span class='ocrx_word' id='word_1_656' title='bbox 2588 4490 2784 4545; x_wconf 90' lang='lat' dir='ltr'>inesse</span> <span class='ocrx_word' id='word_1_657' title='bbox 2815 4486 3102 4543; x_wconf 89' lang='lat' dir='ltr'>sentiunt.</span> <span class='ocrx_word' id='word_1_658' title='bbox 3127 4485 3270 4538; x_wconf 86' lang='lat' dir='ltr'>Nam</span> <span class='ocrx_word' id='word_1_659' title='bbox 3290 4497 3425 4537; x_wconf 91' lang='lat' dir='ltr'>cum</span> <span class='ocrx_word' id='word_1_660' title='bbox 3446 4477 3589 4533; x_wconf 88' lang='lat' dir='ltr'>deos</span> 
     </span>
    </p>
   </div>
   <div class='ocr_carea' id='block_1_93' title="bbox 186 4566 1848 4647">
    <p class='ocr_par' dir='ltr' id='par_1_93' title="bbox 186 4571 1837 4647">
     <span class='ocr_line' id='line_1_93' title="bbox 186 4571 1837 4647; baseline 0.003 -17"><span class='ocrx_word' id='word_1_661' title='bbox 186 4576 441 4644; x_wconf 79' lang='grc' dir='ltr'>ἀκάνθας,</span> <span class='ocrx_word' id='word_1_662' title='bbox 492 4574 581 4629; x_wconf 79' lang='grc' dir='ltr'>καὶ</span> <span class='ocrx_word' id='word_1_663' title='bbox 637 4572 706 4628; x_wconf 71' lang='grc' dir='ltr'>τὰ</span> <span class='ocrx_word' id='word_1_664' title='bbox 762 4571 932 4628; x_wconf 88' lang='grc' dir='ltr'>λοιπὰ</span> <span class='ocrx_word' id='word_1_665' title='bbox 976 4571 1267 4647; x_wconf 78' lang='grc' dir='ltr'>κτίσματα.</span> <span class='ocrx_word' id='word_1_666' title='bbox 1338 4574 1437 4631; x_wconf 81' lang='grc' dir='ltr'>Καὶ</span> <span class='ocrx_word' id='word_1_667' title='bbox 1496 4577 1596 4634; x_wconf 78' lang='grc' dir='ltr'>οὐκ</span> <span class='ocrx_word' id='word_1_668' title='bbox 1650 4577 1837 4645; x_wconf 77' lang='grc' dir='ltr'>αἰσθά-</span> 
     </span>
    </p>
   </div>
   <div class='ocr_carea' id='block_1_94' title="bbox 1965 4566 3593 4647">
    <p class='ocr_par' dir='ltr' id='par_1_94' title="bbox 1965 4566 3593 4647">
     <span class='ocr_line' id='line_1_94' title="bbox 1965 4566 3593 4647; baseline -0.015 -2"><span class='ocrx_word' id='word_1_669' title='bbox 1965 4607 2089 4647; x_wconf 74' lang='grc' dir='ltr'>ιιιοε</span> <span class='ocrx_word' id='word_1_670' title='bbox 2106 4588 2178 4645; x_wconf 90' lang='lat' dir='ltr'>ab</span> <span class='ocrx_word' id='word_1_671' title='bbox 2200 4586 2333 4643; x_wconf 89' lang='lat' dir='ltr'>aliis</span> <span class='ocrx_word' id='word_1_672' title='bbox 2353 4580 2696 4639; x_wconf 89' lang='lat' dir='ltr'>hominibus</span> <span class='ocrx_word' id='word_1_673' title='bbox 2714 4584 2772 4634; x_wconf 91' lang='lat' dir='ltr'>et</span> <span class='ocrx_word' id='word_1_674' title='bbox 2792 4576 3045 4643; x_wconf 89' lang='lat' dir='ltr'>comedi,</span> <span class='ocrx_word' id='word_1_675' title='bbox 3070 4578 3127 4629; x_wconf 90' lang='lat' dir='ltr'>et</span> <span class='ocrx_word' id='word_1_676' title='bbox 3145 4572 3278 4646; x_wconf 88' lang='lat' dir='ltr'>igne</span> <span class='ocrx_word' id='word_1_677' title='bbox 3309 4566 3593 4637; x_wconf 88' lang='lat' dir='ltr'>cremari,</span> 
     </span>
    </p>
   </div>
   <div class='ocr_carea' id='block_1_95' title="bbox 185 4661 1838 4740">
    <p class='ocr_par' dir='ltr' id='par_1_95' title="bbox 185 4661 1838 4740">
     <span class='ocr_line' id='line_1_95' title="bbox 185 4661 1838 4740; baseline 0.004 -18"><span class='ocrx_word' id='word_1_678' title='bbox 185 4686 369 4722; x_wconf 79' lang='grc' dir='ltr'>νονται</span> <span class='ocrx_word' id='word_1_679' title='bbox 405 4665 460 4719; x_wconf 75' lang='grc' dir='ltr'>οἱ</span> <span class='ocrx_word' id='word_1_680' title='bbox 485 4661 829 4738; x_wconf 87' lang='grc' dir='ltr'>ταλαίπωροι</span> <span class='ocrx_word' id='word_1_681' title='bbox 860 4662 983 4740; x_wconf 83' lang='grc' dir='ltr'>περὶ</span> <span class='ocrx_word' id='word_1_682' title='bbox 1037 4662 1251 4719; x_wconf 81' lang='grc' dir='ltr'>πάντων</span> <span class='ocrx_word' id='word_1_683' title='bbox 1296 4664 1503 4723; x_wconf 83' lang='grc' dir='ltr'>τούτων</span> <span class='ocrx_word' id='word_1_684' title='bbox 1552 4667 1635 4725; x_wconf 78' lang='grc' dir='ltr'>ὅτι</span> <span class='ocrx_word' id='word_1_685' title='bbox 1684 4668 1838 4729; x_wconf 75' lang='grc' dir='ltr'>οὐδὲν</span> 
     </span>
    </p>
   </div>
   <div class='ocr_carea' id='block_1_96' title="bbox 187 4752 1838 4840">
    <p class='ocr_par' dir='ltr' id='par_1_96' title="bbox 187 4752 1838 4840">
     <span class='ocr_line' id='line_1_96' title="bbox 187 4752 1838 4840; baseline 0.005 -29"><span class='ocrx_word' id='word_1_686' title='bbox 187 4753 797 4831; x_wconf 73' lang='grc' dir='ltr'>ίσχύουσιν.“ορῶντες</span> <span class='ocrx_word' id='word_1_687' title='bbox 824 4753 928 4828; x_wconf 62' lang='grc' dir='ltr'>γὰρ</span> <span class='ocrx_word' id='word_1_688' title='bbox 986 4752 1116 4816; x_wconf 79' lang='grc' dir='ltr'>τοὺς</span> <span class='ocrx_word' id='word_1_689' title='bbox 1172 4753 1327 4818; x_wconf 73' lang='grc' dir='ltr'>θεοὺς</span> <span class='ocrx_word' id='word_1_690' title='bbox 1386 4756 1564 4815; x_wconf 84' lang='grc' dir='ltr'>αὐτῶν</span> <span class='ocrx_word' id='word_1_691' title='bbox 1628 4759 1838 4840; x_wconf 83' lang='grc' dir='ltr'>βιϐρω-</span> 
     </span>
    </p>
   </div>
   <div class='ocr_carea' id='block_1_97' title="bbox 247 4965 1564 5047">
    <p class='ocr_par' dir='ltr' id='par_1_97' title="bbox 247 4965 1564 5047">
     <span class='ocr_line' id='line_1_97' title="bbox 247 4965 1564 5047; baseline 0.002 -18"><span class='ocrx_word' id='word_1_692' title='bbox 247 4976 361 5047; x_wconf 79' lang='lat'>(77)</span> <span class='ocrx_word' id='word_1_693' title='bbox 393 4972 624 5047; x_wconf 67' lang='lat' dir='ltr'>Forsan</span> <span class='ocrx_word' id='word_1_694' title='bbox 650 4965 752 5047; x_wconf 71' lang='grc' dir='ltr'>ὐπό</span> <span class='ocrx_word' id='word_1_695' title='bbox 783 4988 878 5023; x_wconf 80' lang='grc' dir='ltr'>του</span> <span class='ocrx_word' id='word_1_696' title='bbox 910 4966 1126 5047; x_wconf 33' lang='grc' dir='ltr'>ρόςεῇἰ),</span> <span class='ocrx_word' id='word_1_697' title='bbox 1166 4970 1268 5047; x_wconf 82' lang='grc' dir='ltr'>ὑπὸ</span> <span class='ocrx_word' id='word_1_698' title='bbox 1292 4977 1389 5029; x_wconf 87' lang='grc' dir='ltr'>τοῦ</span> <span class='ocrx_word' id='word_1_699' title='bbox 1420 4974 1564 5033; x_wconf 77' lang='grc' dir='ltr'>υἱοῦ.</span> 
     </span>
    </p>
   </div>
   <div class='ocr_carea' id='block_1_98' title="bbox 1949 4664 3589 4752">
    <p class='ocr_par' dir='ltr' id='par_1_98' title="bbox 1949 4664 3589 4752">
     <span class='ocr_line' id='line_1_98' title="bbox 1949 4664 3589 4752; baseline -0.015 -16"><span class='ocrx_word' id='word_1_700' title='bbox 1949 4686 2008 4736; x_wconf 92' lang='lat' dir='ltr'>et</span> <span class='ocrx_word' id='word_1_701' title='bbox 2029 4675 2296 4752; x_wconf 89' lang='lat' dir='ltr'>jugulari</span> <span class='ocrx_word' id='word_1_702' title='bbox 2344 4680 2519 4745; x_wconf 87' lang='lat' dir='ltr'>atque</span> <span class='ocrx_word' id='word_1_703' title='bbox 2569 4667 2867 4739; x_wconf 88' lang='lat' dir='ltr'>corrumpi</span> <span class='ocrx_word' id='word_1_704' title='bbox 2915 4665 3173 4731; x_wconf 85' lang='lat' dir='ltr'>videant,</span> <span class='ocrx_word' id='word_1_705' title='bbox 3215 4677 3337 4717; x_wconf 89' lang='lat' dir='ltr'>non</span> <span class='ocrx_word' id='word_1_706' title='bbox 3386 4664 3589 4714; x_wconf 87' lang='lat' dir='ltr'>tamen</span> 
     </span>
    </p>
   </div>
   <div class='ocr_carea' id='block_1_99' title="bbox 1948 4755 3291 4842">
    <p class='ocr_par' dir='ltr' id='par_1_99' title="bbox 1948 4755 3291 4842">
     <span class='ocr_line' id='line_1_99' title="bbox 1948 4755 3291 4842; baseline -0.014 -17"><span class='ocrx_word' id='word_1_707' title='bbox 1948 4767 2198 4842; x_wconf 90' lang='lat' dir='ltr'>proinde</span> <span class='ocrx_word' id='word_1_708' title='bbox 2229 4782 2330 4822; x_wconf 88' lang='lat' dir='ltr'>eos</span> <span class='ocrx_word' id='word_1_709' title='bbox 2362 4764 2503 4819; x_wconf 90' lang='lat' dir='ltr'>deos</span> <span class='ocrx_word' id='word_1_710' title='bbox 2533 4777 2654 4817; x_wconf 91' lang='lat' dir='ltr'>non</span> <span class='ocrx_word' id='word_1_711' title='bbox 2687 4776 2815 4815; x_wconf 90' lang='lat' dir='ltr'>esse</span> <span class='ocrx_word' id='word_1_712' title='bbox 2846 4755 3291 4812; x_wconf 79' lang='lat' dir='ltr'>intellexerunt.</span> 
     </span>
    </p>
   </div>
   <div class='ocr_carea' id='block_1_100' title="bbox 252 5034 1848 5125">
    <p class='ocr_par' dir='ltr' id='par_1_100' title="bbox 252 5034 1848 5125">
     <span class='ocr_line' id='line_1_100' title="bbox 252 5034 1848 5125; baseline 0.009 -31"><span class='ocrx_word' id='word_1_713' title='bbox 252 5034 369 5116; x_wconf 45' lang='lat'>(78&#39;)</span> <span class='ocrx_word' id='word_1_714' title='bbox 403 5048 472 5110; x_wconf 78' lang='grc' dir='ltr'>Α,</span> <span class='ocrx_word' id='word_1_715' title='bbox 507 5037 876 5125; x_wconf 61' lang='grc' dir='ltr'>ἀϐελτότεροι.</span> <span class='ocrx_word' id='word_1_716' title='bbox 912 5043 978 5125; x_wconf 80' lang='lat' dir='ltr'>D,</span> <span class='ocrx_word' id='word_1_717' title='bbox 1002 5034 1392 5125; x_wconf 75' lang='grc' dir='ltr'>ἀϐελτῴτεροι.</span> <span class='ocrx_word' id='word_1_718' title='bbox 1425 5051 1550 5125; x_wconf 68' lang='lat' dir='ltr'>Non</span> <span class='ocrx_word' id='word_1_719' title='bbox 1583 5049 1848 5125; x_wconf 62' lang='lat' dir='ltr'>videbam</span> 
     </span>
    </p>
   </div>
   <div class='ocr_carea' id='block_1_101' title="bbox 1965 5034 3590 5125">
    <p class='ocr_par' dir='ltr' id='par_1_101' title="bbox 1965 5034 3590 5125">
     <span class='ocr_line' id='line_1_101' title="bbox 1965 5034 3590 5125; baseline -0.013 -14"><span class='ocrx_word' id='word_1_720' title='bbox 1965 5073 2051 5112; x_wconf 85' lang='lat' dir='ltr'>sse</span> <span class='ocrx_word' id='word_1_721' title='bbox 2086 5044 2378 5125; x_wconf 67' lang='grc' dir='ltr'>ἀϐέλτερος</span> <span class='ocrx_word' id='word_1_722' title='bbox 2407 5048 2562 5105; x_wconf 86' lang='lat' dir='ltr'>inter</span> <span class='ocrx_word' id='word_1_723' title='bbox 2594 5063 2785 5125; x_wconf 66' lang='lat' dir='ltr'>pauca</span> <span class='ocrx_word' id='word_1_724' title='bbox 2810 5039 3252 5125; x_wconf 69' lang='lat' dir='ltr'>numerandum</span> <span class='ocrx_word' id='word_1_725' title='bbox 3276 5034 3590 5125; x_wconf 50' lang='lat' dir='ltr'>adjectixa,</span> 
     </span>
    </p>
   </div>
   <div class='ocr_carea' id='block_1_102' title="bbox 184 5109 1848 5216">
    <p class='ocr_par' dir='ltr' id='par_1_102' title="bbox 184 5109 1839 5216">
     <span class='ocr_line' id='line_1_102' title="bbox 184 5109 1839 5216; baseline 0.004 -44"><span class='ocrx_word' id='word_1_726' title='bbox 184 5136 318 5216; x_wconf 54' lang='lat' dir='ltr'>qua:</span> <span class='ocrx_word' id='word_1_727' title='bbox 349 5109 818 5216; x_wconf 44' lang='lat' dir='ltr'>comparativum</span> <span class='ocrx_word' id='word_1_728' title='bbox 838 5119 1094 5216; x_wconf 41' lang='lat' dir='ltr'>‘curtum‘</span> <span class='ocrx_word' id='word_1_729' title='bbox 1107 5109 1351 5216; x_wconf 70' lang='lat' dir='ltr'>habent,</span> <span class='ocrx_word' id='word_1_730' title='bbox 1382 5126 1459 5216; x_wconf 51' lang='grc' dir='ltr'>ξιξ</span> <span class='ocrx_word' id='word_1_731' title='bbox 1477 5109 1839 5216; x_wconf 38' lang='grc' dir='ltr'>εὖξύᾏπωτος,</span> 
     </span>
    </p>
   </div>
   <div class='ocr_carea' id='block_1_103' title="bbox 1965 5109 3588 5216">
    <p class='ocr_par' dir='ltr' id='par_1_103' title="bbox 1965 5109 3588 5216">
     <span class='ocr_line' id='line_1_103' title="bbox 1965 5109 3588 5216; baseline -0.01 -35"><span class='ocrx_word' id='word_1_732' title='bbox 1965 5109 2200 5201; x_wconf 55' lang='grc' dir='ltr'>ξίρωτος,</span> <span class='ocrx_word' id='word_1_733' title='bbox 2224 5109 2346 5216; x_wconf 36' lang='grc' dir='ltr'>(θέο.</span> <span class='ocrx_word' id='word_1_734' title='bbox 2366 5109 2936 5216; x_wconf 47' lang='grc' dir='ltr'>’ΜειρίιῐιὶἰθτιΗίδὶοξικ</span> <span class='ocrx_word' id='word_1_735' title='bbox 2970 5116 3331 5216; x_wconf 39' lang='grc' dir='ltr'>Ῑῗιεθεηιᾼιιιι,</span> <span class='ocrx_word' id='word_1_736' title='bbox 3355 5109 3421 5182; x_wconf 22' lang='lat' dir='ltr'>Vp.</span> <span class='ocrx_word' id='word_1_737' title='bbox 3444 5109 3547 5162; x_wconf 78' lang='grc'>428</span> <span class='ocrx_word' id='word_1_738' title='bbox 3572 5123 3588 5164; x_wconf 89' lang='lat'>:</span> 
     </span>
     <span class='ocr_line' id='line_1_104' title="bbox 2084 5189 3588 5216; baseline 0 0"><span class='ocrx_word' id='word_1_739' title='bbox 2084 5198 2108 5216; x_wconf 65' lang='grc' dir='ltr'>ν</span> <span class='ocrx_word' id='word_1_740' title='bbox 2286 5194 2308 5216; x_wconf 57' lang='grc'><strong>5</strong></span> <span class='ocrx_word' id='word_1_741' title='bbox 2341 5214 2371 5216; x_wconf 66' lang='lat'>_,</span> <span class='ocrx_word' id='word_1_742' title='bbox 2397 5214 2407 5216; x_wconf 80' lang='lat'>_</span> <span class='ocrx_word' id='word_1_743' title='bbox 2518 5210 2594 5216; x_wconf 51' lang='grc' dir='ltr'>Α.-</span> <span class='ocrx_word' id='word_1_744' title='bbox 2631 5208 2688 5216; x_wconf 61' lang='grc' dir='ltr'>Α-</span> <span class='ocrx_word' id='word_1_745' title='bbox 2750 5189 2852 5216; x_wconf 66' lang='grc' dir='ltr'>..ξ-ιζ</span> <span class='ocrx_word' id='word_1_746' title='bbox 2927 5204 2992 5216; x_wconf 69' lang='grc' dir='ltr'><strong>ΛΑ</strong></span> <span class='ocrx_word' id='word_1_747' title='bbox 3101 5202 3257 5216; x_wconf 64' lang='lat' dir='ltr'><strong>anni“</strong></span> <span class='ocrx_word' id='word_1_748' title='bbox 3289 5198 3389 5216; x_wconf 63' lang='lat' dir='ltr'>&quot;nn</span> <span class='ocrx_word' id='word_1_749' title='bbox 3446 5196 3588 5216; x_wconf 63' lang='grc' dir='ltr'>μητι-</span> 
     </span>
    </p>
   </div>
   <div class='ocr_carea' id='block_1_104' title="bbox 182 5184 1848 5272">
    <p class='ocr_par' dir='ltr' id='par_1_104' title="bbox 182 5184 1832 5272">
     <span class='ocr_line' id='line_1_105' title="bbox 182 5184 1832 5272; baseline 0.007 -31"><span class='ocrx_word' id='word_1_750' title='bbox 182 5184 309 5272; x_wconf 21' lang='grc' dir='ltr'>ξΟτῌι</span> <span class='ocrx_word' id='word_1_751' title='bbox 344 5184 1035 5272; x_wconf 52' lang='grc' dir='ltr'>ἀνᾳστέερωτόνςτιχρῆμα</span> <span class='ocrx_word' id='word_1_752' title='bbox 1063 5188 1098 5254; x_wconf 78' lang='grc' dir='ltr'><strong>ἡ</strong></span> <span class='ocrx_word' id='word_1_753' title='bbox 1128 5190 1273 5272; x_wconf 75' lang='grc' dir='ltr'>νίκῃ,</span> <span class='ocrx_word' id='word_1_754' title='bbox 1308 5184 1398 5272; x_wconf 75' lang='grc' dir='ltr'>καὶ</span> <span class='ocrx_word' id='word_1_755' title='bbox 1432 5184 1832 5270; x_wconf 61' lang='grc' dir='ltr'>διαδιδράσκειν</span> 
     </span>
    </p>
   </div>
   <div class='ocr_carea' id='block_1_105' title="bbox 1965 5184 3591 5272">
    <p class='ocr_par' dir='ltr' id='par_1_105' title="bbox 1965 5184 3591 5272">
     <span class='ocr_line' id='line_1_106' title="bbox 1965 5184 3591 5272; baseline -0.01 -20"><span class='ocrx_word' id='word_1_756' title='bbox 1965 5184 2026 5272; x_wconf 11' lang='grc' dir='ltr'>τὲ,</span> <span class='ocrx_word' id='word_1_757' title='bbox 2049 5184 2721 5272; x_wconf 32' lang='grc' dir='ltr'>οὗσέῥᾳδίωςτιιιωο-οιει</span> <span class='ocrx_word' id='word_1_758' title='bbox 2750 5189 2855 5272; x_wconf 69' lang='lat' dir='ltr'>viri</span> <span class='ocrx_word' id='word_1_759' title='bbox 2885 5187 3039 5272; x_wconf 69' lang='lat' dir='ltr'>doct.</span> <span class='ocrx_word' id='word_1_760' title='bbox 3087 5184 3395 5256; x_wconf 69' lang='lat' dir='ltr'>scriptura</span> <span class='ocrx_word' id='word_1_761' title='bbox 3446 5196 3591 5272; x_wconf 57' lang='lat' dir='ltr'>con-</span> 
     </span>
    </p>
   </div>
   <div class='ocr_carea' id='block_1_106' title="bbox 170 5251 1848 5341">
    <p class='ocr_par' dir='ltr' id='par_1_106' title="bbox 170 5251 1848 5341">
     <span class='ocr_line' id='line_1_107' title="bbox 170 5251 1848 5341; baseline 0.004 -26"><span class='ocrx_word' id='word_1_762' title='bbox 170 5251 631 5341; x_wconf 69' lang='lat' dir='ltr'>jectqralispro</span> <span class='ocrx_word' id='word_1_763' title='bbox 664 5251 919 5341; x_wconf 53' lang='lat' dir='ltr'>pristina</span> <span class='ocrx_word' id='word_1_764' title='bbox 941 5251 1391 5341; x_wconf 16' lang='grc' dir='ltr'>ίᾶναπτερῴίὲάτόν</span> <span class='ocrx_word' id='word_1_765' title='bbox 1423 5285 1475 5318; x_wconf 93' lang='grc' dir='ltr'>τι</span> <span class='ocrx_word' id='word_1_766' title='bbox 1507 5251 1848 5341; x_wconf 68' lang='grc' dir='ltr'>χρ,Ἐᾳιιὶ(Ῐε</span> 
     </span>
    </p>
   </div>
   <div class='ocr_carea' id='block_1_107' title="bbox 1965 5251 3593 5341">
    <p class='ocr_par' dir='ltr' id='par_1_107' title="bbox 1965 5251 3593 5341">
     <span class='ocr_line' id='line_1_108' title="bbox 1965 5251 3593 5341; baseline -0.012 -15"><span class='ocrx_word' id='word_1_767' title='bbox 1965 5251 2037 5326; x_wconf 74' lang='lat' dir='ltr'>iil</span> <span class='ocrx_word' id='word_1_768' title='bbox 2060 5251 2284 5327; x_wconf 65' lang='lat' dir='ltr'>mutari</span> <span class='ocrx_word' id='word_1_769' title='bbox 2318 5251 2544 5341; x_wconf 78' lang='lat' dir='ltr'>malim.</span> <span class='ocrx_word' id='word_1_770' title='bbox 2576 5263 2727 5341; x_wconf 80' lang='lat' dir='ltr'>Eri_t__</span> <span class='ocrx_word' id='word_1_771' title='bbox 2749 5251 3593 5341; x_wconf 48' lang='lat' dir='ltr'>dvqnyepcbtarov,&quot;su&#39;perlati-</span> 
     </span>
    </p>
   </div>
   <div class='ocr_carea' id='block_1_108' title="bbox 182 5325 1848 5415">
    <p class='ocr_par' dir='ltr' id='par_1_108' title="bbox 182 5325 1848 5415">
     <span class='ocr_line' id='line_1_109' title="bbox 182 5325 1848 5415; baseline 0.005 -28"><span class='ocrx_word' id='word_1_772' title='bbox 182 5325 291 5415; x_wconf 47' lang='lat' dir='ltr'>Ejus</span> <span class='ocrx_word' id='word_1_773' title='bbox 314 5325 686 5415; x_wconf 47' lang='grc' dir='ltr'>(ἰεῦ-υςὼιυεῖ</span> <span class='ocrx_word' id='word_1_774' title='bbox 712 5325 1386 5415; x_wconf 46' lang='grc' dir='ltr'>ρςοῆἀναπτερωτότατον,</span> <span class='ocrx_word' id='word_1_775' title='bbox 1416 5325 1574 5409; x_wconf 52' lang='lat' dir='ltr'>qugd</span> <span class='ocrx_word' id='word_1_776' title='bbox 1602 5340 1674 5395; x_wconf 91' lang='lat' dir='ltr'>ob</span> <span class='ocrx_word' id='word_1_777' title='bbox 1700 5325 1848 5398; x_wconf 44' lang='lat' dir='ltr'>‘tauti</span> 
     </span>
    </p>
   </div>
   <div class='ocr_carea' id='block_1_109' title="bbox 1965 5325 3589 5415">
    <p class='ocr_par' dir='ltr' id='par_1_109' title="bbox 1965 5325 3589 5415">
     <span class='ocr_line' id='line_1_110' title="bbox 1965 5325 3589 5415; baseline -0.013 -16"><span class='ocrx_word' id='word_1_778' title='bbox 1965 5325 2311 5415; x_wconf 43' lang='lat' dir='ltr'>tim—fugisse</span> <span class='ocrx_word' id='word_1_779' title='bbox 2339 5338 2635 5392; x_wconf 88' lang='lat' dir='ltr'>videntur.</span> <span class='ocrx_word' id='word_1_780' title='bbox 2665 5333 2808 5389; x_wconf 77' lang='lat' dir='ltr'>Vide</span> <span class='ocrx_word' id='word_1_781' title='bbox 2838 5325 3136 5405; x_wconf 77' lang='lat' dir='ltr'>Wyttenb.</span> <span class='ocrx_word' id='word_1_782' title='bbox 3198 5328 3271 5386; x_wconf 89' lang='lat' dir='ltr'>ad</span> <span class='ocrx_word' id='word_1_783' title='bbox 3322 5325 3476 5382; x_wconf 87' lang='lat' dir='ltr'>Plut.</span> <span class='ocrx_word' id='word_1_784' title='bbox 3511 5325 3589 5380; x_wconf 82' lang='lat' dir='ltr'>De</span> 
     </span>
    </p>
   </div>
   <div class='ocr_carea' id='block_1_110' title="bbox 176 5403 877 5476">
    <p class='ocr_par' dir='ltr' id='par_1_110' title="bbox 176 5403 877 5476">
     <span class='ocr_line' id='line_1_111' title="bbox 176 5403 877 5476; baseline -0.01 -13"><span class='ocrx_word' id='word_1_785' title='bbox 176 5408 313 5463; x_wconf 73' lang='lat' dir='ltr'>disc.</span> <span class='ocrx_word' id='word_1_786' title='bbox 358 5406 678 5476; x_wconf 8' lang='lat' dir='ltr'>adulgpag.’</span> <span class='ocrx_word' id='word_1_787' title='bbox 711 5404 771 5457; x_wconf 86' lang='grc'>51</span> <span class='ocrx_word' id='word_1_788' title='bbox 811 5403 877 5457; x_wconf 93' lang='lat' dir='ltr'>D.</span> 
     </span>
    </p>
   </div>
   <div class='ocr_carea' id='block_1_111' title="bbox 251 5466 3583 5556">
    <p class='ocr_par' dir='ltr' id='par_1_111' title="bbox 251 5466 3583 5556">
     <span class='ocr_line' id='line_1_112' title="bbox 251 5466 3583 5556; baseline -0.004 -23"><span class='ocrx_word' id='word_1_789' title='bbox 251 5466 763 5556; x_wconf 35' lang='lat' dir='ltr'>(militia-{siue</span> <span class='ocrx_word' id='word_1_790' title='bbox 789 5474 1061 5556; x_wconf 65' lang='lat' dir='ltr'>articulo,</span> <span class='ocrx_word' id='word_1_791' title='bbox 1096 5477 1417 5556; x_wconf 87' lang='lat' dir='ltr'>non_valde</span> <span class='ocrx_word' id='word_1_792' title='bbox 1438 5481 1675 5552; x_wconf 90' lang='lat' dir='ltr'>quidem</span> <span class='ocrx_word' id='word_1_793' title='bbox 1710 5486 2070 5541; x_wconf 87' lang='lat' dir='ltr'>necessario.</span> <span class='ocrx_word' id='word_1_794' title='bbox 2106 5482 2438 5556; x_wconf 82' lang='lat' dir='ltr'>Articulum</span> <span class='ocrx_word' id='word_1_795' title='bbox 2470 5476 2876 5556; x_wconf 70' lang='lat' dir='ltr'>necessarium</span> <span class='ocrx_word' id='word_1_796' title='bbox 2901 5477 3013 5556; x_wconf 64' lang='grc' dir='ltr'>τῶν</span> <span class='ocrx_word' id='word_1_797' title='bbox 3047 5466 3583 5556; x_wconf 42' lang='lat' dir='ltr'>re_dd‘idi_tom.,l.ll,</span> 
     </span>
    </p>
   </div>
   <div class='ocr_carea' id='block_1_112' title="bbox 176 5535 1848 5689">
    <p class='ocr_par' dir='ltr' id='par_1_112' title="bbox 176 5535 1848 5689">
     <span class='ocr_line' id='line_1_113' title="bbox 176 5535 1848 5678; baseline 0.004 -74"><span class='ocrx_word' id='word_1_798' title='bbox 176 5535 315 5678; x_wconf 47' lang='lat' dir='ltr'>pug.</span> <span class='ocrx_word' id='word_1_799' title='bbox 344 5535 565 5617; x_wconf 64' lang='grc'>⁵14,’24,</span> <span class='ocrx_word' id='word_1_800' title='bbox 596 5546 806 5631; x_wconf 71' lang='lat' dir='ltr'>Joanni</span> <span class='ocrx_word' id='word_1_801' title='bbox 830 5535 1060 5617; x_wconf 74' lang='lat' dir='ltr'>Gabrm,</span> <span class='ocrx_word' id='word_1_802' title='bbox 1089 5549 1247 5620; x_wconf 89' lang='lat' dir='ltr'>quod</span> <span class='ocrx_word' id='word_1_803' title='bbox 1278 5556 1417 5607; x_wconf 91' lang='lat' dir='ltr'>tunc</span> <span class='ocrx_word' id='word_1_804' title='bbox 1439 5535 1683 5610; x_wconf 73' lang='lat' dir='ltr'>monere</span> <span class='ocrx_word' id='word_1_805' title='bbox 1711 5535 1848 5628; x_wconf 73' lang='lat' dir='ltr'>negl</span> 
     </span>
     <span class='ocr_line' id='line_1_114' title="bbox 218 5611 1848 5689; baseline 0.004 -14"><span class='ocrx_word' id='word_1_806' title='bbox 218 5641 316 5675; x_wconf 80' lang='grc' dir='ltr'>ιων</span> <span class='ocrx_word' id='word_1_807' title='bbox 349 5620 564 5689; x_wconf 63' lang='grc' dir='ltr'>ἑκάστῳ</span> <span class='ocrx_word' id='word_1_808' title='bbox 578 5616 682 5689; x_wconf 63' lang='grc' dir='ltr'>τήγ</span> <span class='ocrx_word' id='word_1_809' title='bbox 712 5611 1118 5689; x_wconf 81' lang='grc' dir='ltr'>ιπιϐάλλουσαν</span> <span class='ocrx_word' id='word_1_810' title='bbox 1151 5617 1412 5689; x_wconf 86' lang='grc' dir='ltr'>διωρίσας</span> <span class='ocrx_word' id='word_1_811' title='bbox 1444 5623 1587 5679; x_wconf 74' lang='grc' dir='ltr'>οὕτω</span> <span class='ocrx_word' id='word_1_812' title='bbox 1640 5630 1848 5689; x_wconf 75' lang='grc' dir='ltr'>μοῖραν</span> 
     </span>
    </p>
   </div>
   <div class='ocr_carea' id='block_1_113' title="bbox 1965 5535 3585 5689">
    <p class='ocr_par' dir='ltr' id='par_1_113' title="bbox 1965 5535 3585 5689">
     <span class='ocr_line' id='line_1_115' title="bbox 1965 5535 3585 5661; baseline -0.012 -49"><span class='ocrx_word' id='word_1_813' title='bbox 1965 5535 2453 5614; x_wconf 46' lang='lat' dir='ltr'>ram:_éli6ri_cius</span> <span class='ocrx_word' id='word_1_814' title='bbox 2483 5552 2545 5606; x_wconf 94' lang='lat' dir='ltr'>in</span> <span class='ocrx_word' id='word_1_815' title='bbox 2576 5554 2803 5606; x_wconf 84' lang='lat' dir='ltr'>Summ.</span> <span class='ocrx_word' id='word_1_816' title='bbox 2836 5552 2862 5617; x_wconf 93' lang='lat'>§</span> <span class='ocrx_word' id='word_1_817' title='bbox 2892 5549 2958 5605; x_wconf 75' lang='grc'>46</span> <span class='ocrx_word' id='word_1_818' title='bbox 2981 5546 3131 5635; x_wconf 50' lang='grc' dir='ltr'>ὶΚαξ</span> <span class='ocrx_word' id='word_1_819' title='bbox 3160 5544 3223 5600; x_wconf 82' lang='grc' dir='ltr'>σὺ</span> <span class='ocrx_word' id='word_1_820' title='bbox 3253 5547 3361 5598; x_wconf 85' lang='grc' dir='ltr'>τῶν</span> <span class='ocrx_word' id='word_1_821' title='bbox 3388 5535 3585 5661; x_wconf 58' lang='grc' dir='ltr'>Ἀρρα-</span> 
     </span>
     <span class='ocr_line' id='line_1_116' title="bbox 1967 5614 3583 5689; baseline -0.013 -6"><span class='ocrx_word' id='word_1_822' title='bbox 1967 5648 2098 5689; x_wconf 69' lang='lat' dir='ltr'>om</span> <span class='ocrx_word' id='word_1_823' title='bbox 2154 5627 2232 5689; x_wconf 73' lang='grc' dir='ltr'>εἰς</span> <span class='ocrx_word' id='word_1_824' title='bbox 2288 5623 2492 5689; x_wconf 88' lang='grc' dir='ltr'>λόγους</span> <span class='ocrx_word' id='word_1_825' title='bbox 2550 5619 2729 5678; x_wconf 80' lang='grc' dir='ltr'>ἐλθών</span> <span class='ocrx_word' id='word_1_826' title='bbox 2785 5639 2892 5676; x_wconf 84' lang='grc' dir='ltr'>που</span> <span class='ocrx_word' id='word_1_827' title='bbox 2940 5639 3017 5689; x_wconf 75' lang='grc' dir='ltr'>τῃ</span> <span class='ocrx_word' id='word_1_828' title='bbox 3070 5635 3218 5689; x_wconf 78' lang='grc' dir='ltr'>τυχῃ</span> <span class='ocrx_word' id='word_1_829' title='bbox 3278 5614 3439 5681; x_wconf 78' lang='grc' dir='ltr'>οἰκητ</span> <span class='ocrx_word' id='word_1_830' title='bbox 3476 5622 3583 5681; x_wconf 84' lang='grc' dir='ltr'>ρων</span> 
     </span>
    </p>
   </div>
   <div class='ocr_carea' id='block_1_114' title="bbox 1256 5614 3583 5705">
    <p class='ocr_par' dir='ltr' id='par_1_114' title="bbox 1256 5614 3583 5705">
     <span class='ocr_line' id='line_1_117' title="bbox 1256 5614 3583 5705; baseline -0.003 -29"><span class='ocrx_word' id='word_1_831' title='bbox 1256 5621 1412 5693; x_wconf 82' lang='grc' dir='ltr'>ρίσας</span> <span class='ocrx_word' id='word_1_832' title='bbox 1444 5623 1587 5679; x_wconf 74' lang='grc' dir='ltr'>οὕτω</span> <span class='ocrx_word' id='word_1_833' title='bbox 1640 5614 1861 5701; x_wconf 60' lang='grc' dir='ltr'>μοῖράν,</span> <span class='ocrx_word' id='word_1_834' title='bbox 1917 5626 2098 5705; x_wconf 73' lang='grc' dir='ltr'>ὥσπερ</span> <span class='ocrx_word' id='word_1_835' title='bbox 2154 5627 2232 5693; x_wconf 73' lang='grc' dir='ltr'>εἰς</span> <span class='ocrx_word' id='word_1_836' title='bbox 2288 5623 2492 5702; x_wconf 88' lang='grc' dir='ltr'>λόγους</span> <span class='ocrx_word' id='word_1_837' title='bbox 2550 5619 2729 5678; x_wconf 79' lang='grc' dir='ltr'>ἐλθών</span> <span class='ocrx_word' id='word_1_838' title='bbox 2785 5614 2892 5676; x_wconf 73' lang='grc' dir='ltr'>που</span> <span class='ocrx_word' id='word_1_839' title='bbox 3070 5617 3218 5694; x_wconf 74' lang='grc' dir='ltr'>τύχῃ</span> <span class='ocrx_word' id='word_1_840' title='bbox 3278 5614 3583 5681; x_wconf 78' lang='grc' dir='ltr'>οἰκητόρων</span> 
     </span>
    </p>
   </div>
   <div class='ocr_carea' id='block_1_115' title="bbox 174 5684 1343 5767">
    <p class='ocr_par' dir='ltr' id='par_1_115' title="bbox 174 5684 1343 5767">
     <span class='ocr_line' id='line_1_118' title="bbox 174 5684 1343 5767; baseline -0.003 -15"><span class='ocrx_word' id='word_1_841' title='bbox 174 5698 340 5754; x_wconf 81' lang='lat' dir='ltr'>Bene</span> <span class='ocrx_word' id='word_1_842' title='bbox 387 5684 634 5752; x_wconf 78' lang='lat' dir='ltr'>codicus</span> <span class='ocrx_word' id='word_1_843' title='bbox 658 5684 916 5765; x_wconf 84' lang='grc' dir='ltr'>διώρισας</span> <span class='ocrx_word' id='word_1_844' title='bbox 946 5696 1004 5748; x_wconf 86' lang='lat' dir='ltr'>et</span> <span class='ocrx_word' id='word_1_845' title='bbox 1029 5694 1137 5747; x_wconf 83' lang='grc' dir='ltr'>τῶν</span> <span class='ocrx_word' id='word_1_846' title='bbox 1162 5684 1343 5767; x_wconf 75' lang='grc' dir='ltr'>οἰκητ.</span> 
     </span>
    </p>
   </div>
  </div>
