4030 6202
191 352 218 407 1
234 351 338 410 121
360 358 373 377 ⁸

1373 358 1545 414 VITA
1580 355 1934 413 BARLAAM
1967 355 2063 410 ET
2095 353 2435 411 JOASAPH.

3469 359 3609 419 1122

186 480 406 553 ἤγαγεν
437 473 632 539 αὖτοὺς
661 475 690 533 ὁ
720 476 851 541 Θεὸς
884 476 937 535 έν
979 479 1128 557 χείρὶ
1185 484 1417 558 κραταιᾷ
1468 478 1560 534 καὶ
1611 476 1663 533 έν
1717 478 1852 553 βρα-

1968 477 2207 534 brachio
2239 477 2495 546 excelso,
2518 495 2625 551 per
2644 480 2883 553 Moysen
2912 479 3178 553 ipsorum
3208 481 3612 556 legislatorem

184 565 340 643 χίονι
372 565 572 641 ὑψηλῷ
602 569 711 639 (80)
760 566 852 623 διὰ
908 571 1152 634 Μωσέως
1183 575 1282 626 τοῦ
1331 569 1637 644 νομοθέτου
1668 565 1842 622 αὐτῶν

184 656 280 711 καὶ
308 657 491 731 τέρασι
523 655 763 720 πολλοῖς
808 658 898 713 καὶ
948 661 1202 733 σημείοις
1261 662 1375 733 (81)
1425 658 1711 735 έγνωρισέν
1743 656 1845 711 αὖ-

183 751 304 807 τοῖς
330 747 432 816 τήν
461 746 655 801 ἑαυτοῦ
706 742 952 821 δύναμιν.
1002 747 1180 818 Ἀλλ’,
1223 749 1540 825 ἀγνώμονες
1566 746 1656 803 καὶ
1688 744 1845 801 αὐτοὶ

186 835 441 912 φανέντες
494 834 585 891 καὶ
642 834 965 912 ἄχρηστοι,
1022 835 1296 901 πολλάκις
1362 836 1682 913 έλάτρευσαν
1731 839 1847 897 τοῖς

185 928 299 980 τῶν
334 924 501 989 ἰθνῶν
553 919 879 998 σεϐάσμασι,
924 928 1014 982 ναὶ
1054 926 1186 990 τοὺς
1236 924 1678 1000 ἀπεσταλμένους
1709 924 1845 999 πρὸς

189 1013 391 1075 αὐτοὺς
466 1015 756 1089 προφήτας
825 1016 913 1070 καὶ
976 1013 1216 1079 δικαίους
1294 1016 1605 1071 ἀπέκτειναν
1642 1057 1657 1071 .
1714 1013 1848 1071 Εἶτα

188 1105 267 1165 ὡς
318 1099 611 1172 εὐδόκησεν
643 1103 671 1157 ὁ
702 1103 828 1166 Υἱὸς
879 1109 978 1160 τοῦ
1030 1110 1164 1161 Θεοῦ
1213 1103 1389 1169 ἐλθεῖν
1435 1105 1521 1161 ἐπὶ
1564 1111 1666 1174 τῆς
1721 1105 1846 1179 γῆς,

192 1191 701 1266 ἐμπαροινήσαντες
754 1192 831 1257 είς
887 1192 1072 1267 αὐτὸν,
1119 1193 1437 1270 προέδωκαν
1490 1193 1715 1267 Πιλάτῳ
1767 1196 1848 1265 τῷ

190 1280 433 1357 ἡγεμόνι
487 1284 594 1335 τῶν
653 1282 944 1354 Ῥωμαίων
998 1282 1089 1337 καὶ
1160 1288 1376 1358 σταυρῷ
1455 1279 1846 1353 κατεδίκασαν,

187 1371 270 1444 μὴ
302 1366 639 1433 αἰδεσθέντες
686 1370 782 1433 τὰς
828 1372 1134 1449 εὐεργεσίας
1181 1372 1370 1445 αὐτοῦ,
1419 1373 1510 1427 καὶ
1562 1373 1630 1427 τὰ
1666 1369 1847 1447 ἀναρί-

188 1461 383 1533 θμητα
412 1459 658 1531 θαύματα
706 1460 840 1536 ἅπερ
889 1457 944 1514 ἐν
992 1460 1180 1523 αὐτοῖς
1240 1459 1546 1537 εἰργάσατο.
1600 1460 1692 1515 Διὸ
1742 1460 1847 1515 άπ-

186 1549 412 1604 ώΛοντο
441 1551 512 1623 τῇ
545 1545 657 1620 ἰδίᾳ
677 1549 1013 1625 παρανομίᾳ.
1050 1545 1313 1607 Σέὸονται
1346 1549 1446 1626 γὰρ
1475 1550 1567 1605 καὶ
1595 1554 1686 1605 νῦν
1718 1548 1845 1605 Θεὸν

182 1636 278 1693 τὸν
313 1636 480 1711 μόνον
511 1626 945 1714 πάντοκράτορα,
978 1636 1105 1695 ἀλλ’
1137 1638 1198 1695 οὐ
1249 1645 1365 1694 κάτ’
1411 1638 1724 1715 ἐπίγνωσιν·
1755 1638 1847 1693 τὸν

183 1728 299 1805 γὰρ
332 1726 563 1803 Χριστὸν
593 1726 882 1804 ἀρνοῦνται
927 1729 1020 1783 τὸν
1077 1729 1199 1784 Υἱὸν
1258 1733 1356 1784 τοῦ
1410 1733 1566 1798 Θεοῦ,
1598 1728 1689 1783 καὶ
1746 1724 1851 1782 εῗσί

184 1817 500 1912 παρόμοιοι
529 1821 648 1912 τῌοῖς
672 1814 881 1912 Δἔθνεσι,
931 1815 1044 1912 κᾶν⁸
1088 1816 1319 1893 ἐγγίζειν
1519 1820 1588 1891 τῇ
1620 1815 1853 1912 ἀληθείᾳ
1881 1846 1930 1912 Β

189 1904 435 1962 δοκῶσιν
471 1950 487 1977 ,
544 1905 614 1975 ἧς
672 1905 894 1968 ἑαυτοὺς
944 1905 1289 1981 έμάκρυναν.
1341 1909 1526 1965 Ταῦτα
1570 1907 1691 1983 περὶ
1741 1909 1850 1961 τῶν

198 1993 512 2054 Ἰουδαίων.

262 2088 338 2144 Οἱ
368 2083 428 2141 δὲ
481 2085 796 2160 Χριστιανοὶ
856 2084 1310 2162 γενεαλογοῦνται
1352 2086 1459 2141 ἀπὸ
1504 2089 1603 2141 τοῦ
1656 2085 1856 2161 Κυρίου

202 2180 375 2249 Ιησοῦ
424 2180 685 2252 Χριστοῦ.
746 2174 924 2239 Οὗτος
959 2174 1019 2232 δὲ
1049 2177 1077 2232 ὁ
1110 2177 1235 2240 Υἱὸς
1262 2181 1362 2233 τοῦ
1421 2180 1555 2233 Θεοῦ
1603 2180 1699 2232 τοῦ
1732 2177 1856 2251 ὑψί-

192 2289 332 2323 στου
388 2265 788 2341 ὁμολογεῖται,
846 2265 898 2321 έν
950 2264 1222 2340 Πνεῦματι
1283 2266 1421 2343 ἁγίῳ
1478 2264 1569 2321 ἀπ’
1625 2264 1857 2341 οὐρανοῦ

189 2350 439 2418 καταϐὰς
492 2357 646 2414 253
704 2352 795 2410 διὰ
846 2355 948 2424 τήν
1031 2354 1306 2431 σωτηρίαν
1364 2360 1474 2411 τῶν
1559 2353 1855 2431 ἀνθρώπων

192 2446 316 2516 καὶ,
370 2444 432 2499 ἐκ
484 2443 762 2520 Ηαρθένου
816 2445 973 2517 ἁγίας
1031 2442 1311 2519 γεννηθεὶς
1364 2442 1618 2520 ἆσ-πόρως
1665 2464 1725 2499 τε
1765 2443 1858 2499 καὶ

195 2534 476 2614 ἆφθόρως,
532 2532 702 2608 σάρκα
758 2528 1017 2602 ἀνελαϐε,
1078 2532 1170 2588 καὶ
1229 2533 1462 2611 ἀνεφάνη
1522 2534 1859 2609 ἀνθρώποις,

202 2626 361 2688 ὃπως
394 2621 453 2679 ἔκ
485 2625 588 2693 τῆς
616 2621 898 2688 πολυθέου
929 2621 1140 2694 πλάνης
1193 2622 1388 2686 αὐτοὺς
1436 2621 1856 2694 ἁνακαλέσηται.

203 2714 335 2785 Καὶ,
373 2711 592 2775 τελέσας
646 2712 747 2781 τὴν
806 2712 1121 2785 Θαυμαστήν
1181 2710 1347 2767 αὐτοῦ
1395 2711 1736 2786 οἰκονομίαν,
1770 2708 1861 2767 διὰ

200 2807 440 2879 σταυροῦ
479 2804 709 2868 θανάτου
764 2800 1017 2879 έγεῦσατο
1076 2801 1300 2875 ἑκουσίᾳ
1337 2802 1513 2878 βουλῇ
1562 2803 1678 2857 κατ’
1710 2802 1857 2857 οἷκο-

197 2892 399 2969 νομίαν
456 2890 727 2968 μεγάληνο
789 2891 925 2965 μετὰ
979 2889 1037 2947 δὶ
1074 2896 1224 2967 τρεῖς
1272 2892 1483 2969 ἡμέρας
1538 2886 1738 2947 ἀνεϐίω
1768 2890 1857 2947 καὶ

201 2984 284 3047 εἷς
337 2982 598 3059 οὐρανοὺς
644 2980 902 3052 ἀνῆλθεν.
963 2979 1040 3040 Οὗ
1067 2982 1131 3037 τὸ
1186 2980 1348 3045 κλέος
1405 2989 1507 3054 τῆς
1562 2983 1861 3058 παρουσίας

198 3072 262 3129 ἐκ
292 3079 396 3142 τῆς
453 3073 581 3147 παρ’
638 3072 827 3136 αὐτοῖς
880 3072 1229 3145 καλουμένης
1287 3070 1646 3149 εὐαγγελικῆς
1702 3072 1859 3148 ἁγίας

201 3167 427 3239 Γραφῆς
478 3158 645 3232 ἔξεστί
697 3181 781 3216 σοι
840 3163 1086 3236 γνῶναι,
1152 3159 1397 3235 βασιλεῦ,
1456 3160 1543 3217 έάν
1602 3161 1855 3237 ἰντυχῃς.

1958 566 2181 636 eduxit,
2212 583 2281 622 ac
2306 583 2413 638 per
2444 567 2633 623 multa
2675 569 2945 642 prodigia
2975 574 3033 624 et
3062 570 3233 642 signa
3264 588 3431 628 suam
3463 576 3609 647 ipsis

1954 656 2285 728 potentiam
2316 655 2656 715 declaravit.
2679 660 2894 714 Verum
2926 659 3039 731 ipsi
3066 677 3308 732 quoque
3339 664 3605 733 perﬁdos

1955 750 2131 816 atque
2148 745 2412 817 ingratos
2434 763 2564 801 sese
2588 747 2941 818 praebentes,
2968 749 3238 821 gentium
3258 751 3404 806 deos
3426 769 3617 824 smpe-

1955 850 2205 891 numero
2236 835 2583 902 adorarunt,
2615 838 3057 909 prophetasque
3098 839 3171 894 ad
3204 856 3265 895 se
3296 841 3513 897 missos
3544 860 3613 899 ac

1947 924 2144 996 justos
2157 925 2312 979 viros
2326 930 2513 980 morte
2529 926 2964 982 aﬁecerunt.Ac
2977 928 3609 1002 deinde,posteaquam

1955 1014 2040 1069 ita
2088 1014 2189 1069 Dei
2239 1014 2510 1070 voluntas
2534 1015 2691 1083 tulit,
2723 1022 2787 1070 ut
2807 1017 2989 1071 Filius
3012 1034 3153 1072 suus
3172 1019 3234 1073 in
3262 1025 3480 1075 terram
3510 1038 3608 1076 ve-

1957 1102 2275 1171 niret,eum
2307 1105 2671 1160 contumelia
2699 1107 2997 1174 affectum,
3031 1108 3240 1162 Pontio
3273 1109 3460 1165 Pilato
3494 1113 3610 1165 Ro-

1956 1210 2271 1249 manorum
2288 1194 2423 1249 duci
2436 1194 3145 1267 tradiderunt,crucisque
3158 1199 3450 1269 supplicio
3473 1216 3611 1255 con-

1957 1284 2338 1349 demnarunt,
2372 1284 2539 1340 nulla
2566 1284 2841 1341 videlicet
2869 1286 3055 1357 ipsius
3085 1286 3612 1344 beneﬂciorumat—

1957 1390 2073 1444 que
2086 1373 2615 1429 innumerabilium
2636 1374 3081 1443 miraculorum,
3115 1377 3420 1448 quaeinter
3440 1379 3605 1450 ipsos

1958 1462 2524 1532 designarat,habita
2540 1464 2772 1518 ratione
2792 1481 3019 1534 suoque
3040 1464 3264 1520 scelere
3278 1467 3610 1537 perierunt.

1959 1553 2102 1608 Nam
2134 1569 2294 1608 nunc
2323 1569 2559 1625 quoque
2610 1554 2803 1609 solum
2851 1555 3090 1625 quidem
3137 1556 3611 1627 omnipotentem

1959 1642 2145 1696 Deum
2169 1642 2395 1710 colunt,
2418 1642 2522 1697 sed
2544 1658 2666 1698 non
2698 1643 3026 1698 secundum
3053 1644 3388 1713 scientiam,
3422 1646 3613 1715 siqui-

1963 1731 2098 1787 dem
2117 1732 2415 1788 Christum
2445 1732 2659 1788 Filium
2699 1734 2801 1788 Dei
2831 1738 3050 1805 negant
3068 1734 3244 1804 (Rom.
3267 1735 3347 1806 ι),
3370 1735 3611 1807 gentili-

1959 1824 2189 1895 busque
2211 1824 2439 1880 similes
2460 1825 2858 1893 sunt,etiamsi
2879 1825 2953 1880 ad
2965 1825 3334 1897 veritatem,a
3346 1844 3461 1897 qua
3471 1844 3613 1898 pro-

1961 1913 2058 1969 cul
2089 1930 2150 1967 se
2181 1919 2580 1981 removerunt,
2612 1914 2854 1986 propius
2885 1914 3193 1985 aliquanto
3225 1916 3506 1972 accedere
3532 1916 3611 1971 vi-

1962 1999 2234 2058 deantur.
2266 2004 2349 2058 Ac
2382 2002 2453 2057 de
2483 2002 2703 2058 Judmis
2734 2004 3042 2059 hactenus.

2031 2092 2107 2145 At
2125 2090 2500 2146 Christiania
2542 2092 2791 2147 Domino
2835 2097 3041 2148 nostro
3075 2095 3213 2148 Jesu
3240 2095 3471 2150 Christo
3505 2096 3615 2151 do-

1961 2179 2167 2234 ctrinm
2191 2197 2313 2235 sum
2337 2180 2628 2252 originem
2650 2181 2986 2237 dicunt.Hic
3003 2187 3199 2238 autem
3216 2184 3317 2238 Dei
3339 2185 3616 2239 altissimi

1962 2267 2145 2323 Filius
2158 2267 2375 2339 inSpiri
2384 2273 2445 2323 tu
2458 2273 2662 2323 sancto
2676 2268 3070 2335 creditur.Qui
3086 2270 3326 2341 quidem
3338 2273 3614 2328 humanm

1963 2357 2172 2413 salutis
2200 2371 2382 2413 causa
2426 2357 2500 2413 de
2544 2357 2689 2413 coelo
2740 2357 3068 2427 descendit,
3099 2364 3277 2430 atque
3308 2377 3378 2415 ex
3409 2367 3616 2419 sancta

1965 2447 2200 2519 Virgine
2222 2447 2454 2519 genitus
2482 2451 2592 2515 est,
2620 2463 2688 2503 ac
2718 2447 2844 2503 sine
2876 2448 3105 2504 semine
3136 2454 3195 2503 et
3236 2452 3613 2523 corruptione

1963 2553 2205 2592 carnem
2227 2536 2509 2607 suscepit,
2540 2536 3002 2609 hominibusque
3025 2540 3316 2609 apparuit,
3345 2546 3413 2595 ut
3441 2558 3549 2597 nos
3579 2559 3616 2598 δ,

1962 2626 2113 2681 falso
2143 2625 2470 2681 multorum
2501 2625 2750 2681 deorum
2772 2627 2937 2682 cultu
2958 2631 3477 2700 revocaret.Atque
3508 2631 3612 2686 ad-

1964 2714 2675 2770 mirandaincarnationis
2700 2732 2822 2769 suae
2852 2715 3296 2787 dispensatione
3327 2719 3614 2789 perfunc-

1964 2808 2059 2858 tus
2073 2808 2325 2858 mortem
2340 2807 2569 2874 sponte,
2604 2803 3023 2875 atqueingenti
3054 2804 3313 2874 quodam
3339 2806 3612 2873 consilio,

1965 2909 2071 2965 per
2083 2908 2320 2947 crucem
2335 2891 2679 2964 degustavit.
2687 2892 2900 2947 Triduo
2914 2898 3114 2948 autem
3126 2896 3613 2966 postresurrexit,

1967 2987 2142 3053 atque
2160 2982 2222 3036 in
2240 2980 2419 3037 caelos
2438 2980 2835 3053 ascendit.Cuj
2845 2998 2915 3036 us
2931 2983 3262 3053 prmsentiaa
3275 2983 3524 3055 gloriam
3545 3002 3617 3042 ex

1968 3070 2289 3142 Scriptura,
2310 3087 2439 3141 quae
2467 3069 2623 3141 apud
2645 3087 2745 3125 eos
2766 3071 3116 3143 Evangelica
3134 3077 3392 3140 vocatur,
3417 3073 3465 3127 si
3480 3090 3613 3129 eam

1969 3160 2241 3234 legerein
2264 3161 2531 3215 animum
2553 3160 3219 3232 induxeris,perspicere
3240 3161 3398 3231 licet,
3426 3180 3458 3218 o
3488 3180 3613 3222 rex.

201 3214 221 3218 -
290 3214 317 3217 -ν
384 3214 427 3232 .-
708 3214 751 3216 κ-
853 3214 947 3236 ,ρ
999 3214 1019 3215 ρ
1072 3214 1086 3230 ι
1152 3214 1201 3235 Γν
1383 3214 1397 3231 ι
1606 3214 1855 3237 τηιν-

197 3214 377 3313 Οὲτός
409 3247 617 3305 δώδεκα
647 3244 783 3326 ἴσχε
837 3249 1105 3323 μαθητὰς,
1165 3250 1239 3321 οἳ,
1274 3251 1409 3323 μετὰ
1454 3252 1554 3321 τήν
1608 3248 1660 3306 έν
1694 3250 1858 3327 οὖρα-

1970 3214 2409 3306 amatam
2432 3249 2756 3321 discipulos
2785 3214 3143 3321 habuit,lqui
3174 3256 3309 3322 post
3338 3214 3523 3323 ipsius
3554 3253 3617 3308 in

197 3346 323 3403 νοῖς
372 3336 567 3396 ἄνοδον
626 3337 817 3409 αὐτοῦ,
871 3336 1100 3409 έξῆλθον
1150 3336 1225 3401 εἷς
1284 3337 1382 3401 τὰς
1440 3337 1709 3415 ἐπαρχίας
1760 3346 1862 3410 τῆς

199 3429 561 3501 οἰκουμένης,
592 3426 682 3483 καί
710 3424 958 3497 ἐδίδαξαν
1016 3427 1115 3495 τήν
1177 3424 1382 3482 ἐκείνου
1444 3428 1861 3505 μεγαλωσύνηνο

198 3519 451 3593 καθάπερ
481 3520 557 3579 εἷς
606 3515 657 3587 ἐξ
710 3514 884 3571 αὐτῶν
942 3514 1040 3580 τὰς
1092 3516 1212 3570 καθ’
1241 3518 1388 3589 ἡμᾶς
1446 3516 1715 3593 περιῆλθε
1743 3518 1863 3593 χώ-

206 3629 356 3685 ρας,
403 3607 466 3661 τὸ
513 3604 690 3682 δόγμα
745 3604 1031 3681 κηρύττων
1086 3605 1183 3677 τῆς
1244 3603 1528 3677 ἀληθείας.
1582 3607 1742 3671 ’Όθεν
1812 3607 1865 3662 οἱ

205 3698 377 3755 εἰσέτι
438 3694 811 3758 διακονοῦντες
869 3698 938 3769 τῇ
999 3692 1314 3769 δικαιοσύνῃ
1364 3698 1461 3750 τοῦ
1513 3695 1865 3772 κηρύγματος

207 3787 417 3853 αὐτῶν,
474 3784 768 3841 καλοῦνται
826 3783 1144 3859 Χριστιανοί
1179 3829 1191 3842 .
1250 3784 1356 3840 Καὶ
1413 3781 1563 3839 οὗτοί
1621 3784 1753 3840 εἰσιν
1813 3785 1867 3840 οἱ

210 3878 353 3953 ὑπὲρ
380 3877 555 3932 πάντα
581 3875 649 3931 τὰ
676 3872 801 3947 ἔθνη
845 3880 948 3944 τῆς
976 3880 1078 3951 γῆς
1138 3873 1381 3950 εὑρόντες
1427 3876 1526 3945 τήν
1582 3874 1870 3945 ἀλήθειαν·

207 3967 543 4045 γινώσκουσι
584 3964 687 4041 γάρ
744 3965 835 4021 τὸν
896 3963 1048 4033 Θεὸν,
1105 3964 1327 4034 κτίστην
1386 3963 1477 4019 καὶ
1533 3961 1869 4041 δημιουργὸν

203 4062 323 4113 τῶν
369 4059 616 4111 ἁπάντων
675 4053 727 4110 έν
786 4055 897 4126 Υἱῷ
931 4058 1206 4129 μονογενεῖ
1234 4053 1324 4108 καὶ
1377 4052 1653 4127 Πνεύματι
1710 4054 1866 4131 ἁγίῳ,

204 4145 307 4201 καὶ
336 4143 508 4201 ἄλλον
538 4143 656 4207 θεὸν
689 4141 836 4212 πλὴν
881 4143 1079 4198 τούτου
1109 4142 1174 4197 οὐ
1207 4137 1477 4199 σέϐονται.
1510 4145 1741 4219 Ἔχουσι
1769 4146 1867 4208 τὰς

205 4233 439 4298 ἐντολὰς
491 4232 777 4289 αὐτοῦτοῦ
836 4230 1042 4306 Κυρίου
1101 4232 1285 4302 Ἰησοῦ
1339 4234 1575 4308 Χριστοῦ
1635 4232 1686 4287 έν
1745 4238 1867 4297 ταῖς

201 4321 460 4401 καρδίαις
540 4322 953 4398 κεχαραγμένας
990 4364 1004 4391 ,
1076 4319 1164 4375 καὶ
1234 4324 1431 4384 ταῦτας
1490 4320 1867 4399 φυλάττουσι,

202 4411 623 4491 προσδοκῶντες
666 4412 950 4466 ἀνάστασιν
1007 4413 1212 4484 νεκρῶν
1240 4409 1333 4464 καὶ
1386 4411 1530 4480 ζωὴν
1571 4415 1667 4465 τοῦ
1727 4411 1870 4483 μέλε

206 4504 408 4565 λοντος
439 4501 657 4564 αἰῶνος,
721 4500 793 4555 Οὐ
827 4497 1208 4575 μοιχεύουσιν,
1266 4498 1328 4554 οὐ
1387 4496 1771 4577 πορνεῦουφιν,
1806 4499 1869 4555 οὐ

206 4590 378 4668 ψευδο
387 4595 748 4667 μαρτυροῦσιν
786 4635 801 4659 ,

205 4688 415 4757 τιμῶσι
475 4681 680 4756 πατέρα
735 4677 825 4734 καὶ
888 4677 1119 4753 μητέρα,
1179 4679 1268 4733 καὶ
1327 4676 1457 4741 τοὺς
1511 4676 1751 4748 πλησίον
1781 4701 1869 4757 φι-

1973 3340 2187 3397 caalum
2202 3356 2516 3395 ascensum
2534 3339 2597 3394 in
2609 3339 2767 3394 orbis
2782 3344 2953 3394 terrae
2967 3340 3298 3411 provincias
3321 3341 3614 3413 exierunt,

1977 3430 2284 3501 ipsiusque
2311 3433 2623 3501 angustam
2646 3428 3102 3500 amplitudinem
3123 3430 3616 3503 promulgarunt:

1974 3518 2477 3590 quemadmodum
2491 3519 2669 3573 etiam
2682 3535 2838 3574 unus
2857 3534 2927 3574 ex
2939 3518 3084 3591 ipsis
3101 3520 3371 3592 regiones
3385 3527 3619 3578 nostras

1972 3605 2320 3678 peragravit,
2344 3610 2411 3660 ut
2432 3606 2700 3661 veritatis
2722 3606 2996 3678 dogmata
3013 3606 3365 3678 prmdicaret
3393 3610 3619 3681 (Supra,

1974 3712 2022 3750 ο.
2048 3697 2100 3767 1)
2126 3713 2139 3763 ;
2171 3695 2332 3751 unde
2364 3694 2691 3751 etiamnum
2718 3695 2760 3750 ii
2791 3696 2893 3766 qui
2942 3696 3385 3767 praedicationis
3414 3714 3621 3755 eorum

1966 3783 2217 3856 justitiee
2239 3782 2651 3839 administram
2672 3798 2913 3855 operam
2935 3789 3172 3850 navant,
3187 3784 3505 3841 Christiani
3519 3803 3624 3858 ap-

1975 3872 2297 3945 pellantur.
2325 3874 2516 3943 Atque
2533 3872 2593 3926 hi
2614 3877 2753 3927 sunt
2772 3872 2874 3943 qui
2892 3874 3200 3928 veritatem
3220 3891 3400 3945 supra
3416 3892 3624 3932 omnes

1976 3968 2149 4018 terrae
2180 3961 2453 4017 nationes
2485 3960 2859 4016 invenerunt.
2888 3960 3192 4032 Siquidem
3216 3963 3403 4018 Deum
3424 3980 3624 4019 rerum

1978 4051 2242 4107 omnium
2268 4049 2638 4106 conditorem
2661 4055 2837 4120 atque
2853 4050 3242 4105 architectum
3261 4051 3322 4105 in
3335 4053 3482 4107 Filio
3496 4053 3628 4108 uni-

1976 4140 2173 4213 genito
2196 4145 2255 4195 et
2271 4139 2491 4211 Spiritu
2509 4144 2711 4194 sancto
2734 4144 3085 4210 agnoscunt,
3108 4155 3218 4193 nec
3240 4145 3456 4210 praeter
3486 4157 3624 4195 eum

1976 4230 2170 4286 ullum
2199 4229 2383 4284 alium
2416 4230 2601 4283 Deum
2632 4233 3005 4283 venerantur.
3028 4228 3257 4283 Habent
3276 4234 3475 4283 autem
3506 4230 3626 4285 Do-

1978 4320 2127 4377 mini
2156 4323 2292 4376 Jesu
2323 4319 2538 4375 Christi
2570 4319 2851 4374 mandata
2894 4318 3169 4373 cordibus
3228 4320 3351 4374 suis
3388 4320 3624 4375 inscul-

1978 4417 2099 4483 pta,
2133 4426 2319 4480 eaque
2344 4408 2708 4477 custodiunt,
2732 4412 3099 4463 mortuorum
3128 4409 3627 4466 resurrectionem

1980 4514 2047 4554 ac
2076 4497 2260 4553 futuri
2292 4495 2493 4551 seaculi
2521 4495 2699 4551 vitam
2725 4498 3305 4567 exspectantes.Nam
3326 4497 3627 4566 adulterii,

886 4590 991 4645 οὐκ
1046 4587 1366 4663 ἐπιθυμοῦσι
1425 4588 1493 4644 τὰ
1558 4588 1858 4665 ιΞιλλότρίαιε

1978 4605 2101 4644 non
2131 4586 2545 4642 fornicationis
2577 4584 2826 4641 crimine
2850 4602 2979 4640 sese
3009 4585 3498 4656 devinciunt,non
3511 4586 3625 4641 fal-

1981 4693 2113 4733 sum
2136 4675 2544 4731 testimonium
2566 4674 2790 4745 dicunt,
2811 4675 3008 4730 aliena
3027 4691 3149 4731 non
3171 4675 3623 4747 concupiscunt,

210 4775 396 4844 Αοῦσι,
429 4767 611 4826 δίκαια
652 4767 952 4844 κρίνουσιν,
1003 4766 1101 4822 ὅσα
1150 4764 1212 4820 οὐ
1259 4763 1509 4830 θέλουσιν
1570 4766 1755 4829 αὐτοῖς
1785 4767 1858 4843 γί-

1978 4767 2132 4839 patri
2163 4771 2223 4822 et
2243 4765 2418 4821 matri
2435 4765 2722 4820 honorem
2754 4764 3042 4832 tribuunt,
3073 4765 3374 4837 proximos
3395 4771 3623 4835 amant,

207 4862 393 4916 νεσθαι
452 4859 617 4935 ἑτέρῳ
680 4856 741 4913 οὐ
793 4858 1062 4927 ποιοῦσι’,
1109 4854 1240 4917 τοὺς
1296 4851 1614 4917 αδικοῦντας
1672 4855 1868 4920 αὐτοὺς

208 4946 590 5022 παρακαλοῦσι
621 4944 711 5001 καὶ
739 4943 1065 5022 προσφιλεῖς
1110 4941 1304 5005 αὐτοὺς
1352 4943 1565 5007 έαυτοῖς
1624 4948 1871 5017 ποιοῦσι,

208 5038 339 5100 τοὺς
398 5035 629 5112 ἐχθροὺς
681 5035 980 5112 εὐεργετεῖν
1044 5028 1458 5102 σπουδάζουσι,
1517 5039 1707 5109 πραεῖς
1764 5034 1869 5091 εἶσι

208 5128 301 5182 καὶ
332 5126 609 5195 ἐπιεικεῖς,
651 5126 757 5179 ἀπὸ
808 5125 988 5193 πάσης
1046 5120 1329 5184 συνουσίας
1360 5120 1569 5198 ἀνόμου
1625 5122 1716 5178 καὶ
1763 5125 1869 5179 ἀπὸ

211 5236 392 5287 πασης
446 5216 602 5273 254
658 5210 982 5286 ἀκαθαρσίας
1039 5209 1474 5287 ἐγκρατεύονται,
1526 5211 1706 5286 χήραν
1763 5209 1870 5289 οὐχ

212 5308 575 5383 ὖπερορῶσιν,
625 5303 857 5383 ὀρφανόν
918 5302 980 5359 οὒ
1039 5301 1323 5359 λυποῦσιν·
1379 5303 1409 5358 ὁ
1449 5299 1595 5378 ἔχων
1647 5307 1727 5375 τῷ
1790 5305 1867 5377 μὴ

213 5394 399 5473 ἔχοντι
448 5394 697 5472 ἀφθόνως
753 5394 1102 5469 έπιχορηγεῖ⁹
1161 5392 1308 5464 ξένον
1364 5391 1455 5447 ἐὰν
1521 5388 1732 5460 ἴδωσιν,
1767 5392 1869 5450 ὑπὸ

282 5635 397 5779 γεογ
420 5633 575 5692 Psal.
609 5648 809 5703 οων,
835 5634 921 5688 12.

306 5710 368 5763 81
426 5707 510 5764 Cf.
541 5724 600 5779 p.
634 5706 725 5775 55,
746 5721 809 5761 n.
842 5704 909 5761 16

306 5704 397 5781 81)
426 5707 510 5764 Cf.
541 5724 600 5791 p.
634 5706 725 5775 55,
746 5721 809 5761 n.
842 5704 935 5766 16.
984 5778 991 5787 ⁸

1972 4858 2204 4930 justum
2217 4855 2515 4928 judicium
2535 4854 2736 4909 ferunt
2759 4872 2774 4921 ;
2797 4871 2929 4925 quae
2955 4854 3062 4908 sibi
3078 4854 3222 4925 ipsis
3237 4854 3365 4909 ﬁeri
3388 4854 3624 4924 nolunt,

1979 4947 2114 5004 aliis
2136 4962 2256 5002 non
2280 4944 2542 5009 faciunt;
2567 4960 2665 4999 eos
2679 4960 2713 4998 a
2734 4943 2948 5014 quibus
2968 4942 3268 4998 laeduntur
3287 4943 3623 5012 obsecrant,

1980 5054 2047 5094 ac
2069 5034 2181 5093 sibi
2203 5050 2409 5090 eorum
2421 5032 2745 5089 amicitiam
2758 5032 3385 5088 conciliant.lnimicos
3399 5033 3631 5089 beneﬁ-

1979 5125 2088 5183 ciis
2118 5123 2355 5179 afﬁcere
2390 5120 2650 5185 student,
2681 5121 2848 5176 lenes
2881 5126 2939 5175 et
2965 5120 3171 5177 faciles
3222 5138 3284 5177 se
3333 5122 3626 5193 praabent,

1978 5216 2050 5272 ab
2075 5212 2236 5269 omni
2260 5212 2466 5282 iniquo
2491 5210 2809 5265 concubitu
2821 5216 2997 5281 atque
3011 5210 3083 5266 ab
3106 5211 3626 5283 omniimpuritate

1977 5300 2539 5369 abstinent,viduam
2570 5316 2691 5354 non
2717 5300 3393 5373 contemnunti,pupillo
3410 5318 3627 5358 maero-

1978 5410 2104 5451 rem
2131 5408 2251 5446 non
2282 5389 2568 5460 inferunt,
2602 5390 2702 5461 qui
2734 5388 2915 5444 habet
2943 5405 3063 5444 non
3112 5389 3354 5445 habenti
3398 5392 3627 5465 prolixe
