4030 6202
458 356 603 417 1123

460 477 1285 549 σιιὺωίιιίειιιοι.Ροι·θαιιίιιιιιιι
1315 476 1364 534 si
1396 477 1671 547 viderint,
1694 480 1847 535 tecto
1877 476 2101 536 admit-

456 578 605 641 tant,
638 571 885 643 ejusque
916 585 1039 625 non
1070 585 1239 625 secus
1270 584 1337 624 ac
1366 569 1485 624 veri
1518 574 1575 624 et
1603 569 1871 641 germani
1902 569 2107 625 fratris

459 664 711 720 adventu
734 660 1124 716 delectantur.
1149 662 1275 714 Non
1298 659 1457 714 enim
1479 660 1805 726 carnis,sed
1818 660 2003 716 animi
2020 676 2110 716 ra-

455 754 616 809 tione
638 751 850 807 fratres
881 766 943 805 se
965 753 1193 817 vocant,
1222 749 1414 804 Vitam
1464 765 1632 804 suam
1678 750 1894 805 Christi
1928 767 2109 805 causa

455 838 816 913 profundere
840 837 1028 908 parati
1050 841 1221 891 sunt:
1244 853 1385 892 nam
1410 837 1596 908 ipsius
1617 844 1915 910 prmcepta
1936 839 2105 894 firme

457 930 1001 994 observant,sancte
1014 925 1289 981 videlicet
1309 942 1377 981 ac
1394 927 1576 999 juste,
1599 927 2106 998 quemadmodum

457 1019 744 1075 Dominus
769 1018 923 1071 Deus
946 1015 1718 1087 ipsisimperavit,viventes:
1748 1018 1966 1090 gratias
1992 1018 2107 1090 ipsi

459 1108 623 1164 omni
644 1108 792 1163 hora
811 1106 872 1161 in
918 1105 1080 1161 omni
1113 1105 1244 1161 cibo
1276 1111 1335 1161 et
1362 1112 1524 1179 potu,
1558 1123 1625 1163 ac
1657 1108 1905 1179 reliquis
1935 1107 2108 1164 bonis

456 1203 699 1271 agentes
719 1196 937 1269 (Ephcs.
965 1196 1041 1267 ν).
1064 1197 1206 1251 Vere
1256 1196 1416 1251 enim
1439 1197 1563 1252 hanc
1584 1196 1846 1252 veritatis
1875 1197 1967 1252 via
1995 1204 2106 1265 est,

457 1304 588 1358 quae
607 1286 849 1358 quidem
872 1302 972 1341 eos
993 1284 1094 1356 qui
1118 1302 1246 1341 eam
1270 1285 1784 1358 ingrediuntur,ad
1804 1287 2109 1357 sempiter~

456 1393 602 1433 num
632 1392 904 1450 regnum,
939 1374 1097 1445 quad
1128 1392 1161 1431 a
1191 1374 1421 1430 Christo
1471 1375 1535 1430 in
1581 1374 1781 1431 futura
1826 1376 1943 1431 vita
1971 1392 2110 1449 pro-

460 1468 715 1523 missum
747 1471 854 1532 est,
890 1470 1173 1535 tanquam
1195 1469 1467 1536 porrecta
1496 1481 1679 1521 manu
1711 1465 1891 1521 ducit.

528 1558 720 1626 Atque
752 1558 817 1609 ut
847 1553 1168 1625 intelligas,
1202 1570 1235 1608 o
1266 1570 1389 1621 rex,
1430 1571 1525 1609 me
1574 1555 1700 1610 haec
1746 1572 1818 1610 ex
1865 1555 2108 1610 cerebro

459 1661 592 1701 meo
632 1644 881 1699 minime
914 1644 1157 1715 ﬁngere,
1183 1644 1231 1698 si
1252 1643 1328 1698 ad
1351 1644 1824 1700 Christianorum
1846 1645 2109 1716 Scriptu-

454 1751 556 1790 ras
586 1733 791 1790 oculos
821 1732 1133 1803 adjeceris,
1168 1748 1263 1787 me
1296 1732 1448 1787 nihil
1477 1749 1512 1788 a
1550 1733 1793 1789 veritate
1842 1733 2107 1790 alienum

454 1823 619 1895 loqui
641 1823 1120 1895 reperies.Quare
1142 1821 1426 1893 praeclare
1451 1822 1609 1877 filius
1633 1827 1768 1878 tuus
1789 1823 2104 1893 intellexit,

457 1915 802 1987 optimoque
818 1914 957 1987 jure
971 1916 1089 1969 Deo
1108 1913 1233 1969 vivo
1252 1913 1479 1969 cultum
1503 1912 1785 1970 adbibere
1807 1914 2109 1982 didicit,ut

457 2005 519 2061 in
542 2006 740 2061 futuro
763 2021 883 2059 ωνο
909 2004 1162 2059 salutem
1181 2003 1677 2075 obtineat.Magna
1690 2005 1911 2060 etenim
1933 2010 2111 2077 atque

457 2094 811 2152 admiranda
832 2100 970 2149 sunt
990 2110 1121 2166 quas
1135 2110 1170 2149 a
1190 2093 1542 2149 Christianis
1554 2098 1681 2148 tum
1697 2093 2112 2150 dicunturtum

453 2189 763 2259 geruntur.
798 2186 999 2255 Neque
1050 2183 1211 2238 enim
1237 2183 1573 2251 hominum,
1630 2182 1736 2238 sed
1785 2184 1890 2239 Dei
1936 2184 2115 2240 verba

453 2272 1173 2347 proloquuntur,reliquaa
1189 2277 1388 2328 autem
1403 2272 1679 2327 nationes
1690 2278 1988 2340 errant,ac
1999 2274 2113 2328 sibi

458 2363 606 2436 ipsis
627 2362 1020 2435 imposturam
1042 2361 1591 2433 faciunt,siquidem
1615 2362 1675 2417 in
1704 2363 1965 2419 tenebris
1990 2380 2111 2419 am-

462 2451 1070 2521 bulantes,ebriorum
1098 2452 1286 2507 instar
1302 2451 1364 2506 in
1381 2452 1608 2523 seipsos
1624 2453 1982 2525 impingunt.
2006 2456 2114 2509 At-

464 2560 577 2614 que
592 2542 691 2598 hic
705 2543 842 2608 sit,o
858 2556 1140 2609 rex,meaa
1156 2542 1229 2597 ad
1245 2546 1301 2595 te
1315 2542 1601 2597 orationis
1615 2542 1771 2609 fluis,
1789 2560 1967 2614 quam
1981 2543 2116 2615 qui-

461 2634 598 2689 dem
621 2632 836 2687 veritas
862 2632 921 2686 in
945 2636 1144 2686 mente
1168 2647 1299 2686 mea
1320 2630 1579 2686 dictavit.
1615 2632 2114 2705 Desinantitaque

457 2721 757 2777 vaecordes
790 2721 872 2775 tui
903 2720 1203 2792 sapientes
1233 2719 1514 2775 adversus
1535 2721 1849 2776 Dominum
1881 2723 2111 2795 nugari.

462 2812 605 2866 Nam
627 2810 789 2866 vobis
821 2812 1007 2865 Deum
1040 2814 1371 2864 oreatorem
1401 2811 1689 2877 venerari,
1721 2816 1897 2882 atque
1926 2812 2114 2883 ipsius

459 2899 653 2955 verbis
675 2899 747 2955 ab
772 2900 1015 2955 interitu
1029 2899 1241 2955 alienis
1258 2914 1462 2954 aurem
1481 2901 1931 2957 accommodare
1944 2918 2116 2974 expe-

458 2988 640 3057 dit,ut
668 2988 1233 3045 condemnationem
1264 3005 1332 3044 ac
1354 2988 1711 3059 supplicium
1742 2991 2112 3064 effugientes,

454 3076 638 3134 vitam
670 3078 947 3134 interitus
980 3082 1279 3150 expertem
1318 3077 1694 3133 hmreditario
1725 3079 2101 3151 possideatis.

528 3168 663 3225 CAP.
695 3166 937 3226 XXVIII.
983 3198 1052 3209 —
1109 3169 1242 3223 Ηωο
1299 3170 1685 3239 posteaquam
1745 3185 1781 3224 a
1837 3170 2104 3226 Nachore

459 3264 925 3316 commemorata
946 3262 1213 3326 sunt,rex
1234 3256 1541 3313 iracundia
1560 3258 1849 3314 aestuabat
1870 3278 1883 3327 ;
1901 3260 2103 3315 rheto-

455 3367 556 3405 res
577 3353 775 3405 autem
799 3349 985 3421 ipsius
1011 3354 1069 3404 et
1089 3347 1425 3405 sacerdotes
1448 3347 1597 3403 muti
1618 3348 1872 3417 stabant,
1908 3355 1973 3403 ut
2002 3350 2104 3421 qui

459 3440 611 3496 nihil
636 3444 864 3508 contra,
895 3443 1112 3511 praeter
1143 3439 1413 3494 infirmos
1462 3437 1751 3509 quosdam
1784 3455 1853 3495 ac
1877 3439 2105 3495 nullius

458 3531 747 3588 momenti
772 3528 1421 3599 sermunculos,aﬂ‘erre
1433 3530 1777 3600 possent.At
1795 3544 1931 3584 vero
1948 3530 2105 3602 regis

458 3620 621 3676 filius
643 3620 855 3690 spiritu
868 3618 1407 3690 exsultabat,ath
1420 3618 1594 3672 hilari
1608 3618 1771 3673 vultu
1786 3619 2106 3674 Dominum

460 3707 930 3779 celebrabat,qui
952 3708 1024 3763 iis
1043 3724 1293 3780 quorum
1318 3707 1534 3763 fiducia
1558 3708 1618 3763 in
1643 3708 1770 3780 ipso
1785 3708 1977 3780 posita
1998 3714 2106 3777 est,

461 3798 524 3854 in
546 3797 725 3853 rebus
744 3796 1041 3869 perplexis
1060 3802 1118 3853 et
1146 3796 1448 3868 impeditis
1478 3798 1703 3853 exitum
1734 3797 1852 3867 dat,
1886 3798 2107 3871 quique

463 3887 641 3944 etiam
663 3886 1089 3959 perinimicum
1120 3890 1178 3942 et
1205 3887 1436 3942 hostem
1467 3888 1774 3943 veritatem
1794 3888 2110 3944 confirma-

458 3978 579 4046 bat,
611 3975 1023 4047 efﬁciebatque
1054 3981 1121 4031 ut
1175 3981 1234 4031 et
1264 3976 1363 4047 qui
1404 3976 1620 4032 erroris
1677 3977 2105 4050 antesignanus

460 4072 605 4135 erat,
640 4073 817 4125 rectas
849 4067 1134 4125 doctrinas
1160 4072 1472 4140 patronum
1507 4085 1568 4124 se
1599 4068 1913 4141 praeberet.

532 4162 652 4219 Rex
676 4176 873 4232 porro,
908 4158 1174 4231 quamvis
1192 4157 1412 4230 alioqui
1444 4160 1693 4214 Nachori
1725 4160 2109 4215 vehementer

461 4249 1016 4321 irasceretur,nullo
1048 4254 1245 4306 tamen
1278 4266 1413 4306 eum
1443 4250 1598 4305 malo
1623 4249 1859 4305 afﬁcere
1890 4251 2102 4322 potuit,

461 4346 777 4415 propterea
800 4340 959 4412 quod
980 4340 1105 4413 lege
1137 4356 1336 4396 coram
1362 4340 1640 4395 omnibus
1671 4344 1807 4395 ante
1838 4339 2109 4412 promul-

464 4432 675 4505 gata,ei
699 4448 805 4503 pro
829 4430 1181 4486 Christianis
1204 4429 1388 4484 libere
1408 4430 1581 4485 verba
1596 4429 1790 4486 facere
1812 4430 2113 4502 permisis-

466 4522 872 4577 set.Caaterum
893 4521 1018 4593 ipse
1040 4537 1304 4593 persaepe
1337 4520 1709 4575 sermonibus
1730 4520 1918 4591 ipsius
1938 4519 2110 4575 oblu-

465 4617 655 4680 ctans,
688 4628 825 4668 eum
857 4628 963 4683 per
988 4611 1153 4683 signa
1176 4609 1447 4682 quaedam
1478 4609 1926 4677 admonebat,ut
1945 4610 2111 4665 illam

460 4701 765 4776 pugnandi
796 4701 1185 4757 acrimoniam
1215 4699 1567 4761 remitteret,
1600 4704 1775 4771 atque
1806 4700 2113 4755 rhetorum

463 4790 851 4864 disputationi
884 4806 1097 4846 manus
1110 4788 1375 4845 daret.At
1395 4787 1497 4843 ille
1522 4788 1929 4844 vehementius
1947 4789 2113 4846 inva-

460 4881 963 4949 lescebat,omnes
986 4880 1249 4953 ipsorum
1269 4877 1707 4952 propositiones
1739 4882 1914 4950 atque
1938 4896 2113 4953 argu-

463 4976 667 5029 menta
677 4970 962 5039 refutans,
972 4970 1451 5041 errorisque,quo
1465 4965 2114 5036 tenebantur,fraudem

469 5080 536 5120 ac
550 5061 849 5120 fallaciam
873 5060 1322 5131 detegens.Cum
1344 5062 1542 5114 autem
1560 5073 1712 5129 pene
1724 5057 1798 5113 ad
1810 5075 2115 5131 vesperam

467 5169 658 5224 usque
688 5151 1008 5225 disputatio
1042 5149 1329 5223 producta
1356 5149 1587 5215 fuisset,
1633 5163 1736 5204 rex
1766 5148 2115 5206 concionem

469 5241 616 5297 solvi
641 5240 843 5313 jussit,
876 5247 1163 5313 tanquam
1193 5239 1421 5296 scilicet
1456 5237 1744 5311 postridie
1775 5255 2011 5295 rursum
2045 5240 2116 5296 de

468 5329 582 5388 hac
613 5345 675 5384 re
702 5330 905 5403 agitari
939 5330 1135 5387 vellet.

542 5438 726 5495 Filius
741 5446 937 5496 autem
952 5458 1148 5515 regem
1172 5440 1253 5497 ita
1277 5444 1366 5496 est
1387 5438 1712 5496 allocutus:
1741 5440 1811 5494 Ut
1832 5438 2121 5513 primoju-

471 5534 560 5589 ste
574 5528 761 5587 omnia
773 5530 1195 5602 gerijussisti,o
1210 5528 1674 5601 rex,itajustitiaa
1690 5546 1925 5601 quoque
1940 5532 2119 5587 finem

473 5618 997 5696 impone,duorum
1019 5619 1271 5677 alterum
1288 5619 1757 5692 faciens,nempe
1788 5624 1854 5676 ut
1882 5621 1971 5676 vel
2001 5639 2124 5680 ma-

474 5715 728 5793 gistrum
746 5725 949 5774 meum
969 5710 1081 5770 hac
1100 5715 1274 5769 nocte
1285 5726 1521 5770 mecum
1534 5726 1776 5771 manere
1793 5710 2122 5787 permittas,

1979 354 2349 417 ADDENDA.

3678 369 3785 429 ιω

2132 479 2408 557 Αστέγην
2455 478 2750 561 εἰσάγουσι,
2806 487 2894 542 καὶ
2950 486 3238 564 χαίρουσιν
3295 483 3380 543 ἐπ’
3435 486 3568 562 αὐτῷ
3618 491 3682 554 ὠς
3721 491 3789 549 ἐπὶ

2216 568 2436 650 ἀδελφῷ
2468 573 2733 649 ἄληθινῷ·
2770 576 2834 632 οὐ
2863 576 2964 654 γάρ
3015 578 3153 634 κατὰ
3199 579 3368 654 σάρκα
3413 576 3655 655 ἀδελφοὺς
3691 582 3789 639 ln-

2214 660 2342 726 τοὺς
2399 669 2681 736 καλοῦσιν,
2740 664 2886 723 ἀλλᾶ
2943 668 3079 724 κατᾶ
3134 672 3367 743 πνεῦμα.
3417 669 3648 743 Ἐτοιμοί
3687 671 3786 727 εἰσιν

2218 749 2348 826 ὑπὲρ
2405 754 2643 827 Χριστοῦ
2696 754 2791 818 τὰς
2848 757 3029 832 ψυχὰς
3089 757 3264 813 αὐτῶν
3326 754 3594 833 προέσθαιο
3641 760 3697 815 τά
3716 762 3790 839 γὶρ

2214 840 2605 918 προστάγματα
2669 844 2838 901 αὐτοῦ
2904 844 3160 910 άσωαλῶς
3211 846 3600 925 φυλάττουσιν,
3668 849 3793 912 ὁσίως

2215 929 2304 986 καὶ
2361 928 2587 996 δικαίως
2644 938 2874 1007 ζῶντες,
2933 936 3116 1000 καθὼς
3174 935 3371 1009 Κύριος
3420 936 3447 991 6
3494 937 3611 999 Θεὸς
3656 938 3794 1002 αὐτοῖς

2216 1022 2562 1096 προσέταξεν,
2624 1023 3075 1100 εὐχαριστοῢντες
3124 1027 3275 1100 αὐτῷ
3313 1027 3447 1081 κατᾶ
3499 1032 3654 1081 πᾶσαν
3689 1029 3795 1103 ὥραν

2217 1108 2268 1165 ἐν
2299 1114 2459 1165 παντί
2490 1113 2742 1187 βρώματι
2773 1113 2863 1169 καὶ
2915 1119 3072 1188 ποτῷ
3107 1114 3197 1171 καὶ
3225 1120 3351 1179 τοῖς
3376 1113 3583 1177 λοιποῖς
3608 1114 3795 1191 ἀγαθοῖς.

2216 1202 2429 1268 Ὄντως
2484 1203 2576 1259 οὗν
2636 1202 2772 1276 αὕτη
2832 1205 2977 1262 ἐστὶν
3017 1208 3052 1276 ἠ
3089 1204 3218 1268 ὁδὸς
3272 1212 3376 1276 τῆς
3426 1205 3797 1277 ἀληθείας,ἧτις

2214 1294 2342 1358 τοὺς
2396 1292 2681 1362 ὁδεύοντας
2739 1297 2906 1369 αὐτὴν
2978 1300 3055 1362 εἷς
3109 1300 3212 1368 τὴν
3269 1298 3489 1354 αἵώνιον
3543 1307 3797 1375 χειραγογεῑ

2220 1384 2517 1463 βασιλείαν,
2576 1390 2680 1459 τὴν
2735 1387 3147 1467 ἐπηγγελμένην
3205 1390 3354 1468 παρᾶ
3409 1391 3626 1466 Χριστοῦ
3671 1389 3714 1445 έν
3747 1395 3795 1465 τῇ

2219 1474 2499 1551 μελλούσῃ
2531 1482 2668 1553 ζωῇ.

2286 1568 2391 1622 Καὶ
2420 1565 2510 1623 ’ίνα
2540 1573 2704 1644 γνῷς,
2741 1569 2988 1646 βασιλεῦ,
3017 1569 3100 1627 ὅτι
3149 1570 3250 1628 οὐκ
3294 1570 3389 1627 ἀπ’
3417 1569 3638 1645 ἐμαυτοῦ
3675 1575 3800 1626 ταῦτα

2215 1653 2364 1732 λέγω
2406 1662 2525 1720 ταῖς
2573 1664 2812 1737 Γραφαῖς
2872 1659 3108 1736 ἐγκύψας
3152 1665 3262 1717 τῶν
3310 1665 3647 1735 Χριστιανῶν,
3675 1661 3798 1734 εύριξς

2215 1765 2325 1809 σεις
2374 1744 2525 1803 οὐδὲν
2574 1744 2675 1821 ἔξω
2721 1756 2823 1819 τῆς
2874 1749 3137 1821 ἀληθείας
3188 1771 3257 1825 με
3294 1749 3492 1825 λέγειν.
3539 1748 3711 1812 Καλῶς
3733 1747 3797 1804 οὖν

2136 1846 2185 1910 Β
2216 1843 2441 1907 συνῆκεν
2474 1840 2507 1894 ά
2538 1839 2657 1901 υἱός
2687 1860 2804 1911 σου,
2856 1839 2946 1896 καὶ
3000 1839 3227 1903 δικαίως
3282 1837 3544 1915 ἐδιδάχθη
3576 1838 3795 1913 λατρεύειν

2220 1930 2379 1996 ζῶντι
2412 1932 2529 2001 Θεῷ
2553 1929 2639 1983 καὶ
2676 1930 2915 1999 σωθῆναι
2964 1928 3041 1991 εἷς
3086 1930 3178 1984 τὸν
3216 1926 3498 2003 μέλλοντα
3537 1927 3794 2003 ἐπέρχεσθαι

2216 2018 2407 2075 αἰῶνα.
2442 2018 2668 2096 Μεγάλα
2696 2021 2796 2095 γαρ
2844 2020 2935 2075 καὶ
2987 2020 3273 2095 θαυμαστᾶ
3308 2020 3376 2076 τὰ
3403 2019 3505 2076 ὐπὸ
3546 2024 3642 2076 τῶν
3688 2025 3797 2094 Χρι-

2218 2114 2445 2166 στιανῶν
2501 2110 2773 2188 λεγόμενα
2821 2114 2909 2168 καὶ
2963 2112 3336 2190 πραττόμενα’
3388 2111 3447 2168 οὗ
3493 2111 3587 2189 γὰρ
3636 2108 3794 2185 ἄνθρώ-

2218 2222 2333 2257 πων
2449 2222 2588 2275 ματα
2607 2200 2890 2274 λαλοῦσιν,
2924 2202 3071 2259 ἀλλὰ
3089 2204 3155 2259 τὰ
3180 2207 3281 2260 τοῦ
3315 2207 3468 2261 Θεοῦ.
3498 2204 3570 2259 Τὰ
3596 2200 3645 2257 δὶ
3668 2200 3796 2255 λοιπᾶ

2220 2288 2345 2363 ἔθνη
2400 2286 2738 2361 πόανῶνται,
2795 2292 2888 2348 καὶ
2945 2291 3228 2349 πλανῶσιν
3289 2290 3529 2355 ἑαυτοὺς·
3578 2288 3800 2352 ὁδεύοντες

2218 2382 2321 2458 γὰρ
2371 2381 2423 2437 ἐν
2483 2382 2659 2438 σκότει
2718 2384 3156 2458 προσρήσσονται
3191 2384 3408 2447 ἑαυτοῖς
3439 2383 3510 2445 ὡς
3553 2380 3795 2456 μεθύοντες.

2218 2473 2367 2533 Ἕως
2398 2468 2505 2525 ὧδε
2534 2471 2560 2526 6
2592 2472 2730 2545 πρὸς
2775 2471 2833 2526 σέ
2885 2492 2989 2545 μου
3030 2470 3220 2547 λόγος,
3258 2471 3501 2549 βασιλεῦ,
3544 2472 3569 2525 6
3600 2470 3687 2525 ὑπὸ
3724 2474 3797 2537 τῆς

2220 2561 2483 2633 ἀληθείας
2514 2560 2566 2615 ἐν
2619 2566 2699 2634 τῷ
2755 2560 2843 2616 νοΐ
2901 2582 3007 2636 μου
3069 2560 3479 2639 ὑπαγορευθείς.
3534 2560 3619 2615 Διὸ
3642 2560 3801 2613 παυσά-

2221 2664 2429 2717 σθωσαν
2464 2652 2516 2706 οἱ
2540 2650 2766 2724 ἀνόητοί
2818 2672 2913 2707 σου
2972 2651 3133 2730 σοφοὶ
3196 2654 3663 2726 ματαιολογοῦντες
3704 2646 3802 2702 κατᾶ

2218 2746 2316 2798 τοῦ
2357 2740 2581 2817 Κυρίου·
2642 2741 2904 2819 συμφέρει
2956 2743 3059 2819 γὰρ
3116 2741 3249 2817 ὑμῖν
3282 2740 3415 2798 Θεὸν
3451 2740 3648 2811 κτίστην
3689 2733 3799 2793 σέϐε-

2220 2834 2339 2887 σθαι
2400 2832 2551 2890 255
2610 2832 2700 2887 καὶ
2748 2832 2818 2887 τὰ
2873 2831 3115 2910 ἄρθαρτα
3170 2830 3341 2888 αὐτοῦ
3397 2827 3793 2904 ἐνωτίζεσθαιρή·

2224 2943 2385 2997 ματα,
2439 2920 2553 2993 ἵνα,
2615 2921 2790 2998 κρίσιν
2847 2920 3172 2998 ἐκφυγόντες
3229 2920 3323 2977 καὶ
3378 2919 3647 2999 τιμωρίαν,
3688 2922 3791 2989 ζωῆς

2220 3010 2528 3088 άνωΛέθρου
2560 3008 2865 3088 δειχθείητε
2892 3010 3267 3089 κληρονόμοι.

2133 3217 2179 3286 c
2225 3283 2242 3286 _
2499 3192 2627 3251 KII'.
2675 3194 2870 3286 Terina
2902 3192 2978 3286 ᾧ(
3030 3189 3384 3286 διεξῆλθεν-δ
3426 3190 3687 3286 ῌαχὼρῄ

2218 3280 2475 3358 βασιλεὺς
2506 3285 2586 3355 τῷ
2643 3286 2799 3355 θυμῷ
2845 3280 3171 3354 ἠλλοιοῦτοο
3226 3284 3281 3339 οἳ
3322 3281 3380 3339 δὶ
3428 3281 3637 3360 ῥήτορες
3673 3278 3789 3333 α’)τηῦ

2208 3370 2297 3426 καὶ
2344 3369 2613 3447 νεωκόροι
2663 3370 2873 3449 ἄφωνοι
2916 3368 3165 3441 ἵσταντο,
3231 3374 3311 3447 μὴ
3370 3370 3634 3444 δυνάμενοι
3684 3366 3788 3421 ἄντι-

2211 3462 2410 3539 λὲγειν,
2445 3460 2572 3519 ἀλλ’
2621 3461 2658 3532 ἢ
2717 3464 2889 3539 σαθρά
2938 3484 3059 3519 τινα
3114 3464 3203 3519 καὶ
3268 3460 3531 3536 ούδαμινα
3580 3454 3788 3535 λογίδριε.

2205 3553 2271 3611 Ὀ
2305 3550 2361 3608 δὶ
2388 3554 2485 3608 τοῦ
2521 3550 2794 3628 βασιλέως
2820 3553 2935 3615 υίὸς
2985 3549 3299 3629 ἠγαλλιᾶτο
3352 3557 3431 3625 τῷ
3458 3550 3706 3623 πνεύματι,
3729 3544 3788 3600 καὶ

2212 3640 2424 3721 φαιδρῷ
2479 3647 2558 3715 τῷ
2612 3643 2893 3717 προσώπῳ
2948 3640 3163 3714 ἐδόξαζε
3210 3644 3306 3699 τὸν
3365 3640 3593 3718 Κύριον,
3640 3636 3713 3694 τὸν
3754 3634 3789 3704 ti

2211 3733 2422 3809 ἀπύρου
2447 3733 2616 3810 πόρον
2651 3732 2869 3789 διδόντα
2907 3739 3023 3796 τοῖς
3074 3732 3398 3790 πεποιθόσιν
3451 3733 3529 3788 ἐπ’
3575 3726 3789 3800 αύτὸν,’ὀς

2211 3823 2300 3879 καὶ
2334 3821 2423 3878 διὰ
2450 3827 2549 3879 τυῦ
2581 3821 2855 3896 πολεμίου
2879 3824 2969 3879 καὶ
3002 3822 3206 3900 ἐχθροῦ
3258 3825 3358 3892 τὴν
3410 3821 3645 3892 ἀλήθειαν
3671 3815 3786 3889 ἐκρά-

2210 3931 2353 3969 τυνε*
2386 3913 2473 3968 καὶ
2500 3913 2528 3968 6
2558 3918 2656 3983 τῆς
2684 3910 2896 3985 πλάνης
2942 3911 3177 3992 ἔξαρχος
3229 3914 3523 3990 συνήγορος
3560 3911 3643 3965 τοῦ
3668 3907 3784 3983 ὀρθοῦ

2213 4001 2381 4081 λόγου
2414 4000 2707 4061 ἐδείκνυτο.

2282 4182 2343 4239 Ὀ
2378 4181 2565 4255 μέντοι
2606 4178 2881 4257 βασιλεὺς,
2922 4179 3115 4257 καίπερ
3163 4178 3356 4244 δεινῶς
3404 4176 3711 4256 ὀργιζόμενος
3729 4173 3785 4240 τῷ

2214 4271 2421 4346 Ναχὼρ
2454 4317 2470 4344 ,
2534 4267 2687 4325 οὖδὶν
2750 4272 2905 4345 ὅμως
2964 4270 3287 4349 ἐργάσασθαι
3342 4270 3500 4327 κακὸν
3555 4267 3620 4329 είς
3667 4262 3783 4319 αὑτὸν

2214 4358 2470 4431 ἠδύνατο,
2532 4357 2621 4415 διὰ
2675 4361 2737 4416 τὸ
2790 4359 3099 4437 προλεχοὶν
3160 4360 3245 4417 ἐπὶ
3302 4359 3509 4416 πάντων
3562 4358 3785 4426 θέσπισμα.

2215 4448 2386 4513 ἀδεῶς
2436 4449 2597 4505 αὐτὸν
2645 4447 2826 4526 λέγειν
2862 4451 2993 4528 ὑπὲρ
3031 4456 3139 4507 τῶν
3187 4455 3513 4526 Χριστιανῶν
3552 4440 3785 4522 προτρεπό-

2225 4560 2407 4614 μενον·
2440 4538 2629 4598 πολλᾶ
2674 4538 2731 4595 δὲ
2782 4538 2945 4606 αὐτὸς
3001 4540 3299 4619 ἀντιλέγων
3361 4538 3694 4613 ὑπεμίμνησκε
3737 4528 3787 4584 δι’

2221 4628 2554 4705 αἰνιγμάτων
2596 4626 2915 4687 ὑπενδοῢναι
2963 4638 3062 4702 τῆς
3097 4630 3392 4694 ἐνστάσεως
3431 4630 3513 4686 καὶ
3550 4626 3780 4698 ἡττηθῆνιι

2218 4722 2289 4793 τῇ
2321 4716 2552 4790 διαλέξει
2583 4719 2688 4774 τῶν
2724 4717 2993 4797 ῥητόρων.
3025 4720 3087 4778 Ὀ
3129 4717 3187 4775 δέ
3238 4718 3494 4794 μειζόνως
3536 4717 3777 4790 ὑπερισχυει

2224 4805 2463 4864 διαλύων
2502 4809 2675 4871 πάσας
2724 4808 2899 4865 αὐτῶν
2953 4810 3050 4872 τάς
3106 4813 3393 4886 προτάσεις
3442 4806 3523 4864 καὶ
3573 4800 3779 4875 συλλογι-

2224 4896 2415 4971 σμοὺς,
2454 4897 2543 4953 καὶ
2577 4896 2819 4976 ἐλέγχων
2867 4900 2929 4955 τὸ
2977 4898 3255 4971 ἀπατηλὸν
3304 4905 3404 4969 τῆς
3447 4895 3650 4965 πλάνης.
3677 4895 3778 4961 Σχε-

2225 4985 2315 5043 δὸν
2351 4983 2407 5043 δὶ
2435 4986 2633 5064 μέχρις
2689 4988 2917 5067 ἑσπέρας
2970 4989 3368 5065 παραταθείσης
3406 4994 3498 5059 τῆς
3538 4979 3773 5067 διαλίξεφςν

2226 5074 2501 5134 ἐκέλευσεν
2559 5078 2587 5132 ὁ
2643 5066 2900 5154 βασιλεὺς
2952 5075 3272 5151 διαλυθῆναι
3322 5078 3383 5134 τὸ
3441 5071 3690 5146 συνέδριον,
3721 5066 3773 5123 ὡς

2222 5172 2291 5244 τῇ
2325 5167 2552 5244 ἐπιούσῃ
2598 5168 2941 5246 βουλόμενος
2972 5171 3125 5237 αὖθις
3162 5170 3285 5247 περὶ
3338 5165 3520 5231 τούτου
3558 5155 3771 5234 Sunt?!-

2228 5260 2370 5317 σθαι.

2302 5451 2363 5508 Ὁ
2400 5446 2457 5505 δὲ
2487 5450 2602 5513 υίὸς
2641 5443 2741 5528 ἔφη
2771 5454 2851 5523 τῷ
2908 5448 3144 5527 βασιλεῖ’
3202 5453 3291 5515 Ὦς
3334 5451 3386 5507 ἐν
3448 5447 3575 5525 ἀρχῇ
3620 5435 3767 5528 δικαίαν

2234 5540 2519 5603 ἐκέλευσας
2570 5539 2745 5617 κρίσιν
2821 5542 3114 5617 γενέσθαι,
3168 5540 3440 5611 δέσποτα,
3509 5526 3765 5617 δικαιοσᾶνην

2230 5630 2319 5688 καὶ
2351 5633 2431 5717 τῷ
2457 5614 2617 5684 τέλει’
2637 5614 2981 5705 ἐπίθες,ξ,τῶν
3016 5614 3112 5687 δύο
3154 5627 3437 5717 ﬁnitque
3477 5614 3763 5717 magis?

2236 5717 2369 5797 έμὸν
2404 5716 2729 5778 διδάσκαλον
2761 5718 3051 5801 ἐπίτρεψον
3102 5726 3276 5802 μεῖναι
3308 5714 3420 5801 ματ)
3446 5718 3566 5796 ἐμοῦ
3586 5712 3640 5789 τῇ
3661 5712 3758 5763 νυκτὶ
