  <div class='ocr_page' id='page_1' title='image "/cluster/home/n/w/nwhite01/storage/ocr_20150623/96/hvd.32044073502122/568.png"; bbox 0 0 4030 6202; ppageno 0'>
   <div class='ocr_carea' id='block_1_1' title="bbox 185 372 361 433">
    <p class='ocr_par' dir='ltr' id='par_1_1' title="bbox 185 372 361 433">
     <span class='ocr_line' id='line_1_1' title="bbox 185 372 361 433; baseline 0 -1"><span class='ocrx_word' id='word_1_1' title='bbox 185 372 361 433; x_wconf 76' lang='grc'><strong>1125·</strong></span> 
     </span>
    </p>
   </div>
   <div class='ocr_carea' id='block_1_2' title="bbox 1377 369 2073 433">
    <p class='ocr_par' dir='ltr' id='par_1_2' title="bbox 1377 369 2073 433">
     <span class='ocr_line' id='line_1_2' title="bbox 1377 369 2073 433; baseline -0.013 0"><span class='ocrx_word' id='word_1_2' title='bbox 1377 378 1553 433; x_wconf 77' lang='lat' dir='ltr'><strong>VITA</strong></span> <span class='ocrx_word' id='word_1_3' title='bbox 1588 372 1945 431; x_wconf 66' lang='grc' dir='ltr'><strong>ΒΔΒΙιΔΔΠ</strong></span> <span class='ocrx_word' id='word_1_4' title='bbox 1974 369 2073 425; x_wconf 70' lang='lat'><strong>31‘</strong></span> 
     </span>
    </p>
   </div>
   <div class='ocr_carea' id='block_1_3' title="bbox 2335 370 3614 435">
    <p class='ocr_par' dir='ltr' id='par_1_3' title="bbox 2335 370 3614 435">
     <span class='ocr_line' id='line_1_3' title="bbox 2335 370 3614 435; baseline 0.007 -11"><span class='ocrx_word' id='word_1_5' title='bbox 2335 370 2454 424; x_wconf 82' lang='grc' dir='ltr'><strong>ΡΗ.</strong></span> <span class='ocrx_word' id='word_1_6' title='bbox 3505 374 3614 435; x_wconf 71' lang='grc'><strong>126</strong></span> 
     </span>
    </p>
   </div>
   <div class='ocr_carea' id='block_1_4' title="bbox 184 494 1859 578">
    <p class='ocr_par' dir='ltr' id='par_1_4' title="bbox 184 495 1853 578">
     <span class='ocr_line' id='line_1_4' title="bbox 184 495 1853 578; baseline -0.004 -19"><span class='ocrx_word' id='word_1_7' title='bbox 184 502 363 562; x_wconf 68' lang='grc'><strong>250</strong></span> <span class='ocrx_word' id='word_1_8' title='bbox 385 496 572 576; x_wconf 60' lang='grc' dir='ltr'>ταύτῃ,</span> <span class='ocrx_word' id='word_1_9' title='bbox 602 499 679 567; x_wconf 81' lang='grc' dir='ltr'><strong>ὡς</strong></span> <span class='ocrx_word' id='word_1_10' title='bbox 707 501 849 573; x_wconf 77' lang='grc' dir='ltr'>ὁμοῦ</span> <span class='ocrx_word' id='word_1_11' title='bbox 882 495 1301 576; x_wconf 78' lang='grc' dir='ltr'><strong>διασκεψώμεθα</strong></span> <span class='ocrx_word' id='word_1_12' title='bbox 1328 500 1452 578; x_wconf 85' lang='grc' dir='ltr'>περῖ</span> <span class='ocrx_word' id='word_1_13' title='bbox 1500 499 1574 556; x_wconf 79' lang='grc' dir='ltr'>ὧν</span> <span class='ocrx_word' id='word_1_14' title='bbox 1608 499 1720 576; x_wconf 82' lang='grc' dir='ltr'><strong>χρὴ</strong></span> <span class='ocrx_word' id='word_1_15' title='bbox 1749 498 1853 568; x_wconf 74' lang='grc' dir='ltr'><strong>τὴν</strong></span> 
     </span>
    </p>
   </div>
   <div class='ocr_carea' id='block_1_5' title="bbox 1970 494 3616 578">
    <p class='ocr_par' dir='ltr' id='par_1_5' title="bbox 1970 494 3616 573">
     <span class='ocr_line' id='line_1_5' title="bbox 1970 494 3616 573; baseline 0.005 -19"><span class='ocrx_word' id='word_1_16' title='bbox 1970 500 2030 554; x_wconf 78' lang='lat' dir='ltr'><strong>at</strong></span> <span class='ocrx_word' id='word_1_17' title='bbox 2048 498 2120 555; x_wconf 89' lang='lat' dir='ltr'><strong>de</strong></span> <span class='ocrx_word' id='word_1_18' title='bbox 2142 496 2238 555; x_wconf 98' lang='lat' dir='ltr'><strong>his</strong></span> <span class='ocrx_word' id='word_1_19' title='bbox 2257 497 2436 555; x_wconf 85' lang='lat' dir='ltr'><strong>rebus</strong></span> <span class='ocrx_word' id='word_1_20' title='bbox 2454 496 2527 555; x_wconf 91' lang='lat' dir='ltr'><strong>de</strong></span> <span class='ocrx_word' id='word_1_21' title='bbox 2536 496 2758 570; x_wconf 84' lang='lat' dir='ltr'><strong>quibus</strong></span> <span class='ocrx_word' id='word_1_22' title='bbox 2773 494 3142 554; x_wconf 86' lang='lat' dir='ltr'><strong>crastina-die</strong></span> <span class='ocrx_word' id='word_1_23' title='bbox 3158 512 3293 555; x_wconf 88' lang='lat' dir='ltr'><strong>cum</strong></span> <span class='ocrx_word' id='word_1_24' title='bbox 3306 500 3380 557; x_wconf 91' lang='lat' dir='ltr'><strong>iis</strong></span> <span class='ocrx_word' id='word_1_25' title='bbox 3392 502 3494 573; x_wconf 88' lang='lat' dir='ltr'><strong>qui</strong></span> <span class='ocrx_word' id='word_1_26' title='bbox 3506 520 3616 563; x_wconf 90' lang='lat' dir='ltr'><strong>nos</strong></span> 
     </span>
    </p>
   </div>
   <div class='ocr_carea' id='block_1_6' title="bbox 178 587 1854 666">
    <p class='ocr_par' dir='ltr' id='par_1_6' title="bbox 178 587 1854 666">
     <span class='ocr_line' id='line_1_6' title="bbox 178 587 1854 666; baseline -0.002 -19"><span class='ocrx_word' id='word_1_27' title='bbox 178 588 387 666; x_wconf 73' lang='grc' dir='ltr'>αὔριον</span> <span class='ocrx_word' id='word_1_28' title='bbox 419 588 656 661; x_wconf 75' lang='grc' dir='ltr'>λαλῆσαι</span> <span class='ocrx_word' id='word_1_29' title='bbox 685 594 805 655; x_wconf 88' lang='grc' dir='ltr'>τοῖς</span> <span class='ocrx_word' id='word_1_30' title='bbox 853 593 1194 666; x_wconf 80' lang='grc' dir='ltr'><strong>πολεμοῦσιν</strong></span> <span class='ocrx_word' id='word_1_31' title='bbox 1252 594 1424 665; x_wconf 74' lang='grc' dir='ltr'>ἡμᾶς,</span> <span class='ocrx_word' id='word_1_32' title='bbox 1453 590 1582 653; x_wconf 76' lang='grc' dir='ltr'>τοὺς</span> <span class='ocrx_word' id='word_1_33' title='bbox 1640 587 1767 652; x_wconf 77' lang='grc' dir='ltr'>σοὺς</span> <span class='ocrx_word' id='word_1_34' title='bbox 1796 587 1854 644; x_wconf 72' lang='grc' dir='ltr'><strong>δὲ</strong></span> 
     </span>
    </p>
   </div>
   <div class='ocr_carea' id='block_1_7' title="bbox 176 677 1853 756">
    <p class='ocr_par' dir='ltr' id='par_1_7' title="bbox 176 677 1853 756">
     <span class='ocr_line' id='line_1_7' title="bbox 176 677 1853 756; baseline -0.001 -20"><span class='ocrx_word' id='word_1_35' title='bbox 176 680 364 737; x_wconf 82' lang='grc' dir='ltr'>πάλιν</span> <span class='ocrx_word' id='word_1_36' title='bbox 426 680 491 735; x_wconf 71' lang='grc' dir='ltr'><strong>σὺ</strong></span> <span class='ocrx_word' id='word_1_37' title='bbox 546 682 662 753; x_wconf 87' lang='grc' dir='ltr'>μεθ’</span> <span class='ocrx_word' id='word_1_38' title='bbox 694 679 887 737; x_wconf 71' lang='grc' dir='ltr'>ἑαυτοῦ</span> <span class='ocrx_word' id='word_1_39' title='bbox 910 677 1095 739; x_wconf 88' lang='grc' dir='ltr'>λαϐὼν</span> <span class='ocrx_word' id='word_1_40' title='bbox 1152 682 1219 738; x_wconf 74' lang='grc' dir='ltr'><strong>τὰ</strong></span> <span class='ocrx_word' id='word_1_41' title='bbox 1275 682 1458 739; x_wconf 85' lang='grc' dir='ltr'>είκότα</span> <span class='ocrx_word' id='word_1_42' title='bbox 1519 682 1853 756; x_wconf 78' lang='grc' dir='ltr'>μεΑετήσατε</span> 
     </span>
    </p>
   </div>
   <div class='ocr_carea' id='block_1_8' title="bbox 174 768 1851 849">
    <p class='ocr_par' dir='ltr' id='par_1_8' title="bbox 174 768 1851 849">
     <span class='ocr_line' id='line_1_8' title="bbox 174 768 1851 849; baseline -0.001 -22"><span class='ocrx_word' id='word_1_43' title='bbox 174 771 377 831; x_wconf 73' lang='grc' dir='ltr'>καθὼς</span> <span class='ocrx_word' id='word_1_44' title='bbox 408 768 692 848; x_wconf 84' lang='grc' dir='ltr'>βούλεσθε’</span> <span class='ocrx_word' id='word_1_45' title='bbox 724 771 785 844; x_wconf 77' lang='grc' dir='ltr'>ἢ,</span> <span class='ocrx_word' id='word_1_46' title='bbox 817 772 948 835; x_wconf 78' lang='grc' dir='ltr'>τοὺς</span> <span class='ocrx_word' id='word_1_47' title='bbox 980 771 1111 836; x_wconf 77' lang='grc' dir='ltr'>σοὺς</span> <span class='ocrx_word' id='word_1_48' title='bbox 1161 771 1285 846; x_wconf 77' lang='grc' dir='ltr'>ἐμοὶ</span> <span class='ocrx_word' id='word_1_49' title='bbox 1342 773 1754 849; x_wconf 75' lang='grc' dir='ltr'><strong>παραχωρήσας</strong></span> <span class='ocrx_word' id='word_1_50' title='bbox 1782 773 1851 845; x_wconf 78' lang='grc' dir='ltr'><strong>τῇ</strong></span> 
     </span>
    </p>
   </div>
   <div class='ocr_carea' id='block_1_9' title="bbox 177 856 1853 937">
    <p class='ocr_par' dir='ltr' id='par_1_9' title="bbox 177 856 1853 937">
     <span class='ocr_line' id='line_1_9' title="bbox 177 856 1853 937; baseline 0 -21"><span class='ocrx_word' id='word_1_51' title='bbox 177 862 348 918; x_wconf 77' lang='grc' dir='ltr'>νυκτὶ</span> <span class='ocrx_word' id='word_1_52' title='bbox 408 859 598 930; x_wconf 76' lang='grc' dir='ltr'>ταύτῃ,</span> <span class='ocrx_word' id='word_1_53' title='bbox 631 856 769 917; x_wconf 93' lang='grc' dir='ltr'>λάϐε</span> <span class='ocrx_word' id='word_1_54' title='bbox 807 862 899 917; x_wconf 81' lang='grc' dir='ltr'><strong>τὸν</strong></span> <span class='ocrx_word' id='word_1_55' title='bbox 952 862 1082 937; x_wconf 74' lang='grc' dir='ltr'>ἐμὸν</span> <span class='ocrx_word' id='word_1_56' title='bbox 1140 864 1276 937; x_wconf 85' lang='grc' dir='ltr'>πρὸς</span> <span class='ocrx_word' id='word_1_57' title='bbox 1305 861 1513 918; x_wconf 71' lang='grc' dir='ltr'>ἑαυτόν.</span> <span class='ocrx_word' id='word_1_58' title='bbox 1552 860 1616 919; x_wconf 72' lang='lat' dir='ltr'><strong>Ei</strong></span> <span class='ocrx_word' id='word_1_59' title='bbox 1661 859 1718 916; x_wconf 72' lang='lat' dir='ltr'><strong>8‘s</strong></span> <span class='ocrx_word' id='word_1_60' title='bbox 1746 863 1853 935; x_wconf 82' lang='grc' dir='ltr'><strong>ἆμ-</strong></span> 
     </span>
    </p>
   </div>
   <div class='ocr_carea' id='block_1_10' title="bbox 180 946 1851 1031">
    <p class='ocr_par' dir='ltr' id='par_1_10' title="bbox 180 946 1851 1031">
     <span class='ocr_line' id='line_1_10' title="bbox 180 946 1851 1031; baseline 0.001 -25"><span class='ocrx_word' id='word_1_61' title='bbox 180 950 419 1031; x_wconf 72' lang='grc' dir='ltr'>φότεροι</span> <span class='ocrx_word' id='word_1_62' title='bbox 452 948 553 1006; x_wconf 80' lang='grc' dir='ltr'>ὦσι</span> <span class='ocrx_word' id='word_1_63' title='bbox 585 952 731 1027; x_wconf 74' lang='grc' dir='ltr'>παρὰ</span> <span class='ocrx_word' id='word_1_64' title='bbox 760 950 871 1021; x_wconf 78' lang='grc' dir='ltr'>σοὶ,</span> <span class='ocrx_word' id='word_1_65' title='bbox 902 953 931 1007; x_wconf 98' lang='lat'><strong>6</strong></span> <span class='ocrx_word' id='word_1_66' title='bbox 966 952 1061 1025; x_wconf 71' lang='grc' dir='ltr'>μὲν</span> <span class='ocrx_word' id='word_1_67' title='bbox 1096 951 1230 1027; x_wconf 77' lang='grc' dir='ltr'>ἐμὸς</span> <span class='ocrx_word' id='word_1_68' title='bbox 1258 952 1310 1007; x_wconf 81' lang='grc' dir='ltr'>ἐν</span> <span class='ocrx_word' id='word_1_69' title='bbox 1344 950 1527 1027; x_wconf 76' lang='grc' dir='ltr'>θλίψει</span> <span class='ocrx_word' id='word_1_70' title='bbox 1552 952 1643 1007; x_wconf 76' lang='grc' dir='ltr'><strong>καὶ</strong></span> <span class='ocrx_word' id='word_1_71' title='bbox 1675 946 1851 1030; x_wconf 77' lang='grc' dir='ltr'>φόϐῳ,</span> 
     </span>
    </p>
   </div>
   <div class='ocr_carea' id='block_1_11' title="bbox 181 1038 1855 1118">
    <p class='ocr_par' dir='ltr' id='par_1_11' title="bbox 181 1038 1855 1118">
     <span class='ocr_line' id='line_1_11' title="bbox 218 1038 1790 1098; baseline 0 -2"><span class='ocrx_word' id='word_1_72' title='bbox 218 1038 329 1096; x_wconf 69' lang='grc' dir='ltr'><strong>ἱδ⁵</strong></span> <span class='ocrx_word' id='word_1_73' title='bbox 443 1039 516 1096; x_wconf 73' lang='grc' dir='ltr'><strong>“ἒ</strong></span> <span class='ocrx_word' id='word_1_74' title='bbox 723 1046 751 1058; x_wconf 75' lang='grc'><em>“</em></span> <span class='ocrx_word' id='word_1_75' title='bbox 878 1043 895 1061; x_wconf 72' lang='grc'>⁸</span> <span class='ocrx_word' id='word_1_76' title='bbox 966 1041 1046 1098; x_wconf 80' lang='grc' dir='ltr'><strong>’ἐ</strong></span> <span class='ocrx_word' id='word_1_77' title='bbox 1247 1040 1273 1061; x_wconf 86' lang='grc'><strong><em>”</em></strong></span> <span class='ocrx_word' id='word_1_78' title='bbox 1439 1040 1466 1098; x_wconf 83' lang='grc' dir='ltr'>δ</span> <span class='ocrx_word' id='word_1_79' title='bbox 1566 1047 1590 1060; x_wconf 82' lang='lat'><strong>&quot;</strong></span> <span class='ocrx_word' id='word_1_80' title='bbox 1645 1040 1673 1097; x_wconf 77' lang='grc' dir='ltr'>ὅ</span> <span class='ocrx_word' id='word_1_81' title='bbox 1776 1042 1790 1096; x_wconf 89' lang='grc' dir='ltr'><strong>ί</strong></span> 
     </span>
     <span class='ocr_line' id='line_1_12' title="bbox 181 1061 1855 1118; baseline 0 -21"><span class='ocrx_word' id='word_1_82' title='bbox 181 1064 212 1097; x_wconf 94' lang='grc' dir='ltr'><strong>ο</strong></span> <span class='ocrx_word' id='word_1_83' title='bbox 316 1061 461 1097; x_wconf 89' lang='grc' dir='ltr'>εσοι</span> <span class='ocrx_word' id='word_1_84' title='bbox 518 1063 545 1095; x_wconf 93' lang='grc' dir='ltr'><strong>ν</strong></span> <span class='ocrx_word' id='word_1_85' title='bbox 605 1061 753 1117; x_wconf 77' lang='grc' dir='ltr'>’χαρᾳ</span> <span class='ocrx_word' id='word_1_86' title='bbox 804 1062 899 1097; x_wconf 85' lang='grc' dir='ltr'><strong>και</strong></span> <span class='ocrx_word' id='word_1_87' title='bbox 957 1062 1152 1116; x_wconf 89' lang='grc' dir='ltr'>ανσει,</span> <span class='ocrx_word' id='word_1_88' title='bbox 1213 1064 1274 1098; x_wconf 90' lang='grc' dir='ltr'><strong>ου</strong></span> <span class='ocrx_word' id='word_1_89' title='bbox 1314 1063 1407 1118; x_wconf 87' lang='grc' dir='ltr'><strong>μοι</strong></span> <span class='ocrx_word' id='word_1_90' title='bbox 1473 1063 1588 1098; x_wconf 87' lang='grc' dir='ltr'>οκει</span> <span class='ocrx_word' id='word_1_91' title='bbox 1681 1063 1768 1097; x_wconf 85' lang='grc' dir='ltr'><strong>ικα</strong></span> <span class='ocrx_word' id='word_1_92' title='bbox 1795 1062 1855 1097; x_wconf 91' lang='grc' dir='ltr'><strong>αν</strong></span> 
     </span>
    </p>
   </div>
   <div class='ocr_carea' id='block_1_12' title="bbox 181 1126 1856 1206">
    <p class='ocr_par' dir='ltr' id='par_1_12' title="bbox 181 1126 1856 1206">
     <span class='ocr_line' id='line_1_13' title="bbox 181 1126 1856 1206; baseline -0.001 -20"><span class='ocrx_word' id='word_1_93' title='bbox 181 1131 330 1186; x_wconf 80' lang='grc' dir='ltr'>εἶναι</span> <span class='ocrx_word' id='word_1_94' title='bbox 357 1129 561 1206; x_wconf 78' lang='grc' dir='ltr'>κρίσιν,</span> <span class='ocrx_word' id='word_1_95' title='bbox 609 1128 757 1187; x_wconf 83' lang='grc' dir='ltr'>ἀλλὰ</span> <span class='ocrx_word' id='word_1_96' title='bbox 814 1126 1127 1187; x_wconf 80' lang='grc' dir='ltr'>δυναστείαν</span> <span class='ocrx_word' id='word_1_97' title='bbox 1172 1138 1276 1202; x_wconf 81' lang='grc' dir='ltr'><strong>τῆς</strong></span> <span class='ocrx_word' id='word_1_98' title='bbox 1318 1130 1561 1206; x_wconf 68' lang='grc' dir='ltr'>ἔξουσίας</span> <span class='ocrx_word' id='word_1_99' title='bbox 1608 1130 1699 1186; x_wconf 74' lang='grc' dir='ltr'><strong>καὶ</strong></span> <span class='ocrx_word' id='word_1_100' title='bbox 1746 1150 1856 1185; x_wconf 87' lang='grc' dir='ltr'>πα-</span> 
     </span>
    </p>
   </div>
   <div class='ocr_carea' id='block_1_13' title="bbox 178 1216 1856 1298">
    <p class='ocr_par' dir='ltr' id='par_1_13' title="bbox 178 1216 1856 1298">
     <span class='ocr_line' id='line_1_14' title="bbox 178 1216 1856 1298; baseline 0 -22"><span class='ocrx_word' id='word_1_101' title='bbox 178 1216 429 1297; x_wconf 84' lang='grc' dir='ltr'>ράϐασιν</span> <span class='ocrx_word' id='word_1_102' title='bbox 457 1226 565 1276; x_wconf 90' lang='grc' dir='ltr'><strong>τῶν</strong></span> <span class='ocrx_word' id='word_1_103' title='bbox 627 1222 926 1292; x_wconf 78' lang='grc' dir='ltr'><strong>συνθηκῶν.</strong></span> <span class='ocrx_word' id='word_1_104' title='bbox 979 1222 1264 1294; x_wconf 79' lang='grc' dir='ltr'>Ἦττηθείς</span> <span class='ocrx_word' id='word_1_105' title='bbox 1321 1220 1381 1278; x_wconf 70' lang='grc' dir='ltr'>δὲ</span> <span class='ocrx_word' id='word_1_106' title='bbox 1426 1224 1455 1277; x_wconf 88' lang='grc' dir='ltr'>ὁ</span> <span class='ocrx_word' id='word_1_107' title='bbox 1490 1221 1749 1298; x_wconf 76' lang='grc' dir='ltr'>βασιλεὺς</span> <span class='ocrx_word' id='word_1_108' title='bbox 1777 1225 1856 1293; x_wconf 82' lang='grc' dir='ltr'><strong>τῷ</strong></span> 
     </span>
    </p>
   </div>
   <div class='ocr_carea' id='block_1_14' title="bbox 175 1310 1854 1390">
    <p class='ocr_par' dir='ltr' id='par_1_14' title="bbox 175 1310 1854 1390">
     <span class='ocr_line' id='line_1_15' title="bbox 175 1310 1854 1390; baseline -0.001 -23"><span class='ocrx_word' id='word_1_109' title='bbox 175 1310 395 1385; x_wconf 77' lang='grc' dir='ltr'>ἀστείῳ</span> <span class='ocrx_word' id='word_1_110' title='bbox 449 1314 548 1366; x_wconf 77' lang='grc' dir='ltr'><strong>τοῦ</strong></span> <span class='ocrx_word' id='word_1_111' title='bbox 606 1310 878 1387; x_wconf 75' lang='grc' dir='ltr'>ῥήματος,</span> <span class='ocrx_word' id='word_1_112' title='bbox 910 1311 1038 1375; x_wconf 76' lang='grc' dir='ltr'>τοὺς</span> <span class='ocrx_word' id='word_1_113' title='bbox 1096 1311 1295 1390; x_wconf 70' lang='grc' dir='ltr'>σοφοὺς</span> <span class='ocrx_word' id='word_1_114' title='bbox 1344 1311 1510 1368; x_wconf 73' lang='grc' dir='ltr'>αὐτοῦ</span> <span class='ocrx_word' id='word_1_115' title='bbox 1539 1311 1627 1367; x_wconf 82' lang='grc' dir='ltr'><strong>καὶ</strong></span> <span class='ocrx_word' id='word_1_116' title='bbox 1689 1312 1854 1385; x_wconf 73' lang='grc' dir='ltr'>ἱερεῖς</span> 
     </span>
    </p>
   </div>
   <div class='ocr_carea' id='block_1_15' title="bbox 180 1398 1855 1480">
    <p class='ocr_par' dir='ltr' id='par_1_15' title="bbox 180 1398 1855 1480">
     <span class='ocr_line' id='line_1_16' title="bbox 180 1398 1855 1480; baseline -0.001 -22"><span class='ocrx_word' id='word_1_117' title='bbox 180 1404 335 1480; x_wconf 79' lang='grc' dir='ltr'>πρὸς</span> <span class='ocrx_word' id='word_1_118' title='bbox 366 1402 555 1459; x_wconf 76' lang='grc' dir='ltr'>ἑαυτὸν</span> <span class='ocrx_word' id='word_1_119' title='bbox 611 1398 943 1477; x_wconf 87' lang='grc' dir='ltr'>λαϐόμενος,</span> <span class='ocrx_word' id='word_1_120' title='bbox 1000 1404 1091 1459; x_wconf 83' lang='grc' dir='ltr'><strong>τὸν</strong></span> <span class='ocrx_word' id='word_1_121' title='bbox 1144 1404 1351 1479; x_wconf 84' lang='grc' dir='ltr'>Ναχὼρ</span> <span class='ocrx_word' id='word_1_122' title='bbox 1411 1406 1749 1480; x_wconf 86' lang='grc' dir='ltr'>παραχωμεῖ</span> <span class='ocrx_word' id='word_1_123' title='bbox 1774 1406 1855 1474; x_wconf 76' lang='grc' dir='ltr'><strong>τῷ</strong></span> 
     </span>
    </p>
   </div>
   <div class='ocr_carea' id='block_1_16' title="bbox 182 1490 1851 1572">
    <p class='ocr_par' dir='ltr' id='par_1_16' title="bbox 182 1490 1851 1572">
     <span class='ocr_line' id='line_1_17' title="bbox 182 1490 1851 1572; baseline -0.001 -25"><span class='ocrx_word' id='word_1_124' title='bbox 182 1494 323 1566; x_wconf 75' lang='grc' dir='ltr'>υἱῷ,</span> <span class='ocrx_word' id='word_1_125' title='bbox 349 1490 579 1556; x_wconf 54' lang='lat' dir='ltr'><strong>enisa;</strong></span> <span class='ocrx_word' id='word_1_126' title='bbox 626 1490 703 1548; x_wconf 84' lang='grc' dir='ltr'>ἔτι</span> <span class='ocrx_word' id='word_1_127' title='bbox 734 1492 1066 1567; x_wconf 70' lang='grc' dir='ltr'>κεκτημένος</span> <span class='ocrx_word' id='word_1_128' title='bbox 1099 1493 1179 1550; x_wconf 76' lang='grc' dir='ltr'><strong>ἐπ’</strong></span> <span class='ocrx_word' id='word_1_129' title='bbox 1231 1494 1391 1551; x_wconf 83' lang='grc' dir='ltr'>αὐτὸν</span> <span class='ocrx_word' id='word_1_130' title='bbox 1442 1494 1531 1549; x_wconf 78' lang='grc' dir='ltr'><strong>καὶ</strong></span> <span class='ocrx_word' id='word_1_131' title='bbox 1563 1490 1851 1572; x_wconf 76' lang='grc' dir='ltr'>φυλάττειν</span> 
     </span>
    </p>
   </div>
   <div class='ocr_carea' id='block_1_17' title="bbox 176 1580 949 1659">
    <p class='ocr_par' dir='ltr' id='par_1_17' title="bbox 176 1580 949 1659">
     <span class='ocr_line' id='line_1_18' title="bbox 176 1580 949 1659; baseline 0.001 -21"><span class='ocrx_word' id='word_1_132' title='bbox 176 1584 253 1639; x_wconf 76' lang='grc' dir='ltr'>τὰ</span> <span class='ocrx_word' id='word_1_133' title='bbox 287 1580 711 1659; x_wconf 75' lang='grc' dir='ltr'>ὡμολογημένα</span> <span class='ocrx_word' id='word_1_134' title='bbox 749 1580 949 1644; x_wconf 82' lang='grc' dir='ltr'>δοκῶν.</span> 
     </span>
    </p>
   </div>
   <div class='ocr_carea' id='block_1_18' title="bbox 256 1668 1857 1748">
    <p class='ocr_par' dir='ltr' id='par_1_18' title="bbox 256 1668 1857 1748">
     <span class='ocr_line' id='line_1_19' title="bbox 256 1668 1857 1748; baseline -0.002 -18"><span class='ocrx_word' id='word_1_135' title='bbox 256 1673 599 1748; x_wconf 81' lang='grc' dir='ltr'>’Δπέρχεται</span> <span class='ocrx_word' id='word_1_136' title='bbox 651 1673 830 1728; x_wconf 89' lang='grc' dir='ltr'>τοίνυν</span> <span class='ocrx_word' id='word_1_137' title='bbox 859 1674 887 1729; x_wconf 91' lang='lat'><strong>6</strong></span> <span class='ocrx_word' id='word_1_138' title='bbox 914 1677 1013 1729; x_wconf 74' lang='grc' dir='ltr'><strong>τοῦ</strong></span> <span class='ocrx_word' id='word_1_139' title='bbox 1063 1668 1333 1737; x_wconf 76' lang='grc' dir='ltr'>ϐασιλέως</span> <span class='ocrx_word' id='word_1_140' title='bbox 1366 1674 1481 1736; x_wconf 73' lang='grc' dir='ltr'>υἱὸς</span> <span class='ocrx_word' id='word_1_141' title='bbox 1515 1673 1589 1736; x_wconf 83' lang='grc' dir='ltr'><strong>είς</strong></span> <span class='ocrx_word' id='word_1_142' title='bbox 1618 1674 1681 1729; x_wconf 82' lang='grc' dir='ltr'><strong>τὸ</strong></span> <span class='ocrx_word' id='word_1_143' title='bbox 1731 1671 1857 1728; x_wconf 78' lang='grc' dir='ltr'>ἒαυ-</span> 
     </span>
    </p>
   </div>
   <div class='ocr_carea' id='block_1_19' title="bbox 174 1760 1857 1841">
    <p class='ocr_par' dir='ltr' id='par_1_19' title="bbox 174 1760 1857 1841">
     <span class='ocr_line' id='line_1_20' title="bbox 174 1760 1857 1841; baseline -0.001 -23"><span class='ocrx_word' id='word_1_144' title='bbox 174 1766 289 1819; x_wconf 74' lang='grc' dir='ltr'>τοῦ</span> <span class='ocrx_word' id='word_1_145' title='bbox 341 1760 641 1832; x_wconf 85' lang='grc' dir='ltr'>παλάτίον,</span> <span class='ocrx_word' id='word_1_146' title='bbox 694 1760 876 1841; x_wconf 81' lang='grc' dir='ltr'>ὥσπερ</span> <span class='ocrx_word' id='word_1_147' title='bbox 932 1784 1017 1828; x_wconf 89' lang='grc' dir='ltr'><strong>τις</strong></span> <span class='ocrx_word' id='word_1_148' title='bbox 1070 1760 1508 1837; x_wconf 71' lang='grc' dir='ltr'>Ὀλυμπιονίκης</span> <span class='ocrx_word' id='word_1_149' title='bbox 1567 1767 1675 1818; x_wconf 89' lang='grc' dir='ltr'><strong>τῶν</strong></span> <span class='ocrx_word' id='word_1_150' title='bbox 1708 1763 1857 1818; x_wconf 81' lang='grc' dir='ltr'>ἄντι-</span> 
     </span>
    </p>
   </div>
   <div class='ocr_carea' id='block_1_20' title="bbox 1959 586 3611 663">
    <p class='ocr_par' dir='ltr' id='par_1_20' title="bbox 1959 586 3611 663">
     <span class='ocr_line' id='line_1_21' title="bbox 1959 586 3611 663; baseline 0.004 -20"><span class='ocrx_word' id='word_1_151' title='bbox 1959 586 2121 643; x_wconf 90' lang='lat' dir='ltr'><strong>bello</strong></span> <span class='ocrx_word' id='word_1_152' title='bbox 2135 586 2616 645; x_wconf 87' lang='lat' dir='ltr'><strong>lacessentverba</strong></span> <span class='ocrx_word' id='word_1_153' title='bbox 2627 587 2899 643; x_wconf 87' lang='lat' dir='ltr'><strong>faciendo</strong></span> <span class='ocrx_word' id='word_1_154' title='bbox 2918 592 3058 643; x_wconf 88' lang='lat' dir='ltr'><strong>sunt</strong></span> <span class='ocrx_word' id='word_1_155' title='bbox 3073 604 3197 644; x_wconf 87' lang='lat' dir='ltr'><strong>una</strong></span> <span class='ocrx_word' id='word_1_156' title='bbox 3208 588 3611 663; x_wconf 84' lang='lat' dir='ltr'><strong>dispiciamus,</strong></span> 
     </span>
    </p>
   </div>
   <div class='ocr_carea' id='block_1_21' title="bbox 1962 676 3619 747">
    <p class='ocr_par' dir='ltr' id='par_1_21' title="bbox 1962 676 3619 747">
     <span class='ocr_line' id='line_1_22' title="bbox 1962 676 3619 747; baseline 0.004 -15"><span class='ocrx_word' id='word_1_157' title='bbox 1962 692 2029 732; x_wconf 90' lang='lat' dir='ltr'><strong>ac</strong></span> <span class='ocrx_word' id='word_1_158' title='bbox 2048 682 2111 733; x_wconf 92' lang='lat' dir='ltr'><strong>tu</strong></span> <span class='ocrx_word' id='word_1_159' title='bbox 2132 678 2275 733; x_wconf 86' lang='lat' dir='ltr'>item</span> <span class='ocrx_word' id='word_1_160' title='bbox 2298 683 2428 734; x_wconf 90' lang='lat' dir='ltr'><strong>tuos</strong></span> <span class='ocrx_word' id='word_1_161' title='bbox 2446 694 2779 747; x_wconf 84' lang='lat' dir='ltr'><strong>assumens,</strong></span> <span class='ocrx_word' id='word_1_162' title='bbox 2805 676 3096 733; x_wconf 89' lang='lat' dir='ltr'><strong>arbitratu</strong></span> <span class='ocrx_word' id='word_1_163' title='bbox 3122 682 3225 734; x_wconf 90' lang='lat' dir='ltr'><strong>tuo</strong></span> <span class='ocrx_word' id='word_1_164' title='bbox 3240 696 3375 735; x_wconf 90' lang='lat' dir='ltr'><strong>cum</strong></span> <span class='ocrx_word' id='word_1_165' title='bbox 3399 680 3519 736; x_wconf 91' lang='lat' dir='ltr'><strong>illis</strong></span> <span class='ocrx_word' id='word_1_166' title='bbox 3551 699 3619 739; x_wconf 90' lang='lat' dir='ltr'><strong>ea</strong></span> 
     </span>
    </p>
   </div>
   <div class='ocr_carea' id='block_1_22' title="bbox 1963 767 3615 838">
    <p class='ocr_par' dir='ltr' id='par_1_22' title="bbox 1963 767 3615 838">
     <span class='ocr_line' id='line_1_23' title="bbox 1963 767 3615 838; baseline 0.002 -15"><span class='ocrx_word' id='word_1_167' title='bbox 1963 784 2095 838; x_wconf 73' lang='lat' dir='ltr'><strong>quas</strong></span> <span class='ocrx_word' id='word_1_168' title='bbox 2118 768 2179 823; x_wconf 89' lang='lat' dir='ltr'><strong>in</strong></span> <span class='ocrx_word' id='word_1_169' title='bbox 2201 784 2328 824; x_wconf 91' lang='lat' dir='ltr'><strong>rem</strong></span> <span class='ocrx_word' id='word_1_170' title='bbox 2361 768 2561 824; x_wconf 89' lang='lat' dir='ltr'><strong>futura</strong></span> <span class='ocrx_word' id='word_1_171' title='bbox 2580 767 2937 823; x_wconf 87' lang='lat' dir='ltr'><strong>videbuntur</strong></span> <span class='ocrx_word' id='word_1_172' title='bbox 2974 768 3283 824; x_wconf 90' lang='lat' dir='ltr'><strong>mediteris</strong></span> <span class='ocrx_word' id='word_1_173' title='bbox 3309 788 3322 837; x_wconf 89' lang='lat'><strong>;</strong></span> <span class='ocrx_word' id='word_1_174' title='bbox 3353 775 3455 825; x_wconf 87' lang='lat' dir='ltr'><strong>aut</strong></span> <span class='ocrx_word' id='word_1_175' title='bbox 3484 775 3615 827; x_wconf 91' lang='lat' dir='ltr'><strong>tuos</strong></span> 
     </span>
    </p>
   </div>
   <div class='ocr_carea' id='block_1_23' title="bbox 1962 856 3616 930">
    <p class='ocr_par' dir='ltr' id='par_1_23' title="bbox 1962 856 3616 930">
     <span class='ocr_line' id='line_1_24' title="bbox 1962 856 3616 930; baseline 0.003 -19"><span class='ocrx_word' id='word_1_176' title='bbox 1962 856 2110 911; x_wconf 91' lang='lat' dir='ltr'><strong>mihi</strong></span> <span class='ocrx_word' id='word_1_177' title='bbox 2143 857 2254 912; x_wconf 90' lang='lat' dir='ltr'><strong>hac</strong></span> <span class='ocrx_word' id='word_1_178' title='bbox 2292 862 2465 912; x_wconf 90' lang='lat' dir='ltr'><strong>nocte</strong></span> <span class='ocrx_word' id='word_1_179' title='bbox 2508 856 2863 922; x_wconf 85' lang='lat' dir='ltr'><strong>concedens,</strong></span> <span class='ocrx_word' id='word_1_180' title='bbox 2895 873 3097 912; x_wconf 90' lang='lat' dir='ltr'><strong>meum</strong></span> <span class='ocrx_word' id='word_1_181' title='bbox 3118 858 3339 930; x_wconf 84' lang='lat' dir='ltr'><strong>accipe.</strong></span> <span class='ocrx_word' id='word_1_182' title='bbox 3374 859 3539 925; x_wconf 87' lang='lat' dir='ltr'><strong>Quod</strong></span> <span class='ocrx_word' id='word_1_183' title='bbox 3568 861 3616 917; x_wconf 89' lang='lat' dir='ltr'><strong>si</strong></span> 
     </span>
    </p>
   </div>
   <div class='ocr_carea' id='block_1_24' title="bbox 1962 946 3618 1019">
    <p class='ocr_par' dir='ltr' id='par_1_24' title="bbox 1962 946 3618 1019">
     <span class='ocr_line' id='line_1_25' title="bbox 1962 946 3618 1019; baseline 0.004 -18"><span class='ocrx_word' id='word_1_184' title='bbox 1962 946 2198 1018; x_wconf 80' lang='lat' dir='ltr'><strong>utrique</strong></span> <span class='ocrx_word' id='word_1_185' title='bbox 2215 946 2373 1019; x_wconf 91' lang='lat' dir='ltr'><strong>apud</strong></span> <span class='ocrx_word' id='word_1_186' title='bbox 2392 952 2446 1002; x_wconf 90' lang='lat' dir='ltr'><strong>te</strong></span> <span class='ocrx_word' id='word_1_187' title='bbox 2470 947 2608 1018; x_wconf 80' lang='lat' dir='ltr'><strong>sint,</strong></span> <span class='ocrx_word' id='word_1_188' title='bbox 2634 963 2805 1002; x_wconf 90' lang='lat' dir='ltr'><strong>meus</strong></span> <span class='ocrx_word' id='word_1_189' title='bbox 2818 946 3179 1003; x_wconf 89' lang='lat' dir='ltr'><strong>nimirumin</strong></span> <span class='ocrx_word' id='word_1_190' title='bbox 3201 948 3524 1006; x_wconf 82' lang='lat' dir='ltr'><strong>afﬂictione</strong></span> <span class='ocrx_word' id='word_1_191' title='bbox 3559 956 3618 1007; x_wconf 88' lang='lat' dir='ltr'><strong>et</strong></span> 
     </span>
    </p>
   </div>
   <div class='ocr_carea' id='block_1_25' title="bbox 1962 1037 3611 1110">
    <p class='ocr_par' dir='ltr' id='par_1_25' title="bbox 1962 1037 3611 1110">
     <span class='ocr_line' id='line_1_26' title="bbox 1962 1037 3611 1110; baseline 0.003 -17"><span class='ocrx_word' id='word_1_192' title='bbox 1962 1042 2146 1105; x_wconf 90' lang='lat' dir='ltr'><strong>metu,</strong></span> <span class='ocrx_word' id='word_1_193' title='bbox 2180 1037 2265 1092; x_wconf 90' lang='lat' dir='ltr'><strong>tui</strong></span> <span class='ocrx_word' id='word_1_194' title='bbox 2296 1042 2496 1094; x_wconf 91' lang='lat' dir='ltr'><strong>autem</strong></span> <span class='ocrx_word' id='word_1_195' title='bbox 2540 1039 2602 1093; x_wconf 92' lang='lat' dir='ltr'><strong>in</strong></span> <span class='ocrx_word' id='word_1_196' title='bbox 2645 1037 2851 1093; x_wconf 67' lang='lat' dir='ltr'><strong>laetitia</strong></span> <span class='ocrx_word' id='word_1_197' title='bbox 2899 1042 2959 1092; x_wconf 90' lang='lat' dir='ltr'><strong>et</strong></span> <span class='ocrx_word' id='word_1_198' title='bbox 3006 1038 3192 1093; x_wconf 87' lang='lat' dir='ltr'><strong>animi</strong></span> <span class='ocrx_word' id='word_1_199' title='bbox 3236 1040 3611 1110; x_wconf 87' lang='lat' dir='ltr'><strong>remissione,</strong></span> 
     </span>
    </p>
   </div>
   <div class='ocr_carea' id='block_1_26' title="bbox 1964 1128 3615 1201">
    <p class='ocr_par' dir='ltr' id='par_1_26' title="bbox 1964 1128 3615 1201">
     <span class='ocr_line' id='line_1_27' title="bbox 1964 1128 3615 1201; baseline 0.004 -18"><span class='ocrx_word' id='word_1_200' title='bbox 1964 1145 2202 1199; x_wconf 68' lang='lat' dir='ltr'><strong>aequum</strong></span> <span class='ocrx_word' id='word_1_201' title='bbox 2230 1129 2379 1185; x_wconf 88' lang='lat' dir='ltr'><strong>mihi</strong></span> <span class='ocrx_word' id='word_1_202' title='bbox 2401 1128 2699 1201; x_wconf 87' lang='lat' dir='ltr'><strong>judicium</strong></span> <span class='ocrx_word' id='word_1_203' title='bbox 2728 1128 2889 1184; x_wconf 81' lang='lat' dir='ltr'><strong>istud</strong></span> <span class='ocrx_word' id='word_1_204' title='bbox 2916 1144 3044 1184; x_wconf 90' lang='lat' dir='ltr'><strong>esse</strong></span> <span class='ocrx_word' id='word_1_205' title='bbox 3076 1146 3198 1185; x_wconf 92' lang='lat' dir='ltr'><strong>non</strong></span> <span class='ocrx_word' id='word_1_206' title='bbox 3228 1130 3476 1197; x_wconf 82' lang='lat' dir='ltr'><strong>videtur,</strong></span> <span class='ocrx_word' id='word_1_207' title='bbox 3510 1132 3615 1188; x_wconf 91' lang='lat' dir='ltr'><strong>sed</strong></span> 
     </span>
    </p>
   </div>
   <div class='ocr_carea' id='block_1_27' title="bbox 1962 1218 3612 1294">
    <p class='ocr_par' dir='ltr' id='par_1_27' title="bbox 1962 1218 3612 1294">
     <span class='ocr_line' id='line_1_28' title="bbox 1962 1218 3612 1294; baseline 0.004 -23"><span class='ocrx_word' id='word_1_208' title='bbox 1962 1218 2332 1290; x_wconf 81' lang='lat' dir='ltr'><strong>principatus</strong></span> <span class='ocrx_word' id='word_1_209' title='bbox 2352 1219 2683 1287; x_wconf 86' lang='lat' dir='ltr'><strong>licentia,et</strong></span> <span class='ocrx_word' id='word_1_210' title='bbox 2704 1224 3014 1291; x_wconf 87' lang='lat' dir='ltr'><strong>pactorum</strong></span> <span class='ocrx_word' id='word_1_211' title='bbox 3036 1219 3400 1277; x_wconf 63' lang='lat' dir='ltr'><strong>violatoltex</strong></span> <span class='ocrx_word' id='word_1_212' title='bbox 3414 1222 3612 1294; x_wconf 90' lang='lat' dir='ltr'><strong>itaque</strong></span> 
     </span>
    </p>
   </div>
   <div class='ocr_carea' id='block_1_28' title="bbox 1964 1308 3612 1383">
    <p class='ocr_par' dir='ltr' id='par_1_28' title="bbox 1964 1308 3612 1383">
     <span class='ocr_line' id='line_1_29' title="bbox 1964 1308 3612 1383; baseline 0.004 -21"><span class='ocrx_word' id='word_1_213' title='bbox 1964 1308 2144 1380; x_wconf 85' lang='lat' dir='ltr'><strong>hujus</strong></span> <span class='ocrx_word' id='word_1_214' title='bbox 2171 1309 2453 1365; x_wconf 89' lang='lat' dir='ltr'><strong>orationis</strong></span> <span class='ocrx_word' id='word_1_215' title='bbox 2476 1309 2677 1380; x_wconf 90' lang='lat' dir='ltr'><strong>lepore</strong></span> <span class='ocrx_word' id='word_1_216' title='bbox 2691 1309 3231 1382; x_wconf 87' lang='lat' dir='ltr'><strong>victus,assumptis</strong></span> <span class='ocrx_word' id='word_1_217' title='bbox 3246 1312 3612 1383; x_wconf 88' lang='lat' dir='ltr'><strong>sapientibus</strong></span> 
     </span>
    </p>
   </div>
   <div class='ocr_carea' id='block_1_29' title="bbox 1964 1398 3615 1469">
    <p class='ocr_par' dir='ltr' id='par_1_29' title="bbox 1964 1398 3615 1469">
     <span class='ocr_line' id='line_1_30' title="bbox 1964 1398 3615 1469; baseline 0.002 -16"><span class='ocrx_word' id='word_1_218' title='bbox 1964 1402 2023 1453; x_wconf 93' lang='lat' dir='ltr'><strong>et</strong></span> <span class='ocrx_word' id='word_1_219' title='bbox 2039 1398 2448 1455; x_wconf 85' lang='lat' dir='ltr'><strong>sacerdotibus</strong></span> <span class='ocrx_word' id='word_1_220' title='bbox 2475 1400 2617 1465; x_wconf 88' lang='lat' dir='ltr'><strong>suis,</strong></span> <span class='ocrx_word' id='word_1_221' title='bbox 2652 1399 2980 1455; x_wconf 89' lang='lat' dir='ltr'><strong>Nachorem</strong></span> <span class='ocrx_word' id='word_1_222' title='bbox 3005 1399 3129 1455; x_wconf 92' lang='lat' dir='ltr'><strong>ﬁlio</strong></span> <span class='ocrx_word' id='word_1_223' title='bbox 3156 1401 3469 1469; x_wconf 89' lang='lat' dir='ltr'><strong>concessit,</strong></span> <span class='ocrx_word' id='word_1_224' title='bbox 3504 1402 3615 1457; x_wconf 88' lang='lat' dir='ltr'><strong>hac</strong></span> 
     </span>
    </p>
   </div>
   <div class='ocr_carea' id='block_1_30' title="bbox 1964 1488 3614 1563">
    <p class='ocr_par' dir='ltr' id='par_1_30' title="bbox 1964 1488 3614 1563">
     <span class='ocr_line' id='line_1_31' title="bbox 1964 1488 3614 1563; baseline 0.003 -19"><span class='ocrx_word' id='word_1_225' title='bbox 1964 1489 2251 1545; x_wconf 88' lang='lat' dir='ltr'><strong>nimirum</strong></span> <span class='ocrx_word' id='word_1_226' title='bbox 2283 1507 2386 1561; x_wconf 85' lang='lat' dir='ltr'><strong>spe</strong></span> <span class='ocrx_word' id='word_1_227' title='bbox 2418 1490 2626 1560; x_wconf 82' lang='lat' dir='ltr'><strong>fretus,</strong></span> <span class='ocrx_word' id='word_1_228' title='bbox 2659 1488 2785 1545; x_wconf 82' lang='lat' dir='ltr'><strong>fore</strong></span> <span class='ocrx_word' id='word_1_229' title='bbox 2810 1493 2877 1545; x_wconf 89' lang='lat' dir='ltr'><strong>ut</strong></span> <span class='ocrx_word' id='word_1_230' title='bbox 2899 1505 2968 1545; x_wconf 90' lang='lat' dir='ltr'><strong>ea</strong></span> <span class='ocrx_word' id='word_1_231' title='bbox 2999 1506 3131 1562; x_wconf 67' lang='lat' dir='ltr'><strong>quas</strong></span> <span class='ocrx_word' id='word_1_232' title='bbox 3160 1490 3463 1563; x_wconf 84' lang='lat' dir='ltr'><strong>pollicitus</strong></span> <span class='ocrx_word' id='word_1_233' title='bbox 3491 1491 3614 1549; x_wconf 84' lang='lat' dir='ltr'><strong>fue-</strong></span> 
     </span>
    </p>
   </div>
   <div class='ocr_carea' id='block_1_31' title="bbox 1964 1584 2412 1651">
    <p class='ocr_par' dir='ltr' id='par_1_31' title="bbox 1964 1584 2412 1651">
     <span class='ocr_line' id='line_1_32' title="bbox 1964 1584 2412 1651; baseline 0.002 -17"><span class='ocrx_word' id='word_1_234' title='bbox 1964 1584 2057 1635; x_wconf 86' lang='lat' dir='ltr'><strong>rat</strong></span> <span class='ocrx_word' id='word_1_235' title='bbox 2084 1584 2412 1651; x_wconf 66' lang='lat' dir='ltr'><strong>prasstaret.</strong></span> 
     </span>
    </p>
   </div>
   <div class='ocr_carea' id='block_1_32' title="bbox 2036 1669 3611 1742">
    <p class='ocr_par' dir='ltr' id='par_1_32' title="bbox 2036 1669 3611 1742">
     <span class='ocr_line' id='line_1_33' title="bbox 2036 1669 3611 1742; baseline 0.001 -18"><span class='ocrx_word' id='word_1_236' title='bbox 2036 1670 2208 1741; x_wconf 82' lang='lat' dir='ltr'><strong>Regis</strong></span> <span class='ocrx_word' id='word_1_237' title='bbox 2231 1670 2430 1740; x_wconf 87' lang='lat' dir='ltr'><strong>itaque</strong></span> <span class='ocrx_word' id='word_1_238' title='bbox 2454 1669 2613 1725; x_wconf 89' lang='lat' dir='ltr'><strong>ﬁlius</strong></span> <span class='ocrx_word' id='word_1_239' title='bbox 2627 1669 2688 1725; x_wconf 91' lang='lat' dir='ltr'><strong>in</strong></span> <span class='ocrx_word' id='word_1_240' title='bbox 2703 1669 2992 1741; x_wconf 86' lang='lat' dir='ltr'><strong>palatium</strong></span> <span class='ocrx_word' id='word_1_241' title='bbox 3008 1686 3181 1725; x_wconf 91' lang='lat' dir='ltr'><strong>suum</strong></span> <span class='ocrx_word' id='word_1_242' title='bbox 3192 1670 3611 1742; x_wconf 80' lang='lat' dir='ltr'><strong>proﬁciscitur,</strong></span> 
     </span>
    </p>
   </div>
   <div class='ocr_carea' id='block_1_33' title="bbox 1966 1758 3614 1832">
    <p class='ocr_par' dir='ltr' id='par_1_33' title="bbox 1966 1758 3614 1832">
     <span class='ocr_line' id='line_1_34' title="bbox 1966 1758 3614 1832; baseline 0.001 -18"><span class='ocrx_word' id='word_1_243' title='bbox 1966 1775 2086 1814; x_wconf 91' lang='lat' dir='ltr'><strong>non</strong></span> <span class='ocrx_word' id='word_1_244' title='bbox 2107 1775 2277 1814; x_wconf 90' lang='lat' dir='ltr'><strong>secus</strong></span> <span class='ocrx_word' id='word_1_245' title='bbox 2294 1763 2473 1829; x_wconf 90' lang='lat' dir='ltr'><strong>atque</strong></span> <span class='ocrx_word' id='word_1_246' title='bbox 2489 1758 2834 1830; x_wconf 85' lang='lat' dir='ltr'><strong>Olympicus</strong></span> <span class='ocrx_word' id='word_1_247' title='bbox 2847 1758 3089 1830; x_wconf 91' lang='lat' dir='ltr'><strong>quidam</strong></span> <span class='ocrx_word' id='word_1_248' title='bbox 3110 1759 3614 1832; x_wconf 85' lang='lat' dir='ltr'><strong>victor,superatis</strong></span> 
     </span>
    </p>
   </div>
   <div class='ocr_carea' id='block_1_34' title="bbox 176 1849 1859 1931">
    <p class='ocr_par' dir='ltr' id='par_1_34' title="bbox 176 1849 1853 1930">
     <span class='ocr_line' id='line_1_35' title="bbox 176 1849 1853 1930; baseline -0.002 -21"><span class='ocrx_word' id='word_1_249' title='bbox 176 1851 391 1909; x_wconf 89' lang='grc' dir='ltr'>πάλων</span> <span class='ocrx_word' id='word_1_250' title='bbox 422 1853 719 1929; x_wconf 72' lang='grc' dir='ltr'>κρατήσας,</span> <span class='ocrx_word' id='word_1_251' title='bbox 750 1849 896 1929; x_wconf 73' lang='grc' dir='ltr'>’ἔχων</span> <span class='ocrx_word' id='word_1_252' title='bbox 948 1854 1063 1927; x_wconf 87' lang='grc' dir='ltr'>μεθ’</span> <span class='ocrx_word' id='word_1_253' title='bbox 1093 1854 1283 1910; x_wconf 69' lang='grc' dir='ltr'>ἑαυτοῦ</span> <span class='ocrx_word' id='word_1_254' title='bbox 1331 1854 1425 1909; x_wconf 87' lang='grc' dir='ltr'>τὸν</span> <span class='ocrx_word' id='word_1_255' title='bbox 1477 1854 1708 1930; x_wconf 85' lang='grc' dir='ltr'>Ναχὼρ.</span> <span class='ocrx_word' id='word_1_256' title='bbox 1755 1852 1853 1907; x_wconf 81' lang='grc' dir='ltr'><strong>Καὶ</strong></span> 
     </span>
    </p>
   </div>
   <div class='ocr_carea' id='block_1_35' title="bbox 1970 1849 3613 1931">
    <p class='ocr_par' dir='ltr' id='par_1_35' title="bbox 1970 1849 3613 1920">
     <span class='ocr_line' id='line_1_36' title="bbox 1970 1849 3613 1920; baseline 0.001 -14"><span class='ocrx_word' id='word_1_257' title='bbox 1970 1849 2339 1915; x_wconf 86' lang='lat' dir='ltr'><strong>adversariis,</strong></span> <span class='ocrx_word' id='word_1_258' title='bbox 2366 1866 2568 1905; x_wconf 88' lang='lat' dir='ltr'><strong>secum</strong></span> <span class='ocrx_word' id='word_1_259' title='bbox 2598 1850 2925 1906; x_wconf 88' lang='lat' dir='ltr'><strong>Nachorem</strong></span> <span class='ocrx_word' id='word_1_260' title='bbox 2958 1850 3206 1905; x_wconf 88' lang='lat' dir='ltr'><strong>habens.</strong></span> <span class='ocrx_word' id='word_1_261' title='bbox 3238 1852 3424 1916; x_wconf 87' lang='lat' dir='ltr'><strong>Quem</strong></span> <span class='ocrx_word' id='word_1_262' title='bbox 3454 1868 3613 1920; x_wconf 92' lang='lat' dir='ltr'><strong>cum,</strong></span> 
     </span>
    </p>
   </div>
   <div class='ocr_carea' id='block_1_36' title="bbox 176 1937 1851 2021">
    <p class='ocr_par' dir='ltr' id='par_1_36' title="bbox 176 1937 1851 2021">
     <span class='ocr_line' id='line_1_37' title="bbox 176 1937 1851 2021; baseline -0.001 -23"><span class='ocrx_word' id='word_1_263' title='bbox 176 1941 333 1998; x_wconf 71' lang='grc' dir='ltr'>κανᾶ</span> <span class='ocrx_word' id='word_1_264' title='bbox 367 1939 537 2015; x_wconf 90' lang='grc' dir='ltr'>μόνας</span> <span class='ocrx_word' id='word_1_265' title='bbox 575 1940 809 2005; x_wconf 76' lang='grc' dir='ltr'>καλέσάς</span> <span class='ocrx_word' id='word_1_266' title='bbox 859 1941 1017 1998; x_wconf 74' lang='grc' dir='ltr'>αὐτὸν</span> <span class='ocrx_word' id='word_1_267' title='bbox 1073 1937 1199 2021; x_wconf 70' lang='grc' dir='ltr'>ἔφη’</span> <span class='ocrx_word' id='word_1_268' title='bbox 1234 1944 1327 2014; x_wconf 80' lang='grc' dir='ltr'><strong>Μὴ</strong></span> <span class='ocrx_word' id='word_1_269' title='bbox 1387 1942 1619 2018; x_wconf 77' lang='grc' dir='ltr'>νομίσῃς</span> <span class='ocrx_word' id='word_1_270' title='bbox 1651 1944 1851 2007; x_wconf 76' lang='grc' dir='ltr'>λανθά-</span> 
     </span>
    </p>
   </div>
   <div class='ocr_carea' id='block_1_37' title="bbox 176 2028 1847 2108">
    <p class='ocr_par' dir='ltr' id='par_1_37' title="bbox 176 2028 1847 2108">
     <span class='ocr_line' id='line_1_38' title="bbox 176 2028 1847 2108; baseline -0.001 -20"><span class='ocrx_word' id='word_1_271' title='bbox 176 2052 299 2088; x_wconf 85' lang='grc' dir='ltr'>νειν</span> <span class='ocrx_word' id='word_1_272' title='bbox 336 2029 437 2105; x_wconf 74' lang='grc' dir='ltr'><strong>ἐμὶ</strong></span> <span class='ocrx_word' id='word_1_273' title='bbox 462 2030 529 2087; x_wconf 76' lang='grc' dir='ltr'><strong>τά</strong></span> <span class='ocrx_word' id='word_1_274' title='bbox 576 2031 712 2087; x_wconf 75' lang='grc' dir='ltr'>κατά</span> <span class='ocrx_word' id='word_1_275' title='bbox 769 2032 847 2087; x_wconf 73' lang='grc' dir='ltr'><strong>σὲ*</strong></span> <span class='ocrx_word' id='word_1_276' title='bbox 904 2029 1027 2087; x_wconf 79' lang='grc' dir='ltr'>οἶδα</span> <span class='ocrx_word' id='word_1_277' title='bbox 1082 2029 1184 2108; x_wconf 90' lang='grc' dir='ltr'><strong>γάρ</strong></span> <span class='ocrx_word' id='word_1_278' title='bbox 1236 2053 1293 2088; x_wconf 92' lang='grc' dir='ltr'><strong>σε</strong></span> <span class='ocrx_word' id='word_1_279' title='bbox 1345 2028 1588 2107; x_wconf 84' lang='grc' dir='ltr'>ἀκριϐῶς</span> <span class='ocrx_word' id='word_1_280' title='bbox 1622 2033 1699 2106; x_wconf 82' lang='grc' dir='ltr'>μή</span> <span class='ocrx_word' id='word_1_281' title='bbox 1756 2032 1847 2087; x_wconf 86' lang='grc' dir='ltr'>τὸν</span> 
     </span>
    </p>
   </div>
   <div class='ocr_carea' id='block_1_38' title="bbox 181 2118 1851 2198">
    <p class='ocr_par' dir='ltr' id='par_1_38' title="bbox 181 2118 1851 2198">
     <span class='ocr_line' id='line_1_39' title="bbox 181 2118 1851 2198; baseline -0.001 -22"><span class='ocrx_word' id='word_1_282' title='bbox 181 2120 476 2177; x_wconf 86' lang='grc' dir='ltr'>θειότατον</span> <span class='ocrx_word' id='word_1_283' title='bbox 536 2119 669 2176; x_wconf 75' lang='grc' dir='ltr'>εἶναι</span> <span class='ocrx_word' id='word_1_284' title='bbox 727 2119 1018 2196; x_wconf 75' lang='grc' dir='ltr'>Βαρλαάμ,</span> <span class='ocrx_word' id='word_1_285' title='bbox 1062 2118 1209 2176; x_wconf 78' lang='grc' dir='ltr'>ἀλλὰ</span> <span class='ocrx_word' id='word_1_286' title='bbox 1260 2121 1467 2198; x_wconf 85' lang='grc' dir='ltr'>Ναχὼρ</span> <span class='ocrx_word' id='word_1_287' title='bbox 1520 2120 1611 2176; x_wconf 87' lang='grc' dir='ltr'>τὸν</span> <span class='ocrx_word' id='word_1_288' title='bbox 1654 2120 1851 2196; x_wconf 85' lang='grc' dir='ltr'>ἀστρο-</span> 
     </span>
    </p>
   </div>
   <div class='ocr_carea' id='block_1_39' title="bbox 178 2207 1851 2286">
    <p class='ocr_par' dir='ltr' id='par_1_39' title="bbox 178 2207 1851 2286">
     <span class='ocr_line' id='line_1_40' title="bbox 178 2207 1851 2286; baseline -0.002 -19"><span class='ocrx_word' id='word_1_289' title='bbox 178 2208 389 2286; x_wconf 83' lang='grc' dir='ltr'>λόγον.</span> <span class='ocrx_word' id='word_1_290' title='bbox 424 2207 529 2269; x_wconf 77' lang='grc' dir='ltr'><strong>Καῖ</strong></span> <span class='ocrx_word' id='word_1_291' title='bbox 563 2209 820 2283; x_wconf 81' lang='grc' dir='ltr'>θαυμάζω</span> <span class='ocrx_word' id='word_1_292' title='bbox 851 2214 967 2272; x_wconf 87' lang='grc' dir='ltr'><strong>πῶς</strong></span> <span class='ocrx_word' id='word_1_293' title='bbox 1019 2207 1197 2284; x_wconf 78' lang='grc' dir='ltr'>ἔδοξεν</span> <span class='ocrx_word' id='word_1_294' title='bbox 1253 2211 1379 2285; x_wconf 83' lang='grc' dir='ltr'>ὑμῖν</span> <span class='ocrx_word' id='word_1_295' title='bbox 1411 2208 1675 2281; x_wconf 76' lang='grc' dir='ltr'>τοιαύτην</span> <span class='ocrx_word' id='word_1_296' title='bbox 1710 2210 1851 2266; x_wconf 87' lang='grc' dir='ltr'>ὑπο-</span> 
     </span>
    </p>
   </div>
   <div class='ocr_carea' id='block_1_40' title="bbox 182 2295 1851 2376">
    <p class='ocr_par' dir='ltr' id='par_1_40' title="bbox 182 2295 1851 2376">
     <span class='ocr_line' id='line_1_41' title="bbox 182 2295 1851 2376; baseline -0.001 -22"><span class='ocrx_word' id='word_1_297' title='bbox 182 2300 454 2376; x_wconf 80' lang='grc' dir='ltr'>κριθῆναι</span> <span class='ocrx_word' id='word_1_298' title='bbox 488 2298 772 2375; x_wconf 80' lang='grc' dir='ltr'>ὑπόκρισιν</span> <span class='ocrx_word' id='word_1_299' title='bbox 824 2299 916 2355; x_wconf 82' lang='grc' dir='ltr'><strong>καὶ</strong></span> <span class='ocrx_word' id='word_1_300' title='bbox 945 2300 1180 2375; x_wconf 77' lang='grc' dir='ltr'>τοσαύτῃ</span> <span class='ocrx_word' id='word_1_301' title='bbox 1236 2295 1577 2375; x_wconf 79' lang='grc' dir='ltr'>ἀμϐλυωπίᾳ</span> <span class='ocrx_word' id='word_1_302' title='bbox 1628 2298 1851 2373; x_wconf 90' lang='grc' dir='ltr'>νομίσαι</span> 
     </span>
    </p>
   </div>
   <div class='ocr_carea' id='block_1_41' title="bbox 186 2383 1851 2466">
    <p class='ocr_par' dir='ltr' id='par_1_41' title="bbox 186 2383 1851 2466">
     <span class='ocr_line' id='line_1_42' title="bbox 186 2383 1851 2466; baseline 0 -21"><span class='ocrx_word' id='word_1_303' title='bbox 186 2383 523 2465; x_wconf 88' lang='grc' dir='ltr'>περιϐαλεῖν</span> <span class='ocrx_word' id='word_1_304' title='bbox 587 2408 652 2461; x_wconf 82' lang='grc' dir='ltr'><strong>με</strong></span> <span class='ocrx_word' id='word_1_305' title='bbox 703 2388 874 2464; x_wconf 69' lang='grc' dir='ltr'>μίσης</span> <span class='ocrx_word' id='word_1_306' title='bbox 930 2388 1192 2466; x_wconf 71' lang='grc' dir='ltr'>ἡμέρας,</span> <span class='ocrx_word' id='word_1_307' title='bbox 1245 2388 1332 2445; x_wconf 71' lang='grc' dir='ltr'><strong>ἵνα</strong></span> <span class='ocrx_word' id='word_1_308' title='bbox 1387 2388 1555 2446; x_wconf 91' lang='grc' dir='ltr'>λύκον</span> <span class='ocrx_word' id='word_1_309' title='bbox 1613 2386 1851 2464; x_wconf 70' lang='grc' dir='ltr'>δέξωμαι</span> 
     </span>
    </p>
   </div>
   <div class='ocr_carea' id='block_1_42' title="bbox 182 2474 1853 2557">
    <p class='ocr_par' dir='ltr' id='par_1_42' title="bbox 182 2474 1853 2557">
     <span class='ocr_line' id='line_1_43' title="bbox 182 2474 1853 2557; baseline -0.001 -22"><span class='ocrx_word' id='word_1_310' title='bbox 182 2479 315 2535; x_wconf 79' lang='grc' dir='ltr'>ἀντὶ</span> <span class='ocrx_word' id='word_1_311' title='bbox 374 2474 660 2555; x_wconf 84' lang='grc' dir='ltr'>προϐάτου</span> <span class='ocrx_word' id='word_1_312' title='bbox 708 2479 882 2537; x_wconf 82' lang='grc' dir='ltr'><strong>Ἀλλᾶ</strong></span> <span class='ocrx_word' id='word_1_313' title='bbox 937 2478 1123 2544; x_wconf 89' lang='grc' dir='ltr'>καλῶς</span> <span class='ocrx_word' id='word_1_314' title='bbox 1171 2482 1199 2536; x_wconf 94' lang='lat'><strong>6</strong></span> <span class='ocrx_word' id='word_1_315' title='bbox 1248 2478 1416 2557; x_wconf 84' lang='grc' dir='ltr'>λόγος</span> <span class='ocrx_word' id='word_1_316' title='bbox 1466 2478 1649 2552; x_wconf 57' lang='grc' dir='ltr'>ᾅδεται</span> <span class='ocrx_word' id='word_1_317' title='bbox 1679 2524 1695 2553; x_wconf 94' lang='grc'><strong>,</strong></span> <span class='ocrx_word' id='word_1_318' title='bbox 1768 2481 1853 2535; x_wconf 83' lang='grc' dir='ltr'>δτι</span> 
     </span>
    </p>
   </div>
   <div class='ocr_carea' id='block_1_43' title="bbox 187 2566 1853 2647">
    <p class='ocr_par' dir='ltr' id='par_1_43' title="bbox 187 2566 1853 2647">
     <span class='ocr_line' id='line_1_44' title="bbox 187 2566 1853 2647; baseline -0.002 -21"><span class='ocrx_word' id='word_1_319' title='bbox 187 2566 411 2645; x_wconf 78' lang='grc' dir='ltr'>Καρδία</span> <span class='ocrx_word' id='word_1_320' title='bbox 444 2574 631 2647; x_wconf 70' lang='grc' dir='ltr'>μωροῦ</span> <span class='ocrx_word' id='word_1_321' title='bbox 669 2591 870 2644; x_wconf 87' lang='grc' dir='ltr'>ματαια</span> <span class='ocrx_word' id='word_1_322' title='bbox 917 2572 1106 2642; x_wconf 69' lang='grc' dir='ltr'>νοήσει</span> <span class='ocrx_word' id='word_1_323' title='bbox 1158 2573 1292 2645; x_wconf 85' lang='grc'><strong>(82).</strong></span> <span class='ocrx_word' id='word_1_324' title='bbox 1341 2571 1417 2628; x_wconf 86' lang='grc' dir='ltr'><strong>Τὸ</strong></span> <span class='ocrx_word' id='word_1_325' title='bbox 1452 2571 1545 2644; x_wconf 79' lang='grc' dir='ltr'>μὶν</span> <span class='ocrx_word' id='word_1_326' title='bbox 1581 2568 1672 2625; x_wconf 78' lang='grc' dir='ltr'><strong>οὗν</strong></span> <span class='ocrx_word' id='word_1_327' title='bbox 1704 2568 1853 2624; x_wconf 68' lang='grc' dir='ltr'>ἐνθύ-</span> 
     </span>
    </p>
   </div>
   <div class='ocr_carea' id='block_1_44' title="bbox 199 2658 1849 2737">
    <p class='ocr_par' dir='ltr' id='par_1_44' title="bbox 199 2658 1849 2737">
     <span class='ocr_line' id='line_1_45' title="bbox 199 2658 1849 2737; baseline 0 -22"><span class='ocrx_word' id='word_1_328' title='bbox 199 2680 376 2733; x_wconf 85' lang='grc' dir='ltr'>μημα</span> <span class='ocrx_word' id='word_1_329' title='bbox 405 2664 561 2715; x_wconf 70' lang='grc' dir='ltr'>τοῦτο</span> <span class='ocrx_word' id='word_1_330' title='bbox 594 2661 685 2715; x_wconf 78' lang='grc' dir='ltr'><strong>καὶ</strong></span> <span class='ocrx_word' id='word_1_331' title='bbox 721 2658 1004 2737; x_wconf 83' lang='grc' dir='ltr'>βούλευμα</span> <span class='ocrx_word' id='word_1_332' title='bbox 1040 2663 1192 2735; x_wconf 77' lang='grc' dir='ltr'>ὑμῶν</span> <span class='ocrx_word' id='word_1_333' title='bbox 1223 2658 1400 2717; x_wconf 75' lang='grc' dir='ltr'>ἕωλον</span> <span class='ocrx_word' id='word_1_334' title='bbox 1428 2664 1493 2731; x_wconf 75' lang='grc' dir='ltr'>ἦν</span> <span class='ocrx_word' id='word_1_335' title='bbox 1534 2661 1625 2716; x_wconf 79' lang='grc' dir='ltr'><strong>καὶ</strong></span> <span class='ocrx_word' id='word_1_336' title='bbox 1674 2660 1849 2731; x_wconf 88' lang='grc' dir='ltr'>πάντη</span> 
     </span>
    </p>
   </div>
   <div class='ocr_carea' id='block_1_45' title="bbox 189 2743 1854 2828">
    <p class='ocr_par' dir='ltr' id='par_1_45' title="bbox 189 2743 1854 2828">
     <span class='ocr_line' id='line_1_46' title="bbox 189 2743 1854 2828; baseline 0 -24"><span class='ocrx_word' id='word_1_337' title='bbox 189 2747 455 2819; x_wconf 59' lang='grc' dir='ltr'>ἀνόητον</span> <span class='ocrx_word' id='word_1_338' title='bbox 486 2750 548 2804; x_wconf 86' lang='grc' dir='ltr'>τὸ</span> <span class='ocrx_word' id='word_1_339' title='bbox 592 2746 651 2805; x_wconf 80' lang='grc' dir='ltr'><strong>δὶ</strong></span> <span class='ocrx_word' id='word_1_340' title='bbox 692 2743 846 2827; x_wconf 79' lang='grc' dir='ltr'>ἔργον</span> <span class='ocrx_word' id='word_1_341' title='bbox 878 2750 908 2805; x_wconf 82' lang='grc' dir='ltr'><strong>’ὁ</strong></span> <span class='ocrx_word' id='word_1_342' title='bbox 935 2750 1167 2828; x_wconf 77' lang='grc' dir='ltr'>εἰργάσω</span> <span class='ocrx_word' id='word_1_343' title='bbox 1215 2750 1394 2821; x_wconf 83' lang='grc' dir='ltr'>πάσης</span> <span class='ocrx_word' id='word_1_344' title='bbox 1436 2749 1548 2806; x_wconf 81' lang='grc' dir='ltr'>ἐστὶ</span> <span class='ocrx_word' id='word_1_345' title='bbox 1592 2750 1854 2813; x_wconf 72' lang='grc' dir='ltr'>συνέσεως</span> 
     </span>
    </p>
   </div>
   <div class='ocr_carea' id='block_1_46' title="bbox 194 2836 1849 2917">
    <p class='ocr_par' dir='ltr' id='par_1_46' title="bbox 194 2836 1849 2917">
     <span class='ocr_line' id='line_1_47' title="bbox 194 2836 1849 2917; baseline -0.001 -23"><span class='ocrx_word' id='word_1_346' title='bbox 194 2837 671 2913; x_wconf 69' lang='grc' dir='ltr'>πεπληρωμένον.</span> <span class='ocrx_word' id='word_1_347' title='bbox 733 2838 827 2895; x_wconf 83' lang='grc' dir='ltr'>Διὸ</span> <span class='ocrx_word' id='word_1_348' title='bbox 884 2844 1047 2916; x_wconf 84' lang='grc' dir='ltr'>χαῖρε</span> <span class='ocrx_word' id='word_1_349' title='bbox 1081 2884 1095 2911; x_wconf 93' lang='grc'><strong>,</strong></span> <span class='ocrx_word' id='word_1_350' title='bbox 1146 2841 1377 2915; x_wconf 88' lang='grc' dir='ltr'>Ναχὼρ,</span> <span class='ocrx_word' id='word_1_351' title='bbox 1434 2838 1525 2894; x_wconf 79' lang='grc' dir='ltr'><strong>καὶ</strong></span> <span class='ocrx_word' id='word_1_352' title='bbox 1578 2836 1849 2917; x_wconf 73' lang='grc' dir='ltr'>ἀγαλλιῶσ</span> 
     </span>
    </p>
   </div>
   <div class='ocr_carea' id='block_1_47' title="bbox 187 2926 1850 3006">
    <p class='ocr_par' dir='ltr' id='par_1_47' title="bbox 187 2926 1850 3006">
     <span class='ocr_line' id='line_1_48' title="bbox 187 2926 1850 3006; baseline -0.001 -22"><span class='ocrx_word' id='word_1_353' title='bbox 187 2926 415 2991; x_wconf 72' lang='grc' dir='ltr'>πολλάς</span> <span class='ocrx_word' id='word_1_354' title='bbox 446 2929 547 3006; x_wconf 77' lang='grc' dir='ltr'><strong>γὰρ</strong></span> <span class='ocrx_word' id='word_1_355' title='bbox 580 2950 663 2984; x_wconf 92' lang='grc' dir='ltr'><strong>σοι</strong></span> <span class='ocrx_word' id='word_1_356' title='bbox 696 2928 925 3006; x_wconf 84' lang='grc' dir='ltr'>χάριτας</span> <span class='ocrx_word' id='word_1_357' title='bbox 965 2931 1258 3006; x_wconf 76' lang='grc' dir='ltr'>ὁμολογῶ,</span> <span class='ocrx_word' id='word_1_358' title='bbox 1310 2932 1459 2989; x_wconf 66' lang='grc'><strong>267</strong></span> <span class='ocrx_word' id='word_1_359' title='bbox 1508 2928 1590 2985; x_wconf 79' lang='grc' dir='ltr'>δτι</span> <span class='ocrx_word' id='word_1_360' title='bbox 1619 2930 1850 3005; x_wconf 68' lang='grc' dir='ltr'><strong>συνῆγο⁹</strong></span> 
     </span>
    </p>
   </div>
   <div class='ocr_carea' id='block_1_48' title="bbox 190 3016 1855 3097">
    <p class='ocr_par' dir='ltr' id='par_1_48' title="bbox 190 3016 1855 3097">
     <span class='ocr_line' id='line_1_49' title="bbox 190 3016 1855 3097; baseline 0.001 -24"><span class='ocrx_word' id='word_1_361' title='bbox 190 3040 298 3095; x_wconf 89' lang='grc' dir='ltr'><strong>ρος</strong></span> <span class='ocrx_word' id='word_1_362' title='bbox 331 3020 570 3095; x_wconf 72' lang='grc' dir='ltr'>σήμερον</span> <span class='ocrx_word' id='word_1_363' title='bbox 619 3026 720 3089; x_wconf 84' lang='grc' dir='ltr'><strong>τῆς</strong></span> <span class='ocrx_word' id='word_1_364' title='bbox 768 3016 1026 3089; x_wconf 76' lang='grc' dir='ltr'>ἀληθείας</span> <span class='ocrx_word' id='word_1_365' title='bbox 1080 3020 1329 3097; x_wconf 68' lang='grc' dir='ltr'>γέγονας,</span> <span class='ocrx_word' id='word_1_366' title='bbox 1361 3020 1451 3075; x_wconf 85' lang='grc' dir='ltr'><strong>καὶ</strong></span> <span class='ocrx_word' id='word_1_367' title='bbox 1483 3018 1587 3075; x_wconf 71' lang='grc' dir='ltr'><strong>οὐκ</strong></span> <span class='ocrx_word' id='word_1_368' title='bbox 1632 3018 1855 3094; x_wconf 83' lang='grc' dir='ltr'>ἐμίανας</span> 
     </span>
    </p>
   </div>
   <div class='ocr_carea' id='block_1_49' title="bbox 184 3106 1851 3186">
    <p class='ocr_par' dir='ltr' id='par_1_49' title="bbox 184 3106 1851 3186">
     <span class='ocr_line' id='line_1_50' title="bbox 184 3106 1851 3186; baseline -0.001 -21"><span class='ocrx_word' id='word_1_369' title='bbox 184 3110 261 3165; x_wconf 75' lang='grc' dir='ltr'><strong>τά</strong></span> <span class='ocrx_word' id='word_1_370' title='bbox 299 3106 461 3186; x_wconf 88' lang='grc' dir='ltr'>χείλη</span> <span class='ocrx_word' id='word_1_371' title='bbox 506 3129 604 3163; x_wconf 87' lang='grc' dir='ltr'><strong>σοκ</strong></span> <span class='ocrx_word' id='word_1_372' title='bbox 660 3107 849 3185; x_wconf 86' lang='grc' dir='ltr'>λόγοις</span> <span class='ocrx_word' id='word_1_373' title='bbox 907 3114 1128 3184; x_wconf 82' lang='grc' dir='ltr'>μιαροῖς</span> <span class='ocrx_word' id='word_1_374' title='bbox 1184 3107 1274 3164; x_wconf 84' lang='grc' dir='ltr'><strong>καὶ</strong></span> <span class='ocrx_word' id='word_1_375' title='bbox 1336 3108 1613 3186; x_wconf 82' lang='grc' dir='ltr'>ὑποκρίσει</span> <span class='ocrx_word' id='word_1_376' title='bbox 1669 3106 1851 3185; x_wconf 73' lang='grc' dir='ltr'>δολία,</span> 
     </span>
    </p>
   </div>
   <div class='ocr_carea' id='block_1_50' title="bbox 189 3197 1929 3302">
    <p class='ocr_par' dir='ltr' id='par_1_50' title="bbox 189 3197 1929 3302">
     <span class='ocr_line' id='line_1_51' title="bbox 189 3197 1929 3302; baseline 0 -48"><span class='ocrx_word' id='word_1_377' title='bbox 189 3197 351 3254; x_wconf 79' lang='grc' dir='ltr'><strong>ἀλλᾶ</strong></span> <span class='ocrx_word' id='word_1_378' title='bbox 378 3203 486 3302; x_wconf 80' lang='grc' dir='ltr'><strong>τῶν</strong></span> <span class='ocrx_word' id='word_1_379' title='bbox 528 3197 755 3254; x_wconf 77' lang='grc' dir='ltr'>πολλῶν</span> <span class='ocrx_word' id='word_1_380' title='bbox 816 3198 1029 3302; x_wconf 71' lang='grc' dir='ltr'>μᾶλλον</span> <span class='ocrx_word' id='word_1_381' title='bbox 1082 3198 1405 3302; x_wconf 31' lang='grc' dir='ltr'>ἐξεκάὶθριρας</span> <span class='ocrx_word' id='word_1_382' title='bbox 1460 3197 1852 3275; x_wconf 78' lang='grc' dir='ltr'>μολυσμάτων,</span> <span class='ocrx_word' id='word_1_383' title='bbox 1885 3234 1929 3302; x_wconf 74' lang='lat' dir='ltr'>c</span> 
     </span>
    </p>
   </div>
   <div class='ocr_carea' id='block_1_51' title="bbox 187 3284 1852 3364">
    <p class='ocr_par' dir='ltr' id='par_1_51' title="bbox 187 3284 1852 3364">
     <span class='ocr_line' id='line_1_52' title="bbox 187 3284 1852 3364; baseline -0.002 -19"><span class='ocrx_word' id='word_1_384' title='bbox 187 3289 303 3358; x_wconf 72' lang='grc' dir='ltr'>τὴν</span> <span class='ocrx_word' id='word_1_385' title='bbox 335 3286 550 3359; x_wconf 85' lang='grc' dir='ltr'>πλάνην</span> <span class='ocrx_word' id='word_1_386' title='bbox 578 3292 685 3343; x_wconf 90' lang='grc' dir='ltr'><strong>τῶν</strong></span> <span class='ocrx_word' id='word_1_387' title='bbox 711 3285 1078 3361; x_wconf 80' lang='grc' dir='ltr'>ψευδωνύμὼν</span> <span class='ocrx_word' id='word_1_388' title='bbox 1141 3284 1415 3364; x_wconf 71' lang='grc' dir='ltr'>διελέγξας</span> <span class='ocrx_word' id='word_1_389' title='bbox 1446 3290 1582 3345; x_wconf 88' lang='grc' dir='ltr'>θεῶν</span> <span class='ocrx_word' id='word_1_390' title='bbox 1633 3289 1723 3344; x_wconf 73' lang='grc' dir='ltr'><strong>καὶ</strong></span> <span class='ocrx_word' id='word_1_391' title='bbox 1754 3290 1852 3359; x_wconf 78' lang='grc' dir='ltr'>τὴν</span> 
     </span>
    </p>
   </div>
   <div class='ocr_carea' id='block_1_52' title="bbox 190 3375 1853 3455">
    <p class='ocr_par' dir='ltr' id='par_1_52' title="bbox 190 3375 1853 3455">
     <span class='ocr_line' id='line_1_53' title="bbox 190 3375 1853 3455; baseline 0.001 -21"><span class='ocrx_word' id='word_1_392' title='bbox 190 3377 465 3449; x_wconf 70' lang='grc' dir='ltr'>ἀλήθείαν</span> <span class='ocrx_word' id='word_1_393' title='bbox 526 3379 634 3432; x_wconf 85' lang='grc' dir='ltr'><strong>τῶν</strong></span> <span class='ocrx_word' id='word_1_394' title='bbox 715 3378 1111 3453; x_wconf 86' lang='grc' dir='ltr'>Χριστιανικῶν</span> <span class='ocrx_word' id='word_1_395' title='bbox 1197 3375 1485 3453; x_wconf 82' lang='grc' dir='ltr'>δογμάτων</span> <span class='ocrx_word' id='word_1_396' title='bbox 1566 3380 1853 3455; x_wconf 87' lang='grc' dir='ltr'>κρατύνας.</span> 
     </span>
    </p>
   </div>
   <div class='ocr_carea' id='block_1_53' title="bbox 188 3464 1854 3544">
    <p class='ocr_par' dir='ltr' id='par_1_53' title="bbox 188 3464 1854 3544">
     <span class='ocr_line' id='line_1_54' title="bbox 188 3464 1854 3544; baseline -0.001 -18"><span class='ocrx_word' id='word_1_397' title='bbox 188 3467 353 3543; x_wconf 81' lang='grc' dir='ltr'><strong>Ἐγὼ</strong></span> <span class='ocrx_word' id='word_1_398' title='bbox 385 3465 441 3523; x_wconf 73' lang='grc' dir='ltr'><strong>δὲ</strong></span> <span class='ocrx_word' id='word_1_399' title='bbox 468 3465 773 3523; x_wconf 75' lang='grc' dir='ltr'>ἐσπούδασα</span> <span class='ocrx_word' id='word_1_400' title='bbox 812 3468 1032 3544; x_wconf 85' lang='grc' dir='ltr'>ἀγαγεῖν</span> <span class='ocrx_word' id='word_1_401' title='bbox 1075 3488 1133 3523; x_wconf 88' lang='grc' dir='ltr'><strong>σε</strong></span> <span class='ocrx_word' id='word_1_402' title='bbox 1189 3471 1306 3541; x_wconf 79' lang='grc' dir='ltr'>μετ’</span> <span class='ocrx_word' id='word_1_403' title='bbox 1336 3464 1473 3542; x_wconf 79' lang='grc' dir='ltr'><strong>ἔμοῦ</strong></span> <span class='ocrx_word' id='word_1_404' title='bbox 1505 3467 1654 3525; x_wconf 85' lang='grc' dir='ltr'>δυοῖν</span> <span class='ocrx_word' id='word_1_405' title='bbox 1679 3466 1854 3525; x_wconf 72' lang='grc' dir='ltr'>ἕνεκασ</span> 
     </span>
    </p>
   </div>
   <div class='ocr_carea' id='block_1_54' title="bbox 186 3554 1860 3635">
    <p class='ocr_par' dir='ltr' id='par_1_54' title="bbox 186 3554 1860 3635">
     <span class='ocr_line' id='line_1_55' title="bbox 186 3554 1860 3635; baseline 0.001 -23"><span class='ocrx_word' id='word_1_406' title='bbox 186 3556 298 3613; x_wconf 74' lang='grc' dir='ltr'>’ίνα</span> <span class='ocrx_word' id='word_1_407' title='bbox 353 3557 453 3631; x_wconf 80' lang='grc' dir='ltr'><strong>μή,</strong></span> <span class='ocrx_word' id='word_1_408' title='bbox 481 3556 618 3613; x_wconf 81' lang='grc' dir='ltr'>κατᾶ</span> <span class='ocrx_word' id='word_1_409' title='bbox 667 3557 835 3630; x_wconf 90' lang='grc' dir='ltr'>μόνας</span> <span class='ocrx_word' id='word_1_410' title='bbox 864 3557 892 3612; x_wconf 94' lang='lat'><strong>6</strong></span> <span class='ocrx_word' id='word_1_411' title='bbox 932 3556 1187 3633; x_wconf 80' lang='grc' dir='ltr'>βασιλεὺς</span> <span class='ocrx_word' id='word_1_412' title='bbox 1247 3554 1432 3615; x_wconf 87' lang='grc' dir='ltr'>λαϐὼν</span> <span class='ocrx_word' id='word_1_413' title='bbox 1484 3580 1563 3629; x_wconf 87' lang='grc' dir='ltr'><strong>σε,</strong></span> <span class='ocrx_word' id='word_1_414' title='bbox 1607 3561 1860 3635; x_wconf 75' lang='grc' dir='ltr'>τιμωρή-</span> 
     </span>
    </p>
   </div>
   <div class='ocr_carea' id='block_1_55' title="bbox 191 3643 1861 3725">
    <p class='ocr_par' dir='ltr' id='par_1_55' title="bbox 191 3643 1861 3725">
     <span class='ocr_line' id='line_1_56' title="bbox 191 3643 1861 3725; baseline 0.001 -25"><span class='ocrx_word' id='word_1_415' title='bbox 191 3646 366 3717; x_wconf 76' lang='grc' dir='ltr'>σήται</span> <span class='ocrx_word' id='word_1_416' title='bbox 419 3643 504 3720; x_wconf 73' lang='grc' dir='ltr'><strong>ἐφ’</strong></span> <span class='ocrx_word' id='word_1_417' title='bbox 551 3646 597 3718; x_wconf 83' lang='grc' dir='ltr'>ᾧ</span> <span class='ocrx_word' id='word_1_418' title='bbox 656 3643 718 3700; x_wconf 82' lang='grc' dir='ltr'><strong>ού</strong></span> <span class='ocrx_word' id='word_1_419' title='bbox 766 3645 834 3700; x_wconf 80' lang='grc' dir='ltr'><strong>τὰ</strong></span> <span class='ocrx_word' id='word_1_420' title='bbox 883 3644 1193 3720; x_wconf 79' lang='grc' dir='ltr'>καταθύμια</span> <span class='ocrx_word' id='word_1_421' title='bbox 1242 3644 1409 3720; x_wconf 78' lang='grc' dir='ltr'>αὐτῷ·</span> <span class='ocrx_word' id='word_1_422' title='bbox 1445 3645 1711 3725; x_wconf 75' lang='grc' dir='ltr'><strong>ἐφθέγξω,</strong></span> <span class='ocrx_word' id='word_1_423' title='bbox 1769 3648 1861 3702; x_wconf 79' lang='grc' dir='ltr'><strong>καῖ</strong></span> 
     </span>
    </p>
   </div>
   <div class='ocr_carea' id='block_1_56' title="bbox 192 3731 1862 3812">
    <p class='ocr_par' dir='ltr' id='par_1_56' title="bbox 192 3731 1862 3812">
     <span class='ocr_line' id='line_1_57' title="bbox 192 3731 1862 3812; baseline 0.001 -22"><span class='ocrx_word' id='word_1_424' title='bbox 192 3733 298 3790; x_wconf 76' lang='grc' dir='ltr'>’ίνα</span> <span class='ocrx_word' id='word_1_425' title='bbox 355 3734 455 3804; x_wconf 73' lang='grc' dir='ltr'>τὴν</span> <span class='ocrx_word' id='word_1_426' title='bbox 507 3731 668 3810; x_wconf 86' lang='grc' dir='ltr'>χάριν</span> <span class='ocrx_word' id='word_1_427' title='bbox 715 3732 939 3806; x_wconf 88' lang='grc' dir='ltr'>ταύτην,</span> <span class='ocrx_word' id='word_1_428' title='bbox 996 3734 1061 3804; x_wconf 73' lang='grc' dir='ltr'>ἣν</span> <span class='ocrx_word' id='word_1_429' title='bbox 1123 3735 1365 3812; x_wconf 82' lang='grc' dir='ltr'>σήμερον</span> <span class='ocrx_word' id='word_1_430' title='bbox 1418 3734 1677 3812; x_wconf 81' lang='grc' dir='ltr'>είργάσω,</span> <span class='ocrx_word' id='word_1_431' title='bbox 1737 3738 1862 3792; x_wconf 74' lang='grc' dir='ltr'>ἅντ-</span> 
     </span>
    </p>
   </div>
   <div class='ocr_carea' id='block_1_57' title="bbox 196 3819 1864 3900">
    <p class='ocr_par' dir='ltr' id='par_1_57' title="bbox 196 3819 1864 3900">
     <span class='ocr_line' id='line_1_58' title="bbox 196 3819 1864 3900; baseline 0 -19"><span class='ocrx_word' id='word_1_432' title='bbox 196 3822 555 3899; x_wconf 74' lang='grc' dir='ltr'>αμείψωμαι.</span> <span class='ocrx_word' id='word_1_433' title='bbox 588 3822 685 3885; x_wconf 84' lang='grc' dir='ltr'>Τίς</span> <span class='ocrx_word' id='word_1_434' title='bbox 717 3819 774 3878; x_wconf 76' lang='grc' dir='ltr'><strong>δὲ</strong></span> <span class='ocrx_word' id='word_1_435' title='bbox 818 3826 854 3894; x_wconf 83' lang='grc' dir='ltr'>ἡ</span> <span class='ocrx_word' id='word_1_436' title='bbox 915 3820 1277 3899; x_wconf 74' lang='grc' dir='ltr'>ἂντάμειψιςς</span> <span class='ocrx_word' id='word_1_437' title='bbox 1329 3826 1407 3883; x_wconf 87' lang='grc' dir='ltr'>Τὸ</span> <span class='ocrx_word' id='word_1_438' title='bbox 1466 3821 1747 3900; x_wconf 77' lang='grc' dir='ltr'>ὕποδεῖξαί</span> <span class='ocrx_word' id='word_1_439' title='bbox 1779 3847 1864 3881; x_wconf 92' lang='grc' dir='ltr'><strong>σοι</strong></span> 
     </span>
    </p>
   </div>
   <div class='ocr_carea' id='block_1_58' title="bbox 206 3912 1863 3993">
    <p class='ocr_par' dir='ltr' id='par_1_58' title="bbox 206 3912 1863 3993">
     <span class='ocr_line' id='line_1_59' title="bbox 206 3912 1863 3993; baseline -0.001 -19"><span class='ocrx_word' id='word_1_440' title='bbox 206 3915 461 3974; x_wconf 69' lang='grc' dir='ltr'>ἐκκλῖναι</span> <span class='ocrx_word' id='word_1_441' title='bbox 498 3917 597 3985; x_wconf 78' lang='grc' dir='ltr'><strong>τῆς</strong></span> <span class='ocrx_word' id='word_1_442' title='bbox 632 3919 872 3990; x_wconf 83' lang='grc' dir='ltr'>πονηρᾶς</span> <span class='ocrx_word' id='word_1_443' title='bbox 931 3912 1060 3971; x_wconf 77' lang='grc' dir='ltr'>ὁδοῦ</span> <span class='ocrx_word' id='word_1_444' title='bbox 1115 3914 1207 3971; x_wconf 85' lang='grc' dir='ltr'><strong>καὶ</strong></span> <span class='ocrx_word' id='word_1_445' title='bbox 1261 3913 1559 3993; x_wconf 81' lang='grc' dir='ltr'>ὀλισθηρᾶς</span> <span class='ocrx_word' id='word_1_446' title='bbox 1589 3918 1655 3987; x_wconf 73' lang='grc' dir='ltr'>ἢν</span> <span class='ocrx_word' id='word_1_447' title='bbox 1695 3915 1863 3973; x_wconf 80' lang='grc' dir='ltr'>ὥδευ-</span> 
     </span>
    </p>
   </div>
   <div class='ocr_carea' id='block_1_59' title="bbox 208 4002 1866 4081">
    <p class='ocr_par' dir='ltr' id='par_1_59' title="bbox 208 4002 1866 4081">
     <span class='ocr_line' id='line_1_60' title="bbox 208 4002 1866 4081; baseline 0 -18"><span class='ocrx_word' id='word_1_448' title='bbox 208 4028 311 4070; x_wconf 85' lang='grc' dir='ltr'><strong>σας</strong></span> <span class='ocrx_word' id='word_1_449' title='bbox 356 4002 462 4070; x_wconf 72' lang='grc' dir='ltr'>’ἕως</span> <span class='ocrx_word' id='word_1_450' title='bbox 516 4009 632 4077; x_wconf 76' lang='grc' dir='ltr'>νῦν,</span> <span class='ocrx_word' id='word_1_451' title='bbox 678 4011 1014 4081; x_wconf 81' lang='grc' dir='ltr'>πορευθῆναι</span> <span class='ocrx_word' id='word_1_452' title='bbox 1067 4003 1125 4061; x_wconf 70' lang='grc' dir='ltr'><strong>δὲ</strong></span> <span class='ocrx_word' id='word_1_453' title='bbox 1153 4007 1250 4076; x_wconf 82' lang='grc' dir='ltr'><strong>τήν</strong></span> <span class='ocrx_word' id='word_1_454' title='bbox 1284 4006 1488 4062; x_wconf 79' lang='grc' dir='ltr'>εὐθεῖαν</span> <span class='ocrx_word' id='word_1_455' title='bbox 1542 4004 1632 4063; x_wconf 79' lang='grc' dir='ltr'><strong>καὶ</strong></span> <span class='ocrx_word' id='word_1_456' title='bbox 1687 4008 1866 4079; x_wconf 81' lang='grc' dir='ltr'>σωτή-</span> 
     </span>
    </p>
   </div>
   <div class='ocr_carea' id='block_1_60' title="bbox 208 4090 1868 4175">
    <p class='ocr_par' dir='ltr' id='par_1_60' title="bbox 208 4090 1868 4175">
     <span class='ocr_line' id='line_1_61' title="bbox 208 4090 1868 4175; baseline 0.001 -24"><span class='ocrx_word' id='word_1_457' title='bbox 208 4117 335 4175; x_wconf 86' lang='grc' dir='ltr'>ριον</span> <span class='ocrx_word' id='word_1_458' title='bbox 360 4090 575 4174; x_wconf 86' lang='grc' dir='ltr'>τρίϐον,</span> <span class='ocrx_word' id='word_1_459' title='bbox 607 4094 672 4165; x_wconf 73' lang='grc' dir='ltr'>ἣν</span> <span class='ocrx_word' id='word_1_460' title='bbox 719 4095 822 4151; x_wconf 75' lang='grc' dir='ltr'><strong>οὐκ</strong></span> <span class='ocrx_word' id='word_1_461' title='bbox 878 4095 1107 4171; x_wconf 83' lang='grc' dir='ltr'>ἀγνοῶν,</span> <span class='ocrx_word' id='word_1_462' title='bbox 1151 4093 1280 4152; x_wconf 77' lang='grc' dir='ltr'>ἀλλ’</span> <span class='ocrx_word' id='word_1_463' title='bbox 1336 4093 1577 4161; x_wconf 79' lang='grc' dir='ltr'>ἐθελοντῖ</span> <span class='ocrx_word' id='word_1_464' title='bbox 1633 4116 1868 4173; x_wconf 89' lang='grc' dir='ltr'>κακουρ-</span> 
     </span>
    </p>
   </div>
   <div class='ocr_carea' id='block_1_61' title="bbox 200 4183 1869 4263">
    <p class='ocr_par' dir='ltr' id='par_1_61' title="bbox 200 4183 1869 4263">
     <span class='ocr_line' id='line_1_62' title="bbox 200 4183 1869 4263; baseline 0.002 -25"><span class='ocrx_word' id='word_1_465' title='bbox 200 4190 371 4263; x_wconf 84' lang='grc' dir='ltr'>γῶν,</span> <span class='ocrx_word' id='word_1_466' title='bbox 430 4183 723 4261; x_wconf 73' lang='grc' dir='ltr'>ἐξὲφυγες,</span> <span class='ocrx_word' id='word_1_467' title='bbox 785 4184 1080 4261; x_wconf 87' lang='grc' dir='ltr'>βαράθροις</span> <span class='ocrx_word' id='word_1_468' title='bbox 1138 4183 1230 4239; x_wconf 78' lang='grc' dir='ltr'><strong>καὶ</strong></span> <span class='ocrx_word' id='word_1_469' title='bbox 1305 4190 1576 4261; x_wconf 89' lang='grc' dir='ltr'>κρημνοῖς</span> <span class='ocrx_word' id='word_1_470' title='bbox 1641 4185 1869 4261; x_wconf 84' lang='grc' dir='ltr'>ἀνομίας</span> 
     </span>
    </p>
   </div>
   <div class='ocr_carea' id='block_1_62' title="bbox 208 4272 1866 4351">
    <p class='ocr_par' dir='ltr' id='par_1_62' title="bbox 208 4272 1866 4351">
     <span class='ocr_line' id='line_1_63' title="bbox 208 4272 1866 4351; baseline 0.001 -21"><span class='ocrx_word' id='word_1_471' title='bbox 208 4275 435 4331; x_wconf 82' lang='grc' dir='ltr'>σεαυτὸν</span> <span class='ocrx_word' id='word_1_472' title='bbox 493 4272 951 4349; x_wconf 73' lang='grc' dir='ltr'>κατακρημνίσας.</span> <span class='ocrx_word' id='word_1_473' title='bbox 1014 4272 1179 4336; x_wconf 81' lang='grc' dir='ltr'>Σύνες</span> <span class='ocrx_word' id='word_1_474' title='bbox 1234 4274 1347 4344; x_wconf 80' lang='grc' dir='ltr'>οὗν,</span> <span class='ocrx_word' id='word_1_475' title='bbox 1383 4272 1427 4328; x_wconf 85' lang='grc' dir='ltr'><strong>ὦ</strong></span> <span class='ocrx_word' id='word_1_476' title='bbox 1459 4275 1690 4351; x_wconf 83' lang='grc' dir='ltr'>Ναχὼρ,</span> <span class='ocrx_word' id='word_1_477' title='bbox 1744 4298 1866 4331; x_wconf 89' lang='grc' dir='ltr'>συν-</span> 
     </span>
    </p>
   </div>
   <div class='ocr_carea' id='block_1_63' title="bbox 212 4363 1869 4440">
    <p class='ocr_par' dir='ltr' id='par_1_63' title="bbox 212 4363 1869 4440">
     <span class='ocr_line' id='line_1_64' title="bbox 212 4363 1869 4440; baseline -0.001 -19"><span class='ocrx_word' id='word_1_478' title='bbox 212 4366 336 4427; x_wconf 79' lang='grc' dir='ltr'>ετὸς</span> <span class='ocrx_word' id='word_1_479' title='bbox 362 4364 460 4435; x_wconf 81' lang='grc' dir='ltr'>ὥν,</span> <span class='ocrx_word' id='word_1_480' title='bbox 501 4364 591 4419; x_wconf 74' lang='grc' dir='ltr'><strong>καὶ</strong></span> <span class='ocrx_word' id='word_1_481' title='bbox 624 4364 1015 4439; x_wconf 79' lang='grc' dir='ltr'>προθυμήθητι</span> <span class='ocrx_word' id='word_1_482' title='bbox 1046 4363 1136 4418; x_wconf 87' lang='grc' dir='ltr'>τὸν</span> <span class='ocrx_word' id='word_1_483' title='bbox 1172 4364 1421 4440; x_wconf 76' lang='grc' dir='ltr'><strong>ΔΧριστὸν</strong></span> <span class='ocrx_word' id='word_1_484' title='bbox 1458 4368 1621 4438; x_wconf 84' lang='grc' dir='ltr'>μόνον</span> <span class='ocrx_word' id='word_1_485' title='bbox 1649 4367 1738 4421; x_wconf 76' lang='grc' dir='ltr'><strong>καὶ</strong></span> <span class='ocrx_word' id='word_1_486' title='bbox 1769 4367 1869 4435; x_wconf 77' lang='grc' dir='ltr'>τὴν</span> 
     </span>
    </p>
   </div>
   <div class='ocr_carea' id='block_1_64' title="bbox 211 4451 1873 4533">
    <p class='ocr_par' dir='ltr' id='par_1_64' title="bbox 211 4451 1873 4533">
     <span class='ocr_line' id='line_1_65' title="bbox 211 4451 1873 4533; baseline 0.001 -23"><span class='ocrx_word' id='word_1_487' title='bbox 211 4454 346 4529; x_wconf 83' lang='grc' dir='ltr'>παρ’</span> <span class='ocrx_word' id='word_1_488' title='bbox 377 4454 526 4526; x_wconf 81' lang='grc' dir='ltr'>αὐτῷ</span> <span class='ocrx_word' id='word_1_489' title='bbox 580 4452 965 4527; x_wconf 72' lang='grc' dir='ltr'>κρυπτομένην</span> <span class='ocrx_word' id='word_1_490' title='bbox 1031 4455 1174 4523; x_wconf 77' lang='grc' dir='ltr'>ζωὴν</span> <span class='ocrx_word' id='word_1_491' title='bbox 1234 4451 1509 4528; x_wconf 74' lang='grc' dir='ltr'>κερδᾶναι,</span> <span class='ocrx_word' id='word_1_492' title='bbox 1552 4459 1658 4511; x_wconf 90' lang='grc' dir='ltr'><strong>τῶν</strong></span> <span class='ocrx_word' id='word_1_493' title='bbox 1716 4454 1873 4533; x_wconf 72' lang='grc' dir='ltr'>ῥεόν-</span> 
     </span>
    </p>
   </div>
   <div class='ocr_carea' id='block_1_65' title="bbox 209 4540 1867 4621">
    <p class='ocr_par' dir='ltr' id='par_1_65' title="bbox 209 4540 1867 4621">
     <span class='ocr_line' id='line_1_66' title="bbox 209 4540 1867 4621; baseline 0 -22"><span class='ocrx_word' id='word_1_494' title='bbox 209 4566 324 4600; x_wconf 87' lang='grc' dir='ltr'><strong>των</strong></span> <span class='ocrx_word' id='word_1_495' title='bbox 355 4545 565 4599; x_wconf 86' lang='grc' dir='ltr'>τούτων</span> <span class='ocrx_word' id='word_1_496' title='bbox 596 4543 684 4597; x_wconf 82' lang='grc' dir='ltr'><strong>καὶ</strong></span> <span class='ocrx_word' id='word_1_497' title='bbox 740 4540 1113 4618; x_wconf 76' lang='grc' dir='ltr'>φθειρομένων</span> <span class='ocrx_word' id='word_1_498' title='bbox 1167 4540 1458 4621; x_wconf 83' lang='grc' dir='ltr'>ὑπεριδών.</span> <span class='ocrx_word' id='word_1_499' title='bbox 1509 4544 1581 4599; x_wconf 85' lang='grc' dir='ltr'><strong>Ού</strong></span> <span class='ocrx_word' id='word_1_500' title='bbox 1625 4544 1724 4620; x_wconf 71' lang='grc' dir='ltr'><strong>γὰρ</strong></span> <span class='ocrx_word' id='word_1_501' title='bbox 1774 4546 1867 4602; x_wconf 86' lang='grc' dir='ltr'>τὸν</span> 
     </span>
    </p>
   </div>
   <div class='ocr_carea' id='block_1_66' title="bbox 210 4631 1869 4711">
    <p class='ocr_par' dir='ltr' id='par_1_66' title="bbox 210 4631 1869 4711">
     <span class='ocr_line' id='line_1_67' title="bbox 210 4631 1869 4711; baseline 0 -19"><span class='ocrx_word' id='word_1_502' title='bbox 210 4637 391 4692; x_wconf 78' lang='grc' dir='ltr'>πάντα</span> <span class='ocrx_word' id='word_1_503' title='bbox 424 4638 563 4711; x_wconf 72' lang='grc' dir='ltr'>ζήσῃ</span> <span class='ocrx_word' id='word_1_504' title='bbox 599 4633 789 4689; x_wconf 73' lang='grc' dir='ltr'><strong>αἰῶνα⁸</strong></span> <span class='ocrx_word' id='word_1_505' title='bbox 842 4631 1008 4707; x_wconf 82' lang='grc' dir='ltr'>ἀλλά,</span> <span class='ocrx_word' id='word_1_506' title='bbox 1044 4634 1237 4707; x_wconf 83' lang='grc' dir='ltr'>θνητὸς</span> <span class='ocrx_word' id='word_1_507' title='bbox 1287 4631 1384 4706; x_wconf 80' lang='grc' dir='ltr'>ὢν,</span> <span class='ocrx_word' id='word_1_508' title='bbox 1437 4633 1709 4711; x_wconf 80' lang='grc' dir='ltr'>ἀπελεύσῃ</span> <span class='ocrx_word' id='word_1_509' title='bbox 1743 4636 1869 4692; x_wconf 78' lang='grc' dir='ltr'>ὅσον</span> 
     </span>
    </p>
   </div>
   <div class='ocr_carea' id='block_1_67' title="bbox 212 4722 1869 4798">
    <p class='ocr_par' dir='ltr' id='par_1_67' title="bbox 212 4722 1869 4798">
     <span class='ocr_line' id='line_1_68' title="bbox 212 4722 1869 4798; baseline -0.001 -17"><span class='ocrx_word' id='word_1_510' title='bbox 212 4722 393 4796; x_wconf 71' lang='grc' dir='ltr'>οὔπω,</span> <span class='ocrx_word' id='word_1_511' title='bbox 424 4725 601 4787; x_wconf 83' lang='grc' dir='ltr'>καθὼς</span> <span class='ocrx_word' id='word_1_512' title='bbox 628 4722 718 4779; x_wconf 86' lang='grc' dir='ltr'><strong>καὶ</strong></span> <span class='ocrx_word' id='word_1_513' title='bbox 771 4723 823 4777; x_wconf 75' lang='grc' dir='ltr'>οἱ</span> <span class='ocrx_word' id='word_1_514' title='bbox 876 4722 982 4798; x_wconf 86' lang='grc' dir='ltr'><strong>πρὸ</strong></span> <span class='ocrx_word' id='word_1_515' title='bbox 1029 4728 1123 4779; x_wconf 73' lang='grc' dir='ltr'><strong>σοῦ</strong></span> <span class='ocrx_word' id='word_1_516' title='bbox 1175 4722 1392 4787; x_wconf 87' lang='grc' dir='ltr'>πάντες.</span> <span class='ocrx_word' id='word_1_517' title='bbox 1439 4724 1543 4781; x_wconf 81' lang='grc' dir='ltr'><strong>Κνὶ</strong></span> <span class='ocrx_word' id='word_1_518' title='bbox 1604 4724 1729 4780; x_wconf 83' lang='grc' dir='ltr'>οὐαί</span> <span class='ocrx_word' id='word_1_519' title='bbox 1759 4747 1869 4798; x_wconf 87' lang='grc' dir='ltr'>σοι,</span> 
     </span>
    </p>
   </div>
   <div class='ocr_carea' id='block_1_68' title="bbox 211 4812 1869 4893">
    <p class='ocr_par' dir='ltr' id='par_1_68' title="bbox 211 4812 1869 4893">
     <span class='ocr_line' id='line_1_69' title="bbox 211 4812 1869 4893; baseline 0 -22"><span class='ocrx_word' id='word_1_520' title='bbox 211 4815 259 4872; x_wconf 78' lang='grc' dir='ltr'><strong>εί</strong></span> <span class='ocrx_word' id='word_1_521' title='bbox 310 4814 403 4870; x_wconf 84' lang='grc' dir='ltr'><strong>τὸν</strong></span> <span class='ocrx_word' id='word_1_522' title='bbox 462 4813 631 4890; x_wconf 80' lang='grc' dir='ltr'>βαρὺν</span> <span class='ocrx_word' id='word_1_523' title='bbox 691 4812 889 4890; x_wconf 75' lang='grc' dir='ltr'>φόρτον</span> <span class='ocrx_word' id='word_1_524' title='bbox 968 4815 1067 4883; x_wconf 73' lang='grc' dir='ltr'><strong>τῆς</strong></span> <span class='ocrx_word' id='word_1_525' title='bbox 1136 4812 1403 4889; x_wconf 78' lang='grc' dir='ltr'>ἁμαρτίας</span> <span class='ocrx_word' id='word_1_526' title='bbox 1481 4812 1869 4893; x_wconf 68' lang='grc' dir='ltr'>ἐπιφερόμενος</span> 
     </span>
    </p>
   </div>
   <div class='ocr_carea' id='block_1_69' title="bbox 212 4899 1869 4979">
    <p class='ocr_par' dir='ltr' id='par_1_69' title="bbox 212 4899 1869 4979">
     <span class='ocr_line' id='line_1_70' title="bbox 212 4899 1869 4979; baseline 0 -18"><span class='ocrx_word' id='word_1_527' title='bbox 212 4903 491 4979; x_wconf 76' lang='grc' dir='ltr'>άπελεύσῃ</span> <span class='ocrx_word' id='word_1_528' title='bbox 542 4901 655 4958; x_wconf 77' lang='grc' dir='ltr'>ἐκεῖ</span> <span class='ocrx_word' id='word_1_529' title='bbox 701 4902 838 4958; x_wconf 78' lang='grc' dir='ltr'>ὅπου</span> <span class='ocrx_word' id='word_1_530' title='bbox 893 4901 1068 4978; x_wconf 86' lang='grc' dir='ltr'>κρίσις</span> <span class='ocrx_word' id='word_1_531' title='bbox 1130 4899 1311 4958; x_wconf 85' lang='grc' dir='ltr'>δικαία</span> <span class='ocrx_word' id='word_1_532' title='bbox 1362 4902 1454 4960; x_wconf 82' lang='grc' dir='ltr'><strong>καὶ</strong></span> <span class='ocrx_word' id='word_1_533' title='bbox 1513 4902 1869 4970; x_wconf 85' lang='grc' dir='ltr'>ἆνταπόδοσις</span> 
     </span>
    </p>
   </div>
   <div class='ocr_carea' id='block_1_70' title="bbox 207 4989 1871 5075">
    <p class='ocr_par' dir='ltr' id='par_1_70' title="bbox 207 4989 1871 5075">
     <span class='ocr_line' id='line_1_71' title="bbox 207 4989 1871 5075; baseline 0.001 -25"><span class='ocrx_word' id='word_1_534' title='bbox 207 4997 322 5050; x_wconf 86' lang='grc' dir='ltr'><strong>τῶν</strong></span> <span class='ocrx_word' id='word_1_535' title='bbox 384 4991 558 5070; x_wconf 85' lang='grc' dir='ltr'>ἔργων</span> <span class='ocrx_word' id='word_1_536' title='bbox 618 4989 754 5064; x_wconf 76' lang='grc' dir='ltr'>ἐστὶ,</span> <span class='ocrx_word' id='word_1_537' title='bbox 798 4992 889 5048; x_wconf 81' lang='grc' dir='ltr'><strong>καὶ</strong></span> <span class='ocrx_word' id='word_1_538' title='bbox 943 4993 1021 5070; x_wconf 73' lang='grc' dir='ltr'>μὴ</span> <span class='ocrx_word' id='word_1_539' title='bbox 1072 4991 1385 5073; x_wconf 74' lang='grc' dir='ltr'>ἀποῤῥίψῃς</span> <span class='ocrx_word' id='word_1_540' title='bbox 1435 4998 1651 5069; x_wconf 76' lang='grc' dir='ltr'>τοῦτον,</span> <span class='ocrx_word' id='word_1_541' title='bbox 1681 4993 1871 5075; x_wconf 70' lang='grc' dir='ltr'>ῥᾳδίας</span> 
     </span>
    </p>
   </div>
   <div class='ocr_carea' id='block_1_71' title="bbox 214 5078 871 5156">
    <p class='ocr_par' dir='ltr' id='par_1_71' title="bbox 214 5078 871 5156">
     <span class='ocr_line' id='line_1_72' title="bbox 214 5078 871 5156; baseline -0.003 -16"><span class='ocrx_word' id='word_1_542' title='bbox 214 5078 387 5156; x_wconf 69' lang='grc' dir='ltr'>οὔσης</span> <span class='ocrx_word' id='word_1_543' title='bbox 414 5084 513 5154; x_wconf 78' lang='grc' dir='ltr'><strong>τῆς</strong></span> <span class='ocrx_word' id='word_1_544' title='bbox 535 5080 871 5149; x_wconf 71' lang='grc' dir='ltr'>ἀποθέσεως.</span> 
     </span>
    </p>
   </div>
   <div class='ocr_carea' id='block_1_72' title="bbox 287 5443 1871 5525">
    <p class='ocr_par' dir='ltr' id='par_1_72' title="bbox 287 5443 1871 5525">
     <span class='ocr_line' id='line_1_73' title="bbox 287 5443 1871 5525; baseline -0.001 -18"><span class='ocrx_word' id='word_1_545' title='bbox 287 5446 351 5506; x_wconf 78' lang='grc' dir='ltr'>Ὀ</span> <span class='ocrx_word' id='word_1_546' title='bbox 380 5448 593 5523; x_wconf 82' lang='grc' dir='ltr'>Ναχὼρ</span> <span class='ocrx_word' id='word_1_547' title='bbox 649 5443 852 5519; x_wconf 89' lang='grc' dir='ltr'>τοίνυν,</span> <span class='ocrx_word' id='word_1_548' title='bbox 884 5445 1197 5523; x_wconf 81' lang='grc' dir='ltr'>κατανυγεῖς</span> <span class='ocrx_word' id='word_1_549' title='bbox 1254 5448 1354 5519; x_wconf 77' lang='grc' dir='ltr'>τὴν</span> <span class='ocrx_word' id='word_1_550' title='bbox 1393 5449 1577 5525; x_wconf 75' lang='grc' dir='ltr'>ψυχὴν</span> <span class='ocrx_word' id='word_1_551' title='bbox 1608 5449 1695 5505; x_wconf 77' lang='grc' dir='ltr'>ἐπὶ</span> <span class='ocrx_word' id='word_1_552' title='bbox 1747 5456 1871 5515; x_wconf 86' lang='grc' dir='ltr'>τοῖς</span> 
     </span>
    </p>
   </div>
   <div class='ocr_carea' id='block_1_73' title="bbox 213 5533 1865 5620">
    <p class='ocr_par' dir='ltr' id='par_1_73' title="bbox 213 5533 1865 5620">
     <span class='ocr_line' id='line_1_74' title="bbox 213 5533 1865 5620; baseline 0.002 -25"><span class='ocrx_word' id='word_1_553' title='bbox 213 5533 410 5617; x_wconf 87' lang='grc' dir='ltr'>λόγοις</span> <span class='ocrx_word' id='word_1_554' title='bbox 463 5536 701 5613; x_wconf 83' lang='grc' dir='ltr'>τούτοις,</span> <span class='ocrx_word' id='word_1_555' title='bbox 752 5533 878 5620; x_wconf 66' lang='grc' dir='ltr'><strong>ἔφη’</strong></span> <span class='ocrx_word' id='word_1_556' title='bbox 939 5537 1133 5603; x_wconf 84' lang='grc' dir='ltr'>Καλῶς</span> <span class='ocrx_word' id='word_1_557' title='bbox 1178 5539 1354 5612; x_wconf 78' lang='grc' dir='ltr'>εἶπας,</span> <span class='ocrx_word' id='word_1_558' title='bbox 1387 5541 1432 5596; x_wconf 82' lang='grc' dir='ltr'>ὦ</span> <span class='ocrx_word' id='word_1_559' title='bbox 1468 5539 1717 5617; x_wconf 81' lang='grc' dir='ltr'>βασιλεῦ,</span> <span class='ocrx_word' id='word_1_560' title='bbox 1769 5563 1865 5599; x_wconf 87' lang='grc' dir='ltr'>κα-</span> 
     </span>
    </p>
   </div>
   <div class='ocr_carea' id='block_1_74' title="bbox 287 5757 845 5830">
    <p class='ocr_par' dir='ltr' id='par_1_74' title="bbox 287 5757 845 5830">
     <span class='ocr_line' id='line_1_75' title="bbox 287 5757 845 5830; baseline 0.002 -18"><span class='ocrx_word' id='word_1_561' title='bbox 287 5757 405 5830; x_wconf 78' lang='lat'><strong>(82)</strong></span> <span class='ocrx_word' id='word_1_562' title='bbox 434 5757 547 5816; x_wconf 85' lang='lat' dir='ltr'><strong>Isa.</strong></span> <span class='ocrx_word' id='word_1_563' title='bbox 580 5771 755 5830; x_wconf 77' lang='lat' dir='ltr'><strong>nm,</strong></span> <span class='ocrx_word' id='word_1_564' title='bbox 788 5757 845 5826; x_wconf 82' lang='lat'><strong>6,</strong></span> 
     </span>
    </p>
   </div>
   <div class='ocr_carea' id='block_1_75' title="bbox 1964 1938 3614 2009">
    <p class='ocr_par' dir='ltr' id='par_1_75' title="bbox 1964 1938 3614 2009">
     <span class='ocr_line' id='line_1_76' title="bbox 1964 1938 3614 2009; baseline 0.001 -15"><span class='ocrx_word' id='word_1_565' title='bbox 1964 1939 2210 1995; x_wconf 85' lang='lat' dir='ltr'><strong>remotis</strong></span> <span class='ocrx_word' id='word_1_566' title='bbox 2233 1938 2497 2009; x_wconf 84' lang='lat' dir='ltr'><strong>arbitris,</strong></span> <span class='ocrx_word' id='word_1_567' title='bbox 2523 1939 2850 2007; x_wconf 86' lang='lat' dir='ltr'><strong>accivisset,</strong></span> <span class='ocrx_word' id='word_1_568' title='bbox 2882 1939 2977 1995; x_wconf 90' lang='lat' dir='ltr'><strong>his</strong></span> <span class='ocrx_word' id='word_1_569' title='bbox 2993 1939 3068 1995; x_wconf 89' lang='lat' dir='ltr'><strong>ad</strong></span> <span class='ocrx_word' id='word_1_570' title='bbox 3090 1955 3226 1995; x_wconf 90' lang='lat' dir='ltr'><strong>eum</strong></span> <span class='ocrx_word' id='word_1_571' title='bbox 3248 1939 3440 1995; x_wconf 81' lang='lat' dir='ltr'><strong>verbis</strong></span> <span class='ocrx_word' id='word_1_572' title='bbox 3470 1957 3614 1996; x_wconf 89' lang='lat' dir='ltr'><strong>usus</strong></span> 
     </span>
    </p>
   </div>
   <div class='ocr_carea' id='block_1_76' title="bbox 1965 2028 3616 2100">
    <p class='ocr_par' dir='ltr' id='par_1_76' title="bbox 1965 2028 3616 2100">
     <span class='ocr_line' id='line_1_77' title="bbox 1965 2028 3616 2100; baseline 0.001 -15"><span class='ocrx_word' id='word_1_573' title='bbox 1965 2030 2159 2085; x_wconf 83' lang='lat' dir='ltr'><strong>est:Ne</strong></span> <span class='ocrx_word' id='word_1_574' title='bbox 2179 2045 2295 2096; x_wconf 87' lang='lat' dir='ltr'><strong>me,</strong></span> <span class='ocrx_word' id='word_1_575' title='bbox 2320 2028 2423 2100; x_wconf 83' lang='lat' dir='ltr'><strong>qui</strong></span> <span class='ocrx_word' id='word_1_576' title='bbox 2444 2028 2827 2099; x_wconf 80' lang='lat' dir='ltr'><strong>sis,ignorare</strong></span> <span class='ocrx_word' id='word_1_577' title='bbox 2851 2029 3172 2085; x_wconf 86' lang='lat' dir='ltr'><strong>existimes.</strong></span> <span class='ocrx_word' id='word_1_578' title='bbox 3206 2030 3616 2086; x_wconf 86' lang='lat' dir='ltr'><strong>Certissimum</strong></span> 
     </span>
    </p>
   </div>
   <div class='ocr_carea' id='block_1_77' title="bbox 1964 2118 3618 2192">
    <p class='ocr_par' dir='ltr' id='par_1_77' title="bbox 1964 2118 3618 2192">
     <span class='ocr_line' id='line_1_78' title="bbox 1964 2118 3618 2192; baseline 0.001 -18"><span class='ocrx_word' id='word_1_579' title='bbox 1964 2119 2124 2175; x_wconf 89' lang='lat' dir='ltr'><strong>enim</strong></span> <span class='ocrx_word' id='word_1_580' title='bbox 2152 2118 2340 2175; x_wconf 90' lang='lat' dir='ltr'><strong>habeo</strong></span> <span class='ocrx_word' id='word_1_581' title='bbox 2365 2123 2422 2173; x_wconf 92' lang='lat' dir='ltr'><strong>te</strong></span> <span class='ocrx_word' id='word_1_582' title='bbox 2444 2118 2883 2175; x_wconf 86' lang='lat' dir='ltr'><strong>divinissimum</strong></span> <span class='ocrx_word' id='word_1_583' title='bbox 2909 2119 3286 2177; x_wconf 88' lang='lat' dir='ltr'><strong>Barlaamum</strong></span> <span class='ocrx_word' id='word_1_584' title='bbox 3297 2120 3458 2176; x_wconf 87' lang='lat' dir='ltr'><strong>haud</strong></span> <span class='ocrx_word' id='word_1_585' title='bbox 3478 2136 3618 2192; x_wconf 88' lang='lat' dir='ltr'><strong>qua-</strong></span> 
     </span>
    </p>
   </div>
   <div class='ocr_carea' id='block_1_78' title="bbox 1964 2208 3615 2283">
    <p class='ocr_par' dir='ltr' id='par_1_78' title="bbox 1964 2208 3615 2283">
     <span class='ocr_line' id='line_1_79' title="bbox 1964 2208 3615 2283; baseline 0.001 -18"><span class='ocrx_word' id='word_1_586' title='bbox 1964 2224 2145 2280; x_wconf 89' lang='lat' dir='ltr'><strong>quam</strong></span> <span class='ocrx_word' id='word_1_587' title='bbox 2166 2224 2527 2276; x_wconf 85' lang='lat' dir='ltr'><strong>esse,verum</strong></span> <span class='ocrx_word' id='word_1_588' title='bbox 2546 2208 2878 2266; x_wconf 87' lang='lat' dir='ltr'><strong>Nachorem</strong></span> <span class='ocrx_word' id='word_1_589' title='bbox 2903 2210 3286 2283; x_wconf 87' lang='lat' dir='ltr'><strong>astrologum.</strong></span> <span class='ocrx_word' id='word_1_590' title='bbox 3318 2212 3401 2266; x_wconf 78' lang='lat' dir='ltr'><strong>Ac</strong></span> <span class='ocrx_word' id='word_1_591' title='bbox 3428 2210 3615 2266; x_wconf 86' lang='lat' dir='ltr'><strong>miror</strong></span> 
     </span>
    </p>
   </div>
   <div class='ocr_carea' id='block_1_79' title="bbox 1964 2300 3615 2373">
    <p class='ocr_par' dir='ltr' id='par_1_79' title="bbox 1964 2300 3615 2373">
     <span class='ocr_line' id='line_1_80' title="bbox 1964 2300 3615 2373; baseline -0.001 -16"><span class='ocrx_word' id='word_1_592' title='bbox 1964 2301 2107 2373; x_wconf 92' lang='lat' dir='ltr'><strong>quid</strong></span> <span class='ocrx_word' id='word_1_593' title='bbox 2123 2300 2287 2357; x_wconf 83' lang='lat' dir='ltr'><strong>vobis</strong></span> <span class='ocrx_word' id='word_1_594' title='bbox 2306 2300 2367 2356; x_wconf 91' lang='lat' dir='ltr'><strong>in</strong></span> <span class='ocrx_word' id='word_1_595' title='bbox 2383 2305 2647 2356; x_wconf 90' lang='lat' dir='ltr'><strong>mentem</strong></span> <span class='ocrx_word' id='word_1_596' title='bbox 2664 2300 2983 2369; x_wconf 86' lang='lat' dir='ltr'><strong>venerit,ut</strong></span> <span class='ocrx_word' id='word_1_597' title='bbox 2995 2300 3338 2373; x_wconf 85' lang='lat' dir='ltr'><strong>hujusmodi</strong></span> <span class='ocrx_word' id='word_1_598' title='bbox 3350 2300 3615 2356; x_wconf 89' lang='lat' dir='ltr'><strong>fabulam</strong></span> 
     </span>
    </p>
   </div>
   <div class='ocr_carea' id='block_1_80' title="bbox 1964 2390 3614 2463">
    <p class='ocr_par' dir='ltr' id='par_1_80' title="bbox 1964 2390 3614 2463">
     <span class='ocr_line' id='line_1_81' title="bbox 1964 2390 3614 2463; baseline 0 -16"><span class='ocrx_word' id='word_1_599' title='bbox 1964 2391 2287 2463; x_wconf 87' lang='lat' dir='ltr'><strong>ﬁngeretis,</strong></span> <span class='ocrx_word' id='word_1_600' title='bbox 2317 2395 2495 2463; x_wconf 88' lang='lat' dir='ltr'><strong>atque</strong></span> <span class='ocrx_word' id='word_1_601' title='bbox 2544 2390 2655 2446; x_wconf 93' lang='lat' dir='ltr'><strong>hoc</strong></span> <span class='ocrx_word' id='word_1_602' title='bbox 2692 2390 2854 2446; x_wconf 85' lang='lat' dir='ltr'><strong>vobis</strong></span> <span class='ocrx_word' id='word_1_603' title='bbox 2891 2390 3351 2461; x_wconf 88' lang='lat' dir='ltr'><strong>persuaderetis,</strong></span> <span class='ocrx_word' id='word_1_604' title='bbox 3383 2407 3484 2446; x_wconf 92' lang='lat' dir='ltr'><strong>vos</strong></span> <span class='ocrx_word' id='word_1_605' title='bbox 3514 2406 3614 2447; x_wconf 88' lang='lat' dir='ltr'><strong>eas</strong></span> 
     </span>
    </p>
   </div>
   <div class='ocr_carea' id='block_1_81' title="bbox 1965 2480 3614 2553">
    <p class='ocr_par' dir='ltr' id='par_1_81' title="bbox 1965 2480 3614 2553">
     <span class='ocr_line' id='line_1_82' title="bbox 1965 2480 3614 2553; baseline -0.001 -16"><span class='ocrx_word' id='word_1_606' title='bbox 1965 2481 2297 2537; x_wconf 90' lang='lat' dir='ltr'><strong>clarissima</strong></span> <span class='ocrx_word' id='word_1_607' title='bbox 2318 2480 2413 2535; x_wconf 89' lang='lat' dir='ltr'><strong>die</strong></span> <span class='ocrx_word' id='word_1_608' title='bbox 2437 2480 2625 2536; x_wconf 90' lang='lat' dir='ltr'><strong>oculis</strong></span> <span class='ocrx_word' id='word_1_609' title='bbox 2642 2480 2790 2537; x_wconf 87' lang='lat' dir='ltr'><strong>meis</strong></span> <span class='ocrx_word' id='word_1_610' title='bbox 2819 2480 3095 2536; x_wconf 89' lang='lat' dir='ltr'><strong>tenebras</strong></span> <span class='ocrx_word' id='word_1_611' title='bbox 3109 2480 3449 2553; x_wconf 85' lang='lat' dir='ltr'><strong>objecturos</strong></span> <span class='ocrx_word' id='word_1_612' title='bbox 3462 2498 3614 2549; x_wconf 91' lang='lat' dir='ltr'><strong>esse,</strong></span> 
     </span>
    </p>
   </div>
   <div class='ocr_carea' id='block_1_82' title="bbox 1966 2571 3616 2644">
    <p class='ocr_par' dir='ltr' id='par_1_82' title="bbox 1966 2571 3616 2644">
     <span class='ocr_line' id='line_1_83' title="bbox 1966 2571 3616 2644; baseline 0 -18"><span class='ocrx_word' id='word_1_613' title='bbox 1966 2577 2031 2627; x_wconf 88' lang='lat' dir='ltr'><strong>ut</strong></span> <span class='ocrx_word' id='word_1_614' title='bbox 2050 2588 2155 2644; x_wconf 88' lang='lat' dir='ltr'><strong>pro</strong></span> <span class='ocrx_word' id='word_1_615' title='bbox 2182 2587 2291 2626; x_wconf 90' lang='lat' dir='ltr'><strong>ove</strong></span> <span class='ocrx_word' id='word_1_616' title='bbox 2312 2571 2518 2643; x_wconf 89' lang='lat' dir='ltr'><strong>lupum</strong></span> <span class='ocrx_word' id='word_1_617' title='bbox 2543 2571 2944 2641; x_wconf 85' lang='lat' dir='ltr'><strong>acciperem.V</strong></span> <span class='ocrx_word' id='word_1_618' title='bbox 2950 2588 3119 2626; x_wconf 90' lang='lat' dir='ltr'><strong>erum</strong></span> <span class='ocrx_word' id='word_1_619' title='bbox 3140 2587 3260 2626; x_wconf 87' lang='lat' dir='ltr'><strong>non</strong></span> <span class='ocrx_word' id='word_1_620' title='bbox 3283 2571 3387 2627; x_wconf 89' lang='lat' dir='ltr'><strong>abs</strong></span> <span class='ocrx_word' id='word_1_621' title='bbox 3400 2588 3463 2626; x_wconf 88' lang='lat' dir='ltr'><strong>re</strong></span> <span class='ocrx_word' id='word_1_622' title='bbox 3477 2588 3616 2644; x_wconf 87' lang='lat' dir='ltr'><strong>pro-</strong></span> 
     </span>
    </p>
   </div>
   <div class='ocr_carea' id='block_1_83' title="bbox 1964 2660 3617 2732">
    <p class='ocr_par' dir='ltr' id='par_1_83' title="bbox 1964 2660 3617 2732">
     <span class='ocr_line' id='line_1_84' title="bbox 1964 2660 3617 2732; baseline -0.001 -15"><span class='ocrx_word' id='word_1_623' title='bbox 1964 2661 2165 2717; x_wconf 89' lang='lat' dir='ltr'><strong>verbio</strong></span> <span class='ocrx_word' id='word_1_624' title='bbox 2196 2662 2402 2727; x_wconf 85' lang='lat' dir='ltr'><strong>fertur,</strong></span> <span class='ocrx_word' id='word_1_625' title='bbox 2436 2662 2547 2715; x_wconf 90' lang='lat' dir='ltr'><strong>Cor</strong></span> <span class='ocrx_word' id='word_1_626' title='bbox 2568 2660 2735 2716; x_wconf 88' lang='lat' dir='ltr'><strong>stulti</strong></span> <span class='ocrx_word' id='word_1_627' title='bbox 2760 2676 2910 2715; x_wconf 86' lang='lat' dir='ltr'><strong>vana</strong></span> <span class='ocrx_word' id='word_1_628' title='bbox 2956 2660 3233 2732; x_wconf 89' lang='lat' dir='ltr'><strong>cogitare.</strong></span> <span class='ocrx_word' id='word_1_629' title='bbox 3271 2662 3460 2732; x_wconf 83' lang='lat' dir='ltr'><strong>Atque</strong></span> <span class='ocrx_word' id='word_1_630' title='bbox 3491 2662 3617 2716; x_wconf 63' lang='lat' dir='ltr'><strong>haec</strong></span> 
     </span>
    </p>
   </div>
   <div class='ocr_carea' id='block_1_84' title="bbox 1966 2748 3615 2823">
    <p class='ocr_par' dir='ltr' id='par_1_84' title="bbox 1966 2748 3615 2823">
     <span class='ocr_line' id='line_1_85' title="bbox 1966 2748 3615 2823; baseline -0.001 -18"><span class='ocrx_word' id='word_1_631' title='bbox 1966 2750 2208 2823; x_wconf 92' lang='lat' dir='ltr'><strong>quidem</strong></span> <span class='ocrx_word' id='word_1_632' title='bbox 2236 2749 2511 2821; x_wconf 81' lang='lat' dir='ltr'><strong>cogitatio</strong></span> <span class='ocrx_word' id='word_1_633' title='bbox 2540 2754 2599 2803; x_wconf 88' lang='lat' dir='ltr'><strong>et</strong></span> <span class='ocrx_word' id='word_1_634' title='bbox 2634 2748 2954 2804; x_wconf 89' lang='lat' dir='ltr'><strong>consilium</strong></span> <span class='ocrx_word' id='word_1_635' title='bbox 2994 2754 3258 2803; x_wconf 90' lang='lat' dir='ltr'><strong>vestrum</strong></span> <span class='ocrx_word' id='word_1_636' title='bbox 3304 2749 3615 2803; x_wconf 86' lang='lat' dir='ltr'><strong>rancidum</strong></span> 
     </span>
    </p>
   </div>
   <div class='ocr_carea' id='block_1_85' title="bbox 1968 2837 3615 2910">
    <p class='ocr_par' dir='ltr' id='par_1_85' title="bbox 1968 2837 3615 2910">
     <span class='ocr_line' id='line_1_86' title="bbox 1968 2837 3615 2910; baseline -0.003 -14"><span class='ocrx_word' id='word_1_637' title='bbox 1968 2856 2111 2896; x_wconf 86' lang='lat' dir='ltr'><strong>sane</strong></span> <span class='ocrx_word' id='word_1_638' title='bbox 2133 2855 2199 2894; x_wconf 92' lang='lat' dir='ltr'><strong>ac</strong></span> <span class='ocrx_word' id='word_1_639' title='bbox 2219 2855 2462 2910; x_wconf 88' lang='lat' dir='ltr'><strong>prorsus</strong></span> <span class='ocrx_word' id='word_1_640' title='bbox 2475 2837 2759 2893; x_wconf 90' lang='lat' dir='ltr'><strong>stolidum</strong></span> <span class='ocrx_word' id='word_1_641' title='bbox 2772 2843 3073 2909; x_wconf 89' lang='lat' dir='ltr'><strong>erat,opus</strong></span> <span class='ocrx_word' id='word_1_642' title='bbox 3096 2842 3293 2893; x_wconf 92' lang='lat' dir='ltr'><strong>autem</strong></span> <span class='ocrx_word' id='word_1_643' title='bbox 3317 2838 3475 2907; x_wconf 89' lang='lat' dir='ltr'><strong>quod</strong></span> <span class='ocrx_word' id='word_1_644' title='bbox 3488 2838 3615 2908; x_wconf 88' lang='lat' dir='ltr'><strong>ipse</strong></span> 
     </span>
    </p>
   </div>
   <div class='ocr_carea' id='block_1_86' title="bbox 1967 2926 3614 3003">
    <p class='ocr_par' dir='ltr' id='par_1_86' title="bbox 1967 2926 3614 3003">
     <span class='ocr_line' id='line_1_87' title="bbox 1967 2926 3614 3003; baseline -0.002 -19"><span class='ocrx_word' id='word_1_645' title='bbox 1967 2929 2157 3003; x_wconf 79' lang='lat' dir='ltr'><strong>egisti,</strong></span> <span class='ocrx_word' id='word_1_646' title='bbox 2190 2928 2353 2984; x_wconf 90' lang='lat' dir='ltr'><strong>omni</strong></span> <span class='ocrx_word' id='word_1_647' title='bbox 2384 2927 2701 3000; x_wconf 86' lang='lat' dir='ltr'><strong>prudentia</strong></span> <span class='ocrx_word' id='word_1_648' title='bbox 2743 2931 2803 2982; x_wconf 91' lang='lat' dir='ltr'><strong>et</strong></span> <span class='ocrx_word' id='word_1_649' title='bbox 2850 2927 3166 2999; x_wconf 85' lang='lat' dir='ltr'><strong>sagacitate</strong></span> <span class='ocrx_word' id='word_1_650' title='bbox 3215 2926 3460 2998; x_wconf 91' lang='lat' dir='ltr'><strong>plenum</strong></span> <span class='ocrx_word' id='word_1_651' title='bbox 3504 2931 3614 2995; x_wconf 90' lang='lat' dir='ltr'><strong>est,</strong></span> 
     </span>
    </p>
   </div>
   <div class='ocr_carea' id='block_1_87' title="bbox 1968 3016 3615 3091">
    <p class='ocr_par' dir='ltr' id='par_1_87' title="bbox 1968 3016 3615 3091">
     <span class='ocr_line' id='line_1_88' title="bbox 1968 3016 3615 3091; baseline -0.004 -15"><span class='ocrx_word' id='word_1_652' title='bbox 1968 3037 2035 3077; x_wconf 91' lang='lat' dir='ltr'><strong>ac</strong></span> <span class='ocrx_word' id='word_1_653' title='bbox 2066 3023 2382 3091; x_wconf 85' lang='lat' dir='ltr'><strong>propterea</strong></span> <span class='ocrx_word' id='word_1_654' title='bbox 2423 3017 2634 3089; x_wconf 87' lang='lat' dir='ltr'><strong>gaude,</strong></span> <span class='ocrx_word' id='word_1_655' title='bbox 2688 3016 2935 3085; x_wconf 87' lang='lat' dir='ltr'><strong>Nachor,</strong></span> <span class='ocrx_word' id='word_1_656' title='bbox 2986 3022 3045 3072; x_wconf 86' lang='lat' dir='ltr'><strong>et</strong></span> <span class='ocrx_word' id='word_1_657' title='bbox 3094 3016 3343 3073; x_wconf 83' lang='lat' dir='ltr'><strong>exsulta.</strong></span> <span class='ocrx_word' id='word_1_658' title='bbox 3405 3016 3615 3071; x_wconf 81' lang='lat' dir='ltr'><strong>Multas</strong></span> 
     </span>
    </p>
   </div>
   <div class='ocr_carea' id='block_1_88' title="bbox 1971 3106 3619 3180">
    <p class='ocr_par' dir='ltr' id='par_1_88' title="bbox 1971 3106 3619 3180">
     <span class='ocr_line' id='line_1_89' title="bbox 1971 3106 3619 3180; baseline -0.002 -14"><span class='ocrx_word' id='word_1_659' title='bbox 1971 3111 2130 3166; x_wconf 89' lang='lat' dir='ltr'><strong>enim</strong></span> <span class='ocrx_word' id='word_1_660' title='bbox 2161 3110 2267 3165; x_wconf 87' lang='lat' dir='ltr'><strong>tibi</strong></span> <span class='ocrx_word' id='word_1_661' title='bbox 2300 3110 2412 3165; x_wconf 89' lang='lat' dir='ltr'><strong>hoc</strong></span> <span class='ocrx_word' id='word_1_662' title='bbox 2458 3108 2701 3165; x_wconf 90' lang='lat' dir='ltr'><strong>nomine</strong></span> <span class='ocrx_word' id='word_1_663' title='bbox 2739 3108 2959 3180; x_wconf 83' lang='lat' dir='ltr'><strong>gratias</strong></span> <span class='ocrx_word' id='word_1_664' title='bbox 3008 3106 3223 3175; x_wconf 89' lang='lat' dir='ltr'><strong>habeo,</strong></span> <span class='ocrx_word' id='word_1_665' title='bbox 3275 3106 3435 3180; x_wconf 91' lang='lat' dir='ltr'><strong>quod</strong></span> <span class='ocrx_word' id='word_1_666' title='bbox 3464 3107 3619 3163; x_wconf 87' lang='lat' dir='ltr'><strong>veri-</strong></span> 
     </span>
    </p>
   </div>
   <div class='ocr_carea' id='block_1_89' title="bbox 1968 3199 3622 3275">
    <p class='ocr_par' dir='ltr' id='par_1_89' title="bbox 1968 3199 3622 3275">
     <span class='ocr_line' id='line_1_90' title="bbox 1968 3199 3622 3275; baseline -0.001 -17"><span class='ocrx_word' id='word_1_667' title='bbox 1968 3204 2107 3259; x_wconf 86' lang='lat' dir='ltr'><strong>tatis</strong></span> <span class='ocrx_word' id='word_1_668' title='bbox 2138 3201 2539 3275; x_wconf 88' lang='lat' dir='ltr'><strong>patrocinium</strong></span> <span class='ocrx_word' id='word_1_669' title='bbox 2597 3199 2887 3256; x_wconf 88' lang='lat' dir='ltr'><strong>hodierno</strong></span> <span class='ocrx_word' id='word_1_670' title='bbox 2946 3199 3039 3255; x_wconf 92' lang='lat' dir='ltr'><strong>die</strong></span> <span class='ocrx_word' id='word_1_671' title='bbox 3111 3200 3448 3272; x_wconf 86' lang='lat' dir='ltr'><strong>suscepisti,</strong></span> <span class='ocrx_word' id='word_1_672' title='bbox 3509 3217 3622 3256; x_wconf 87' lang='lat' dir='ltr'><strong>nec</strong></span> 
     </span>
    </p>
   </div>
   <div class='ocr_carea' id='block_1_90' title="bbox 1968 3288 3621 3349">
    <p class='ocr_par' dir='ltr' id='par_1_90' title="bbox 1968 3288 3621 3349">
     <span class='ocr_line' id='line_1_91' title="bbox 1968 3288 3621 3349; baseline -0.002 0"><span class='ocrx_word' id='word_1_673' title='bbox 1968 3292 2272 3349; x_wconf 88' lang='lat' dir='ltr'><strong>sceleratis</strong></span> <span class='ocrx_word' id='word_1_674' title='bbox 2302 3291 2496 3347; x_wconf 88' lang='lat' dir='ltr'><strong>verbis</strong></span> <span class='ocrx_word' id='word_1_675' title='bbox 2528 3307 2596 3347; x_wconf 88' lang='lat' dir='ltr'><strong>ac</strong></span> <span class='ocrx_word' id='word_1_676' title='bbox 2631 3294 2875 3345; x_wconf 86' lang='lat' dir='ltr'><strong>versuta</strong></span> <span class='ocrx_word' id='word_1_677' title='bbox 2904 3288 3283 3345; x_wconf 86' lang='lat' dir='ltr'><strong>simulatione</strong></span> <span class='ocrx_word' id='word_1_678' title='bbox 3330 3289 3489 3346; x_wconf 90' lang='lat' dir='ltr'><strong>labia</strong></span> <span class='ocrx_word' id='word_1_679' title='bbox 3519 3295 3621 3346; x_wconf 90' lang='lat' dir='ltr'><strong>tua</strong></span> 
     </span>
    </p>
   </div>
   <div class='ocr_carea' id='block_1_91' title="bbox 1963 3378 3619 3453">
    <p class='ocr_par' dir='ltr' id='par_1_91' title="bbox 1963 3378 3619 3453">
     <span class='ocr_line' id='line_1_92' title="bbox 1963 3378 3619 3453; baseline -0.002 -15"><span class='ocrx_word' id='word_1_680' title='bbox 1963 3382 2383 3438; x_wconf 88' lang='lat' dir='ltr'><strong>contaminasti</strong></span> <span class='ocrx_word' id='word_1_681' title='bbox 2400 3398 2413 3449; x_wconf 90' lang='lat'><strong>;</strong></span> <span class='ocrx_word' id='word_1_682' title='bbox 2438 3382 2584 3452; x_wconf 90' lang='lat' dir='ltr'><strong>quin</strong></span> <span class='ocrx_word' id='word_1_683' title='bbox 2607 3381 2807 3453; x_wconf 87' lang='lat' dir='ltr'><strong>potius</strong></span> <span class='ocrx_word' id='word_1_684' title='bbox 2819 3395 2889 3435; x_wconf 90' lang='lat' dir='ltr'><strong>ea</strong></span> <span class='ocrx_word' id='word_1_685' title='bbox 2898 3378 3102 3435; x_wconf 89' lang='lat' dir='ltr'><strong>multis</strong></span> <span class='ocrx_word' id='word_1_686' title='bbox 3116 3379 3392 3435; x_wconf 89' lang='lat' dir='ltr'><strong>sordibus</strong></span> <span class='ocrx_word' id='word_1_687' title='bbox 3405 3396 3619 3452; x_wconf 83' lang='lat' dir='ltr'><strong>expur-</strong></span> 
     </span>
    </p>
   </div>
   <div class='ocr_carea' id='block_1_92' title="bbox 1964 3468 3618 3547">
    <p class='ocr_par' dir='ltr' id='par_1_92' title="bbox 1964 3468 3618 3547">
     <span class='ocr_line' id='line_1_93' title="bbox 1964 3468 3618 3547; baseline -0.002 -19"><span class='ocrx_word' id='word_1_688' title='bbox 1964 3472 2134 3547; x_wconf 87' lang='lat' dir='ltr'><strong>gasti,</strong></span> <span class='ocrx_word' id='word_1_689' title='bbox 2166 3471 2455 3527; x_wconf 85' lang='lat' dir='ltr'><strong>falsorum</strong></span> <span class='ocrx_word' id='word_1_690' title='bbox 2480 3470 2765 3526; x_wconf 88' lang='lat' dir='ltr'><strong>nimirum</strong></span> <span class='ocrx_word' id='word_1_691' title='bbox 2796 3469 3044 3525; x_wconf 92' lang='lat' dir='ltr'><strong>deorum</strong></span> <span class='ocrx_word' id='word_1_692' title='bbox 3074 3485 3273 3524; x_wconf 90' lang='lat' dir='ltr'><strong>errore</strong></span> <span class='ocrx_word' id='word_1_693' title='bbox 3293 3468 3618 3538; x_wconf 83' lang='lat' dir='ltr'><strong>confutato,</strong></span> 
     </span>
    </p>
   </div>
   <div class='ocr_carea' id='block_1_93' title="bbox 1964 3558 3618 3633">
    <p class='ocr_par' dir='ltr' id='par_1_93' title="bbox 1964 3558 3618 3633">
     <span class='ocr_line' id='line_1_94' title="bbox 1964 3558 3618 3633; baseline -0.001 -15"><span class='ocrx_word' id='word_1_694' title='bbox 1964 3567 2142 3633; x_wconf 88' lang='lat' dir='ltr'><strong>atque</strong></span> <span class='ocrx_word' id='word_1_695' title='bbox 2154 3561 2624 3617; x_wconf 89' lang='lat' dir='ltr'><strong>Christianorum</strong></span> <span class='ocrx_word' id='word_1_696' title='bbox 2637 3560 2979 3633; x_wconf 86' lang='lat' dir='ltr'><strong>dogmatum</strong></span> <span class='ocrx_word' id='word_1_697' title='bbox 2992 3558 3233 3614; x_wconf 86' lang='lat' dir='ltr'><strong>veritate</strong></span> <span class='ocrx_word' id='word_1_698' title='bbox 3246 3560 3618 3617; x_wconf 89' lang='lat' dir='ltr'><strong>conﬁrmata.</strong></span> 
     </span>
    </p>
   </div>
   <div class='ocr_carea' id='block_1_94' title="bbox 1965 3649 3619 3725">
    <p class='ocr_par' dir='ltr' id='par_1_94' title="bbox 1965 3649 3619 3725">
     <span class='ocr_line' id='line_1_95' title="bbox 1965 3649 3619 3725; baseline -0.002 -17"><span class='ocrx_word' id='word_1_699' title='bbox 1965 3654 2082 3725; x_wconf 86' lang='lat' dir='ltr'><strong>Ego</strong></span> <span class='ocrx_word' id='word_1_700' title='bbox 2104 3668 2239 3707; x_wconf 85' lang='lat' dir='ltr'><strong>vero</strong></span> <span class='ocrx_word' id='word_1_701' title='bbox 2259 3650 2481 3723; x_wconf 88' lang='lat' dir='ltr'><strong>duplici</strong></span> <span class='ocrx_word' id='word_1_702' title='bbox 2504 3650 2576 3705; x_wconf 92' lang='lat' dir='ltr'><strong>de</strong></span> <span class='ocrx_word' id='word_1_703' title='bbox 2595 3666 2794 3721; x_wconf 88' lang='lat' dir='ltr'><strong>causa,</strong></span> <span class='ocrx_word' id='word_1_704' title='bbox 2817 3654 2884 3705; x_wconf 90' lang='lat' dir='ltr'><strong>ut</strong></span> <span class='ocrx_word' id='word_1_705' title='bbox 2903 3654 2960 3705; x_wconf 90' lang='lat' dir='ltr'><strong>te</strong></span> <span class='ocrx_word' id='word_1_706' title='bbox 2990 3665 3226 3705; x_wconf 89' lang='lat' dir='ltr'><strong>mecum</strong></span> <span class='ocrx_word' id='word_1_707' title='bbox 3240 3649 3619 3719; x_wconf 90' lang='lat' dir='ltr'><strong>adducerem,</strong></span> 
     </span>
    </p>
   </div>
   <div class='ocr_carea' id='block_1_95' title="bbox 1967 3739 3623 3814">
    <p class='ocr_par' dir='ltr' id='par_1_95' title="bbox 1967 3739 3623 3814">
     <span class='ocr_line' id='line_1_96' title="bbox 1967 3739 3623 3814; baseline -0.002 -16"><span class='ocrx_word' id='word_1_708' title='bbox 1967 3758 2207 3814; x_wconf 87' lang='lat' dir='ltr'><strong>operam</strong></span> <span class='ocrx_word' id='word_1_709' title='bbox 2229 3740 2387 3807; x_wconf 89' lang='lat' dir='ltr'><strong>dedi;</strong></span> <span class='ocrx_word' id='word_1_710' title='bbox 2410 3741 2698 3808; x_wconf 91' lang='lat' dir='ltr'><strong>altera,ne</strong></span> <span class='ocrx_word' id='word_1_711' title='bbox 2725 3744 2781 3795; x_wconf 93' lang='lat' dir='ltr'><strong>te</strong></span> <span class='ocrx_word' id='word_1_712' title='bbox 2807 3755 2913 3795; x_wconf 85' lang='lat' dir='ltr'><strong>rex</strong></span> <span class='ocrx_word' id='word_1_713' title='bbox 2932 3739 3205 3811; x_wconf 86' lang='lat' dir='ltr'><strong>privatim</strong></span> <span class='ocrx_word' id='word_1_714' title='bbox 3228 3742 3459 3807; x_wconf 89' lang='lat' dir='ltr'><strong>tenens,</strong></span> <span class='ocrx_word' id='word_1_715' title='bbox 3477 3756 3623 3811; x_wconf 86' lang='lat' dir='ltr'><strong>sup-</strong></span> 
     </span>
    </p>
   </div>
   <div class='ocr_carea' id='block_1_96' title="bbox 1966 3828 3622 3905">
    <p class='ocr_par' dir='ltr' id='par_1_96' title="bbox 1966 3828 3622 3905">
     <span class='ocr_line' id='line_1_97' title="bbox 1966 3828 3622 3905; baseline -0.001 -18"><span class='ocrx_word' id='word_1_716' title='bbox 1966 3830 2764 3905; x_wconf 84' lang='lat' dir='ltr'><strong>plicioafﬁceret,propterea</strong></span> <span class='ocrx_word' id='word_1_717' title='bbox 2775 3828 2933 3901; x_wconf 91' lang='lat' dir='ltr'><strong>quod</strong></span> <span class='ocrx_word' id='word_1_718' title='bbox 2948 3845 3068 3884; x_wconf 92' lang='lat' dir='ltr'><strong>non</strong></span> <span class='ocrx_word' id='word_1_719' title='bbox 3088 3846 3157 3884; x_wconf 90' lang='lat' dir='ltr'><strong>ea</strong></span> <span class='ocrx_word' id='word_1_720' title='bbox 3168 3828 3476 3885; x_wconf 88' lang='lat' dir='ltr'><strong>eslocutus</strong></span> <span class='ocrx_word' id='word_1_721' title='bbox 3489 3846 3622 3901; x_wconf 65' lang='lat' dir='ltr'><strong>qua)</strong></span> 
     </span>
    </p>
   </div>
   <div class='ocr_carea' id='block_1_97' title="bbox 1968 3917 3621 3995">
    <p class='ocr_par' dir='ltr' id='par_1_97' title="bbox 1968 3917 3621 3995">
     <span class='ocr_line' id='line_1_98' title="bbox 1968 3917 3621 3995; baseline -0.001 -18"><span class='ocrx_word' id='word_1_722' title='bbox 1968 3921 2082 3995; x_wconf 91' lang='lat' dir='ltr'><strong>ipsi</strong></span> <span class='ocrx_word' id='word_1_723' title='bbox 2117 3924 2281 3994; x_wconf 87' lang='lat' dir='ltr'><strong>grata</strong></span> <span class='ocrx_word' id='word_1_724' title='bbox 2310 3924 2541 3987; x_wconf 89' lang='lat' dir='ltr'><strong>essent;</strong></span> <span class='ocrx_word' id='word_1_725' title='bbox 2576 3919 2764 3974; x_wconf 90' lang='lat' dir='ltr'><strong>altera</strong></span> <span class='ocrx_word' id='word_1_726' title='bbox 2788 3923 2854 3973; x_wconf 89' lang='lat' dir='ltr'><strong>ut</strong></span> <span class='ocrx_word' id='word_1_727' title='bbox 2884 3917 3172 3975; x_wconf 90' lang='lat' dir='ltr'><strong>hodierno</strong></span> <span class='ocrx_word' id='word_1_728' title='bbox 3203 3923 3303 3974; x_wconf 88' lang='lat' dir='ltr'><strong>tuo</strong></span> <span class='ocrx_word' id='word_1_729' title='bbox 3330 3918 3621 3975; x_wconf 88' lang='lat' dir='ltr'><strong>beneﬁcio</strong></span> 
     </span>
    </p>
   </div>
   <div class='ocr_carea' id='block_1_98' title="bbox 1968 4008 3622 4085">
    <p class='ocr_par' dir='ltr' id='par_1_98' title="bbox 1968 4008 3622 4085">
     <span class='ocr_line' id='line_1_99' title="bbox 1968 4008 3622 4085; baseline -0.001 -19"><span class='ocrx_word' id='word_1_730' title='bbox 1968 4011 2218 4085; x_wconf 87' lang='lat' dir='ltr'><strong>gratiam</strong></span> <span class='ocrx_word' id='word_1_731' title='bbox 2231 4010 2337 4065; x_wconf 89' lang='lat' dir='ltr'><strong>tibi</strong></span> <span class='ocrx_word' id='word_1_732' title='bbox 2349 4008 2972 4082; x_wconf 88' lang='lat' dir='ltr'><strong>rependam.Quonam</strong></span> <span class='ocrx_word' id='word_1_733' title='bbox 2985 4014 3185 4065; x_wconf 88' lang='lat' dir='ltr'><strong>autem</strong></span> <span class='ocrx_word' id='word_1_734' title='bbox 3199 4008 3437 4068; x_wconf 88' lang='lat' dir='ltr'><strong>tandem</strong></span> <span class='ocrx_word' id='word_1_735' title='bbox 3450 4014 3622 4081; x_wconf 89' lang='lat' dir='ltr'><strong>pacto</strong></span> 
     </span>
    </p>
   </div>
   <div class='ocr_carea' id='block_1_99' title="bbox 1969 4098 3623 4169">
    <p class='ocr_par' dir='ltr' id='par_1_99' title="bbox 1969 4098 3623 4169">
     <span class='ocr_line' id='line_1_100' title="bbox 1969 4098 3623 4169; baseline -0.002 -13"><span class='ocrx_word' id='word_1_736' title='bbox 1969 4100 2128 4157; x_wconf 90' lang='lat' dir='ltr'><strong>istud</strong></span> <span class='ocrx_word' id='word_1_737' title='bbox 2142 4101 2169 4157; x_wconf 82' lang='lat'><strong>?</strong></span> <span class='ocrx_word' id='word_1_738' title='bbox 2189 4100 2479 4156; x_wconf 88' lang='lat' dir='ltr'><strong>Nimirum</strong></span> <span class='ocrx_word' id='word_1_739' title='bbox 2504 4105 2560 4155; x_wconf 90' lang='lat' dir='ltr'><strong>te</strong></span> <span class='ocrx_word' id='word_1_740' title='bbox 2577 4099 2928 4166; x_wconf 87' lang='lat' dir='ltr'><strong>admonens,</strong></span> <span class='ocrx_word' id='word_1_741' title='bbox 2958 4103 3025 4153; x_wconf 92' lang='lat' dir='ltr'><strong>ut</strong></span> <span class='ocrx_word' id='word_1_742' title='bbox 3045 4115 3079 4153; x_wconf 89' lang='lat' dir='ltr'><strong>a</strong></span> <span class='ocrx_word' id='word_1_743' title='bbox 3094 4113 3273 4169; x_wconf 87' lang='lat' dir='ltr'><strong>prava</strong></span> <span class='ocrx_word' id='word_1_744' title='bbox 3300 4102 3359 4153; x_wconf 89' lang='lat' dir='ltr'><strong>et</strong></span> <span class='ocrx_word' id='word_1_745' title='bbox 3386 4098 3623 4169; x_wconf 85' lang='lat' dir='ltr'><strong>pericu-</strong></span> 
     </span>
    </p>
   </div>
   <div class='ocr_carea' id='block_1_100' title="bbox 1969 4187 3626 4263">
    <p class='ocr_par' dir='ltr' id='par_1_100' title="bbox 1969 4187 3626 4263">
     <span class='ocr_line' id='line_1_101' title="bbox 1969 4187 3626 4263; baseline -0.005 -14"><span class='ocrx_word' id='word_1_746' title='bbox 1969 4193 2095 4249; x_wconf 92' lang='lat' dir='ltr'><strong>losr</strong></span> <span class='ocrx_word' id='word_1_747' title='bbox 2110 4193 2236 4248; x_wconf 65' lang='lat' dir='ltr'><strong>haec</strong></span> <span class='ocrx_word' id='word_1_748' title='bbox 2256 4191 2554 4263; x_wconf 89' lang='lat' dir='ltr'><strong>via,quam</strong></span> <span class='ocrx_word' id='word_1_749' title='bbox 2569 4190 2641 4246; x_wconf 87' lang='lat' dir='ltr'><strong>ad</strong></span> <span class='ocrx_word' id='word_1_750' title='bbox 2664 4191 2824 4245; x_wconf 89' lang='lat' dir='ltr'><strong>hunc</strong></span> <span class='ocrx_word' id='word_1_751' title='bbox 2844 4205 3034 4259; x_wconf 89' lang='lat' dir='ltr'><strong>usque</strong></span> <span class='ocrx_word' id='word_1_752' title='bbox 3053 4189 3211 4243; x_wconf 90' lang='lat' dir='ltr'><strong>diem</strong></span> <span class='ocrx_word' id='word_1_753' title='bbox 3231 4187 3496 4253; x_wconf 90' lang='lat' dir='ltr'><strong>tenuisti,</strong></span> <span class='ocrx_word' id='word_1_754' title='bbox 3516 4188 3626 4242; x_wconf 83' lang='lat' dir='ltr'><strong>de-</strong></span> 
     </span>
    </p>
   </div>
   <div class='ocr_carea' id='block_1_101' title="bbox 1971 4275 3624 4349">
    <p class='ocr_par' dir='ltr' id='par_1_101' title="bbox 1971 4275 3624 4349">
     <span class='ocr_line' id='line_1_102' title="bbox 1971 4275 3624 4349; baseline -0.004 -11"><span class='ocrx_word' id='word_1_755' title='bbox 1971 4282 2270 4349; x_wconf 84' lang='lat' dir='ltr'><strong>ﬁectas,ac</strong></span> <span class='ocrx_word' id='word_1_756' title='bbox 2291 4285 2515 4337; x_wconf 86' lang='lat' dir='ltr'><strong>rectam</strong></span> <span class='ocrx_word' id='word_1_757' title='bbox 2530 4285 2589 4334; x_wconf 90' lang='lat' dir='ltr'><strong>et</strong></span> <span class='ocrx_word' id='word_1_758' title='bbox 2600 4278 2921 4334; x_wconf 87' lang='lat' dir='ltr'><strong>salutarem</strong></span> <span class='ocrx_word' id='word_1_759' title='bbox 2944 4278 3219 4333; x_wconf 89' lang='lat' dir='ltr'><strong>semitam</strong></span> <span class='ocrx_word' id='word_1_760' title='bbox 3246 4275 3624 4349; x_wconf 88' lang='lat' dir='ltr'><strong>ingrediaris:</strong></span> 
     </span>
    </p>
   </div>
   <div class='ocr_carea' id='block_1_102' title="bbox 1973 4366 3626 4444">
    <p class='ocr_par' dir='ltr' id='par_1_102' title="bbox 1973 4366 3626 4444">
     <span class='ocr_line' id='line_1_103' title="bbox 1973 4366 3626 4444; baseline -0.004 -17"><span class='ocrx_word' id='word_1_761' title='bbox 1973 4387 2151 4444; x_wconf 90' lang='lat' dir='ltr'><strong>quam</strong></span> <span class='ocrx_word' id='word_1_762' title='bbox 2170 4369 2409 4443; x_wconf 90' lang='lat' dir='ltr'><strong>quidem</strong></span> <span class='ocrx_word' id='word_1_763' title='bbox 2431 4386 2553 4424; x_wconf 91' lang='lat' dir='ltr'><strong>non</strong></span> <span class='ocrx_word' id='word_1_764' title='bbox 2579 4369 2878 4440; x_wconf 86' lang='lat' dir='ltr'><strong>ignorans,</strong></span> <span class='ocrx_word' id='word_1_765' title='bbox 2908 4367 3010 4422; x_wconf 90' lang='lat' dir='ltr'><strong>sed</strong></span> <span class='ocrx_word' id='word_1_766' title='bbox 3030 4372 3239 4438; x_wconf 89' lang='lat' dir='ltr'><strong>sponte</strong></span> <span class='ocrx_word' id='word_1_767' title='bbox 3262 4366 3485 4421; x_wconf 86' lang='lat' dir='ltr'><strong>malum</strong></span> <span class='ocrx_word' id='word_1_768' title='bbox 3507 4382 3626 4421; x_wconf 83' lang='lat' dir='ltr'><strong>am-</strong></span> 
     </span>
    </p>
   </div>
   <div class='ocr_carea' id='block_1_103' title="bbox 1970 4455 3631 4535">
    <p class='ocr_par' dir='ltr' id='par_1_103' title="bbox 1970 4455 3631 4535">
     <span class='ocr_line' id='line_1_104' title="bbox 1970 4455 3631 4535; baseline -0.004 -19"><span class='ocrx_word' id='word_1_769' title='bbox 1970 4462 2259 4535; x_wconf 91' lang='lat' dir='ltr'><strong>plectens,</strong></span> <span class='ocrx_word' id='word_1_770' title='bbox 2296 4459 2574 4532; x_wconf 74' lang='lat' dir='ltr'><strong>effugisti,</strong></span> <span class='ocrx_word' id='word_1_771' title='bbox 2598 4459 2658 4512; x_wconf 91' lang='lat' dir='ltr'><strong>in</strong></span> <span class='ocrx_word' id='word_1_772' title='bbox 2685 4457 3017 4529; x_wconf 89' lang='lat' dir='ltr'><strong>iniquitatis</strong></span> <span class='ocrx_word' id='word_1_773' title='bbox 3040 4456 3319 4512; x_wconf 89' lang='lat' dir='ltr'><strong>barathra</strong></span> <span class='ocrx_word' id='word_1_774' title='bbox 3340 4461 3399 4512; x_wconf 93' lang='lat' dir='ltr'><strong>et</strong></span> <span class='ocrx_word' id='word_1_775' title='bbox 3418 4455 3631 4527; x_wconf 72' lang='grc' dir='ltr'>ρι’ωοὶ-</span> 
     </span>
    </p>
   </div>
   <div class='ocr_carea' id='block_1_104' title="bbox 1974 4546 3625 4624">
    <p class='ocr_par' dir='ltr' id='par_1_104' title="bbox 1974 4546 3625 4624">
     <span class='ocr_line' id='line_1_105' title="bbox 1974 4546 3625 4624; baseline -0.004 -17"><span class='ocrx_word' id='word_1_776' title='bbox 1974 4552 2121 4624; x_wconf 90' lang='lat' dir='ltr'><strong>pitia</strong></span> <span class='ocrx_word' id='word_1_777' title='bbox 2150 4551 2409 4623; x_wconf 88' lang='lat' dir='ltr'><strong>teipsum</strong></span> <span class='ocrx_word' id='word_1_778' title='bbox 2432 4548 2768 4621; x_wconf 88' lang='lat' dir='ltr'><strong>impellens.</strong></span> <span class='ocrx_word' id='word_1_779' title='bbox 2792 4547 3061 4619; x_wconf 92' lang='lat' dir='ltr'><strong>Intellige</strong></span> <span class='ocrx_word' id='word_1_780' title='bbox 3083 4546 3352 4618; x_wconf 88' lang='lat' dir='ltr'><strong>itaque,o</strong></span> <span class='ocrx_word' id='word_1_781' title='bbox 3376 4546 3625 4616; x_wconf 86' lang='lat' dir='ltr'><strong>Nacbor,</strong></span> 
     </span>
    </p>
   </div>
   <div class='ocr_carea' id='block_1_105' title="bbox 1978 4635 3628 4713">
    <p class='ocr_par' dir='ltr' id='par_1_105' title="bbox 1978 4635 3628 4713">
     <span class='ocr_line' id='line_1_106' title="bbox 1978 4635 3628 4713; baseline -0.004 -16"><span class='ocrx_word' id='word_1_782' title='bbox 1978 4658 2111 4698; x_wconf 90' lang='lat' dir='ltr'><strong>cum</strong></span> <span class='ocrx_word' id='word_1_783' title='bbox 2136 4639 2398 4713; x_wconf 87' lang='lat' dir='ltr'><strong>prudens</strong></span> <span class='ocrx_word' id='word_1_784' title='bbox 2421 4645 2479 4695; x_wconf 91' lang='lat' dir='ltr'><strong>et</strong></span> <span class='ocrx_word' id='word_1_785' title='bbox 2500 4654 2675 4711; x_wconf 84' lang='lat' dir='ltr'><strong>sagax</strong></span> <span class='ocrx_word' id='word_1_786' title='bbox 2696 4638 2873 4705; x_wconf 90' lang='lat' dir='ltr'><strong>sis,ac</strong></span> <span class='ocrx_word' id='word_1_787' title='bbox 2895 4637 3194 4694; x_wconf 89' lang='lat' dir='ltr'><strong>Christum</strong></span> <span class='ocrx_word' id='word_1_788' title='bbox 3216 4636 3430 4706; x_wconf 90' lang='lat' dir='ltr'><strong>solum,</strong></span> <span class='ocrx_word' id='word_1_789' title='bbox 3457 4640 3516 4691; x_wconf 90' lang='lat' dir='ltr'><strong>et</strong></span> <span class='ocrx_word' id='word_1_790' title='bbox 3542 4635 3628 4691; x_wconf 88' lang='lat' dir='ltr'><strong>vi-</strong></span> 
     </span>
    </p>
   </div>
   <div class='ocr_carea' id='block_1_106' title="bbox 1978 4725 3623 4803">
    <p class='ocr_par' dir='ltr' id='par_1_106' title="bbox 1978 4725 3623 4803">
     <span class='ocr_line' id='line_1_107' title="bbox 1978 4725 3623 4803; baseline -0.004 -15"><span class='ocrx_word' id='word_1_791' title='bbox 1978 4737 2099 4788; x_wconf 88' lang='lat' dir='ltr'><strong>tam</strong></span> <span class='ocrx_word' id='word_1_792' title='bbox 2121 4730 2277 4803; x_wconf 89' lang='lat' dir='ltr'><strong>apud</strong></span> <span class='ocrx_word' id='word_1_793' title='bbox 2302 4731 2496 4802; x_wconf 90' lang='lat' dir='ltr'><strong>ipsum</strong></span> <span class='ocrx_word' id='word_1_794' title='bbox 2514 4728 2848 4786; x_wconf 90' lang='lat' dir='ltr'><strong>abstrusam</strong></span> <span class='ocrx_word' id='word_1_795' title='bbox 2866 4727 3119 4784; x_wconf 89' lang='lat' dir='ltr'><strong>elucrari</strong></span> <span class='ocrx_word' id='word_1_796' title='bbox 3140 4725 3513 4794; x_wconf 85' lang='lat' dir='ltr'><strong>stude,ﬂuxis</strong></span> <span class='ocrx_word' id='word_1_797' title='bbox 3529 4725 3623 4782; x_wconf 85' lang='lat' dir='ltr'><strong>his</strong></span> 
     </span>
    </p>
   </div>
   <div class='ocr_carea' id='block_1_107' title="bbox 1979 4816 3628 4892">
    <p class='ocr_par' dir='ltr' id='par_1_107' title="bbox 1979 4816 3628 4892">
     <span class='ocr_line' id='line_1_108' title="bbox 1979 4816 3628 4892; baseline -0.002 -14"><span class='ocrx_word' id='word_1_798' title='bbox 1979 4827 2037 4879; x_wconf 89' lang='lat' dir='ltr'><strong>et</strong></span> <span class='ocrx_word' id='word_1_799' title='bbox 2050 4820 2289 4878; x_wconf 89' lang='lat' dir='ltr'><strong>caducis</strong></span> <span class='ocrx_word' id='word_1_800' title='bbox 2302 4820 2676 4892; x_wconf 88' lang='lat' dir='ltr'><strong>comtemptis</strong></span> <span class='ocrx_word' id='word_1_801' title='bbox 2690 4835 2754 4874; x_wconf 90' lang='lat' dir='ltr'><strong>ac</strong></span> <span class='ocrx_word' id='word_1_802' title='bbox 2768 4836 2874 4891; x_wconf 92' lang='lat' dir='ltr'><strong>pro</strong></span> <span class='ocrx_word' id='word_1_803' title='bbox 2889 4817 3077 4873; x_wconf 89' lang='lat' dir='ltr'><strong>nihilo</strong></span> <span class='ocrx_word' id='word_1_804' title='bbox 3092 4817 3461 4874; x_wconf 88' lang='lat' dir='ltr'><strong>habitis.Non</strong></span> <span class='ocrx_word' id='word_1_805' title='bbox 3475 4816 3628 4875; x_wconf 85' lang='lat' dir='ltr'><strong>enim</strong></span> 
     </span>
    </p>
   </div>
   <div class='ocr_carea' id='block_1_108' title="bbox 1978 4907 3630 4980">
    <p class='ocr_par' dir='ltr' id='par_1_108' title="bbox 1978 4907 3630 4980">
     <span class='ocr_line' id='line_1_109' title="bbox 1978 4907 3630 4980; baseline -0.004 -11"><span class='ocrx_word' id='word_1_806' title='bbox 1978 4914 2040 4969; x_wconf 91' lang='lat' dir='ltr'><strong>in</strong></span> <span class='ocrx_word' id='word_1_807' title='bbox 2063 4917 2351 4967; x_wconf 66' lang='lat' dir='ltr'><strong>aeternum</strong></span> <span class='ocrx_word' id='word_1_808' title='bbox 2370 4911 2548 4980; x_wconf 81' lang='lat' dir='ltr'><strong>vives;</strong></span> <span class='ocrx_word' id='word_1_809' title='bbox 2572 4909 2839 4978; x_wconf 91' lang='lat' dir='ltr'><strong>sed,cum</strong></span> <span class='ocrx_word' id='word_1_810' title='bbox 2856 4907 3124 4964; x_wconf 90' lang='lat' dir='ltr'><strong>mortalis</strong></span> <span class='ocrx_word' id='word_1_811' title='bbox 3146 4908 3375 4980; x_wconf 86' lang='lat' dir='ltr'><strong>sis,jam</strong></span> <span class='ocrx_word' id='word_1_812' title='bbox 3381 4907 3630 4980; x_wconf 90' lang='lat' dir='ltr'><strong>jamque</strong></span> 
     </span>
    </p>
   </div>
   <div class='ocr_carea' id='block_1_109' title="bbox 1979 4997 3630 5072">
    <p class='ocr_par' dir='ltr' id='par_1_109' title="bbox 1979 4997 3630 5072">
     <span class='ocr_line' id='line_1_110' title="bbox 1979 4997 3630 5072; baseline -0.002 -14"><span class='ocrx_word' id='word_1_813' title='bbox 1979 5004 2118 5058; x_wconf 90' lang='lat' dir='ltr'><strong>hinc</strong></span> <span class='ocrx_word' id='word_1_814' title='bbox 2140 5002 2406 5058; x_wconf 90' lang='lat' dir='ltr'><strong>abiturus</strong></span> <span class='ocrx_word' id='word_1_815' title='bbox 2430 4997 3022 5072; x_wconf 87' lang='lat' dir='ltr'><strong>es,quemadmodum</strong></span> <span class='ocrx_word' id='word_1_816' title='bbox 3047 5002 3105 5053; x_wconf 88' lang='lat' dir='ltr'><strong>et</strong></span> <span class='ocrx_word' id='word_1_817' title='bbox 3125 5014 3354 5065; x_wconf 87' lang='lat' dir='ltr'><strong>omnes,</strong></span> <span class='ocrx_word' id='word_1_818' title='bbox 3377 4998 3630 5070; x_wconf 89' lang='lat' dir='ltr'><strong>quiante</strong></span> 
     </span>
    </p>
   </div>
   <div class='ocr_carea' id='block_1_110' title="bbox 1977 5086 3627 5162">
    <p class='ocr_par' dir='ltr' id='par_1_110' title="bbox 1977 5086 3627 5162">
     <span class='ocr_line' id='line_1_111' title="bbox 1977 5086 3627 5162; baseline -0.004 -14"><span class='ocrx_word' id='word_1_819' title='bbox 1977 5098 2035 5148; x_wconf 91' lang='lat' dir='ltr'><strong>te</strong></span> <span class='ocrx_word' id='word_1_820' title='bbox 2059 5091 2434 5149; x_wconf 87' lang='lat' dir='ltr'><strong>exstiterunt.</strong></span> <span class='ocrx_word' id='word_1_821' title='bbox 2459 5092 2670 5162; x_wconf 83' lang='lat' dir='ltr'><strong>Atque,</strong></span> <span class='ocrx_word' id='word_1_822' title='bbox 2696 5106 2727 5145; x_wconf 92' lang='grc' dir='ltr'><strong>ο</strong></span> <span class='ocrx_word' id='word_1_823' title='bbox 2752 5094 2808 5145; x_wconf 89' lang='lat' dir='ltr'><strong>te</strong></span> <span class='ocrx_word' id='word_1_824' title='bbox 2832 5086 3149 5144; x_wconf 83' lang='lat' dir='ltr'><strong>miserum!</strong></span> <span class='ocrx_word' id='word_1_825' title='bbox 3176 5086 3245 5157; x_wconf 88' lang='lat' dir='ltr'><strong>si,</strong></span> <span class='ocrx_word' id='word_1_826' title='bbox 3279 5086 3381 5142; x_wconf 89' lang='lat' dir='ltr'><strong>ubi</strong></span> <span class='ocrx_word' id='word_1_827' title='bbox 3394 5086 3627 5158; x_wconf 89' lang='lat' dir='ltr'><strong>justum</strong></span> 
     </span>
    </p>
   </div>
   <div class='ocr_carea' id='block_1_111' title="bbox 1970 5180 3633 5255">
    <p class='ocr_par' dir='ltr' id='par_1_111' title="bbox 1970 5180 3633 5255">
     <span class='ocr_line' id='line_1_112' title="bbox 1970 5180 3633 5255; baseline -0.005 -16"><span class='ocrx_word' id='word_1_828' title='bbox 1970 5181 2289 5255; x_wconf 89' lang='lat' dir='ltr'><strong>judicium,</strong></span> <span class='ocrx_word' id='word_1_829' title='bbox 2306 5197 2373 5236; x_wconf 89' lang='lat' dir='ltr'><strong>ac</strong></span> <span class='ocrx_word' id='word_1_830' title='bbox 2389 5180 2553 5252; x_wconf 88' lang='lat' dir='ltr'><strong>justa</strong></span> <span class='ocrx_word' id='word_1_831' title='bbox 2574 5194 2821 5252; x_wconf 89' lang='lat' dir='ltr'><strong>operum</strong></span> <span class='ocrx_word' id='word_1_832' title='bbox 2837 5193 3066 5234; x_wconf 90' lang='lat' dir='ltr'><strong>merces</strong></span> <span class='ocrx_word' id='word_1_833' title='bbox 3089 5182 3199 5245; x_wconf 88' lang='lat' dir='ltr'><strong>est,</strong></span> <span class='ocrx_word' id='word_1_834' title='bbox 3231 5192 3468 5250; x_wconf 87' lang='lat' dir='ltr'><strong>gravem</strong></span> <span class='ocrx_word' id='word_1_835' title='bbox 3498 5192 3633 5248; x_wconf 85' lang='lat' dir='ltr'><strong>pec-</strong></span> 
     </span>
    </p>
   </div>
   <div class='ocr_carea' id='block_1_112' title="bbox 1981 5265 3625 5341">
    <p class='ocr_par' dir='ltr' id='par_1_112' title="bbox 1981 5265 3625 5341">
     <span class='ocr_line' id='line_1_113' title="bbox 1981 5265 3625 5341; baseline -0.003 -12"><span class='ocrx_word' id='word_1_836' title='bbox 1981 5272 2093 5329; x_wconf 87' lang='lat' dir='ltr'><strong>cati</strong></span> <span class='ocrx_word' id='word_1_837' title='bbox 2125 5271 2418 5328; x_wconf 89' lang='lat' dir='ltr'><strong>sarcinam</strong></span> <span class='ocrx_word' id='word_1_838' title='bbox 2448 5274 2645 5327; x_wconf 89' lang='lat' dir='ltr'><strong>tecum</strong></span> <span class='ocrx_word' id='word_1_839' title='bbox 2674 5268 2875 5326; x_wconf 87' lang='lat' dir='ltr'><strong>ferens</strong></span> <span class='ocrx_word' id='word_1_840' title='bbox 2905 5268 3101 5338; x_wconf 89' lang='lat' dir='ltr'><strong>abeas,</strong></span> <span class='ocrx_word' id='word_1_841' title='bbox 3151 5284 3263 5324; x_wconf 90' lang='lat' dir='ltr'><strong>nec</strong></span> <span class='ocrx_word' id='word_1_842' title='bbox 3290 5283 3421 5323; x_wconf 88' lang='lat' dir='ltr'><strong>eam</strong></span> <span class='ocrx_word' id='word_1_843' title='bbox 3458 5265 3625 5341; x_wconf 87' lang='lat' dir='ltr'><strong>prius</strong></span> 
     </span>
    </p>
   </div>
   <div class='ocr_carea' id='block_1_113' title="bbox 1980 5358 3157 5436">
    <p class='ocr_par' dir='ltr' id='par_1_113' title="bbox 1980 5358 3157 5436">
     <span class='ocr_line' id='line_1_114' title="bbox 1980 5358 3157 5436; baseline -0.007 -15"><span class='ocrx_word' id='word_1_844' title='bbox 1980 5360 2289 5436; x_wconf 90' lang='lat' dir='ltr'><strong>abjeceris,</strong></span> <span class='ocrx_word' id='word_1_845' title='bbox 2322 5377 2455 5417; x_wconf 91' lang='lat' dir='ltr'><strong>cum</strong></span> <span class='ocrx_word' id='word_1_846' title='bbox 2488 5360 2744 5433; x_wconf 86' lang='lat' dir='ltr'><strong>abjicere</strong></span> <span class='ocrx_word' id='word_1_847' title='bbox 2774 5358 3031 5433; x_wconf 88' lang='lat' dir='ltr'><strong>proclive</strong></span> <span class='ocrx_word' id='word_1_848' title='bbox 3064 5358 3157 5414; x_wconf 90' lang='lat' dir='ltr'><strong>sit.</strong></span> 
     </span>
    </p>
   </div>
   <div class='ocr_carea' id='block_1_114' title="bbox 2049 5447 3632 5525">
    <p class='ocr_par' dir='ltr' id='par_1_114' title="bbox 2049 5447 3632 5525">
     <span class='ocr_line' id='line_1_115' title="bbox 2049 5447 3632 5525; baseline -0.004 -14"><span class='ocrx_word' id='word_1_849' title='bbox 2049 5454 2279 5511; x_wconf 86' lang='lat' dir='ltr'><strong>Nachor</strong></span> <span class='ocrx_word' id='word_1_850' title='bbox 2315 5452 2515 5525; x_wconf 89' lang='lat' dir='ltr'><strong>itaque</strong></span> <span class='ocrx_word' id='word_1_851' title='bbox 2564 5451 2636 5506; x_wconf 91' lang='lat' dir='ltr'><strong>ob</strong></span> <span class='ocrx_word' id='word_1_852' title='bbox 2689 5448 3034 5523; x_wconf 91' lang='lat' dir='ltr'><strong>hujusmodi</strong></span> <span class='ocrx_word' id='word_1_853' title='bbox 3084 5465 3389 5505; x_wconf 80' lang='lat' dir='ltr'><strong>sermones</strong></span> <span class='ocrx_word' id='word_1_854' title='bbox 3431 5447 3632 5506; x_wconf 88' lang='lat' dir='ltr'><strong>animo</strong></span> 
     </span>
    </p>
   </div>
   <div class='ocr_carea' id='block_1_115' title="bbox 1978 5538 3626 5618">
    <p class='ocr_par' dir='ltr' id='par_1_115' title="bbox 1978 5538 3626 5618">
     <span class='ocr_line' id='line_1_116' title="bbox 1978 5538 3626 5618; baseline -0.002 -16"><span class='ocrx_word' id='word_1_855' title='bbox 1978 5548 2389 5618; x_wconf 87' lang='lat' dir='ltr'><strong>compunctus,</strong></span> <span class='ocrx_word' id='word_1_856' title='bbox 2423 5542 2513 5599; x_wconf 89' lang='lat' dir='ltr'><strong>his</strong></span> <span class='ocrx_word' id='word_1_857' title='bbox 2544 5540 2734 5598; x_wconf 84' lang='lat' dir='ltr'><strong>verbis</strong></span> <span class='ocrx_word' id='word_1_858' title='bbox 2764 5557 2909 5599; x_wconf 83' lang='lat' dir='ltr'><strong>usus</strong></span> <span class='ocrx_word' id='word_1_859' title='bbox 2940 5544 3065 5596; x_wconf 87' lang='lat' dir='ltr'><strong>est:</strong></span> <span class='ocrx_word' id='word_1_860' title='bbox 3112 5542 3288 5599; x_wconf 78' lang='lat' dir='ltr'><strong>Recte</strong></span> <span class='ocrx_word' id='word_1_861' title='bbox 3338 5538 3557 5612; x_wconf 83' lang='lat' dir='ltr'><strong>dixisti,</strong></span> <span class='ocrx_word' id='word_1_862' title='bbox 3591 5553 3626 5598; x_wconf 89' lang='grc' dir='ltr'><strong>ο</strong></span> 
     </span>
    </p>
   </div>
  </div>
