4030 6202
443 323 606 405 Μετ’

1973 334 2341 392 ADDENDA.

3661 350 3758 412 1m
3802 400 3803 405 η

437 493 563 547 rex,
588 477 744 530 recte
766 471 1032 541 inquam.
1072 452 1217 525 Nam
1256 467 1382 541 ipse
1414 483 1653 540 quoque
1689 480 1893 521 verum
1924 466 1984 519 et
2012 462 2065 519 al

2198 456 2510 553 liimhmdd
2534 460 2636 553 γδρ
2669 462 2824 553 κᾶγῷ
2845 459 2940 519 τόν
2998 461 3257 535 ἀληθινὸν
3286 465 3374 524 καί
3422 468 3605 544 ἀψευδῆ
3646 478 3763 553 Θεὸν,

440 564 601 622 omni
632 560 942 618 mendacio
973 558 1237 614 alienum
1286 559 1491 623 Deum,
1525 572 1631 627 per
1678 571 1857 626 quem
1886 552 2089 609 omnia

436 655 589 710 facta
606 650 935 719 sunt,novi;
961 653 1137 719 atque
1160 648 1303 701 item
1333 646 1598 700 futurum
1616 644 1911 717 judicium
1938 642 2082 709 scio,

436 760 505 798 ex
518 741 723 797 multis
734 738 1327 809 videlicetScripturae
1343 752 1519 791 sacrae
1536 733 1731 789 verbis
1744 733 1803 788 id
1816 733 2081 799 edoctus,

433 848 637 887 verum
655 828 924 901 improba
944 824 1520 896 consuetudo,atque
1541 823 1768 896 antiqui
1805 822 2084 894 supplan-

431 923 638 979 tatoris
651 920 907 976 versutia
920 917 1114 974 cordis
1128 918 1245 972 mei
1264 916 1467 972 oculos
1480 914 2082 983 caecavit,densasque

430 1013 630 1068 animo
652 1026 785 1065 meo
810 1008 1083 1064 tenebras
1106 1007 1507 1062 ofl‘udit.Nunc
1523 1010 1721 1061 autem
1743 1004 1817 1059 ad
1837 1002 2082 1057 verbum

428 1107 598 1157 tuum
610 1100 703 1172 abj
713 1104 841 1155 ecto
857 1098 1168 1154 tenebroso
1182 1095 1577 1164 velamine,ad
1587 1092 2079 1149 vultusDominici

432 1190 629 1247 lucem
644 1205 972 1256 accurram;
987 1186 1401 1243 fortasseenim
1415 1185 1533 1241 mei
1547 1182 2081 1252 miserebitur,pm-

429 1281 817 1351 nitentiaaque
836 1279 1085 1350 januam
1110 1276 1257 1331 mihi
1279 1274 1549 1346 improbo
1577 1290 1643 1328 ac
1674 1271 1883 1326 rebelli
1912 1287 2077 1325 servo

427 1370 672 1441 aperiet.
702 1371 1050 1438 Quanquam
1077 1365 1222 1421 mihi
1244 1365 1373 1419 ﬁeri
1404 1380 1523 1418 non
1555 1378 1728 1434 posse
1754 1360 1985 1415 videtur
2013 1368 2079 1417 ut

426 1464 805 1531 peccatorum
838 1472 1126 1522 meorum,
1162 1471 1291 1526 quae
1319 1469 1500 1508 arena
1533 1451 1798 1525 graviora
1828 1452 1986 1515 sunt,
2020 1451 2078 1503 et

429 1564 635 1603 eorum
669 1563 800 1617 qua)
831 1550 957 1600 tum
986 1544 1181 1600 sciens
1220 1548 1345 1597 tum
1396 1542 1675 1614 ignorans
1718 1537 2073 1611 perpetravi,

426 1636 661 1691 veniam
688 1634 1014 1689 obtineam.

498 1726 616 1781 Hac
647 1723 916 1779 oratione
948 1721 1169 1789 audita,
1194 1720 1349 1794 regis
1382 1719 1540 1775 ﬁlius
1572 1718 1772 1774 statim
1791 1717 2073 1789 exsurgit,

428 1820 606 1886 atque
627 1814 829 1869 animo
852 1808 1860 1880 incalescit,animumqueNachoris
1882 1807 1956 1863 ad
1979 1806 2075 1861 de-

427 1903 829 1976 sperationem
841 1919 946 1973 pro
952 1900 1315 1973 pendentem
1338 1915 1687 1970 recuperare
1702 1903 1877 1968 atque
1892 1897 2072 1969 erige-

422 2009 485 2049 re
503 1991 913 2064 incipit.Nulla
929 1990 1112 2059 enim,
1140 2007 1172 2044 ο
1201 1986 1849 2058 Nachor,inquit,nulla
1869 1985 1941 2041 de
1964 1986 2076 2041 hac

423 2098 486 2136 re
520 2081 811 2136 dubitatio
844 2080 1111 2135 animum
1162 2084 1329 2133 tuum
1373 2077 1598 2132 subeat.
1636 2076 1932 2147 Scriptum
1984 2079 2076 2129 est

424 2170 585 2225 enim
609 2170 790 2240 (Joan.
815 2170 912 2238 vn)
933 2184 1106 2240 posse
1128 2169 1311 2222 Deum
1342 2166 1520 2221 etiam
1559 2181 1628 2220 ex
1654 2165 1747 2219 his
1778 2163 2074 2235 lapidibus

426 2258 681 2314 excitare
703 2258 856 2313 filios
874 2256 1315 2322 Abrahaa.Quod
1338 2255 1673 2327 quidem,ut
1693 2253 1889 2309 aiebat
1908 2259 2076 2324 pater

426 2346 867 2419 Barlaam,quid
889 2345 1052 2402 aliud
1069 2350 1363 2417 est,quam
1385 2344 1544 2416 quod
1566 2345 1839 2400 homines
1868 2343 2073 2415 deplo-

427 2442 569 2494 ratae
584 2436 980 2509 improbitatis
992 2441 1167 2507 atque
1182 2435 1343 2491 omni
1357 2434 1687 2505 iniquitatis
1698 2448 1914 2505 genere
1927 2449 2069 2488 con-

428 2526 699 2583 taminati
722 2525 972 2581 salutem
995 2524 1279 2596 consequi
1310 2524 1561 2595 possint,
1589 2522 1928 2593 Christique
1960 2522 2070 2577 filii

429 2614 713 2684 οἰηθῇ(ιυὶ
734 2629 841 2684 pro
863 2629 970 2668 sua
989 2628 1224 2668 summa
1244 2616 1303 2666 et
1331 2610 1670 2666 incredibili
1701 2610 2070 2665 humanitate

425 2704 702 2759 omnibus
724 2718 852 2757 sese
866 2702 940 2758 ad
950 2702 1259 2757 meliorem
1274 2701 1502 2773 frugem
1513 2700 1940 2772 recipientibus
1952 2716 2067 2755 coa-

421 2793 603 2848 lestes
614 2796 816 2863 portas
829 2790 1180 2863 patefecit?N
1187 2806 1337 2861 eque
1351 2790 1513 2845 enim
1526 2790 1803 2861 cuiquam
1818 2790 2065 2845 omnino

422 2881 630 2937 salutis
654 2880 881 2937 aditum
902 2879 1431 2951 prmclusit,verum
1462 2896 1562 2934 eos
1592 2895 1741 2950 quos
1772 2878 2064 2934 scelerum

419 2971 667 3042 pmnitet
685 2969 1056 3025 misericordi
1080 2968 1279 3025 animo
1294 2968 1642 3040 susctpit;ob
1666 2984 1915 3039 eamque
1932 2985 2060 3024 cau-

421 3076 547 3114 sam
568 3059 642 3114 iis
665 3059 766 3130 qui
789 3059 934 3113 hora
955 3058 1167 3130 prima,
1193 3063 1252 3112 et
1272 3058 1466 3125 tertia,
1494 3062 1553 3113 et
1573 3062 1755 3123 sexta,
1790 3064 1849 3112 et
1880 3074 2059 3126 nona,

423 3154 481 3205 et
510 3149 825 3205 undecima
855 3150 929 3205 ad
958 3150 1189 3204 vineam
1218 3154 1798 3219 accesserunt,mqua
1836 3165 2061 3204 merces

2194 546 2264 604 δι’
2294 549 2356 602 οὗ
2403 549 2469 604 τὰ
2519 549 2692 606 πάντα
2743 552 2955 629 γέγονε,
2987 553 3077 609 καὶ
3133 555 3232 624 τὴν
3289 555 3579 629 μέλλουσαν
3626 546 3760 641 κρίσιν

2190 636 2503 711 ἐπίσταμαι,
2536 640 2641 695 ἀπὸ
2686 640 2916 698 πολλῶν
2966 649 3250 723 Γραφικῶν
3309 647 3553 724 ῥημάτων
3602 636 3765 729 ταύτην

2191 729 2463 800 ἀκηκοώς’
2505 729 2632 787 ἀλλ’
2660 732 2695 802 ἡ
2727 733 2945 809 πονηρᾶ
2992 737 3243 807 συνήθεια
3286 739 3377 793 καὶ
3405 742 3438 809 ἡ
3468 746 3555 796 τοῦ
3578 743 3766 804 παλαιοῦ

2190 820 2343 878 258
2366 817 2592 894 έπήρεια
2619 828 2938 896 πτερνιστοῦ
2990 824 3121 888 τοὺς
3178 827 3489 906 ὀφθαλμοὺς
3542 832 3766 904 ἐτύφλωσε

2186 916 2287 998 τῆς
2312 907 2536 987 καρδίας
2585 932 2719 984 μου,
2744 913 2835 967 καὶ
2867 912 3060 978 σκότος
3092 916 3227 990 βαθὺ
3277 920 3556 995 περιέχυσέ
3587 944 3674 995 μου
3711 932 3769 998 τῷ

2188 996 2458 1073 λογισμῷ·
2504 1000 2636 1055 Νυνὶ
2676 998 2733 1057 Si
2761 1001 2850 1057 ἐπὶ
2877 1008 2959 1075 τῷ
2989 1003 3195 1079 ῥήματί
3226 1027 3343 1077 σου,
3373 1010 3433 1064 τὸ
3476 1009 3707 1085 κάλυμμα
3723 996 3769 1070 ti

2189 1085 2429 1162 ζοφῶδες
2484 1088 2793 1165 ἀπορρίψας
2826 1137 2843 1165 ,
2894 1096 2975 1165 τῷ
3036 1093 3175 1171 φωτί
3230 1095 3660 1173 προσδραμοῦμαι
3700 1108 3770 1158 τοῦ

2184 1179 2481 1268 προσώπου
2539 1180 2746 1268 Κυρίου
2777 1224 2793 1242 .
2859 1182 3016 1245 Ἴσως
3073 1182 3287 1256 έλέήσει
3352 1208 3460 1260 με,
3510 1191 3592 1245 καὶ
3644 1192 3769 1268 θύραν

2183 1265 2382 1355 ἀνοίξει
2418 1267 2705 1340 μετανοίας
2732 1273 2812 1341 τῷ
2843 1276 3070 1348 πονηρῷ
3121 1271 3306 1347 δούλῳ
3336 1275 3424 1331 καὶ
3455 1265 3770 1355 ἀποστάτῃ,εἷ

2182 1355 2271 1411 καὶ
2310 1354 2571 1413 ἀδύνατον
2600 1355 2752 1414 δοκεῖ
2798 1381 2892 1434 μοι
2947 1359 3131 1439 ἄφεσιν
3165 1365 3406 1438 γενέσθαι
3460 1372 3559 1423 τῶν
3587 1354 3772 1445 ψάμμου

2186 1446 2492 1522 βαρυτέρων
2526 1469 2631 1521 μου
2683 1449 3059 1523 πταισμάτων,
3091 1453 3165 1507 ὧν
3198 1452 3251 1508 ἐν
3273 1454 3463 1529 γνώσει
3491 1458 3573 1512 ναὶ
3623 1460 3774 1534 ἀγνοίᾳ

2180 1534 2427 1611 ἥμαρτον
2455 1538 2711 1607 νηπιόθεν
2738 1537 2828 1593 καὶ
2881 1539 3048 1615 μέχρι
3080 1540 3282 1614 ταύτης
3320 1565 3425 1617 μου
3474 1548 3565 1617 τῆς
3599 1545 3773 1618 ἡλικίας

2179 1625 2269 1679 καὶ
2300 1624 2519 1687 πολιᾶς.

2249 1717 2428 1771 Ταῦτα
2485 1715 2561 1777 ὡς
2618 1713 2849 1785 ἤκουσεν
2906 1719 2936 1773 ὁ
2990 1723 3089 1774 τοῦ
3151 1721 3422 1795 βασιλέως
3477 1726 3602 1798 υἱὸς,
3648 1726 3767 1792 εὐθὺς

2179 1799 2626 1859 διανίσταταικαῖ
2684 1806 3011 1883 θερμότερος
3066 1808 3166 1878 τήν
3226 1812 3415 1887 ψυχὴν
3463 1812 3769 1889 γίνεται.ῐαὶ

2179 1892 2271 1947 τὸν
2335 1892 2601 1968 λογισμὸν
2658 1898 2755 1979 τοῦ
2812 1894 3024 1972 Ναχὼρ
3076 1898 3215 1974 πρὸς
3271 1900 3576 1978 ἀπόγνωσιν
3625 1904 3777 1979 συγκύ-

2181 2001 2384 2037 πτοντα
2439 1976 2838 2055 ἀναλαμϐάνειν
2901 1982 3151 2061 ἄρχεται,
3183 1987 3277 2042 καὶ
3328 1976 3653 2067 περῥότερον
3680 1976 3773 2067 περὶ

2179 2071 2279 2158 τήν
2338 2072 2574 2158 Χριστοῦ
2630 2072 2808 2128 πίστιν
2869 2070 3185 2140 διατιθέναι.
3239 2076 3474 2151 Μηδεὶς,
3516 2082 3558 2135 ὦ
3590 2083 3774 2158 Ναχὼρ,

2182 2157 2381 2234 λέγων,
2418 2157 2612 2233 μηδεὶς
2655 2159 2792 2217 ἔστω
2840 2184 2925 2218 σοι
2966 2162 3093 2240 περὶ
3141 2164 3342 2222 τούτου
3392 2157 3778 2246 διπαγμὸςξΐέ-

2177 2268 2411 2325 γραπται
2430 2249 2532 2326 γὰρ
2574 2252 2686 2324 (83)
2744 2247 2970 2308 δυνατὸν
3030 2255 3159 2309 εἶναι
3206 2260 3292 2329 τῷ
3353 2263 3469 2331 Θεῷ
3492 2259 3575 2314 καὶ
3622 2258 3771 2315 ἐκτῶν

2181 2334 2349 2403 λίθων
2397 2338 2605 2395 τούτων
2652 2339 2858 2418 ἐγεῖραι
2907 2343 3067 2398 τέκνα
3119 2348 3199 2416 τῷ
3258 2343 3527 2423 Ἀϐραάμ*
3582 2348 3691 2425 ὅπερ
3732 2348 3772 2404 τί

2179 2425 2320 2483 ἄλλο
2350 2429 2385 2498 ἢ
2416 2428 2575 2484 τοῦτό
2604 2428 2769 2500 ἐστιν,
2803 2430 2877 2492 ὡς
2906 2431 2934 2486 ὁ
2966 2433 3144 2504 πατὴρ
3185 2427 3288 2511 ἔφη
3346 2433 3620 2510 Βαρλαάμ,
3659 2438 3711 2493 τὸ
3734 2437 3771 2509 ἐξ

2176 2516 2512 2575 ἀνελπίστων
2590 2517 2681 2574 καὶ
2759 2520 2958 2582 πάσαις
3028 2524 3502 2599 κατακρανθέντων
3569 2526 3771 2601 ἁνομίαις

2178 2603 2429 2662 δύνασθαι
2478 2610 2742 2677 σωθῆναι,
2785 2608 2878 2664 καὶ
2927 2606 3161 2673 δούλους
3192 2611 3442 2688 γενέσθαι
3482 2617 3705 2691 Χριστοῦ,
3729 2617 3771 2677 ὃς

2177 2693 2247 2751 δι’
2294 2697 2459 2773 ἄκραν
2518 2696 2931 2775 φιλανθρωπίας
2987 2694 3304 2775 ὑπερϐολὴν
3363 2710 3491 2759 πᾶσι
3540 2711 3644 2768 τοῖς
3682 2705 3770 2761 ἐπι·

2174 2787 2457 2864 στρέφουσι
2496 2785 2592 2849 τὰς
2638 2786 2921 2863 οὐρανίους
2968 2784 3207 2860 διήνοιξε
3255 2791 3460 2863 πύλας,
3509 2792 3767 2850 οὐδενὶ-τῶν

2171 2879 2387 2933 πάντῶν
2444 2879 2547 2947 τὴν
2603 2880 2703 2948 τῆς
2760 2880 3031 2954 σωηρῖας
3082 2880 3422 2948 ἀποκλείσας
3476 2883 3611 2956 ὁδὸν,
3659 2883 3769 2941 ἀλλᾶ

2172 2968 2467 3040 συμπαθῶς
2496 2965 2626 3029 τοὺς
2682 2972 3074 3041 μετανοοῦντας
3120 2966 3429 3046 δεχόμενος
3463 2994 3477 3045 ;
3519 2974 3606 3030 Διὰ
3640 2979 3766 3029 ταῦτα

2170 3058 2275 3147 γαρ
2306 3057 2393 3112 καὶ
2425 3062 2541 3119 τοῖς
2598 3054 2723 3133 περί
2778 3056 3002 3132 πρώτην
3061 3059 3152 3113 καὶ
3203 3061 3427 3135 τρίτην,
3458 3058 3607 3137 ἕκτην
3630 3064 3760 3120 τεκαὶ

2177 3143 2424 3218 ἐννάτην,
2468 3147 2557 3201 καὶ
2616 3143 2905 3218 ένδεκάτην
2956 3146 3101 3222 ὥραν
3128 3152 3493 3223 προσελθοῦσι
3521 3158 3593 3225 τῷ
3634 3153 3767 3225 ἀμπε-

419 3238 778 3307 attribuitur,
788 3239 1292 3310 quemadmodum
1306 3209 1670 3311 Evangelicis
1683 3209 1915 3310 scriptis
1927 3255 2062 3309 pro-

2177 3232 2314 3291 λῶνι
2343 3209 2459 3290 κατ’
2514 3232 2626 3290 ἴσον
2676 3209 3046 3310 ἀφορίξεταιιδ
3080 3209 3297 3311 μισθὸς,
3330 3241 3406 3304 ὡς
3434 3244 3495 3297 τὸ
3526 3209 3768 3320 ἅγιόνιση-

418 3328 607 3383 ditum
640 3333 730 3383 est
749 3328 969 3399 (Matth.
993 3329 1110 3399 xx).
1144 3330 1226 3384 Ac
1257 3328 1505 3399 proinde
1544 3328 1776 3384 etiamsi
1807 3327 1881 3383 ad
1907 3327 2067 3383 hunc

415 3433 606 3488 usque
630 3415 788 3472 diem
810 3417 871 3471 in
903 3417 1162 3488 peccatis
1193 3418 1604 3485 consenueris,
1637 3422 1837 3473 tamen
1869 3417 1918 3472 si
1948 3417 2065 3472 fer-

413 3508 574 3561 venti
615 3506 817 3561 animo
862 3506 1132 3574 accedas,
1165 3507 1372 3563 eadem
1405 3524 1536 3579 quas
1569 3507 1609 3561 ii
1632 3507 1733 3578 qui
1761 3506 1832 3561 ab
1863 3506 2064 3562 adole-

414 3594 640 3651 scentia
671 3600 974 3650 certamen
1005 3594 1316 3650 subierunt
1361 3596 1610 3667 praemia
1655 3596 2060 3666 consequeris.

488 3686 622 3739 Haac
656 3689 713 3738 et
742 3684 930 3739 multa
981 3684 1097 3739 alia
1125 3701 1260 3739 cum
1292 3685 1696 3741 divinissimus
1720 3686 1959 3756 juvenis
1988 3685 2063 3741 ad

416 3773 744 3828 Nachorem
772 3774 834 3829 in
865 3773 1039 3829 malis
1064 3774 1454 3831 inveteratum
1493 3773 1565 3828 de
1596 3774 1944 3846 paenitentia
1974 3774 2061 3829 lo-

410 3865 582 3916 cutus
602 3860 834 3927 fuisset,
880 3861 1114 3933 ipsique
1158 3862 1391 3919 veniam
1426 3862 1861 3934 spopondisset,
1890 3862 2059 3917 Chri-

409 3954 690 4022 stumque
710 3950 949 4006 facilem
962 3968 1029 4007 ac
1043 3951 1366 4023 propitium
1385 3953 1497 4024 ipsi
1510 3951 1634 4006 fore
1661 3951 2058 4024 promisisset,

407 4039 678 4112 illudque
702 4058 809 4113 pro
832 4046 992 4097 certo
1015 4041 1531 4106 afﬂrmasset,cum
1551 4058 1657 4113 pro
1672 4057 1779 4096 sua
1794 4040 2057 4096 bonitate

409 4145 649 4203 semper
677 4131 1006 4202 peccatoris
1038 4132 1447 4203 paenitentiam
1464 4132 1765 4202 suscipere
1782 4135 2056 4202 paratum

406 4236 558 4289 esse,
574 4237 791 4293 aegram
804 4221 991 4292 ipsius
1005 4222 1578 4292 animam,anuam
1601 4218 2055 4275 medicamentis

407 4307 765 4380 quibusdam
787 4311 1120 4382 emolliens,
1154 4312 1350 4384 ipsum
1382 4329 1624 4385 prorsus
1646 4313 1708 4368 in
1738 4313 2053 4369 sanitatem

404 4400 678 4455 asseruit.
714 4401 923 4456 Statim
954 4401 1114 4456 enim
1162 4401 1237 4457 ad
1280 4418 1416 4458 eum
1464 4403 1695 4458 Nachor
1732 4402 1919 4457 dixit:
1971 4403 2054 4458 Tu

404 4486 667 4557 quidem,
691 4505 724 4543 ο
745 4489 947 4544 animo
968 4489 1147 4545 etiam
1170 4507 1348 4561 quam
1366 4508 1611 4563 corpore
1644 4490 1919 4553 nobilior,
1951 4489 2053 4561 qui

2171 3345 2251 3378 σιν
2311 3322 2647 3399 Εὐαγγέλιον
2708 3326 2840 3397 (84)’
2894 3323 3051 3395 ὥστε,
3101 3325 3198 3381 κᾶν
3250 3329 3424 3405 μέχρι
3470 3333 3561 3385 τοῦ
3605 3334 3677 3384 νῦν
3724 3329 3762 3383 ἰν

2167 3412 2456 3488 ἁμαρτίαις
2513 3416 2665 3472 25θ
2723 3415 3118 3491 κατεγήρασας,
3169 3415 3260 3471 ἐὰν
3313 3420 3526 3493 θερμῶς
3578 3416 3763 3494 προσέλ-

2169 3504 2264 3577 θῃς
2296 3545 2312 3575 ,
2367 3507 2477 3559 τῶν
2529 3502 2705 3558 αὐτῶν
2784 3508 2907 3565 τοῖς
2963 3503 3023 3559 έκ
3070 3505 3333 3576 νεότητος
3390 3508 3761 3583 ἀγωνισάμενοις

2166 3590 2443 3667 ἀξιωθήσῃ
2468 3595 2665 3667 γερῶν.

2237 3680 2430 3737 Πολλὰ
2487 3680 2543 3738 δὶ
2598 3681 2687 3738 καὶ
2745 3679 2901 3760 ἕτερα
2956 3683 3081 3758 περὶ
3142 3685 3435 3759 μετανοίας
3485 3688 3699 3759 λαλήσας
3742 3686 3763 3740 ὁ

2164 3772 2441 3835 Οειὸτατας
2470 3772 2682 3835 νεανίας
2725 3777 2804 3845 τῷ
2849 3772 3217 3839 παλαιωθέντι
3251 3774 3307 3831 ἓν
3337 3782 3521 3839 κακοῖς
3575 3776 3766 3852 Ναχὼρ,

2162 3862 2253 3917 καὶ
2304 3859 2474 3916 ’ίΛεων
2528 3861 2768 3935 γενέσθαι
2826 3862 2916 3917 τὸν
2988 3863 3215 3938 Χρισνὸν
3276 3865 3643 3942 ὑποσχόμενος
3694 3862 3761 3918 καί

2164 3948 2570 4026 ἐγγυησάμενος
2626 3951 2726 4020 τὴν
2784 3947 2969 4029 ἄφεσιν
3005 3994 3019 4021 ,
3080 3950 3167 4007 καὶ
3225 3952 3587 4033 πληροφήσας
3632 3953 3755 4009 αὐτὸν

2162 4040 2238 4103 ὡς
2266 4036 2488 4113 ἵτοιμός
2520 4037 2659 4094 ἐστιν
2694 4039 2722 4094 ὁ
2754 4036 2951 4115 ἀγαθὸς
2980 4040 3061 4095 ἀεὶ
3090 4045 3192 4096 τοῦ
3224 4039 3479 4119 δέχεσθαι
3506 4044 3595 4113 τὴν
3623 4041 3758 4117 μετᾶο

2159 4128 2332 4199 νοίαν,
2362 4130 2463 4199 τήν
2492 4133 2845 4199 νενοσηκυῖαν
2876 4130 3060 4205 ψυχὴν
3102 4131 3276 4186 αὐτοῦ
3331 4133 3419 4188 οἶά
3445 4155 3545 4188 τισι
3575 4131 3759 4207 φαρμά-

2158 4240 2275 4281 κοις
2318 4218 2724 4291 καταμαλάξας,
2782 4218 3018 4294 καθαρὰν
3074 4219 3371 4295 ἐχαρίσατο
3425 4224 3521 4292 τήν
3573 4221 3754 4298 ὑγίειαν.

2158 4310 2300 4385 Ἔφη
2353 4308 2455 4384 γὰρ
2509 4306 2665 4372 εὐθὺς
2703 4307 2731 4362 ὃ
2763 4307 2968 4383 Ναχὼρ
3016 4309 3153 4383 πρὸς
3212 4310 3400 4366 αὐτόν·
3462 4310 3531 4366 Σὺ
3581 4311 3678 4383 μὶν,
3724 4307 3759 4359 ὦ

2158 4395 2497 4473 εύγενέστατε
2541 4397 2641 4465 τὴν
2698 4397 2885 4473 ψυχὴν
2949 4396 3163 4471 μᾶλλον
3195 4398 3231 4469 ἧ
3262 4400 3327 4455 τὸ
3386 4404 3558 4474 σῶμα,
3607 4395 3755 4457 καλῶς

2163 4484 2513 4559 μεμυημένος
2573 4485 2640 4540 τὰ
2699 4486 2979 4559 θαυμαστὰ
3037 4489 3315 4563 μυστήρια
3368 4494 3547 4557 ταῦτα,
3602 4487 3750 4560 μένοις

404 4575 857 4634 admirabilibus
878 4579 969 4634 his
984 4580 1282 4651 mysteriis
1302 4580 1587 4651 praclare
1601 4579 1863 4634 imbutus
1886 4577 2049 4639 es.ad

2175 4597 2206 4628 ,ν
2238 4577 2307 4648 τῇ
2336 4572 2480 4649 καλῇ
2509 4574 2785 4649 ὁμολογίᾳ
2832 4574 2997 4652 μέχρι
3055 4575 3274 4650 τέλους,
3305 4578 3395 4633 καὶ
3454 4574 3629 4652 μηδεὶς
3652 4572 3752 4629 ταύ-

404 4668 734 4721 extremum
774 4682 963 4738 usque
1012 4668 1074 4722 in
1121 4668 1407 4739 praeclara
1450 4668 1824 4723 confessione
1872 4667 2050 4723 velim

401 4764 668 4824 maneas,
695 4771 806 4811 nec
829 4772 959 4811 eam
990 4762 1091 4812 aut
1116 4757 1306 4812 ullum
1334 4761 1590 4829 tempus,
1616 4762 1717 4811 aut
1737 4757 1898 4812 ullus
1920 4773 2050 4811 mo-

404 4840 513 4898 dus
537 4860 567 4898 e
590 4848 690 4899 tuo
715 4848 953 4916 pectore
981 4845 1211 4901 evellat.
1238 4848 1354 4918 Ego
1377 4850 1573 4901 autem
1605 4846 1716 4901 hac
1742 4846 1873 4917 ipsa
1904 4846 2051 4901 hora

400 4932 766 5003 proﬁciscar,
791 4939 857 4989 ut
905 4933 1157 4991 salutem
1205 4951 1400 4991 meam
1450 4951 1734 5007 quaeram,
1781 4935 2047 5006 mihique

398 5021 607 5091 Deum,
637 5039 816 5095 quem
849 5023 923 5080 ad
953 5023 1103 5079 iram
1133 5025 1462 5097 provocavi,
1504 5042 1609 5097 per
1634 5025 2046 5097 pwnitentiam

392 5113 724 5183 prOpitium
755 5130 822 5169 ac
852 5113 1090 5170 facilem
1125 5114 1391 5172 reddam.
1424 5117 1550 5170 Non
1582 5115 1743 5170 enim
1775 5114 2045 5186 posthac,

390 5200 507 5256 nisi
544 5200 651 5256 tibi
684 5202 859 5258 aliter
890 5204 1178 5273 videatur,
1225 5204 1380 5277 regis
1410 5204 1623 5260 faciem
1656 5204 2042 5275 conspiciam.

391 5289 622 5358 Ingenti
657 5295 854 5346 autem
893 5292 1079 5349 animi
1111 5293 1321 5350 laetitia
1363 5296 1609 5350 affectus
1657 5294 1813 5367 regis
1862 5292 2043 5361 ﬁlius,

2157 4686 2257 4735 την
2290 4662 2493 4739 χρόνος
2543 4662 2578 4733 ἢ
2624 4663 2831 4737 τρόπος
2860 4671 2959 4734 τῆς
2992 4672 3093 4735 σῆς
3148 4664 3370 4741 ἐκτέμοι
3427 4662 3751 4743 καρδίας-ἑγὼ

2160 4749 2218 4807 δὲ
2247 4750 2586 4825 πορεύσομαι
2616 4749 2668 4822 ἐξ
2694 4752 2867 4821 αὐτῆς
2920 4753 3021 4823 τὴν
3080 4752 3220 4827 ἐμὴν
3279 4760 3453 4828 ζητῶν
3506 4750 3749 4826 σωτηρίαν,

2156 4840 2247 4896 καὶ
2280 4838 2368 4895 διὰ
2401 4838 2687 4914 μετανοίας
2724 4840 2817 4896 τὸν
2850 4842 2980 4897 Θεὸν
3037 4841 3459 4919 ἐξιλεωσόμενος
3488 4846 3542 4900 ὃν
3570 4841 3752 4916 παρώρο

2154 4952 2299 5007 γισα.
2333 4928 2449 4988 Οὐκ
2477 4924 2554 4985 ἔτι
2585 4928 2685 5006 γὰρ
2716 4931 2780 4985 τὸ
2817 4934 2914 4986 τοῦ
2946 4932 3217 5008 βασιλέως
3246 4934 3453 5010 ὅψομαί
3482 4933 3744 5009 πρόσωπον,

2157 5019 2203 5075 εἶ
2235 5018 2297 5074 σὺ
2333 5018 2494 5093 μόνον
2528 5017 2835 5090 θελήσειας.
2876 5024 3195 5098 Περιχαρής
3245 5021 3301 5079 δὲ
3329 5025 3599 5101 γενόμενος
3628 5018 3747 5074 ὁτοΰ

2160 5107 2428 5185 βασιλέως
2482 5108 2599 5171 υἱὸς
2650 5108 2740 5162 καὶ
2801 5107 3052 5181 ἀσμένως
3098 5113 3192 5166 τὸν
3241 5111 3407 5188 λόγον
3466 5109 3744 5183 δεξάμενος,

2152 5191 2467 5271 περιλαϐὼν
2518 5194 2676 5251 αὐτὸν
2736 5196 3058 5272 καταφιλεῖ,
3112 5201 3225 5272 καὶ,
3260 5202 3481 5264 ἐκτενῶς
3510 5198 3625 5275 πρὸς
3666 5194 3736 5248 τὸν

2152 5289 2281 5344 Θεὸν
2315 5285 2622 5359 εὐξάμενος,
2654 5286 2920 5360 ἐκπέμπει
2954 5292 3051 5344 τοῦ
3084 5289 3373 5349 παλατίου.

390 5380 566 5447 atque
592 5377 752 5434 hunc
780 5396 1118 5439 sermonem
1148 5384 1406 5439 libenter
1438 5384 1971 5456 excipiens,ipsum
1990 5380 2406 5454 complectitur
2434 5382 2493 5434 et
2523 5377 2923 5449 exosculatur,
2957 5382 3317 5455 attentisque
3340 5382 3413 5440 ad
3442 5384 3607 5440 Deum
3624 5370 3736 5433 fusis

387 5464 688 5538 precibus,
724 5484 861 5525 eum
892 5487 923 5525 e
952 5473 1171 5543 palatio
1204 5474 1442 5530 emittit.

467 5612 574 5759 283)
603 5612 777 5741 ﬁpud
805 5615 1008 5674 Matth.
1041 5634 1122 5688 ιιι,
1148 5623 1201 5676 9.

493 5684 583 5757 84)
668 5684 819 5750 atth.
857 5703 955 5747 xx.

493 5684 583 5757 84)
612 5684 793 5744 Matth
805 5725 819 5750 .
857 5703 955 5747 xx.
