4010 6206
214 352 363 410 “29

1390 359 1556 414 VITA
1597 359 1950 416 BARLAAM
1985 363 2081 417 ET
2113 363 2463 419 JOASAPH.

3492 374 3633 434 1130

284 476 556 550 Ἐξελθὼν
590 477 648 535 δὲ
678 480 706 535 ὁ
734 482 948 557 Ναχὼρ
1008 482 1464 558 κατανενυγμένος
1510 483 1611 552 τὴν
1661 482 1862 558 ψυχὴν,

2054 488 2337 560 Egressus
2368 494 2566 544 autem
2596 490 2847 560 Nachor,
2882 492 3083 550 animo
3143 504 3535 567 compunctus
3565 504 3632 559 in

208 566 300 623 ἐπὶ
333 570 429 639 τήν
466 569 776 644 βαθυτάτην
840 569 1069 626 ἅλλεται
1127 572 1201 633 ὡς
1251 568 1453 646 ἔλαφος
1499 567 1731 647 ἔρημον,
1776 572 1866 627 καὶ

207 668 460 741 μοναχοῦ
491 688 665 736 τινος,
697 667 1003 739 ἱερωσύνης
1052 670 1434 745 περικειμένου
1482 669 1654 740 ἀξίαν,
1704 690 1867 725 κατα-

200 752 472 829 λαμϐάνει
503 759 804 827 σπήλαιον,
832 753 957 821 ἔνθα
1015 758 1311 834 ἐκέκρυπτο
1370 758 1575 823 ἐκεῖνος
1631 756 1720 813 διὰ
1772 760 1863 814 τὸν

199 844 550 918 ἐπικείμενον
590 841 783 923 φόϐον.
819 846 1014 920 Τούτῳ
1048 845 1106 902 δὲ
1147 848 1452 924 Θερμότατα
1509 848 1863 923 προσπίπτει,

199 934 403 991 πλύνει
443 935 574 999 τοὺς
630 934 805 999 πόδας
863 934 1110 1011 δάκρυσι,
1167 940 1267 1009 τήν
1326 959 1461 993 ποτε
1520 938 1867 1013 μιμούμενος

198 1022 419 1101 πόρνην
455 1028 590 1099 (85),
618 1025 707 1080 καὶ
728 1026 791 1081 τὸ
815 1031 958 1090 θεῖον
982 1025 1266 1099 ἐξαιτεῖται
1292 1027 1591 1102 βάπτισμα.
1626 1031 1780 1086 260
1802 1029 1863 1085 Ὀ

198 1114 390 1169 τοίνυν
426 1113 624 1190 ἱερεὺς,
657 1114 806 1176 θείας
838 1113 910 1169 ὢν
945 1118 1171 1191 χάριτος
1204 1116 1669 1191 πεπληρωμένος,
1719 1118 1861 1189 ¹ἥσθη

198 1224 264 1259 τε
296 1202 445 1275 λίαν,
475 1203 589 1271 καὶ,
620 1210 989 1279 παραχρῆμα,
1022 1204 1203 1279 ὥσπερ
1262 1204 1383 1268 ἔθος
1434 1210 1563 1279 (86),
1610 1207 1864 1281 κατηχή-

197 1313 304 1355 σας
336 1292 523 1359 αὐτὸν,
559 1289 632 1346 δι’
660 1294 885 1367 ἡμερῶν
916 1292 1014 1347 οὐκ
1044 1292 1253 1369 ὀλίγων
1280 1295 1488 1349 τελειοῖ
1537 1299 1618 1367 τῷ
1666 1294 1864 1369 βαπτί-

194 1402 372 1454 σματι
411 1383 488 1444 είς
518 1377 699 1456 ὄνομα
726 1386 823 1438 τοῦ
865 1384 1074 1459 Ηατρὸς
1134 1383 1226 1439 καὶ
1281 1389 1379 1440 τοῦ
1437 1386 1564 1440 Υἱοῦ
1620 1386 1711 1439 καὶ
1768 1389 1865 1439 τοῦ

192 1472 364 1547 ἁγίου
428 1471 763 1545 Πνεύματος.
824 1473 1046 1546 Ἔμεινε
1106 1471 1164 1528 δὲ
1220 1475 1425 1549 Ναχὼρ
1513 1474 1630 1547 μετ’
1698 1472 1863 1529 αὐτοῦ

194 1563 487 1633 μετανοῶν
520 1560 604 1615 ἀεὶ
635 1560 719 1633 ἐφ’
748 1563 833 1623 οἷς
864 1561 1101 1635 ἥμαρτε,
1149 1564 1240 1617 καὶ
1299 1561 1545 1636 εὐλογῶν
1589 1563 1682 1618 τὸν
1734 1562 1863 1618 Θεὸν

186 1651 297 1707 τὸν
336 1651 415 1723 μὴ
450 1650 787 1726 βουλόμενον
822 1651 1119 1716 ἀπολέσθαι
1150 1652 1293 1724 τινά,
1325 1652 1470 1709 ἀλλά
1497 1654 1716 1708 πάντων
1756 1655 1857 1723 τήν

188 1741 541 1819 ἐπιστροφὴν
581 1739 944 1817 ἐκδεχόμενον
1003 1746 1113 1815 (87)
1167 1742 1257 1798 καὶ
1318 1747 1713 1817 μετανοοῦντας
1772 1763 1861 1820 φι-

190 1828 548 1905 λανθρώπως
580 1828 903 1906 δεχόμενον.

1977 574 2396 631 densissimam
2415 577 2803 634 solitudinem
2819 583 2978 635 cervi
2993 583 3181 638 instar
3192 586 3430 655 prosilit
3454 594 3629 660 atque

1977 666 2039 721 in
2060 666 2337 731 monachi
2360 667 2670 737 cujusdam
2681 671 2804 739 ,qui
2824 672 3141 727 sacerdotii
3156 673 3441 746 dignitate
3458 696 3629 735 orna-

1977 759 2073 810 tus
2106 760 2249 821 erat,
2283 755 2631 825 speluncam
2665 774 2727 812 se
2758 759 2989 814 confert
3019 762 3080 815 in
3111 779 3227 832 qua
3254 762 3357 818 ille
3387 772 3630 837 prepter

1975 846 2393 900 imminentem
2412 853 2637 901 metum
2656 848 3257 923 delitescebat.Atque
3282 856 3628 927 anteipsum

1973 935 2413 991 ferventissimo
2429 943 2664 1007 pectore
2681 937 2846 993 humi
2864 957 2991 995 sese
3006 942 3626 1016 provolvit,ipsiusque

1974 1025 2375 1096 pedes,instar
2391 1025 2669 1081 videlicet
2686 1028 2902 1083 veteris
2918 1030 3079 1085 illius
3093 1033 3424 1088 meretricis
3446 1036 3626 1104 (Luca:

1974 1115 2091 1185 vii),
2124 1114 2406 1186 lacrymis
2448 1115 2774 1185 perfundit,
2833 1134 2900 1173 ac
2950 1118 3214 1174 divinum
3261 1120 3626 1193 baptismum

1976 1205 2261 1275 exposcit.
2314 1204 2599 1260 Sacerdos
2650 1206 2872 1276 itaque,
2938 1213 3143 1279 utpote
3194 1209 3392 1266 divina
3437 1214 3627 1285 gratia

1974 1293 2211 1364 plenus,
2246 1292 2548 1365 ingentem
2572 1295 2771 1349 animo
2792 1296 3152 1368 voluptatem
3172 1301 3347 1371 cepit,
3370 1318 3623 1377 eumque

1973 1382 2311 1447 confestim,
2344 1388 2410 1437 ut
2439 1399 2569 1438 mos
2600 1384 2850 1451 ferebat,
2884 1403 2990 1456 per
3020 1386 3149 1442 dies
3193 1390 3352 1445 haud
3401 1408 3622 1463 paucos

1972 1471 2322 1527 Christianae
2382 1472 2497 1526 ﬁde
2564 1472 2919 1529 rudimentis
2986 1475 3346 1548 institutum,
3426 1481 3620 1538 divino

1972 1561 2328 1632 baptismate
2357 1562 2592 1631 perlicit
2623 1562 2684 1617 in
2706 1563 2949 1617 nomine
2980 1566 3169 1619 Patris
3194 1568 3394 1623 etFilii
3420 1576 3478 1624 et
3499 1571 3622 1642 Spi—

1969 1651 2119 1705 ritus
2151 1650 2340 1705 sancti
2388 1652 2582 1721 (Marc.
2629 1652 2778 1722 ult.).
2822 1652 3035 1707 Mansit
3081 1660 3279 1711 autem
3331 1674 3465 1712 cum
3513 1660 3618 1716 illo

1970 1740 2222 1807 Nachor,
2256 1745 2541 1811 perpetua
2564 1740 2636 1794 ob
2666 1757 2736 1795 ea
2784 1747 3026 1811 peccata
3071 1759 3201 1813 qua:
3250 1751 3621 1817 perpetrarat

1885 1813 1933 1878 Β
1966 1827 2336 1901 pcenitudine
2352 1813 3407 1905 ductus,Deumquebenedicens,qui
3435 1840 3621 1894 nemi-

189 1939 349 1978 nem
381 1922 574 1994 perire
605 1922 746 1990 vult,
775 1939 977 1978 verum
1009 1922 1278 1979 omnium
1309 1923 1786 1995 resipiscentiam
1829 1922 2151 1991 exspectat,
2183 1922 2361 1988 atque
2394 1934 2494 1972 eos
2525 1918 2627 1988 qui
2675 1919 3087 1990 pcenitentiam
3132 1929 3313 1994 agunt
3357 1925 3616 1984 humane

191 2029 271 2068 ac
295 2013 553 2084 benigne
584 2012 802 2083 excipit
826 2013 907 2083 (II
930 2015 1080 2067 Petr.
1110 2029 1169 2067 ιιι
1194 2031 1210 2078 ς
1240 2014 1433 2069 Ezech.
1466 2016 1636 2085 xvm).

274 2101 484 2164 Ἕωθεν
517 2097 576 2155 δὲ
608 2101 793 2173 μαθὼν
822 2100 893 2155 τά
948 2101 1083 2154 κατά
1128 2098 1221 2155 τὸν
1271 2100 1482 2176 Ναχὼρ
1510 2101 1538 2155 ὁ
1574 2098 1854 2176 βασιλεὺς,

188 2189 291 2245 καὶ
324 2188 604 2264 ἀπογνοὺς
632 2193 700 2259 ἧς
753 2190 897 2264 εἶχεν
923 2186 1149 2254 ἐλπίδος
1191 2188 1272 2244 ἐπ’
1302 2190 1470 2263 αὐτῷ,
1503 2189 1634 2245 ἰδὼν
1677 2189 1735 2246 δὲ
1763 2191 1854 2246 καὶ

188 2281 331 2343 τοὺς
360 2282 559 2359 σοφοὺς
612 2281 781 2336 αὐτοῦ
840 2281 932 2336 καὶ
988 2283 1336 2359 παράφρονας
1395 2281 1634 2358 ῥήτορας
1682 2281 1857 2344 οὕτως

186 2370 301 2426 ἀνά
333 2369 532 2446 κράτος
551 2370 909 2441 ἡττηθέντας,
949 2367 1001 2424 έν
1028 2369 1353 2445 ,ἀμηχανίᾳ
1407 2372 1498 2440 ἦν.
1554 2372 1655 2425 Καὶ
1708 2370 1854 2427 ἐκεί-

188 2482 333 2524 νους
367 2460 461 2532 μὶν
495 2455 683 2533 ὕϐρεσι
716 2457 917 2521 δειναῖς
970 2460 1061 2513 καὶ
1121 2459 1366 2533 ἀτιμίαις
1420 2458 1625 2536 βαλὼν,
1672 2460 1764 2522 οὕς
1798 2457 1856 2515 δὲ

188 2550 292 2605 καὶ
358 2546 675 2625 βουνεῦροις
736 2546 986 2626 σφοδρῶς
1049 2550 1395 2623 μαστιγώσας
1480 2548 1570 2604 καὶ
1639 2546 1852 2623 ἀσϐόλῃ

189 2639 296 2700 τὰς
328 2636 479 2712 ὄψεις
513 2637 858 2714 περιχρίσας,
918 2632 1136 2711 ἐξέϐαλε
1186 2643 1282 2693 τοῦ
1329 2636 1475 2693 ἰδίου
1531 2639 1851 2713 προσώπου·

202 2728 373 2789 αὐτὸς
403 2725 460 2783 δὶ
489 2728 916 2801 καταγινώσκειν
950 2730 1151 2800 ἤρξατο
1182 2734 1282 2797 τῆς
1324 2731 1432 2782 τῶν
1481 2726 1854 2801 ψευδωνύμων

197 2823 347 2884 θεῶν
377 2815 672 2890 ἀσθενείας,
705 2816 754 2871 εἲ
782 2817 871 2871 καὶ
908 2818 984 2890 μὴ
1016 2816 1241 2880 τελείως
1294 2820 1375 2889 τῷ
1421 2816 1561 2895 φωτὶ
1620 2817 1855 2890 Χριστοῦ

194 2902 549 2981 προσϐλέψαι
580 2906 717 2967 τέως
746 2906 1005 2977 ἠθέλησε.
1040 2907 1109 2962 Τὸ
1165 2906 1265 2982 γάρ
1323 2909 1420 2971 τῆς
1470 2907 1854 2982 περικειμένης

196 2997 361 3068 αὐτῷ
391 2994 603 3071 ἀχλύος
633 2995 786 3070 παχὺ
833 2997 993 3069 νέφος
1049 3001 1302 3072 κατεῖχεν
1358 2993 1437 3051 ἔτι
1491 2998 1586 3057 τὰς
1644 2995 1858 3071 ὁράσεις

199 3085 377 3140 αὐτοῦ
404 3092 507 3154 τῆς
538 3083 786 3161 καρδίας.
822 3083 984 3140 Ἀλλ’
1014 3083 1104 3140 οὖν
1135 3084 1232 3140 οὐκ
1261 3084 1339 3140 ἔτι
1369 3084 1496 3147 τοὺς
1555 3085 1859 3160 νεωκόρους

2037 2100 2160 2152 Rex
2185 2101 2559 2164 autem,cum
2583 2097 2655 2152 de
2678 2100 2960 2155 Nachoris
2990 2100 3169 2157 rebus
3190 2120 3365 2159 mane
3397 2107 3616 2162 certior

1964 2188 2154 2243 factus
2184 2186 2415 2254 fuisset,
2458 2202 2525 2241 ac
2551 2204 2653 2257 spe
2695 2204 2802 2243 sua
2840 2189 3179 2260 excidisset,
3231 2199 3290 2247 et
3329 2201 3617 2265 praaterea

1967 2278 2267 2349 sapientes
2301 2292 2440 2331 suos
2472 2291 2538 2330 ac
2574 2276 2822 2332 stolidos
2849 2284 3113 2335 oratores
3162 2283 3328 2338 nnllo
3377 2285 3612 2356 negotio

1967 2371 2276 2439 superatos
2288 2365 2470 2420 fuisse
2484 2366 2979 2437 conspexisset,in
2995 2385 3211 2442 magna
3221 2371 3405 2427 animi
3419 2373 3618 2430 anxie-

1967 2462 2084 2513 tate
2107 2454 2482 2520 versabatur;
2510 2471 2749 2526 eosque,
2770 2473 2901 2511 cum
2915 2474 3116 2529 graves
3131 2460 3295 2531 prius
3308 2468 3633 2519 contume-r

1969 2547 2081 2602 lias
2098 2562 2165 2601 ac
2188 2544 2480 2599 dedecora
2502 2544 2646 2614 ipsis
2672 2545 2990 2613 intulisset,
3014 2564 3081 2603 ac
3098 2551 3421 2608 nonnullos
3440 2553 3619 2608 etiam

1966 2635 2202 2691 babulis
2226 2634 2422 2689 nervis
2440 2639 2701 2688 atrocem
2723 2635 2785 2688 in
2809 2636 3052 2690 modum
3076 2637 3416 2708 lacerasset,
3463 2643 3624 2714 ipso-

1966 2739 2219 2793 rumque
2237 2721 2442 2777 oculos
2461 2721 2709 2792 fuligine
2731 2722 3080 2790 illevisset,a
3095 2742 3155 2779 se
3173 2727 3619 2801 ablegavit.lpse

1967 2819 2167 2868 autem
2185 2810 2472 2865 falsorum
2490 2809 2738 2864 deorum
2756 2810 3228 2868 imbecillitatem
3243 2815 3527 2872 damnare
3541 2819 3625 2874 in-

1969 2898 2384 2971 cwpitetiamsi
2402 2898 2904 2968 alioquinondum
2918 2900 2992 2955 ad
3006 2901 3221 2957 Christi
3238 2902 3429 2960 lucem
3443 2906 3621 2977 plene

1968 3008 2034 3045 ac
2052 2988 2311 3061 perfecte
2336 2987 2540 3042 oculos
2564 2987 2860 3059 conjicere
2895 2989 2955 3043 in
2989 2991 3255 3046 animum
3288 2992 3617 3052 induceret.

1969 3079 2201 3133 Etenim
2233 3077 2419 3131 densa
2450 3076 2720 3147 caliginis
2752 3076 2941 3132 nubes
2973 3078 3085 3149 ipsi
3116 3080 3380 3151 undique
3430 3086 3619 3142 aﬂ‘usa

193 3173 544 3249 ἑτίμα,οι’3τε
604 3178 713 3248 μὴν
771 3176 961 3253 έορτάς
1016 3176 1116 3250 ἧγε
1172 3176 1263 3231 καὶ
1321 3174 1554 3238 σπονδὰς
1614 3174 1853 3231 ἐπέτέλει

1975 3167 2165 3224 cordis
2196 3166 2382 3237 ipsius
2409 3165 2613 3220 oculos
2645 3165 2839 3220 adhuc
2868 3167 3125 3224 tenebat.
3175 3170 3464 3227 Caeterum
3496 3191 3619 3231 non

193 3271 323 3328 τοῖς
357 3262 630 3327 εἰδώλοις·
668 3262 814 3319 ἀλλὰ
872 3263 1239 3339 σαλευομένην
1292 3266 1409 3341 εἶχε
1453 3267 1553 3333 τήν
1613 3263 1853 3321 διάνοιαν

190 3354 615 3430 ἀμφοτέρωθεν,
649 3351 797 3409 ἔνθεν
834 3355 928 3427 μὲν
960 3361 1061 3424 τῆς
1108 3355 1382 3410 ἀσθενείας
1431 3356 1854 3430 καταγινώσκων

191 3448 307 3498 τῶν
345 3444 482 3497 θεῶν
512 3443 710 3512 αὐταῦ,
742 3441 941 3507 ἐκεῖθεν
999 3440 1056 3497 δὲ
1100 3444 1200 3513 τήν
1260 3438 1539 3519 ἀκρίϐειαν
1595 3442 1857 3505 δεδοικὼς

193 3540 307 3602 τῆς
341 3531 708 3608 εὐαγγελικῆς
745 3534 1030 3596 πολιτείας
1085 3533 1175 3587 καὶ
1236 3531 1697 3595 δυσαποσπάστως
1750 3537 1856 3587 τῶν

195 3625 355 3680 261
394 3625 658 3694 πονηρῶν
687 3614 832 3695 ἔχων
867 3620 999 3676 ἐθῶν
1034 3624 1167 3695 (88).
1198 3622 1344 3676 Πάνυ
1393 3624 1496 3697 γὰρ
1540 3627 1657 3684 ταῖς
1714 3619 1859 3691 ἡδο-

200 3716 321 3773 ναῖς
355 3707 758 3766 κατεδουλοῦτο
787 3714 884 3765 τοῦ
933 3710 1212 3783 σώματος,
1272 3710 1361 3765 καὶ
1419 3708 1549 3771 ὅλος
1601 3711 1668 3780 ἦν
1723 3710 1859 3781 πρὸς

196 3802 271 3856 τά
302 3798 451 3869 πάθη
486 3798 849 3876 αἷχμαλώτον
883 3796 1036 3869 δίκην
1081 3799 1371 3874 ἀγόμενος,
1425 3799 1514 3854 καὶ
1570 3798 1805 3873 μεθύων,
1832 3797 1862 3852 ὅ

202 3908 374 3965 φησιν
404 3888 630 3949 Ἠσαῖας
660 3888 798 3960 (89),
832 3884 950 3941 ἄνευ
984 3882 1158 3957 οἴνου,
1188 3886 1278 3940 καὶ
1310 3885 1490 3959 ὥσπερ
1527 3886 1630 3942 ὑπὸ
1677 3889 1861 3959 κημοῦ

202 3978 308 4045 τῆς
335 3981 582 4049 πονηρᾶς
615 3975 898 4044 συνηθείας
932 3974 1251 4048 ἑλκόμενος.

1958 3260 2085 3333 jam
2111 3257 2450 3314 sacerdotes
2474 3274 2612 3311 suos
2633 3258 2696 3312 in
2720 3258 3008 3313 honorem
3031 3259 3305 3329 habebat,
3326 3279 3437 3319 nec
3466 3266 3619 3322 festa

1970 3356 2027 3404 et
2046 3347 2335 3402 libamina
2348 3345 2685 3401 simulacris
2705 3347 2828 3401 suis
2841 3349 3178 3421 peragebat,
3197 3368 3396 3407 verum
3415 3355 3616 3411 animo

1968 3440 2029 3494 in
2052 3443 2365 3507 utramque
2388 3440 2617 3506 partem
2646 3436 2960 3491 vacillabat
2982 3454 2993 3491 :
3014 3438 3156 3493 hinc
3177 3441 3461 3497 nimirum
3476 3445 3618 3500 deo-

1968 3545 2101 3583 rum
2116 3542 2357 3581 suorum
2378 3524 2848 3580 imbecillitatem
2866 3526 3405 3599 improbans,illinc
3421 3540 3623 3591 autem

1970 3619 2332 3690 Evangelicaa
2347 3618 2476 3672 vitae
2492 3617 2896 3675 sinceritatem
2912 3620 3623 3698 reformidans,pravaque

1970 3707 2402 3764 consuetudine
2429 3707 2512 3760 ita
2534 3708 2914 3773 constrictus,
2942 3710 3091 3764 utab
3113 3727 3181 3766 ea
3193 3713 3283 3767 vix
3297 3716 3467 3770 avelli
3490 3734 3625 3789 pos-

1972 3795 2394 3868 set.Siquidem
2412 3812 2833 3866 corporearum
2847 3797 3214 3869 voluptatum
3229 3804 3495 3860 servituti
3510 3824 3629 3863 ma-

1964 3888 2163 3959 jorem
2186 3885 2248 3940 in
2270 3884 2513 3939 modum
2535 3884 2811 3941 addictus
2836 3888 3334 3962 erat,vitiosisque
3358 3895 3625 3953 affectio-

1974 3976 2152 4031 nibus
2169 3990 2415 4046 prorsus
2446 3990 2689 4046 operam
2720 3975 2917 4045 dabat,
2951 3979 3163 4050 captivi
3182 3980 3370 4038 instar
3389 3984 3622 4057 ductus,

203 4074 390 4139 atque
423 4066 648 4137 absque
669 4065 827 4131 vino,
859 4069 923 4119 ut
952 4065 1120 4121 Isaias
1150 4066 1344 4121 verbis
1372 4070 1508 4121 utar
1526 4068 1704 4136 (Isaiae
1734 4068 1830 4137 LI),
1862 4065 2084 4133 ebrius,
2116 4062 2271 4118 etab
2313 4062 2587 4133 improba
2637 4065 3071 4121 consuetudine
3121 4072 3405 4139 tanquam
3452 4072 3621 4131 freno

205 4156 472 4230 quodam
500 4159 814 4211 retractus.

279 4241 476 4307 Οὕτως
523 4241 616 4298 οὖν
669 4246 769 4297 τοῦ
832 4242 1101 4318 βασιλέως
1158 4241 1278 4298 δυσὶ
1334 4242 1658 4307 παλαίοντος
1706 4244 1862 4319 λογι-

2045 4244 2189 4297 Cum
2216 4242 2396 4312 igitur
2425 4257 2529 4295 rex
2559 4258 2695 4296 cum
2727 4241 2951 4313 duplici
2984 4244 3337 4315 cogitatione
3368 4248 3441 4302 ad
3464 4250 3624 4309 hunc

206 4337 402 4405 σμοῖς,
434 4331 867 4405 ὁεύγενέστατος
900 4332 1067 4387 αὐτοῦ
1114 4332 1253 4401 υἱὸς,
1320 4332 1409 4387 καὶ
1461 4338 1540 4405 τῷ
1590 4331 1706 4389 ὄντι
1767 4336 1861 4409 βαο

1975 4332 2219 4388 modum
2251 4331 2600 4395 luctaretur,
2635 4330 3049 4387 nobilissimus
3099 4333 3284 4404 ipsius
3329 4337 3510 4405 ﬁlius,
3556 4358 3626 4397 ac

208 4420 590 4489 σιλικωτάτην
630 4420 963 4491 κεκτημένος
1020 4421 1230 4494 ψυχήν,
1287 4422 1511 4493 ἠρεμῶν
1569 4422 1635 4491 ἦν
1696 4421 1746 4478 ἐν
1789 4427 1867 4492 τῷ

207 4506 472 4578 παλατίῳ
500 4506 692 4573 αὐτοῦ,
722 4506 787 4561 τὸ
842 4514 944 4575 τῆς
998 4507 1210 4584 φύσεως
1266 4508 1431 4564 αὐτοῦ
1490 4516 1735 4584 γενναῖον
1774 4511 1868 4565 κό-

208 4595 378 4669 σμιόν
410 4616 469 4650 τε
498 4596 587 4650 καί
625 4591 861 4670 βεϐηκὸς
893 4593 983 4650 διὰ
1029 4600 1138 4651 τῶν
1171 4593 1345 4673 ἔργων
1392 4604 1522 4653 πᾶσι
1568 4604 1867 4675 παριστῶν.

210 4687 425 4761 Θέατρα
456 4683 559 4759 γὰρ
588 4682 679 4739 καὶ
725 4684 936 4759 ἀγῶνες
985 4681 1169 4740 ’ίππων
1229 4687 1318 4742 καὶ
1373 4687 1706 4762 κυνηγεσίων
1772 4709 1868 4763 με-

211 4776 376 4846 λέτη,
406 4772 497 4829 καὶ
529 4777 693 4829 πᾶσαι
737 4774 792 4829 αἱ
848 4780 950 4844 τῆς
1007 4776 1264 4846 νεότητος
1314 4777 1463 4833 κεναὶ
1515 4776 1721 4852 σχολαὶ
1778 4779 1865 4834 καὶ

211 4864 441 4929 ἀπάται,
477 4862 546 4918 τά
600 4867 707 4917 τῶν
769 4863 1019 4939 ἀφρόνων
1076 4868 1269 4939 ψυχῶν
1327 4864 1685 4940 δελεάσματα,
1745 4869 1872 4943 παρ’

214 4954 376 5008 οὐδὲν
410 4950 728 5032 ἐλογίζοντο
763 4953 926 5024 αὐτῷ·
961 4953 1089 5009 ἀλλ’
1140 4955 1273 5017 ὅλος
1315 4960 1419 5009 τῶν
1478 4961 1573 5012 τοῦ
1632 4963 1871 5032 Χριστοῦ

215 5034 488 5109 ἐξήρτητο
555 5031 819 5101 ἐντολῶν,
877 5034 965 5090 καὶ
1026 5034 1185 5091 αὐτὸν
1237 5035 1417 5091 ἐπόθει
1485 5031 1713 5114 τρωθεὶς
1770 5044 1871 5112 τήν

216 5124 404 5198 ψυχὴν
442 5120 606 5199 ἔρωτι
638 5122 790 5197 θείῳ·
829 5122 989 5179 αὐτὸν
1024 5122 1202 5180 ἐπόθει
1260 5126 1353 5181 τὸν
1395 5122 1565 5192 ὅντως
1610 5132 1870 5207 ποθητὸν,

1977 4439 2109 4477 vere
2140 4421 2301 4491 regio
2333 4419 2534 4473 animo
2567 4418 2875 4489 praeditus,
2910 4421 2971 4475 in
3003 4438 3108 4477 suo
3139 4424 3358 4495 palatio
3389 4429 3627 4498 quietus

1978 4510 2486 4582 degebat,naturm
2503 4523 2625 4561 suae
2650 4509 3130 4579 generositatem,
3154 4513 3629 4591 modestiamque

1980 4605 2038 4655 et
2064 4597 2463 4654 constantiam
2494 4613 2601 4668 per
2633 4613 2815 4669 opera
2847 4600 3077 4655 cunctis
3124 4601 3453 4661 declarans.
3486 4610 3632 4666 Nam

1981 4690 2213 4744 theatra
2235 4692 2293 4742 et
2322 4702 2615 4758 equorum
2635 4688 3445 4758 certamina,etvenationum
3464 4714 3633 4755 exer-

1980 4779 2601 4852 citationes,etinania
2622 4779 2827 4837 omnia
2828 4782 2852 4852 j
2864 4783 3120 4840 uvenilis
3133 4786 3323 4842 astatis
3343 4790 3559 4861 studia,
3575 4798 3633 4849 et

1981 4872 2339 4943 imposturas
2370 4870 2589 4941 quibus
2624 4870 2787 4926 stulti
2805 4872 2986 4927 animi
3013 4873 3635 4938 deliniunturetines—

1981 4966 2212 5027 cantur,
2238 4959 2409 5014 nihili
2441 4959 2688 5015 omnino
2721 4959 3010 5029 ducebat;
3043 4979 3244 5020 verum
3294 4983 3364 5022 ex
3413 4970 3631 5028 Christi

1982 5049 2280 5104 mandatis
2295 5049 2543 5103 omnino
2564 5048 2958 5119 pendebat,ac
2979 5050 3174 5107 divino
3188 5070 3389 5112 amore
3407 5060 3630 5116 saucia-

1982 5141 2098 5205 tus,
2124 5153 2259 5193 eum
2282 5137 2615 5208 expetebat,
2638 5137 2739 5208 qui
2765 5154 2900 5193 vere
2935 5143 3299 5213 expetendus
3333 5152 3442 5220 est,
3474 5154 3632 5209 totus

285 5254 404 5326 (85)
438 5253 575 5307 Luc.
606 5269 699 5313 vn,
734 5254 824 5322 37,
857 5256 924 5309 38
954 5269 969 5310 :
1000 5253 1141 5323 Γυνή
1174 5252 1229 5309 έν
1256 5254 1325 5330 τῇ
1354 5254 1535 5328 πόλει,
1589 5261 1712 5329 ἢτις
1768 5263 1836 5331 ἦν

1975 5261 2287 5341 αρτωλὸςη,
2341 5263 2544 5336 ¹ἤρξατο
2602 5260 2824 5339 βρέχειν
2882 5264 3011 5329 τοὺς
3068 5265 3241 5333 πόδας
3297 5273 3463 5329 αὐτοῦ
3517 5281 3637 5341 τοῖς

219 5322 473 5397 δᾶκρυσμ

317 5388 387 5453 86
446 5400 492 5452 Α
528 5396 657 5451 sine
690 5392 871 5469 ὥσπερ
903 5388 1044 5457 ἔθος.

290 5398 639 5542 (87)Εῑεοξ1;
672 5485 833 5534 xvm,
864 5471 966 5525 23:
1002 5475 1044 5526 Μ

290 5471 411 5542 (87)
432 5471 639 5524 Ezech.
672 5485 833 5534 xvm,
864 5471 966 5525 23:
1002 5471 1093 5538 Μὴ
1128 5471 1345 5540 θελήσει
1378 5471 1596 5542 θελήσω
1626 5475 1687 5531 τὸ

220 5538 413 5620 τὸνώζκ
441 5536 707 5620 ⁸εῆςῃὸδοῦ
721 5544 838 5620 Δτῆς
864 5540 1155 5615 πονηρίας.
1177 5574 1247 5587 -——-
1275 5545 1336 5615 C,
1370 5541 1693 5620 δεχόμενον.

302 5614 416 5684 (88)
441 5613 505 5684 C,
538 5608 685 5685 ἔχων
718 5612 875 5667 θεῶν.

314 5684 428 5758 (89)
461 5684 679 5752 153.771.],
713 5687 776 5740 21
806 5700 821 5743 :
852 5684 1141 5749 Μεθύουσα
1171 5686 1274 5743 οὐκ
1302 5685 1409 5744 ἀπὸ
1440 5686 1613 5749 οἴνου.

520 5804 793 5867 Paeon.
840 5803 951 5865 Gn.
997 5804 1206 5871 XCVI.

432 5469 639 5556 Ezech;
672 5467 966 5555 EVM-1,723:
1002 5468 1093 5556 Μῂ
1128 5467 1345 5556 θελήσει
1374 5470 1596 5556 θελήσω
1626 5475 1717 5532 τὸν
1745 5476 1862 5533 θάνο

2002 5482 2100 5535 τοῦ
2160 5476 2390 5551 ἀνόμου,
2450 5473 2601 5553 λέγει
2656 5478 2882 5556 Κύριος,

2928 5484 3003 5544 ὡς
3046 5484 3108 5538 τὸ
3152 5483 3486 5566 ἀποστρέψαι
3544 5493 3641 5549 αὖ·
