4030 6202
186 367 322 426 1133

1356 367 1529 421 VITA
1564 364 1917 421 BARLAAM
1953 366 2048 420 ΕΤ
2082 365 2423 419 JOABAPH.

3453 368 3595 428 1134

188 492 481 571 ὑπελείφης
508 498 609 562 τῆς
642 494 925 568 συμφορᾶς
964 489 1332 567 παραμύθιον,
1364 490 1453 545 καὶ
1499 488 1588 544 ἐπὶ
1620 488 1703 543 σοὶ
1734 490 1819 543 τὰς

1947 490 2196 545 deorum
2226 490 2420 546 cultus
2451 506 2518 545 ac
2547 490 2847 546 veneratio
2864 490 3063 563 periit.
3092 493 3238 548 Nam
3263 496 3329 551 tu
3343 496 3593 557 unicum

185 581 409 645 ἐλπίδας
442 582 695 655 ἐθέμεθα.

252 761 593 835 Ἐκτρατεύει
648 756 830 813 τοίνυν
892 759 920 813 6
979 762 1176 832 Θευγᾶς
1238 757 1373 830 μετά
1423 762 1524 825 τῆς
1580 774 1833 829 συμπαρ-

183 848 348 920 ούσης
378 850 488 922 (94)
519 847 668 920 αὐτῷ
718 854 1008 917 σατανικῆς
1068 852 1341 921 στρατιᾶς,
1395 846 1484 900 καί
1539 846 1677 900 κατά
1732 850 1831 914 τῆς

178 936 435 1008 ἀληθείας
489 935 795 1005 ὀπλίζεται,
830 935 1016 992 πολλά
1042 940 1148 991 τῶν
1195 939 1455 1010 πονηρῶν
1506 933 1828 1006 πνευμάτων

172 1026 429 1098 καλέσας,
489 1024 521 1079 ἃ
577 1027 716 1099 πρός
772 1024 840 1080 τά
895 1023 1073 1102 φαῦλα
1130 1029 1397 1099 συνεργεῖν
1454 1021 1567 1077 οἶδε
1625 1022 1829 1097 προθύ-

178 1138 320 1190 μως,
353 1116 445 1170 καὶ
478 1115 561 1177 οἷς
615 1113 821 1177 ἐκεῖνος
849 1114 931 1168 ἀεί
982 1110 1254 1177 διακόνοις
1306 1112 1532 1190 ἐχρῆτο’
1586 1114 1703 1187 μεθ’
1752 1113 1824 1166 ὧν

171 1205 525 1281 παραγίνεται
556 1204 693 1279 πρὸς
719 1204 811 1258 τὸν
850 1201 1095 1277 βασιλέα.

235 1385 333 1445 Ὠς
396 1380 452 1438 δὲ
511 1381 762 1455 ἐμηνύθη
819 1385 898 1453 τῷ
960 1380 1242 1456 βασιλεῖὴ
1276 1380 1453 1459 ἄφιξις
1504 1379 1689 1447 αὐτοῦ,
1732 1382 1823 1435 καὶ

164 1473 418 1544 εἰσῆλθε,
449 1466 648 1548 ῥάϐδον
683 1472 776 1544 μὶν
799 1472 1048 1546 κατέχων
1079 1471 1293 1546 βαῗνην,
1321 1469 1675 1547 μηλωτάριον
1710 1476 1821 1541 (95)

160 1559 215 1617 δὶ
282 1560 746 1636 περιεζωσμένος,
802 1559 998 1631 ἀνέστη
1061 1560 1088 1613 6
1142 1558 1395 1627 βασιλεὺς
1451 1564 1548 1614 τοῦ
1604 1560 1817 1635 θρόνου,

159 1653 251 1707 καὶ
316 1655 509 1707 τοῦτον
568 1651 1024 1723 προσυπαντήσας
1082 1652 1236 1707 284
1292 1650 1573 1719 ἠσπάσατο
1609 1694 1623 1719 ,
1679 1650 1769 1705 καί
1802 1696 1819 1723 ,

161 1742 363 1816 θρόνον
398 1738 661 1815 ἐνεγχὼν,
691 1738 927 1808 πλησίον
977 1738 1142 1793 αὐτοῦ
1181 1735 1542 1812 συνεδριάζειν
1575 1738 1818 1810 πεποίη-

155 1850 247 1885 κεν
283 1871 301 1885 .
356 1829 484 1883 Εἶτα
540 1825 686 1903 λέγει
735 1825 934 1889 Θευδᾶς
988 1831 1067 1899 τῷ
1124 1826 1374 1901 βασιλεῖ·
1434 1826 1683 1897 Βασιλεῦ,
1741 1828 1817 1891 είς

150 1917 289 1980 τοὺς
322 1916 525 1978 αἲῶνας
586 1922 731 1987 ζῆθι,
786 1920 855 1990 τῇ
911 1921 1019 1970 τῶν
1074 1916 1341 1990 μεγίστων
1379 1920 1513 1979 θεῶν
1571 1916 1818 1990 εὐμενείᾳ

122 1998 518 2081 σκεπόμενος.
577 2007 823 2061 Ἤκουσα
874 2006 975 2081 γὰρ
1028 2006 1213 2081 ἀγῶνά
1271 2027 1327 2060 σε
1389 2005 1555 2079 μὲγαν
1617 2008 1815 2083 ἀγωνί-

155 2111 352 2163 σασθαι
410 2099 548 2152 κατά
595 2101 701 2151 τῶν
756 2096 1065 2152 Γαλιλαίων
1102 2096 1191 2151 καὶ
1239 2097 1650 2172 λαμπρότάτοις
1695 2096 1814 2154 δια-

158 2186 375 2261 δήμασι
422 2186 577 2256 νίκης
632 2187 1086 2264 καταστεφθῆναι.
1147 2187 1241 2241 Διὸ
1293 2185 1557 2258 ἐλήλυθα,
1600 2188 1695 2243 ’ἰνα
1725 2190 1813 2243 εὐ-

157 2278 528 2353 χαριστήριον
583 2277 773 2350 ἑορτὴν
836 2276 976 2348 ὁμοῦ
1033 2275 1363 2349 τελὲσωμει,
1421 2277 1729 2340 νεανίσκους
1756 2300 1814 2334 τε

150 2365 393 2442 ὡραίους
451 2364 542 2420 καὶ
592 2364 756 2439 κόρας
836 2363 1097 2426 εὖόπτους
1152 2370 1271 2427 τοῖς
1330 2366 1615 2430 ἀθανάτοις
1670 2369 1814 2430 θεοῖς

145 2455 571 2527 καταθύσωμεν,
630 2453 861 2526 ταύρους
914 2475 973 2509 τε
1028 2454 1213 2509 ἑκατὸν
1273 2456 1361 2509 καὶ
1426 2459 1536 2525 ζῶα
1594 2455 1813 2518 τούτοις

150 2551 361 2599 πλεῖσα
418 2543 886 2619 προσενέγκωμεν,
949 2543 1025 2605 ὡς
1084 2540 1145 2598 ἂν
1198 2538 1430 2618 ἔχοιμεν
1485 2545 1681 2607 αὐτοὺς
1722 2544 1812 2599 καὶ

152 2634 232 2695 εἷς
266 2633 331 2687 τὸ
361 2632 477 2703 ἑξῆς
510 2631 840 2706 συμμάχους
874 2631 1200 2705 ἀηττήτους,
1236 2631 1364 2687 δλον
1395 2635 1528 2705 ἡμῖν
1562 2634 1654 2688 τὸν
1693 2634 1808 2709 βίον

155 2720 601 2797 ἐξομαλίζοντας.

226 2902 375 2978 Πρὸς
415 2902 583 2957 ταῦτά
640 2902 668 2956 6
726 2899 1005 2976 βασιλεὺς,
1064 2900 1141 2957 Οὐ
1199 2902 1577 2974 νενικήκαμεν,
1609 2898 1811 2979 {amri}

151 2985 454 3066 πρεσϐύτα·
491 2989 554 3044 οὐ
604 2992 989 3061 νενικήκαμεν,
1030 2989 1157 3043 ἀλλ’
1202 2989 1298 3044 ἆνά
1342 2992 1543 3063 κράτος
1595 2989 1808 3063 μᾶλλον

148 3081 466 3153 ἡττήμεθα.
522 3080 591 3135 Ol
651 3079 755 3154 γάρ
789 3079 918 3154 ὑπὲρ
975 3082 1133 3152 ἡμῶν
1193 3081 1311 3143 καθ’
1341 3082 1500 3152 ἡμῶν
1562 3080 1813 3157 ἐξαίφνης

150 3169 429 3246 γεγόνασι.
494 3164 854 3243 Παρᾶὄακχόν
914 3189 971 3223 τε
1022 3169 1108 3223 καὶ
1174 3170 1405 3241 μανικὴν
1465 3169 1555 3225 καὶ
1613 3169 1807 3239 ἀσθενῆ

1939 580 2112 635 nobis
2145 580 2500 636 calamitatis
2535 581 2810 636 solatium
2841 580 3085 637 relictus
3116 598 3199 650 es,
3232 588 3413 659 atque
3442 586 3505 643 in
3533 593 3590 645 te

1937 684 2056 723 uno
2089 686 2224 740 spes
2256 686 2463 724 omnes
2490 674 2723 725 nostras
2755 670 2978 740 positas
3009 670 3322 728 habemus.

2009 759 2277 815 Theudas
2300 761 2499 830 itaque
2527 776 2664 815 cum
2696 761 2959 815 satanico
2993 776 3060 814 eo
3111 762 3376 817 exercitu
3406 780 3583 834 quem

1938 865 2137 904 secum
2161 849 2418 904 habebat
2438 850 2498 903 in
2522 849 2959 921 expeditionem
2972 850 3364 922 pergit,atque
3380 853 3582 909 adver-

1936 954 2035 993 sus
2058 938 2362 993 veritatem
2388 954 2554 993 arma
2566 944 2871 1009 comparat
2888 939 3111 994 :accitis
3124 940 3579 998 nimirummul-

1932 1028 2009 1081 tis
2032 1028 2225 1098 pravis
2248 1027 2577 1099 spiritibus,
2603 1045 2751 1097 quos
2775 1027 2848 1082 ad
2874 1044 2968 1082 res
2994 1028 3295 1099 improbas
3307 1037 3579 1103 prompte

1932 1134 2000 1172 ac
2031 1117 2289 1172 libenter
2329 1118 2681 1173 auxiliarem
2725 1134 2969 1173 manum
3016 1120 3228 1173 afferre
3279 1126 3471 1188 norat,
3524 1128 3583 1177 et

1932 1222 2080 1276 quos
2110 1206 2235 1277 ipse
2269 1223 2506 1278 semper
2535 1207 2843 1262 ministros
2874 1206 3245 1275 adhibuerat,
3268 1209 3363 1264 his
3394 1211 3579 1265 comi-

1929 1299 2086 1350 tatus
2117 1296 2190 1350 ad
2224 1312 2424 1368 regem
2457 1296 2708 1351 accedit.

2002 1386 2072 1439 Ut.
2092 1390 2289 1439 autem
2312 1385 2499 1456 ipsius
2525 1384 2810 1439 adventus
2822 1386 2943 1457 regi
2965 1386 3272 1442 nuntiatus
3287 1391 3577 1458 est,atque

1928 1472 2053 1546 ipse
2077 1474 2410 1545 palmarum
2428 1475 2651 1546 virgam
2676 1490 2857 1529 manu
2878 1475 3406 1546 tenens,ovinaque
3422 1478 3577 1547 pelle

1927 1562 2174 1618 indutus
2199 1565 2503 1630 ingressus
2525 1568 2634 1630 est,
2658 1580 2761 1617 rex
2785 1579 2814 1616 e
2839 1565 3050 1619 throno
3085 1580 3189 1618 suo
3224 1565 3461 1632 exsiliit,
3488 1567 3577 1637 ip-

1928 1651 2095 1723 sique
2111 1652 2342 1707 obviam
2358 1653 2549 1724 prodii
2561 1659 2862 1723 t,eumque
2879 1653 3181 1708 osculatus
3195 1655 3574 1726 est.Cumque

1926 1741 2271 1797 cathedram
2293 1742 2492 1796 afferri
2506 1742 3012 1813 jussisset,ipsum
3035 1759 3217 1813 prope
3241 1759 3302 1797 se
3327 1742 3577 1799 colloca-

1849 1860 1895 1925 Β
1923 1831 2025 1885 vit.
2047 1833 2374 1902 Posteaque
2398 1831 2667 1886 Theudas
2686 1831 2779 1886 his
2801 1832 2873 1887 ad
2898 1848 3093 1904 regem
3126 1832 3317 1887 verbis
3349 1834 3531 1887 utitur
3558 1849 3572 1889 :

1927 1924 2068 1992 Rex,
2102 1922 2163 1976 in
2197 1928 2491 1977 aeternum
2521 1922 3078 1991 vive,maximorum
3110 1922 3357 1977 deorum
3380 1923 3574 1980 favore

1928 2029 1994 2066 ac
2011 2011 2426 2066 benevolentia
2448 2016 2671 2081 septus.
2704 2010 2789 2064 Ad
2815 2028 2907 2065 me
2926 2011 3088 2066 enim
3120 2011 3367 2067 allatum
3399 2018 3490 2068 est
3518 2018 3573 2068 te

1925 2101 2135 2173 ingens
2153 2105 2456 2155 certamen
2475 2099 2757 2155 adversus
2778 2100 3052 2155 Galilaeos
3080 2101 3382 2168 iniisse,ac
3405 2102 3575 2157 lucu—

1924 2188 2324 2243 lentissimam
2358 2189 2617 2260 palmam
2648 2188 2945 2243 retulisse.
2969 2191 3166 2260 quue
3198 2191 3442 2245 nomine
3460 2192 3575 2246 huc

1924 2278 2080 2345 veni,
2112 2282 2196 2345 ut,
2231 2277 2306 2332 ad
2347 2277 2638 2333 edendam
2665 2278 2812 2349 grati
2840 2278 3022 2332 animi
3056 2277 3574 2350 signiﬁcationem,

1922 2367 2140 2421 festum
2172 2382 2292 2421 uua
2313 2366 2890 2437 celebremus,atque
2923 2367 3179 2439 eleganti
3200 2367 3394 2424 forma
3423 2386 3575 2440 pra)-

1925 2455 2081 2510 ditos
2094 2455 2504 2511 adolescentes
2518 2472 2585 2511 ac
2598 2455 2887 2511 formosas
2902 2456 3131 2527 puellas
3146 2456 3260 2511 diis
3275 2458 3576 2514 immorta-

1922 2544 2078 2599 libus
2094 2545 2825 2615 immolemus,taurosque
2838 2550 3174 2612 centum,ac
3186 2547 3447 2617 plurima
3458 2547 3576 2603 alia

1922 2633 2207 2688 animalia
2228 2634 2374 2704 ipsis
2398 2635 2740 2697 offeramus,
2768 2651 2881 2703 quo
2909 2650 3011 2688 eos
3034 2651 3269 2704 quoque
3291 2635 3351 2689 in
3374 2640 3573 2706 poste-

1920 2739 2054 2777 rum
2074 2722 2322 2777 invictos
2344 2722 2647 2793 adjutores
2671 2721 3016 2784 habeamus,
3032 2722 3134 2791 qui
3150 2721 3322 2775 nobis
3336 2723 3573 2777 univer-

1924 2828 2053 2865 sum
2085 2810 2214 2863 vita;
2247 2808 2613 2864 curriculum
2634 2809 2879 2880 planum
2908 2815 2965 2863 et
2986 2808 3277 2878 aequabile
3295 2809 3569 2866 reddant.

1992 2899 2080 2953 Ad
2103 2898 2227 2953 haec
2250 2915 2350 2953 rex
2378 2915 2390 2951 :
2427 2897 2665 2952 Minime
2696 2914 2854 2962 vero,
2888 2898 3102 2968 inquit,
3135 2915 3167 2951 o
3199 2914 3400 2965 senex,
3431 2899 3571 2954 vici-

1921 2987 2626 3057 mus,minime,inquam,
2652 2986 2901 3041 vicimus
2924 3004 2937 3053 ;
2958 3003 3160 3040 verum
3186 2987 3351 3042 nullo
3375 2989 3573 3059 potius

1921 3078 2158 3150 negotio
2185 3077 2322 3131 victi
2355 3093 2577 3131 sumus.
2615 3078 2760 3131 Nam
2794 3076 2894 3146 qui
2928 3094 2962 3130 a
2991 3075 3162 3132 nobis
3193 3076 3449 3143 stabant,
3480 3094 3575 3132 re-

1926 3173 2105 3240 pente
2128 3167 2441 3222 adversum
2456 3183 2563 3220 nos
2577 3166 3024 3234 exstiterunt,ac
3040 3165 3406 3221 velutfurore
3421 3167 3575 3221 etin-

162 3228 174 3245 .
226 3228 239 3246 .
577 3228 587 3241 .
758 3228 796 3243 ,ν
1174 3228 1185 3241 .
1365 3228 1375 3238 .
1690 3228 1706 3233 -
1797 3228 1807 3239 .

150 3261 255 3328 τήν
319 3258 592 3332 ἡμετέραν
652 3258 899 3333 εὑρόντες
955 3258 1290 3331 παράταξιν,
1368 3256 1553 3313 τέλεον
1611 3259 1811 3329 ταύτην

1933 3259 2097 3313 sania
2118 3257 2490 3312 laborantem
2512 3255 2874 3311 imbecillam
2900 3260 3162 3310 nostram
3186 3260 3362 3326 atque
3384 3256 3573 3312 aciem

154 3342 487 3403 κατέϐαλον.
524 3345 658 3403 Νυνὶ
691 3344 770 3417 δὲ,
803 3345 856 3400 εἷ’
888 3345 968 3407 τίς
1002 3366 1084 3400 σοι
1138 3344 1364 3420 δύναμις
1420 3349 1675 3423 πρόσεστι
1723 3349 1812 3403 καὶ

152 3438 321 3513 ἰσχὺς
380 3437 455 3491 εἷς
514 3437 576 3490 τὸ
635 3436 903 3511 βοηθῆσαι
954 3439 1022 3510 τῇ
1081 3435 1226 3491 κάτω
1279 3436 1501 3511 κειμένῃ
1556 3439 1815 3514 θρησκείᾳ

150 3532 320 3600 ἡμῶν
363 3525 453 3580 καὶ
500 3525 700 3596 ταύτην
753 3524 904 3589 αὖθις
957 3525 1283 3600 ἀνορθῶσαι,
1344 3525 1664 3601 ἀνάγγειλόν
1696 3548 1812 3600 μοι.

150 3619 214 3674 Ὀ
280 3614 339 3671 δὶ
390 3612 592 3676 Θευδᾶς
650 3612 903 3676 τοιαύτας
984 3612 1167 3669 ἐδίδου
1222 3615 1317 3676 τὰς
1376 3615 1691 3691 ἀποκρίσεις
1738 3621 1817 3688 τῷ

160 3702 405 3780 βασιλεῖ·
437 3703 549 3764 Τάς
586 3703 681 3776 μὶν
742 3707 849 3756 τῶν
914 3701 1217 3758 Γαλιλαίων
1277 3702 1547 3766 ἐνστάσεις
1594 3704 1683 3759 καὶ
1714 3728 1818 3778 μα-

152 3792 481 3866 ταιοδογίας
537 3792 613 3863 μὴ
668 3786 840 3868 φοϐοῦ
875 3833 890 3861 ,
939 3790 1197 3864 βασιλεῦ·
1259 3792 1376 3846 τίνα
1432 3794 1536 3869 γάρ
1596 3792 1695 3848 εἶσι
1752 3795 1818 3849 τὶ

154 3886 291 3958 παρ’
326 3882 500 3937 αὐτῶν
548 3876 819 3957 λεγὸμενα
849 3881 987 3955 πρὸς
1039 3878 1235 3957 ἄνδρας
1269 3881 1528 3957 λογικοὺς
1571 3883 1657 3938 κα)
1694 3882 1817 3958 ἐχε-

154 3993 369 4051 φρονα(
403 3993 417 4041 ;
460 3972 671 4037 Ἀτινα,
715 3968 843 4043 ἐμοὶ
878 3968 1055 4042 δόξαν,
1090 3967 1291 4045 ῥᾳδίως
1341 3967 1815 4042 καταϐληθήσεται

161 4061 385 4137 μᾶλλον
419 4059 455 4129 ἢ
489 4058 700 4133 φύλλον
752 4056 941 4132 ἀνέμῳ
990 4061 1354 4124 κατασεισθέν.
1397 4058 1531 4115 Οὐδὶ
1549 4061 1650 4136 γὰρ
1682 4062 1818 4117 κατά

154 4149 464 4230 πρόσωπόν
497 4169 601 4222 μου
632 4145 808 4212 ἐλθεῖν
845 4150 1176 4221 ὑπομενοῦσι
1213 4150 1288 4222 μή
1323 4148 1403 4203 ὅτι
1436 4171 1498 4224 γε
1528 4149 1617 4205 καὶ
1650 4148 1815 4225 λόγόν

155 4244 392 4315 συνᾶραι
422 4238 513 4293 καὶ
545 4236 621 4301 εἷς
670 4239 961 4312 προτάσεις
998 4258 1089 4310 μοι
1136 4237 1228 4292 καὶ
1284 4238 1581 4302 ἀντιθέσεις
1630 4241 1818 4313 χωρῆ-

157 4352 280 4386 σαι.
329 4326 512 4397 Ἀλλ’,
536 4325 626 4382 ’ίνα
684 4327 844 4381 τοῦτό
902 4348 959 4381 τε
1010 4327 1072 4381 τὸ
1130 4326 1491 4402 προκείμενον
1541 4328 1819 4404 ἀγώνισμα

156 4418 259 4473 καὶ
290 4421 397 4471 πᾶν
428 4418 579 4474 που
640 4416 820 4471 ὁτιοῦν
883 4415 941 4469 ἃν
1007 4414 1411 4490 βουληθείημεν
1472 4415 1553 4470 ἐπ’
1612 4418 1820 4481 εὐθείας

158 4513 305 4582 ἡμῖν
342 4508 554 4581 γένοιτο
585 4506 675 4561 καὶ
726 4506 861 4561 κατὰ
905 4505 1033 4582 ῥοῦν
1074 4504 1136 4559 τά
1187 4507 1475 4582 πράγματα
1524 4510 1819 4582 χωρήσειε,

1920 3351 2353 3421 nocti,prorsus
2382 3364 2510 3402 eam
2530 3348 2917 3419 fregeruntac
2935 3350 3572 3420 prostraverunt.Nunc

1923 3439 2211 3507 autem,si
2236 3454 2354 3509 qua
2404 3436 2509 3492 tibi
2553 3437 2802 3492 facultas
2826 3442 2883 3491 et
2926 3437 3010 3491 vis
3042 3438 3321 3508 suppetit,
3356 3455 3473 3509 qua
3509 3443 3569 3493 tu

1923 3529 2091 3585 humi
2115 3527 2340 3599 jacenti
2372 3526 2645 3597 religioni
2695 3531 2914 3581 nostraa
2959 3526 3261 3596 opitulari,
3314 3542 3566 3599 eamque

1922 3600 2160 3676 rursum
2182 3617 2436 3672 excitare
2460 3615 2845 3685 queas,velim
2873 3632 3154 3685 exponas.
3171 3614 3440 3671 Theudas
3471 3633 3566 3670 au-

1924 3714 2045 3764 tem
2076 3706 2199 3778 regi
2230 3705 2305 3760 ad
2331 3705 2489 3759 hunc
2517 3703 2762 3758 modum
2807 3703 3152 3773 respondit:
3189 3704 3565 3759 Galilaaorum

1924 3796 2338 3853 contentiones
2365 3798 2542 3863 atque
2574 3792 2783 3847 inanes
2814 3808 3143 3859 sermones,
3176 3809 3208 3847 o
3240 3810 3364 3863 rex,
3397 3792 3570 3847 mini-

1925 3904 2019 3943 me
2052 3885 2427 3956 pertimesce.
2462 3883 2599 3947 Qua)
2631 3882 2791 3936 enim
2838 3887 2977 3935 sunt
3006 3897 3077 3936 ea
3121 3898 3251 3952 qum
3300 3882 3373 3936 ab
3423 3882 3569 3953 ipsis

1926 3978 2278 4037 afferuntur,
2312 3976 2603 4043 quantum
2637 3970 2875 4041 quidem
2917 3970 2991 4025 ad
3039 3972 3193 4026 viros
3242 3972 3474 4026 ratione
3504 3989 3571 4027 ac

1926 4063 2243 4138 prudentia
2263 4060 2543 4133 praeditos
2566 4059 2955 4115 attinet?Meo
2980 4060 3219 4130 quidem
3230 4059 3458 4130 judicio
3483 4059 3571 4114 fa-

1928 4155 2098 4209 cilius
2131 4151 2505 4223 dejicientur,
2540 4164 2718 4220 quam
2748 4148 2959 4202 folium
2983 4164 3017 4202 a
3037 4153 3209 4203 vento
3234 4163 3568 4203 excussum.

1928 4246 2128 4314 Neque
2142 4242 2302 4296 enim
2315 4239 2406 4294 vel
2421 4242 2803 4309 conspectum
2817 4253 3015 4292 meum
3032 4236 3573 4302 sustinebunt,tan-

1929 4340 2055 4388 tum
2078 4332 2244 4387 abest
2262 4336 2327 4383 ut
2350 4344 2656 4382 sermones
2678 4330 3014 4393 conserant,
3043 4332 3220 4396 atque
3243 4326 3315 4381 ad
3339 4343 3571 4381 mecum

1929 4418 2356 4492 disputandum
2379 4416 2591 4487 pedem
2615 4415 3347 4479 conserant.Ca3terum,ut
3368 4420 3425 4469 et
3444 4431 3574 4485 pro-

1930 4512 2189 4584 positum
2214 4505 2373 4560 istud
2389 4509 2714 4569 certamen,
2740 4509 2793 4558 st
2811 4502 3102 4574 quidquid
3124 4502 3359 4560 aliudin
3377 4504 3575 4558 animo

158 4602 269 4670 τὴν
300 4599 495 4669 ἑορτὴν
542 4599 821 4671 κόσμησον
870 4598 1072 4666 ταύτην
1115 4598 1216 4665 τήν
1250 4595 1558 4670 δημοτελῆ,
1590 4601 1679 4654 καὶ
1729 4602 1819 4669 τὴν

1933 4571 2343 4659 habuerimus,
2376 4600 2536 4648 recto
2576 4608 2756 4647 cursu
2789 4591 3033 4657 feratur,
3062 4608 3276 4663 resque
3306 4591 3479 4646 nobis
3509 4608 3579 4646 ex

163 4688 455 4762 εὐμένειαν
505 4693 613 4742 τῶν
674 4690 809 4742 θεῶν
867 4687 1046 4762 ὥσπερ
1103 4708 1155 4741 τι
1207 4688 1460 4763 κραταιὸν
1521 4684 1828 4762 περιϐαλοῦ

166 4778 373 4836 ὅπλον·
406 4777 499 4834 καὶ
531 4780 588 4835 εὗ
630 4800 715 4835 σοι
766 4777 1006 4855 γενηται.
1066 4778 1218 4834 Οὕτω
1266 4781 1688 4855 καυχησάμενος
1716 4781 1744 4835 6
1776 4779 1827 4834 ἐν

162 4868 340 4939 κακίᾳ
371 4865 593 4931 δυνατὸς
642 4869 777 4924 εἶναι
822 4868 1051 4941 ἀνομίαν
1077 4888 1137 4923 τε
1167 4866 1303 4939 ὅλην
1348 4870 1449 4938 τὴν
1480 4870 1689 4944 ἡμέραν
1723 4872 1831 4942 (96)

169 4956 487 5032 μελετήσας
548 4958 987 5035 (συμφθεγγέσθω
1044 4958 1143 5034 γὰρ
1177 4960 1310 5030 ἡμῖν
1359 4958 1387 5011 ὁ
1436 4955 1644 5028 Δανίδ),
1706 4958 1832 5013 ἀνα-

161 5049 387 5121 τροπὴν
421 5045 480 5102 δὶ
514 5045 762 5121 θολεράν,
800 5048 937 5103 καθά
968 5068 1130 5123 φησιν
1180 5044 1400 5109 Ἠσαίας
1431 5050 1543 5121 (97)
1574 5052 1652 5120 τῷ
1682 5046 1833 5119 πλη-

166 5137 294 5192 σίον
356 5138 631 5204 ποτίσας,
723 5135 974 5211 συνεργίᾳ
1043 5139 1151 5191 τῶν
1221 5136 1832 5212 συμπαρομαρτούντων

166 5226 328 5298 αὐτῷ
376 5227 632 5301 πονὴρῶν
684 5228 1007 5299 πνευμάτων
1065 5224 1411 5281 ἐπιλαθέσθαι
1462 5227 1553 5280 τὸν
1610 5225 1836 5299 βασιλέα

1936 4686 2113 4744 animi
2138 4683 2437 4739 sententia
2457 4678 2900 4748 succedunt,fac
2918 4679 3223 4752 publicum
3241 4679 3580 4736 hocfestum

1940 4792 2211 4839 exornes,
2246 4773 2612 4842 deorumque
2648 4771 3141 4842 benevolentiam,
3175 4777 3460 4844 tanquam
3492 4772 3586 4826 ﬁr-

1940 4865 2211 4922 missima
2223 4862 2496 4934 quaedam
2520 4877 2687 4916 arma
2705 4860 3012 4929 induas,ac
3034 4866 3159 4916 tum
3180 4861 3588 4919 faustaomnia

1944 4954 2254 5011 habiturus
2286 4969 2369 5006 es.
2402 4952 2535 5005 Haec
2565 4966 2699 5005 cum
2732 4950 2832 5004 illé
2857 4951 3166 5021 jactasset,
3199 4952 3324 5022 qui,
3356 4956 3423 5006 ut
3452 4968 3587 5008 cum

1945 5042 2163 5100 Davide
2185 5040 2489 5111 loquar,in
2501 5039 2729 5093 malitia
2741 5044 2952 5109 potens
2968 5044 3293 5111 erat,atque
3315 5040 3591 5111 iniquita-

1946 5142 2065 5191 tem
2098 5138 2220 5187 tota
2250 5130 2344 5184 die
2374 5128 2774 5183 meditabatur
2806 5130 2955 5198 (Psal
3000 5128 3096 5198 ιι),
3148 5129 3587 5202 turbidumque,

1946 5232 2014 5282 ut
2035 5222 2221 5280 Isaiai'
2244 5219 2435 5273 verbis
2459 5223 2611 5282 utar,
2647 5218 3089 5273 subversionem
3112 5220 3304 5275 amico
3323 5237 3429 5275 suo
3452 5238 3594 5293 pro-

251 5353 367 5423 (94)
398 5354 467 5437 Au,
501 5349 803 5440 παρούρης,
826 5352 1077 5440 absente
1110 5353 1552 5440 prtepositiqne.
1588 5353 1819 5440 Libanit

1933 5351 2102 5434 Epist.
2134 5349 2202 5433 2Q
2232 5361 2245 5399 :
2282 5339 2533 5433 ξταθμός
2558 5339 2645 5401 τίς
2672 5339 2942 5431 ὲστιιπες
2973 5341 3062 5440 τὸ)
3097 5342 3593 5440 ΕὐφεάιξηνςιΚαλ,

166 5412 391 5501 λίνικος
423 5412 595 5493 ὄνομά
619 5412 802 5501 ,αὖτῷί
826 5412 1158 5501 ΚαΛ-λινικᾹόυ
1188 5412 1288 5497 γάρ
1312 5422 1537 5487 ἐνταῦθα
1562 5412 1884 5501 σφαγὲνκος,
1918 5424 1946 5477 6
1968 5412 2241 5497 ’συφιστής
2264 5412 2467 5489 γίνεται
2497 5412 2839 5488 προσηγορία
2867 5417 2945 5486 τῷ
2991 5412 3164 5486 τόπῳ·
3192 5412 3433 5472 ῬοῐθΓίῐ
3470 5435 3597 5473 1'63-

173 5496 331 5569 cribi
355 5493 760 5569 ἀποσφαγέντος
782 5512 812 5550 e
845 5496 975 5552 cod.
1009 5498 1167 5551 3035.

254 5568 370 5636 (95)
400 5568 483 5622 Cf.
520 5568 736 5636 p.156,
767 5585 827 5622 n.
862 5572 949 5622 77.

254 5625 367 5713 (96)
402 5625 661 5713 Ρδξιίημῖ
694 5625 764 5693 1’;
798 5638 865 5695 Τί
892 5639 1135 5713 ἔγκαυχᾶ
1164 5636 1216 5713 ἐν
1244 5636 1407 5713 κακίᾳ
1435 5638 1463 5692 6
1492 5634 1717 5713 δυνατὸς
1748 5638 1973 5713 ἀνομίαν
2007 5658 2021 5707 ;
2055 5633 2192 5713 ὅλην
2225 5629 2324 5713 τὴς)
2352 5625 2800 5713 ἡμέρανίάδξκίριν
2834 5626 3122 5713 ἐλογίσατο
3152 5631 3188 5700 ἡ
3220 5626 3449 5705 γλῶσσά
3478 5651 3594 5687 σου.

256 5696 374 5783 (97)
402 5711 526 5767 lmo
560 5711 703 5767 Hab.
737 5726 798 5767 II.
835 5716 896 5767 l5
968 5711 1026 5767 Ὀ
1056 5696 1294 5779 ¹ἶῖοειτίζων
1326 5696 1417 5765 τὸν
1449 5707 1687 5781 πλησίον
1706 5696 1814 5767 ἀὐτ

1933 5696 2189 5785 ινατροπῖι
2221 5696 2441 5778 θολερᾷ.
2469 5696 2537 5743 '—
2568 5702 2630 5773 C,
2667 5696 2919 5777 δολεράν.
