4030 6202
197 388 339 463 uas.

1346 396 1517 452 τινι-Α
1554 397 1921 477 suum.
1943 399 2039 455 nr
2072 397 2418 455 JOASAPH.

3454 401 3607 469 1138.

200 512 313 591 φίας
352 510 632 589 γεμούσης
683 516 1056 593 περιγενέσθαι
1108 520 1181 592 (1)
1234 517 1436 593 ψυχῆς.
1498 518 1596 575 Καὶ
1651 519 1735 583 τίς
1792 521 1829 591 ἠ

1953 523 2339 598 philosophiae
2393 523 2638 597 plenum
2674 526 3084 596 superaturam
3134 540 3283 581 esse.
3329 526 3598 601 Cumque

192 605 360 677 τέχνη
395 608 585 677 μαθεῖν
610 604 799 678 ἤρετο.
827 605 963 662 Τότε
993 604 1192 669 Θευδᾶς
1247 608 1375 663 ὼσεῖ
1430 608 1586 681 ξυρὸν
1641 612 1840 682 ἠκονη-

199 693 353 766 μένον
386 695 465 767 (2)
491 693 701 771 ὑφαίνει
734 696 796 750 τὸ
846 696 1207 771 κακούργημα
1263 698 1353 753 καὶ
1410 696 1597 761 δεινῶς
1656 699 1837 774 ἀρτύει

191 785 261 837 τὰ
288 783 563 860 φάρμακα.
595 784 701 841 Καὶ
751 780 852 860 ὅρα
884 786 1124 864 σόφισμα
1167 788 1497 862 κακότεχνον
1556 788 1647 843 καὶ
1706 790 1838 844 ὑπο-

190 866 366 941 ϐολήν
398 877 495 927 τοῦ
526 878 792 950 πονηροῦ.
837 876 1067 947 Πάντας,
1102 876 1290 956 φησὶν,
1349 878 1393 931 ῶ
1438 878 1680 953 βασιλεῦ,
1710 877 1839 942 τοὺς

189 962 625 1036 παρισταμένους
676 968 758 1036 τῷ
815 966 920 1037 υἱῷ
978 986 1073 1020 σου
1128 967 1217 1021 καὶ
1271 967 1671 1041 ὑπηρετοῦντας
1732 989 1840 1041 μα-

184 1050 385 1125 κρύνας
420 1052 511 1107 ἀπ’
538 1051 725 1122 αὐτοῦ,
755 1059 1012 1128 γυναῖκας
1053 1053 1278 1119 εὐειδεῖς
1332 1056 1423 1111 καὶ
1481 1057 1605 1111 λίαν
1684 1078 1842 1133 περι-

185 1138 551 1211 καλλεῖς,καὶ
612 1143 1031 1217 κεκοσμημένας
1118 1143 1193 1208 εἷς
1267 1147 1330 1202 τὸ
1404 1146 1838 1224 ἐπαγωγότερον,

190 1236 428 1285 συνεῖναι
460 1231 606 1303 αύτῷ
653 1228 927 1303 διηνεκῶς
983 1233 1073 1288 καὶ
1129 1240 1545 1309 καθυπηρετεῖν,
1607 1234 1841 1292 συνδιαι-

186 1318 383 1385 τᾶσθαί
436 1340 495 1376 τε
550 1320 640 1376 καὶ
695 1321 1131 1394 συναυλίζεσθαι,
1184 1324 1501 1401 πρόσταξον.
1561 1327 1699 1402 Ἐγὼ
1758 1325 1836 1399 δὲ,

182 1412 301 1463 τῶν
331 1407 654 1482 πνευμάτων
688 1404 743 1464 ἕν
772 1413 879 1466 τῶν
906 1410 983 1474 εἷς
1028 1411 1095 1466 τὰ
1148 1412 1371 1469 τοιαῦτά
1432 1435 1525 1487 μοι
1574 1416 1838 1490 τεταγμέ-

182 1519 292 1551 νων
326 1496 724 1561 ἐπαποστείλας
763 1498 932 1572 αύτῷ,
997 1500 1302 1577 βιαιότερον
1357 1503 1421 1556 τὸ
1477 1506 1575 1572 τῆς
1633 1501 1841 1576 ἡδονης

181 1590 296 1661 πῦρ
328 1586 534 1661 ἆνάψω.
571 1587 673 1644 Καὶ
707 1586 819 1662 ἅμα
846 1593 925 1660 τῷ
984 1590 1323 1666 συγγενέσθαι
1382 1590 1541 1648 αὐτὸν
1599 1598 1699 1665 μιᾷ
1749 1594 1837 1648 καὶ

186 1674 331 1747 μόνῃ
358 1677 467 1728 τῶν
496 1673 759 1730 τοιούτων
818 1680 1109 1748 γυναικῶν,
1166 1675 1212 1731 εἰ
1275 1678 1351 1750 μὴ
1384 1680 1557 1734 πάντα
1614 1674 1714 1751 ἕξει
1754 1700 1839 1734 σοι

182 1763 325 1818 κατὰ
353 1763 608 1838 γνώμην,
640 1761 945 1839 παροπτέος
977 1763 1082 1840 ἐγὼ
1111 1766 1174 1820 τὸ
1197 1764 1392 1822 λοιπόν
1425 1789 1509 1822 σοι
1540 1767 1629 1823 καὶ
1662 1765 1839 1844 ἄχρη-

1949 630 2223 683 quamam
2240 614 2343 671 illa
2354 631 2449 669 ars
2466 619 2703 669 essetex
2720 629 2786 667 eo
2806 610 3228 681 sciscitaretur,
3256 617 3383 668 tum
3405 616 3597 673 Theu-

1948 701 2075 768 das,
2095 708 2377 773 tanquam
2411 700 2701 758 novacula
2730 706 2903 756 acuta
2927 701 3125 756 dolum
3140 703 3405 758 contexit
3430 706 3599 773 (Psal.

1946 790 2479 862 Lxxu),callideque
2498 792 2822 863 pharmaca
2836 793 3356 863 comparat.Atque
3371 792 3599 865 impro-

1945 879 2082 934 bam
2098 881 2393 949 technam,
2415 880 2755 951 diabolique
2774 880 3339 951 consilium,quaeso,
3369 883 3598 955 perspi-

1947 986 2032 1023 ce.
2059 970 2366 1037 Omnibus,
2392 969 2608 1040 inquit,
2634 987 2666 1023 ο
2684 986 2807 1037 rex,
2831 969 2930 1040 qui
2968 968 3088 1023 filio
3103 975 3485 1043 astantatque
3504 972 3599 1027 in-

1947 1058 2310 1126 serviunt,ab
2331 1075 2398 1113 eo
2413 1056 2619 1128 procul
2636 1057 3228 1129 disjunctis,pulchra
3241 1063 3597 1130 etperquam

1948 1146 2203 1219 eleganti
2227 1147 2419 1203 forma
2446 1147 2725 1219 praeditas
2770 1147 3075 1215 mulieres,
3109 1152 3286 1219 atque
3317 1148 3389 1204 ad
3422 1149 3599 1220 pelli-

1946 1235 2187 1293 ciendos
2210 1238 2442 1293 animos
2465 1237 2944 1305 adornatas,cum
2959 1254 3026 1292 eo
3049 1242 3337 1310 perpetuo
3352 1238 3597 1308 versari,

1946 1326 2179 1398 ipsique
2204 1326 2567 1395 ministrare,
2590 1327 2840 1398 vitaeque
2862 1327 3357 1383 consuetudinem
3382 1333 3599 1384 etcon-

1950 1415 2287 1471 tubernium
2306 1434 2440 1472 cum
2473 1434 2541 1473 eo
2572 1417 2791 1472 habere
2802 1416 2967 1489 jube.
3002 1418 3117 1489 Ego
3151 1423 3348 1473 autem
3380 1434 3499 1473 uno
3523 1435 3595 1474 ex

1946 1504 2017 1558 iis
2041 1504 2367 1575 spiritibus,
2395 1523 2543 1577 quos
2566 1506 2639 1561 ad
2659 1523 2755 1561 res
2776 1506 3497 1579 hujusmodicomparavi,
3521 1507 3598 1562 ad

1948 1610 2082 1648 eum
2099 1601 2305 1665 postea
2324 1594 2939 1663 submisso,acriorem
2958 1594 3274 1666 voluptatis
3288 1597 3486 1668 ignem
3501 1614 3599 1651 ex-

1946 1682 2160 1738 citabo.
2196 1685 2276 1738 Ac
2292 1684 2471 1739 simul
2502 1690 2677 1755 atque
2708 1684 2799 1739 vel
2822 1701 2955 1739 cum
2970 1700 3089 1739 una
3108 1684 3233 1739 sola
3256 1685 3600 1757 hujusmodi

1945 1773 2299 1828 muliercula
2321 1789 2446 1828 rem
2470 1773 2887 1841 habuerit,nisi
2918 1773 3022 1827 tibi
3056 1775 3257 1829 omnia
3301 1790 3371 1830 ex
3412 1774 3599 1829 animi

188 1873 338 1923 στος,
360 1853 447 1907 καὶ
484 1855 638 1911 268
665 1858 953 1927 τιμωριῶν
989 1854 1283 1930 μεγίστων,
1315 1856 1377 1911 ού
1435 1861 1635 1931 τιμῶν,
1669 1857 1837 1928 ἄξιος.

1953 1862 2243 1917 sententia
2264 1863 2473 1931 ﬂuant,
2499 1863 2611 1917 erit
2624 1864 2753 1934 jam
2776 1880 2882 1919 cur
2905 1880 2998 1918 me
3023 1858 3395 1931 contemnas,
3420 1870 3596 1935 atque

188 1938 360 1999 Ούδὶν
392 1940 492 2017 γὰρ
528 1942 604 2005 ὡς
656 1938 781 2016 ὄψις
813 1948 1085 2018 γυναικῶν
1147 1944 1440 2021 ἐπάγεσθαι
1497 1952 1587 2001 καί
1633 1946 1839 2024 θέλγειν

200 2030 333 2095 τοὺς
385 2030 625 2108 ἀρρένων
684 2031 991 2107 λογισμοὺς
1047 2033 1271 2113 πέφυκε.
1330 2036 1429 2089 Καὶ
1477 2032 1705 2091 ἄκουσον
1758 2033 1844 2091 δι-

196 2124 451 2199 ηγήσεως
472 2126 555 2196 τῷ
575 2120 692 2196 ἐμῷ
723 2123 1220 2199 συμμαρτυρούσης
1254 2124 1486 2201 ῥήματι.

268 2391 427 2447 HEd).
462 2391 544 2448 A‘.
576 2423 644 2434 —
676 2390 943 2454 Βασιλεύς
971 2412 1056 2455 τις
1086 2390 1282 2455 παιδὸς
1341 2394 1588 2470 ἀμοιρῶν
1622 2391 1844 2471 ἄρρενος

194 2481 410 2550 ἠνιᾶτο,
472 2477 596 2535 λίαν
668 2482 769 2549 τὴν
824 2482 1009 2557 ψυχὴν
1062 2482 1391 2558 ἀχθόμενος,
1445 2484 1534 2538 καὶ
1582 2482 1845 2559 ἀτύχημα

194 2573 360 2625 τοῦτο
388 2570 452 2625 ού
484 2569 679 2645 μικρὸν
721 2568 1097 2645 λογιζόμενος.
1155 2573 1246 2629 Ἐν
1301 2571 1515 2635 τούτοις
1575 2574 1663 2628 οῦν
1698 2574 1843 2646 αύτῷ

203 2658 324 2713 δντι
352 2664 589 2732 γεννᾶται
623 2659 764 2722 υὶὸςο
797 2660 887 2714 καὶ
946 2665 1121 2736 χαρᾶς
1168 2660 1257 2716 ἐπὶ
1286 2660 1464 2735 τούτῳ
1490 2664 1589 2732 τὴν
1620 2662 1841 2738 καρδίαν

204 2745 560 2824 ἐπεπλήρωτο
593 2749 621 2803 ὁ
656 2748 931 2825 βασιλεὺς.
965 2753 1135 2807 Εἶπον
1170 2748 1227 2805 δὲ
1254 2750 1402 2823 αύτῷ
1432 2753 1484 2806 οἱ
1514 2756 1621 2807 τῶν
1648 2752 1844 2828 ἰατρῶν

199 2836 591 2911 ἐπιστήμονες,
625 2837 724 2909 ὡς,
776 2837 825 2893 εἲ
881 2838 1031 2903 ἐντὸς
1087 2844 1196 2895 τῶν
1257 2838 1467 2895 δώδεκα
1498 2843 1571 2913 (3)
1624 2841 1844 2915 χρόνων

197 2925 435 2998 ἤλιονῆ
484 2932 593 3003 πῦρ
641 2929 705 2983 τὸ
759 2925 977 2983 παιδίον
1036 2933 1197 2984 τοῦτο
1260 2926 1398 3000 ’ίδοι,
1457 2931 1844 3005 στερηθήσεται

194 3018 506 3073 παντάπασι
536 3022 634 3073 τοῦ
683 3017 883 3096 φωτός·
943 3022 1105 3074 τοῦτο
1160 3020 1263 3094 γὰρ
1321 3021 1357 3089 ἡ
1413 3023 1521 3074 τῶν
1581 3021 1847 3093 ὀμμάτων

193 3107 367 3163 αὐτοῦ
399 3108 545 3172 θέσις
579 3105 764 3178 δηλοῖ.
798 3112 975 3163 Ταῦτα
998 3108 1089 3162 τὸν
1149 3106 1375 3184 βασιλέα
1403 3108 1703 3164 ἀκούσαντα
1752 3106 1843 3164 λέ-

1948 1956 2015 2005 ut
2036 1951 2262 2006 nullius
2283 1968 2426 2006 usus
2443 1952 2900 2018 hominem,non
2922 1952 3269 2023 honoribus,
3292 1953 3395 2008 sed
3408 1954 3599 2008 maxi-

1949 2037 2062 2095 mis
2077 2039 2386 2111 suppliciis
2404 2040 2499 2095 afﬁ
2509 2040 2787 2095 ciendum
2802 2040 3169 2096 ducas.Nihil
3187 2042 3345 2096 enim
3360 2058 3595 2098 mascu-

1948 2127 2145 2183 lorum
2166 2129 2399 2184 animos
2422 2129 2669 2201 perinde
2692 2130 2932 2185 allicere
2961 2147 3029 2185 ac
3062 2130 3400 2187 demulcere
3419 2132 3593 2201 solet,

1947 2223 2015 2273 ut
2042 2217 2403 2272 feminarum
2449 2223 2823 2290 conspectus.
2874 2219 3066 2289 Atque
3106 2223 3172 2274 ut
3221 2219 3598 2275 sermonibus

1949 2307 2100 2364 meis
2132 2307 2310 2362 fidem
2341 2306 2967 2375 adhibeas,historiam
2990 2307 3143 2363 hanc
3163 2307 3344 2364 velim
3370 2307 3599 2365 audias.

2020 2398 2152 2453 CAP.
2203 2397 2379 2452 XXX.
2429 2428 2498 2437 —
2548 2399 2667 2452 Rex
2698 2396 2941 2468 quidam
2976 2414 3109 2452 cum
3144 2397 3411 2456 mascula
3434 2397 3601 2470 prole

1950 2492 2181 2543 careret
2200 2487 2582 2541 vehementer
2601 2487 2800 2542 animo
2818 2486 3423 2560 angebatur,eamque
3444 2487 3601 2544 cala-

1949 2577 2219 2632 mitatem
2245 2575 2403 2631 haud
2420 2593 2659 2647 parvam
2686 2576 3081 2633 existimabat.
3114 2579 3234 2633 Hoc
3264 2577 3443 2650 igitur
3463 2595 3600 2633 cum

1951 2671 2106 2721 statu
2129 2670 2304 2733 esset,
2330 2664 2521 2720 ﬁlium
2572 2666 2633 2719 in
2682 2665 2877 2720 lucem
2902 2666 3107 2733 edidit,
3141 2684 3327 2737 eoque
3355 2667 3598 2722 nomine

1951 2770 2183 2808 summa
2202 2753 2503 2824 voluptate
2527 2752 2801 2823 perfusus
2824 2757 2932 2807 est.
2968 2753 3254 2807 Dixerunt
3300 2759 3499 2809 autem
3525 2753 3599 2808 ad

1950 2860 2085 2899 eum
2109 2842 2325 2897 eruditi
2358 2840 2598 2912 quidam
2632 2841 2870 2908 medici,
2899 2841 3024 2895 fore
3056 2846 3121 2896 ut
3152 2842 3198 2896 si
3245 2859 3392 2913 puer
3440 2842 3599 2897 intra

1949 2932 2263 2988 duodecim
2296 2947 2483 2986 annos
2514 2930 2701 2985 solem
2735 2934 2838 2985 aut
2885 2930 3085 3002 ignem
3120 2929 3596 2997 videret,lumine

1949 3037 2191 3094 prorsus
2209 3020 2537 3085 orbaretur,
2572 3020 2632 3075 id
2663 3020 2821 3075 enim
2846 3036 2915 3074 ex
2937 3020 3245 3075 oculorum
3268 3020 3454 3092 ipsius
3477 3021 3595 3077 situ

1951 3109 2413 3183 designari.Quae
2434 3126 2567 3164 cum
2592 3108 3399 3181 pateraudisset,cubiculum
3416 3110 3600 3181 quod-

190 3219 345 3275 γεται
376 3198 619 3254 οἰκίσκον
652 3196 921 3274 ἂντρῶδες
954 3201 1029 3272 (4)
1088 3198 1148 3254 ὲκ
1203 3200 1400 3269 πέτρας
1448 3202 1597 3265 τινὸς
1652 3201 1841 3273 λαξεῦ-

1953 3199 2088 3255 dam
2111 3199 2430 3255 obscurum
2456 3216 2525 3253 ex
2548 3216 2693 3270 rupe
2717 3198 2971 3269 quadam
2985 3198 3349 3267 condidisse,
3378 3198 3603 3254 ﬁlium—

193 3310 309 3358 σαι,
341 3288 558 3344 κάκεῖσε
584 3289 675 3344 τὸν
709 3286 878 3344 παῖδα
907 3289 1044 3362 μετὰ
1096 3293 1202 3344 τῶν
1260 3289 1623 3360 τιθηνούντων
1675 3291 1836 3346 αὐτὸν

189 3376 649 3449 κατακλείσαντα,
684 3375 972 3452 μηδόλως,
1006 3377 1172 3453 μέχρι
1232 3380 1684 3455 συμπληρώσεως
1732 3385 1841 3436 τῶν

190 3466 411 3524 δώδεκα
469 3467 750 3538 ἐνιαυτῶν,
811 3467 989 3542 φωτὸς
1046 3465 1320 3538 ὑποδεῖξαι
1381 3471 1742 3545 μαρμαρυγὴν
1780 3469 1844 3524 τὸ

190 3557 471 3633 παράπαν.
506 3558 656 3614 Μετὰ
687 3554 744 3612 δὶ
771 3558 871 3627 τήν
904 3555 1303 3631 συμπλήρωσιν
1333 3562 1441 3613 τῶν
1476 3556 1684 3613 δώδεκα
1714 3558 1846 3614 ἐτῶν

191 3647 376 3722 ἐξάγει
404 3651 503 3702 τοῦ
534 3646 777 3702 οἲκίσκου
824 3646 917 3701 τὸν
946 3644 1116 3702 παῖδα
1177 3644 1344 3720 μηδὲν
1399 3646 1545 3710 ὅλως
1601 3652 1698 3703 τοῦ
1752 3648 1846 3703 κό-

192 3757 344 3809 σμου
373 3736 725 3810 θεασάμενον,
756 3735 845 3790 καὶ
877 3735 1085 3791 κελεύει
1121 3737 1148 3790 ὁ
1174 3736 1427 3812 βασιλεὺς
1481 3738 1654 3791 πάντα
1712 3738 1847 3792 κατὰ

191 3828 361 3904 γένος
422 3827 874 3902 παραστήσαντας
937 3824 1217 3898 ὑποδεῖξαι
1276 3827 1443 3901 αὐτῷ,
1492 3825 1691 3905 ἄνδρας
1750 3814 1845 3901 μὶν

192 3918 250 3973 ἐν
297 3916 378 3972 ἐνὶ
406 3916 580 3989 τόπῳ,
613 3914 870 3973 ἀλλαχοῦ
902 3914 961 3972 δὲ
1004 3922 1280 3993 γυναῖκας,
1339 3915 1560 3991 ἑτέρωθι
1618 3918 1847 3994 χρυσὸν,

192 4005 796 4084 ἅργυρον,ἀλλαχύθεν
857 4006 1191 4082 μαργαρίτας
1244 4026 1303 4062 τε
1359 4009 1449 4062 καὶ
1506 4004 1692 4069 λίθους
1747 4028 1850 4062 πο-

190 4096 482 4165 λυτελεῖς,
511 4097 705 4168 ἱμάτια
752 4094 983 4170 λαμπρᾶ
1010 4095 1101 4150 καὶ
1133 4095 1356 4168 κόσμια,
1415 4093 1642 4169 ἅμματα
1696 4116 1850 4172 περι-

188 4183 389 4255 καλλῆ
425 4185 559 4259 μετᾶ
586 4182 772 4240 *ίππων
802 4184 1100 4261 βασιλικῶν
1154 4184 1576 4262 χρυσοχαλίνων
1635 4184 1729 4239 σὺν
1756 4186 1851 4239 τάο

186 4296 371 4346 πησιν
393 4272 718 4351 ἁλουργοῖς,
778 4274 867 4329 καὶ
901 4269 1171 4336 ἀναϐάτας
1229 4273 1311 4329 ἐπ’
1365 4272 1552 4338 αὐτοῖς
1606 4272 1850 4351 ὁπλοφό-

186 4384 355 4438 ρους,
394 4363 662 4439 βουκόλιά
689 4385 746 4420 τε
782 4365 925 4438 βοῶν
957 4363 1045 4418 καὶ
1097 4363 1328 4437 ποίμνια
1383 4358 1695 4438 προϐάτων.
1728 4363 1850 4432 Καὶ,

188 4453 396 4515 ἁπλῶς
428 4453 623 4527 εἰπεῖν,
653 4455 822 4508 πάντα
847 4451 1144 4529 στοιχηδὸν
1179 4450 1521 4508 ὑπεδείκνυον
1549 4457 1630 4526 τῶ
1676 4450 1851 4510 παιδί.

184 4542 618 4619 ΙΙυνθανομένου
649 4541 705 4599 δὲ
724 4544 890 4599 αὐτοῦ
920 4546 1071 4602 269
1126 4541 1179 4599 τί
1234 4542 1440 4599 τούτων
1498 4539 1719 4599 ἕκαστον
1754 4563 1851 4598 κα-

188 4634 407 4704 λεῖται,
470 4633 523 4688 οἱ
568 4637 667 4689 τοῦ
721 4632 989 4709 βασιλέως
1046 4633 1374 4688 ὑπασπισταὶ
1414 4632 1505 4687 καὶ
1558 4631 1853 4711 δορυφόροι

182 4725 301 4793 τὴν
333 4722 570 4780 ἑκάστου
599 4720 795 4793 κλῆσιν
828 4720 1083 4794 ἐδήλουν.
1117 4724 1204 4786 Ὠς
1260 4720 1319 4778 δὲ
1367 4724 1467 4791 τὴν
1522 4719 1719 4787 κλῆσιν
1745 4726 1854 4775 τῶν

185 4815 483 4889 γυναικῶν
524 4813 708 4888 ἤρετο,
774 4818 982 4885 μαθεῖν,
1041 4812 1135 4868 τὸν
1193 4810 1488 4887 σπαθάριον
1546 4814 1642 4865 τοῦ
1703 4810 1855 4886 βασι-

184 4900 347 4964 λέως
388 4903 465 4976 (5)
522 4902 825 4979 χαριέντως
885 4899 1078 4969 εἷπεῖν,
1139 4899 1398 4976 δαίμονας
1448 4899 1611 4964 αὐτας
1663 4898 1855 4955 καλεῖ-

179 5002 351 5061 σθαι,
388 4989 445 5045 αἳ
502 4990 632 5053 τοὺς
664 4992 983 5068 ἀνθρώπους
1013 4989 1314 5048 πλανῶσιν.
1373 4992 1435 5047 Ἠ
1468 4988 1527 5046 δὲ
1576 4994 1674 5045 τοῦ
1718 5010 1854 5045 παι-

180 5079 290 5143 δὸς
322 5077 528 5155 καρδία
552 5086 632 5155 τῶ
662 5080 880 5139 ἐκείνων
912 5083 1066 5156 πόθῳ
1097 5079 1265 5138 πλέον
1321 5085 1432 5137 τῶν
1463 5079 1675 5136 λοιπῶν
1705 5078 1859 5145 έθέλ-

1952 3307 2066 3362 que
2090 3289 2212 3344 illic
2232 3306 2354 3344 una
2383 3305 2519 3344 cum
2550 3288 2885 3343 nutricibus
2918 3288 3230 3344 inclusisse
3256 3289 3461 3357 fertur,
3488 3306 3602 3344 nec

1947 3384 2084 3435 ante
2107 3377 2416 3433 duodecim
2437 3395 2625 3433 annos
2649 3382 2885 3433 exactos
2902 3377 3094 3433 ullum
3117 3378 3486 3451 omninoipsi
3503 3379 3600 3434 lu-

1949 3470 2032 3525 cis
2056 3468 2434 3539 splendorem
2459 3467 2811 3524 ostendisse.
2846 3466 3122 3523 Confecto
3155 3473 3352 3523 autem
3387 3468 3601 3540 hujus-

1948 3559 2107 3615 modi
2123 3558 2405 3629 temporis
2422 3557 3066 3628 curriculo,ﬁ1ium,qui
3082 3557 3234 3612 nihil
3253 3558 3497 3612 omnino
3513 3574 3601 3611 re-

1948 3666 2079 3703 rum
2102 3647 2540 3703 mundanarum
2560 3647 2633 3702 ad
2647 3648 2805 3702 hunc
2823 3663 3011 3717 usque
3028 3645 3183 3701 diem
3199 3648 3601 3718 perspexerat,

1951 3756 2020 3793 ex
2048 3739 2161 3793 hoc
2192 3737 2466 3792 cubiculo
2500 3736 2735 3804 educit;
2764 3754 2831 3791 ac
2855 3742 2983 3792 tum
3034 3735 3149 3807 ipsi
3186 3734 3409 3802 omnia,
3429 3737 3604 3807 juxta

1952 3845 2124 3883 suum
2140 3825 2414 3898 quodque
2428 3842 2614 3898 genus
2629 3825 2892 3883 exhiberi
2907 3843 2973 3882 ac
2989 3824 3384 3881 demonstrari
3400 3824 3599 3897 jubet,

1951 3918 2105 3972 viros
2127 3916 2411 3971 nimirum
2435 3916 2495 3971 in
2517 3932 2637 3970 uno
2658 3915 2807 3985 loco,
2837 3915 2897 3970 in
2920 3914 3037 3970 alio
3052 3915 3330 3985 feminas,
3356 3913 3598 3970 aliunde

1952 4025 2183 4079 aurum,
2219 4008 2335 4063 alia
2356 4026 2427 4063 ex
2456 4014 2622 4079 parte
2657 4013 2989 4080 argentum,
3022 4008 3275 4063 uniones
3299 4007 3600 4079 etlapides

1956 4097 2233 4169 exquisiti
2261 4098 2655 4169 pretii,vestes
2678 4097 3013 4152 luculentas
3038 4102 3095 4151 et
3116 4097 3439 4167 elegantes,
3473 4113 3606 4151 cur-

1954 4205 2056 4241 rus
2081 4187 2301 4259 insigni
2316 4185 2761 4256 pulchritudine
2779 4185 2954 4239 simul
2969 4201 3101 4239 cum
3118 4184 3296 4254 regiis
3314 4184 3482 4253 equis
3504 4198 3613 4238 au-

1956 4294 2057 4332 reo
2083 4277 2250 4332 freno
2272 4276 2741 4345 instructis,cum
2759 4275 2963 4329 aulaeis
2981 4273 3315 4345 purpureis,
3336 4290 3403 4328 ac
3418 4289 3613 4328 sesso-

1958 4368 2123 4423 ribus
2146 4366 2596 4431 armatis,boum
2624 4366 2765 4420 item
2790 4370 3082 4431 armenta,
3100 4363 3613 4435 etpecudumgre-

1956 4474 2092 4529 ges;
2116 4461 2313 4526 atque,
2340 4460 2405 4509 ut
2426 4455 2768 4509 summatim
2784 4453 3206 4521 dicam,omnia
3221 4457 3382 4507 certo
3398 4452 3607 4507 ordine

1962 4562 2147 4618 puero
2162 4544 3031 4600 demonstrabat.Percontante
3046 4548 3244 4599 autem
3259 4559 3325 4597 eo
3350 4557 3614 4614 quonam

1964 4635 2211 4707 singulae
2235 4650 2329 4689 res
2344 4634 2585 4689 nomine
2598 4632 3224 4706 appellarentur,regis
3248 4631 3534 4687 satellites
3548 4648 3615 4686 ac

1966 4724 2286 4795 stipatores
2307 4724 2784 4795 uniuscujusque
2818 4740 3035 4778 nomen
3068 4720 3613 4793 exponebant.Cum

1966 4819 2163 4868 autem
2189 4813 2509 4868 mulierum
2534 4829 2753 4867 nomen
2772 4813 2923 4867 scire
2938 4816 3333 4883 cuperet,tum
3352 4810 3505 4882 regis
3518 4827 3615 4864 ar-

1966 4904 2152 4975 miger
2173 4903 2368 4974 lepide
2392 4920 2459 4959 ac
2481 4901 3016 4970 festive,daemones
3031 4918 3128 4955 eas
3143 4899 3429 4973 appellari
3445 4898 3611 4967 dixit,

1967 5010 1999 5048 a
2026 4992 2241 5063 quibus
2268 4993 2580 5047 hominum
2595 4996 2825 5047 mentes
2853 4992 2911 5046 in
2927 5008 3191 5046 errorem
3219 4990 3616 5046 traherentur.

1966 5082 2141 5137 Pueri
2175 5088 2375 5138 autem
2407 5086 2615 5154 pectus
2638 5098 2843 5138 earum
2875 5097 3076 5137 amore
3095 5085 3271 5151 atque
3296 5079 3622 5152 cupiditate

264 5312 354 5385 (1)
387 5310 660 5385 Syntaxis
689 5310 883 5368 verbis
912 5306 1167 5385 ἐλπίζειν⁸
1185 5330 1322 5385 cum
1354 5312 1573 5385 aoristg
1606 5318 1754 5385 este
1784 5311 2316 5385 frequentissimis,
2352 5329 2605 5385 eamque
2638 5319 2889 5371 tractare
2938 5314 3185 5369 memini
3234 5313 3307 5370 ad
3339 5312 3617 5369 Aristmn.

168 5399 246 5455 p.
272 5379 757 5456 i496.'Appianus
787 5401 881 5451 VII,
919 5385 982 5439 14-
1017 5402 1030 5441 :
1061 5379 1194 5441 Οὐδ’
1221 5382 1424 5453 ⁴ἤλπιζε
1451 5379 1659 5439 Φάϐιον
1685 5383 1719 5453 ἢ
1746 5382 1843 5438 τοῦ

1953 5382 2021 5437 ιπὶ
2060 5386 2167 5437 τῶν
2228 5386 2428 5437 στενῶν

1905 5454 2162 5519 ιάσεσθαι·
2199 5457 2301 5511 sed
2331 5454 2654 5514 mutandus
2682 5476 2804 5515 non
2829 5463 2957 5515 erat
2985 5459 3259 5514 aoristus.

166 5455 516 5529 vulgatum
544 5455 827 5529 βιάσασθαι
858 5462 1120 5529 mutasse
1152 5474 1213 5512 se
1244 5474 1381 5529 cum
1412 5456 1733 5529 Musgravio
1769 5457 1830 5529 in

2489 5385 2787 5457 βιάσεσθαι.
2820 5387 2906 5441 Ibi
2938 5403 3253 5442 monemur
3281 5385 3353 5441 ab
3389 5386 3622 5441 editore

380 5524 639 5603 135331;“,
671 5532 707 5583 2
734 5546 747 5585 :
780 5526 1091 5603 Ωσεὶμξυρὸν
1122 5525 1463 5601 ἠσονημένον
1498 5524 1756 5598 ἐποίησας
1788 5524 1977 5584 δόλον.

263 5595 359 5738 (3)
384 5599 447 5683 C,
480 5595 634 5668 δέκα,
659 5605 729 5655 ut
759 5606 818 5656 et
845 5595 1020 5657 infra:

294 5671 363 5738 4)
385 5671 475 5727 Sic
504 5673 613 5729 AC.
643 5673 954 5738 Ignoratur
979 5689 1017 5728 n

294 5671 363 5747 4)
385 5671 475 5747 Sic
504 5673 613 5729 AC.
643 5673 1258 5747 IgnoraturAneutrum
1286 5669 1350 5726 τὸ
1376 5670 1638 5728 οἰκίσκον.
1672 5674 1819 5728 Puto

1953 5688 1983 5727 e
2011 5668 2262 5747 ἀντρώδη
2295 5672 2367 5729 ab
2400 5677 2642 5729 auctore
2673 5672 2801 5745 ipso
2836 5673 3143 5747 scriptum.

265 5745 352 5818 (5)
385 5745 452 5811 Α,
485 5760 515 5800 e
538 5741 925 5812 correctione,
961 5742 1146 5819 βασιλ.
1180 5741 1410 5818 λέγεται.
