4010 6206
460 392 601 448 1147
648 368 651 379 “

1978 390 2344 446 ADDINDA.
3656 398 3748 455 ιιιι

460 517 611 585 (Luc.
647 512 720 584 ιν)
741 514 768 568 ?
790 513 940 578 Quid
971 513 1150 585 igitur
1179 520 1234 569 te
1266 514 1530 578 adduxit,
1558 519 1625 569 ut
1644 532 1769 570 rem
1797 513 2111 586 hujusmo-

2228 512 2378 567 Πάνυ
2408 532 2504 584 μοι
2537 509 2739 583 δοκεῖς,
2772 511 3028 584 δέσποτα,
3051 516 3153 583 τῆς
3172 513 3417 585 ἀληθείας
3434 517 3526 571 τῶν
3546 511 3755 591 δογμάτων

454 603 516 659 di
549 603 889 673 spurcitiem
921 603 1253 674 appellares
1279 604 1306 658 ?
1329 605 1705 676 Margnopere
1738 620 1879 659 sane
1910 603 2056 658 mihi
2082 619 2118 658 a

461 691 801 762 dogmatum
828 697 1159 747 vestrorum
1191 692 1436 747 veritate
1468 692 1745 747 aberrare
1776 693 2013 748 videris.

530 780 631 833 Cui
658 780 758 833 ille
811 781 1117 851 respondit
1144 798 1156 835 :
1193 783 1276 836 [ta
1306 782 1594 853 profecto,
1628 782 1866 849 mulier,
1896 782 2022 835 hazc
2053 797 2115 835 se

456 867 1213 939 habent,quemadmodum
1228 871 1333 925 abs
1348 878 1402 925 te
1417 871 1640 927 dictum
1665 871 1941 926 est.Licet
1955 870 2116 925 enim

458 957 825 1027 quibuslibet
847 960 1229 1015 matrimonio
1254 961 1810 1033 copulari,exceptis
1833 960 2116 1015 tameniis

459 1046 559 1115 qui
592 1045 994 1117 virginitatem
1044 1049 1273 1103 Christo
1328 1049 1513 1103 semel
1560 1049 1965 1121 promiserint.
1999 1050 2115 1120 Ego

458 1135 619 1189 enim
638 1134 709 1189 ab
730 1152 797 1189 eo
818 1135 912 1190 die
928 1154 1033 1207 pro
1053 1154 1159 1208 per
1171 1138 1355 1193 divini
1369 1139 1649 1211 baptismi
1668 1138 1963 1194 lavacrum
1979 1138 2118 1208 aju-

455 1224 714 1278 ventutis
746 1226 1173 1297 etignorantiaa
1195 1244 1342 1283 meae
1372 1229 1629 1299 peccatis
1649 1232 1932 1299 purgatus
1960 1243 2115 1292 sum,

459 1328 675 1381 purum
710 1314 1004 1385 meipsum
1051 1316 1280 1371 Christo
1314 1315 1595 1371 exhibere
1625 1315 1929 1387 pollicitus
1960 1330 2114 1368 sum.

459 1401 726 1466 Quonam
750 1402 928 1473 igitur
946 1404 1123 1459 modo
1154 1412 1326 1476 pacta
1358 1422 1427 1461 ea
1458 1422 1588 1476 qum
1625 1422 1766 1461 cum
1799 1406 1917 1460 Deo
1950 1419 2119 1475 sanxi

461 1490 781 1546 dissolvere
812 1498 988 1563 atque
1020 1494 1343 1567 infringere
1376 1495 1605 1550 audebo
1629 1495 1656 1549 ?

530 1582 785 1635 Rursum
810 1587 1009 1637 autem
1030 1582 1103 1637 ad
1128 1600 1263 1638 eum
1288 1584 1505 1639 mulier
1524 1584 1616 1639 his
1637 1583 1833 1639 verbis
1862 1599 1969 1639 usa
1986 1588 2117 1639 est:

460 1667 544 1721 Sit
566 1685 705 1723 sane
730 1668 801 1723 de
825 1669 933 1725 hac
955 1687 1017 1725 re
1050 1676 1115 1725 ut
1141 1671 1266 1743 ipse
1302 1672 1414 1741 vis,
1448 1676 1522 1727 At
1544 1673 1814 1744 exiguam
1846 1672 2118 1728 alteram.

461 1771 528 1810 ac
552 1755 777 1812 nullius
790 1760 1077 1814 momenti
1095 1760 1482 1831 cupiditatem
1504 1778 1698 1817 meam
1723 1762 2120 1833 exple,siqui-

2230 601 2385 673 ὑμῶν
2417 600 2668 657 άποπλαν
2677 606 2855 667 ἇσθαι.

2296 779 2359 836 Ὀ
2401 776 2480 847 δὲ,
2532 779 2662 850 Ναὶ,
2724 781 2908 856 φησὶν,
2971 782 3015 834 ὧ
3068 780 3240 855 γύναι“
3304 780 3465 843 οῧτως
3513 779 3611 857 ἔχει
3653 788 3769 839 ταῦτα

2226 868 2400 924 πάντα
2454 870 2635 934 καθὼς
2686 868 2930 942 εἴρηκας.
2964 873 3205 947 Ἐφεῖται
3262 869 3361 945 γὰρ
3406 876 3511 933 τοῖς
3565 870 3770 947 βουλομέ-

2224 979 2338 1020 νοις
2362 960 2522 1035 γάμῳ
2552 964 2857 1014 κοινωνεῖν·
2891 958 3017 1015 ἀλλ’
3048 959 3110 1015 οὐ
3165 964 3281 1022 τοῖς
3337 960 3465 1030 ἅπαξ
3509 960 3773 1035 ἐπαγγελλο-

2230 1049 2412 1121 μένοις
2441 1052 2522 1119 τῷ
2552 1049 2771 1123 Χριστῷ
2792 1047 3159 1124 παρθενεύειν.
3222 1049 3358 1123 Ἐγὼ
3410 1048 3525 1124 γὰρ,
3576 1048 3693 1121 ἐξότε
3724 1053 3777 1120 τῷ

2226 1134 2445 1211 λουτρῷ
2478 1134 2836 1211 ἐκαθαρίσθην
2855 1141 2954 1193 τοῦ
2994 1137 3143 1202 θείου
3178 1137 3553 1214 βαπτίσματος,
3596 1142 3684 1192 τῶν
3710 1145 3781 1205 τῆς

2226 1223 2483 1292 νεότητος
2512 1224 2599 1279 καὶ
2630 1224 2847 1301 ἀγνοίας
2879 1246 2985 1299 μου
3013 1226 3365 1297 πταισμάτων
3419 1226 3622 1302 καθαρὸν
3661 1223 3784 1298 ἐμαυ-

2224 1311 2318 1367 τὸν
2371 1319 2712 1387 παραστῆσαι
2766 1318 2845 1385 τῷ
2881 1318 3102 1387 Χριστῷ
3158 1314 3533 1387 συνεταξάμην·
3586 1314 3662 1369 καὶ
3704 1318 3787 1376 πῶς

2226 1401 2293 1457 τὰ
2316 1399 2728 1478 ὡμολογημένα
2759 1407 2880 1476 Θεῷ
2901 1400 3154 1459 διαλῦσαι
3185 1401 3449 1477 τολμήσω
3481 1422 3495 1471 ;

2300 1582 2441 1657 Ἔφη
2476 1577 2535 1635 δὶ
2564 1580 2720 1645 αὖθις
2780 1582 2816 1650 ἡ
2875 1582 3037 1656 γυνή’
3065 1582 3249 1638 Ἔστω
3305 1582 3393 1637 καὶ
3446 1582 3591 1637 τοῦτό
3633 1601 3711 1635 σου
3747 1583 3789 1634 τὸ

2230 1668 2470 1741 θέλημα,
2500 1670 2684 1734 καθὼς
2718 1669 2968 1745 βούλοιο.
2991 1668 3204 1742 ’Ἄλλην
3262 1667 3320 1726 δὶ
3381 1670 3566 1745 μικράν
3590 1691 3691 1726 τινα
3729 1671 3791 1725 καὶ

2229 1756 2531 1831 οὐδαμινὴν
2555 1758 2853 1834 πλήρωσον
2884 1758 3169 1832 ἐπιθυμίαν
3229 1782 3356 1833 μου,
3410 1759 3547 1830 εἳπερ
3586 1758 3726 1821 άντως
3757 1758 3791 1812 ἓν

462 1846 597 1900 dem
629 1848 842 1902 anima:
876 1865 1023 1904 mere
1046 1849 1299 1905 salutem
1327 1852 1538 1906 afferre
1561 1851 1667 1906 tibi
1693 1850 1856 1907 cordi
1880 1852 2115 1907 est.Hac

2229 1847 2463 1920 ἀληθείᾳ
2488 1851 2589 1919 τήν
2621 1852 2806 1925 ψυχήν
2845 1871 2948 1922 μου
2981 1848 3157 1915 θέλεις
3227 1855 3417 1909 σῶσαι.
3463 1854 3695 1925 Συγγενοῦ
3733 1870 3795 1922 μοι

462 1935 750 1991 duntaxat
774 1941 950 1993 nocte
983 1954 1215 1994 mecum
1242 1956 1367 1995 rem
1386 1940 1743 2011 habe,atque
1778 1941 1947 1995 effice
1974 1946 2040 1995 ut
2061 1946 2115 1995 et

2227 1938 2392 2011 ταύτῃ
2420 1942 2490 2012 τῇ
2520 1938 2670 1994 νυκτὶ
2692 1940 2780 1994 καὶ
2819 1940 3007 2013 μόνον,
3037 1940 3125 1994 καὶ
3158 1943 3256 1993 τοῦ
3315 1945 3416 1994 σοῦ
3467 1937 3798 2014 κατατρυφῆσαί

462 2041 564 2098 ego
598 2031 698 2081 tua
729 2026 1171 2097 pulchritudine
1203 2029 1386 2099 fruar,
1421 2046 1488 2085 ac
1520 2034 1582 2084 tu
1614 2047 1861 2085 rursum
1912 2030 2120 2085 formas

458 2131 605 2170 mem
634 2116 927 2189 elegantia
961 2118 1279 2189 explearis,
1324 2118 1487 2184 Quod
1520 2120 1567 2174 si
1599 2120 1833 2188 feceris,
1864 2120 1975 2174 hoc
2010 2119 2117 2173 tibi

456 2204 864 2275 polliceor,me
887 2206 1065 2261 simul
1086 2211 1261 2278 atque
1278 2208 2117 2274 diesilluxerit,Christianam

455 2294 801 2367 religionem
818 2303 1225 2369 suscepturam
1246 2302 1423 2369 atque
1437 2315 1678 2353 omnem
1697 2298 1944 2354 deorum
1960 2315 2120 2354 meo-

453 2399 588 2439 rum
603 2384 829 2439 cultum
847 2385 985 2457 fuga
998 2386 1340 2442 relicturam
1355 2390 1704 2458 esse.Atque
1717 2388 1790 2443 ob
1806 2388 2121 2459 hujusmo—

453 2470 511 2526 di
526 2474 999 2541 consilium,non
1014 2474 1190 2529 modo
1203 2475 1571 2544 veniam,sed
1593 2476 1775 2531 etiam
1794 2476 2115 2533 beneficia.

458 2560 667 2617 salutis
689 2579 836 2617 mea:
859 2579 1059 2630 causa,
1078 2580 1112 2619 a
1133 2564 1250 2619 Deo
1274 2569 1374 2619 tuo
1397 2565 1804 2635 consequeris.
1825 2565 2115 2621 Gaudium

462 2650 644 2719 enim,
693 2651 887 2721 inquit
924 2652 1223 2723 Scriptura
1249 2658 1369 2719 tua,
1404 2654 1575 2707 estin
1607 2654 1754 2708 cualo
1788 2670 1967 2725 super
1996 2670 2117 2709 uno

460 2740 768 2805 peccatore
786 2735 1196 2807 pcenitentiam
1222 2740 1617 2809 agente(Lucce
1639 2739 1930 2807 xtx).Nam
1950 2738 1998 2792 si
2040 2738 2115 2794 ob

461 2824 731 2880 scelerati
748 2825 1007 2879 hominis
1021 2826 1494 2896 resipiscentiam
1508 2826 1714 2881 laatitia
1731 2826 1793 2881 in
1807 2826 1953 2882 caelo
1969 2827 2119 2882 exci-

459 2902 637 2979 tatur,
672 2913 813 2984 quid
845 2914 1043 2969 afferri
1073 2919 1268 2985 potest
1298 2915 1442 2985 quin
1474 2916 1657 2987 hujus
1688 2916 2115 2987 resipiscentiaa

461 3004 653 3058 autori
684 3020 965 3075 magnum
996 3005 1312 3075 praamium
1345 3005 1635 3060 debeatur
1655 3005 1681 3059 ?
1710 3006 1797 3059 Ita
1824 3010 1982 3061 certe
2022 3023 2116 3061 res

460 3109 521 3148 se
553 3093 750 3160 habet,
784 3110 895 3148 nec
924 3099 1016 3148 est
1045 3093 1203 3164 quod
1227 3094 1484 3150 dubites.
1515 3094 1665 3159 Quid
1690 3095 1717 3149 ?
1745 3097 1961 3150 Annon
1984 3111 2119 3167 apo-

459 3182 594 3238 stoli
626 3199 884 3254 quoque,
940 3182 1246 3255 religionis
1285 3189 1492 3239 vestra;
1547 3183 1749 3253 duces,
1807 3184 2116 3256 complura

2231 2048 2299 2100 με
2325 2025 2566 2090 κάλλους
2595 2027 2852 2099 ποίησον,
2882 2035 2983 2098 τῆς
3012 2026 3150 2101 ἐμῆς
3196 2050 3257 2085 τε
3307 2028 3466 2090 αὐτὸς
3518 2025 3798 2101 ἐμπλήσθητι

2228 2118 2596 2190 ὼραιότητὸς.
2638 2118 2738 2173 Καὶ
2770 2116 2934 2193 λόγον
2968 2138 3053 2173 σοι
3103 2115 3335 2192 δίδωμι,
3384 2120 3494 2191 ἄμα
3539 2115 3666 2193 πρῶί
3707 2118 3803 2189 Χρι-

2229 2207 2450 2275 πιανήν
2497 2207 2748 2281 γενέσθαι
2777 2207 2869 2261 καὶ
2899 2212 3071 2261 πᾶσαν
3119 2206 3373 2285 ἐκφυγεῖν
3424 2207 3518 2276 τήν
3570 2210 3664 2260 τῶν
3703 2207 3798 2267 θεῶν

2230 2316 2336 2368 μου
2399 2292 2674 2371 λατρείαν.
2735 2295 2842 2353 Καί
2900 2293 3049 2351 ἔσται
3097 2317 3183 2351 σοι
3238 2296 3301 2351 οὐ
3366 2297 3525 2370 μόνον
3574 2294 3802 2371 συγγνώμη

2225 2382 2401 2440 ’ἐνεκεν
2430 2392 2533 2455 τῆς
2566 2386 2887 2459 οὶκονομίας
2917 2384 3138 2456 ταύτης,
3171 2384 3325 2441 ἀλλὰ
3353 2386 3441 2441 καὶ
3499 2382 3687 2459 δωρεῶν
3711 2382 3803 2436 άντ-

2226 2472 2451 2547 άμειψις
2503 2474 2649 2549 παρὰ
2698 2477 2778 2546 τῷ
2832 2478 2950 2546 Θεῷ
2980 2495 3075 2529 σου
3132 2469 3290 2530 ἕνεκα
3338 2481 3438 2544 τῆς
3502 2473 3625 2547 ἐμῆς
3672 2492 3807 2539 σωτη-

2228 2560 2363 2636 piae“
2401 2564 2556 2637 Χειρά
2594 2563 2726 2639 γάρ,
2785 2563 2948 2640 φησὶν
3009 2565 3044 2632 ἡ
3102 2565 3294 2641 Γραφή
3357 2585 3452 2619 σου
3506 2565 3625 2635 (30),
3650 2561 3802 2635 γίνεται

2227 2653 2381 2709 278
2414 2651 2466 2706 ἐν
2500 2651 2719 2725 οὐρανῷ
2747 2651 2827 2729 ἐφ’
2856 2651 2935 2709 ἐνὶ
2996 2651 3321 2727 ἁμαρτωλῷ
3381 2655 3713 2726 μετανοοῦντι.
3756 2647 3804 2704 Εἰ

2227 2740 2318 2796 οὖν
2350 2743 2496 2817 χαρά
2525 2742 2733 2818 γίνεται
2764 2743 2814 2797 ἐν
2850 2742 3064 2818 οὐρανῷ
3094 2740 3164 2797 δι’
3224 2741 3552 2821 ἐπιστροφὴν
3606 2743 3801 2813 ἁμαρτω·

2227 2828 2348 2898 λοῦ,
2380 2834 2461 2902 τῷ
2488 2829 2733 2904 προξένῳ
2760 2836 2861 2899 τῆς
2919 2829 3255 2905 ἐπιστροφῆς
3314 2829 3381 2885 οὐ
3442 2832 3597 2905 μέγας
3640 2824 3801 2903 Empti-

2229 2922 2380 2974 λεται
2415 2918 2608 2991 μισθός
2638 2938 2652 2987 ;
2684 2917 2814 2989 Ναὶ,
2846 2914 3020 2977 οὕτως
3050 2914 3196 2993 ἔχει,
3251 2918 3346 2974 καὶ
3408 2920 3485 2992 μὴ
3538 2911 3800 2993 ἀμφίϐαλλε.

2228 3008 2305 3066 Οὐ
2338 3006 2617 3064 πολλὰδὲ
2664 3007 2753 3063 καὶ
2815 3008 2867 3062 οἱ
2927 3009 3170 3083 ἀρχηγοὶ
3228 3015 3333 3078 τῆς
3392 3007 3654 3083 θρησκείας
3694 3004 3800 3075 ὑμῶν

2223 3096 2522 3153 ἀπόστολοι
2581 3098 2700 3153 κατ’
2760 3096 3077 3171 οἰκονομίαν
3134 3096 3388 3171 ἐποίουν,
3468 3091 3801 3171 παραϐαίνοντες

2226 3184 2335 3242 ἔσθ’
2375 3187 2465 3242 ὅτε
2523 3185 2775 3258 ἐντολὴν,
2831 3184 2987 3241 ἕνεκα
3048 3185 3302 3260 μείζονος
3354 3182 3692 3256 έντολῆςςού
3730 3181 3796 3234 τὸν

461 3277 621 3327 certo
653 3272 902 3328 consilio
934 3272 1251 3339 faciebant,
1308 3274 1571 3329 divinum
1599 3280 1960 3346 praeceptum
1988 3292 2115 3331 ma-

2227 3275 2446 3331 Παῦλον
2479 3247 3059 3351 λέγεταιπεριτεμεῖν,
3086 3247 3179 3331 τὸν
3238 3247 3512 3350 Τιμόθεον
3692 3270 3803 3326 ἓνεκα

452 3364 608 3435 joris
635 3363 914 3435 praacepti
970 3381 1148 3419 causa
1178 3364 1481 3420 interdum
1512 3364 1802 3420 violantes
1823 3365 1849 3419 '2
1904 3368 2118 3421 Annon

460 3453 679 3508 Paulus
710 3453 1146 3519 Thimotheum,
1180 3454 1609 3524 prmstantioris
1640 3454 1873 3510 consilii
1915 3472 2113 3524 causa,

460 3542 905 3597 circumcidisse
937 3542 1156 3596 dicitur
1178 3544 1326 3612 (Act.
1355 3544 1468 3614 xvr)
1493 3544 1520 3597 ?
1542 3544 1719 3614 Atqui
1742 3544 2115 3600 circumcisio

461 3631 620 3700 apud
648 3632 1015 3686 Christianos
1046 3632 1107 3684 in
1136 3632 1385 3686 crimine
1414 3638 1730 3703 censetur;
1776 3651 1885 3690 nec
1916 3641 2116 3691 tamen

462 3718 565 3773 ille
595 3718 708 3774 hoc
738 3720 931 3775 facere
990 3719 1295 3776 dubitavit.
1356 3724 1546 3793 Atque
1604 3723 1721 3779 alia
1773 3711 2118 3797 hujusmodi

460 3808 760 3880 permulta.
792 3809 853 3863 in
885 3809 1202 3880 Scripturis
1244 3810 1362 3865 tuis
1408 3813 1693 3883 reperies.
1729 3815 2035 3882 Quocirca,
2071 3815 2120 3869 si

463 3897 618 3954 serio
650 3899 863 3954 animae
891 3916 1037 3954 mea)
1071 3900 1323 3956 salutem
1357 3903 1567 3957 afferre
1618 3905 1808 3975 cupis,
1849 3905 2119 3977 exiguam

466 3990 623 4045 hanc
653 4007 846 4046 meam
884 3990 1269 4062 cupiditatem
1301 3992 1505 4065 exple:
1539 3999 1598 4048 et
1617 4012 1743 4067 ego,
1777 4012 2120 4067 quanquam

464 4080 687 4152 alioqui
719 4082 979 4154 perfecto
1012 4082 1381 4138 matrimonii
1410 4101 1567 4139 nexu
1610 4091 1807 4140 tecum
1852 4086 2119 4157 copulari

461 4172 729 4243 Cupiens,
767 4178 966 4228 tamen
1018 4172 1303 4244 quoniam
1354 4174 1413 4230 id
1470 4175 1576 4230 tibi
1610 4175 1853 4232 minime
1885 4182 2120 4248 gratnm

463 4266 574 4329 est,
608 4280 724 4318 non
752 4263 882 4335 jam
916 4262 1021 4318 tibi
1071 4264 1187 4318 vim
1243 4266 1511 4333 afferam,
1569 4282 1771 4319 verum
1829 4264 2120 4336 quidquid

462 4353 664 4409 animo
697 4358 795 4409 tuo
829 4353 1137 4423 insederit,
1171 4356 1418 4427 posthac
1460 4355 1693 4411 faciam.
1727 4356 1811 4410 Tu
1842 4355 2020 4428 igitur
2045 4373 2118 4411 ne

465 4460 561 4499 me
593 4461 827 4517 quoque
859 4462 1103 4517 prorsus
1133 4446 1379 4517 abjicias
1421 4450 1478 4500 et
1538 4445 1881 4511 exsecreris,
1915 4462 2118 4501 verum

2226 3367 2537 3440 κρείττονος
2594 3366 2959 3438 οἶκονομίας;
3008 3363 3191 3420 καίτοι
3250 3367 3567 3439 παράνομον
3617 3364 3805 3434 Χριστια-

2222 3460 2338 3517 νοῖς
2369 3455 2705 3529 ἡπεριτομὴ
2764 3452 3104 3530 λελόγισται·
3168 3453 3303 3510 ἀλλ’
3356 3452 3508 3527 ὅμως
3561 3453 3724 3510 ἐκεῖνος
3761 3445 3803 3499 οὗ

2224 3549 2578 3622 παρῃτήσατο
2609 3550 2775 3601 τοῦτο
2831 3550 3080 3614 ποιῆσαι,
3136 3547 3244 3602 Καὶ
3300 3544 3490 3602 πολλὰ
3540 3543 3726 3600 τοιαῦτα
3764 3535 3800 3589 ἓν

2225 3642 2344 3701 ταῖς
2382 3642 2617 3713 Γραφαῖς
2669 3656 2764 3690 σου
2795 3635 3066 3710 εὐρήσεις.
3127 3634 3191 3692 Et
3249 3634 3351 3690 οὖν
3414 3634 3545 3691 κατά
3591 3632 3806 3701 ἀλήθειαν,

2225 3727 2406 3791 καθὼς
2438 3724 2632 3800 λέγεις,
2665 3725 2834 3780 σῶσαί
2866 3746 2971 3798 μου
3001 3726 3098 3793 τήν
3132 3726 3327 3799 ψυχὴν
3387 3729 3582 3795 ζητεῖς,
3631 3722 3712 3789 τὴν
3751 3738 3810 3788 μι-

2227 3814 2357 3887 κράν
2394 3835 2499 3889 μου
2527 3813 2725 3884 ταύτην
2761 3813 3045 3888 ἐπιθυμίαν
3100 3812 3435 3887 πλήρωσον.
3462 3813 3561 3872 Καὶ
3614 3810 3701 3887 ἐγὼ
3743 3807 3810 3880 μὶν

2224 3903 2409 3977 τελείᾳ
2440 3925 2526 3959 σοι
2551 3901 2810 3975 κοινωνίᾳ
2836 3904 3016 3979 γάμου
3070 3912 3416 3980 συναφθῆναι
3466 3904 3694 3973 ζητοῦσα,
3734 3891 3813 3950 ἐπεί

2230 4016 2316 4050 σοι
2348 3997 2410 4050 οὐ
2442 3992 2773 4067 καταθύμιόν
2806 3992 2915 4049 ἐστι
2956 3991 3139 4064 τοῦτο,
3203 3994 3311 4049 οὐκ
3371 3989 3449 4049 ἔτι
3510 4014 3564 4049 σε
3608 4006 3817 4059 καταναγ-

2230 4084 2400 4155 κάζω,
2448 4085 2515 4139 τά
2571 4084 2766 4159 ἀρεστά
2816 4104 2903 4139 σοι
2960 4082 3133 4138 πάντα
3205 4089 3473 4139 ποιοῦσα·
3544 4080 3712 4139 λοιπὸν
3752 4075 3814 4129 καί

2230 4174 2390 4237 αὐτὸς
2429 4175 2504 4248 μὴ
2563 4175 2738 4244 πάντη
2778 4170 3034 4249 βδελύξῃο
3098 4172 3246 4241 ἀλλ’,
3318 4171 3617 4234 ὑπακούσας
3648 4190 3734 4243 μου
3773 4162 3817 4218 τὸ

2230 4264 2367 4335 ἅπαξ
2416 4268 2600 4336 τοῦτο,
2659 4265 2852 4326 σώσεις
2910 4282 2998 4336 με,
3056 4268 3153 4331 τῆς
3204 4258 3605 4336 δεισιδαίμονος
3653 4255 3817 4320 πλάνης

2231 4353 2557 4430 ῥυσάμενος,
2587 4352 2654 4407 τὰ
2684 4349 2989 4426 δεδογμένα
3020 4349 3076 4408 δέ
3108 4373 3194 4407 σοι
3235 4352 3318 4415 εἷς
3378 4353 3442 4408 τὸ
3486 4352 3602 4423 ἐξῆς
3628 4346 3817 4417 ποιήσεις

2231 4440 2321 4497 διὰ
2355 4443 2485 4518 βίου
2517 4444 2737 4504 παντός.

466 4532 533 4593 in
564 4535 674 4590 hac
704 4551 827 4591 una
849 4551 910 4589 re
942 4534 1089 4590 mihi
1122 4534 1458 4608 obsequens
1491 4535 1744 4589 salutem
1776 4534 1924 4589 mihi
1947 4536 2114 4602 affer,
2139 4539 2314 4606 atque
2357 4551 2391 4590 a
2424 4533 2838 4605 superstitioso
2890 4549 3091 4589 errore
3146 4549 3244 4589 me
3298 4534 3509 4601 libera,
3562 4537 3618 4587 tu
3666 4530 3813 4584 autem

469 4632 753 4706 deinceps
784 4650 889 4705 per
918 4650 1158 4689 omnem
1183 4633 1313 4688 vitai
1347 4648 1589 4688 cursum
1610 4649 1741 4703 quae
1775 4632 1881 4687 tibi
1909 4634 2031 4689 visa
2056 4633 2281 4689 fuerint
2309 4632 2493 4688 facias
2522 4631 2749 4690 licebit.
3787 4707 3809 4723 ν

540 4723 641 4778 His
663 4722 855 4777 verbis
876 4726 1217 4791 utens(nam
1236 4727 1295 4778 et
1313 4722 1571 4778 habebat
1587 4722 1687 4793 qui
1709 4721 1823 4793 ipsi
1846 4739 2115 4794 suggere-

2298 4718 2455 4779 Οὕτω
2488 4717 2721 4797 λέγουσα
2752 4720 2861 4791 (καὶ
2910 4717 3011 4795 γὰρ
3043 4719 3159 4794 εἶχε
3211 4718 3304 4773 τὸν
3365 4717 3739 4794 εἰσηγούμενον,
3779 4717 3810 4777 Ψ

465 4813 679 4880 ret,cui
704 4813 882 4869 etiam
903 4828 1077 4868 aures
1095 4812 1250 4867 clam
1272 4810 1824 4882 admovebat,atque
1857 4812 2121 4883 Scriptu-

466 4919 673 4959 rurum
695 4902 920 4975 peritus
939 4907 1028 4957 est
1053 4901 1155 4955 ille
1181 4901 1303 4956 vitii
1328 4900 1539 4955 artifex
1562 4899 1999 4971 diabolus),his,
2027 4900 2117 4954 in-

467 4993 867 5063 quam,verbis
890 4998 1353 5064 utens,eumque
1379 4990 1750 5059 demulcens,
1783 5007 1850 5047 ac
1880 4990 2032 5047 retia
2062 4996 2121 5047 et

467 5081 716 5155 laqueos
739 5084 851 5157 ipsi
876 5089 999 5139 tum
1023 5100 1056 5139 a
1077 5083 1323 5151 dextris,
1348 5087 1473 5137 tum
1506 5098 1540 5137 a
1570 5080 1828 5136 sinistris
1858 5081 2120 5152 undique

468 5179 718 5229 nectens
734 5174 920 5229 animi
942 5174 1126 5245 ipsius
1142 5173 1349 5228 turrim
1362 5171 1883 5239 1abefactare,insti
1893 5171 2120 5241 tutique

471 5258 661 5329 ipsius
672 5280 884 5318 nervos
897 5263 1305 5332 debilitare,ac
1318 5261 1681 5316 voluntatem
1693 5266 1751 5315 et
1764 5260 2120 5315 sententiam

474 5348 743 5405 emollire
765 5352 1104 5423 incipiebat.
1140 5352 1273 5407 Vitii
1301 5356 1500 5407 autem
1524 5357 1777 5417 sator,ac
1798 5350 2119 5422 proborum

468 5435 731 5492 virorum
746 5439 934 5495 hostis
947 5440 1247 5497 labantem
1265 5440 1453 5513 ipsius
1466 5440 1731 5498 animum
1748 5439 2123 5513 conspiciens

547 5553 660 5695 (30g
692 5554 828 5612 Luc.
862 5572 956 5623 xv,
979 5559 1035 5613 ’7.

547 5626 630 5695 (31
692 5628 819 5683 Act.
847 5626 940 5683 ad.
966 5644 1033 5681 xv

470 5684 477 5699 γ
545 5626 660 5699 (31)
692 5628 819 5683 Act.
847 5626 940 5683 ad.
966 5644 1072 5694 xvr,
1101 5628 1152 5681 3.

546 5698 660 5827 (i2)
691 5699 972 5773 Georgius
1004 5697 1276 5768 Acr0pol.
1310 5698 1523 5755 Histor.
1548 5721 1606 5775 p.
1659 5707 1724 5759 53
1759 5715 1775 5759 :

546 5786 569 5827 ε
598 5787 709 5827 ius.

472 5786 709 5839 manus.

2228 4808 2317 4864 καὶ
2373 4809 2442 4864 τὰ
2497 4809 2611 4864 ὦτα
2668 4807 2893 4882 ὑπεῖχεν
2954 4805 3087 4879 αὕτη
3167 4805 3438 4884 κρυφίως·
3512 4805 3596 4862 καὶ
3640 4797 3811 4875 Γραφᾶν

2228 4895 2494 4974 ἔμπειρος
2528 4899 2555 4953 ὁ
2579 4897 2788 4971 λῃστὴς
2818 4897 2911 4968 ἦν,
2946 4897 2973 4950 ὁ
3003 4902 3105 4965 τῆς
3136 4893 3331 4958 κακίας
3379 4892 3545 4956 ὅντως
3598 4891 3811 4974 δημιουρέ

2227 4991 2319 5062 γός
2353 4972 2444 5042 καὶ
2476 4984 2852 5059 διδάσκαλος),
2878 4989 3106 5041 τοιαῦτα
3158 4989 3451 5061 τοιγαροῦν
3507 4983 3709 5059 λέγουσι
3752 4972 3812 5031 τιιῖ

2233 5075 2619 5146 ὑποσαίνουσα,
2678 5073 2866 5131 δίκτυά
2922 5096 2981 5131 τε
3030 5073 3120 5129 καὶ
3179 5072 3419 5149 παγίδας
3472 5072 3529 5128 ἐκ
3580 5070 3732 5140 δεξιῶν
3773 5080 3813 5113 τε

2229 5168 2319 5223 καὶ
2373 5166 2423 5240 ἐξ
2475 5166 2771 5239 εὐωνύμων
2834 5165 2981 5237 αὐτῷ
3036 5163 3469 5241 περιπλέκουσα,
3524 5162 3607 5217 τὸν
3659 5154 3812 5229 πύργον

2230 5256 2394 5312 αὐτοῦ
2418 5263 2517 5325 τῆς
2554 5256 2740 5331 ψυχῆς
2800 5253 3138 5309 διασαλεύειν
3185 5250 3422 5329 ἤρχετο,
3466 5253 3553 5307 τὸν
3603 5247 3730 5303 τόνον
3773 5256 3812 5331 ῖε

2233 5345 2520 5421 ὑποχαλᾷν
2555 5328 2664 5419 (32)
2696 5345 2865 5400 αὐτοῦ
2920 5349 3021 5413 τῆς
3074 5341 3409 5418 προθέσεως,
3439 5340 3526 5397 καὶ
3578 5339 3663 5406 τήν
3703 5328 3808 5407 γνώ-

2237 5458 2343 5511 μην
2374 5439 2529 5495 279
2566 5433 2958 5511 μαλακωτέραν
3005 5436 3205 5490 ποιεῖν.
3263 5432 3327 5490 Ὁ
3388 5429 3449 5487 δὶ
3501 5425 3703 5505 σπορεὺς
3740 5422 3809 5483 τῆς

1833 5700 1910 5757 Τὸ
1961 5703 2067 5754 τῶν
2136 5698 2428 5772 νοημάτων
2484 5693 2663 5771 χαλᾷν
2722 5688 3083 5766 εὐεπήὸολον.
3143 5691 3280 5750 Cod.
3337 5694 3500 5762 3041,
3567 5682 3787 5763 ὑποχαλῇ
