4010 6206
231 386 381 454 ίίισ

1391 403 1566 457 νιτΑ
1602 402 1952 458 ΒΑΒῘΑΔΔΠ
1988 402 2084 458 ΕΤ
2114 403 2458 462 ΙΟΔΒΔΡΗ.

3500 398 3657 473 uso?

229 518 423 579 κακίας
450 514 537 572 xui
567 521 675 573 τῶν
734 517 959 575 δικαίων
1018 519 1238 597 ἐχθρὸς,
1290 521 1660 595 σαλευομένην
1711 521 1875 578 αὐτοῦ

1999 544 2056 583 ac
2089 544 2323 584 summa
2344 529 2481 585 inde
2512 530 2718 587 laetitia
2747 532 3043 607 perfusus,
3082 536 3280 591 statim
3325 539 3639 608 pestiferos

228 608 337 675 τὴν
394 604 615 681 καρδίαν
675 605 806 662 ίδὼν
864 614 1041 684 χαρᾶς
1112 609 1369 683 ἔμπλεως
1423 613 1660 688 γεγονὼς
1712 616 1882 690 φωνεῖ

228 694 473 770 παρευθὺ
524 696 591 751 τὰ
648 696 741 751 σὺν
796 698 941 771 αότῷ
998 702 1410 775 παραγενόμενα
1463 707 1565 770 τῆς
1613 703 1879 775 πονηρίας

224 785 531 858 πνεύματα,
598 787 809 861 Ὁρᾶτε,
865 787 1095 860 κράζων,
1156 786 1538 865 ὅποιςήκόρη
1599 790 1732 861 αὕτη
1795 788 1876 844 δι-

225 878 422 929 ανῦσαι
474 873 741 950 ἐπείγεται
802 877 835 930 ἄ
884 876 983 932 οὐκ
1040 874 1392 951 ἠδυνήθημεν
1450 882 1614 953 ἡμεῖς
1668 880 1878 937 ἁνῦσαι.

222 967 390 1017 Δεῦτε
421 964 538 1033 οὗν,
590 964 833 1039 ἰσχυρῶς
880 969 971 1019 νῦν
1023 965 1362 1040 ἐπιπέσωμεν
1414 967 1580 1040 αὐτῷ·
1635 968 1741 1044 οὐχ
1790 969 1881 1024 εὐ-

224 1052 477 1126 ρήσομεν
510 1052 614 1128 γὰρ
647 1050 818 1108 ἄλλον
850 1056 1038 1131 καιρὸν
1090 1057 1290 1111 οὑτωσὶ
1342 1055 1651 1126 ἐπιτήδειον
1700 1058 1764 1112 τὸ
1794 1056 1880 1113 θέ-

222 1138 390 1212 λημα
419 1138 717 1215 πληρῶσαι
745 1147 843 1198 τοῦ
887 1145 1203 1218 πέμψαντος
1250 1148 1421 1218 ἡμᾶς.
1463 1151 1643 1202 Ταῦτα
1673 1144 1881 1202 συλλα-

220 1226 405 1298 λήσας
437 1230 466 1284 ὁ
497 1226 809 1307 δολιόφρων
852 1238 970 1295 τοῖς
1017 1234 1211 1289 ἑαυτοῦ
1260 1237 1437 1308 κυσὶν,
1492 1231 1879 1309 ἐπεμϐαίνουσι

214 1322 308 1389 τῷ
336 1321 573 1394 Χριστοῦ
623 1322 946 1396 στρατιώτῃ,
994 1325 1167 1385 πάσας
1218 1324 1382 1379 αὐτοῦ
1424 1332 1525 1396 τῆς
1573 1328 1759 1402 ψυχῆς
1786 1326 1883 1388 τὰς

216 1404 487 1480 δυνάμεις
543 1411 888 1484 ταράξαντες,
946 1413 1033 1467 xui
1097 1408 1271 1467 δεινὸν
1324 1408 1501 1490 ἔρωτα
1558 1422 1657 1485 τῆς
1711 1417 1881 1491 κόρης

216 1496 582 1571 ὑποθέμενοι,
613 1503 717 1575 πῦρ
747 1520 805 1556 τε
844 1498 1209 1580 σφοδρότατον
1265 1503 1555 1579 ἐπιθυμίας
1588 1504 1882 1560 ἐκκαύσαν-

210 1605 314 1651 τες
345 1585 398 1640 ἒν
431 1586 600 1660 αὐτῷ.

297 1676 477 1752 Ὁρῶν
510 1674 569 1732 δὶ
598 1677 783 1733 ἑαυτὸν
840 1677 1043 1743 ἐκεῖνος
1104 1680 1344 1757 ἰσχυρῶς
1404 1681 1742 1761 φλεγόμενον
1789 1684 1879 1740 καὶ

212 1766 371 1840 πρὸς
399 1766 499 1834 τήν
547 1767 809 1843 ἁμαρτίαν
868 1770 1445 1845 αἱχμαλωτιζόμενον,
1491 1776 1581 1829 xui
1623 1775 1751 1837 τοὺς
1784 1774 1879 1830 λο-

1993 619 2234 690 spiritus
2252 621 2352 691 qui
2384 638 2504 677 una
2536 638 2669 677 cum
2702 622 2808 679 illo
2860 623 3110 680 aderant
3157 625 3453 697 appellat:
3504 630 3639 682 Cer-

1991 707 2132 775 nite,
2168 708 2466 779 inquiens,
2502 728 2760 781 quonam
2797 719 2966 783 pacto
3000 715 3199 785 puella
3242 716 3354 769 ista
3404 731 3472 769 ea
3504 732 3636 785 per-

1993 798 2169 853 licere
2205 800 2525 855 contendat
2556 820 2685 873 quae
2718 820 2749 857 a
2780 803 2951 857 nobis
2986 805 3189 875 perﬁci
3222 806 3620 875 nequiverunt

1990 889 2155 959 Agite
2178 889 2373 960 igitur,
2410 891 2625 945 acriter
2654 909 2813 947 nunc
2844 893 2904 946 in
2953 910 3088 947 eum
3124 894 3411 965 impetum
3460 893 3642 949 facia-

1990 994 2143 1032 mus.
2179 980 2375 1049 Neque
2408 981 2565 1035 enim
2598 982 2671 1036 ad
2698 982 3053 1053 explendam
3086 984 3214 1055 ejus
3246 1001 3279 1039 a
3309 1001 3425 1055 quo
3471 984 3639 1039 missi

1991 1084 2197 1122 sumus
2228 1069 2591 1126 voluntatem
2627 1071 2788 1126 aliud
2816 1090 2982 1143 mque
3038 1079 3437 1145 Opportunum
3488 1079 3638 1129 tem-

1989 1172 2101 1228 pus
2124 1160 2553 1215 nanciscemur.
2596 1162 2727 1216 Haec
2757 1178 2891 1217 cum
2926 1163 3259 1235 versipellis
3302 1163 3404 1218 ille
3435 1163 3508 1219 ad
3544 1182 3639 1219 so-

1991 1247 2112 1301 cios
2134 1248 2399 1316 dixisset,
2425 1250 2485 1304 in
2530 1250 2747 1305 Christi
2800 1252 3050 1307 militem
3097 1253 3392 1322 insiliunt,
3427 1270 3637 1308 omnes

1990 1337 2173 1392 animi
2206 1337 2391 1409 ipsius
2422 1340 2574 1394 vires
2605 1341 3043 1411 perturbantes,
3066 1347 3243 1413 atque
3277 1343 3635 1398 acerrimum

1990 1427 2204 1497 puellae
2251 1444 2513 1484 amorem
2562 1430 2749 1501 ipsius
2791 1432 3013 1502 pectori
3064 1432 3417 1501 inserentes,
3460 1431 3637 1486 vehe—

1989 1516 2549 1589 mentissimumque
2582 1519 2847 1575 libidinis
2898 1520 3094 1593 ignem
3136 1522 3197 1575 in
3230 1522 3359 1592 ipso
3402 1520 3637 1577 inﬂam-

1989 1612 2243 1662 mantes.

2062 1698 2167 1755 Ille
2198 1704 2395 1753 autem
2420 1716 2555 1754 cum
2588 1699 2848 1771 seipsum
2897 1702 3278 1755 vehementer
3302 1699 3417 1766 uri,
3451 1699 3636 1770 capti-

1990 1803 2243 1859 vumque
2275 1788 2347 1843 ad
2372 1795 2681 1860 peccatum
2698 1789 2849 1845 trahi
2876 1790 3452 1861 perspiceret,atque
3488 1788 3639 1859 cogi-

214 1854 472 1929 γισμοὺς
526 1856 690 1911 αὐτοῦ
744 1859 843 1927 τὴν
898 1861 1173 1930 σωτηρίαν
1228 1865 1329 1927 τῆς
1385 1858 1553 1938 κόρης
1612 1864 1701 1919 καὶ
1744 1864 1878 1937 πρὸς

1999 1877 2247 1932 taliones
2270 1895 2426 1939 suas.
2453 1879 2667 1950 puellm
2690 1879 2940 1933 salutem
2975 1880 3539 1948 conversionemque
3564 1875 3639 1931 ad

215 1947 365 2001 Θεὸν
423 1946 747 2024 ὲπιστρφὴν,
803 1949 878 2013 ὡς
934 1950 1212 2029 ἀγκίστρῳ
1272 1951 1487 2029 δέλεαρ,
1544 1960 1612 2029 τῇ
1662 1976 1884 2030 προκει-

219 2036 375 2110 μένῃ
404 2038 592 2109 πράξει
644 2041 1106 2113 περιτιθεμένους,
1137 2042 1227 2096 καὶ
1280 2042 1589 2118 ὀχλοῦντας
1639 2045 1785 2118 αὐτῷ
1815 2050 1883 2119 τῇ

222 2130 338 2181 τοῦ
372 2126 575 2202 ἐχθροῦ
619 2124 871 2204 ὑποϐολῇ
907 2133 983 2205 μή
1016 2132 1279 2209 ἁμαρτίαν
1313 2136 1538 2189 εἶναιτὸ
1587 2135 1673 2190 ἐπὶ
1705 2158 1884 2207 σωτη-

223 2217 329 2291 ρίᾳ
388 2221 574 2292 ψυχῆς
632 2220 767 2290 ἅπαξ
818 2222 1028 2296 γυναικὶ
1080 2226 1463 2299 συγγενέσθαι,
1522 2227 1770 2297 στενάξας
1830 2226 1883 2281 ἐν

222 2306 444 2381 ἀπορίᾳ
490 2311 675 2384 ψυχῆς
710 2309 896 2384 βύθιόν
953 2332 1006 2365 τι
1060 2311 1149 2366 καὶ
1202 2314 1450 2384 τετηκὸς,
1493 2314 1675 2369 ἑαυτὸν
1734 2314 1886 2378 εὐθὺς

222 2397 379 2471 πρὸς
434 2398 608 2471 εὐχὴν
663 2399 971 2469 συντείνει,
1045 2401 1133 2455 καὶ
1210 2402 1436 2477 ὀχετοὺς
1509 2402 1755 2479 δακρύων
1832 2403 1881 2476 ἐξ

226 2485 507 2562 ὀφαλμῶν
542 2484 789 2561 δαψιλῶς
829 2490 1106 2566 προχέων,
1142 2486 1273 2546 ἐϐόα
1314 2493 1449 2567 πρὸς
1506 2494 1595 2548 τὸν
1648 2491 1883 2567 δυνάμε-

224 2596 328 2629 νον
390 2574 578 2644 σώζεὶν
636 2574 765 2639 τοὺς
820 2576 905 2631 ἐπ’
960 2577 1106 2649 αὐτῷ
1153 2580 1499 2643 πεποιθόταςο
1560 2581 1681 2636 Ἐπὶ
1752 2582 1883 2651 σοὶ,

234 2664 451 2737 Κύριε,
507 2663 757 2733 ἤλπισα·
820 2666 894 2739 μὴ
953 2669 1405 2742 καταισχυνθείην
1467 2668 1541 2729 εἰς
1596 2670 1690 2722 τὸν
1748 2669 1885 2723 uid).

235 2773 306 2807 να
332 2756 462 2827 (33),
498 2752 640 2828 μηδὲ
660 2755 1173 2830 καταγελασάτωσάν
1210 2777 1276 2830 με
1308 2758 1359 2811 οἱ
1391 2756 1583 2832 ἐχθροί
1616 2778 1720 2830 μου
1752 2760 1884 2829 (34),

230 2843 331 2897 τὸν
373 2849 472 2912 τῆς
522 2850 620 2913 σῆς
653 2843 918 2918 ἐχόμενον
978 2842 1174 2915 δεξῖἆς·
1234 2842 1379 2901 ἀλλὰ
1432 2844 1739 2918 παράστηθί
1792 2866 1885 2917 μοι

230 2930 291 2986 ἕν
322 2935 394 3005 τῇ
421 2932 538 3005 ὥρᾳ
564 2932 755 3007 ταύτῃ,
787 2935 874 2989 καὶ
924 2934 1061 2989 κατὰ
1111 2934 1175 2989 τὸ
1232 2934 1321 2988 σὸν
1352 2936 1504 2992 281)
1557 2934 1775 3007 θέλημα
1800 2930 1888 2988 εὕ-

234 3021 400 3076 θυνον
425 3022 521 3083 τὰς
553 3019 712 3084 ὁδούς
756 3043 861 3095 μου
905 3026 1040 3097 (35),
1072 3022 1161 3076 ’ἱνα
1192 3020 1423 3098 δοξασθῇ
1471 3024 1532 3079 τὸ
1578 3023 1752 3097 ὄνομά
1792 3044 1887 3077 σου

232 3111 299 3165 τὸ
332 3105 547 3183 ἔνδοξον
577 3110 669 3166 καὶ
709 3106 941 3187 φοϐερὸν
997 3111 1079 3166 ἐπ’
1137 3112 1261 3185 ἐμοὶ
1315 3116 1395 3184 τῷ
1425 3112 1605 3188 οἰκέτῃ
1652 3134 1769 3183 σου,
1803 3115 1885 3168 ὅτι

230 3198 544 3277 εὐλογητὸς
575 3200 622 3255 εί
651 3200 725 3263 είς
758 3200 883 3262 τοὺς
918 3201 1134 3262 αἰῶνας.
1170 3204 1374 3275 Ἀμήν.

310 3258 433 3366 Ἐφ’
466 3291 649 3352 ἱκανὰς
698 3289 755 3345 δί
786 3290 929 3366 ὥρας
991 3290 1125 3363 μετὰ
1182 3258 1425 3366 δακρύων
1484 3291 1769 3366 εὐξάμενος
1796 3294 1885 3347 καὶ
1918 3258 1961 3325 C

232 3377 431 3434 πολλὰ
486 3379 910 3453 γονυκλιτήσας,
964 3380 1199 3449 καθῆκεν
1259 3380 1441 3435 ἑαυτὸν
1487 3380 1574 3436 ἐπὶ
1630 3387 1727 3437 τοῦ
1759 3380 1889 3438 ἐδά-

233 3490 395 3547 φους.
453 3468 558 3523 Καὶ
617 3469 868 3531 ὑπνώσας
926 3469 1141 3543 μικρὸν,
1186 3469 1287 3543 ὁρᾷ
1342 3469 1529 3526 ἑαυτὸν
1567 3471 1670 3526 ὑπό
1725 3494 1887 3527 τινων

234 3559 490 3641 φοϐερῶν
550 3564 895 3641 ἁρπαγέντα,
945 3558 1033 3619 καὶ
1081 3566 1281 3625 τόπους
1330 3564 1421 3629 οὕς
1471 3562 1730 3621 οὐδέποτε
1786 3567 1889 3621 ἑω-

238 3656 393 3730 ράκει
455 3652 755 3725 διελθόντα,
786 3654 876 3708 καὶ
933 3649 985 3709 ἔν
1045 3677 1150 3710 τινι
1182 3654 1474 3731 γενόμενον
1538 3655 1764 3730 μεγίστῃ
1794 3676 1893 3710 πε-

242 3741 393 3797 διάδι
424 3743 653 3818 ὡραιοις
680 3742 861 3808 ἄνθεσι
914 3744 1003 3798 καὶ
1035 3743 1157 3800 λίαν
1200 3743 1423 3800 εὐώδεσι
1471 3746 1721 3819 κομώσῃ,
1770 3742 1891 3808 ἔνθα

240 3833 387 3910 φυτὰ
448 3832 543 3905 μὶν
599 3832 744 3907 ἑώρα
817 3831 1133 3888 παντοδαπὰ
1186 3834 1275 3888 xui
1333 3834 1604 3906 ποικίλα,
1660 3838 1892 3910 καρποῖς

241 3923 419 3994 ξένοις
463 3923 574 3976 τισὶ
629 3923 717 3976 xui
780 3921 1100 3995 θαυμασίοις
1166 3924 1443 3998 βρίθοντα,
1478 3921 1607 3978 ἰδεῖν
1654 3944 1713 3978 τε
1762 3921 1891 3993 ἡδί-

241 4031 396 4073 στοις
436 4010 527 4065 xui
584 4013 818 4085 ἅψασθαι
864 4017 1161 4076 ποθεινοῖς.
1206 4014 1289 4069 Τά
1316 4034 1373 4068 τε
1416 4012 1599 4091 φύλλα
1635 4017 1743 4068 τῶν
1777 4011 1891 4068 δέν-

240 4100 390 4172 δρων
421 4100 648 4175 λιγυρὸν
682 4101 886 4178 ὑπήχει
920 4106 1027 4173 (36)
1085 4098 1222 4175 αὔρᾳ
1275 4104 1381 4157 τινὶ
1440 4102 1767 4177 λεπτοτάτῃ,
1798 4102 1887 4157 xui

239 4191 537 4265 ἀκόρεστον
569 4190 658 4244 xui
717 4192 1079 4266 χαριεστάτην
1136 4189 1485 4265 ἐκπέμποντα
1540 4189 1771 4247 εὖωδίαν
1803 4213 1887 4247 κι-

236 4280 503 4353 νούμενα,
550 4280 745 4355 Θρόνοι
800 4300 858 4335 τε
907 4281 1169 4335 ἀνέκειντο
1227 4281 1286 4335 ἐκ
1340 4282 1720 4357 καθαρωτάτου
1754 4300 1888 4357 χρυ-

242 4370 367 4424 σίου
419 4368 509 4423 καὶ
569 4368 736 4431 λίθων
793 4368 990 4442 τιμίων
1050 4371 1571 4445 κατεσκευασμένοι,
1634 4373 1889 4445 λαμπράν

241 4462 365 4515 οἳαν
426 4457 626 4533 αῗγλῆν
682 4457 946 4535 ἀφιέντες,
995 4460 1082 4514 καὶ
1141 4458 1323 4515 κλῖναι
1385 4459 1435 4515 ἐν
1497 4460 1747 4531 ἐξάλλοις
1778 4462 1887 4517 τισὶ

238 4553 560 4623 στρωμναῖς
602 4547 689 4602 καὶ
721 4552 800 4620 τῷ
827 4547 1023 4604 κάλλει
1050 4550 1149 4617 τήν
1183 4546 1436 4623 διήγησιν
1468 4551 1727 4612 νικώσαις
1757 4571 1888 4605 κατ-

1992 1968 2175 2022 Deum
2199 1968 2309 2038 ipsi
2335 1974 2751 2039 proponentes,
2780 1968 3068 2039 ﬂagitium
3090 1974 3376 2039 tanquam
3397 1967 3641 2022 hamum

1992 2056 2310 2126 quemdam
2326 2073 2458 2111 csca
2476 2058 2761 2123 ocultare,
2776 2058 3081 2127 hostisque
3096 2058 3382 2112 instinctu
3404 2056 3518 2111 sibi
3540 2072 3643 2111 ne-

1990 2162 2059 2217 go
2068 2147 2213 2200 tium
2229 2146 2795 2217 facessere,perinde
2810 2145 3086 2201 videlicet
3101 2162 3168 2201 ac
3182 2146 3375 2201 scelus
3388 2145 3638 2201 minime

1992 2241 2148 2290 esset
2160 2236 2460 2291 servanda:
2474 2236 2690 2290 animm
2705 2251 2881 2291 causa
2896 2251 3031 2290 cum
3048 2234 3299 2290 muliere
3313 2234 3495 2289 semel
3512 2250 3639 2289 rem

1990 2324 2208 2379 habere
2228 2325 2287 2379 in
2306 2324 2648 2395 hujusmodi
2664 2324 2847 2379 animi
2864 2324 3159 2379 anxietate
3177 2322 3529 2393 consiliique
3544 2338 3641 2393 pe-

1991 2415 2162 2469 nuria
2186 2415 2303 2469 alto
2326 2420 2564 2485 pectore
2589 2414 3008 2486 ingemiscens,
3034 2414 3297 2485 seipsum
3337 2413 3535 2467 statim
3566 2411 3643 2466 ad

1991 2505 2322 2559 orationem
2356 2504 2603 2571 confert,
2630 2510 2806 2575 atque
2830 2504 3044 2559 uberes
3072 2504 3468 2575 lacrymarum
3485 2503 3639 2557 rivos

1992 2610 2061 2647 ex
2091 2594 2281 2647 oculis
2302 2594 2688 2665 profundens,
2709 2593 2783 2647 ad
2806 2610 2940 2647 eum
2965 2594 3063 2663 qui
3084 2594 3336 2647 salutem
3360 2592 3432 2646 iis
3456 2593 3555 2662 qui
3580 2592 3643 2645 in

1992 2682 2120 2751 ipso
2137 2682 2445 2736 conﬁdunt
2458 2683 2669 2735 afferre
2683 2687 2877 2752 potest
2891 2682 3213 2736 clamabat:
3232 2682 3293 2735 In
3311 2681 3644 2747 te,Domine

1994 2770 2242 2839 speravi,
2262 2786 2383 2822 non
2406 2769 2735 2823 confundar
2760 2770 2818 2821 in
2842 2768 3303 2836 mternum{Psal.
3338 2768 3475 2836 xxx)
3500 2784 3514 2832 ;
3540 2784 3647 2820 ne-

1996 2872 2109 2925 que
2124 2856 2517 2911 irrideantme
2536 2857 2761 2911 inimici
2782 2857 2895 2909 mei
2919 2856 3136 2910 dextras
3154 2860 3269 2910 tua)
3283 2856 3644 2923 haerentem;

1994 2961 2196 2999 verum
2210 2945 2317 3000 hac
2332 2946 2475 2999 hora
2487 2962 2593 3015 pro
2609 2950 2708 2999 tua
2720 2944 3018 2999 voluntate
3034 2944 3180 2999 mihi
3194 2944 3469 3011 asta,vias
3483 2958 3645 2997 meas

1996 3034 2276 3107 dirigens,
2305 3040 2369 3088 ut
2390 3040 2661 3088 sanctum
2702 3040 2867 3087 tuum
2892 3038 2949 3087 et
2970 3033 3294 3105 gloriosum
3330 3050 3396 3087 ac
3435 3032 3645 3086 formi-

1994 3124 2257 3179 dandum
2282 3140 2500 3178 nomen
2524 3124 2586 3178 in
2613 3140 2707 3177 me
2738 3123 2960 3178 famulo
2996 3129 3094 3178 tuo
3126 3122 3479 3190 illustretur,
3505 3136 3647 3192 quo-

1999 3216 2159 3270 niam
2183 3212 2533 3268 benedictus
2554 3230 2617 3267 es
2654 3213 2715 3268 in
2754 3213 2988 3269 saacula.
3024 3215 3235 3267 Amen.
3270 3212 3439 3284 (Psal.
3473 3211 3646 3282 XXIV).

2072 3306 2213 3359 Cum
2229 3308 2425 3359 autem
2440 3302 2785 3373 perfaliquot
2805 3302 2980 3357 horas
2999 3319 3132 3357 cum
3152 3300 3429 3373 lacrymis
3442 3317 3647 3372 preces

1999 3394 2272 3460 fudisset,
2296 3408 2604 3465 genuaque
2624 3408 2890 3463 persmpe
2924 3392 3206 3456 ﬂexisset,
3229 3391 3291 3444 in
3332 3397 3549 3445 terram
3584 3406 3645 3445 se

2000 3482 2300 3555 prostavit,
2317 3482 2681 3553 paulumque
2714 3480 3438 3552 obdormiscensseipsum
3462 3497 3495 3534 a
3513 3480 3645 3550 qui-

2000 3572 2251 3627 busdam
2273 3571 2591 3627 horrendis
2621 3570 2759 3625 viris
2780 3570 2962 3642 arripi
2993 3569 3169 3636 videt,
3188 3570 3648 3641 regionibusque

2002 3660 2378 3731 quibusdam,
2413 3677 2559 3731 quas
2586 3676 2895 3731 nunquam
2926 3659 3172 3725 viderat,
3204 3660 3551 3729 peragratis,
3586 3660 3649 3714 in

2000 3750 2436 3822 amplissimum
2460 3766 2734 3821 campum
2750 3748 3269 3821 perducipulchris
3284 3748 3528 3804 ﬂoribus
3552 3755 3648 3804 at-

2001 3857 2113 3912 que
2132 3840 2353 3912 ingenti
2374 3841 2656 3895 suavitate
2678 3839 3119 3911 przeditum,ubi
3136 3843 3193 3894 et
3206 3838 3441 3910 plantas
3456 3839 3651 3893 omnis

1998 3929 2233 4001 generis
2246 3928 2836 3984 cernebatinusitatis
2851 3928 3268 3999 quibusdamet
3283 3924 3649 3982 admirandis

1997 4017 2445 4082 fructibus,tum
2460 4018 2584 4071 visu
2597 4016 3053 4087 jucundissimis
3072 4022 3195 4071 tum
3211 4018 3493 4087 perceptu
3512 4030 3645 4068 sua-

1997 4106 2254 4161 vissimis
2268 4105 2990 4161 redundantes.Arborum
3005 4122 3178 4176 porro
3192 4104 3333 4158 folia
3347 4120 3417 4157 ex
3429 4102 3646 4157 tenuis-

1999 4196 2150 4250 sima
2167 4194 2424 4266 quadam
2452 4211 2595 4249 aura
2614 4194 2848 4249 dulcem
2873 4210 3083 4248 sonum
3116 4192 3390 4261 edebant,
3415 4208 3483 4246 ac
3505 4190 3648 4245 dum

1995 4278 3649 4355 impellerentur,inexplebilemodorisfragrantiamemi-

2000 4373 2221 4428 tebant.
2239 4373 2389 4437 Quin
2409 4373 2587 4427 etiam
2610 4371 2779 4426 sedes
2803 4371 2925 4426 illic
2942 4371 3067 4426 sitaa
3083 4375 3270 4438 erant,
3304 4386 3447 4425 auro
3470 4373 3647 4439 atque

1997 4463 2256 4535 ingentis
2279 4462 2449 4533 pretii
2476 4460 2773 4531 lapidibus
2796 4466 3056 4527 struetaa,
3096 4460 3465 4515 luculentum
3502 4474 3646 4513 sane

2000 4550 2385 4621 splendorem
2400 4550 2745 4618 afferentes;
2774 4549 3029 4621 lectique
3045 4549 3187 4605 item
3202 4548 3466 4603 illustres
3481 4546 3648 4603 miris

240 4636 636 4713 ηγλαῖσμέναι,
694 4636 894 4692 ’Ύδατά
951 4658 1009 4693 τε
1065 4638 1319 4714 παρέρρει
1379 4637 1575 4714 διαυγῆ
1635 4637 1756 4694 λίαν
1801 4640 1887 4694 καὶ

2003 4640 2359 4710 quibusdam
2378 4640 2859 4712 stragulis.atque
2874 4639 3165 4713 elegantia
3182 4655 3419 4695 omnem
3438 4637 3652 4693 oratio-

242 4727 410 4791 αὑτάς
468 4725 821 4804 εὐφραίνοντα
874 4726 971 4789 τὰς
1028 4727 1404 4801 ὁράσεις.Τὴν
1465 4725 1523 4783 δὲ
1580 4730 1890 4802 θαυμαστὴν

224 4817 447 4887 -ταύτην
478 4817 569 4870 καὶ
623 4813 869 4889 μεγάλην
918 4813 1147 4871 πεδιάδα
1196 4816 1248 4871 οἱ
1278 4812 1503 4894 φοϐεροὶ
1561 4816 1754 4873 ἐκεῖνοι
1812 4816 1896 4873 δι-

242 4907 538 4983 αγαγόντες
594 4906 754 4959 αὐτὸν
814 4904 889 4967 εἵς
941 4903 1105 4960 πόλιν
1158 4905 1449 4981 εἰσήγαγον
1512 4907 1734 4984 ἀρῥητῳ
1786 4908 1893 4964 τινὶ

243 4993 597 5069 λαμπρότητι
647 4989 1109 5063 ἀποστίλϐουσαν,
1142 4994 1202 5050 ἐκ
1249 4996 1482 5071 χρυσίου
1511 4998 1605 5069 μὲν
1641 4995 1892 5074 διαυγοῦς

240 5086 305 5139 τὰ
331 5085 523 5159 τείχη,
586 5083 753 5139 λίθων
813 5080 869 5138 δὲ
924 5086 997 5137 ὧν
1046 5082 1221 5147 οὐδεὶς
1275 5086 1499 5141 πώποτε
1540 5085 1744 5161 έώραγε
1799 5088 1892 5149 τὰς

242 5174 496 5245 ἒπάλξεις
555 5168 786 5247 ἔχουσαν
857 5173 1296 5249 ἀνεγηγερμένας
1363 5178 1475 5249 (37)
1511 5220 1524 5233 .

334 5330 427 5396 33)
455 5326 611 5383 Psal.
644 5343 777 5393 xxx,
812 5330 860 5383 l.
895 5327 977 5383 Cf.
1011 5344 1160 5396 xxxv,
1194 5332 1281 5383 20.

333 5399 427 5466 34)
462 5399 615 5455 Psal.
651 5414 803 5466 xxnv,
836 5402 887 5454 2.

1584 5177 1649 5230 Ὤ
1690 5177 1769 5239 τίς
1831 5176 1888 5232 ἂν

2004 4730 2098 4784 nis
2110 4729 2450 4785 facultatem
2465 4735 2780 4801 superante
2794 4730 3078 4785 coornati.
3094 4728 3182 4783 Ad
3194 4745 3362 4799 aqum
3388 4726 3653 4799 proﬂue-

2004 4819 2443 4892 bantperquam
2457 4819 3242 4891 limpidaa,oculosqueipsos
3260 4816 3648 4874 obiectantes.

2003 4912 2148 4965 Tum
2173 4915 2370 4964 autem
2390 4927 2495 4981 per
2516 4910 2812 4981 ingentem
2847 4914 3023 4979 atque
3044 4907 3458 4963 admirandum
3490 4906 3647 4961 hunc

2004 5016 2278 5070 campum
2300 4999 2580 5054 horrendi
2608 4999 2818 5053 illiviri
2843 5015 2978 5053 eum
3000 4998 3059 5051 in
3090 4997 3297 5053 urbem
3328 4995 3648 5067 quamdam

2003 5091 2480 5160 introduxerunt,
2514 5089 2899 5145 inenarrabili
2935 5089 3249 5160 splendore
3280 5088 3649 5155 rutilantem,

2004 5200 2073 5237 ex
2092 5181 2389 5253 pellucido
2404 5180 2645 5251 quidem
2660 5197 2802 5235 auro
2818 5195 3119 5247 muros,ex
3136 5177 3433 5249 lapidibus
3449 5182 3647 5233 autem

311 5468 426 5546 (35)
458 5470 614 5546 Psal.
644 5486 694 5537 v,
835 5468 1163 5546 liutedﬁuvov
1199 5468 1429 5546 ἐνώπιόν
1463 5492 1557 5526 σου
1586 5472 1685 5541 τὴν
1720 5469 1842 5528 ὁδόν
1874 5494 1998 5546 μου.

315 5542 430 5616 (36)
462 5546 525 5619 C,_
557 5542 1341 5619 λιγυρῶςτὺπηᾼνὶειω-ῐιοῐιιε
1370 5545 1413 5611 Ι,
1466 5547 1647 5619 Epist.
1682 5550 1733 5614 3,
1774 5565 1831 5619 p.
1875 5542 1947 5602 ’17
1979 5564 1993 5605 :

243 5621 352 5671 τῶν
379 5616 855 5693 τεττίγων-χορῷ
889 5616 992 5693 ubi
1021 5616 1241 5693 similia
1270 5616 1420 5681 loca,
1454 5616 1586 5693 qum
1610 5618 1669 5672 in
1702 5616 1887 5693 notas

1999 5626 2009 5676 ι
2034 5616 2323 5693 apposita,
2358 5616 2581 5693 Αιγῦρὺν
2608 5616 2864 5676 ﬁrmant.

678 5631 855 5740 §Opqr
880 5631 992 5744 801.
1021 5631 1242 5742 διῐέιιιιὲ
1271 5631 1420 5681 loca,
1454 5634 1591 5730 qua:
1610 5635 1669 5672 ll]
1702 5631 1887 5743 notaés

678 5687 1887 5817 ν.εἶὲἶ·αιιόειῖὲιιέἐαἷὲγίίεέἕξῗῖἔὲαὲεἰπαέ

1999 5631 2009 5676 ι
2034 5631 2323 5692 apposna,
2358 5631 2581 5693 Αιγυρυν
2608 5631 2864 5676 tirmant.

2005 5711 2081 5745 εσι
2114 5691 2240 5747 vide
2291 5698 2463 5748 notas
2493 5693 2565 5747 ad
2598 5694 2859 5749 Nicetam
2914 5696 2997 5749 Eu
3039 5712 3137 5751 en.

1999 5781 2024 5817 s
2053 5764 2383 5817 reperietur
2410 5763 2473 5817 in
2495 5764 2817 5817 Beiskiana
2845 5710 3112 5817 tomﬁv-

320 5690 433 5759 (37)
466 5686 676 5755 manu

252 5761 386 5817 Her.
420 5776 550 5834 pag.
582 5762 705 5815 569.
738 5759 825 5815 Ibi
854 5776 971 5833 quo
1000 5759 1400 5824 usussum'Li

2052 5548 2127 5603 Τὸ
2159 5542 2396 5633 ἔμπνουν
2427 5553 2536 5633 τῇς
2559 5541 2724 5633 αὔρας
2754 5547 2982 5623 λιγυρὸν
3033 5547 3242 5625 ὑπηχεῖ
3294 5550 3372 5621 τῷ
3406 5546 3649 5621 μουσικῷ

3182 5712 3239 5766 p.
3273 5696 3362 5761 22,
3393 5692 3483 5766 ad_
3496 5688 3650 5766 Phil.

1446 5761 1566 5818 anii
1597 5761 1763 5819 locus
1786 5761 2024 5820 facilius
2053 5764 2383 5837 reperietur
2410 5763 2473 5821 in
2495 5764 2817 5824 Reiskiana
2845 5761 3113 5839 tom.lV,
3145 5761 3275 5840 pag.
3309 5767 3434 5833 777,
3462 5764 3551 5819 32.
