4010 6206
425 366 575 427 1151-
1946 359 2109 417 ADD]

2212 359 2311 413 DA.
3632 362 3745 423 εὶΒὲ

422 490 664 549 nemine
702 501 965 559 unquam
1001 484 1139 541 visis
1174 483 1389 557 pinnas
1412 500 1479 540 ac
1500 485 1946 556 propugnacula
1971 499 2064 538 ex-
2094 508 2109 550 Α

2212 477 2388 550 κείνης
2420 484 2564 536 εἴποι
2619 483 2684 538 τὸ
2739 480 2949 546 κάλλος
2999 488 3101 553 τῆς
3160 480 3371 546 πόλιως
3420 483 3549 542 181
3577 483 3651 539 καὶ
3671 488 3745 556 τὴν

424 585 649 637 structa
664 576 1080 633 habentem.Et
1098 574 1229 645 quis
1243 573 1483 629 tandem
1503 577 1593 627 est
1609 573 1708 643 qui
1726 572 1891 628 urbis
1910 572 2075 627 illius

2212 568 2569 645 ›αιδρότητα;
2604 578 2733 636 Φῶς
2767 570 2971 638 ἄνωθεν
3003 574 3178 628 πυκνᾶ
3222 578 3338 629 ταῖς
3390 572 3545 630 ἀκτῖσι
3586 572 3747 645 διᾷττον

422 666 932 743 pulchritudinem
964 682 1031 719 ac
1067 663 1446 734 splendorem
1485 679 1759 718 sermone
1790 660 2077 732 consequi

2212 660 2359 722 πάσας
2414 660 2581 732 αὐτῆς
2629 662 2725 725 τὰς
2785 661 3051 725 πλατείας
3104 660 3365 738 ἐπλήρου·
3395 662 3473 716 καὶ
3522 661 3753 740 ὑπόπτεροί

422 757 651 831 possit?
674 758 793 811 Lux
814 772 987 826 porro
1013 770 1268 825 superne
1290 752 1473 807 radiis
1496 751 1823 807 identidem
1848 752 2079 806 micans

2212 768 2331 811 τινες
2370 751 2640 825 στρατιαὶ,
2700 751 2839 826 αὐτῇ
2898 750 3096 823 ἑκάστη
3154 756 3268 829 φῶς
3328 750 3489 820 οὖσαῖ,
3534 751 3672 825 ταύτῃ
3692 752 3760 808 ἒπ-

426 864 632 902 omnes
654 845 841 917 ipsius
856 845 1013 899 vicos
1035 842 1523 914 implebat,atque
1545 842 1685 897 alati
1709 841 1953 913 quidam
1979 856 2078 894 ex-

2212 836 2453 913 ηδήμουν,
2490 842 2656 916 μὲλος
2686 841 2912 914 ᾄδουσαι
2944 845 3083 916 ἀκοῇ
3120 841 3337 918 βροτείᾳ
3373 839 3617 915 μηδὲποτε
3641 843 3760 898 b.00-

424 935 842 993 ercituslucidi
883 951 1091 989 omnes
1114 933 1175 988 in
1221 950 1291 988 ea
1325 932 1732 1000 morabantur,
1781 928 2079 1003 ejusmodi

2212 930 2334 991 rOév.
2370 930 2470 986 Καὶ
2528 938 2717 1009 φωνῆς
2766 930 2971 1002 ἤκουσε
3030 931 3315 1007 λεγεύσηςο
3356 929 3493 1001 Αὕτη
3522 934 3553 1001 ἡ
3581 931 3765 987 ἀνάπαυ-

422 1032 663 1083 cantum
688 1025 952 1088 edentes,
978 1040 1153 1094 quem
1176 1039 1484 1093 nunquam
1506 1022 1775 1077 mortalis
1793 1020 1954 1075 auris
1976 1036 2079 1075 au-

2212 1038 2274 1079 nc
2301 1022 2410 1073 τῶν
2464 1017 2708 1076 δικαίων
2772 1019 2907 1092 αῧιη
2958 1023 2994 1091 ἡ
3044 1020 3344 1098 εὐφροσύνη
3386 1024 3487 1074 τῶν
3539 1018 3765 1093 εὐαρεστη-

426 1113 810 1171 divit.Vocem
820 1129 933 1184 que
947 1111 1242 1167 dicentem
1256 1112 1463 1167 audiit:
1486 1113 1619 1167 Hazc
1633 1127 1836 1166 eorum
1850 1108 2084 1181 quijus-

2212 1107 2398 1161 τάντων
2447 1113 2526 1180 τῷ
2572 1108 2778 1186 Κυρίῳ.
2834 1111 3067 1174 Ἐκεῖθεν
3104 1106 3196 1164 οὖν
3254 1106 3578 1185 ἐξαγαγόντες
3606 1108 3649 1164 οἱ
3676 1130 3768 1186 φρι-

425 1205 618 1259 titiam
640 1202 934 1257 coluerint
957 1206 1045 1255 est
1066 1201 1440 1271 requies,hoc
1466 1216 1671 1255 eorum
1692 1199 1793 1271 qui
1821 1196 2081 1253 Domino

2212 1193 2520 1254 ιωδὲστατοι
2552 1197 2741 1275 ἄνδρες
2797 1199 3021 1270 ἐκεῖνοι,
3055 1199 3132 1262 εἷς
3162 1198 3410 1255 τούπίσω
3456 1197 3583 1273 ἄγειν
3607 1196 3769 1273 ἔλεγον.

426 1311 547 1350 sum
570 1294 700 1347 vitae
728 1291 991 1347 rationes
1014 1289 1324 1361 probarint
1353 1288 1881 1344 oblectamentum.
1917 1287 2083 1340 Hunc

2212 1286 2255 1341 Ο
2287 1282 2365 1354 δὲ,
2422 1293 2525 1357 τῆς
2578 1287 2916 1363 τερπότητος
2975 1286 3184 1359 ἐκείνης
3242 1288 3333 1343 καὶ
3385 1283 3631 1360 θυμηδίας
3676 1285 3775 1348 ὅλος

2146 1454 2149 1459 Ι
2193 1373 2511 1449 γενόμενος,
2544 1379 2637 1448 Μή
2699 1379 2998 1453 στερήσητι
3037 1399 3127 1452 με,
3185 1377 3362 1453 ἔλεγε,
3420 1377 3493 1450 μῆ
3523 1377 3776 1449 στερήσητε.

2195 1460 2457 1535 δυσωπῶ,
2487 1469 2586 1536 τῆς
2633 1465 2873 1544 ὰρῥήτου
2927 1471 3102 1543 χαρᾶς
3155 1466 3379 1537 ταύτης·
3434 1464 3568 1521 ἀλλᾶ
3595 1462 3779 1520 86nd-

2198 1552 2293 1625 μοὶ
2326 1552 2377 1607 ἐν
2414 1558 2512 1627 μιᾷ
2540 1562 2642 1625 τῆς
2692 1557 2958 1633 μεγίστης
3013 1555 3218 1626 ταύτης
3265 1553 3477 1616 πόλεως
3505 1552 3653 1630 γωνίᾳ
3678 1550 3781 1607 διαι-

429 1388 625 1437 autem
648 1398 716 1435 ex
732 1380 834 1434 illo
859 1379 989 1434 loco
1009 1379 1290 1433 eductum
1309 1378 1604 1433 terribiles
1626 1377 1715 1431 illi
1732 1376 1840 1430 viri
1864 1380 2082 1430 retror-

427 1488 558 1525 sum
587 1469 802 1523 ducere
832 1467 982 1523 velle
1015 1466 1393 1522 dicebant.At
1424 1468 1550 1538 ipse
1569 1465 1949 1538 jucunditate
1981 1462 2086 1518 illa

428 1560 753 1629 laetitiaque
776 1557 960 1615 animi
1004 1557 1246 1611 omnino
1300 1562 1538 1627 raptus:
1573 1557 1653 1610 Ne
1698 1571 1815 1621 me,
1856 1570 2084 1624 quaeso,

428 1647 760 1719 inquiebat,
782 1662 856 1700 ne
875 1662 992 1714 me,
1014 1646 1280 1716 inquam,
1302 1647 1414 1700 hac
1454 1644 1681 1713 laetitia,
1725 1660 1855 1715 quin
1899 1642 2087 1698 nullis

2212 1643 2406 1705 εᾶσθαι.
2465 1644 2533 1701 Οἱ
2589 1641 2669 1718 δὶ,
2729 1642 3025 1702 Ἀδύνατόν
3070 1644 3181 1700 ἐστι
3224 1649 3344 1714 νῦν,
3372 1639 3570 1719 ἔλεγον,
3599 1640 3706 1697 εἶναί
3740 1661 3779 1695 σε

430 1736 628 1792 verbis
651 1735 899 1807 exprimi
917 1739 1129 1806 potest,
1146 1736 1403 1806 private;
1426 1750 1627 1789 verum
1649 1734 1760 1789 hoc
1782 1732 1929 1787 mihi
1953 1748 2090 1786 con-

2212 1728 2427 1795 ίνταῦθα
2458 1735 2588 1805 (38).
2623 1731 2800 1790 ’Λλλᾶ
2846 1735 3005 1808 κόπῳ
3063 1733 3263 1805 πολλῷ
3292 1734 3381 1790 καὶ
3407 1731 3586 1808 ἱδρῶτι
3635 1730 3781 1805 ἐλεόσῃ

435 1826 729 1893 cedite,ut
752 1825 813 1879 in
847 1842 965 1879 uno
998 1824 1386 1895 amplissima:
1417 1824 1669 1896 hujusce
1699 1822 1951 1878 civitatis
1984 1836 2092 1876 an—

2212 1816 2324 1887 Βδε,
2360 1819 2510 1897 εἴπερ
2545 1822 2731 1879 ἑαυτὸν
2770 1824 2953 1898 βιάσῃ.

436 1916 572 1985 gulo
605 1914 833 1986 degam.
868 1914 958 1967 llli
989 1919 1187 1969 autem
1214 1913 1288 1969 ad
1322 1914 1479 1968 hunc
1500 1912 1742 1968 modum
1773 1909 2250 1984 respondebant:
2276 1911 2429 1967 Fieri
2454 1930 2613 1970 nunc
2636 1915 2885 1972 minime
2914 1920 3111 1987 potest
3135 1918 3206 1971 ut
3232 1915 3332 1970 hic
3362 1913 3442 1971 sis
3469 1932 3481 1969 :
3514 1913 3616 1968 hoc
3639 1916 3788 1967 autem

444 2004 648 2060 multis
678 2002 980 2059 laboribus
1011 2019 1079 2057 ac
1110 2001 1425 2057 sudoribus
1452 2002 1695 2057 tandem
1724 1999 2133 2072 consequeris,
2160 1998 2208 2053 si
2240 2000 2482 2071 quidem
2502 2004 2608 2058 tibi
2639 2004 2751 2076 ipsi
2783 2005 2901 2060 vim
2931 2004 3229 2059 intuleris.

516 2097 633 2149 Hoc
648 2109 921 2149 sermone
944 2092 1241 2162 habito,ac
1254 2092 1514 2147 maximo
1531 2091 1634 2147 illo
1656 2107 1863 2162 campo
1886 2104 2093 2145 rursus

2273 2090 2458 2145 Ταῦτα
2513 2093 2688 2147 εἷπον·
2747 2091 2837 2148 καὶ
2871 2136 2887 2163 ,
2943 2094 3040 2162 τήν
3102 2091 3362 2167 μεγίστην
3418 2088 3563 2153 αὖθις
3613 2084 3785 2144 πεδιάδι

438 2186 911 2254 peragrato,cum
926 2182 987 2236 in
1005 2180 1320 2235 tenebrosa
1332 2180 1481 2247 loca,
1498 2180 1810 2251 omnisque
1825 2177 2095 2234 maaroris

2212 2174 2513 2243 διελθόντες
2546 2226 2563 2253 ,
2623 2181 2699 2246 εἰς
2748 2182 2956 2245 τόπους
3012 2181 3327 2257 ἀπήνεγκαν
3389 2177 3669 2241 σκοτιινοῦς
3720 2174 3785 2231 καὶ

438 2270 638 2342 plena,
672 2274 849 2341 atque
881 2286 1019 2325 cum
1052 2287 1119 2325 eo
1144 2269 1482 2341 splendore,
1516 2285 1695 2341 quem
1726 2268 1891 2339 prius
1920 2283 2094 2323 cons-

2212 2268 2383 2342 πάσης
2434 2269 2631 2343 ἀηδίας
2687 2271 3177 2348 πεπληρωμένους,
3214 2270 3511 2348 ίσόῤῥοπυν
3566 2271 3653 2337 τῆς
3694 2266 3787 2342 ὁρα-

438 2362 703 2431 pexerat,
734 2375 803 2413 ac
832 2359 1040 2413 laetitia
1058 2358 1163 2413 illa
1187 2375 1217 2413 e
1242 2357 1531 2413 diametro
1556 2356 2096 2430 pugnantia,duxe-

2212 2361 2391 2431 Βείσης
2417 2360 2785 2438 φαιδρότητος
2819 2362 2883 2418 τὸ
2923 2363 3171 2437 λυπηρὸν
3219 2361 3603 2434 κεκτημένους.
3633 2356 3787 2415 Σκότος

440 2453 600 2503 runt.
627 2447 859 2503 Etenim
888 2446 1139 2503 obscura
1177 2464 1423 2519 prorsus
1450 2465 1518 2503 ac
1549 2447 1866 2502 tenebrosa
1903 2446 2091 2517 caligo

2212 2449 2309 2525 γὰρ
2341 2453 2407 2520 ἦν
2454 2452 2686 2530 ἀφεγγὲς
2740 2453 2830 2507 καὶ
2884 2453 3109 2530 ζοφερὸν
3165 2449 3473 2511 παντιλῶς⁶
3529 2440 3791 2519 θλίψεωςᾶ

445 2543 590 2606 erat,
622 2543 799 2608 atque
840 2538 1165 2593 afﬂictione
1198 2555 1263 2594 ac
1297 2538 1557 2593 tumultu
1607 2544 1766 2593 totus
1798 2537 1899 2592 ille
1930 2536 2097 2591 locus

2212 2539 2296 2593 καὶ
2346 2548 2597 2617 ταραχῆς
2652 2542 2715 2596 τὸ
2771 2548 2873 2596 πᾶν
2934 2539 3305 2616 ἐπεπλήρωτο
3337 2583 3353 2598 .
3412 2541 3569 2603 Ἔνθα
3612 2537 3790 2607 κάμινος

444 2628 837 2686 redundabat.
854 2629 981 2684 Illic
994 2628 1365 2702 ignisfornax
1378 2626 2101 2698 accendebatur,etcarni-

2212 2626 2402 2701 ἐξῆπτε
2459 2633 2572 2704 (39)
2628 2631 2798 2707 πυρὸς
2886 2629 3300 2709 ἀναφλεγομὲνη
3337 2648 3352 2663 ·
3411 2627 3501 2684 καὶ
3551 2623 3789 2693 σκωλήκων

447 2720 649 2775 ﬂcium
663 2718 947 2774 vermium
964 2736 1148 2791 genus
1161 2718 1453 2791 serpebat,
1474 2720 1835 2791 ultricesque
1854 2718 2099 2772 virtutes

2212 2719 2357 2791 γένος
2390 2720 2455 2789 ἦν
2487 2718 2815 2776 κολαστιλὸν
2846 2718 3011 2797 ’ἐρ-πον
3058 2721 3252 2778 ἐκεῖσε.
3310 2723 3566 2791 Δυνάμεις
3594 2713 3643 2769 δὲ
3663 2734 3792 2785 τιμω·

444 2809 670 2865 fornaci
702 2808 1119 2864 imminebant.
1162 2811 1242 2863 Ac
1267 2809 1545 2864 nonnulli
1577 2810 1862 2865 miserum
1884 2808 1946 2863 in
1971 2824 2100 2863 mo-

2212 2810 2427 2881 ρητικαὶ
2456 2808 2752 2887 ἐφεστῶσαι
2810 2814 2922 2885 (40)
2980 2813 3049 2884 τῇ
3104 2809 3350 2883 καμίνῳ,
3397 2808 3485 2863 καὶ
3538 2806 3669 2865 282
3691 2818 3792 2858 τινες

446 2898 587 2953 dum
621 2898 739 2971 igni
772 2898 1469 2971 conﬂagrabant,voxque
1512 2898 1853 2970 hujusmodi
1893 2897 2098 2953 audieo

2212 2894 2460 2961 ἐλεεινῶς
2491 2903 2570 2968 τῷ
2617 2901 2746 2976 πυρὶ
2804 2899 3251 2973 κατακαιόμενοι.
3312 2898 3419 2956 Καὶ
3450 2897 3593 2976 φωνὴ
3620 2890 3791 2962 ἠκούετο

445 2987 653 3043 batur:
688 2987 791 3043 Hic
813 2988 1241 3045 sceleratorum
1262 2986 1427 3043 locus
1460 2995 1569 3056 est,
1602 2988 1698 3043 hic
1737 3004 1943 3043 eorum
1966 3003 2099 3042 cru-

2212 2987 2467 3061 Αέγουσα⁶
2527 2990 2701 3051 Οὗτος
2746 2990 2774 3044 ὁ
2830 2988 2999 3052 τόπος
3047 2996 3157 3046 τῶν
3211 2986 3578 3063 ἁμαρτωλῶν*
3621 2982 3727 3050 armi
3766 2978 3790 3044 ἦ

448 3078 638 3133 ciatus
690 3077 792 3149 qui
838 3077 1009 3133 foedis
1040 3076 1280 3150 ﬂagitiis
1335 3078 1560 3150 seipsos
1591 3077 2095 3133 contaminarunt.

2212 3074 2435 3140 κόλασις
2464 3081 2572 3132 τῶν
2607 3078 2855 3155 οράξεσιν
2915 3077 3171 3153 αἰσχραῖς
3231 3076 3459 3138 ἑαυτοὺς
3492 3070 3790 3149 μολυνάντων*

450 3168 589 3221 Post
618 3171 818 3221 autem
849 3166 920 3221 ab
953 3167 1046 3221 bis
1080 3168 1181 3238 qui
1205 3184 1340 3222 eum
1362 3166 1505 3222 illuc
1538 3166 2009 3235 introduxerant,
2036 3180 2105 3219 ex

2212 3166 2329 3222 Ἐπὶ
2388 3166 2608 3229 τούτοις
2667 3166 2929 3245 ἐξήγαγον
3007 3166 3168 3223 αὐτὸν
3230 3166 3440 3230 ἐκεῖθεν
3498 3166 3547 3219 οἱ
3598 3160 3672 3216 καὶ
3716 3158 3793 3212 εἷσ-

454 3273 521 3310 eo
542 3256 670 3311 loco
694 3257 942 3312 eductus
960 3262 1068 3312 est.
1105 3257 1429 3328 Statimque
1452 3256 1525 3311 ad
1544 3273 1673 3311 sese
1696 3256 1955 3325 rediens,
1981 3258 2101 3309 toto

2214 3256 2527 3331 αγαγόντες.
2562 3258 2687 3326 Καὶ,
2733 3259 2810 3321 εἰς
2844 3258 3027 3313 ἑαυτὸν
3076 3256 3234 3319 εὐθὺς
3282 3256 3485 3324 ἐλθὼν,
3518 3254 3735 3329 ἔντρομος
3752 3246 3798 3314 ἦν

453 3362 698 3417 corpore
712 3345 1227 3413 contremiscebat,
1238 3346 1633 3417 lacrymaeque
1648 3345 1965 3401 ﬂuminum
1978 3344 2104 3399 ins-

2214 3343 2367 3408 δλος·
2432 3344 2637 3420 δάκρυα
2690 3344 2748 3402 δὲ
2803 3344 3129 3420 ποταμηδὸν
3182 3343 3449 3402 κατέδυον
3495 3344 3545 3399 οἱ
3588 3334 3798 3417 ὀφθαλμοὶ

454 3439 545 3490 tar
575 3452 647 3489 ex
672 3435 860 3507 ipsius
898 3436 1086 3490 oculis
1113 3435 1416 3495 ﬂuebant:
1468 3440 1645 3507 atque
1684 3435 1878 3490 omnis
1910 3434 2104 3505 impu-

2213 3434 2399 3494 αὐτοῦ.
2453 3441 2603 3491 Πᾶσα
2661 3434 2720 3491 δὲ
2776 3438 2810 3506 ὴ
2845 3436 3120 3508 ὠραιότης
3179 3442 3283 3506 τῆς
3342 3432 3637 3491 ἀκολάστου
3680 3425 3802 3500 κόρης

452 3524 599 3579 dicaa
630 3524 793 3579 illius
824 3525 1063 3596 puellas,
1126 3525 1615 3596 reliquarumque
1657 3524 1931 3590 aliarum,
1971 3522 2108 3595 pul-

2215 3523 2425 3595 ἐκείνης
2452 3524 2544 3580 καὶ
2598 3531 2707 3581 τῶν
2770 3526 2983 3582 λοιπῶν
3040 3522 3425 3601 δυσωδεστέρα
3486 3516 3718 3597 βορϐόρου
3738 3510 3800 3568 καὶ

456 3612 729 3667 chritudo
749 3614 956 3683 quovis
976 3631 1141 3669 οωηο
1170 3620 1228 3668 et
1248 3615 1414 3670 sanie
1432 3615 1671 3670 fetidior
1689 3615 1805 3687 ipsi
1835 3615 1958 3669 visa
1978 3619 2104 3681 est;

2216 3616 2448 3692 σαπρίας
2477 3614 2623 3687 αὐτῷ
2654 3612 2969 3691 λελόγιστο.
3007 3616 3263 3692 Στρέφων
3299 3612 3360 3669 δὲ
3398 3612 3450 3668 ἐν
3488 3616 3555 3685 τῇ
3582 3610 3711 3684 ψειχῇ
3728 3606 3802 3692 τεὴ

458 3700 929 3771 memoriamque
960 3718 1029 3757 ea
1056 3719 1185 3773 qua:
1209 3702 1433 3758 viderat
1460 3703 1749 3771 recolens,
1774 3710 1899 3759 tum
1927 3702 2109 3757 bono-

2217 3705 2520 3778 opaﬂévtmv
2578 3704 2677 3773 τὴν
2738 3707 2989 3778 μνήμην,
3044 3709 3126 3777 τῷ
3156 3691 3319 3776 πόθῳ
3376 3707 3485 3758 τῶν
3538 3700 3719 3774 ἀγαθῶν
3740 3691 3803 3747 κ.ιὶ

460 3804 592 3843 rum
624 3786 865 3843 illorum
884 3788 1206 3859 cupiditate
1235 3796 1358 3846 tum
1382 3790 1652 3847 dolorum
1677 3792 1919 3847 illorum
1945 3797 2108 3847 metu

2215 3798 2295 3865 τῷ
2325 3788 2480 3871 φόϐῳ
2520 3798 2625 3848 τῶν
2660 3794 2892 3868 ἀνιαρῶν
2955 3792 3171 3849 ἐκείνων
3235 3792 3327 3848 ἐπὶ
3374 3799 3476 3863 τῆς
3527 3788 3694 3857 κλίνης
3714 3801 3805 3838 κατ’

461 3882 787 3950 correptus,
820 3879 881 3933 in
930 3879 1083 3935 lecto
1107 3880 1366 3952 jacebat,
1417 3881 1500 3937 sic
1549 3884 1816 3951 affectus,
1850 3887 1915 3937 ut
1943 3881 2109 3937 nulla

2219 3881 2390 3939 ἐκειτο
2422 3882 2618 3953 ἥκιστα
2644 3881 2931 3959 ἐγερθῆναι
2966 3880 3287 3956 δυνάμενος.

459 3967 574 4039 ipsi
606 3968 959 4041 exsurgendi
992 3975 1250 4041 potestas
1291 3977 1465 4027 esset.

535 4059 606 4113 Ut
626 4062 824 4115 autem
837 4059 908 4115 de
923 4059 1166 4116 adversa
1183 4060 1292 4115 ﬁlii
1314 4061 1651 4118 valetudine
1664 4062 1737 4118 ad
1760 4078 1957 4134 regem
1971 4059 2111 4116 alla-

462 4153 579 4205 tum
595 4149 911 4219 est,statim
934 4150 1006 4206 ad
1034 4167 1167 4207 eum
1188 4151 1487 4223 profectus
1512 4152 1798 4223 quidnam
1820 4151 1933 4222 ipsi
1956 4150 2110 4206 acci-

2292 4062 2636 4139 Ἀνηγγὲλθη
2698 4060 2757 4118 δὲ
2806 4066 2886 4135 τῷ
2947 4060 3165 4139 βασιλιῖ
3190 4063 3228 4132 ἡ
3253 4065 3357 4117 τοῦ
3414 4060 3533 4115 υἱοῦ
3576 4049 3809 4133 ἀρῥωπίιο

2221 4153 2324 4210 Καὶ
2352 4153 2411 4217 ’ὀς
2432 4152 2603 4208 ἐλθὼν
2651 4152 2910 4228 ἰπηρώτα
2964 4150 3019 4207 τί
3062 4152 3126 4207 τὸ
3186 4145 3431 4225 συμϐάν.
3477 4150 3533 4205 Ὀ
3562 4144 3613 4202 δὲ
3637 4145 3693 4199 τὰ
3716 4141 3810 4228 ὅραι

461 4238 647 4295 disset
678 4239 1157 4311 percontabatur.
1192 4240 1296 4297 Ille
1326 4247 1523 4298 autem
1555 4240 1841 4312 quidnam
1870 4240 2109 4295 vidisset

2223 4244 2381 4298 Θὲντα
2450 4242 2599 4315 αὐτῷ
2674 4225 2999 4318 διηγεῖται,
3054 4242 3146 4298 καί
3197 4262 3367 4317 φησιν
3398 4260 3412 4274 ε
3468 4234 3617 4298 Ἱνατί
3665 4225 3813 4303 παγὶδι

2220 4331 2526 4406 ἡτοίμασας
2582 4336 2701 4397 τοῖς
2757 4331 2886 4388 ποσί
2922 4352 3049 4404 μου,
3105 4330 3198 4386 καὶ
3249 4330 3597 4401 κατὲκαμψας
3639 4324 3721 4391 τήν
3741 4321 3812 4389 ’ἔθ’

463 4328 724 4402 exponit,
743 4329 942 4402 aitque
970 4347 982 4385 :
1007 4331 1122 4386 Cur
1142 4329 1840 4402 pedibusmeislaqueum
1864 4328 2111 4401 parasti,

462 4422 861 4477 etincurvasti
906 4422 1165 4478 animam
1213 4440 1407 4480 meam
1431 4422 1599 4496 (Psal.
1626 4424 1731 4492 va)
1753 4422 1920 4477 ?Nisi
1955 4422 2109 4477 enim

2222 4426 2334 4499 χὴν
2388 4444 2495 4495 μου
2561 4425 2723 4496 (4ί);
2785 4422 2831 4477 εἶ
2888 4423 2963 4495 μή
3023 4420 3127 4496 γᾶρ
3179 4420 3390 4494 Κύριος
3441 4412 3686 4487 ἐϐοήθησέ
3729 4426 3811 4499 {to}:

460 4512 749 4568 Dominus
771 4511 1097 4583 adjuvisset
1117 4529 1231 4581 me,
1261 4492 1665 4585 paulo‘minus
1698 4512 2024 4568 habitasset
2055 4512 2109 4566 in

2226 4492 2913 4588 napus—paxb‘napcpxncsv
2948 4511 3005 4566 ἂν
3038 4492 3134 4582 ⁷τῷ
3166 4492 3277 4585 ᾃδῃῖ
3306 4512 3344 4578 ἡ
3378 4508 3529 4582 ψυχή
3564 4524 3674 4577 μου.
3698 4492 3813 4556 Ἀλλ’

460 4601 693 4659 inferno
708 4603 911 4659 anima
930 4620 1059 4660 mea
1076 4605 1245 4677 (Psal.
1262 4605 1477 4676 χχχιχ).
1500 4607 1713 4660 Verum
1728 4621 1904 4675 quam
1924 4603 2109 4681 bonus

2227 4602 2302 4664 ὡς
2351 4602 2552 4675 ἀγαθὸς
2584 4603 2612 4657 ὁ
2645 4600 2775 4663 Θεὸς
2830 4605 2911 4673 τῷ
2970 4596 3219 4675 Ἰσραὴλ,
3248 4604 3371 4660 τοῖς
3427 4596 3593 4653 εὖθὲσι

458 4692 643 4749 Israel
657 4695 810 4749 Deus
830 4693 924 4748 his
942 4694 1043 4765 qui
1056 4699 1215 4750 recto
1231 4693 1685 4765 suntcorde,qui
1708 4694 1886 4749 etiam
1900 4678 2109 4764 eripuit

2227 4672 2500 4765 δίᾳ(4’2)1
2554 4691 2616 4753 ’ὸς
2660 4692 2754 4745 καὶ
2957 4672 3095 4763 ὲμῆν
3156 4687 3426 4765 ἒρῥύσατο
3482 4672 3813 4740 ταπείνωσινέι

458 4780 861 4839 humilitatem
893 4799 1088 4838 meam
1122 4783 1193 4839 de
1243 4784 1440 4839 medio
1472 4783 1804 4839 catulorum
1851 4781 2109 4850 leonum,

2231 4777 2396 4854 μὲσου
2426 4778 2701 4853 σκύμνων.
2751 4780 3096 4852 Ἐκοιμήθην
3153 4778 3259 4853 γὰρ
3317 4766 3811 4851 τεταραγμιινοςμέἶὶο

458 4870 709 4928 dormivi
753 4873 1141 4929 conturbatus
1174 4874 1286 4945 (Ps.
1320 4876 1509 4944 Lxxu).
1558 4872 1670 4927 Sed
1709 4870 1965 4926 visitavit
2020 4886 2109 4925 me

2228 4868 2386 4925 Ἀλλ’
2441 4866 2771 4943 ἐπεσκέψατό
2827 4888 2893 4941 με
2952 4867 3005 4938 ἐξ
3052 4865 3224 4940 ὕψους
3254 4867 3286 4921 ὁ
3318 4866 3452 4926 Θεός
3485 4884 3583 4938 μου
3631 4858 3809 4913 x232»-

460 4961 615 5019 Deus
647 4963 901 5019 salvator
929 4980 1121 5031 meus,
1140 4964 1408 5036 mihique
1432 4962 1671 5036 quantis
1694 4961 1733 5017 ii
1757 4960 1857 5034 qui
1876 4977 2011 5018 eum
2042 4959 2109 5015 ad

2224 4960 2328 5033 τῆρ
2388 4980 2515 5033 μου,
2560 4959 2653 5014 καὶ
2709 4954 2877 5030 ἔδειξέ
2930 4977 3026 5031 μοι
3065 4954 3199 5012 ο⁹ίων
3246 4955 3465 5033 ἀγαθῶν
3515 4948 3810 5022 ἀπεστέρησιν

540 5198 652 5270 (38)
685 5201 752 5267 Α,
786 5196 849 5253 ἆδ
878 5198 1007 5253 εἶναι
1038 5201 1129 5253 νῦν
1162 5192 1347 5270 ἔλεγόν
1382 5216 1438 5250 σε
1468 5194 1574 5255 ἐντ.
1607 5198 1670 5269 C,
1701 5191 1787 5252 ἆδ.
1823 5189 1958 5248 εἶναί
1987 5213 2043 5248 σε
2074 5190 2180 5250 ἒντ.

541 5217 652 5270 (όδ)
685 5217 752 5267 Α,
786 5217 849 5253 αΟ
878 5217 1007 5253 εἰναι
1038 5219 1129 5253 νυν
1162 5217 1251 5251 εΛε
1291 5218 1347 5251 ον
1382 5217 1438 5250 σε
1468 5217 1542 5251 εντ

541 5271 654 5337 (39)
683 5273 749 5339 Α,
783 5270 979 5343 ἐξῆπτε
1009 5274 1229 5328 Forsan
1254 5217 1542 5343 ἷεήπτετο.

538 5357 649 5432 (40)
681 5359 935 5415 Verbum
988 5361 1373 5416 desiderater.
1417 5359 1643 5432 Billyus
1694 5358 1927 5432 videtur
1983 5356 2295 5432 meliorem
2341 5355 2631 5432 habuisse
2663 5354 3004 5432 lectionem,
3036 5354 3138 5432 qui
3172 5353 3457 5432 verterit:
3514 5350 3808 5432 ἀουοηειξθίῑξ

468 5416 860 5553 avoitt'estprﬂs,
894 5435 993 5501 qui
1020 5436 1292 5490 servaient
1322 5433 1389 5488 de
1421 5416 1734 5487 bourreaux
1775 5430 2061 5486 au-dessus
2108 5429 2173 5483 de
2221 5428 2276 5483 la
2321 5430 2626 5497 foumaise.
2666 5430 2731 5484 In
2762 5416 3035 5484 versione
3054 5416 3540 5499 ‘Trapezuntiana
3566 5428 3669 5479 tota
3692 5416 3809 5471 deest

473 5513 578 5553 sen
610 5513 683 5553 en
715 5517 789 5553 ia.

473 5513 789 5556 sententia.

870 5590 996 5701 31;!
1003 5577 1042 5699 l6
1123 5572 1358 5649 Παγίδας
1388 5570 1689 5649 ἡτοίμασαν
1722 5576 1841 5634 τοῖς
1873 5569 2002 5627 ποσί
2035 5590 2163 5645 μου,
2193 5569 2285 5625 καὶ
2315 5568 2663 5647 κατέκαμψαν
2696 5571 2797 5641 τὴν
2827 5570 3014 5647 ψυχήν
3039 5591 3157 5645 μιυ.

569 5644 635 5696 42
685 5644 842 5702 Psal.
870 5660 1041 5713 Lxxn,
1070 5650 1119 5704 1.
1218 5644 1230 5649 ⁷
1520 5644 1531 5649 ’
2040 5644 2044 5645 ί
2522 5644 2531 5646 ⁷
2577 5644 2585 5647 ⁷

569 5644 656 5788 43)
685 5716 840 5775 Psal.
874 5733 983 5785 LVI,
1013 5718 1047 5770 4
1073 5732 1086 5770 :
1120 5717 1220 5772 Καὶ
1248 5716 1508 5796 ἒρῤύσατο
1536 5718 1635 5787 τὴν
1666 5718 1855 5793 ψυχήν
1889 5737 1994 5792 μου
2025 5714 2109 5778 ἐκ.
2140 5734 2201 5791 μ.
2234 5734 2318 5775 σκ.
2350 5712 2429 5775 ἐκ.
2455 5734 2635 5791 τεταρ.

545 5569 563 5789 ἒ

3939 1452 3941 1553 ί
