4010 6206
203 375 330 435 1153

1358 382 1531 439 νιτΔ
1565 379 1919 437 ΒΛΒῙιΑΔΜ
1954 381 2049 436 ΕΤ
2083 378 2427 438 JOABAPE.

3442 380 3585 443 1154

206 500 404 565 ὶαυτοὺς
431 500 486 557 οἱ
540 500 967 579 παροργίζοντες
1016 500 1197 576 αὐτὸν,
1250 499 1382 557 οἵων
1436 497 1495 556 δὲ
1539 496 1865 574 κολάσεων,

1975 502 2315 559 racundiam
2338 508 2659 575 provocant
2684 502 2861 559 bonis
2892 519 3022 558 sese
3044 501 3294 575 privent,
3327 510 3587 577 quantis-

206 591 510 657 ὑπευθύνους
543 590 894 667 εῒργάσαντο.

272 771 368 827 Καὶ
394 773 508 843 νῦν,
540 768 803 847 ὦπάτερ,
864 770 980 826 ἐπεί
1035 791 1133 825 σου
1190 771 1260 825 τὰ
1318 766 1432 824 ὦτα
1488 763 1684 832 ἔϐυσας
1739 771 1837 823 τοῦ

1946 610 2060 665 que
2092 609 2331 649 rursum
2354 593 2667 648 tormentis
2689 592 2973 649 obnoxios
2996 609 3058 648 se
3081 592 3336 650 reddant
3355 595 3592 653 demon-

1948 684 2176 738 stravit.

2019 775 2094 828 At
2120 787 2300 840 nunc,
2338 788 2371 826 ο
2402 776 2592 843 pater,
2626 772 2910 842 quoniam
2941 776 3005 827 tu
3034 789 3211 828 aures
3242 777 3375 829 tuas
3397 772 3597 828 occlu—

210 860 282 933 μὴ
311 858 532 914 ἀκοῦσαί
567 879 673 933 μου
700 863 802 925 τῆς
860 866 1048 937 φωνῆς
1100 865 1202 929 τῆς
1256 859 1323 913 τὰ
1379 858 1553 934 ἀγαθά
1605 878 1689 911 σοι
1744 855 1843 911 ἐπ-

1975 861 2101 928 .isti,
2134 878 2209 917 ne
2236 878 2441 917 vocem
2475 878 2672 917 meam
2703 861 2860 916 bona
2890 868 3067 934 atque
3094 863 3265 917 utilia
3294 863 3401 917 tibi
3440 863 3598 917 occi-

206 946 625 1021 ᾳδούσης,28³
652 946 749 1005 κᾶν
780 948 879 1023 ἐμὶ
930 950 1008 1023 μή
1048 947 1232 1004 κώλοε
1275 949 1372 1017 τήν
1428 945 1634 1011 εὐθεῖαν
1685 942 1843 1022 βαδί-

1975 957 2195 1007 lentem
2218 950 2477 1019 audires,
2509 968 2584 1005 ne
2615 968 2711 1006 me
2744 952 2953 1006 saltem
2988 969 3103 1024 quo
3137 952 3336 1007 minus
3375 956 3599 1008 rectam

208 1059 293 1093 σαι
322 1036 463 1095 ὁδόν.
492 1036 668 1094 Τοῦτο
696 1038 802 1115 γὰρ
832 1043 1011 1108 ποθῶ,
1039 1038 1237 1093 τούτου
1269 1035 1511 1115 ἐφίεμαι,
1549 1040 1649 1091 τοῦ
1701 1034 1842 1090 πάν-

1975 1041 2107 1096 riam
2157 1057 2462 1112 capessam
2513 1040 2823 1112 impedias.
2873 1042 2991 1095 Hoc
3042 1041 3199 1095 enim
3250 1041 3443 1111 cupio,
3490 1041 3604 1096 hoc

205 1149 313 1184 των
330 1126 737 1204 ἀπαλλαγῆναι,
766 1128 855 1183 καὶ
912 1127 1117 1190 τόπους
1153 1121 1480 1183 καταλαϐεῖν
1535 1119 1657 1180 ἔνθα
1702 1131 1845 1200 Βαρ-

210 1217 356 1291 λαᾶμ
382 1218 409 1271 ὁ
438 1222 537 1272 τοῦ
568 1222 803 1292 Χριστοῦ
835 1216 1082 1293 θεράπων
1125 1217 1222 1279 τὰς
1273 1214 1519 1288 οῗκήσεις
1570 1212 1706 1290 ἔχει,
1754 1214 1845 1269 καὶ

216 1307 303 1361 σὺν
335 1308 479 1378 αὐτῷ
506 1306 569 1360 τὸ
600 1305 795 1361 λοιπὸν
826 1313 927 1376 τῆς
956 1306 1240 1381 παρούσης
1274 1327 1379 1381 μου
1401 1302 1646 1359 διανῦσαι
1680 1309 1847 1373 ζωῆς.

210 1395 273 1453 Εἰ
304 1393 357 1450 δέ
386 1394 477 1470 βίᾳ
506 1400 803 1472 κατασχεῖν
840 1416 907 1469 με
937 1394 1242 1468 θελήσειας,
1288 1388 1410 1468 ὄψει
1445 1414 1512 1467 με
1561 1395 1754 1448 θᾶττον
1780 1396 1851 1467 τῇ

215 1484 355 1559 λύπῃ
383 1483 474 1540 καὶ
504 1482 779 1558 άδημονίᾳ
826 1483 1038 1559 νεκρόν
1097 1486 1189 1539 καί
1248 1480 1371 1539 οὔτε
1413 1482 1477 1537 σὺ
1534 1483 1597 1537 τὸ
1655 1479 1849 1538 λοιπὸν

214 1575 383 1651 πατὴρ
411 1571 688 1649 κληθήσῃ,
721 1571 847 1631 οὔτε
876 1575 997 1629 υἱόν
1033 1594 1101 1648 με
1130 1571 1208 1630 ἔτι
1240 1571 1396 1648 ἔξεις.

1957 1136 2187 1202 expeto,
2219 1136 2285 1185 ut
2305 1130 2584 1185 omnibus
2604 1130 2781 1185 rebus
2808 1129 3113 1197 liberatus,
3138 1129 3212 1185 ad
3234 1146 3302 1185 ea
3323 1131 3453 1185 loca
3470 1147 3607 1185 con-

1958 1220 2221 1289 tendam,
2254 1220 2315 1275 in
2350 1222 2567 1292 quibus
2598 1221 2867 1276 Barlaam
2899 1220 3114 1276 Christi
3145 1221 3406 1275 famulus
3436 1220 3607 1275 habi-

1958 1314 2063 1379 tat,
2096 1326 2163 1364 ac
2195 1326 2329 1364 cum
2364 1326 2430 1365 eo
2464 1309 2623 1381 quod
2662 1310 2808 1364 mihi
2834 1309 3135 1380 reliquum
3185 1315 3276 1364 est
3304 1311 3435 1364 vitae
3465 1327 3612 1366 con-

1963 1400 2180 1455 ﬂciam.
2214 1398 2379 1464 Quod
2412 1400 2459 1453 si
2493 1416 2588 1454 me
2618 1416 2725 1470 per
2762 1400 2878 1453 vim
2925 1400 3184 1454 retinere
3233 1399 3295 1453 in
3344 1401 3612 1456 animum

1962 1488 2288 1544 induxeris.
2324 1505 2501 1559 quam
2550 1489 2811 1560 primum
2862 1504 2956 1542 me
3009 1505 3260 1543 maerore
3315 1504 3382 1543 ac
3435 1490 3609 1544 taedio

1965 1579 2323 1635 exstinctum
2356 1578 2601 1634 videbis.
2639 1579 2725 1632 Ita
2755 1578 2859 1631 ﬁet
2894 1581 2960 1631 ut
3002 1593 3115 1631 nec
3162 1581 3226 1631 tu
3273 1582 3443 1649 pater
3482 1579 3612 1650 jam

1967 1667 2310 1740 appelleris,
2344 1683 2453 1722 nec
2485 1683 2579 1722 me
2608 1665 2801 1721 filium
2833 1665 3147 1721 habiturus
3178 1666 3280 1721 sis.

286 1843 443 1899 ΚΕΦ.
471 1842 598 1902 AA'.
630 1874 701 1887 ——
727 1841 898 1898 Πάλιν
939 1841 1032 1897 οὖν
1085 1842 1289 1917 ἀθυμία
1335 1842 1570 1919 κατέσχε
1618 1844 1710 1899 τὸν
1761 1843 1859 1919 βα-

2041 1848 2172 1902 CAP.
2196 1847 2402 1901 XXXI.
2420 1875 2489 1886 —
2511 1847 2764 1900 Rursum
2792 1842 2973 1916 igitur
2992 1844 3202 1917 ingens
3226 1859 3425 1916 regem
3457 1860 3612 1901 mce-

220 1928 367 1986 σιλέα
395 1935 531 2005 (44)·
563 1931 731 1988 πάλιν
774 1932 1068 2008 ἀπελὲγετο
1127 1933 1266 2004 ’ὀλην
1322 1932 1488 1988 αὐτοῦ
1535 1935 1636 2003 τὴν
1689 1935 1860 2005 ζωήν.

218 2018 330 2089 καί,
360 2018 503 2075 δεινὰ
531 2024 775 2099 στρέφων
807 2019 859 2076 ἐν
892 2022 1090 2094 ἐαυτῷ,
1134 2021 1209 2085 εἰς
1249 2022 1313 2077 τὸ
1364 2019 1503 2076 ἴδιοι
1550 2021 1715 2096 ἀπῄει
1761 2042 1866 2077 πα-

225 2106 422 2167 λάτιον.
484 2111 564 2167 Τὰ
621 2107 679 2165 ὃὶ
730 2110 878 2187 παρὰ
930 2114 1027 2165 τοῦ
1084 2108 1255 2165 Θευδᾶ
1305 2109 1680 2166 ἀποσταλέντα
1764 2117 1867 2181 τῆς

224 2199 484 2274 πονηρίας
522 2200 803 2275 πνεύματα
847 2202 985 2257 κατά
1033 2205 1131 2256 τοῦ
1179 2201 1327 2265 θείου
1375 2198 1593 2271 παιδὸς,
1638 2198 1869 2256 ἐπανελ-

229 2290 385 2356 θόντα
436 2292 577 2367 πρὸς
633 2291 816 2363 αὐτὸν,
901 2291 1339 2366 κατῃσχυμμένά
1390 2293 1492 2361 τὴν
1550 2296 1714 2362 ἧτταν
1772 2292 1869 2347 ἀν·-

234 2381 506 2457 ωμολόγει
538 2384 671 2457 (45),
700 2380 879 2436 καίτοι
911 2378 1217 2459 φιλοψευδῆ
1249 2379 1395 2436 ὄντα·
1451 2377 1708 2455 σύμϐολα
1763 2384 1866 2459 γὰρ

232 2470 374 2546 σαφῆ
399 2478 500 2541 τῆς
530 2472 699 2542 ἣττης
727 2467 917 2549 ἔφερον
950 2470 1031 2526 ἐκὶ
1053 2474 1153 2537 τῆς
1182 2477 1429 2547 πονηρᾶς
1459 2471 1635 2527 αύτῶν
1668 2467 1867 2545 ὅψεως.

229 2560 287 2613 Ὀ
322 2558 396 2631 δὲ,
430 2560 531 2616 Καὶ
563 2557 731 2630 οὕτω,
791 2559 976 2634 φησὶν,
1028 2558 1265 2623 ἀσθενεῖς
1326 2560 1482 2633 ὑμεῖς
1535 2561 1626 2615 καὶ
1677 2560 1869 2614 ταλαί-

231 2670 424 2724 πωροι,
454 2649 532 2713 ὡς
560 2649 678 2711 ἐνὸς
715 2647 1002 2725 μειρακίου
1052 2650 1127 2721 μὴ
1176 2647 1548 2725 περιγενέσθαι
1575 2650 1588 2705 l
1642 2648 1777 2705 Τότε
1805 2648 1872 2703 τὰ

236 2739 439 2813 πονηρὰ
489 2744 794 2812 πνεύματα,
854 2739 972 2811 θείᾳ
1027 2735 1253 2811 δυνάμει
1320 2739 1734 2815 τιμωρούμενα,
1793 2737 1869 2801 εἷς

231 2833 346 2907 ιρῶς
397 2826 594 2883 ἄκοντα
645 2829 745 2898 τὴν
797 2827 1058 2898 ἀλήθειαν
1112 2828 1263 2901 ἦγεν,
1322 2826 1448 2901 Οὐχ
1503 2826 1871 2900 ὑπομένομεν,

228 2919 474 2995 λέγοντα,
508 2917 633 2974 οὐδὲ
678 2918 1127 2996 ἀντοφθαλμῆσαι
1178 2916 1326 2981 ’ὀλως
1373 2921 1443 2991 τῇ
1486 2915 1588 2972 τοῦ
1636 2919 1872 2993 Χριστοῦ

230 3008 452 3083 δυνάμει
480 3010 569 3064 καὶ
600 3006 682 3081 τῷ
712 3003 983 3081 συμϐόλῳ
1009 3011 1108 3062 τοῦ
1137 3006 1341 3069 πάθους
1372 3006 1560 3077 αὐτοῦ,
1603 3006 1661 3062 δν
1710 3028 1874 3062 σταυ-

230 3100 326 3176 ρὸν
374 3099 657 3157 καλοῦσιν.
744 3097 982 3155 Ἐκείνου
1056 3097 1162 3173 γὰρ
1235 3097 1601 3170 τυπουμένου,
1671 3096 1871 3175 φθάνο-

235 3209 335 3263 μεν
384 3192 491 3262 (46)
552 3189 850 3265 ἀνακράτος
907 3186 1199 3266 φεύγοντες
1245 3207 1304 3242 τε
1360 3185 1449 3242 καὶ
1509 3184 1871 3260 διωθούμενοι

232 3252 387 3336 Ξειι
434 3276 624 3340 πάντες
670 3252 722 3331 δι
770 3280 868 3331 τοῦ
913 3252 1070 3351 άέρος
1118 3272 1382 3352 ἄρχοντες
1429 3276 1519 3331 καὶ
1571 3252 1944 3351 κοσποκρά-ςι

227 3387 383 3442 τορες
411 3370 507 3421 τοῦ
540 3364 765 3428 σκύτους
794 3368 927 3439 (47),
980 3364 1106 3440 πρὶν
1162 3363 1197 3435 ἦ
1241 3363 1465 3426 τελείως
1514 3365 1644 3419 αὐτὸ
1686 3386 1872 3419 τυπω-

226 3459 385 3525 θῆναι
417 3458 548 3529 (48).
583 3456 739 3512 ’Ὅθεν
770 3456 861 3510 καὶ
917 3460 998 3527 τῷ
1054 3453 1319 3527 νεανίσκῳ
1360 3452 1538 3527 τούτῳ
1586 3453 1870 3508 ἐπιπεσόν-

222 3568 316 3610 τες
372 3545 563 3608 δεινῶς
619 3544 1021 3621 ἐταρᾶξαμεν’ὁ
1063 3543 1140 3618 δὲ,
1198 3546 1288 3600 τὸν
1340 3545 1567 3620 Χριστὸν
1614 3542 1872 3600 ἐπικαλε-

226 3639 459 3710 σάμενος
491 3636 567 3700 εἰς
601 3637 925 3711 συμμαχίαν
979 3634 1068 3690 καὶ
1109 3640 1189 3707 τῷ
1233 3633 1446 3707 σημείῳ
1491 3638 1590 3689 τοῦ
1638 3638 1870 3710 σταυροῦ

221 3726 557 3789 καθοπλίσας
591 3726 804 3795 ἑαυτὸν,
834 3728 983 3799 ἡμᾶς
1012 3745 1071 3780 τε
1119 3721 1354 3778 διώσατο
1407 3724 1521 3796 μετ’
1565 3724 1734 3800 ὀργῆς
1780 3725 1871 3779 καὶ

221 3818 522 3895 ἀσφάλειαν
552 3816 727 3887 ἐαυτῷ
776 3812 945 3872 ἔθετο.
980 3815 1087 3883 ,Νὴ
1150 3812 1524 3888 μελλήσαντες
1584 3817 1699 3888 (49)
1754 3812 1871 3887 οὖν,

223 3903 457 3981 εὕρομεν
492 3905 747 3981 ὃργανον,
781 3902 853 3958 δι’
900 3905 961 3957 οὗ
1012 3902 1101 3958 καὶ
1147 3907 1226 3975 τῷ
1280 3901 1698 3979 πρωτοπλάστῳ
1744 3906 1873 3977 ὁμι-

224 3994 405 4065 λήσας
430 3996 564 4050 ποτὶ
596 3995 624 4050 ὁ
656 3992 844 4070 ἅρχων
885 3996 1070 4067 ἡμῶν,
1115 3997 1308 4048 τοῦτον
1351 3996 1465 4065 (50)
1513 3992 1869 4070 ἐχειρώσατο.

220 4084 329 4140 Καὶ
360 4082 429 4153 δὴ
460 4086 589 4161 παρ’
620 4081 775 4139 οὐδὲν
808 4084 1033 4159 ἐθέμεθα
1064 4080 1123 4137 ἄν
1176 4082 1265 4137 καὶ
1314 4085 1479 4155 ἡμεῖς
1525 4083 1714 4151 καινὴν
1761 4085 1871 4156 (51)

217 4175 328 4243 τὴν
361 4171 563 4230 ἐλπίδα
588 4178 685 4229 τοῦ
715 4173 860 4228 νέου.
892 4170 1018 4228 ἀλλ’
1046 4169 1365 4242 ἐπικληθεὶς
1396 4169 1547 4232 αὖθις
1579 4172 1608 4225 ὁ
1637 4173 1870 4244 Χριστὸς

220 4264 304 4326 είς
337 4262 683 4338 συμμαχίαν,
713 4262 846 4337 πυρὶ
893 4268 994 4331 τῆς
1042 4259 1244 4324 ἄνωθεν
1295 4260 1463 4337 ὁρῇς
1508 4262 1658 4333 ἡμᾶς
1705 4282 1873 4316 κατα-

216 4352 449 4431 φλέξας,
510 4349 755 4431 φυγάδας
813 4351 1123 4427 είργάσατο.
1182 4348 1290 4405 Καὶ
1374 4345 1613 4426 ἔγνωμεν
1676 4351 1871 4424 μηκέτι

213 4441 533 4512 πλησιάσαι
573 4443 743 4516 αὐτῷ.
805 4440 965 4499 Οὕτω
1027 4440 1120 4515 μὶν
1176 4437 1268 4493 οὖν
1323 4441 1389 4492 τὰ
1442 4441 1661 4514 πονηρᾶ
1710 4441 1872 4495 πνεύ-

1971 1938 2133 1994 stitia
2148 1936 2361 1992 invasit
2375 1951 2631 2003 ;rursum
2654 1950 2891 1989 omnem
2909 1935 3039 1989 vita)
3053 1951 3173 1989 suae
3186 1951 3353 2006 spem
3366 1934 3615 2009 despon-

1972 2025 2112 2081 dere
2135 2025 2313 2096 caapit
2334 2042 2350 2090 ;
2375 2029 2553 2094 atque
2585 2023 2799 2078 acerba
2820 2039 3023 2077 secum
3047 2023 3247 2078 animo
3272 2024 3523 2096 agitans,
3552 2026 3617 2081 in

1972 2114 2260 2187 palatium
2293 2130 2466 2168 suum
2489 2112 2653 2167 abiit.
2688 2114 2762 2165 At
2792 2129 2926 2166 vero
2958 2111 3216 2183 improbi
3240 2112 3325 2167 illi
3351 2114 3620 2185 spiritus,

1974 2204 2075 2276 qui
2099 2203 2378 2259 adversus
2401 2200 2666 2256 divinum
2681 2202 2963 2273 juvenem
2987 2200 3275 2256 aTheuda
3299 2202 3467 2257 missi
3484 2202 3623 2258 fue-

1972 2292 2217 2361 rant,ad
2240 2307 2374 2347 eum
2398 2290 2621 2362 pudore
2645 2289 2853 2344 suffusi
2874 2288 3148 2358 redeunt,
3164 2294 3341 2361 atque
3353 2291 3622 2361 quamvis

1974 2383 2196 2454 alloqui
2211 2381 2521 2436 mendacio
2533 2378 3159 2452 gaudeant,acceptam
3176 2383 3370 2434 tamen
3390 2379 3621 2436 cladem

1976 2473 2355 2527 conﬁtentur.
2372 2470 2598 2540 Quippe
2615 2466 2931 2539 perspicua
2951 2467 3138 2523 cladis
3163 2468 3328 2541 signa
3344 2468 3406 2523 in
3431 2469 3623 2524 scele-

1974 2566 2102 2617 rato
2128 2577 2233 2615 suo
2250 2559 2418 2615 vultu
2443 2557 2745 2630 gerebant.
2769 2557 2875 2612 Ille
2898 2561 3125 2612 autem:
3154 2558 3350 2628 Usque
3371 2559 3620 2629 adeone,

1977 2650 2192 2719 inquit,
2216 2647 2548 2703 imbecilles
2579 2663 2648 2701 ac
2676 2645 2881 2700 miseri
2905 2646 3065 2710 estis,
3099 2646 3623 2703 utadolescentem

1975 2754 2163 2792 unum
2184 2738 2423 2791 vincere
2440 2734 2686 2789 minime
2704 2733 3224 2805 potueritis?Tunc
3241 2734 3625 2804 improbispi—

1976 2826 2126 2880 ritus
2152 2825 2367 2878 virtute
2395 2822 2594 2878 divina
2623 2822 2962 2887 excruciati,
3003 2820 3311 2876 veritatem
3360 2821 3526 2875 inviti
3558 2822 3622 2878 in

1976 2917 2172 2971 lucem
2194 2912 2693 2985 protulerunt,his
2705 2909 2897 2965 verbis
2909 2910 3389 2965 utentes:Christi
3407 2916 3617 2982 poten-

1977 3006 2072 3060 tiae
2087 3021 2154 3060 ac
2166 3002 2460 3075 passionis
2472 3001 2660 3073 ipsius
2674 2998 3277 3072 signo,quodCrucem
3288 3000 3614 3073 appellant,

1980 3111 2055 3150 ne
2074 3092 2375 3150 tantillum
2390 3089 2632 3161 quidem
2654 3088 2945 3143 obluctari
2968 3104 3308 3159 possumus.
3328 3091 3472 3144 Nam
3492 3107 3628 3148 cum

1981 3200 2050 3237 ea
2080 3180 2403 3253 effingitur,
2437 3178 2637 3232 statim
2682 3180 2976 3247 quotquot
3014 3176 3168 3231 aeris
3206 3176 3508 3249 principes
3561 3195 3630 3235 ac

1981 3272 2189 3329 mundi
2210 3274 2471 3325 rectores
2488 3266 2869 3322 tenebrarum
2892 3281 3097 3320 sumus
3116 3266 3631 3339 (Ephes.v1),quam

1981 3362 2293 3419 celerrime
2314 3358 2593 3431 fugimus,
2615 3372 2680 3412 ac
2704 3356 2870 3427 prius
2895 3355 3075 3410 etiam
3089 3372 3267 3425 quam
3286 3373 3354 3411 ea
3370 3357 3546 3429 plane
3560 3375 3630 3415 ac

1980 3451 2239 3525 perfecte
2253 3462 2531 3520 expressa
2547 3446 2643 3509 sit,
2659 3444 3500 3517 propulsamur.Quamobrem
3516 3465 3628 3503 nos

1982 3541 2223 3613 quidem
2242 3540 2302 3593 in
2325 3539 2483 3593 hunc
2493 3536 2771 3608 juvenem
2790 3535 3015 3605 impetu
3029 3534 3203 3602 facto,
3217 3536 3470 3607 graviter
3489 3553 3627 3593 eum

1980 3629 2485 3705 perturbavimus;
2508 3643 2713 3683 verum
2735 3624 2836 3680 ille
2859 3641 2994 3680 cum
3007 3625 3221 3679 Christi
3234 3626 3632 3698 opemimplo-

1980 3726 2267 3789 rasset,ac
2288 3718 2481 3775 crucis
2505 3716 2674 3789 signo
2698 3714 2962 3785 seipsum
2974 3714 3461 3782 munivisset,nos
3478 3716 3627 3772 irato

1980 3812 2181 3868 animo
2204 3807 2487 3880 propulit,
2510 3810 2685 3876 atque
2712 3804 3124 3859 firmissimum
3146 3804 3258 3859 sibi
3285 3805 3630 3876 praesidium

1981 3898 2364 3972 comparavit.
2389 3898 2471 3951 Ac
2490 3894 2740 3967 proinde
2762 3893 2931 3948 nulla
2960 3894 3311 3965 interposita
3340 3911 3509 3951 mora
3527 3895 3628 3951 in-

1983 3993 2379 4047 strumentum
2410 3984 2561 4040 illud
2593 3984 2978 4055 arripuimus,
3020 3983 3192 4055 cujus
3223 3999 3404 4053 opera
3449 3986 3630 4039 etiam

1980 4082 2258 4154 princeps
2288 4081 2493 4132 uoster
2544 4074 2804 4145 primum
2835 4072 3142 4127 hominem
3172 4088 3484 4143 aggressus
3515 4080 3624 4141 est,

1981 4184 2238 4241 eumque
2269 4164 2547 4239 potestati
2568 4179 2688 4217 suae
2711 4161 2984 4231 subjecit.
3009 4162 3079 4213 Et
3098 4159 3340 4229 quidem
3364 4160 3626 4230 profecto

1982 4278 2093 4316 nos
2112 4273 2351 4330 quoque
2368 4268 2576 4309 vanam
2596 4249 2993 4307 adolescentis
3014 4263 3181 4318 spem
3196 4264 3302 4318 pro
3324 4248 3513 4303 nihilo
3525 4249 3631 4304 du-

1983 4350 2493 4414 cebamus;verum
2509 4342 2583 4396 ad
2597 4339 2886 4394 auxilium
2902 4353 3108 4392 rursus
3122 4336 3345 4392 accitus
3359 4337 3627 4394 Christus

1985 4436 2241 4497 ccelestis
2258 4435 2361 4489 iraa
2382 4431 2504 4503 igni
2527 4445 2638 4484 nos
2659 4431 2899 4482 exustos
2917 4425 2979 4479 in
3003 4423 3204 4496 fugam
3225 4423 3417 4479 vertit.
3436 4424 3628 4489 Quare

289 4604 405 4674 (44)
436 4601 734 4674 Philas“.
752 4601 977 4674 Her._p.
1010 4600 1079 4653 54
1103 4615 1117 4653 :
1149 4593 1486 4674 d99p{a_p‘sv_
1509 4594 1604 4674 οξν
1627 4594 1817 4674 αρτίκα
1845 4618 1865 4674 ιι

1975 4591 2213 4661 Ξιθλητὴν
2249 4583 2613 4674 ’ἔσχενκξίθά
2654 4582 2853 4655 potius
2901 4580 3260 4637 meminerat
3299 4581 3629 4638 monachus

210 4656 461 4733 nitidis
493 4673 605 4744 sui,
638 4672 739 4744 qui
771 4656 938 4744 Psal:
959 4687 1152 4744 cum,
1188 4656 1279 4738 53',
1312 4656 1436 4744 ait_;
1471 4666 1713 4744 Ἀθυμία
1741 4671 1865 4724 κατέ

2007 4686 2072 4739 με
2097 4656 2207 4719 άπὸ
2238 4656 2603 4744 άμὰρτωλῶν.
2667 4727 2698 4744 η
2861 4725 2872 4736 .

531 4724 1370 4819 in'lox,’
1401 4724 1557 4819 ἦγεν,
1590 4724 1849 4819 ἀλῆγσζν,

1977 4724 2092 4793 ς’ῑὶο
2126 4740 2215 4791 est
2233 4724 2364 4815 fere
2384 4746 2621 4819 anceps.
2667 4725 2951 4819 Synesips
2998 4727 3074 4779 De
3118 4741 3321 4819 regrgo,‘
3352 4743 3432 4819 ρ.)
3460 4724 3626 4819 4,L2:

208 4795 403 4872 Tai31ci
433 4795 519 4869 σο⁷ι
549 4795 798 4889 καὶ-’παρ’
816 4795 988 4889 ⁸ἡμῶν
1017 4795 1338 4873 ἄπαντοίᾶν
1357 4795 1585 4884 ’μᾶλλον
1616 4795 1801 4881 άληθῆ
1834 4817 1865 4867 λ

1975 4830 2096 4865 ιντο.
2148 4805 2400 4863 Omnino
2444 4795 2659 4857 melius
2703 4795 2793 4854 est
2833 4795 3071 4872 λέγοιτο,
3106 4796 3264 4867 quod
3309 4798 3369 4853 in
3400 4795 3629 4852 duobus

212 4889 535 4947 codicibus
564 4887 701 4943 vidi.

286 4961 412 5032 (46)
442 4961 505 5035 (ἓν
535 4956 822 5035 φεύγομεν,

289 5031 411 5103 (47)
442 5031 607 5088 Conf.
638 5031 697 5103 ᾗ).
729 5031 863 5103 218,
885 5032 1065 5103 n.7772.

436 5080 1151 5176 gign_um'cru'cis—Cvrill_o
1181 5097 1403 5176 dictum
1438 5103 1548 5176 est,
1583 5100 1819 5176 Catech.
1840 5116 1865 5176 _:

2003 5112 2135 5176 pag:
2171 5093 2296 5162 138,
2336 5080 2506 5176 cogo:
2550 5081 2850 5176 Stapdrvwv.
2900 5085 3075 5176 ξιιμ
3118 5086 3251 5176 tuo,
3296 5084 3481 5176 Ξοῗτοὶ
3524 5082 3629 5151 ait,

211 5168 401 5248 μέχρι
434 5168 675 5248 σήμερον
709 5168 1314 5248 δαίμοᾼναςίὰπελαύνει.
1340 5171 1701 5248 Prudentius
1733 5172 1865 5248 Cati.

1989 5168 2137 5223 (134
2171 5178 2305 5248 εφέ

2351 5156 2379 5211 ἱ(
2414 5156 2659 5214 Crucem
2702 5157 2934 5230 fugiunt
2980 5156 3260 5230 tenebrae.
3295 5158 3337 5230 Q
3370 5160 3631 5230 tortuose

203 5228 776 5319 serpensxDiscede
854 5228 1133 5319 Christus
1152 5244 1249 5298 hic
1280 5248 1388 5299 est.
1416 5228 1693 5315 Signum,
1719 5243 1876 5317 quod
1907 5243 2033 5316 ipse
2065 5228 2242 5305 nosti,
2278 5236 2530 5289 Damnat
2560 5234 2721 5284 tuam
2754 5228 3067 5285 catervam.
3107 5250 3135 5279 »
3167 5228 3292 5283 Alia
3320 5228 3451 5283 loca
3476 5228 3633 5284 indi-

202 5314 384 5375 cabit
419 5317 674 5389 Billyus._
693 5318 776 5373 Cf.
813 5334 991 5388 supra
1020 5334 1077 5388 p.
1110 5314 1235 5371 467.

284 5390 415 5461 (49)
449 5385 559 5455 AC,
594 5385 944 5460 μελήσαντές.
976 5385 1483 5461 Permutationem
1516 5387 1773 5461 similem
1804 5387 1865 5461 vi}

1975 5386 2086 5461 t._I,_
2118 5400 2154 5453 p

2165 5423 2176 5435 .
2210 5382 2333 5445 331,
2366 5394 2425 5433 n.
2459 5380 2511 5431 2.
2547 5376 2689 5446 Rem
2721 5372 2883 5446 attigi
2915 5372 2990 5429 ad
3011 5372 3192 5446 Nicet.
3224 5390 3281 5444 p.
3303 5372 3427 5425 284.
3450 5372 3631 5446 Theo-

197 5444 413 5517 dorus,
438 5444 953 5532 Pro'rdr._'l_‘etrast.
978 5444 1116 5532 pag.
1149 5462 1215 5513 76
1246 5474 1259 5513 :
1290 5458 1397 5532 Τὴν
1430 5457 1689 5532 παρθένον
1724 5456 1865 5532 Μηδῐ

1975 5444 2189 5523 ιελνξσας
2216 5454 2297 5521 τῷ
2322 5444 2453 5532 θεζρι
2478 5444 2695 5532 σφάζων
2743 5444 2906 5507 θύεις.
2958 5444 3287 5532 Rescripto,
3338 5444 3496 5526 quod
3519 5450 3630 5532 ¹εδει

192 5516 583 5606 legitimum,
619 5529 921 5606 μελλήσας,
953 5516 1367 5606 versuspaulo'
1395 5516 1564 5606 pejor
1594 5532 1715 5606 fiet:
1753 5516 1867 5606 séa
1896 5516 2290 5606 quantitatem
2314 5516 2781 5606 arithmeticam,
2813 5533 2938 5606 non
2955 5516 3319 5606 ‘n‘iet'riCam,
3354 5516 3416 5572 in
3448 5516 3630 5589 sylla-

192 5588 595 5686 bigcurlabat
619 5588 985 5686 Theodorus.
1006 5588 1283 5686 "Parilém‘
1306 5588 1437 5686 eju‘s
1463 5588 1627 5660 circa
1655 5602 1716 5659 id
1747 5588 1997 5660 verbum
2029 5593 2451 5671 negligentiam
2482 5591 2677 5649 notavi
2708 5590 2781 5645 ad
2812 5590 2994 5646 Nicet.
3023 5588 3064 5645 l.
3098 5590 3140 5647 Ι.

274 5676 415 5783 $50)
444 5675 508 5743 C,
541 5672 797 5747 ὡμίλησε
825 5697 885 5732 π.
919 5674 968 5729 ὁ.
1002 5674 1056 5743 ἅ,
1084 5675 1168 5743 ἡ.,
1195 5672 1286 5726 καὶ
1316 5672 1531 5735 τοῦτον.

308 5751 413 5783 κη
444 5747 484 5783 r1
539 5749 699 5783 νηί..
749 5748 819 5783 nr
864 5766 901 5783 η
961 5751 1013 5783 u
1076 5764 1113 5783 π
1171 5746 1238 5783 tu.

278 5746 413 5820 (51)
444 5747 507 5817 C,
539 5749 717 5823 κενήν.
749 5748 833 5807 Cf.
864 5751 1046 5823 9.,11,
1076 5764 1136 5803 n.
1170 5746 1258 5803 34.
