4030 6202
497 327 661 387 ’1155

2037 316 2403 373 ΔΒΟΒΝΟΔ.

3690 332 3792 390 1156

512 458 629 512 stat
659 452 951 511 sententia
1004 466 1124 506 non
1181 449 1339 507 ultra
1390 450 1464 505 ad
1525 464 1661 504 eum
1711 445 2015 502 accedere.
2067 443 2149 499 Ad

2273 462 2416 514 ματα
2472 447 2655 519 σαφῶς
2713 442 2974 521 ἐγνώρισε
3022 450 3105 519 τῷ
3161 444 3329 519 Θευδᾷ
3404 444 3463 505 τὰ
3532 458 3795 529 γεγενημένα,

509 546 667 601 hunc
700 542 926 598 scilicet
957 540 1197 596 modum
1230 539 1483 610 improbi
1518 538 1766 609 spiritus
1805 534 2058 590 Theudae
2091 549 2161 589 ea

511 651 640 704 qua)
671 631 1044 701 contigerant
1072 630 1386 701 perspicue
1421 628 1826 683 declararunt.

583 724 702 777 Rex
715 726 913 775 autem
929 720 1091 775 omni
1106 723 1353 790 exparte
1376 717 1576 771 animo
1604 716 1858 782 haerens,
1879 713 2158 769 consilio-

512 828 627 883 que
650 808 1294 880 destitutus,Theudam
1308 824 1514 863 rursus
1537 803 1889 871 accersit,ad
1906 818 2159 873 eumque
2240 848 2243 853 λ

510 903 629 957 ait:
679 900 963 957 Omnibus
1008 901 1080 954 iis
1113 917 1242 970 qum
1274 898 1547 965 docuisti,
1578 898 1665 951 vir
1695 894 2154 967 sapientissime,

508 991 786 1063 perfectis
802 989 1337 1052 etabsolutis,nthil
1359 994 1554 1043 tamen
1568 986 1842 1041 utilitatis
1856 983 2157 1039 consecuti

507 1097 732 1135 sumus.
759 1082 923 1134 Nunc
952 1079 1150 1150 igitur,
1185 1079 1232 1133 si
1270 1077 1427 1149 quod
1478 1077 1583 1131 tibi
1631 1075 1794 1130 aliud
1840 1073 2157 1129 consilium

505 1174 795 1240 superest,
828 1168 978 1223 illud
1001 1168 1391 1238 experiamur.
1415 1168 1685 1221 Fortasse
1715 1165 1875 1220 enim
1895 1163 2155 1234 aliquam

508 1258 845 1332 depellendi
875 1259 1016 1313 mali
1046 1258 1336 1313 rationem
1360 1257 1795 1312 nanciscemur.

579 1350 723 1403 Cum
747 1352 945 1402 autem
972 1347 1260 1402 Theudas.
1283 1352 1349 1400 ut
1368 1363 1502 1401 cum
1526 1346 1714 1416 ipsius
1741 1344 1863 1399 ﬁlio
1886 1343 1947 1397 in
1972 1341 2157 1397 collo-

509 1439 717 1508 quium
739 1438 964 1492 veniret
985 1437 1250 1507 petisset,
1267 1453 1440 1491 mane
1459 1452 1581 1500 rex,
1612 1451 1679 1488 eo
1703 1449 1905 1488 secum
1923 1447 2151 1486 assum-

505 1527 709 1597 pto,ad
727 1526 1035 1580 visendum
1060 1525 1248 1580 filium
1272 1524 1959 1595 proficiscitur.Cumque
1972 1536 2154 1591 prope

503 1631 641 1671 eum
665 1614 1053 1681 consedisset,
1081 1630 1217 1668 eum
1242 1614 1571 1683 alloqui,ac
1594 1611 1827 1683 probris
1853 1608 2152 1675 insectari,

502 1710 681 1774 atque
697 1704 883 1774 ipsius
903 1703 1339 1758 contumaciam
1362 1702 1667 1771 animique
1683 1698 2041 1772 rigiditatem
2059 1714 2153 1752 ac-

2339 803 2400 859 Ὁ
2433 799 2489 857 δὲ
2524 800 2797 877 βασιλεὺς,
2859 806 3121 869 πάντοθεν
3181 808 3556 882 ἀπορούμενος,
3601 813 3677 867 τὸν
3720 822 3809 871 Θευ-

2269 889 2362 947 δᾶν
2397 890 2549 957 αὖθις
2580 892 2991 969 προσκαλεῖται,
3023 895 3113 950 καὶ
3143 916 3296 974 φησι·
3339 898 3414 955 Τὰ
3460 900 3543 972 μὶν
3586 899 3805 977 δεδογμὲνι

2267 1002 2374 1051 σοι,
2436 983 2735 1058 σοφώτατε,
2795 983 2971 1038 πάντα
3024 982 3428 1058 πληρώσαντες,
3483 987 3696 1062 οὐδεμίαν
3741 996 3805 1062 τήν

2267 1069 2532 1147 ὠφέλειαν
2562 1075 2811 1143 εὕρομεν
2846 1072 2962 1126 νυνὶ
2996 1070 3074 1143 δὲ,
3135 1072 3184 1128 εἴ
3238 1076 3324 1139 τίς
3370 1097 3449 1130 σοι
3493 1075 3625 1152 ἐτὲρα
3665 1081 3809 1137 ὑπολέ-

2265 1155 2483 1214 λειπται
2536 1158 2747 1214 ἐπίνοια
2805 1161 3057 1231 κάκείνης
3113 1165 3260 1223 285
3324 1169 3502 1239 πεῖραν
3574 1164 3809 1242 ληψόμεθα,

2267 1247 2397 1311 ἴσως
2427 1245 2567 1325 εὕρω
2591 1251 2715 1304 τινὰ
2741 1252 2838 1305 τοῦ
2868 1255 3039 1306 κακοῦ
3069 1254 3177 1325 (52)
3208 1252 3379 1311 λύσιν.

2337 1427 2714 1501 Αἴτησαμὲνου
2745 1426 2801 1483 δὲ
2831 1433 2927 1484 τοῦ
2958 1428 3130 1485 Θευδᾶ
3186 1431 3262 1495 εἷς
3314 1432 3527 1506 ὁμιλίαν
3572 1434 3716 1490 ἐλθεῖν
3749 1442 3811 1490 τοῦ

2264 1519 2407 1587 υίοῦ,
2466 1515 2629 1572 ἕωθεν
2683 1515 3130 1594 συμπαραλαϐὼν
3193 1521 3376 1594 αὐτὸν,
3432 1524 3458 1578 6
3514 1524 3726 1599 βασιλεὺς
3762 1525 3810 1587 εἷς

2266 1604 2542 1680 ἐπίσκεψιν
2575 1606 2871 1682 ἀπέργεται
2922 1612 3018 1663 τοῦ
3074 1610 3216 1667 υἱοῦ.
3280 1612 3378 1665 Καὶ
3427 1612 3623 1674 καθίσας
3672 1612 3812 1687 λόγους

2265 1694 2509 1765 ἐκίνησεν
2543 1698 2571 1750 6
2616 1695 2889 1770 βασιλεὺς,
2942 1695 3220 1768 ὀνειδίζων
3272 1698 3430 1754 αὐτὸν
3471 1702 3553 1754 καὶ
3600 1703 3811 1776 μεμοόμε-

466 1844 469 1845 ν
495 1810 704 1848 cusare
723 1793 989 1863 cmpitJll
1002 1810 1032 1847 ο
1050 1808 1183 1847 vero
1212 1796 1374 1846 recta
1388 1791 1661 1863 dogmata
1674 1805 1911 1844 rursum
1934 1788 2149 1842 contir—

2262 1805 2355 1848 νος
2386 1784 2473 1840 ἐπὶ
2503 1788 2573 1859 τῇ
2604 1785 2831 1858 άνηκοίᾳ
2863 1787 3025 1841 αὐτοῦ
3056 1788 3144 1841 καὶ
3175 1787 3444 1862 ἀνενδότῳ
3472 1792 3665 1865 γνώμῃ.
3696 1793 3811 1847 Έκεῖι

502 1882 1073 1953 mante,Christique
1093 1898 1294 1936 amore
1316 1880 1464 1935 nihil
1489 1880 1791 1949 antiquius
1812 1877 2156 1933 habendum

503 1988 633 2027 esse
666 1971 988 2036 clamante,
1028 1970 1301 2026 Theudas
1332 1970 1392 2023 in
1423 1969 1689 2023 medium
1730 1968 2031 2039 prodiens,
2066 1966 2157 2021 his

501 2060 695 2115 verbis
718 2074 861 2115 usus
892 2064 1020 2114 est:
1055 2059 1371 2126 Quidnam,
1404 2075 1435 2112 ο
1467 2058 1767 2127 Josaphat,
1795 2056 1950 2127 quod
1974 2056 2035 2109 in
2054 2054 2159 2109 im-

503 2148 854 2204 mortalibus
869 2147 981 2201 diis
995 2148 1214 2201 nostris
1229 2146 1780 2217 reprehendendum
1792 2146 1869 2199 sit
1882 2145 2156 2200 invenisti

499 2242 565 2291 ut
603 2242 664 2291 tu
687 2237 759 2291 ab
783 2253 987 2291 eorum
1013 2236 1174 2291 cultu
1199 2236 1558 2304 discederes,
1590 2252 1657 2291 ac
1679 2236 1833 2308 regis
1854 2236 2037 2307 patris
2071 2236 2154 2290 tui

491 2326 876 2381 animumita
906 2325 1266 2379 offendendo
1328 2324 1507 2379 totius
1552 2324 1755 2396 populi
1800 2323 2000 2380 odium
2048 2323 2153 2378 tibi

492 2430 899 2471 commoveres
922 2413 949 2468 ?
966 2416 1055 2468 An
1078 2430 1197 2468 non
1212 2413 1282 2468 ab
1308 2414 1381 2468 iis
1396 2414 1571 2468 vitam
1594 2413 1915 2484 accepisti?
1929 2416 2019 2468 An
2033 2428 2154 2468 non

494 2506 609 2578 ipsi
630 2506 785 2577 patri
810 2510 865 2559 te
883 2505 1038 2560 dono
1061 2505 1372 2574 dederunt,
1407 2505 1627 2560 auditis
1662 2505 1939 2560 videlicet
1965 2504 2152 2575 ipsius

497 2594 994 2667 precibus,eoque
1018 2594 1350 2649 sterilitatis
1372 2593 1625 2650 vinculis
1649 2594 1875 2649 soluto?
1887 2595 2029 2649 Cum
2046 2610 2151 2648 au-

497 2689 614 2738 tem
630 2683 849 2738 multos
868 2684 1076 2738 inanes
1099 2699 1499 2746 sermones,ac
1509 2683 1730 2740 multas
1744 2682 1985 2738 inutiles
1998 2700 2153 2753 quaa-

492 2773 717 2827 stiones
729 2772 831 2826 ille
845 2772 1181 2828 inveteratae
1194 2772 1593 2843 improbitatis
1606 2773 1780 2827 homo
1794 2776 2153 2843 proponeret

493 2866 670 2933 atque
693 2862 765 2917 de
783 2861 1078 2934 Evangelii
1111 2861 1533 2933 praedicatione
1551 2862 1917 2933 argumentis
1949 2868 2147 2917 necte-

493 2952 722 3019 ret,hoc
741 2951 1016 3006 videlicet
1035 2951 1473 3019 animo,uteam
1491 2952 2012 3024 suggilaret,atque
2027 2951 2149 3006 ido-

493 3042 688 3098 lorum
708 3042 934 3097 cultum
958 3042 1361 3107 confirmaret,
1378 3042 1479 3097 ille
1502 3042 1744 3113 superni
1768 3043 1940 3113 Regis
1964 3042 2144 3109 filius,

495 3136 673 3203 atque
694 3131 855 3186 illius
888 3131 1071 3199 urbis,
1098 3147 1275 3202 quam
1298 3147 1419 3186 non
1449 3131 1649 3199 homo,
1683 3132 1788 3186 sed
1818 3133 1972 3186 Deus
2002 3147 2141 3185 con-

496 3221 711 3276 struxit
726 3221 910 3289 (Hebr.
940 3221 1079 3291 vni),
1105 3220 1265 3287 civis,
1293 3225 1679 3291 posteaquam
1694 3238 1821 3275 sese
1842 3219 2145 3291 paulisper

497 3310 914 3378 continuisset,
948 3315 1072 3365 tum
1104 3309 1343 3365 demum
1375 3310 1448 3365 ad
1479 3310 1779 3381 Theudam
1809 3312 1928 3367 ait:

562 3399 735 3467 Audi,
767 3416 799 3453 o
824 3400 1172 3470 imposturaa
1195 3416 1427 3471 vorago,
1454 3416 1520 3455 ac
1556 3400 1955 3471 palpabilibus
1978 3407 2142 3457 tene-

494 3486 617 3542 bris
651 3487 1052 3559 caliginosior,
1069 3504 1273 3543 semen
1295 3487 1716 3559 Babylonicum
1738 3496 1914 3561 atque
1936 3491 2142 3546 Chala-

500 3575 650 3630 nicaa
683 3576 857 3630 torris
890 3581 1344 3643 exstructorum,
1380 3594 1634 3648 quorum
1666 3596 1845 3635 causa
1883 3580 2143 3635 mundus

497 3664 780 3719 confusus
803 3670 913 3730 est,
936 3682 1121 3736 nepos
1153 3667 1306 3735 (Gen.
1340 3668 1421 3739 χι)
1445 3685 1457 3734 ;
1488 3684 1652 3733 vane,
1678 3669 1943 3739 inquam,
1967 3676 2142 3740 atque

492 3752 705 3807 infelix
727 3755 1034 3826 senex,qui
1057 3756 1421 3827 gravioribus
1440 3774 1619 3828 quam
1642 3759 1906 3830 quinque
1929 3759 2047 3814 illm
2063 3759 2146 3814 di-

495 3842 637 3896 vino
660 3843 793 3915 igne
816 3849 1207 3899 concremata:
1231 3844 1407 3900 urbes
1427 3846 1751 3902 sceleribus
1772 3853 1828 3902 te
1850 3849 2145 3904 constrin-

499 3931 661 3986 xisti.
684 3932 908 4001 Ecquid
940 3933 1150 3989 salutis
1189 3934 1695 4005 praedicationem,
1733 3954 1837 4007 per
1868 3954 2045 4007 quam
2078 3955 2147 3993 ea

502 4036 633 4091 qua:
658 4020 918 4077 tenebris
949 4022 1309 4079 circumfusa
1327 4030 1515 4089 erant,
1540 4026 1735 4081 lucem
1764 4032 2143 4097 acceperunt,

497 4126 605 4181 per
626 4126 805 4180 quam
829 4116 1096 4167 errantes
1118 4112 1270 4167 viam
1290 4112 1663 4183 invenerunt,
1679 4130 1785 4186 per
1797 4131 1975 4186 quam
1990 4116 2142 4187 iiqui

500 4202 899 4275 perierant,ac
922 4204 1143 4260 misera
1165 4206 1445 4260 servitute
1466 4206 1908 4275 premebantur,
1934 4207 1994 4261 in
2019 4207 2141 4278 pri-

497 4294 721 4349 stinum
737 4297 956 4349 statum
968 4294 1227 4348 restituti
1247 4300 1404 4362 sunt,
1430 4295 1943 4351 cavillisinsectari
1963 4313 2142 4352 cona-

494 4383 578 4438 ris
594 4382 620 4437 ‘I
639 4383 791 4438 Cedo
813 4389 1011 4437 utrum
1036 4383 1274 4438 tandem
1300 4400 1369 4438 ex
1392 4385 1484 4439 his
1506 4385 1738 4441 duobus
1763 4389 2142 4458 prmstantius

497 4477 829 4543 est,nempe
847 4473 1316 4545 omnipotentem
1334 4475 1515 4529 Deum
1528 4492 1661 4529 cum
1676 4476 1978 4549 unigenito
1997 4478 2140 4532 Filio

497 4566 555 4617 et
576 4562 793 4633 Spiritu
812 4567 1015 4617 sancto
1040 4563 1256 4630 colere,
1280 4564 1485 4631 Deum,
1510 4564 1777 4635 inquam,
1811 4566 2140 4621 increatum

494 4656 553 4708 et
573 4651 1292 4721 immortalem,bonorum
1313 4654 1579 4709 omnium
1592 4654 2013 4727 fontem,cujus
2032 4674 2143 4712 nec

561 4807 676 4871 (52)
710 4804 771 4869 C,
804 4799 999 4857 καλου.

563 4876 675 4945 (53)
708 4877 753 4929 A
782 4875 909 4931 sine
937 4874 1132 4935 οὕτως.

562 4946 676 5019 (54)
707 4946 871 5002 Conf.
906 4965 963 5019 p.
995 4952 1049 5002 6.

563 5019 675 5092 (55)
702 5019 887 5090 Epist.
923 5019 996 5075 ad
1030 5019 1207 5092 Hebr.
1241 5034 1356 5092 vin,
1389 5021 1443 5074 2.

2220 1872 2227 1939 Ῐ
2263 1897 2357 1930 νου
2388 1873 2447 1930 δὲ
2474 1876 2541 1931 τὰ
2572 1875 2706 1931 αὐτᾶ
2744 1876 2894 1941 αὖθις
2948 1872 3297 1952 βεϐαιοῦντος
3342 1880 3429 1934 καὶ
3483 1878 3631 1953 μηδὲν
3676 1901 3811 1954 προτι-

2267 1970 2367 2038 μᾷν
2423 1967 2521 2037 τῆς
2577 1967 2813 2037 Χριστοῦ
2870 1965 3084 2040 ἀγάπης
3150 1969 3411 2043 βοῶντος,
3490 1969 3729 2045 παρελθὼν
3766 1971 3813 2030 εἰς

2267 2055 2452 2128 μέσον,
2488 2054 2514 2108 ὁ
2548 2052 2746 2116 Θευδᾶς
2778 2052 2901 2133 ἔφη.
2934 2056 3000 2112 Τί
3052 2056 3349 2133 κατέγνως,
3400 2057 3442 2112 ὦ
3487 2061 3709 2129 Ἰωάσαο,
3738 2064 3808 2112 τῶν

2263 2137 2538 2199 ἀθανάτων
2570 2145 2729 2217 ἡμῶν
2784 2145 2943 2214 Θεῶν,
3004 2144 3090 2199 ἀτι
3140 2152 3241 2215 τῆς
3299 2147 3471 2202 αὐτῶν
3518 2147 3714 2218 ἀπέστης
3750 2146 3813 2203 λιιι

2259 2233 2462 2310 τρείας,
2495 2234 2608 2303 καὶ,
2639 2235 2731 2288 τὸν
2762 2233 2853 2288 σὸν
2908 2235 3114 2310 πατέρα
3153 2234 3245 2289 καὶ
3299 2236 3519 2311 βασιλέα
3560 2236 3706 2300 οὕτως
3740 2239 3812 2309 (53)

2260 2323 2634 2398 παροργίζων,
2668 2324 2920 2395 μισητὸς,
2952 2324 3111 2378 παντὶ
3150 2321 3373 2401 γέγονας
3422 2331 3497 2398 τῷ
3539 2325 3673 2398 hii);
3709 2326 3809 2400 Οὐχὶ

2260 2414 2388 2487 παρ’
2417 2412 2589 2467 αὐτῶν
2622 2433 2707 2467 σοι
2735 2412 2797 2467 τὸ
2858 2417 2990 2486 ζῇνς
3037 2414 3136 2469 οὐκ
3180 2413 3338 2470 αὐτοὶ
3385 2415 3636 2491 παρέσχον
3675 2437 3719 2470 σε
3755 2422 3807 2485 τῷ

2258 2503 2446 2578 πατρὶ,
2505 2511 2605 2573 τῆς
2661 2502 2825 2558 αὐτοῦ
2882 2503 3204 2567 ἀκούσαντες
3265 2507 3438 2581 εὐχῆς
3491 2505 3573 2561 καὶ
3615 2510 3702 2560 τῶν
3743 2510 3809 2568 τῆς

2259 2594 2506 2657 ἀτεκνίας
2536 2592 2750 2666 δεσμῶν
2784 2594 3195 2669 λυτρωσάμενοι
3226 2599 3381 2669 (54);
3431 2595 3628 2659 Πολλὰς
3663 2594 3707 2651 δὲ
3742 2618 3811 2668 μα-

2257 2682 2575 2759 ταιολογίας
2628 2684 2718 2738 καὶ
2791 2684 3090 2762 ἀνωφελεῖς
3175 2685 3468 2759 προτάσεις
3520 2687 3546 2741 6
3597 2684 3641 2741 ἐν
3682 2691 3812 2747 moi;

2256 2774 2499 2849 γηράσας
2552 2769 3028 2849 προϐαλλόμενος,
3077 2773 3167 2829 καὶ
3219 2772 3613 2849 συλλογισμοὺς
3658 2774 3805 2849 {Simus

2256 2862 2382 2937 περὶ
2437 2867 2536 2918 τοῦ
2588 2862 2946 2938 κηρύγματος
2998 2868 3094 2918 τοῦ
3143 2863 3504 2939 Εὖαγγελίου,
3556 2863 3808 2940 βουλόμενος

2254 2956 2417 3008 τοῦτο
2452 2953 2547 3025 μὲν
2578 2950 2888 3027 χλευάζειν,
2918 2951 2985 3007 τὰ
3019 2949 3076 3007 δὲ
3130 2956 3238 3007 τῶν
3301 2951 3540 3010 εἰδώλων
3585 2952 3805 3027 κρατύνειν,

2257 3042 2442 3118 ὀλίγον
2471 3040 2716 3116 ἐπισχὼν
2747 3043 2774 3096 ὁ
2806 3048 2904 3111 τῆς
2963 3038 3075 3096 ἄνω
3137 3039 3422 3117 βασιλείας
3480 3042 3605 3112 υἱὸς,
3640 3042 3710 3096 καὶ
3739 3042 3803 3105 τῆς

2255 3130 2473 3193 πόλεως
2502 3128 2710 3199 ἐκείνης
2739 3128 2974 3200 πολίτης
3006 3128 3072 3198 ἣν
3122 3127 3317 3203 ἔπηξεν
3350 3131 3378 3185 ὁ
3409 3130 3599 3207 Κύριος
3639 3131 3706 3184 ιιιί
3741 3128 3807 3181 οὐκ

2256 3217 2542 3294 ἄνθρωπος
2576 3222 2711 3291 (55),
2745 3217 2878 3294 φησὶ
2912 3218 3051 3293 πρὸς
3080 3219 3171 3274 τὸν
3204 3217 3431 3278 Θευδᾶν.

2323 3400 2609 3467 Ἄκουσον,
2654 3399 2698 3452 ὧ
2755 3395 2969 3468 πλάνης
3032 3397 3182 3473 poet,
3241 3398 3334 3453 καὶ
3392 3400 3686 3474 ψηλαφητοῦ
3727 3392 3808 3447 n6-

2251 3510 2379 3551 τους
2412 3491 2518 3561 (56)
2571 3483 2957 3562 ζοφωδέστερε,
3012 3488 3076 3541 τὸ
3134 3488 3491 3563 Βαβυλώνιον
3542 3488 3731 3561 σπέρμα,
3769 3483 3807 3535 τὸ

2250 3585 2351 3648 τῆς
2412 3575 2723 3645 Χαλανικῆς
2776 3580 2886 3649 (57)
2936 3574 3307 3651 πυργοποιίας
3362 3575 3588 3651 ἔκγονον,
3634 3572 3691 3628 δι’
3722 3570 3805 3639 id

2251 3668 2459 3740 κόσμος
2494 3666 2789 3740 συνεχύθη,
2825 3666 3165 3739 ματαιὸφρον
3198 3667 3289 3720 καὶ
3325 3664 3477 3731 ἂθλιε
3523 3662 3807 3741 γέρον,οὗπερ

2253 3758 2342 3812 καὶ
2374 3760 2409 3825 ἡ
2441 3755 2570 3831 πυρὶ
2617 3755 2770 3813 286
2826 3752 2915 3809 καί
2971 3753 3098 3827 θείῳ
3153 3757 3543 3811 κατακαυθεῖσα
3593 3756 3683 3825 (58)
3724 3769 3809 3802 πεν-

2251 3842 2485 3907 τάπολις
2546 3848 2657 3912 (ὅθ)
2713 3840 3050 3919 ἐλαφροτέρα
3102 3847 3222 3905 τοῖς
3280 3844 3620 3917 ἁμαρτήμασι
3666 3841 3809 3913 γέγονε.

2255 3934 2323 3990 Τί
2349 3930 2638 4008 χλευάζειν
2668 3930 2969 4006 ἐπιχειρεῖς
3022 3928 3085 3985 τὸ
3144 3937 3245 3999 τῆς
3308 3931 3572 4006 σωτηρίας
3606 3931 3807 4003 κήρυγμιν

2254 4021 2326 4085 δι’,
2354 4025 2420 4092 ἧς
2453 4023 2521 4077 τὰ
2546 4018 2899 4093 ἐσκοτισμένα
2930 4019 3229 4093 ἐφωτίσθη,
3282 4018 3355 4075 δι’
3399 4024 3464 4090 ἧς
3510 4020 3557 4074 οἱ
3598 4015 3809 4081 πεπλανη-

2256 4115 2406 4187 μὲνοι
2436 4112 2535 4180 τήν
2571 4107 2693 4165 ὁδὸν
2727 4110 2906 4184 εὗρον,
2940 4106 3010 4163 δι’
3038 4111 3104 4177 ἧς
3135 4110 3186 4162 οἱ
3249 4107 3587 4169 διπολωλότες
3626 4107 3696 4160 καὶ
3736 4101 3809 4157 δει-

2251 4207 2358 4264 νῶς
2418 4198 2955 4275 αἰχμαλωτισθέντες
3040 4196 3461 4269 ἀνεκλήθησανς
3512 4199 3559 4252 τί
3610 4198 3807 4270 κρεῖττον,

2251 4290 2369 4346 εἰπέ
2402 4312 2519 4362 μοι,
2550 4293 2667 4360 Θεῷ
2698 4287 2975 4363 λατρεύειν
3008 4289 3408 4364 παντοκράτορι
3439 4287 3523 4342 σὺν
3554 4287 3647 4356 Υίῷ
3693 4300 3807 4355 μονοο

2251 4386 2400 4456 γενεῖ
2428 4381 2519 4435 καὶ
2550 4377 2823 4451 Πνεύματι
2855 4374 3019 4451 ἁγίῳ,
3052 4380 3167 4448 Θεῷ
3195 4375 3436 4449 άκτίστῳ
3486 4374 3567 4431 καὶ
3614 4368 3808 4437 aenis),

2249 4474 2318 4544 τῇ
2351 4469 2501 4546 ἀρχῇ
2532 4467 2624 4523 καὶ
2658 4470 2812 4541 πηγῇ
2844 4470 2953 4521 τῶν
2985 4464 3225 4540 ἀγαθῶν,
3255 4466 3318 4521 οὗ
3348 4468 3409 4521 τὸ
3448 4465 3624 4540 κράτος
3656 4459 3809 4516 ἀνείκα-

2253 4580 2376 4614 στον
2407 4563 2523 4631 (60)
2549 4555 2639 4611 καὶ
2671 4559 2705 4625 ἡ
2739 4553 2866 4628 δόξα
2898 4554 3307 4625 ἀκατάληπτος,
3359 4557 3404 4628 ᾧ
3453 4552 3809 4629 παρειστήκεισαν

2255 4647 2431 4725 χίλισι
2462 4645 2714 4707 χιλιάδες
2741 4646 2828 4700 καὶ
2882 4645 3069 4720 μύριαι
3116 4642 3377 4719 μυριάδες
3424 4642 3687 4719 ἀγγελικῶν
3722 4655 3805 4704 ταγ-

566 5080 673 5168 ζξῆὃ)
707 5080 999 5168 ᾖξερος-ιιι
1030 5090 1112 5168 ad
1134 5091 1312 5168 Exod.
1342 5080 1399 5157 κ,
1432 5093 1494 5145 21
1526 5107 1537 5146 ;
1573 5090 1863 5161 Γενηθήτω
1897 5089 2087 5155 σκότος
2120 5090 2149 5146 ἐκ

2256 5097 2343 5167 (ἧς
2382 5087 2677 5164 Αΐγύπτου,
2707 5086 3035 5168 ψηλαφητὸν
3070 5087 3282 5149 σκότος.
3317 5087 3397 5143 Cf.
3429 5104 3483 5158 p.
3515 5087 3620 5149 227,
3646 5097 3692 5134 ιι.
3719 5080 3753 5128 l.

564 5160 675 5232 (s7)
708 5164 791 5217 Cf.
824 5160 863 5217 ι.
898 5166 968 5233 II,
1001 5181 1058 5233 p.
1097 5165 1215 5217 160.

564 5211 675 5307 (58)
710 5236 776 5299 Α,
805 5211 1084 5307 καυθέῖξα,
1120 5234 1443 5290 amissione
1477 5233 1693 5307 saepius
1744 5234 2149 5307 animadversa

2256 5234 2580 5307 leliodorus
2628 5233 2779 5288 113th.
2827 5250 2908 5307 ιι,
3066 5227 3362 5290 σποδιάς...
3422 5226 3610 5307 ἀπάσης

493 5293 947 5375 ξιποσϐεσθέίσηςί,
972 5293 1165 5361 Codex
1200 5308 1401 5361 Venet.
1434 5293 2099 5375 409ξέναιιοσὸεσθείσης,
2136 5326 2149 5363 ι

2276 5307 2333 5361 id
2391 5304 2567 5375 male.
2618 5334 2689 5343 —
2736 5293 3072 5375 Respicitur
3117 5307 3323 5360 Genes.
3368 5318 3474 5369 XIX,
3518 5300 3605 5351 25:
3654 5293 3792 5361 Κύριος

492 5366 699 5453 ἔϐρεξεν
857 5366 1193 5453 Σόδομα-καὶ
1228 5373 1483 5453 Γογμόρῥα
1514 5366 1771 5453 βεῖονκαὶ
1803 5380 1909 5451 πῦρ
1942 5366 2096 5453 παρά
2118 5385 2149 5432 Κ

2258 5399 2320 5431 ου
2352 5376 2402 5449 ἐξ
2436 5374 2686 5450 οὐρανοῦ.
2721 5366 2885 5431 Conf.
2918 5378 3054 5432 Luc.
3089 5394 3218 5447 xvu,
3250 5378 3337 5427 29.

709 5446 962 5533 §odoma
989 5446 1891 5533 scilicetz'Gomorr'lia,‘Adama,
1925 5446 2415 5533 Zeboiﬁmf§egorﬂ
2505 5446 2512 5450 ⁷
3050 5520 3085 5533 μ
3120 5518 3157 5533 ν
3206 5446 3211 5447 ί
3238 5523 3249 5533 ί
3337 5514 3420 5533 ω
3573 5510 3586 5533 Ι
3665 5505 3688 5533 1
3715 5495 3781 5533 ιη,

566 5498 675 5594 {305
687 5498 1504 5594 _.iod;ixi§§_€iii~isfi13fxi:EH
1520 5498 1694 5594 13ξέιῖ
1703 5498 1793 5588 ἷῖξ
1796 5498 1959 5594 "ng?
1970 5498 2149 5578 “(5'53

2256 5498 2485 5587 adflante,
2515 5535 2631 5590 qua
2660 5534 2782 5594 una
2811 5536 2971 5594 nunc
3003 5520 3087 5594 uti
3120 5518 3256 5594 licet
3282 5540 3294 5573 :
3337 5514 3450 5594 Μὴ
3481 5498 3785 5594 νεξήῖῃιῆ

492 5578 735 5667 ῥᾳθυμία
758 5587 857 5667 τήν
893 5578 1173 5643 ἀνίκᾶστνὸν
1209 5611 1302 5644 σου
1336 5578 2146 5667 φιλανθρωπίαν(Ῐηςῖξρρναὸίί

2256 5603 2405 5650 tuam
2444 5578 2861 5647 humanitatem.
2918 5590 3243 5650 Botelerius
3293 5578 3476 5642 vertit.
3518 5582 3611 5637 Sed
3648 5578 3787 5646 lesen'

491 5656 645 5717 dum
676 5656 1009 5732 ἀνείκαστον,
1041 5678 1206 5733 quam
1237 5656 1561 5733 conjectura
1590 5682 1747 5722 nemo
1768 5656 1945 5737 possit
1975 5669 2212 5739 assequi.
