4010 6206
199 354 325 412 1157

1348 357 1527 416 που
1559 351 1914 413 ΒΔΒΙιᾹΔὶί
1950 352 2047 407 ΒΤ
2080 350 2424 407 ΣΟΔΒΔΡΗ.

3455 363 3595 424 1158

206 486 372 561 μάτων
402 479 493 537 καὶ
524 477 787 557 οὐρανίων
812 482 951 557 (61),
979 482 1069 539 καὶ
1099 480 1322 560 πλήρης
1356 484 1384 538 6
1416 481 1648 558 οὐρανὸς
1678 479 1769 565 καὶ
1791 480 1827 548 ἡ

1943 477 2262 550 imperium
2283 495 2350 534 ac
2372 478 2556 534 robur
2601 480 2946 554 conjectura
2987 483 3235 558 percipi,
3263 504 3373 546 nec
3402 492 3592 565 gloria

200 582 266 652 γῆ
293 579 388 643 τῆς
418 571 581 645 δόξης
608 570 805 645 αὖτοῦ,
838 570 909 627 δι’
940 574 1002 628 οὗ
1046 574 1114 628 τὰ
1146 572 1320 628 πάντα
1350 570 1409 628 ἐκ
1437 575 1538 627 τοῦ
1572 571 1649 645 μὴ
1678 564 1835 631 ὅντος

199 664 477 738 παρήχθη,
505 658 575 715 δι’
607 661 669 715 οὗ
698 665 977 735 κρατεῖται
1028 662 1092 717 τὸ
1147 668 1250 717 πᾶν
1300 662 1390 717 καὶ
1430 663 1711 735 συνέχεται
1741 657 1834 714 καὶ

193 758 259 828 ’τῇ
288 750 514 823 προνοίᾳ
545 750 707 805 αὐτοῦ
734 748 1043 824 διοικεῖται,
1066 752 1247 825 τούτῳ
1282 750 1499 827 βέλτιον
1531 746 1833 824 λατρεύειν,

193 843 226 912 ἢ
257 840 475 914 δαιμοσι
505 838 784 916 ὀλεθρίοις
814 842 903 896 καὶ
957 840 1192 916 ἀψύχοις
1220 837 1498 907 εἰδώλοις,
1533 839 1604 891 ὧν
1638 839 1674 906 ἡ
1709 834 1835 906 δόξα

189 927 577 992 καὶὸέπαινος
638 932 864 1007 μοιχεία
922 930 1033 986 ἐστὶ
1091 930 1181 985 καὶ
1238 927 1605 1006 παιδοφθορία
1649 925 1739 980 καὶ
1767 925 1836 979 τὰ

194 1023 357 1079 λοιπᾶ
383 1029 482 1092 τῆς
535 1020 768 1095 ἀνομίας
817 1017 968 1098 ἔργα,
1018 1020 1051 1074 ἃ
1099 1021 1223 1095 περὶ
1252 1024 1359 1075 τῶν
1399 1017 1675 1093 ὑμετέρων
1706 1017 1832 1070 ἀνα-

188 1114 482 1192 γέγραπται
515 1117 650 1177 θεῶν
711 1112 762 1168 ἐν
824 1117 939 1174 τοῖς
989 1114 1324 1188 συντάγμασι
1363 1116 1465 1181 τῆς
1494 1106 1833 1181 δεισιδαιμο-

186 1204 301 1266 νίας
350 1204 541 1275 ὑμῶνς
595 1201 710 1260 Ούκ
752 1199 1011 1269 αἰδεῖσθε,
1058 1201 1429 1275 ταλαίπωροι,
1478 1198 1650 1274 πυρὸς
1682 1198 1835 1252 ἀκοι-

194 1295 366 1365 μήτου
400 1291 557 1367 βορὰ,
591 1290 851 1363 ὁμοίωμα
897 1290 1083 1365 γένους
1134 1286 1470 1357 Χαλδαϊκοῦ,
1504 1287 1604 1343 οὐκ
1634 1283 1836 1360 αἲσχύ-

183 1393 335 1445 νεσθε
360 1381 523 1457 νεκρά
571 1381 735 1452 ξόανα
792 1383 1246 1454 προσκυνοῦντες,
1307 1380 1453 1437 287
1520 1376 1711 1451 χειρὸς
1740 1375 1835 1429 ἀν-

185 1470 460 1546 θρωπίνης
489 1465 661 1545 ἔργοις
718 1468 883 1523 Λίθον
934 1469 1035 1545 γὰρ
1087 1466 1438 1540 Λαξεύσαντες
1468 1467 1502 1535 ἢ
1536 1463 1695 1538 ξύλον
1744 1483 1835 1518 τε-

181 1558 583 1623 κτονεύσαντες,
644 1559 766 1612 θεὸν
822 1557 1320 1633 προσηγορεύσατε·
1380 1556 1491 1611 εἶτα
1547 1554 1639 1610 τὸν
1697 1551 1837 1608 κάλ-

183 1648 371 1705 λιστον
400 1647 460 1703 ἐκ
493 1646 799 1724 βουκολίων
848 1650 1041 1722 ταῦρον
1104 1640 1388 1715 λαϐόντες,
1419 1643 1455 1714 ἢ
1488 1643 1631 1700 ἄλλο
1663 1642 1832 1715 τυχὸν

177 1743 291 1794 τῶν
352 1737 794 1813 εὖπρεπεστάτων
850 1737 1030 1805 ζώων,
1089 1739 1264 1810 νεκρῷ
1328 1728 1624 1806 σεϐάσματι
1686 1731 1837 1796 θύετε

178 1827 426 1897 ἀνόητοι.
487 1824 833 1901 Τιμιώτερόν
893 1824 1005 1880 ἐστί
1067 1845 1163 1879 σου
1220 1827 1316 1878 τοῦ
1374 1818 1714 1896 σεϐάσματος
1770 1819 1834 1874 τὸ

175 1918 346 1989 θῦμα·
378 1916 439 1970 τὸ
501 1915 595 1988 μὲν
652 1915 754 1989 γὰρ
814 1912 999 1984 ξόανον
1060 1910 1341 1988 ἅνθρωπος
1400 1911 1648 1981 ἐποίησε,
1679 1908 1741 1965 τὸ
1774 1906 1831 1963 δὲ

176 2004 538 2076 ζῶονὸθεὸς
596 1999 1024 2079 ἐδημιούργησε.
1087 2002 1185 2059 Καὶ
1246 2001 1414 2056 πόσον
1474 2004 1570 2055 σοῦ
1615 1997 1828 2073 μᾶλλον

168 2099 276 2151 τοῦ
331 2093 556 2170 λογικοῦ
616 2093 976 2167 συνετώτερόν
1030 2091 1142 2146 ἐστι
1197 2092 1260 2146 τὸ
1319 2090 1519 2165 ἄλογον
1552 2093 1689 2159 ζῶον
1720 2107 1735 2159 ;
1766 2087 1830 2143 τὸ

179 2184 282 2260 μὲν
314 2184 412 2259 γὰρ
469 2179 583 2237 οἶδε
635 2182 730 2238 τὸν
785 2183 1070 2261 τρέφοντα·
1123 2180 1185 2235 σὺ
1231 2179 1290 2235 δὲ
1335 2181 1428 2235 τὸν
1461 2179 1588 2235 Θεὸν
1621 2178 1830 2253 ἠγνόη-

177 2295 279 2336 σας
308 2275 437 2347 (62),
472 2269 540 2326 δι’
573 2272 635 2325 οῦ
666 2270 727 2326 ἐκ
756 2276 852 2326 τοῦ
888 2271 965 2344 μή
998 2266 1153 2335 ὄντος
1180 2272 1501 2345 παρήχθης,
1536 2265 1604 2322 δι’
1637 2265 1698 2322 οῦ
1732 2269 1827 2340 ζῇς

173 2364 273 2419 καὶ
306 2363 715 2436 συντετήρησαι,
773 2361 866 2415 καὶ
921 2358 1107 2422 καλεῖς
1165 2359 1303 2429 θεὸν,
1362 2360 1418 2413 ’ὸν
1480 2357 1588 2433 πρὸ
1632 2360 1829 2431 μικροῦ

174 2448 407 2513 ἔϐλεπες
452 2447 667 2525 σιδήρῳ
718 2450 1052 2522 τυπτόμενον
1112 2448 1203 2503 καὶ
1261 2447 1392 2523 πυρὶ
1451 2444 1745 2520 καιόμενόν
1771 2465 1829 2499 τε

170 2545 273 2601 καὶ
328 2542 729 2619 χωνευόπενον,
795 2540 884 2596 καὶ
968 2539 1196 2618 σφύραις
1275 2538 1638 2611 ἐλαυνόμενον
1695 2540 1827 2608 (63),

170 2634 243 2688 ’ὸν
274 2635 380 2705 (64)
410 2630 646 2708 ἄργυρον
679 2629 771 2686 καὶ
818 2629 1022 2706 χρυσὸν
1075 2629 1405 2705 περιέθηκας
1436 2628 1551 2696 καὶ,
1582 2626 1826 2703 χαμόθεν

175 2719 419 2795 ὗψώσας,
472 2720 554 2797 ἐφ’
616 2716 836 2793 ὑψηλοῦ
887 2719 1241 2794 μετεώρισας·
1293 2718 1428 2786 εἶτα,
1498 2715 1677 2771 πεσὼν
1739 2713 1825 2769 ἐπὶ

180 2817 290 2881 τῆς
343 2816 463 2885 γῆς,
519 2813 619 2864 τοῦ
673 2812 931 2864 ταπεινοῦ
989 2806 1147 2872 λίθου
1202 2810 1376 2861 κεῖσαι
1429 2803 1827 2879 ταπεινότερος,

182 2903 499 2974 προσκυνῶν
532 2897 600 2952 οὐ
633 2897 775 2967 θεὸν,
809 2894 957 2951 ἀλλά
1000 2898 1077 2952 τὰ.
1107 2894 1240 2972 ἔργα
1268 2899 1374 2949 τῶν
1403 2894 1606 2969 χειρῶν
1641 2914 1736 2948 σου
1764 2892 1831 2947 τὰ

181 2988 347 3062 νεκρὰ
372 2986 459 3043 καί
492 2984 695 3061 ἄψυχα.
729 2982 957 3041 Μᾶλλον
1009 2986 1161 3043 288
1195 2982 1252 3038 δὲ
1283 2980 1408 3038 οὐδὲ
1435 2982 1621 3055 νεκρὸν
1651 2982 1711 3036 ἃν
1743 2979 1827 3051 εἴη

184 3076 391 3132 δίκαιον
420 3074 707 3131 καλεῖσθαι
732 3076 795 3130 τὸ
826 3072 1055 3129 εἴδωλον
1082 3094 1098 3143 ;
1128 3077 1248 3137 πῶς
1292 3073 1396 3148 γὰρ
1428 3072 1488 3127 ἂν
1518 3071 1708 3147 νεκρὸν
1742 3068 1824 3140 εἴη

174 3169 243 3223 τὸ
293 3164 566 3241 μηδέποτε
627 3166 831 3234 ζὴσαν;
887 3160 1032 3217 ἀλλὰ
1084 3183 1136 3217 τι
1195 3162 1380 3217 καινὸν
1428 3155 1536 3216 ἔδει
1587 3160 1826 3236 ἐφευρεῖν

1944 573 2143 625 mente
2170 570 2593 641 comprehendi
2616 573 2929 642 potest,cui
2948 575 3352 647 angelicorum
3384 598 3450 636 ac
3476 601 3593 641 caa-

1942 659 2184 715 lestium
2234 659 2509 715 ordinum
2559 662 2749 718 millia
2775 664 3055 735 millium,
3089 670 3147 721 et
3176 666 3372 724 decies
3405 673 3594 730 millia

1943 750 2202 805 millium
2235 753 2449 821 astant,
2469 754 2640 824 cujus
2666 754 2854 826 gloria
2883 757 3097 812 caelum
3128 765 3185 813 et
3228 765 3385 816 terra
3415 763 3595 833 plena

1944 846 2213 911 sunt,per
2237 856 2414 911 quem
2441 842 2641 897 omnia
2672 860 2741 896 ex
2770 844 2958 899 nihilo
2987 847 3048 900 in
3078 852 3275 903 ortum
3304 850 3591 921 producta

1944 935 2216 1001 sunt,per
2238 948 2415 1003 quem
2440 933 2697 988 mundus
2727 936 3069 992 continetur
3096 955 3163 994 ac
3186 948 3593 1012 conservatur,

1942 1020 2251 1091 ipsiusque
2268 1022 2641 1092 providentia
2655 1023 3241 1096 gubernatur,colere
3262 1046 3330 1085 ac
3345 1048 3592 1088 venera-

1943 1108 2017 1175 ri;
2041 1125 2116 1164 an
2128 1126 2263 1164 vero
2283 1111 2595 1181 pestiferos
2621 1112 2923 1169 daemones
2936 1121 3112 1187 atque
3127 1118 3393 1175 inanima
3406 1122 3595 1177 simu-

1942 1197 2121 1266 lacra,
2132 1215 2383 1268 quorum
2396 1200 2527 1255 laus
2542 1205 2599 1254 et
2610 1201 2799 1273 gloria
2810 1202 3168 1260 adulterium
3182 1211 3366 1274 est,ac
3377 1226 3599 1279 puero-

1940 1302 2077 1342 rum
2090 1290 2859 1361 constupratio,caateraque
2875 1292 3095 1364 ﬂagitia
3111 1312 3244 1366 quae
3256 1297 3328 1352 de
3344 1297 3458 1353 diis
3473 1316 3589 1354 ves-

1944 1376 2053 1431 tris
2068 1376 2128 1431 in
2145 1378 2584 1448 superstitionis
2606 1384 2813 1434 vestrae
2833 1381 3234 1440 voluminibus
3260 1389 3599 1460 conscripta

1947 1465 2160 1520 sunt?N
2166 1482 2242 1519 on
2254 1482 2355 1519 vos
2367 1467 2983 1540 pudet,miseri,atque
2998 1471 3149 1543 ignis
3162 1476 3511 1545 sempiterni
3525 1479 3602 1534 ci-

1944 1554 2077 1621 bus,
2110 1554 2531 1626 Chaldaicique
2554 1558 2790 1628 generis
2822 1560 3277 1617 similitudinem
3302 1570 3598 1636 gerentes;

1946 1658 2068 1697 non
2085 1643 2482 1715 vos,inquam,
2506 1650 2769 1701 mortuas
2783 1651 3006 1703 statuas
3021 1649 3283 1706 humana
3296 1668 3477 1709 manu
3496 1672 3599 1709 ex-

1945 1736 2169 1787 tructas
2191 1732 2439 1788 adorare
2452 1734 2635 1804 pudet
2650 1734 2677 1788 ?
2702 1736 2930 1791 Caesum
2959 1738 3117 1792 enim
3134 1739 3393 1811 lapidem
3409 1746 3512 1797 aut
3528 1742 3604 1798 li-

1946 1837 2127 1893 gnum
2142 1822 2557 1877 acfabriliarte
2585 1823 2860 1894 politum,
2894 1827 3071 1882 deum
3102 1832 3497 1902 nuncupatis:
3530 1848 3602 1888 ac

1945 1910 2159 1965 deinde
2178 1912 2737 1982 eximiumtaurum,
2770 1920 2871 1969 aut
2900 1916 3062 1971 aliud
3091 1917 3340 1975 fortasse
3360 1938 3431 1977 ex
3460 1922 3593 1993 pul-

1943 2000 2255 2055 cherrimis
2274 2000 2563 2072 cujusque
2590 2003 2825 2075 generis
2855 2006 3262 2063 animantibus
3277 2026 3591 2066 assumen-

1943 2096 2053 2157 tes,
2079 2095 2312 2146 mortuo
2327 2092 2583 2159 numini,
2614 2109 2731 2163 qua
2747 2095 3035 2151 vaecordia
3049 2098 3211 2165 estis,
3244 2099 3588 2156 immolatis.

1941 2180 2136 2250 Atque
2148 2180 2385 2236 victima
2402 2181 2511 2235 deo
2529 2187 2627 2236 tuo
2641 2185 3019 2253 praestantior
3033 2189 3193 2241 est.N
3196 2204 3291 2242 am
3304 2189 3474 2244 illum
3488 2191 3595 2245 ho-

1941 2284 2037 2323 mo
2070 2267 2416 2337 elaboravit,
2448 2271 2602 2325 Deus
2635 2277 2833 2326 autem
2877 2274 3100 2329 animal
3129 2277 3478 2346 procreavit.
3514 2279 3595 2333 Ac

1940 2362 2254 2429 propterea
2267 2359 2443 2413 etiam
2461 2357 2700 2414 brutum
2715 2361 2937 2417 animal
2968 2367 3044 2431 te,
3080 2365 3179 2435 qui
3194 2366 3425 2423 ratione
3442 2384 3597 2439 prae-

1942 2445 2100 2502 ditus
2114 2446 2523 2519 es,prudentia
2536 2454 2594 2502 et
2609 2450 2925 2523 sagacitate
2938 2454 3425 2511 antecellitJllud
3437 2457 3598 2513 enim

1942 2552 2079 2590 eum
2096 2553 2129 2591 a
2142 2554 2261 2607 quo
2278 2537 2457 2593 alitur
2477 2539 2731 2603 novit,tu
2745 2546 2953 2597 contra
2968 2541 3119 2614 ejus,
3148 2561 3308 2616 aquo
3324 2564 3395 2602 ex
3408 2546 3595 2603 nihilo

1940 2624 2263 2698 productus
2279 2627 2655 2698 es,cujusque
2671 2628 2960 2685 beneﬁcio
2977 2632 3117 2687 vivis
3137 2639 3192 2688 et
3204 2638 3593 2705 conservaris,

1941 2715 2311 2787 ignoratione
2331 2715 2587 2770 laboras.
2610 2718 2693 2771 Ac
2723 2718 2900 2772 deum
2931 2720 3195 2791 appellas
3214 2739 3387 2794 quem
3418 2725 3593 2795 paulo

1942 2810 2079 2859 ante
2102 2804 2257 2858 ferro
2275 2804 2593 2871 vesbcrari,
2626 2810 2803 2877 atque
2828 2807 2959 2879 igne
2983 2809 3250 2879 conﬂari,
3285 2817 3342 2865 et
3362 2814 3595 2869 malleis

1942 2892 2112 2949 tundi
2144 2893 2407 2963 videbos,
2444 2910 2621 2964 quem
2648 2901 2893 2968 argento
2926 2902 3103 2969 atque
3133 2915 3277 2954 auro
3336 2900 3592 2973 cinxisti,

1944 2988 2121 3053 atque
2144 2999 2178 3037 a
2193 2986 2348 3037 terra
2361 2983 2421 3037 in
2434 2983 2621 3037 altum
2638 2984 3282 3059 sustulisti;posteaque
3300 2990 3361 3044 in
3378 2990 3593 3046 ierram

1944 3072 2211 3143 abjectus
2239 3071 2453 3143 abjecti
2487 3071 2702 3143 lapidis
2736 3073 3025 3146 abjectior
3055 3093 3116 3130 es
3145 3077 3440 3146 adorator,
3473 3096 3594 3135 non

1946 3163 2130 3217 Deum
2155 3160 2430 3229 adorans,
2468 3161 2570 3217 sed
2590 3168 2825 3218 mortua
2854 3168 2912 3219 et
2945 3165 3158 3220 animas
3186 3168 3448 3238 expertia
3469 3185 3592 3225 ma-

181 3256 331 3329 αύτῷ
386 3251 561 3327 ὄνομα
619 3256 708 3309 καί
765 3259 867 3322 τῆς
936 3250 1207 3321 τοσαύτης
1265 3250 1688 3329 παραφροσύνης
1739 3248 1828 3304 ἐπ-

1947 3267 2135 3306 nuum
2156 3255 2395 3305 tuarum
2421 3252 2749 3322 opera.Imo
2774 3269 3012 3321 vero,ne
3034 3260 3335 3311 mortuum
3352 3257 3593 3328 quidem

179 3350 350 3419 ἀξιον.
381 3347 442 3404 Ὀ
478 3347 570 3418 μὲν
602 3346 702 3421 γὰρ
752 3343 961 3405 λίθινος
1008 3342 1319 3419 θρύπτεται,
1354 3343 1381 3397 6
1412 3340 1470 3396 δὲ
1508 3340 1822 3417 ὀστράκινος

176 3436 525 3515 κατάγνυται,
560 3436 587 3490 6
618 3434 869 3510 χαλκοῦς
900 3432 1101 3503 ίοῦται,
1135 3433 1163 3486 6
1197 3436 1434 3506 χρυσοῦς
1477 3432 1566 3487 καὶ
1599 3432 1626 3485 6
1658 3430 1827 3507 ἄργυ-

179 3533 311 3601 ροῦς
340 3524 660 3603 χωνεύεται.
699 3522 878 3579 Ἀλλὰ
909 3522 1000 3577 καὶ
1049 3524 1449 3597 πιπράσκονται
1482 3522 1534 3576 οἱ
1564 3520 1674 3575 θεοί
1706 3542 1825 3589 σου,

181 3620 239 3671 οἱ
274 3618 368 3690 μὶν
402 3614 618 3676 εὗώνως
654 3614 705 3668 οἱ
735 3610 793 3667 δὲ
838 3618 1007 3685 τιμῆς
1048 3611 1131 3665 ὃτι
1175 3610 1458 3682 πλείστης.
1492 3611 1617 3686 Ούχ
1644 3613 1679 3680 ἠ
1709 3609 1825 3665 θεό-

177 3728 281 3777 της
307 3705 408 3780 γὰρ
440 3702 645 3776 αὐτοῖς,
696 3700 824 3757 ἄλλ’
853 3704 887 3771 ἡ
921 3700 1025 3772 ὕλη
1073 3702 1174 3771 τήν
1221 3700 1578 3756 πολυτέλειαν
1613 3698 1825 3759 δίδωσι,

184 3796 316 3851 Θεὸν
348 3791 405 3849 δὶ
432 3793 516 3855 τίς
548 3791 838 3867 ἁγορᾶζει;
890 3791 1008 3855 θεὸν
1061 3788 1146 3851 τίς
1191 3789 1408 3860 πωλεῖς
1458 3789 1586 3852 Θεὸς
1619 3787 1676 3844 δὲ
1707 3790 1827 3844 ἀκί-

174 3905 345 3953 νητος
389 3887 507 3946 πῶς
556 3881 881 3955 ὀνομάζεται
932 3878 1092 3949 θεός;
1135 3879 1171 3948 ἢ
1217 3880 1330 3954 οὐχ
1375 3878 1503 3953 ὁρᾷς
1554 3879 1635 3934 ὅτι
1668 3879 1696 3933 6
1731 3879 1825 3951 μὲν

174 3974 351 4035 ὶστὼς
385 3969 650 4027 οὐδέποτε
678 3971 981 4039 καθέζεται,
1018 3972 1045 4023 6
1094 3965 1152 4023 δὲ
1180 3967 1540 4041 καθεζόμενος
1571 3965 1830 4023 οὐδέποτε

175 4062 460 4117 ἀνίσταται
492 4082 508 4132 ς

248 4328 615 4407 Αἲσχύνθητι,
672 4328 893 4398 ἀνόητε,
948 4332 1111 4403 χεῖρα
1169 4327 1254 4388 θὶς
1312 4322 1399 4380 ἐπὶ
1457 4326 1685 4398 στόματι
1733 4329 1830 4399 σῷ,

170 4419 570 4496 μεμωραμίνε,
619 4418 687 4475 τὰ
741 4420 967 4473 τοιαῦτα
1051 4414 1307 4472 ἐπαινῶν.
1393 4419 1503 4484 Τῆς
1569 4413 1830 4485 ἀληθείας

165 4512 281 4588 γὰρ
318 4508 738 4585 ἀλλοτριωθεὶς,
779 4504 997 4581 ψευδέσι
1049 4504 1244 4566 τύποις
1292 4502 1628 4575 ἐπλανήθης,
1661 4502 1829 4581 ἀγᾶλ-

1938 3357 2175 3413 aaquum
2208 3345 2299 3396 est
2328 3340 2715 3396 simulacrum
2774 3343 3097 3414 appellare,
3147 3362 3349 3401 verum
3375 3364 3593 3404 novum

1937 3429 2239 3503 quoddam
2255 3446 2322 3485 ac
2336 3435 2500 3485 tanta
2517 3431 2780 3487 amentia
2791 3432 3035 3505 dignum
3051 3450 3268 3489 nomen
3292 3438 3593 3509 excogita-

1936 3537 2001 3576 re
2019 3536 2126 3592 par
2140 3521 2401 3576 est.Nam
2418 3519 2687 3591 lapideus
2702 3522 3450 3592 comminuitur,testaceus
3463 3544 3598 3583 con-

1937 3595 2477 3681 frin,;,gitur,ligneus
2489 3611 3104 3682 corrumpitur,aareus
3123 3612 3395 3685 rubigine
3408 3615 3600 3671 inﬁci-

1940 3706 2279 3769 tur,aureus
2302 3705 2360 3754 et
2379 3706 2693 3772 argenteus
2708 3702 2826 3773 igni
2841 3702 3500 3768 conﬂatur.Quinetiam
3516 3705 3597 3761 dii

1940 3790 2025 3845 tui
2044 3790 2263 3861 partim
2284 3790 2492 3862 exiguo
2511 3805 2579 3845 ac
2600 3790 2722 3858 vili,
2754 3790 2973 3862 portim
2991 3808 3224 3847 summo
3251 3795 3441 3865 pretio
3459 3812 3598 3850 ven-

1940 3879 2391 3950 duntur.Neque
2416 3880 2577 3935 enim
2596 3880 2741 3951 iqsis
2758 3880 3055 3948 divinitas,
3079 3883 3181 3937 sed
3197 3884 3448 3940 materia
3466 3901 3597 3956 pre-

1942 3970 2093 4024 tium
2110 3968 2415 4040 dat.Atqui
2444 3970 2630 4024 Deum
2663 3969 2940 4041 quisnam
2972 3988 3168 4027 emere
3214 3977 3316 4028 aut
3344 3974 3597 4030 vendere

1942 4058 2176 4129 queat?J
2182 4074 2277 4113 am
2296 4074 2555 4129 quonam
2578 4060 2908 4131 pactoDeus
2932 4060 3267 4131 appellatur
3282 4062 3382 4131 qui
3400 4067 3598 4117 motus

1942 4164 2153 4220 expers
2175 4147 2310 4202 est?
2340 4149 2430 4202 An
2452 4164 2572 4202 non
2596 4148 2745 4202 illud
2795 4148 3012 4217 cernis,
3046 4165 3155 4203 nec
3179 4164 3315 4203 eum
3346 4149 3449 4219 qui
3483 4154 3599 4204 stat

1942 4253 2210 4308 unquam
2236 4236 2443 4291 sedere
2476 4253 2589 4291 nec
2622 4253 2756 4291 eum
2790 4236 2892 4307 qui
2925 4235 3383 4306 sedet,unquam
3416 4239 3600 4293 stare?

2014 4327 2243 4382 Pudeat
2262 4333 2378 4394 te,o
2401 4342 2603 4380 vecors
2630 4342 2642 4379 :
2676 4342 2921 4380 manum
2944 4326 3032 4379 ori
3057 4341 3309 4397 appone,
3342 4342 3375 4380 ο
3393 4326 3593 4397 stulte,

1944 4418 2046 4489 qui
2068 4433 2163 4471 res
2178 4413 2522 4485 hujusmodi
2539 4413 3008 4468 laudas.Etenim
3025 4431 3059 4469 a
3075 4415 3317 4469 veritate
3331 4431 3589 4483 aversus,

1942 4507 2108 4562 falsis
2126 4505 2372 4577 picturis
2392 4504 2684 4575 deciperis
2702 4509 2878 4574 atque
2900 4504 2960 4559 in
2977 4504 3245 4559 fraudem
3267 4504 3589 4575 induceris,

172 4621 328 4675 ματα
354 4597 635 4666 πλάττων,
668 4598 755 4651 καὶ
805 4600 922 4657 τοῖς
972 4591 1156 4669 ἔργοις
1204 4597 1313 4648 τῶν
1346 4594 1547 4668 χειρῶν
1581 4614 1678 4649 σου
1708 4596 1828 4649 θεοῦ

1944 4603 2168 4652 statuas
2190 4594 2467 4650 videlicet
2490 4593 3106 4666 efﬁngens,rebusque
3127 4611 3310 4649 manu
3333 4600 3433 4649 tua
3453 4597 3599 4651 οἰγο-

162 4689 475 4765 περιτιθείς
526 4687 722 4759 ὄνομα.
783 4683 1114 4758 Ἀνάνηψον,
1166 4680 1344 4755 ἄθλιε,
1397 4681 1488 4736 καὶ
1544 4682 1697 4745 σύνες
1752 4682 1835 4739 ὅτι

238 4846 355 4915 (61)
388 4845 680 4912 Respectu
704 4840 778 4915 ad
808 4836 1249 4915 Danielem._§f.
1284 4838 1583 4915 pag._229,_
1612 4852 1673 4891 n.
1706 4836 1762 4891 5.

1948 4687 2059 4741 ctis
2090 4684 2192 4741 Dei
2208 4699 2427 4739 nomen
2475 4682 3162 4757 attribuens.Resipisce,
3195 4684 3399 4753 miser,
3414 4688 3591 4756 atque

236 4901 356 4988 (‘62)
389 4901 681 4988 Respectu
705 4912 779 4969 ad
816 4913 929 4967 Isa.
964 4927 1001 4978 ι,
1030 4912 1059 4965 3
1088 4925 1103 4965 :
1136 4901 1313 4981 Ἐγνῶ
1346 4901 1475 4981 βόῦς
1532 4905 1623 4959 τὸν
1681 4926 1828 4978 κτησ‹

1943 4926 2023 4962 νον
2079 4905 2170 4961 καὶ
2228 4901 2354 4968 ὄνος
2408 4904 2509 4974 τήν
2542 4907 2748 4982 φάτνην
2794 4910 2891 4961 τοῦ
2932 4904 3123 4981 κυρίου
3155 4906 3340 4961 αὐτοῦ’
3374 4904 3597 4983 Ἰσραὴλ

170 4984 232 5042 δὲ
244 4984 255 4988 ⁷
374 4984 480 5039 οὐκ
508 4984 669 5058 ἔγνω.

243 5046 367 5131 (ὂ3)
402 5059 465 5123 C,
492 5046 828 5131 τύπτόμενον
855 5053 943 5107 καὶ
980 5072 1069 5127 σφ.
1103 5047 1287 5131 ἐλαυᾎ.
1320 5051 1395 5131 A_,
1413 5046 1653 5131 τυπτςμ.
1684 5050 1775 5131 καὶ
1807 5071 1828 5104 τ

1943 5048 2214 5131 πιόμενον.
2258 5048 2374 5131 S_ecl
2399 5050 2477 5131 'in
2525 5050 2573 5104 Α
2616 5055 2913 5131 corrector
2960 5050 3182 5131 omissa
3212 5051 3493 5131 inseruit,
3518 5052 3601 5131 E}

162 5119 643 5209 hoinéotéleuto
671 5119 893 5209 lacuna
921 5119 1203 5209 ortaest;
1242 5121 1493 5209 Iisellus,
1557 5119 1637 5209 De
1694 5124 1925 5209 damon.
1987 5119 2045 5194 p.
2098 5124 2210 5177 77:
2268 5119 2519 5209 Καθέπερ

2572 5120 2677 5195 γὰρ
2723 5122 2887 5197 ἡμῶν
2923 5114 3262 5197 -φο-ϐηθέντες
3296 5119 3446 5185 αὖθις
3475 5120 3599 5197 ἐρύ-

438 5201 574 5255 κατᾶ
600 5202 767 5254 ταῦτα
797 5195 934 5265 δὴ...
967 5199 1069 5274 Est
1098 5188 1427 5274 φοβηθέντες
1453 5185 1763 5274 illamilla
1797 5202 1828 5266 ι]

1943 5185 2072 5274 rum
2133 5185 2676 5274 prougoSqoév-Eiov',
2712 5185 2891 5274 ‘q'uod
2923 5185 3102 5274 habet
3131 5185 3512 5274 cgdexdiilp,‘
3531 5202 3594 5251 in

157 5259 288 5348 qno
324 5274 564 5348 plenior
608 5277 697 5348 est
744 5259 1077 5348 sententia;
1110 5259 1271 5348 'Kaé),
1326 5285 1387 5348 γ..Δ
1442 5266 1518 5348 ἡ..
1561 5259 1828 5348 φοβηθὲντ

1971 5259 2157 5348 (ἷζχρος
2218 5259 2331 5348 ενῖκλε
2383 5259 2607 5348 παρειὰς
2638 5262 2728 5316 καὶ
2753 5259 3110 5348 αἶ’δεσρεντῶν
3142 5263 3293 5326 αὖθις
3324 5264 3402 5336 ἐρ.
3438 5259 3593 5323 Bene

155 5334 358 5404 etiam
393 5345 476 5399 ibi
510 5345 794 5422 scriptum
827 5348 916 5398 est
942 5339 1078 5394 κατὰ
1105 5338 1292 5422 ταῦτα.
1424 5334 1766 5422 notandurn
1786 5357 1828 5392 νε

1943 5356 1961 5394 ι
1977 5334 2177 5422 ἐύχρος
2208 5334 2322 5422 εἷλε
2352 5334 2584 5422 παρειὰς,
2612 5352 2740 5391 esse
2774 5354 2844 5422 er
2873 5337 3081 5422 'llliade
3123 5334 3377 5422 sumpta.

228 5420 361 5487 (64)
401 5410 646 5470 Videtur
674 5414 733 5468 in
767 5416 811 5468 A
843 5410 1217 5487 correctore?
1248 5410 1503 5487 voluisse
1563 5410 1912 5487 rescribe-re.
1977 5410 2077 5487 Est

2176 5407 2379 5495 uidem'
2432 5406 3059 5495 αὐτοὺςυπεριθησομαι
3118 5406 3427 5495 pag."l60,
3484 5426 3595 5464 nec

151 5477 378 5546 tamen
412 5488 538 5542 sine
571 5486 871 5541 varietate.
906 5486 1048 5538 Nam
1080 5477 1260 5537 habet
1284 5483 1351 5547 A,
1386 5483 1505 5553 ῌῶς
1540 5479 1725 5541 αὐτοῖς
1758 5482 1828 5533 πά

1954 5478 2117 5553 ⁸τοὺς.
2154 5477 2507 5552 δερματίνους
2540 5481 2773 5553 χιτῷνας
2804 5478 2893 5553 καὶ
2923 5477 2984 5532 τὸ
3013 5477 3411 5553 τῆξαίσχύνης
3441 5500 3592 5553 περι-

145 5562 423 5628 θήσομαι
451 5553 897 5634 περιᾷόλαιονηο
922 5560 1144 5634 autem,
1178 5556 1310 5634 Πῶς·
1340 5549 1555 5634 ἀὐτοὺς
1609 5571 1668 5606 π.
1697 5572 1794 5634 -τέ
1835 5549 1885 5634 δε
1943 5547 2282 5634 dirigi-death:
2344 5568 2458 5624 χιτ.
2513 5547 2604 5634 καὶ
2633 5550 2695 5604 τὸ
2737 5570 2786 5605 τ.
2826 5549 2983 5634 αἰσχ.
3016 5547 3375 5634 περιθήσαιμι
3408 5547 3589 5622 περἰϐ.

143 5622 331 5689 Alibi
355 5622 702 5711 ’περιτιθέναι
733 5626 924 5711 dativo
940 5626 1160 5711 jungit,
1187 5624 1354 5711 ‘verbi
1387 5636 1584 5711 causa,
1614 5641 1670 5711 p.
1696 5625 1817 5677 288.
1841 5626 1953 5711 Nec
2073 5624 2269 5711 ipsum
2301 5622 2673 5711 exemplum,
2685 5623 2843 5711 quod
2874 5622 3094 5711 adtuli,"
3110 5642 3236 5680 rem
3266 5622 3587 5681 decernere

142 5703 403 5777 poterit
427 5692 452 5769 ς’
474 5718 659 5773 quum
689 5696 885 5760 αὐτοὺς
917 5692 1107 5771 possit
1134 5697 1207 5754 ad
1240 5712 1428 5752 unum
1460 5692 1796 5769 ἀμφιᾶσαιμι

1943 5696 2057 5762 :rri,
2090 5692 2148 5750 ἐι
2178 5692 2489 5751 subaudiri
2517 5692 2720 5755 αὐτοῖς
2733 5701 2869 5755 ante
2898 5694 3287 5769 περιθήσομαι.
