4030 6202
240 367 388 425 1169

1404 380 1578 435 VITA
1612 371 1964 432 BARLAAM
1999 370 2095 426 ΒΤ
2130 368 2468 427 ιοΑειΑΡΗ.

3501 356 3646 434 ἰίτο

242 492 390 564 ἄξιον
443 491 883 568 ἱπιδιιξαμενους
939 494 1185 573 ἀνδριάσι
1254 498 1463 576 Αέγεται
1520 500 1611 555 καὶ
1666 495 1885 568 στήλαις

2007 499 2101 551 tus
2122 496 2212 550 vel
2234 496 2458 551 strenui
2478 494 2783 565 animi,vel
2800 493 3192 551 amicitiamvel
3212 496 3542 570 cujuspiam
3563 505 3651 558 aI-

240 585 491 655 τιμῆσαι.
527 582 594 641 Οἱ
626 581 684 638 δὲ
718 584 854 657 μετὰ
888 590 1073 641 ’ταῦτα
1126 590 1226 659 τήν
1282 594 1392 644 τῶν
1448 590 1738 665 προγόνων
1793 587 1885 662 ἆγ-

236 674 535 743 νοήσαντες
587 674 838 748 γνώμην,
887 677 978 730 καὶ
1033 675 1149 745 ὅτι,
1204 680 1430 752 μνήμης
1484 676 1637 734 (ἑνεκα
1697 678 1886 751 μόνον,

235 766 359 824 τοῖς
392 760 675 817 ἐπαινετόν
731 784 782 817 τι
839 768 1129 836 ποιήσασιν
1185 766 1502 842 ἀνδριαντας
1530 767 1619 823 καὶ
1679 763 1886 836 στήλας

234 850 572 923 ἀνέστησαν,
621 852 755 907 κατᾶ
807 855 1001 929 μικρὸν
1044 855 1399 930 πλανώμενοι
1453 861 1520 931 τῇ
1568 861 1666 911 τοῦ
1720 857 1885 931 ἀρχε-

229 940 406 994 κάκου
464 939 723 1013 δαίμονος
778 941 1042 1019 ἐνεργείᾳ,
1104 945 1176 1007 ὡς
1232 944 1514 1008 ἀθανάτοις
1573 951 1718 1010 θεοῖς
1772 948 1889 1005 τοῖς

234 1027 719 1100 ὁμοιοπαθέσικαὶ
777 1038 1040 1109 φθαρτοῖς
1097 1033 1403 1109 ἀνθρώποις
1462 1035 1886 1110 προσετέθησαν,

227 1117 328 1172 καὶ
381 1119 566 1181 θυσίας
622 1120 811 1184 αὐτοῖς
888 1121 977 1176 καί
1036 1120 1271 1185 σπονδὰς
1338 1123 1723 1195 ἐπενοήσαντο,
1776 1126 1886 1177 τῶν

232 1202 515 1279 δαιμόνων
571 1206 831 1279 δηλονότι
887 1216 1004 1273 τοῖς
1060 1211 1270 1282 ξοάνοις
1326 1212 1750 1283 ἐνοικησάντων,
1796 1210 1887 1266 καὶ

228 1297 377 1370 πρὸς
416 1296 645 1361 ἑαυτοὺς
695 1299 796 1367 τὴν
854 1301 1024 1373 τιμήν
1074 1303 1165 1355 καί
1222 1304 1319 1364 τὰς
1377 1302 1560 1365 θυσίας
1624 1298 1887 1375 μεθελκο-

231 1387 467 1447 σάντων.
513 1389 744 1444 Ἐκεῖνοι
802 1389 985 1444 τοίνυν
1042 1390 1173 1453 τοὺς
1229 1392 1305 1465 μή
1340 1390 1736 1466 δοκιμάζοντας
1793 1390 1889 1445 τὸν

229 1475 369 1530 Θεὸν
401 1473 547 1550 ἔχειν
579 1475 631 1531 ἐν
663 1474 952 1552 ἐπιγνώσει
994 1479 1238 1544 πείθουσι
1286 1482 1440 1544 θεοὺς
1491 1480 1689 1544 αὐτοὺς
1734 1481 1888 1553 ἠγεῖ-

231 1576 386 1632 σθαι,
421 1562 571 1619 δυοῖν
601 1566 785 1641 χάριν⁸
835 1567 904 1621 ’ἐν’
953 1567 1105 1623 αὐτοὶ
1159 1569 1254 1642 μὲν
1303 1574 1371 1644 τῇ
1421 1571 1766 1646 προσηγορίᾳ
1797 1566 1890 1623 δο-

228 1654 485 1725 ξάζοιντο
509 1654 678 1728 ταύτῃ
707 1653 952 1729 (ἥδονται
991 1658 1117 1732 γὰρ,
1155 1660 1248 1713 ἅτε
1292 1661 1525 1734 πλήρεις
1570 1658 1890 1727 ἀλαζονείας

226 1737 409 1812 ὄντες,
442 1744 517 1806 ὡς
572 1743 686 1798 θεοὶ
744 1747 1045 1818 τιμᾶσθαι),
1109 1746 1307 1810 αὐτοὺς
1365 1745 1423 1802 δὲ
1477 1747 1570 1809 οὕς
1599 1748 1887 1817 ἠπατήκα-

228 1852 319 1886 σιν
370 1830 445 1894 εἷς
501 1832 565 1887 τὸ
615 1833 1021 1907 ἡτοιμασμένον
1074 1835 1263 1897 αὐτοῖς
1311 1831 1565 1892 ἄσϐεστον
1615 1835 1884 1891 ἒλκύσωσι
1920 1864 1965 1928 Β

223 1924 478 1994 πῦρ
535 1923 691 1978 Ὅθεν
750 1928 923 1978 πᾶσαν
983 1923 1179 1985 αὐτοὺς
1235 1922 1481 1996 ἐδίδαξαν
1540 1923 1884 1999 παρανομίαν

222 2010 325 2065 καὶ
383 2009 745 2085 αἰσχρότητα,
806 2012 881 2074 ὡς
939 2011 1077 2083 ἅπαξ
1132 2013 1506 2089 ὑποπαγέντας
1544 2018 1613 2088 τῇ
1668 2014 1886 2069 ἐκείνων

225 2098 437 2173 ἀπάτῃ.
469 2098 590 2155 Ἐπί
647 2103 840 2155 τοῦτον
901 2102 994 2156 οὗν
1052 2100 1145 2157 τὸν
1204 2101 1499 2181 κολοφῶνα
1549 2107 1657 2158 τῶν
1706 2106 1887 2157 κακῶν

228 2186 490 2253 ἐλθόντες
547 2189 599 2243 οἳ
658 2186 958 2264 ἅνθρωποι,
1020 2189 1392 2265 ἐσκοτισμένοι
1443 2188 1613 2262 ὅντες,
1662 2188 1888 2255 ἕκαστος

226 2281 332 2333 τοῦ
389 2274 539 2332 ἰδίου
596 2277 803 2343 πάθους
857 2280 949 2335 καὶ
994 2288 1095 2351 τῆς
1155 2279 1299 2344 ἰδίας
1359 2280 1648 2355 ἐπιθυμίας
1698 2276 1891 2351 ἔστησε

227 2366 447 2438 στήλην
484 2409 499 2435 ,
555 2368 643 2422 καὶ
706 2369 824 2432 θεὸν
883 2372 1036 2428 299
1096 2368 1381 2443 ὠνόμασε,
1446 2368 1735 2444 βδελυκτοὶ
1789 2376 1890 2439 τῆς

222 2452 468 2527 πλάνης,
525 2453 1068 2531 βδελυκτότεροιτῆς
1127 2458 1355 2523 ἀτοπίας
1382 2463 1489 2514 τῶν
1547 2480 1889 2534 προσκυνου-

235 2548 411 2620 μὲνων
442 2547 757 2622 γενόμενοι.
790 2550 936 2611 Ἒως
978 2548 1156 2605 ἐλθὼν
1188 2551 1216 2606 ὁ
1248 2550 1445 2627 Κύριος
1476 2549 1567 2606 διὰ
1596 2549 1890 2626 σπλάγχνα

231 2634 422 2698 ἆλέους
453 2639 526 2710 (3)
556 2635 721 2692 αὐτοῦ
776 2636 1120 2713 ἐλυτρώσατο
1168 2641 1319 2712 ἡμᾶς
1363 2640 1490 2702 τοὺς
1536 2639 1887 2702 πιστεύοντας

234 2724 388 2796 αὐτῷ
413 2732 510 2795 τῆς
555 2732 804 2802 πονηρᾶς
850 2728 1055 2799 ταύτης
1085 2728 1175 2783 καὶ
1227 2727 1483 2805 ὀλεθρίου
1530 2728 1767 2798 πλάνης,
1798 2730 1888 2783 καὶ

227 2812 441 2885 ἐδίδαξε
467 2816 565 2884 τὴν
617 2815 802 2887 ἀληθῆ
858 2816 1206 2894 θεογνωσίαν.
1263 2817 1377 2875 Οὐκ
1432 2814 1677 2892 ἔστιγὰρ
1710 2838 1887 2887 σωτη-

227 2902 344 2977 ρία,
377 2903 422 2958 εί
466 2905 543 2977 μὴ
602 2903 655 2958 ἐν
688 2903 837 2978 αὐτῷ
893 2909 990 2977 (4),
1040 2905 1133 2961 καὶ
1192 2906 1295 2961 οὐκ
1349 2901 1490 2961 ἔστιν
1553 2903 1725 2969 ἄλλος
1772 2907 1890 2968 θεὸς

227 2989 359 3047 οὔτε
415 2990 468 3047 ἐν
524 2992 756 3066 οὐρανῷ,
816 2991 941 3049 οὔτε
993 2992 1080 3049 ἐπὶ
1110 2993 1234 3069 γῆς,
1285 2993 1329 3049 εἷ
1393 2996 1468 3067 μὴ
1530 2994 1688 3057 αὐτὸς
1721 2995 1889 3067 μόνος

226 3080 258 3134 ὁ
316 3083 417 3135 τοῦ
473 3082 672 3145 παντὸς
733 3083 993 3155 ποιητὴς,
1033 3083 1264 3138 ὁπάντα
1319 3084 1497 3161 φέρων
1549 3088 1629 3155 τῷ
1682 3083 1887 3159 ῥήματι

218 3172 325 3238 τῆς
387 3166 669 3244 δυνάμεως
720 3171 1015 3245 αὐτοῦ(5).
1056 3176 1148 3243 Τῷ
1206 3171 1357 3247 λόγῳ
1405 3172 1531 3247 γὰρ,
1591 3172 1723 3249 φησὶ
1781 3176 1880 3245 (6),

216 3257 433 3333 Κυρίου
482 3260 535 3313 οἱ
588 3260 813 3333 οὖρανοῖ
872 3261 1294 3335 ἐστερεώθησαν,
1355 3261 1555 3333 καὶτῷ
1613 3260 1881 3333 πνεύματι

216 3351 323 3403 τοῦ
386 3348 656 3422 στόματος
714 3348 877 3404 αὐτοῦ
934 3356 1080 3405 πᾶσα
1132 3353 1168 3420 ἡ
1220 3348 1447 3423 δύναμις
1504 3351 1706 3405 αὐτῶνθ
1766 3350 1877 3419 καὶ,

216 3438 402 3493 πάντα
430 3440 510 3511 (7)
541 3435 612 3493 δι’
642 3437 809 3493 αὐτοῦ
839 3437 1076 3513 ἐγένετο,
1106 3439 1196 3494 καὶ
1230 3440 1407 3515 χωρὶς
1459 3439 1624 3495 αὐτοῦ
1674 3439 1880 3514 ἐγένετο

220 3525 359 3582 οὐδὲ
386 3524 442 3582 ἓν
465 3527 494 3583 ’ὀ
518 3529 761 3602 γέγονεν.

1999 586 2184 640 terius
2197 584 2428 640 virtutis
2446 601 2594 657 opus
2617 584 2907 640 memoria
2921 584 3164 657 dignum
3180 584 3651 657 edidissent,sta-

1999 674 2117 729 tuis
2139 691 2380 730 ornasse
2405 674 2641 730 dicitur.
2676 674 2901 729 Posteri
2934 676 3458 747 autem,majorum
3479 694 3651 735 men-

1999 767 2119 817 tem
2150 763 2512 835 ignorantes,
2544 780 2760 834 nempe
2807 762 2963 835 quod
3012 765 3317 820 memoria;
3363 764 3649 822 duntaxat

1999 869 2176 907 causa
2199 853 2270 907 iis
2293 853 2392 923 qui
2424 853 2596 907 laude
2628 852 2870 925 dignum
2896 853 3123 923 aliquid
3157 854 3495 910 effecissent
3524 862 3643 911 sta-

2002 945 2130 995 tuas
2162 946 2220 996 et
2249 941 2556 995 columnas
2584 942 3226 1009 erexissent,dmmonis
3247 944 3371 999 vitii
3395 948 3646 1001 auctrris

1999 1047 2178 1100 opera
2201 1031 2488 1100 paulatim
2511 1030 3158 1098 aberrantes,homines
3181 1033 3390 1089 iisdem
3414 1037 3647 1107 passio-

1996 1118 2176 1174 nibus
2207 1119 2492 1174 obnoxios
2523 1136 2590 1174 ac
2616 1121 2980 1192 corruptioni
3006 1122 3327 1193 subjectos,
3359 1130 3646 1197 tanquam

1999 1208 2366 1263 immortales
2398 1208 2539 1263 deos
2588 1210 2931 1276 adorarunt,
2962 1211 3372 1283 sacriﬁciaque
3403 1214 3549 1285 ipsis
3580 1232 3649 1270 ac

1999 1297 2287 1352 libamina
2338 1300 2783 1371 excogitarunt:
2847 1298 3219 1357 daemonibus
3266 1302 3541 1359 videlicet
3584 1304 3646 1359 in

1999 1387 2211 1440 statuis
2240 1386 2665 1454 habitantibus,
2700 1392 2877 1458 atque
2908 1389 3249 1459 hujusmodi
3271 1391 3558 1448 honorem
3589 1398 3649 1448 et

2000 1476 2293 1531 sacriﬁcia
2313 1476 2385 1530 ad
2409 1492 2538 1531 sese
2564 1477 3166 1547 pertrahentibus.llli
3192 1478 3390 1550 itaque
3416 1498 3516 1536 eos
3543 1481 3645 1552 qui

1998 1564 2186 1618 Deum
2214 1564 2274 1617 in
2306 1565 2518 1619 notitia
2549 1564 2765 1619 habere
2797 1566 3045 1621 minime
3094 1567 3348 1638 probant
3376 1570 3549 1637 (Dom.
3579 1574 3642 1637 ι),

1998 1651 2221 1723 duplici
2254 1653 2325 1707 de
2357 1669 2535 1708 causa
2564 1659 2629 1708 ut
2659 1671 2720 1708 se
2747 1654 2889 1708 deos
2922 1671 3051 1709 esse
3084 1656 3423 1712 existiment
3453 1658 3643 1713 addu-

1998 1746 2178 1795 cunt:
2213 1741 2419 1807 altera,
2452 1747 2518 1795 ut
2547 1743 2657 1812 ipsi
2691 1743 2801 1797 hoc
2824 1745 3068 1797 nomine
3098 1744 3644 1819 celebrentur,gau-

1999 1830 2143 1885 dent
2174 1832 2337 1886 enim
2368 1832 2501 1902 ipsi,
2534 1836 2735 1903 utpote
2766 1832 2921 1887 fastu
2953 1839 3128 1904 atque
3160 1837 3498 1907 arrogantia
3516 1837 3644 1908 ple-

1993 1921 2220 1989 ni,cum
2251 1923 2397 1993 ipsis
2430 1928 2710 1992 tanquam
2742 1922 2855 1977 diis
2875 1924 3068 1978 honor
3089 1925 3400 1994 tribuitur;
3433 1927 3642 1995 altera,

1995 2016 2060 2065 ut
2089 2028 2189 2066 eos
2220 2029 2370 2081 quos
2402 2013 2464 2066 in
2496 2012 2766 2067 fraudem
2793 2013 3136 2069 induxerint
3159 2015 3231 2070 ad
3249 2022 3645 2088 praeparatum

1996 2100 2109 2155 sibi
2137 2102 2567 2172 sempiternum
2599 2102 2797 2173 ignem
2846 2104 3106 2158 trahant.
3153 2105 3353 2175 quue
3400 2106 3645 2161 nomine

1994 2189 2157 2243 omni
2187 2189 2394 2261 ﬂagitii
2425 2206 2491 2245 ac
2540 2191 2925 2261 turpitudinis
2969 2208 3185 2264 genere
3215 2193 3375 2263 ipsos
3401 2192 3646 2248 erudie-

1994 2279 2307 2345 runt,adeo
2338 2284 2401 2334 ut
2433 2296 2641 2335 eorum
2672 2279 2866 2334 fraudi
2897 2282 3061 2351 atqui
3085 2282 3429 2353 imposturaa
3462 2283 3646 2338 semel

1995 2368 2214 2424 addicti
2249 2369 2771 2438 homines,mentis
2804 2371 3066 2425 tenebris
3097 2373 3647 2446 circumfusi,atque

1995 2458 2067 2514 ad
2085 2458 2380 2514 malorum
2403 2459 2796 2531 colaphonem
2810 2462 3234 2531 venientes,sui
3253 2464 3504 2533 quisque
3522 2464 3647 2519 vitii

1995 2565 2063 2603 ac
2085 2566 2206 2604 suae
2229 2549 2570 2620 cupiditatis
2591 2554 2847 2604 statuam
2871 2550 3430 2623 ﬁxerint,deumque
3452 2554 3647 2608 nomi-

1996 2638 2349 2703 narint.Qua
2381 2638 2623 2709 quidem
2654 2639 2715 2692 in
2746 2655 2831 2707 re,
2864 2656 2998 2693 cum
3030 2641 3249 2694 erroris
3281 2641 3371 2695 sui
3401 2644 3645 2697 nomine

1996 2728 2342 2781 exsecrandi
2366 2728 2639 2795 sint,tum
2654 2744 2792 2783 vero
2819 2728 2892 2781 ob
2909 2744 3113 2784 earum
3129 2745 3327 2783 rerum
3352 2746 3498 2799 quas
3512 2731 3648 2785 ado-

1995 2821 2132 2871 rant
2161 2816 2590 2871 absurditatem
2621 2817 2833 2887 majori
2877 2819 3281 2873 exsecratione
3330 2818 3538 2889 dignos
3584 2836 3646 2874 se

1996 2905 2402 2977 prmbuerunt.
2434 2904 2497 2958 Id
2519 2911 2718 2959 autem
2742 2905 2947 2960 tandiu
2970 2907 3165 2961 locum
3191 2905 3415 2974 habuit,
3449 2906 3645 2979 quoad

1996 2996 2281 3051 Dominus
2295 2996 2637 3066 perviscera
2651 2996 3073 3051 misericordiae
3088 3013 3207 3051 suae
3222 3014 3331 3051 nos
3345 2998 3445 3068 qui
3460 2997 3648 3069 ipsius

1997 3084 2113 3139 fide
2137 3083 2367 3155 praediti
2394 3101 2619 3150 sumus,
2649 3102 2717 3140 ex
2741 3084 3011 3156 improbo
3042 3102 3109 3141 ac
3132 3085 3412 3157 pestifero
3436 3086 3649 3157 hujus-

1997 3173 2156 3228 modi
2177 3189 2375 3227 errore
2388 3173 2936 3245 liberavit,veraque
2951 3174 3050 3229 Dei
3066 3175 3400 3247 cognitione
3413 3175 3647 3231 imbuit.

1996 3265 2194 3334 Neque
2221 3263 2381 3318 enim
2402 3263 2464 3317 in
2484 3264 2601 3318 alio
2625 3264 2746 3319 ullo
2770 3264 2931 3318 salus
2953 3270 3180 3331 est,nec
3210 3269 3428 3336 praeter
3447 3266 3645 3336 ipsum

1992 3352 2185 3407 solum
2216 3353 2317 3423 qui
2350 3352 2639 3407 mundum
2669 3354 2882 3421 effecit,
2916 3370 2983 3408 ac
3014 3354 3246 3408 virtutis
3301 3370 3421 3409 suae
3469 3354 3645 3411 verbo

1992 3444 2194 3498 omnia
2212 3448 2412 3514 portat
2431 3444 2613 3514 (Hebr.
2639 3447 2703 3511 1),
2728 3444 2881 3499 alius
2902 3444 3049 3498 deus
3075 3450 3176 3500 aut
3196 3444 3257 3498 in
3281 3444 3429 3500 cmlo
3451 3451 3554 3500 aut
3579 3445 3641 3500 in

1994 3538 2152 3588 terra
2182 3537 2289 3587 est.
2325 3533 2513 3588 Verbo
2574 3534 2733 3588 enim
2791 3534 3047 3601 Domini,
3081 3534 3275 3604 inquit
3328 3534 3452 3603 ille,
3505 3534 3641 3590 οωΙί

222 3619 454 3674 ﬁrmati
489 3624 649 3685 sunt,
677 3624 736 3674 et
765 3620 980 3691 spiritu
1010 3620 1129 3675 oris
1161 3620 1291 3693 ejus
1322 3620 1517 3676 omnis
1545 3620 1730 3675 virtus
1762 3637 1966 3677 eorum
1998 3623 2169 3694 (Psal.
2204 3621 2382 3693 χχιιι)
2408 3640 2421 3691 ;
2445 3626 2622 3694 atque
2651 3624 2853 3678 omnia
2898 3639 3006 3694 per
3045 3622 3241 3694 ipsum
3284 3623 3439 3679 facta
3479 3629 3642 3692 sunt,

223 3714 287 3763 et
318 3709 450 3765 sine
480 3710 609 3780 ipso
639 3709 862 3765 factum
895 3716 983 3766 est
1013 3711 1165 3765 nihil
1196 3710 1353 3781 quod
1376 3710 1596 3766 factum
1627 3716 1717 3765 est
1746 3713 1925 3781 (Joan.
1957 3712 2017 3785 ι).

296 3798 311 3816 ε
420 3798 437 3815 κ
631 3803 658 3813 α
848 3797 861 3817 Ι
1143 3797 1155 3819 Ι
1352 3803 1378 3814 θ’
1490 3797 1503 3818 ε
1610 3796 1622 3817 Ι

314 3794 448 3854 Οδε
492 3794 714 3867 Θευδας,
767 3818 974 3853 τουτων
1028 3799 1258 3861 ἄκουσας
1312 3820 1422 3854 των
1478 3800 1761 3874 ρήματιυν,
1792 3799 1883 3853 καὶ

220 3887 310 3942 ὅτι
374 3885 597 3961 πλήρης
630 3886 861 3963 ὅλόγος
918 3885 1267 3952 θεοδιδάκτου
1325 3888 1514 3966 σοφίας
1567 3878 1886 3965 ἐτύγχανεν,

218 3981 322 4033 οἷα
381 3978 616 4052 βροντῆς
676 3977 807 4054 ἤχῳ
862 3975 1253 4054 καταπλαγεὶς,
1307 3979 1520 4050 ἀφωνία
1576 3978 1879 4055 συνείχετο.

219 4067 367 4141 Ὀψὲ
398 4064 456 4121 δὲ
490 4066 581 4123 καὶ
639 4066 803 4139 μόλις
859 4067 937 4129 εἷς
995 4066 1243 4138 α⁹ίσθησιν
1305 4067 1479 4123 ἐλθὼν
1530 4075 1631 4138 τῆς
1690 4070 1882 4123 ἑαυτοῦ

220 4155 561 4226 ἀθλιότητος
594 4154 795 4229 (ἥψατο
833 4156 935 4232 γὰρ
991 4161 1098 4211 τῶν
1155 4156 1547 4230 ἐσκοτισμὲνων
1582 4156 1879 4235 ὀφθαλμῶν

216 4251 328 4314 τῆς
360 4242 585 4319 καρδίας
640 4246 807 4301 αὐτοῦ
834 4245 863 4300 ὁ
894 4247 1166 4322 σωτήριος
1225 4244 1411 4319 λόγος,
1452 4245 1540 4301 καὶ
1572 4245 1749 4309 πολὺς
1776 4252 1883 4302 τῶν

218 4333 510 4410 προτέρων
567 4334 733 4390 αὐτοῦ
792 4333 960 4408 εἰσῄει
1043 4335 1424 4408 μετάμελος),
1481 4335 1570 4390 καὶ
1625 4343 1726 4405 τῆς
1772 4341 1880 4391 τῶν

2063 3803 2333 3859 Theudas
2361 3808 2561 3859 autem
2582 3817 2715 3857 cum
2738 3802 2865 3857 haec
2893 3801 3069 3857 verba
3090 3801 3429 3871 audivisset,
3463 3807 3641 3874 atque

1991 3892 2334 3963 hujusmodi
2348 3908 2686 3949 sermonem
2701 3892 2983 3946 divinitus
2996 3891 3191 3947 infusa
3204 3892 3499 3963 sapientia
3515 3891 3641 3963 ple-

1990 3997 2136 4036 num
2151 3998 2278 4037 esse
2292 3987 2877 4052 cerneret,tanquam
2890 3982 3135 4036 tonitrui
3150 3998 3296 4035 sono
3309 3982 3639 4051 perculsus,

1992 4068 2229 4123 silentio
2256 4068 2855 4124 tenebatur.Tandem
2888 4074 3084 4123 autem
3108 4068 3431 4137 aliquando
3460 4068 3642 4121 mise-

1991 4158 2141 4212 riam
2169 4174 2337 4213 suam
2377 4174 2705 4229 agnoscens
2752 4156 3192 4229 (obtenebratos
3241 4155 3399 4209 enim
3443 4154 3641 4209 cordis

1992 4246 2178 4317 ipsius
2199 4247 2403 4301 oculos
2420 4246 2698 4301 salutaris
2716 4244 2985 4299 doctrina
2998 4244 3521 4315 tetigerat)ingenti
3537 4260 3641 4298 an-

1992 4340 2196 4390 teacta:
2216 4336 2347 4389 vita:
2374 4335 2745 4405 pmnitudine
2769 4335 3013 4389 affectus
3040 4338 3147 4400 est;
3171 4338 3346 4403 atque
3361 4331 3638 4387 condem-

218 4422 479 4479 εἰδώλων
512 4421 724 4494 πλάνης
776 4422 1097 4500 καταγνοὺς,
1130 4429 1209 4495 τῷ
1249 4423 1431 4502 φέγγει
1465 4431 1563 4493 τῆς
1614 4420 1883 4487 εὐσεϐείας

1997 4430 2129 4478 nato
2151 4424 2447 4479 idolorum
2468 4440 2689 4490 errore,
2713 4422 2787 4477 ad
2810 4422 3048 4493 pietatis
3068 4422 3265 4477 lucem
3288 4422 3639 4489 accurrit,ac

217 4510 597 4589 προσέδραμε.
656 4514 757 4570 Καὶ
815 4514 878 4568 τὸ
931 4512 1021 4568 ὁπ’
1063 4512 1269 4568 ἐκείνου
1326 4514 1472 4569 αῧτω
1528 4520 1626 4584 τῆς
1663 4516 1883 4589 μοχθη-

224 4607 333 4677 ρᾶς
365 4603 594 4677 ἀγωγῆς
642 4603 858 4673 ἆπήστη
917 4602 1007 4657 καὶ
1063 4603 1321 4658 τοσοῦτον
1380 4604 1565 4657 ἑαυτὸν
1623 4608 1739 4665 τοῖς
1768 4603 1885 4659 ἀτί-

222 4712 364 4767 μοις
421 4689 800 4764 ἐξεπολέμωσε
847 4694 1039 4756 πάθεσι
1116 4692 1206 4747 καὶ
1268 4691 1536 4767 μαγείαις,
1599 4693 1729 4763 ὅσην
1786 4695 1888 4767 ἄρα

219 4779 339 4857 ττρὸ
377 4780 575 4836 τούτου
620 4782 720 4849 τήν
774 4782 913 4856 πρὸς
972 4781 1106 4837 αὐτὰ
1164 4781 1349 4859 φιλίαν
1396 4782 1695 4839 ἐσπείσατο.
1752 4782 1888 4840 Τότε

223 4872 329 4944 μὲν
359 4871 466 4944 γὰρ
500 4869 553 4925 ἐν
591 4871 741 4943 μέσῳ
762 4875 860 4925 τοῦ
900 4869 1181 4944 συνεδρίου
1232 4872 1416 4939 ἑστὼς,
1461 4876 1558 4926 τοῦ
1619 4870 1888 4947 βασιλέως

215 4961 731 5033 προκαθεζομὲνου,
787 4958 1001 5037 μεγάλῃ
1062 4964 1131 5033 τῇ
1192 4963 1347 5038 φωνῇ
1400 4955 1623 5031 ἐϐόησεν
1661 4980 1674 4994 ⁸
1733 4964 1888 5019 300

221 5045 506 5117 Ἀληθῶς,
538 5048 584 5101 ὦ
618 5046 866 5123 βασιλεῦ,
923 5052 1138 5120 πνεῦμα
1189 5052 1323 5103 Θεοῦ
1373 5047 1513 5103 οἰκεῖ
1568 5047 1619 5103 ἐν
1672 5053 1752 5121 τῷ
1810 5050 1887 5123 (8)

1990 4514 2269 4585 deinceps
2282 4530 2315 4568 a
2327 4513 2613 4569 scelerata
2627 4518 2681 4567 et
2695 4512 3056 4567 exsecranda
3066 4512 3195 4566 vita:
3208 4512 3436 4566 ratione
3450 4527 3639 4582 usque

1996 4603 2143 4657 adeo
2176 4619 2305 4658 sese
2328 4603 2595 4667 removit,
2626 4607 2977 4672 tantumque
3000 4618 3134 4655 cum
3161 4600 3433 4671 turpibus
3453 4599 3640 4654 animi

1997 4692 2411 4747 affectionibus
2467 4692 2830 4764 magicisque
2892 4690 3117 4745 artibus
3166 4690 3389 4744 bellum
3437 4689 3643 4761 gessit,

1998 4788 2285 4853 quantum
2300 4788 2435 4838 ante
2450 4783 2668 4837 amoris
2690 4782 2877 4837 fmdus
2892 4798 3024 4836 cum
3050 4780 3194 4851 ipsis
3210 4781 3470 4835 ferierat.
3500 4780 3643 4834 Nam

1998 4878 2121 4927 tum
2138 4872 2197 4925 in
2212 4873 2409 4927 medio
2426 4872 2678 4927 concilio
2694 4869 3241 4941 stans,przesidente
3256 4885 3412 4940 rege,
3432 4883 3647 4939 magna

1996 4978 2135 5015 voce
2152 4962 2533 5016 exclamavit:
2562 4963 2731 5027 Vere,
2753 4976 2920 5024 orex,
2948 4959 3191 5029 spiritus
3214 4958 3313 5012 Dei
3331 4958 3390 5011 in
3409 4957 3644 5011 ﬁliotuo

1998 5050 2245 5120 habitat,
2269 5067 2402 5123 vere
2416 5050 2584 5104 fracti
2607 5065 2673 5103 ac
2696 5048 2955 5120 superati
2969 5064 3196 5115 sumus,
3221 5064 3329 5101 nec
3344 5046 3645 5101 defensio-

302 5200 384 5277 (2)
414 5202 770 5277 Matth.__xxv,
799 5204 861 5277 4‘1
900 5200 1245 5277 :ﬂllogpeﬁews
1276 5202 1365 5255 ἀπ’
1397 5201 1532 5274 ἐμοῦ
1564 5203 1615 5255 οἱ
1651 5201 2018 5277 κατηραμένοι
2052 5201 2127 5263 είς
2157 5202 2220 5256 τὸ
2246 5206 2352 5277 πῦρ
2382 5201 2442 5257 τὸ
2474 5200 2715 5271 αἰώνιον,
2744 5200 2807 5255 τὸ
2836 5199 3248 5273 ἡτοιμασμένον
3278 5202 3357 5271 τῷ
3387 5192 3644 5271 Διαϐόλῳ

345 5270 462 5347 τοῖς
495 5271 755 5347 ἀγγὲλοις
787 5272 974 5331 αὐτοῦ.
1008 5270 1174 5331 Conf.
1207 5290 1338 5347 pag.
1375 5270 1463 5344 66,
1497 5292 1555 5346 II,
1590 5277 1677 5330 78.

302 5345 731 5416 (3)Luc;g78.

566 5418 777 5494 Apo_st_._
802 5434 874 5494 ly,
912 5422 976 5473 l2
1002 5417 1145 5494 :_Kal
1181 5415 1280 5472 οὐκ
1310 5415 1450 5472 ἔστιν
1484 5413 1537 5471 ἐν
1562 5414 1719 5491 ἄλλῳ
1750 5414 1885 5473 οὐδε

2028 5417 2290 5494 σωτηρία.

300 5488 377 5561 (5)
410 5489 596 5561 Epist.
622 5488 705 5544 ad
738 5489 911 5547 Hebr.
945 5507 984 5561 ι,
1016 5492 1069 5548 3.

301 5559 377 5700 (ὅ)
408 5560 566 5615 Psal.
600 5576 781 5628 χχχιι,
811 5564 863 5615 6.

320 5632 353 5683 ‘7
413 5632 583 5687 Joan.
616 5649 653 5699 ι,
691 5634 742 5687 3.

320 5632 376 5699 ‘7)
413 5632 583 5687 Joan.
616 5649 653 5699 ι,
691 5634 742 5687 3.

300 5702 375 5773 (8)
402 5704 503 5758 Est
531 5704 789 5759 varietas
815 5700 1017 5759 ἐνοικεῖ
1051 5706 1152 5778 τῷ.
1196 5704 1383 5762 Habet
1409 5707 1623 5781 πνεῦμα
1672 5704 1813 5761 οἰκεῖ
1841 5702 1885 5760 ἐν

1997 5706 2094 5764 [111.
2152 5704 2228 5763 ad
2258 5709 2425 5766 Rom.
2464 5720 2578 5781 vm,
2611 5708 2664 5777 9,
2704 5707 2761 5763 11
2795 5725 2811 5776 ;
2866 5712 2924 5763 et
2966 5703 3272 5785 πνεύματος
3313 5700 3652 5766 ἐνοικοῦντος

224 5788 279 5853 ὒν
312 5791 363 5850 Il
394 5791 469 5853 ad
501 5793 649 5850 Tim.
682 5808 722 5864 ι,
756 5794 842 5869 14,
