4030 6202
450 359 611 437 447i,

1975 358 2347 421 ADDIHDA.

3663 368 3767 427 1172

459 502 601 543 nem
621 483 807 542 ullam
839 483 1152 557 habemus,
1184 499 1295 540 nec
1317 483 1392 540 ad
1431 500 1499 541 ea
1530 499 1661 556 quae
1683 484 1755 539 ab
1779 483 1905 556 ipso
1939 501 2104 541 com-

2241 481 2322 555 ιὶᾦ
2352 498 2468 537 σου·
2520 482 2746 553 ἀληθῶς
2791 484 3099 559 ἡττήμεθα,
3145 487 3237 542 καὶ
3284 484 3529 561 οὐδεμίαν
3568 490 3632 546 ἔτι
3674 495 3776 550 cino-

467 580 800 633 memorata
822 578 981 645 sunt,
1001 575 1093 630 vel
1123 574 1328 631 oculos
1362 575 1524 646 ipsos
1558 573 1863 630 obvertere
1902 588 2116 646 possu-

466 682 621 723 mus.
668 666 912 737 Magnus
962 664 1142 736 igitur
1188 680 1390 720 revera
1438 664 1911 720 Christianorum
1960 666 2114 719 Deus

468 759 577 824 est,
610 770 825 827 magna
855 753 1043 825 ipsius
1070 753 1238 823 fides,
1272 770 1486 826 magna
1510 754 1808 825 mysteria.

537 938 861 992 Conversus
882 936 1082 1007 itaque
1107 936 1179 992 ad
1201 937 1355 1009 regis
1380 936 1589 1003 filium,
1615 936 1734 991 ait:
1761 935 2113 1006 Dic,quaeso,

472 1044 506 1082 ο
530 1027 690 1082 claro
714 1043 782 1081 ac
801 1026 1019 1081 illustri
1037 1026 1237 1081 animo
1256 1025 1525 1098 praedite,
1553 1028 1787 1081 Deusne
1817 1040 1911 1080 me
1942 1039 2114 1079 exce-

464 1120 677 1188 pturus
703 1119 813 1184 est,
838 1115 886 1170 si
909 1114 980 1171 ab
1004 1115 1292 1188 improbis
1311 1115 1641 1171 actionibus
1658 1115 2008 1181 abscedens,
2041 1113 2115 1169 ad

469 1221 606 1261 eum
638 1221 734 1261 me
765 1210 1108 1261 convertero
1129 1206 1156 1261 ?
1178 1206 1348 1275 Sane,
1380 1205 1577 1276 inquit
1604 1203 1866 1259 veritatis
1897 1219 2113 1274 praeco,

471 1295 911 1366 sane,inquam,
936 1299 992 1350 te
1015 1296 1287 1367 excipiet,
1311 1311 1636 1365 omnesque
1659 1296 1800 1350 item
1823 1294 1924 1364 qui
1941 1293 2115 1364 adip-

467 1401 599 1440 sum
618 1400 745 1441 sese
769 1385 1185 1440 converterint.
1214 1388 1327 1440 Nec
1357 1403 1493 1441 vero
1517 1385 1737 1457 vulgari
1763 1383 1938 1438 modo
1960 1382 2118 1438 exci-

472 1475 825 1546 piet;verum
840 1480 905 1530 ut
918 1474 1039 1529 filio
1054 1491 1083 1529 e
1099 1475 1425 1547 longinqua
1436 1475 1673 1547 regione
1688 1474 1959 1529 redeunti
1984 1474 2118 1544 (Lu-

475 1580 550 1618 cae
562 1565 671 1635 xv),
701 1565 930 1629 hocest,
954 1564 1292 1619 ascelerata
1304 1565 1433 1619 vitae
1456 1565 1687 1619 ratione
1710 1564 1785 1618 ad
1807 1562 2115 1617 meliorem

469 1652 701 1725 frugem
724 1669 854 1708 sese
875 1655 1261 1723 convertenti,
1287 1654 1517 1710 obviam
1548 1652 1828 1725 prodibit,
1861 1667 2116 1722 eumque

473 1742 866 1813 amplectetur
895 1748 954 1798 et
983 1744 1457 1811 exosculabitur;
1491 1761 1558 1799 ac
1590 1743 1814 1815 peccati
1855 1742 2116 1797 fceditate

2224 570 2412 659 λογίαν
2467 569 2694 647 ἔχομεν,
2755 573 2881 630 οὔτε
2937 575 3388 654 ἀντοφθαλμῆσαι
3443 580 3566 651 πρὸς
3605 580 3663 636 τὰ
3682 586 3776 659 παρ’

2224 658 2382 714 οὐτοῦ
2413 659 2681 735 λεγόμενα
2728 660 2993 739 ’ίσχύομεν
3028 706 3043 720 .
3104 667 3283 740 Μέγας
3319 665 3409 722 οῦν
3437 672 3511 739 τῷ
3537 665 3635 724 ὄντι
3659 672 3683 724 6
3704 678 3781 727 τῶν

2224 754 2564 821 Χριστιανῶν
2626 752 2776 823 Θεὸς,
2840 752 3049 827 μεγάλη
3103 756 3138 824 ἡ
3179 756 3361 819 πίστις
3412 757 3785 835 αὐτῶν,μεγάλα

2220 838 2288 895 τὰ
2321 842 2613 916 μυστήρια.

2296 929 2675 1007 Ἐπιστραφεὶς
2716 928 2775 986 δὲ
2810 932 2945 1008 πρὸς
2990 933 3083 988 τὸν
3134 932 3250 989 οἷὸν
3292 932 3394 1011 ἔφη
3440 940 3529 991 τοῦ
3560 937 3789 1011 βασιλεως·

2224 1016 2363 1093 Λὲγε
2396 1039 2490 1092 μοι
2541 1019 2748 1089 τοίνυν,
2783 1022 2827 1075 ὦ
2857 1026 3235 1098 πεφωτισμὲνε
3279 1026 3380 1093 τὴν
3418 1028 3605 1101 ψυχήν·
3631 1024 3795 1102 ὃίχεταί

2229 1129 2295 1181 με
2354 1109 2381 1162 6
2440 1110 2701 1183 Χριστὸς,
2754 1108 2822 1181 εἷ’,
2880 1111 2941 1167 ἐκ
2994 1116 3102 1168 τῶν
3143 1118 3403 1191 πονηρῶν
3458 1136 3557 1188 μου
3605 1118 3794 1187 πράξεων

2225 1197 2480 1271 ἀποστὰς,
2541 1195 2850 1275 ἐπιστρέψω
2908 1202 3048 1277 πρὸς
3105 1200 3303 1274 αὖτόν;
3362 1202 3482 1274 Ναὶ,
3511 1203 3798 1281 φησὶνὸτῆς

2225 1286 2486 1357 ἀληθείας
2538 1289 2733 1362 κήρυξ,
2796 1290 2906 1360 ναὶ,
2967 1288 3187 1366 δέχεται
3270 1292 3364 1347 καὶ
3420 1294 3476 1348 σὶ
3526 1294 3609 1347 καὶ
3646 1292 3799 1355 πάντας

2223 1375 2347 1438 τοὺς
2378 1376 2455 1439 εἰς
2486 1377 2645 1433 αὐτὸν
2675 1377 3109 1459 ἐπιστρέφοντας.
3166 1380 3390 1457 Δέχεναι
3419 1379 3477 1437 δὶ
3514 1381 3612 1457 οὐχ
3637 1381 3799 1451 ἁπλῶς,

2227 1466 2352 1522 ἀλλ’
2389 1511 2403 1538 ,
2461 1468 2536 1531 ὡς
2596 1471 2699 1542 υἱῷ
2750 1471 2857 1526 ἀπὸ
2919 1478 3130 1547 μακρᾶς
3178 1471 3576 1546 ἐπιδημήσαντι
3640 1474 3801 1549 χώρας,

2226 1561 2580 1630 προσυπατνᾷ
2606 1562 2685 1629 τῷ
2732 1558 2793 1613 ἐκ
2844 1562 2942 1629 τῆς
3000 1558 3131 1616 ὀδοῦ
3184 1566 3293 1616 τῶν
3338 1563 3573 1636 ἀνομιῶν
3614 1560 3803 1636 Eme-rpi-

2230 1641 2407 1722 φόντι·
2465 1646 2555 1701 καὶ
2609 1651 2802 1703 τοῦτον
2853 1648 3168 1726 περιλαϐὼν
3216 1652 3723 1721 κατασπαζεται,καὶ
3760 1652 3804 1705 τὸ

2226 1742 2326 1805 τῆς
2381 1736 2650 1812 ἁμαρτίας
2706 1739 2899 1813 αἶσχος
2954 1739 3247 1815 περιελὼν,
3280 1741 3470 1796 αὐτίκα
3514 1741 3703 1814 ἱμάτιον
3738 1760 3805 1795 τε·

474 1830 965 1901 detracta,statim
984 1832 1526 1904 ipsivestimentum
1542 1833 1819 1888 salutaris
1832 1832 2116 1902 imponet,

2241 1826 2466 1899 οιτίθησι
2514 1828 2829 1905 σωτηρίου,
2876 1832 2967 1886 καὶ
3021 1834 3224 1902 στολήν
3275 1834 3654 1908 Λαμπροτάτης
3694 1852 3805 1906 περι-

476 1922 943 1994 charissimaque
966 1923 1167 1995 gloria
1191 1924 1341 1980 stola
1364 1941 1498 1979 eum
1520 1924 2118 1995 induens,mysticum

479 2014 755 2085 supernis
774 2013 1093 2069 virtutibus
1116 2014 1357 2085 epulum
1370 2014 1707 2086 peraget,ob
1728 2018 2027 2085 receptam
2044 2012 2121 2066 vi-

476 2103 696 2159 delicet
720 2120 884 2158 ovem
908 2104 1199 2175 perditam
1212 2104 1431 2159 festum
1446 2103 1602 2159 diem
1623 2103 2120 2173 celebrans(Ibid).

471 2195 731 2264 Ipsemet
750 2193 911 2248 enim
927 2193 1211 2248 Dominus
1234 2193 1440 2265 ingens
1458 2194 1519 2247 in
1533 2192 1679 2249 c0310
1701 2192 1978 2265 gaudium
1995 2207 2123 2247 esse

479 2282 627 2338 dixit
647 2299 826 2353 super
845 2299 963 2338 uno
986 2288 1292 2354 peccatore
1340 2285 1749 2355 pmnitentiam
1782 2290 2011 2356 agente.
2044 2286 2125 2337 Ac

482 2388 719 2428 rursum
742 2389 754 2426 :
787 2374 913 2428 Non
939 2373 1071 2427 veni
1092 2389 1299 2429 vocare
1318 2373 1535 2445 justos,
1558 2374 1660 2429 sed
1690 2380 2029 2445 peccatores
2051 2372 2125 2427 ad

483 2462 893 2533 paenitentiam
929 2464 1106 2530 (Lucae
1152 2462 1224 2533 v).
1279 2464 1349 2516 Et
1393 2480 1500 2534 per
1550 2464 1936 2535 prophetam:
1988 2462 2125 2516 Vivo

485 2567 613 2623 ego,
646 2551 790 2606 dicit
818 2552 1105 2607 Dominus
1132 2568 1144 2605 :
1178 2552 1316 2607 nolo
1365 2559 1617 2607 mortem
1643 2553 1991 2624 peccatoris,
2023 2551 2127 2607 sed

488 2640 677 2711 magis
693 2645 757 2695 ut
777 2646 1153 2695 convertatur
1173 2657 1206 2696 a
1230 2642 1321 2695 via
1341 2658 1447 2697 sua
1469 2647 1526 2696 et
1545 2643 1717 2697 vivat.
1750 2642 2131 2697 Convertimi-

491 2731 553 2785 ni
585 2747 620 2785 a
648 2731 743 2785 via
772 2735 965 2785 vestra
993 2731 1185 2799 mala;
1220 2736 1279 2787 et
1321 2748 1502 2802 quare
1550 2734 1887 2789 moriemini
1920 2733 2131 2787 domus

488 2818 712 2874 Israel?
730 2819 1016 2889 iniquitas
1038 2820 1224 2891 iniqui
1241 2837 1359 2876 non
1383 2822 1757 2877 nocebiteiin
1780 2837 2132 2893 quacunque

492 2908 587 2963 die
618 2924 935 2964 conversus
984 2909 1163 2963 fuerit
1211 2910 1281 2964 ab
1325 2910 1641 2981 iniquitate
1683 2928 1808 2979 sua,
1844 2917 1901 2966 et
1929 2911 2136 2966 fecerit

484 2998 804 3071 justitiam,
846 3003 905 3053 et
947 2999 1009 3053 in
1052 2998 1333 3054 mandato
1382 3000 1513 3055 vitae
1561 3000 1969 3069 ambulaverit,
2021 3000 2136 3055 vita

492 3088 727 3154 vivet,et
756 3105 878 3143 non
906 3088 1432 3144 morietur.0mnia
1451 3096 1691 3161 peccata
1722 3107 1851 3160 quae
1874 3090 2134 3158 admisit,

494 3193 615 3234 non
630 3176 1285 3248 memorabuntur,quia
1297 3178 1595 3249 judicium
1610 3179 1961 3249 etjustitiam
1977 3179 2116 3233 fecit

499 3267 561 3323 in
580 3268 726 3339 ipsis
745 3266 898 3323 vivet
916 3267 1105 3322 Ezech.
1128 3269 1350 3339 xxxm).
1378 3270 1459 3323 Ac
1495 3285 1733 3324 rursum
1764 3285 1869 3339 per
1886 3268 2139 3323 alterum

493 3357 845 3429 prophetam
884 3358 1207 3413 exclamat:
1240 3358 1561 3423 Lavamini,
1594 3357 1800 3413 mundi
1833 3363 2141 3423 estote,au-

500 3448 647 3503 ferte
658 3446 884 3503 malum
898 3448 1319 3520 cogitationum
1333 3453 1659 3503 vestrarum
1678 3448 1750 3503 ob
1765 3448 1952 3503 oculis
1968 3447 2140 3513 meis,

500 3537 785 3606 quiescite
807 3553 978 3609 agere
998 3554 1291 3608 perverse,
1314 3537 1523 3593 discite
1545 3537 1981 3593 benefacere.Si
2012 3537 2141 3591 fue-

501 3629 623 3684 rint
640 3633 883 3699 peccata
903 3633 1095 3682 vestra
1117 3629 1270 3683 sicut
1290 3628 1904 3698 coccinum,tanquam
1927 3628 2025 3682 nix
2049 3626 2144 3682 de-

505 3717 899 3784 albabuntur;
934 3723 991 3771 et
1020 3719 1067 3771 si
1117 3717 1342 3773 fuerint
1369 3718 1548 3773 rubra
1578 3719 1735 3773 velut
1769 3717 2142 3787 vermiculus,

512 3807 669 3861 sicut
688 3806 825 3861 lana
846 3807 979 3862 alba
1000 3809 1365 3876 eruntasaia:
1379 3809 1440 3881 ι).
1461 3809 1604 3863 Cum
1627 3808 1803 3880 igitur
1815 3808 1904 3861 ha:
1926 3807 2146 3878 pollici-

505 3896 761 3951 tationes
783 3896 856 3949 iis
879 3896 977 3966 qui
996 3896 1068 3951 ad
1090 3896 1399 3951 meliorem
1416 3897 1641 3969 frugem
1660 3914 1789 3952 sese
1811 3898 2144 3967 receperint

500 4001 534 4039 a
568 3986 681 4039 Deo
695 3986 1012 4055 proposita)
1036 3986 1182 4055 sint;
1208 4002 1283 4041 ne
1305 3986 1621 4053 cuncteris,
1651 3988 2148 4053 ohomo,necmo—

500 4090 631 4129 ram
652 4074 838 4129 ullam
859 4074 1162 4143 adhibeas;
1184 4092 1387 4131 verum
1402 4076 1475 4131 ad
1499 4076 1795 4131 Christum
1820 4076 2147 4147 benignum

503 4164 691 4219 Deum
721 4169 991 4220 nostrum
1009 4164 1245 4235 accede,
1278 4171 1337 4220 et
1360 4165 1725 4231 illuminare,
1759 4170 1816 4221 et
1835 4165 2015 4220 facies
2047 4170 2147 4219 tua

506 4270 630 4309 non
650 4253 1048 4310 confundetur
1067 4255 1233 4327 (Psal.
1266 4260 1462 4325 xxxii).
1495 4257 1637 4310 Nam
1671 4255 1847 4309 simul
1878 4260 2053 4325 atque
2086 4255 2145 4309 in

503 4342 683 4398 divini
716 4342 1088 4415 baptismatis
1114 4345 1402 4417 piscinam
1434 4345 1751 4400 immersus
1780 4344 1985 4414 fueris,
2026 4348 2150 4398 tota

506 4433 719 4488 veteris
744 4433 1006 4489 hominis
1029 4435 1548 4506 spurcities,atque
1560 4436 1836 4490 universa
1857 4434 2146 4489 scelerum

505 4523 739 4578 sarcina
761 4523 820 4577 in
843 4540 997 4594 aqua
1018 4525 1541 4596 sepelietur,atque
1563 4525 1624 4579 in
1648 4525 1902 4579 nihilum
1922 4523 2146 4579 dilabe-

2121 3221 2136 3288 ἶ
2185 3221 2227 3288 C

2229 1912 2413 1971 ϐαλὼν
2449 1914 2609 1989 δόξης
2642 1922 2743 1993 (9),
2794 1922 3057 1993 μυστικὴν
3115 1927 3237 1985 ταῖς
3270 1921 3385 1979 ἄνω
3438 1920 3698 1994 δυνάμεσιν
3720 1918 3807 1973 ἐπι·

2226 2004 2377 2062 τελεῖ
2423 2008 2765 2085 εὐφροσύνην
2797 2054 2813 2083 ,
2870 2013 2970 2082 τὴν
3021 2012 3353 2091 ἐπιστροφήν
3430 2014 3684 2087 ἑορτάζων
3737 2013 3807 2064 τοῦ

2232 2092 2594 2160 ἀπολωλότος
2624 2094 2904 2172 προϐάτου
2950 2103 3086 2173 (10).
3140 2102 3320 2166 Αὐτὸς
3349 2102 3453 2177 γὰρ
3484 2097 3580 2179 ἔφη
3609 2102 3634 2154 6
3660 2098 3808 2175 Κῦριος

2233 2187 2409 2261 χαρὰν
2456 2186 2689 2261 γίνεσθαι
2722 2188 2773 2243 ἐν
2808 2189 3023 2266 οὐρανῷ
3072 2191 3333 2267 μεγίστην
3395 2190 3481 2246 ἐπὶ
3513 2190 3585 2245 ἑνὶ
3614 2191 3811 2263 ἁμαρτω.

2235 2276 2318 2348 λῷ
2352 2280 2697 2347 μετανοοῦντι
2726 2280 2860 2352 (12).
2884 2279 2983 2334 Καὶ
3009 2280 3196 2352 πάλιν,
3222 2280 3340 2338 Οὐκ
3359 2281 3547 2349 ἦλθον,
3577 2279 3690 2357 φησὲ
3717 2280 3815 2349 (12),

2234 2365 2461 2422 καλέσαι
2502 2364 2765 2435 δικαίους,
2827 2367 2972 2424 ἀλλά
3029 2369 3397 2447 ἀμαρτῶλοὺς
3450 2369 3524 2431 εἷς
3576 2368 3814 2443 μετάνοιαν.

2239 2455 2385 2527 Φησὶ
2454 2454 2510 2512 δὲ
2564 2457 2656 2511 καὶ
2723 2455 2812 2513 δια
2876 2462 2973 2513 τοῦ
3038 2462 3329 2537 προφήτου
3397 2461 3530 2532 (13)*
3594 2461 3667 2511 Ζῶ
3722 2455 3816 2528 ἐγὼ,

2240 2546 2383 2620 λέγει
2454 2547 2653 2621 Κύριος
2690 2567 2704 2581 ’
2775 2546 2837 2603 οὐ
2929 2547 3205 2625 βούλομαι
3274 2552 3429 2607 θοι
3500 2546 3587 2603 τὸν
3645 2544 3815 2611 θάνατον

2236 2639 2334 2691 τοῦ
2390 2634 2728 2712 ἀμαρτωλοῦ
2783 2637 2875 2692 καὶ
2956 2633 3183 2700 ἀσεϐοῦς
3217 2682 3231 2709 ,
3325 2638 3402 2700 ὡς
3457 2637 3517 2692 τὸ
3572 2634 3817 2709 ἐπιστρέψαι

2241 2725 2348 2779 ἀπὸ
2406 2732 2507 2793 τῆς
2560 2722 2691 2780 ὁδοῦ
2751 2726 2919 2781 αὐτοῦ
2973 2727 3062 2781 καὶ
3123 2730 3219 2800 ζῇν
3278 2727 3445 2783 αὐτόν
3479 2742 3494 2757 ⁶
3564 2723 3817 2798 ἀποστροῖῇ

2243 2814 2614 2891 ἀποστρέψατε
2664 2816 2770 2870 ἀπὸ
2808 2822 2910 2885 τῆς
2944 2813 3074 2871 ὁδοῦ
3134 2816 3287 2889 ὑμῶν
3350 2824 3453 2886 τῆς
3505 2818 3732 2888 πονηρᾶς·
3756 2809 3816 2863 καῖ

2244 2903 2384 2959 ἱνατί
2441 2905 2829 2976 ἀποθνήσκετε,
2891 2905 3042 2967 οἶκος
3095 2904 3364 2981 Ἰσραήλς
3421 2898 3816 2977 ἀνομίαῌι)

2246 2993 2453 3066 ἀνόμου
2513 2993 2575 3048 οὐ
2636 2995 2713 3068 μὴ
2770 2995 2990 3069 κακώσῃ
3036 2993 3217 3049 αὐτόν·
3249 2994 3305 3050 ὲν
3406 2994 3465 3049 ἃν
3520 2994 3683 3067 ἡμέρᾳ
3724 2989 3817 3042 aito-

2245 3086 2448 3159 στρὲψη
2480 3084 2585 3139 ἀπὸ
2632 3091 2732 3154 τῆς
2787 3084 3012 3157 ἀνομίας
3064 3085 3228 3140 αὐτοῦ
3284 3086 3379 3140 καὶ
3440 3086 3635 3157 ποιήσῃ
3660 3080 3816 3137 δικαιο-

2248 3174 2412 3244 σύνην
2446 3221 2459 3243 ,
2518 3175 2605 3229 καὶ
2668 3174 2721 3228 ἐν
2777 3176 3159 3251 προστάγματι
3219 3180 3374 3247 ζωῆς
3425 3172 3817 3249 διαπορεύηται,

2251 3268 2364 3338 ζωῇ
2399 3266 2618 3336 ζήσεται
2648 3264 2738 3320 καὶ
2771 3263 2834 3319 αὖ
2888 3266 2964 3337 μῆ
3020 3265 3288 3340 ἀποθάνῃ·
3352 3271 3517 3321 πᾶσαι
3548 3262 3598 3319 αἱ
3626 3258 3817 3336 ἀμαρτῖαι

2250 3353 2414 3409 αὐτοῦ
2445 3355 2506 3415 ἅς
2553 3354 2794 3430 ἥμαρτεν
2846 3353 2907 3409 οὗ
2971 3355 3047 3427 μή
3089 3358 3424 3427 μνησθῶσιν⁶
3483 3354 3563 3410 ὅτι
3606 3351 3743 3425 κρίμα
3764 3345 3819 3400 δι-

2249 3441 2543 3513 καιοσύνης
2597 3441 2849 3513 ἐποίησεν
2888 3490 2902 3513 ,
2956 3445 3009 3499 ἐν
3062 3443 3197 3518 αὐτῇ
3253 3447 3498 3515 ζήσεται.
3557 3441 3648 3498 Καὶ
3698 3438 3816 3501 αὖθις,

2251 3531 2563 3601 Λούσασθε,
2616 3529 2686 3587 δι’
2738 3534 2920 3608 ὲτὲρου
2985 3534 3086 3607 βοᾷ
3140 3536 3435 3611 προφήτου
3491 3536 3614 3607 (15),
3657 3525 3818 3593 καθιροὶ

2249 3620 2485 3698 γένεσθε,
2542 3620 2770 3696 ἀφὲλεθε
2802 3668 2815 3694 ,
2876 3622 2970 3685 τὰς
3041 3622 3315 3696 πονηρίας
3377 3624 3483 3677 ἀπὸ
3535 3626 3632 3676 τῶν
3680 3612 3816 3692 ψυχῶν

2254 3713 2404 3785 ὑμῶν
2462 3712 2713 3767 ἀπέναντι
2778 3716 2887 3766 τῶν
2947 3709 3242 3789 ὀφθαλμῶν
3310 3732 3440 3787 μου’
3496 3712 3728 3771 παύσασθε
3750 3705 3819 3759 ἀπὸ

2250 3806 2358 3856 τῶν
2390 3805 2664 3877 πονηριῶν
2708 3802 2881 3875 ὑμῶν’
2935 3801 3128 3874 μάθετε
3174 3801 3348 3858 καλὸν
3405 3806 3593 3861 ποιεῖν·
3622 3798 3696 3852 καὶ
3720 3794 3820 3850 δεῦτε

2252 3891 2344 3948 καὶ
2402 3890 2812 3968 διαλεχθῶμεν⁸
2873 3894 2960 3948 καὶ
3017 3891 3104 3947 ἐὰν
3138 3891 3269 3946 ὦσιν
3336 3893 3391 3948 αἱ
3449 3890 3685 3966 ἁμαρτίαι
3713 3888 3818 3957 ὑμῶν

2255 3984 2331 4045 ὡς
2380 3986 2654 4060 φονικοῦν,
2714 3983 2790 4045 ὡς
2849 3982 3012 4058 χιόνα
3064 3979 3339 4054 λευκανῶ,
3400 3980 3485 4036 ἐὰν
3546 3979 3597 4035 δὲ
3638 3977 3739 4031 ὦσιν
3773 3972 3820 4031 ὡς

2254 4073 2524 4142 κόκκινον,
2559 4072 2688 4126 ὡσεὶ
2736 4069 2880 4147 ἔριον
2926 4071 3194 4130 λεδκανῶ.
3244 4072 3495 4130 Τοιύτων
3545 4070 3626 4125 οὗν
3653 4084 3820 4142 προκει-

2261 4164 2431 4236 μὲνων
2466 4159 2807 4237 ἐπαγγελιῶν
2840 4161 2984 4226 παρά
3011 4166 3108 4218 τοῦ
3139 4166 3273 4216 Θεοῦ
3324 4167 3440 4223 τοῖς
3498 4159 3818 4234 ἐπιστρέφον,

2260 4255 2334 4327 μὴ
2372 4250 2563 4325 μελλε,
2595 4253 2640 4305 ὧ
2670 4249 2941 4328 ἄνθρωπε,
2977 4249 3118 4326 μηδὲ
3164 4248 3505 4307 ἀναϐαλλοψ
3538 4246 3665 4304 ἀλλᾶ
3702 4241 3820 4317 πρότ-

2257 4342 2380 4398 ελΟε
2438 4343 2574 4416 πρὸς
2633 4342 2889 4416 Χριστὸν,
2934 4343 3026 4397 τὸν
3081 4339 3475 4420 ῳιλάνορωπον
3530 4339 3647 4394 Θεὸν
3689 4336 3818 4405 ἡμῶν,

2255 4433 2345 4488 καὶ
2378 4430 2701 4511 φωτίσοητι,
2735 4431 2825 4486 καὶ
2854 4431 2917 4487 τὸ
2959 4430 3252 4508 πρόσωπόν
3317 4453 3418 4486 σου
3466 4428 3525 4485 οὗ
3577 4428 3643 4501 μή
3687 4442 3817 4480 καται-

2258 4525 2468 4597 σχυνθῇ
2502 4524 2637 4595 (16)·
2667 4525 2816 4594 Ἅμα
2861 4520 2963 4597 γὰρ
3019 4525 3100 4592 τῷ
3154 4518 3449 4576 καταδῦναί
3508 4539 3560 4573 σε
3584 4521 3643 4591 τῇ
3668 4511 3819 4580 κολυμ-

505 4616 638 4681 tur;
672 4617 853 4683 tuque
885 4614 1251 4669 novusilliuc
1264 4631 1331 4670 ac
1357 4619 1770 4684 recens,atque
1794 4613 1864 4668 ab
1888 4613 2130 4668 omnilav

2259 4589 2560 4686 62994165
2599 4589 2763 4675 betae
2826 4589 3217 4687 βαπτίσματος,
3249 4610 3384 4666 ὅλον
3443 4609 3503 4665 τό
3555 4589 3720 4681 αἶσχος
3756 4598 3818 4652 τοδ

510 4701 582 4757 be
609 4720 795 4775 purus
817 4703 1437 4772 conscendes,nullam
1463 4704 1689 4776 peccati
1716 4703 1911 4758 labem
1930 4709 2032 4759 aut
2051 4721 2149 4759 ru-

507 4810 639 4865 gam
657 4798 854 4849 tecum
866 4794 1174 4850 ferens.Ac
1188 4793 1469 4865 deinceps
1483 4795 1543 4849 in
1560 4800 1613 4849 te
1629 4794 1804 4849 situm
1823 4794 2152 4866 eritutpur-

505 4882 804 4953 gationem
818 4899 926 4954 per
952 4883 1177 4938 viscera
1206 4880 1629 4937 misericordia:
1660 4882 1761 4937 Dei
1790 4881 1977 4937 nostri
2011 4882 2153 4936 hinc

2259 4697 2501 4755 παλαιοῦ
2543 4699 2830 4775 ἀνθρώπου
2876 4700 2966 4754 καὶ
3024 4699 3155 4762 ὅλος
3204 4701 3232 4754 ὁ
3282 4700 3483 4778 φόρτος
3524 4695 3623 4752 τῶν
3653 4688 3815 4778 πολλῶν

2262 4774 2670 4863 ἁμαρτημάτων
2726 4787 3038 4845 ἔνθάπτεται
3074 4793 3154 4861 τῷ
3207 4774 3363 4843 ὕδατι
3424 4790 3531 4863 (1⁸7)
3581 4781 3656 4839 καὶ
3702 4774 3816 4838 εἶςτδ

2265 4880 2339 4953 μή
2373 4878 2433 4934 δν
2483 4883 2679 4953 χωρεῖ,
2733 4874 2853 4943 νέος
2901 4874 2959 4933 δι
3007 4877 3069 4932 σὺ
3119 4877 3322 4942 ἐκεῖθεν
3377 4879 3526 4935 302
3551 4875 3626 4929 καὶ
3676 4864 3816 4925 παντὸς

574 5080 655 5155 (9),
685 5083 978 5154 Respectu
1019 5080 1288 5155 adiverba
1319 5080 1486 5137 Luca:
1518 5081 1578 5136 in
1610 5079 1892 5155 parabole
1923 5080 2029 5136 ﬁlii
2058 5079 2308 5155 prodigi,
2341 5098 2468 5153 cap.
2504 5080 2589 5136 15.

604 5154 689 5225 10)
721 5157 1011 5224 Respectu
1042 5154 1115 5209 ad
1140 5155 1272 5209 Luc.
1306 5171 1397 5221 xv,
1430 5156 1483 5221 4,
1516 5171 1644 5225 sqq.
1679 5154 1844 5210 Conf.
1878 5172 1934 5225 p.
1970 5158 2055 5208 96.

604 5158 669 5206 10
721 5158 1011 5224 Respectu
1042 5158 1115 5209 ad
1140 5158 1272 5209 Luc.

604 5158 693 5294 11)
720 5225 891 5295 Apud
923 5227 1056 5281 Luc.
1089 5242 1179 5295 xv,
1222 5229 1274 5280 7.

605 5297 691 5360 12)
720 5297 889 5365 Apud
920 5299 1055 5352 Luc.
1086 5300 1173 5352 32.

580 5366 924 5441 ς13>ξῑθοᾷι
956 5386 1152 5438 χχχιιι,
1188 5372 1272 5422 11.
1305 5368 1473 5424 Conf.
1505 5386 1663 5439 xvm,
1694 5369 1748 5441 3,
1773 5372 1863 5439 23,
1896 5370 1983 5437 30,
2018 5370 2105 5423 31.

718 5438 919 5511 ῌῑθοὴ.
951 5434 1153 5509 xxxm,
1188 5443 1384 5511 12,13.

582 5506 691 5576 (15)
722 5508 833 5561 Isa.
868 5526 906 5576 ι,
943 5513 1024 5564 16.

580 5564 697 5662 (1.6)
728 5564 1105 5662 Ρεδίίξιχηξ.
1250 5581 1593 5662 Προσέλθατε
1621 5582 1759 5658 πρὸς
1808 5581 2124 5662 Δαὐτὸνμκαῖ
2183 5578 2514 5662 ερωτίσθητε,
2546 5581 2637 5640 καὶ
2664 5584 2733 5639 τὰ
2786 5582 3054 5662 πρόσωπα
3081 5583 3230 5657 ὑμῶν
3261 5581 3321 5638 οὐ
3377 5582 3452 5656 μὴ
3505 5564 3804 5648 κπαισχυνθῇο

511 5648 701 5705 Verbo
733 5647 1031 5722 φωτίσθητι
1064 5647 1394 5723 baptismus
1424 5647 1733 5714 innuitur:
1767 5656 1839 5713 ef.
1874 5675 1932 5740 p.
1967 5658 2054 5724 85,
2086 5674 2145 5728 p.
2176 5647 2229 5713 2.

582 5748 696 5824 (l7)
727 5747 894 5808 Conf.
924 5767 983 5823 p.
1015 5752 1107 5821 89,
1136 5766 1198 5807 n.
1232 5752 1321 5807 '73.
