4010 6206
260 394 402 451 1173

1438 402 1615 457 νιτΔ
1653 401 2001 457 BA‘RLAAM
2038 404 2132 458 ΕΤ
2166 402 2508 459 JOASAPH.

3532 378 3671 462 itit

262 515 438 592 ῥύπου
491 518 730 594 καθαρὸς
797 515 999 595 ἇνὲρχῃ
1032 562 1047 589 ,
1113 517 1319 594 μηδένα
1375 520 1568 578 σπίλον
1622 523 1658 592 ἢ
1721 519 1903 599 ῥυτίδα

2028 530 2393 583 contractam
2423 525 2644 582 tuearis
2675 530 2852 597 atque
2875 540 3205 582 conserves.

257 603 523 691 ᾇμαρτίας
543 605 960 683 ἐπιφερόμενος,
990 608 1081 663 καὶ
1111 606 1307 664 λοιπὸν
1337 610 1425 665 ἐπὶ
1479 611 1563 666 σοί
1593 610 1705 667 ἐστι
1734 610 1798 667 τὸ
1830 609 2151 689 διαφυλάξαι
2197 613 2371 687 ἑαυτῷ
2417 616 2517 684 την
2577 612 2776 678 ἐκεῖθεν
2806 634 2889 669 σοι
2947 613 3383 689 προσγινομένην
3414 612 3667 691 κάθαρσιν

259 690 356 749 διὰ
385 692 677 771 σπλάγχνα
706 694 893 760 ελέους
920 701 1053 752 Θεοῦ
1079 700 1239 771 ἡμῶν
1266 702 1397 772 (18).

328 784 392 840 Ὃ
428 785 523 857 μὲν
577 787 673 839 οὖν
723 783 945 854 Θευδᾶς,
994 787 1209 851 τούτοις
1254 791 1591 866 κατηχηθεῖς
1643 796 1759 855 τοῖς
1802 790 1906 866 ῥηη

257 894 445 945 μοισιν⁹
480 870 670 947 ἔξεισιν
700 875 917 945 εύθέως,
964 877 1051 931 καὶ
1101 879 1163 933 τὸ
1218 881 1460 956 πονηρὸν
1516 879 1689 936 ἐκεῖνο
1743 901 1907 935 κατα-

250 959 444 1017 λαϐὼν
488 961 703 1039 ἄντρον,
761 965 851 1021 καὶ
906 967 1004 1029 τὰς
1056 967 1247 1022 ἑαυτοῦ
1302 965 1489 1024 λαϐὼν
1554 969 1783 1045 μαγικᾶς
1824 969 1912 1045 βί-

248 1046 451 1124 ϐλους,
484 1053 557 1115 ὡς
587 1053 781 1116 κακίας
808 1054 985 1126 πάσης
1019 1056 1289 1133 ἀπαρχὰς,
1318 1058 1393 1122 ὡς
1425 1059 1626 1135 ὀργίων
1659 1058 1911 1133 δαιμονι-

240 1146 363 1197 κῶν
398 1143 729 1220 θησαυροὺς,
762 1145 893 1219 πυρὶ
943 1147 1286 1207 κατέκαυσεν.
1335 1150 1517 1212 Αὐτὸς
1561 1146 1618 1204 δὲ
1664 1150 1725 1204 τὸ
1765 1152 1910 1221 σπήε-

245 1230 410 1287 λαιον
456 1229 867 1307 καταλαμϐάνει
916 1239 1013 1290 τοῦ
1059 1237 1207 1311 ἱεροῦ
1262 1236 1453 1313 ἀνδρὸς
1502 1238 1725 1312 ἐκείνου,
1774 1240 1911 1315 πρὸς

241 1321 307 1375 ’ὃν
344 1320 436 1377 καί
479 1323 507 1377 ὁ
538 1322 744 1398 Ναχὼρ
798 1322 1134 1395 ἀπεληλύθει
1185 1330 1322 1402 (19),
1352 1330 1442 1382 καὶ
1471 1328 1539 1384 τὰ
1584 1331 1701 1384 κατ’
1752 1328 1909 1385 αὐτὸν

241 1407 523 1486 διηγεῖται
571 1411 767 1482 πάντα,
819 1413 969 1468 κόνιν
1006 1416 1100 1487 μὲν
1158 1415 1241 1471 ἐπὶ
1277 1416 1520 1495 κεφαλῆς
1567 1416 1913 1493 καταχεάμε-

237 1521 365 1569 νος,
406 1501 589 1576 βαρεῖς
621 1521 681 1556 τε
731 1502 1011 1579 ἀναφέρων
1070 1506 1405 1581 στεναγμοὺς
1452 1508 1543 1562 καὶ
1584 1506 1762 1562 λούων
1793 1512 1910 1569 τοῖς

236 1587 506 1665 δάκρυσιν
540 1591 751 1661 ἑαυτὸν,
783 1594 1010 1664 καθεξῆς
1041 1591 1099 1649 δὲ
1158 1600 1237 1667 τῷ
1261 1594 1475 1670 γέροντι
1522 1596 1617 1658 τὰς
1671 1595 1910 1672 μυσαρὰς

234 1679 420 1733 αὐτοῦ
476 1677 843 1755 διηγούμενος
909 1684 1150 1758 πράξεις.
1214 1686 1458 1748 Ἐκεῖνος
1508 1682 1608 1754 δὲ,
1673 1684 1797 1760 περῖ
1850 1686 1911 1740 τὸ

235 1774 423 1825 σῶσαι
455 1772 643 1846 ψυχήν
695 1771 917 1842 καὶτῆς
946 1777 1044 1828 τοῦ
1098 1770 1289 1830 δολίου
1334 1772 1630 1849 δράκοντος
1680 1774 1912 1850 ἐξαρπά-

2088 795 2314 851 Teudas
2364 795 2543 869 igitur
2588 796 2682 852 his
2727 796 2920 852 verbis
2965 795 3297 862 institutus,
3343 795 3545 851 statim
3595 812 3663 851 ex

2017 886 2154 941 aula
2175 885 2424 958 excedit,
2449 892 2624 957 atque
2648 886 2720 942 ad
2745 887 3094 943 sceleratam
3115 887 3462 958 speluncam
3497 900 3665 941 suam

2019 975 2338 1046 profectus,
2362 976 2817 1049 magicoslibros
2833 993 2972 1031 suos
2990 981 3272 1047 tanquam
3290 975 3532 1031 sceleris
3550 991 3671 1029 om-

2020 1066 2113 1120 nis
2134 1066 2451 1137 primitias,
2467 1084 2532 1122 ac
2546 1066 2974 1122 diabolicorum
2989 1083 3341 1122 arcanorum
3355 1066 3667 1121 thesauros

2021 1156 2266 1212 exussit.
2306 1158 2436 1229 Ipse
2469 1162 2663 1213 autem
2700 1157 2772 1213 ad
2804 1158 3163 1214 sacrosancti
3212 1156 3373 1212 illius
3411 1155 3544 1224 viri,
3592 1153 3668 1211 ad

2022 1262 2197 1317 quem
2214 1247 2388 1301 etiam
2410 1246 3255 1319 Nachorperrexerat,autrum
3274 1263 3401 1302 sese
3419 1244 3669 1315 confert,

2020 1352 2341 1407 rerumque
2368 1354 2609 1392 suarum
2624 1338 2892 1393 omnium
2916 1342 3137 1393 statum
3155 1336 3267 1408 ipsi
3287 1335 3548 1408 exponit,
3574 1350 3669 1389 ca-

2021 1427 2127 1499 piti
2152 1442 2257 1481 suo
2280 1432 2500 1482 terram
2522 1443 3187 1499 aspergens,gravesque
3210 1426 3466 1498 gemitus
3486 1423 3668 1480 edens

2023 1533 2090 1571 ac
2112 1516 2665 1587 scipsumlacrymis
2682 1516 3421 1587 perfundens,nefariaque
3444 1513 3666 1569 suaﬂa-

2022 1607 2163 1680 gitia
2186 1607 2314 1660 seni
2339 1606 2545 1661 ordine
2569 1623 3063 1661 commemorans.
3097 1605 3202 1659 Ille
3234 1609 3455 1670 autem,
3475 1607 3539 1657 ut
3561 1604 3663 1674 qui

2023 1695 2232 1751 salutis
2249 1696 2463 1751 anima)
2482 1695 3003 1766 afferendae,atque
3017 1712 3086 1749 ex
3098 1692 3433 1763 versipellis
3455 1691 3665 1747 draco-

2022 1782 2116 1837 nis
2136 1781 2405 1836 faucibus
2428 1780 2748 1851 eripiendze
2765 1781 3161 1851 peritissimus
3183 1783 3359 1848 esset,
3384 1776 3663 1833 salutari-

231 1882 339 1916 σαι
399 1863 675 1939 φάρυγγος
753 1862 1136 1939 εύτεχνὸτατος
1193 1862 1265 1920 ὣν
1301 1913 1316 1939 ,
1391 1864 1679 1938 κατεπᾴδιι
1739 1866 1898 1922 αύτὸν

2016 1873 2119 1928 bus
2141 1872 2333 1927 verbis
2355 1888 2489 1927 eum
2510 1871 2829 1938 demulcet,
2855 1888 2920 1926 ac
2941 1870 3104 1925 velut
3129 1867 3661 1933 excantat,veniam

234 1950 461 2026 ῥήμασι
519 1951 816 2027 σωτηρίοις
852 1996 867 2021 ,
943 1952 1199 2031 ἐγγυᾶται
1266 1957 1366 2026 τὴν
1426 1952 1611 2033 ἄφεσιν
1647 2000 1662 2030 ,
1740 1956 1906 2012 ’ἰλεων

236 2041 602 2116 ὑπισχνεῖται
632 2042 723 2097 τὸν
778 2040 1060 2113 δικαστὴν.
1109 2045 1245 2101 Εἶτα
1294 2048 1613 2121 κατηχήσας
1661 2045 1751 2101 καὶ
1800 2068 1903 2116 νη-

232 2128 456 2185 στεύειν
517 2127 604 2185 tu!
663 2128 881 2195 πολλὰς
940 2131 1320 2209 ἐντειλάμενος
1375 2134 1609 2210 ἡμέρας,
1661 2139 1741 2207 τῷ
1773 2136 1904 2208 θείῳ

223 2220 492 2297 καθαίρει
552 2222 909 2297 βαπτίσματι,
970 2226 1076 2280 Καὶ
1119 2226 1185 2296 ἦν
1221 2224 1565 2301 ὁᾶνθρωπος
1624 2230 1900 2299 μετανοῶν

225 2311 490 2388 γνησίως
546 2312 721 2376 πάσας
781 2312 945 2369 αὐτοῦ
999 2314 1094 2377 τὰς
1147 2317 1376 2390 ἡμέρας.
1438 2315 1522 2392 ἐφ’
1566 2316 1653 2379 οἷς
1683 2317 1905 2389 ἐπλημ-

235 2401 485 2477 μὲλησε,
515 2400 742 2479 δάκρυσί
769 2425 827 2461 τε
874 2406 965 2461 καὶ
1014 2413 1337 2482 στεναγμοῖς
1368 2409 1459 2464 τὸν
1490 2408 1620 2464 Θεὸν
1654 2406 1903 2480 ἐξιλεού-

235 2512 440 2565 μενος.

314 2584 486 2639 ΚΕΦ.
520 2588 642 2642 AI".
675 2583 736 2641 Ὀ
788 2580 846 2639 δέ
876 2604 936 2661 γε
986 2584 1264 2660 βασιλεὺς,
1312 2585 1521 2642 τούτων
1564 2585 1735 2650 οὕτως
1765 2588 1903 2643 ἀπο-

230 2666 453 2727 ϐάντων
489 2713 504 2741 ,
552 2671 816 2737 πάντοθεν
863 2671 1255 2749 ἐξαπορηθιὶς,
1317 2673 1489 2745 δῆλος
1542 2677 1609 2745 ἦν
1656 2675 1900 2753 ἰσχυρῶς

231 2761 547 2834 ἀνιώμενος
577 2761 667 2816 καὶ
722 2759 897 2816 πολὺν
930 2764 1024 2818 τὸν
1076 2761 1244 2819 σάλον
1306 2763 1483 2841 φέρων
1539 2764 1593 2820 ἐν
1624 2770 1693 2839 τῇ
1721 2769 1899 2841 ψυχῇ.

227 2849 591 2925 Συγκαλέσας
655 2848 712 2906 δὲ
767 2851 919 2917 αὖθις
991 2852 1109 2909 ὅσοι
1170 2861 1269 2924 τῆς
1325 2853 1636 2931 συγκλήτου
1696 2854 1903 2931 βουλῆς

224 2937 562 3015 ἐτύγχανον,
596 2939 883 2996 ἐσκέπτετο
914 2945 1067 3000 303
1097 2945 1149 2998 τί
1184 2940 1379 2998 λοιπὸν
1428 2948 1509 3016 τῷ
1556 2942 1681 3016 ἰδίῳ
1730 2946 1896 3015 ποιή-

227 3048 381 3083 σειεν
410 3028 534 3100 υἱῷ.
564 3026 787 3094 Πολλὰς
835 3027 892 3085 δὲ
946 3030 1152 3106 βουλὰς
1198 3037 1306 3087 τῶν
1342 3030 1570 3088 πολλῶν
1622 3033 1900 3107 ὑποθεμέ-

222 3137 373 3187 νων,
417 3117 445 3172 ὁ
477 3116 732 3195 ἀνωτέρω
792 3121 1186 3192 μνημονευθεῖς
1235 3122 1480 3197 Ἀραχής
1512 3120 1716 3185 ἐκεῖνος
1766 3126 1899 3197 (20),

2020 1962 2295 2035 spondet,
2318 1978 2385 2017 ac
2411 1961 2731 2032 propitium
2756 1965 2815 2015 et
2838 1960 3072 2015 facilem
3104 1959 3216 2030 ipsi
3232 1957 3499 2031 judicem
3536 1956 3662 2013 fore

2014 2052 2351 2125 pollicetur.
2374 2052 2457 2106 Ac
2485 2056 2691 2121 postea
2709 2067 2844 2105 cum
2868 2066 3003 2105 eum
3025 2049 3373 2103 Christianas
3400 2046 3537 2103 fidei
3558 2061 3663 2101 ru-

2016 2141 2297 2197 dimentis
2318 2139 2649 2208 imbuisset,
2666 2139 3110 2209 multorumque
3124 2138 3356 2193 dierum
3360 2136 3383 2208 j
3393 2135 3664 2208 ejunium

2015 2230 2129 2302 ipsi
2164 2230 2497 2296 indixisset,
2535 2245 2670 2283 eum
2699 2228 2897 2282 divino
2933 2226 3229 2299 baptismo
3270 2224 3558 2280 lustravit.
3582 2225 3665 2277 Ac

2013 2321 2295 2392 deinceps
2308 2336 2412 2391 per
2430 2336 2667 2374 omnem
2686 2318 2815 2371 vitae
2837 2333 3077 2373 cursum
3095 2315 3197 2370 ille
3212 2315 3442 2370 sincero
3464 2312 3663 2368 animo

2015 2411 2087 2466 de
2118 2410 2395 2467 admissis
2451 2408 2777 2465 sceleribus
2827 2405 3241 2479 paenitentiam
3287 2404 3424 2478 egit,
3470 2403 3664 2475 lacry-

2013 2502 2246 2572 misque
2280 2518 2347 2555 ac
2373 2498 2688 2572 gemitibus
2718 2499 2903 2553 Deum
2929 2497 3167 2569 placare
3198 2494 3445 2550 studuit.

2085 2592 2216 2645 CAP.
2248 2589 2486 2643 XXXIII.
2511 2618 2578 2628 —
2602 2589 2739 2652 Quae
2763 2604 2898 2641 cum
2913 2585 2987 2641 ad
3004 2587 3164 2641 hunc
3181 2584 3423 2640 modum
3437 2582 3663 2639 evenis-

2015 2684 2166 2747 sent,
2186 2695 2290 2733 rex
2311 2677 2544 2732 consilii
2568 2676 2773 2747 inopia
2793 2675 3057 2746 undique
3080 2672 3489 2739 destitutus,in
3501 2672 3659 2744 gravi

2013 2769 2189 2841 plane
2211 2783 2463 2822 mazrore
2483 2764 2847 2833 versabatur,
2862 2764 3182 2834 animoque
3196 2776 3557 2833 magnopere
3570 2760 3661 2831 ja-

2012 2857 2301 2913 ctabatur.
2327 2856 2539 2910 Coacto
2562 2858 2761 2909 autem
2782 2868 3020 2907 rursum
3038 2849 3565 2920 senatu,quiqnam
3585 2847 3659 2902 de

2012 2947 2135 3002 ﬁlio
2150 2962 2254 3001 suo
2276 2941 3030 3014 faceretdispiciebat.Cum
3043 2944 3239 2995 autem
3254 2936 3426 2993 multi
3442 2934 3660 2991 multas

2014 3035 2340 3091 sententias
2359 3033 2420 3088 in
2443 3032 2705 3088 medium
2733 3030 3143 3102 protulissent,
3172 3027 3395 3082 Arches
3424 3024 3549 3093 ille,
3581 3024 3653 3079 de

2014 3142 2129 3197 quo
2150 3124 2421 3196 superius
2443 3122 2810 3178 mentionem
2829 3118 3211 3190 fecimus,qui
3226 3122 3284 3172 et
3301 3116 3520 3171 ducum
3539 3131 3662 3170 om-

224 3207 659 3284 ἐπιφανὲστερος
715 3208 815 3276 τὴν
876 3209 1176 3283 ἠγεμονίαν
1229 3210 1319 3265 καὶ
1373 3231 1591 3285 πρῶτος
1635 3219 1738 3282 τῆς
1769 3213 1897 3288 βου-

2016 3216 2175 3270 nium
2191 3213 2557 3269 clarissimus
2571 3215 2715 3282 erat,
2732 3208 3135 3281 etprincipem
3152 3207 3213 3261 in
3237 3209 3445 3261 senatu
3458 3204 3659 3260 locum

225 3303 348 3366 Αῆς
406 3295 711 3373 ὑπάρχων,
758 3292 861 3373 ἔφη
915 3302 995 3370 τῷ
1051 3297 1286 3374 βασιλεῖ.
1341 3300 1403 3358 Τί
1456 3294 1586 3370 ἔδει,
1644 3301 1889 3377 βασιλεῦ,

222 3391 468 3455 ποιῆσαι
500 3389 579 3457 τῷ
617 3386 721 3458 υίῷ
779 3408 879 3441 σου
907 3387 998 3441 καὶ
1032 3387 1095 3441 ού
1125 3388 1527 3464 πεποιήκαμεν,
1571 3394 1668 3446 τοῦ
1710 3398 1893 3447 πεῖσαι

226 3474 405 3530 αὐτὸν
434 3478 553 3536 τοῖς
592 3475 887 3552 ἡμετέροις
941 3474 1159 3541 ἕπεσθαι
1187 3476 1420 3554 δόγμασι
1465 3480 1555 3535 καὶ
1599 3486 1717 3544 τοῖς
1750 3486 1893 3545 θεοῖς

228 3567 407 3637 ἡμῶν
450 3561 772 3639 λατρεύειν;
824 3563 1004 3637 Ἀλλ’,
1038 3567 1112 3628 ὡς
1164 3567 1298 3641 ὀρῶ,
1348 3568 1632 3640 ἀνηνύτοις
1682 3570 1892 3647 ἐπιχει-

233 3657 471 3727 ροῦμεν·
533 3654 593 3708 ἐκ
644 3654 854 3731 φύσεως
906 3654 1009 3730 γὰρ
1069 3654 1236 3728 αὐτῷ,
1289 3660 1325 3727 ἢ
1358 3665 1458 3728 τῆς
1513 3658 1690 3735 τύχης
1737 3659 1892 3732 ἴσως,

226 3744 302 3797 τὸ
339 3739 650 3819 φιλόνεικόν
682 3763 741 3798 τε
760 3744 849 3798 καὶ
884 3743 1224 3817 ἀμείλικτον.
1276 3746 1337 3803 Εἰ
1368 3748 1462 3820 μὲν
1496 3746 1589 3802 οὗν
1639 3748 1893 3824 βασάνοις

234 3831 405 3887 αὐτὸν
435 3828 680 3887 ἐκδοῦναι
740 3831 1025 3904 θελήσειας
1071 3833 1160 3889 καὶ
1203 3837 1522 3913 τιμωρίαις,
1576 3837 1638 3892 σύ
1679 3861 1737 3895 τε
1788 3862 1898 3894 πο-

234 3922 443 3994 λέμιος
476 3920 569 3995 ἔσῃ
596 3925 696 3987 τῆς
756 3922 967 3999 φύσεως
1012 3924 1104 3979 καὶ
1157 3925 1217 3980 οὐ
1276 3927 1457 4003 πατὴρ
1489 3922 1565 3983 ἔτι
1618 3927 1897 4005 κληθήσῃ,

233 4012 491 4067 κάκεῖνον
551 4014 879 4086 ζημιωθήσῃ
941 4013 1178 4087 ἑτοίμως
1236 4012 1436 4090 ἔχοντα
1476 4016 1609 4093 ὑπὲρ
1658 4024 1897 4093 Χριστοῦ

241 4100 561 4159 ἀποθανεῖν.
597 4100 849 4157 Λείπεται
906 4106 1037 4175 γοῦν
1092 4106 1253 4158 τοῦτο
1308 4105 1472 4177 μόνον
1529 4114 1780 4177 ποιῆσαι⁸
1815 4106 1899 4162 δι-

246 4187 398 4246 ελεῖν
431 4187 577 4262 αύτῷ
600 4189 699 4258 τήν
737 4188 1039 4265 βασιλείαν,
1071 4192 1161 4245 καὶ
1208 4191 1286 4255 είς
1329 4198 1390 4249 τὸ
1419 4190 1719 4251 ἐπιϐάλλον
1753 4196 1900 4270 αὐτῷ

250 4278 424 4353 μέρος
479 4277 783 4353 βασιλεὺειν
841 4277 1122 4355 ἐπιτρέψαι
1156 4324 1171 4338 .
1245 4283 1392 4353 Καὶ,
1452 4284 1501 4340 εἴ
1551 4286 1645 4359 μὲν
1700 4288 1735 4357 ἡ
1793 4292 1902 4342 τῶν

244 4369 588 4447 πραγμάτων
631 4367 789 4446 φύσις
847 4370 938 4424 καὶ
967 4372 1001 4440 ἡ
1040 4372 1276 4447 μὲριμνα
1330 4378 1437 4427 τῶν
1504 4376 1777 4450 βιωτικῶν
1808 4376 1903 4432 ἐλ-

241 4457 483 4515 κύσωσιν
544 4458 708 4513 αὐτὸν
769 4457 861 4513 τὸν
910 4456 1176 4533 ἡμέτερον
1226 4460 1559 4519 ἀσπάσασθαι
1613 4464 1813 4521 σκοπόν
1844 4487 1903 4521 τε

240 4549 335 4605 καὶ
370 4548 517 4623 βίον,
577 4543 723 4603 ἔσται
782 4549 920 4622 ἡμῖν
979 4549 1116 4603 κατὰ
1169 4552 1372 4605 σκοπὸν
1430 4552 1491 4607 τὸ
1539 4559 1783 4631 πρᾶγμα·
1832 4558 1901 4612 τὰ

241 4639 351 4715 γάρ
403 4637 652 4713 ⁴ἰσχυρῶς
687 4630 1053 4713 βεϐαιωθὲντα
1080 4641 1149 4713 τῇ
1181 4642 1336 4715 ψυχῇ
1368 4635 1462 4713 ἔθη
1515 4630 1904 4714 δυσεξάλειπτά

246 4726 358 4782 εἶσι
397 4726 489 4781 καὶ
535 4727 719 4780 πειθοῖ
771 4722 984 4800 μᾶλλον
1016 4724 1052 4796 ἢ
1084 4728 1177 4804 βίᾳ
1224 4725 1625 4802 μεταϐάλλεται
1675 4736 1806 4807 (21).
1840 4734 1905 4791 Εἰ

245 4813 311 4871 δὶ
366 4818 435 4889 τῇ
492 4813 755 4891 θρησκείᾳ
811 4822 1113 4893 παραμενεῖ
1350 4823 1460 4875 τῶν
1516 4824 1853 4897 Χριστιανῶν
1890 4867 1905 4895 ,

245 4905 381 4961 αὐτὸ
414 4902 482 4974 δὴ
510 4908 695 4973 τοῦτο,
734 4905 798 4959 τὸ
853 4906 931 4979 μή
993 4907 1337 4980 ζημιωθῆναί
1366 4930 1423 4964 σε
1469 4912 1578 4984 (23)
1622 4911 1714 4966 τὸν
1765 4912 1906 4982 υἱὸν,

243 4995 397 5053 ἔσται
457 5016 541 5051 σοι
598 5002 700 5066 τῆς
762 4995 998 5070 ἃθυμίας
1050 5002 1238 5061 ποσῶς
1295 5001 1665 5077 παραμύθιον.
1725 5006 1908 5061 Ταῦτα

244 5086 596 5162 τούἋραχῆ
633 5082 905 5155 εἰπόντος,
961 5087 1157 5150 πάντες
1215 5090 1649 5166 συνεμαρτύρουν
1706 5091 1909 5148 ἀποδε-

246 5175 487 5252 χόμενοι
522 5175 622 5243 τὴν
680 5174 933 5251 γνώμην.
1000 5177 1313 5233 Συντίθεται
1362 5180 1543 5236 τοίνυν
1575 5179 1665 5236 καὶ
1697 5182 1724 5236 ὁ
1755 5182 1908 5258 βασι-

249 5265 381 5327 λεὺς
416 5263 558 5319 οὕτω
586 5267 750 5320 τνῦτα
780 5261 1109 5333 διατεθῆναι.

326 5391 801 5465 (18)nuc.i,73.

354 5465 439 5535 I9)
470 5463 634 5536 Conf.
664 5480 795 5536 pag.
827 5465 953 5520 259.

347 5534 438 5622 292
471 5534 639 5622 εοητο
672 5534 807 5622 es;
824 5539 965 5622 .192-

324 5599 436 5679 (21)
471 5607 533 5681 C,
573 5599 993 5681 μετᾶϐξλλόμεν
1004 5626 1056 5666 α.

321 5677 433 5824 (22)
464 5680 535 5746 Α,
564 5677 883 5753 παραμένει.

348 5751 440 5824 23)
468 5750 692 5809 Forsan
716 5769 824 5810 σοι.

348 5751 440 5824 23)
468 5750 692 5809 Forsan
716 5769 824 5810 σοι.

2003 3303 2329 3370 obtinebat,
2353 3302 2448 3356 his
2470 3301 2543 3356 ad
2567 3317 2763 3372 regem
2786 3298 2979 3354 verbis
3001 3314 3145 3353 usus
3177 3302 3266 3352 est
3289 3313 3302 3351 :
3332 3294 3651 3365 Quidnam,

2002 3410 2035 3449 ο
2066 3410 2190 3460 rex,
2216 3392 2339 3446 ﬁlio
2364 3396 2461 3446 tuo
2484 3390 2678 3445 facere
2706 3388 2969 3460 oportuit
2989 3385 3148 3457 quod
3169 3402 3291 3441 non
3307 3384 3650 3451 fecerimus,

2000 3487 2067 3538 ut
2087 3481 2161 3538 ad
2183 3480 2488 3553 sequenda
2507 3485 2711 3535 nostra
2728 3477 3286 3551 dogmata,deosque
3304 3479 3540 3530 nostros
3562 3490 3655 3530 co-

2000 3573 2211 3629 lendos
2234 3589 2368 3627 eum
2386 3569 2806 3626 induceremus
2825 3568 2852 3623 ?
2873 3568 3110 3632 Verum,
3132 3570 3198 3619 ut
3216 3564 3404 3635 video,
3426 3562 3647 3636 impos-

2005 3662 2202 3719 sibilia
2214 3659 2614 3734 aggredimur:
2635 3658 2930 3730 siquidem
2945 3674 2978 3712 a
2993 3653 3651 3727 naturaipsi,autetiam

2001 3754 2253 3809 fortasse
2292 3770 2326 3808 a
2358 3752 2618 3821 fortuna,
2637 3749 2965 3822 pervicacia
2986 3752 3045 3803 et
3064 3745 3251 3803 animi
3275 3743 3527 3801 durities
3556 3745 3650 3800 in-

2006 3844 2118 3898 sita
2144 3848 2251 3899 est.
2284 3844 2487 3913 Itaque
2521 3839 2570 3895 si
2613 3840 2809 3911 ipsum
2857 3837 3167 3910 suppliciis
3188 3853 3257 3892 ac
3294 3834 3653 3891 cruciatibus

2006 3932 2243 3989 afﬁcere
2300 3932 2363 3986 in
2412 3930 2677 3986 animum
2740 3928 3063 3995 induxeris,
3098 3932 3223 3982 tum
3254 3926 3382 3998 ipse
3426 3929 3653 3980 naturae

2007 4022 2239 4077 hostem
2288 4026 2343 4076 te
2400 4019 2713 4092 praebebis,
2755 4018 3061 4090 patrisque
3110 4032 3331 4071 nomen
3380 4014 3654 4080 amittes,

2010 4117 2133 4166 tum
2158 4112 2344 4182 ipsius
2363 4110 2660 4182 jacturam
2680 4108 2883 4175 facies,
2906 4112 2973 4160 ut
2995 4105 3095 4175 qui
3123 4122 3228 4175 pro
3251 4103 3482 4157 Christo
3502 4118 3659 4155 mor-

2011 4206 2130 4257 tem
2153 4206 2431 4273 appetere
2473 4203 2714 4271 paratus
2752 4198 2847 4251 sit.
2881 4194 3197 4263 Reliquum
3249 4197 3339 4245 est
3385 4190 3563 4262 igitur
3591 4194 3658 4244 ut

2010 4291 2164 4346 hanc
2200 4290 2492 4345 rationem
2539 4288 2726 4353 ineas,
2768 4299 2980 4354 nempe
3012 4287 3077 4337 ut
3119 4296 3367 4353 regnum
3421 4296 3557 4334 cum
3585 4294 3653 4333 eo

2010 4380 2306 4451 partiaris,
2334 4379 2505 4447 eique
2547 4378 2607 4431 in
2632 4392 2701 4431 ea
2726 4378 2891 4445 parte
2918 4389 3047 4443 qum
3079 4370 3151 4426 ad
3183 4387 3317 4425 eum
3347 4370 3657 4426 attinuerit

2011 4469 2156 4541 regii
2216 4466 2484 4521 muneris
2536 4462 3112 4519 administrationem
3158 4460 3512 4516 committas.
3572 4462 3654 4515 Ac

1933 4582 1979 4648 Ι)
2014 4559 2061 4614 si
2093 4556 2335 4629 quidem
2365 4554 2734 4627 negotiorum
2765 4558 2996 4622 natura,
3036 4566 3355 4621 rerumque
3401 4548 3657 4604 munda-

2016 4664 2229 4704 narum
2261 4663 2401 4702 cura
2432 4662 2567 4701 eum
2598 4643 2673 4699 ad
2717 4643 3053 4697 institutum
3086 4646 3359 4696 nostrum
3406 4640 3657 4710 vitasque

2015 4753 2201 4809 genus
2231 4733 2712 4807 amplectendum
2742 4731 3157 4803 pertraxerint,
3208 4746 3305 4785 res
3361 4727 3534 4784 nobis
3590 4744 3660 4783 ex

2018 4825 2314 4881 sententia
2344 4823 2640 4879 succedet.
2673 4823 2860 4877 Mores
2892 4820 3113 4876 etenim
3161 4819 3224 4874 in
3254 4818 3453 4874 animo
3483 4817 3662 4871 vehe-

2016 4920 2251 4971 menter
2276 4910 2640 4970 corroborati
2670 4927 2824 4983 mgre
2846 4910 3100 4983 expungi
3132 4914 3309 4980 atque
3326 4906 3660 4964 oblitterari

2016 5008 2286 5078 possunt,
2327 5002 2759 5071 verborumque
2814 5000 3012 5072 potius
3058 4997 3364 5054 blanditiis
3396 5013 3576 5069 quam
3606 4996 3659 5050 vi

2018 5098 2477 5151 commutantur.
2496 5091 2595 5146 Sin
2618 5094 2815 5145 autem
2846 5089 2907 5143 in
2928 5088 3398 5143 Christianorum
3419 5087 3661 5159 regione

2019 5183 2365 5258 perstiterit,
2396 5180 2544 5237 illud
2566 5180 2761 5252 ipsum
2783 5183 2962 5249 certe,
2986 5177 3145 5250 quod
3176 5177 3298 5234 filio
3328 5194 3449 5233 non
3468 5177 3548 5233 sis
3574 5193 3667 5233 or-
