4030 6202
457 320 600 380 1175

1980 318 2349 374 ADDBNDA.

3670 328 3774 385 1176

456 447 631 504 batus
662 461 976 502 mmrorem
1006 450 1174 502 tuum
1205 445 1404 517 aliqua
1433 462 1503 500 ex
1524 449 1690 517 parte
1721 441 2032 515 mitigabit.
2062 441 2224 496 Hanc
2253 441 2584 497 orationem
2613 457 2749 497 cum
2783 441 3040 497 Araches
3078 440 3405 512 habuisset,
3432 461 3613 504 omnes
3637 451 3779 521 ipsius

459 535 817 593 sententiam
839 535 1322 606 comprobarunt,
1353 551 1420 590 ac
1451 534 1697 606 proinde
1729 550 1830 588 rex
1863 549 1924 587 se
1947 531 2030 585 ita
2058 533 2327 584 acturum
2359 531 2637 586 assensit.

428 611 432 618 ’
528 627 732 696 Itaque
744 625 1028 696 postridie
1043 641 1177 679 cum
1193 625 1504 689 illuxisset,
1523 624 1712 679 filium
1731 621 2105 686 accivit,eum

2289 624 2327 672 Κ
2369 618 2382 637 \
2421 616 2444 635 ἢ
2463 621 2475 635 1
2798 641 2818 652 ρ
2873 620 2882 638 Ι
3305 619 3330 642 ν
3470 628 3496 639 η
3561 626 3612 642 ο-

2332 640 2385 672 αι
2418 637 2483 687 οη
2543 619 3055 693 προσκαλεσάμενος
3086 616 3272 691 ἕωθεν,
3305 643 3406 696 εφη
3435 644 3508 696 τῳ
3535 644 3640 697 υιῳ·
3667 631 3782 688 304

461 715 680 786 queita
697 719 786 769 est
805 714 1126 770 allocutus:
1167 715 1270 768 Hic
1315 714 1484 782 mihi,
1517 731 1548 768 ο
1573 719 1732 779 nate,
1773 717 2110 783 postremus

461 804 534 859 ad
557 809 612 858 te
640 820 832 858 sermo
856 809 964 871 est,
988 804 1080 858 cui
1102 803 1215 856 nisi
1246 803 1689 874 quamprimum
1713 799 2001 873 parueris,
2032 804 2114 852 at-

461 910 575 964 que
596 894 658 947 in
683 894 791 948 hac
814 893 1024 948 saltem
1046 909 1107 947 re
1127 893 1383 964 pectoris
1409 893 1523 947 mei
1547 893 1812 947 dolorem
1837 888 2111 944 leniveris

459 1002 582 1041 non
599 984 931 1052 ultra,mihi
953 984 1536 1057 crede,indulgenter
1551 991 1742 1039 tecum
1757 999 1948 1056 agam.
1974 982 2111 1034 Per-

459 1077 740 1130 contante
769 1079 968 1128 autem
990 1072 1092 1128 illo
1141 1073 1283 1144 quid
1307 1074 1418 1128 sibi
1440 1074 1552 1128 hoc
1577 1088 1852 1128 sermone
1897 1070 2109 1124 vellet:

459 1165 746 1232 Quonam,
768 1162 962 1234 inquit
980 1162 1102 1230 ille,
1123 1164 1328 1218 multis
1351 1163 1641 1234 susceptis
1666 1160 1970 1216 laboribus
1988 1176 2115 1230 per-

459 1253 714 1310 fractum
746 1258 804 1309 et
832 1258 1244 1310 contumacem
1269 1259 1324 1309 te
1343 1253 1416 1308 ad
1447 1270 1654 1308 omnes
1685 1251 1900 1324 reperi,
1925 1254 1990 1303 ut
2012 1248 2113 1319 qui

462 1343 648 1399 nullis
667 1359 930 1414 unquam
955 1343 1330 1398 sermonibus
1352 1343 1500 1399 meis
1525 1341 1857 1414 parendum
1873 1339 1977 1394 tibi
2002 1337 2113 1392 du-

462 1434 642 1502 xeris,
667 1449 792 1505 age,
819 1432 1003 1488 diviso
1027 1433 1276 1503 imperio
1300 1449 1432 1487 meo
1479 1432 1538 1486 id
1560 1432 1796 1496 faciam,
1830 1435 1895 1482 ut
1927 1435 1986 1482 tu
2019 1444 2113 1482 se-

467 1521 930 1594 paratimdegas,
948 1538 1014 1576 ac
1037 1538 1286 1594 regnum
1310 1538 1498 1593 geras.
1528 1521 1758 1591 ltajam
1788 1519 1912 1585 tibi,
1934 1533 2113 1588 quam

466 1611 655 1682 cUpis,
675 1611 828 1665 viam
875 1609 1102 1682 ingredi
1149 1616 1272 1665 tuto
1297 1611 1519 1666 licebit.
1543 1610 1749 1664 Divina
1777 1614 1974 1663 autem
2014 1606 2116 1661 illa

466 1701 687 1770 anima,
713 1716 1058 1770 quanquam
1093 1699 1316 1771 alioqui
1349 1716 1548 1772 regem
1571 1699 1681 1753 hoc
1714 1698 1826 1753 sibi
1859 1696 2116 1752 labefac-

471 1788 630 1844 tandi
656 1789 745 1844 sui
772 1789 1028 1842 instituti
1051 1804 1228 1844 causa
1258 1806 1588 1861 proponere
1622 1792 1990 1859 compertum
2009 1786 2116 1840 ha-

464 1878 654 1944 beret,
704 1878 1238 1949 obtemperandum
1291 1885 1492 1933 tamen
1525 1879 1712 1947 duxit,
1748 1878 1858 1931 hoc
1890 1875 2119 1930 scilicet

2216 710 2387 771 Οὗτός
2421 731 2514 783 μοι
2543 709 2856 773 τελευταῖος
2915 709 3025 782 ἤδη
3059 713 3194 788 πρὸς
3224 714 3279 768 σὲ
3311 713 3497 788 λόγος,
3540 717 3630 770 υἱέ·
3658 717 3780 794 οὗπερ

2218 797 2262 852 εἰ
2314 802 2389 872 μὴ
2441 799 2595 863 εὐθὺς
2645 801 2915 870 κατήκοος
2961 802 3091 876 γένῃ
3142 802 3233 856 καὶ
3291 803 3383 857 κᾶν
3432 801 3482 857 ἐν
3522 805 3680 878 τούτῳ
3716 809 3786 874 τὴν

2215 886 2355 960 ἐμὴν
2416 887 2750 962 θεραπεύσῃς
2807 886 3030 963 καρδίαν
3068 935 3083 956 ,
3143 890 3242 945 οῦκ
3299 889 3375 946 ἔτι
3434 913 3545 959 σου,
3595 891 3644 947 εὖ
3693 893 3788 962 ἴσθι,

2218 976 2494 1055 φείσομαι.
2548 980 2658 1034 Τοῦ
2709 975 2766 1032 δί
2820 979 2941 1032 υἱοῦ
2988 981 3302 1051 πυθομένου
3332 980 3415 1042 τίς
3461 983 3494 1051 ἡ
3538 986 3622 1037 τοῦ
3662 981 3791 1059 λόγον

2217 1063 2470 1139 δύναμις,
2532 1067 2810 1142 Ἐπείπερ,
2842 1068 2998 1145 φησί,
3030 1067 3218 1124 πολλά
3275 1071 3536 1144 μογήσας,
3565 1069 3790 1126 ἀνένόοτόν

2218 1176 2275 1211 σε
2300 1157 2435 1231 πρὸς
2466 1157 2641 1211 πάντα
2687 1156 2851 1232 αὗρον
2881 1161 2979 1212 τοῦ
3027 1157 3318 1228 πεισθῆναί
3351 1181 3454 1232 μου
3480 1165 3586 1222 τοῖς
3631 1159 3796 1236 λόγοις,

2219 1241 2377 1317 δεῦρο
2406 1241 2472 1313 δὴ
2505 1241 2723 1314 λοιπὸν,
2782 1247 2881 1314 τὴν
2940 1245 3216 1320 βασιλείαν
3280 1244 3498 1318 διελὼν,
3551 1248 3636 1302 ἀνά
3677 1250 3799 1322 μέρος

2219 1332 2352 1388 εἶναί
2399 1354 2456 1388 σε
2485 1332 2575 1388 καὶ
2613 1331 2921 1409 βασιλεύειν
2959 1337 3201 1406 ποιήσω’
3232 1337 3325 1391 καὶ
3381 1334 3519 1392 ἔσται
3550 1358 3624 1393 σοι
3650 1335 3797 1394 λοιπὸν

2218 1420 2300 1477 ἐπ’
2332 1421 2514 1484 ἀδείας
2545 1422 2610 1491 ἣν
2646 1422 2704 1477 ἂν
2755 1427 2932 1497 ποθῇς
2973 1423 3106 1479 ἱέναι
3158 1422 3310 1484 ὁδόν.
3363 1431 3556 1482 Γνοῦσα
3584 1425 3636 1482 δὲ
3660 1430 3688 1497 ἡ
3715 1429 3800 1482 θεία

2220 1513 2371 1587 ψυχὴ
2395 1509 2573 1582 ἐκείνη
2605 1511 2888 1567 καὶτοῦτο
2935 1512 3020 1568 ἐπ’
3073 1513 3282 1588 ὀλίσθῳ
3333 1522 3432 1586 τῆς
3465 1515 3615 1571 αὐτοῦ
3654 1537 3799 1590 προαι-

2222 1602 2417 1677 ρέσεως
2449 1597 2748 1678 προϐαλεῖν
2796 1603 2889 1657 τὸν
2943 1603 3191 1678 βασιλέα,
3226 1604 3385 1678 ὅμως
3416 1605 3684 1660 ἐπακοῦσαι
3709 1628 3799 1660 σοι·

2222 1687 2382 1759 εἶδεν,
2430 1688 2543 1759 ἵνα,
2601 1692 2698 1754 τὰς
2756 1692 2924 1746 αὐτοῦ
2983 1689 3206 1769 διαδράς
3267 1700 3479 1769 χεῖρας,
3531 1697 3624 1764 τὴν
3664 1695 3801 1749 ἐπιθυ-

2227 1781 2502 1854 μουμένην
2560 1783 2707 1853 αὐτῷ
2763 1780 3092 1855 πορεῦσηται
3153 1780 3305 1840 ὁδόν.
3362 1780 3658 1840 Ὑπολαὲὼν
3719 1784 3801 1853 οὖν,

2221 1875 2300 1943 τῷ
2336 1866 2553 1945 βασιλεῖ
2581 1866 2706 1948 ἔφη’
2763 1871 2906 1945 Ἐγὼ
2937 1872 3031 1943 μὶν
3066 1870 3299 1935 ἐπόθουν
3345 1874 3436 1927 τὸν
3492 1875 3624 1928 θεῖον
3651 1871 3803 1928 ἐκεῖνον

466 1967 690 2032 animo,
720 1972 787 2020 ut
825 1982 895 2021 ex
927 1966 1114 2038 ipsius
1146 1967 1423 2022 manibus
1455 1968 1715 2037 elapsus,
1749 1966 1906 2020 viam
1939 1980 2116 2035 quam

2230 1964 2458 2030 ζητῆσαι
2519 1957 2706 2032 ἄνδρα,
2764 1961 2856 2014 τὸν
2921 1957 3276 2032 ὑποδείξαντά
3331 1984 3425 2036 μοι
3479 1965 3573 2032 τήν
3611 1963 3804 2031 ὁδόντῆς

468 2055 780 2128 expetebat
798 2055 1227 2127 ingrederetur.
1253 2057 1598 2111 Sermonem
1618 2055 1795 2127 igitur
1818 2054 2119 2125 excipiens

468 2147 542 2202 ad
569 2161 768 2216 regem
799 2144 911 2199 ait:
954 2144 1242 2214 Equidem
1274 2146 1400 2216 ipse
1427 2145 1689 2200 divinum
1723 2145 1892 2198 illum
1927 2144 2117 2196 virum

471 2234 571 2305 qui
604 2233 748 2288 mihi
781 2233 993 2288 salutis
1025 2234 1137 2287 iter
1163 2235 1648 2288 commonstravit
1691 2248 1957 2303 quaerere
1988 2248 2120 2303 ges-

471 2323 714 2389 tiebam,
750 2321 1045 2392 rebusque
1105 2323 1382 2378 omnibus
1426 2323 1619 2376 valere
1643 2322 1850 2392 jussis,
1884 2338 2018 2375 cum
2053 2337 2120 2374 eo

475 2409 766 2482 quidquid
791 2409 935 2464 mihi
959 2411 1088 2464 vitm
1108 2411 1404 2481 reliquum
1431 2416 1521 2466 est
1553 2411 1879 2466 traducere.
1909 2411 2122 2463 Verum

474 2499 756 2570 quoniam
780 2515 885 2570 per
908 2505 1023 2565 te,o
1045 2505 1232 2570 pater,
1257 2500 1405 2553 mihi
1428 2517 1496 2554 ea
1517 2517 1647 2570 qua:
1669 2498 1832 2554 cordi
1856 2504 2014 2567 sunt,
2037 2497 2122 2552 fa-

2231 2047 2525 2124 σωτηρίας,
2570 2049 2684 2114 καὶ,
2738 2052 2869 2103 πᾶσι
2925 2049 3134 2124 χαίρειν
3179 2050 3426 2119 εἰπόντα,
3462 2053 3569 2124 μετ’
3593 2053 3731 2107 αὐτοῦ
3763 2051 3805 2106 τὸ

2227 2137 2422 2192 λοιπὸν
2454 2145 2555 2208 τῆς
2605 2143 2749 2208 ζωῆς
2808 2160 2912 2211 μου
2944 2135 3208 2194 διανύσαι·
3244 2138 3372 2195 ἀλλ’
3404 2139 3516 2197 ἐπεί
3558 2163 3640 2215 με,
3664 2145 3804 2216 πάτερ,

2230 2227 2291 2283 οὐ
2335 2233 2640 2304 συγχωρεῖς
2680 2228 2748 2283 τά
2801 2227 3108 2302 καταθύμια
3165 2232 3443 2304 πράττειν,
3497 2230 3723 2303 πείθομαί
3746 2252 3806 2285 σοι

2233 2316 2284 2372 ἐν
2316 2318 2516 2390 τούτῳ.
2579 2319 2668 2374 Ἐν
2730 2318 2808 2379 οἷς
2854 2319 2954 2393 γαρ
3005 2319 3073 2373 οὐ
3119 2319 3400 2393 πρόκειται
3459 2323 3708 2399 προρανής
3733 2321 3806 2375 ἁπ-

2233 2405 2402 2461 ώλεια
2432 2406 2521 2462 καὶ
2553 2410 2686 2461 Θεοῦ
2733 2405 3120 2483 ἀλλοτρίωσις,
3170 2409 3340 2464 καλὸν
3399 2415 3476 2482 τῷ
3503 2411 3649 2485 πατρὶ
3674 2411 3806 2464 πείθε-

2234 2505 2374 2557 σθαι.

473 2607 605 2645 cere
636 2589 880 2644 minime
910 2589 1068 2657 licet,
1099 2589 1206 2644 hac
1239 2590 1300 2643 in
1329 2605 1391 2643 re
1425 2589 1529 2643 tibi
1559 2606 1786 2643 morem
1817 2604 1975 2660 gero,
2010 2585 2303 2658 siquidem
2332 2587 2392 2639 in
2423 2585 2516 2640 his
2545 2585 2722 2640 rebus
2753 2585 2813 2640 in
2844 2586 3058 2657 quibus
3094 2589 3476 2661 perspicuum
3507 2589 3716 2645 exitium
3744 2594 3806 2644 at-

474 2695 588 2749 que
615 2677 970 2732 abalienatio
1003 2694 1037 2732 a
1069 2679 1186 2732 Deo
1219 2695 1337 2732 non
1361 2679 1731 2750 proponitur,
1763 2678 1916 2749 patri
1950 2676 2358 2747 obtemperare
2377 2675 2690 2746 pulchrum
2725 2680 2832 2730 est.

543 2769 661 2822 Rex
681 2767 878 2836 itaque
900 2783 1134 2821 summa
1155 2766 1357 2821 laetitia
1380 2766 1982 2838 perfusus,regionem
1998 2783 2117 2820 om-

468 2871 607 2910 nem
630 2855 881 2926 imperio
897 2871 1000 2909 suo
1025 2871 1091 2910 ac
1105 2854 1313 2909 ditioni
1336 2855 1662 2927 subjectam
1687 2856 1745 2909 in
1761 2855 1906 2910 duas
1919 2860 2117 2926 partes

468 2942 1011 3015 dividit,ﬁliumque
1034 2961 1231 3016 regem
1247 2950 1502 3014 creat,ac
1523 2944 1854 2999 diademate
1875 2947 2118 2998 exornat

468 3034 746 3107 regiaque
763 3035 926 3089 omni
949 3034 1138 3106 gloria
1158 3035 1504 3107 insignitum
1543 3035 1603 3089 in
1626 3052 1758 3090 eam
1782 3034 1944 3106 regni
1978 3050 2116 3104 par-

470 3129 588 3178 tem
603 3141 734 3194 quae
751 3123 861 3194 ipsi
876 3124 1159 3178 attributa
1176 3129 1446 3178 eratcum
1459 3123 1767 3178 luculenta
1786 3122 2113 3178 satellitum

470 3229 651 3268 manu
675 3213 917 3279 emittit;
939 3212 1308 3284 principibus
1322 3218 1518 3269 autem
1534 3230 1601 3267 ac
1618 3212 1888 3277 ducibus,
1913 3211 2116 3281 reique

470 3303 749 3359 militaris
764 3301 1059 3373 praefectis
1086 3307 1143 3357 et
1172 3303 1444 3374 satrapis,
1477 3303 1526 3357 si
1560 3319 1811 3373 quorum
1847 3302 2118 3356 voluntas

2297 2764 2476 2836 Χαρᾶς
2513 2761 2602 2816 οῦν
2641 2760 2722 2816 ὅτι
2781 2759 3040 2833 πλείστης
3070 2765 3098 2818 ὁ
3134 2763 3397 2840 βασιλεὺς
3449 2764 3683 2836 πλησθεῖς
3706 2763 3804 2819 διαι-

2227 2856 2311 2924 ρεῖ
2357 2851 2451 2924 μὲν
2504 2852 2603 2919 τὴν
2659 2849 2899 2922 ὑποτελῆ
2961 2853 3108 2925 αὐτῷ
3167 2855 3362 2930 χώραν
3419 2862 3580 2910 πᾶσαν
3631 2855 3694 2917 εἰς
3717 2853 3801 2924 δύο,

2226 2944 2535 3015 χειροτονεῖ
2573 2936 2630 2994 δὲ
2685 2940 2775 2995 τὸν
2837 2939 2953 2996 υἱόν
3017 2941 3273 3018 βασιλέα,
3326 2950 3521 3017 κοσμεῖ
3568 2949 3636 3016 τῷ
3662 2941 3803 3013 διαδή-

2231 3049 2394 3102 ματι,
2450 3029 2588 3099 καὶ,
2647 3030 2790 3105 πάσῃ
2839 3035 3036 3086 τοῦτον
3097 3031 3362 3108 βασιλικῇ
3419 3033 3802 3108 καταλαμπρῦνις

2228 3116 2378 3194 δόξῃ,
2413 3119 2488 3180 εἷς
2517 3119 2618 3187 τῆν
2669 3119 3048 3196 ἀφορισθεῖσαν
3093 3122 3248 3194 αὐτῷ
3301 3122 3558 3196 ἐκπέμπει
3590 3121 3798 3197 βασιλείαν

2231 3210 2363 3281 μετά
2393 3208 2653 3282 λαμπρᾶς
2695 3205 3041 3286 δορυφορίας.
3091 3211 3223 3272 Τοῖς
3283 3210 3511 3288 ἄρχουσι
3542 3210 3593 3267 δὲ
3619 3213 3691 3266 καὶ
3713 3214 3799 3285 ἦγε·

2232 3299 2380 3368 μόσι,
2438 3304 2762 3374 στρατηγοῖς
2813 3318 2872 3352 τε
2926 3302 3017 3353 καὶ
3078 3300 3381 3374 σατράπαις
3436 3299 3647 3373 κελεύει,
3686 3299 3797 3354 παντῖ

474 3391 558 3445 ita
578 3389 833 3458 tulisset,
861 3407 994 3446 cum
1042 3391 1164 3445 ﬁlio
1191 3407 1296 3446 suo
1325 3407 1390 3446 ac
1414 3408 1548 3463 rege
1570 3388 1987 3462 proficiscendi
2011 3405 2116 3460 po-

2230 3392 2308 3460 τῷ
2344 3386 2692 3462 βουλομένῳ,
2751 3386 3003 3442 ἀπελθεῖν
3063 3389 3199 3461 μετά
3251 3395 3352 3444 τοῦ
3399 3392 3516 3445 υἱοῦ
3567 3390 3704 3444 αὐτοῦ
3735 3387 3794 3440 ui

475 3483 750 3535 testatem
779 3479 938 3535 facit.
959 3481 1148 3551 Atque
1163 3479 1461 3552 ingentem
1482 3479 1802 3550 quamdam
1825 3495 1890 3534 ac
1910 3495 2119 3533 nume-

477 3568 848 3623 rosissimam
878 3568 1108 3635 urbem,
1142 3568 1202 3622 in
1236 3584 1350 3638 qua
1379 3569 1598 3640 regiam
1623 3567 1825 3622 sedem
1857 3567 2120 3632 haberet,

481 3656 1089 3727 assignat,omniaque
1114 3673 1182 3712 ea
1210 3675 1338 3728 qua:
1361 3658 1599 3729 regibus
1621 3657 1979 3712 conveniunt
2009 3655 2122 3726 ipsi

480 3747 766 3817 impertit.
791 3747 934 3800 Tum
962 3747 1140 3819 igitur
1171 3748 1386 3818 regiam
1414 3747 1824 3803 auctoritatem
1851 3763 1918 3801 ac
1949 3751 2124 3817 pote-

481 3839 694 3890 statem
725 3841 933 3890 nactus
953 3837 1251 3907 Josaphat,
1276 3854 1411 3891 cum
1441 3837 1659 3891 adeam
1681 3837 1887 3890 urbem
1920 3837 1980 3888 in
2009 3850 2127 3906 qua

482 3913 551 3979 ea
581 3940 711 3994 qua:
761 3923 833 3979 ad
863 3941 1109 3998 regnum
1161 3926 1484 3998 gerendum
1516 3926 1896 3999 pertinebant
1925 3929 2128 3996 parata

483 4018 653 4069 erant
678 4014 958 4081 venisset,
1008 4013 1320 4070 dominica:
1377 4016 1671 4088 passionis
1727 4015 1980 4088 signum,
2016 4014 2128 4068 hoc

483 4108 592 4175 est,
623 4103 1018 4158 venerandam
1063 4104 1273 4159 Christi
1323 4121 1558 4159 crucem
1592 4105 1651 4158 in
1684 4103 1933 4176 singulis
1964 4102 2128 4156 urbis

481 4191 745 4248 turribus
798 4192 1150 4248 collocavit.
1195 4192 1495 4248 Idolorum
1547 4199 1743 4248 autem
1795 4191 2041 4246 delubra
2072 4197 2130 4245 et

483 4299 614 4337 aras
649 4280 884 4353 dejecit,
918 4287 1094 4353 atque
1121 4298 1154 4336 a
1182 4282 1589 4336 fundamentis
1621 4282 1764 4353 ipsis
1795 4281 1966 4348 eruit,
1993 4281 2129 4334 nul-

481 4371 571 4426 las
595 4371 870 4426 videlicet
900 4371 1223 4442 impietatis
1254 4371 1540 4442 reliquias
1573 4371 1874 4442 linquens.

552 4463 743 4532 Atque
775 4460 834 4515 in
865 4460 1061 4516 media
1091 4460 1237 4515 urbe
1269 4461 1478 4532 ingens
1503 4477 1568 4515 ac
1591 4461 1943 4532 praeclarum
1970 4464 2125 4513 tem-

480 4550 648 4622 plum
665 4550 892 4604 Christo
913 4551 1161 4605 Domino
1182 4550 1472 4617 excitavit,
1496 4549 1773 4621 plebique
1796 4548 2126 4620 imperavit,

483 4645 549 4694 ut
578 4639 652 4694 ad
669 4656 802 4694 eum
829 4639 1024 4694 locum
1049 4639 1252 4693 crebro
1279 4655 1643 4707 commeans,
1670 4641 1785 4693 Deo
1809 4656 1914 4710 per
1935 4639 2127 4693 crucis

482 4729 891 4784 adorationem
922 4729 1148 4784 cultum
1178 4729 1506 4784 adhiberet.
1559 4732 1632 4783 At
1665 4734 1802 4783 tunc
1833 4727 1958 4798 ipse
1991 4731 2127 4782 ante

483 4835 693 4874 omnes
707 4819 768 4873 in
784 4818 1045 4873 medium
1059 4817 1766 4890 prodiens,intentissimo
1781 4818 1979 4873 animo
1998 4834 2126 4889 pre-

484 4925 581 4963 ces
601 4908 1240 4978 fundebat,omnesque
1263 4925 1364 4963 eos
1383 4908 1482 4980 qui
1498 4908 1606 4962 sub
1627 4908 1812 4978 ipsius
1835 4911 2124 4978 potestate

484 5015 551 5052 ac
572 4998 794 5052 ditione
817 4997 1301 5065 erantmonebat,
1326 4996 1846 5063 obsecrabat,nihil
1870 4995 2128 5065 denique

482 5087 991 5159 prmtermittebat,
1007 5103 1122 5156 quo
1143 5085 1300 5156 ipsos
1314 5103 1347 5140 a
1363 5086 1773 5156 superstitioso
1790 5101 1986 5139 errore
2000 5084 2129 5139 abs-

484 5178 766 5243 traheret,
791 5182 966 5247 atque
988 5176 1061 5230 ad
1085 5175 1382 5230 Christum
1415 5175 1793 5247 adjungeret:
1831 5173 2126 5229 idolorum

483 5264 678 5318 cultus
707 5264 975 5320 fraudem
1004 5270 1180 5335 atque
1204 5265 1591 5335 imposturam
1614 5264 2126 5331 indicabat,Evan-

481 5352 620 5424 gelii
651 5352 1132 5422 praedicationem
1166 5353 1516 5424 exponebat,
1551 5354 1652 5408 Dei
1695 5353 1856 5408 verbi
1887 5353 2126 5425 plenam

485 5438 870 5509 indulgentiae
897 5441 1322 5497 demissionem
1353 5442 1872 5507 commemorabat,
1909 5441 2127 5496 adven-

483 5538 579 5588 tus
600 5529 788 5602 ipsius
814 5531 1100 5588 miracula
1114 5534 1494 5604 praedicabat,
1529 5536 1720 5591 crucis
1743 5533 2121 5606 supplicium,

479 5637 590 5702 per
618 5616 778 5695 quod
799 5616 1052 5674 salutem
1077 5623 1377 5679 consecuti
1405 5640 1630 5696 sumus,
1651 5623 2006 5693 declarabat,
2031 5639 2126 5678 re-

2157 4775 2202 4839 D

2237 3473 2523 3550 βασιΛέως.
2561 3475 2662 3530 Καὶ
2690 3473 2852 3530 πόλιν
2882 3475 3000 3530 τινὰ
3031 3475 3278 3552 μεγάλην
3326 3478 3416 3534 καὶ
3446 3476 3793 3552 πολυάνθρωπον

2231 3564 2477 3640 ἀφορίζει
2508 3567 2659 3621 305
2696 3563 2860 3619 αὐτοῦ
2916 3569 2985 3638 τῇ
3031 3563 3306 3642 βασιλείᾳ,
3341 3567 3429 3622 καὶ
3489 3570 3640 3621 πάντα
3665 3562 3799 3619 δίδωτι

2232 3653 2298 3707 τὰ
2328 3652 2602 3728 πρέποντα
2661 3653 2993 3729 βασιλεῦσιν.
3041 3655 3173 3710 Τότε
3234 3653 3304 3724 δὴ
3336 3656 3458 3712 τότε
3483 3657 3574 3726 τὴν
3623 3651 3797 3725 ἐξουσίαν

2234 3738 2566 3816 παραλαϐὼν
2602 3743 2629 3797 ὁ
2663 3744 2894 3821 Ἰιυάσαφ
2943 3751 3042 3812 τῆς
3105 3743 3409 3820 βασιλείας,
3456 3746 3600 3815 ἡνίκα
3626 3745 3705 3812 τήν
3729 3740 3798 3794 τιό-

2235 3829 2321 3886 λιν
2380 3826 2674 3886 κατέλαϐεν
2730 3826 2856 3886 ἔνθα
2907 3832 2974 3886 τά
3027 3839 3129 3902 τῆς
3201 3831 3481 3909 βασιλείας
3545 3832 3799 3908 ηὐτρέπιστο

2235 3922 2404 3992 αὐτῷ,
2436 3922 2498 3975 τὸ
2549 3926 2646 3976 τοῦ
2704 3918 3025 3976 δεσποτικοῦ
3085 3923 3179 3995 μὲν
3243 3923 3446 3987 πάθους
3499 3928 3714 3995 σημεῖον,
3737 3920 3798 3972 τὸν

2238 4003 2534 4083 σεϐάσμιον
2585 4010 2812 4085 σταυρὸν
2869 4014 2971 4065 τοῦ
3029 4011 3268 4086 Χριστοῦ
3302 4057 3316 4081 ,
3377 4009 3568 4084 ἑκάστῳ
3617 4010 3796 4088 ἐφίστησι

2235 4106 2334 4167 τῆς
2381 4097 2596 4160 πόλεως
2639 4100 2849 4174 πύργῳ·
2906 4098 3033 4161 τοὺς
3095 4096 3153 4154 ’ὀὶ
3207 4098 3523 4161 εἶδωλικοὺς
3565 4100 3697 4160 ναοὺς
3737 4094 3797 4150 καὶ

2242 4187 2464 4262 βωμοὺς
2513 4190 2768 4263 περιστὰς
2825 4187 3190 4264 ἐπολιόρκει,
3241 4192 3501 4246 κατέσειεν
3533 4233 3547 4258 ,
3595 4188 3797 4262 ἁνώρυττε

2235 4278 2297 4331 τὸ
2329 4273 2546 4352 ἔδαφος)
2602 4276 2922 4350 ἐξεκάλυπτε
2969 4277 3100 4341 τοὺς
3130 4279 3435 4353 θεμελίους,
3469 4276 3620 4352 μηδὲν
3661 4275 3798 4346 λείψα-

2236 4387 2322 4421 νον
2355 4369 2452 4436 τῆς
2479 4361 2723 4428 ἀσεϐείας
2746 4366 3089 4425 καταλιπών.

2311 4457 2458 4512 Κατὰ
2517 4453 2574 4510 δὲ
2631 4455 2799 4529 μέσης
2856 4463 2958 4527 τῆς
3013 4457 3232 4520 πόλεως
3286 4461 3408 4514 ναὸν
3469 4457 3612 4532 μέγαν
3659 4475 3703 4508 τε
3733 4451 3796 4506 κειῖ

2239 4542 2550 4620 περικαλλῆ
2578 4549 2657 4617 τῷ
2688 4545 2929 4620 Δεσπότῃ
2963 4546 3219 4623 ἀνεγείρει
3262 4549 3491 4623 Χριστῷ.
3524 4547 3608 4602 Καὶ
3641 4539 3792 4600 κελεῦει

2235 4635 2297 4688 τὸ
2330 4633 2547 4704 πλῆθος
2577 4633 2690 4689 ἐκεῖ
2720 4636 2944 4710 συνεχὲς
2972 4632 3442 4711 ἐπιχωριάζοντας
3473 4635 3716 4709 προσάγειν
3738 4632 3791 4698 τῷ

2241 4728 2356 4796 Θεῷ
2378 4724 2440 4778 τὸ
2498 4717 2657 4786 σέϐας
2715 4720 2804 4777 διὰ
2853 4730 2954 4793 τῆς
3000 4727 3096 4779 τοῦ
3149 4731 3380 4803 σταυροῦ
3434 4723 3789 4800 προσκυνήσεως,

2234 4813 2310 4876 εἷς
2345 4813 2505 4886 μέσον
2557 4813 2663 4888 πρὸ
2720 4814 2937 4867 πάντων
2982 4811 3142 4876 αὐτὸς
3200 4817 3479 4890 παρελθὼν
3527 4815 3601 4869 καὶ
3644 4811 3787 4865 Extm-

2238 4901 2403 4976 στᾶτῃ
2438 4899 2625 4966 διδοὺς
2655 4903 2842 4958 ἑαυτὸν
2878 4900 3081 4974 δεήσει.
3117 4905 3324 4967 Πάντας
3356 4903 3410 4960 δὶ
3454 4903 3568 4965 τοὺς
3617 4899 3697 4955 ὑπὸ
3717 4896 3783 4961 τῆν

2236 4993 2399 5047 αὑτοῦ
2433 4998 2594 5068 χεῖρα
2639 4994 2966 5068 γενομένους
3013 4991 3297 5064 ἐνουθέτει,
3345 4991 3625 5068 παρεκάλει,
3664 4986 3782 5040 πάντα

2235 5080 2407 5136 ἐποίει
2438 5086 2534 5136 τοῦ
2585 5083 2891 5136 ἀποσπάσαι
2949 5083 3048 5150 τῆς
3088 5079 3478 5156 δεισιδαίμονος
3519 5078 3692 5144 πλάνης
3720 5068 3780 5125 καὶ

2233 5176 2312 5243 τῷ
2343 5175 2560 5245 Χριστῷ
2600 5169 2898 5225 οἰκειῶσαι·
2957 5171 3056 5240 τήν
3115 5171 3322 5242 ἀπάτην
3383 5169 3437 5226 δὲ
3464 5165 3690 5225 ὑπεδείκνυ
3711 5164 3778 5226 τῆς

2235 5258 2638 5334 εἷδωλομανίας
2663 5259 2752 5315 καὶ
2799 5260 2862 5315 τὸ
2892 5261 3155 5336 κήρυγμα
3200 5258 3529 5336 κατήγγελλε
3554 5260 3632 5312 τοῦ
3659 5249 3777 5320 Εὐαγ-

2231 5348 2443 5426 γελίου,
2475 5351 2542 5405 τὰ
2567 5349 2691 5424 περὶ
2719 5356 2821 5419 τῆς
2845 5355 2942 5405 τοῦ
3000 5354 3134 5405 Θεοῦ
3186 5352 3359 5427 Λόγου
3416 5347 3589 5421 διεξῄει
3635 5356 3773 5413 συγκιο

2231 5434 2533 5510 ταϐἀσεως)
2580 5438 2648 5494 τά
2695 5439 2970 5511 θαυμάσια
3023 5439 3279 5514 ἐκήρυττε
3321 5446 3416 5509 τῆς
3443 5438 3588 5492 αὖτοῦ
3627 5446 3770 5514 παρον-

2234 5528 2370 5601 σίας,
2396 5529 2459 5583 τὸ
2489 5529 2660 5594 πάθος
2723 5527 2980 5603 ἐγνώριζε
3034 5532 3134 5583 τοῦ
3190 5531 3410 5604 σταυροῦ
3451 5522 3517 5580 δι’
3555 5522 3630 5578 οὖν
3655 5513 3768 5604 σεσῷ-

2233 5629 2424 5694 σμεθα,
2472 5617 2572 5690 τήν
2631 5624 2733 5691 τῆς
2792 5615 3129 5681 ἀναστάσεως
3183 5603 3403 5694 δύναμιν
3444 5613 3524 5671 καὶ
3559 5610 3642 5679 τὴν
3675 5603 3765 5682 τφδί
