4040 6204
496 312 638 373 1183

2018 300 2385 361 ΔΒΒΕΝΒΔ.

3690 318 3802 377 ’1181

496 441 571 498 ad
593 454 729 496 eum
757 436 953 509 potius
985 450 1113 490 sese
1153 431 1578 505 adiungebant,
1611 430 1894 501 omnique
1925 427 2156 499 abjecto

2270 426 2482 500 πλάνην
2541 436 2717 489 πᾶσαν
2775 432 3185 507 ἀποτιθέμενοι,
3230 436 3328 504 τήν
3381 432 3614 505 ἀλήθειαν
3649 439 3802 515 signa.

496 545 717 596 errore,
748 526 1057 583 veritatem
1090 521 1511 594 praedicabant.
1545 523 1625 576 Ac
1648 520 1861 575 domus
1910 517 2151 589 quidem

497 619 775 689 Josaphat
798 613 1103 672 crescebat
1146 618 1205 667 et
1247 610 1678 676 invalescebat;
1709 609 1922 664 domus
1953 611 2151 663 autem

495 706 775 761 Abenner
804 700 1184 758 decrescebat
1208 716 1275 754 ac
1307 693 2150 767 debilitabatur,quemadmo-

500 796 642 851 dum
674 794 902 849 scilicet
932 792 1001 846 de
1034 790 1248 846 Davide
1281 806 1349 845 ac
1392 787 1565 845 Saule
1614 788 1674 841 in
1728 789 1953 859 Regum
2000 784 2153 838 libro

503 883 807 956 proditum
839 886 929 936 est
954 882 1047 939 (II.
1082 882 1212 949 Reg.
1248 879 1326 950 ιι).

566 971 1023 1027 ΟΛΡΧΧΧΙἏ-
1041 970 1172 1023 Haac
1188 983 1291 1023 rex
1312 966 1592 1022 Abenner
1610 963 2152 1036 conspiciens,tan-

496 1060 634 1116 dem
660 1057 985 1132 aliquando
1020 1062 1260 1128 recepta
1300 1062 1519 1127 mente,
1570 1054 1858 1109 falsorum
1907 1052 2155 1107 deorum

499 1166 743 1206 suorum
765 1156 943 1221 atque
958 1147 1154 1203 inanis
1167 1146 1509 1219 imposturaa
1523 1144 1997 1199 imbecillitatem
2011 1157 2154 1197 con-

497 1239 819 1295 demnavit.
844 1241 925 1293 Ac
939 1253 1178 1293 rursum
1201 1236 1419 1291 coactis
1442 1234 1724 1290 senatorii
1739 1232 1966 1288 ordinis
1987 1231 2153 1302 prin-

497 1328 888 1401 cipibus,qua3
913 1326 1038 1398 ipse
1063 1325 1125 1380 in
1150 1325 1349 1380 animo
1366 1324 1699 1389 haberet,in
1725 1322 1917 1377 lucem
1948 1325 2157 1392 protu-

497 1416 886 1473 lit.0mnibus
908 1418 1109 1470 autem
1133 1413 1341 1469 eadem
1362 1410 2159 1480 conﬁrmantibus(visitarat

498 1506 662 1562 enim
685 1522 788 1560 eos
810 1504 1019 1559 Oriens
1044 1520 1115 1559 ex
1151 1503 1269 1557 alto
1294 1502 1474 1573 (Lucae
1497 1502 1558 1572 1),
1590 1502 1701 1555 hoc
1731 1506 1841 1568 est,
1876 1498 2157 1566 Salvator,

496 1593 775 1649 exaudita
800 1592 1082 1647 videlicet
1096 1591 1305 1647 famuli
1330 1590 1421 1645 sui
1440 1590 1722 1661 Josaphat
1742 1588 2159 1660 oratione),rex

497 1682 572 1737 de
604 1682 698 1737 his
727 1681 907 1737 rebus
940 1681 1131 1736 filium
1164 1681 1485 1736 certiorem
1502 1679 1840 1735 faciendum
1865 1695 1993 1734 esse
2017 1693 2158 1732 cen-

2263 513 2503 587 λίζοντο.
2545 523 2643 576 Καὶ
2703 524 2732 578 ὁ
2792 524 2889 597 μὲν
2946 524 3094 586 οἶκος
3130 527 3227 579 τοῦ
3284 525 3506 602 Ἰωάσαφ
3552 513 3804 597 ηὔξανε

2260 603 2611 679 ἇκραταιοῦτο
2642 615 2774 685 (4-3),
2816 613 2844 668 ὁ
2875 610 2934 668 δὲ
2989 615 3141 674 οἶκος
3191 618 3288 668 τοῦ
3346 609 3591 689 Ἀὄεννήρ
3640 615 3809 684 ἠλαττο-

2261 702 2421 753 νοῦτο
2453 703 2564 775 (44)
2594 702 2683 758 καὶ
2715 701 2952 773 ἠσθένει,
3000 705 3240 778 καθάπερ
3292 708 3443 763 312
3498 703 3559 775 δὴ
3610 708 3710 781 περὶ
3746 716 3809 765 τοῦ

2265 784 2428 841 Δαυῗδ
2460 789 2547 843 καὶ
2579 794 2674 845 τοῦ
2708 790 2895 846 Σαοὺλ
2933 792 2960 861 ἦ
2993 794 3101 845 τῶν
3130 788 3423 846 Βασιλειῶν
3480 790 3808 869 διαγορεύει

2264 870 2558 950 ϐλος(45)

2336 967 2501 1023 ΚΕΦ.
2536 973 2621 1021 ΛΔ
2643 1010 2657 1025 .
2690 968 2874 1025 Ταῦτα
2899 969 3042 1044 ὁρῶν
3102 969 3131 1023 ὁ
3194 969 3447 1045 βασιλεὺς
3502 965 3725 1045 Ἀϐεννὴρ

2261 1056 2352 1109 καὶ
2388 1054 2553 1129 μόλις
2604 1059 2683 1120 εἷς
2715 1059 3062 1129 συναίσθησιν
3119 1058 3317 1129 ἐλθὼν,
3374 1064 3477 1115 τῶν
3524 1060 3689 1115 ἑαυτοῦ
3732 1084 3819 1118 m-

2265 1142 2522 1217 εγίνωσκε
2554 1142 2925 1221 ψευδωνύμων
2955 1149 3088 1203 θεῶν
3140 1154 3243 1218 τῆς
3298 1146 3560 1210 ἀσθενείας
3609 1152 3682 1203 καὶ
3716 1160 3823 1220 κενῆς

2264 1231 2499 1303 ἀπάτης.
2534 1234 2661 1303 Καὶ,
2691 1232 3058 1306 ἐκκλησιάσας
3114 1237 3269 1301 αὖθις
3320 1235 3451 1299 τοὺς
3503 1238 3719 1311 πρώτους
3758 1246 3823 1307 τῆς

2270 1320 2498 1396 βουλῆς,
2536 1322 2605 1378 τὰ
2662 1322 3017 1397 μελετώμενα
3072 1323 3220 1397 αύτῷ
3265 1323 3343 1387 εἷς
3389 1325 3501 1401 φῶς
3546 1323 3695 1400 ἐξῆγε.
3733 1328 3823 1381 Πάν·

2262 1408 2459 1465 τωνδὶ
2497 1410 2567 1466 τὰ
2612 1411 2747 1467 αύτᾶ
2780 1407 3146 1488 βεϐαιούντων
3231 1412 3575 1488 (ἐπεσκέψατο
3624 1415 3708 1489 γὰρ
3762 1416 3823 1469 αὖ·

2264 1500 2397 1564 τοὺς
2429 1501 2671 1573 ἀνατολὴ
2718 1502 2770 1575 ἕξ
2829 1504 3000 1578 ὕψους
3059 1507 3194 1577 (46),
3228 1506 3258 1559 ὁ
3315 1506 3507 1575 Σωτὴρ
3533 1511 3622 1574 τῆς
3660 1502 3827 1576 δεήσεως

2267 1591 2498 1654 ἀκούσας
2525 1592 2623 1647 τοῦ
2673 1595 3005 1669 θεράποντος
3065 1593 3238 1648 αὐτοῦ
3297 1595 3567 1672 Ἰωάσῳ),
3620 1591 3738 1664 ἔδοξε
3774 1602 3824 1666 τῷ

2271 1682 2483 1756 βασικεῖ
2512 1679 2658 1752 δῆλα
2684 1687 2853 1738 ταῦτα
2882 1688 2964 1756 τῷ
2992 1684 3097 1756 υἱῷ
3150 1691 3405 1754 ποιῆσαι.
3438 1690 3624 1762 Γραφει
3670 1684 3741 1739 οὖν

501 1773 641 1829 suit.
674 1773 880 1842 Itaque
923 1769 1210 1843 postridie
1252 1770 1569 1842 epistolam
1617 1768 1689 1824 ad
1742 1785 1878 1824 eum
1926 1766 2153 1836 scribit,

2268 1768 2389 1841 ἑξῆς
2421 1769 2719 1841 ἐπιστολὴν
2750 1772 2830 1844 τῷ
2860 1770 3111 1851 Ἰωάσαφ,
3154 1773 3516 1849 περιέχουσαν
3543 1772 3707 1834 οὕτως·

502 1863 615 1918 hoc
646 1860 916 1932 exemplo
943 1877 956 1916 :

576 1973 606 2003 α
630 1955 753 2009 Rex
781 1951 1062 2006 Abenner
1091 1948 1443 2006 charissima
1467 1965 1570 2005 suo
1599 1949 1722 2004 filio
1747 1948 2029 2020 Josaphat
2058 1962 2154 2002 sa-

502 2042 711 2097 lutem.

574 2153 603 2182 ‹‹
627 2130 1023 2202 Cogitationes
1054 2128 1277 2196 multa},
1298 2145 1332 2183 ο
1363 2127 1710 2183 charissime
1742 2126 1851 2196 fili,
1882 2126 2152 2182 animum

502 2219 989 2286 subeuntes,eum
1011 2217 1354 2289 gravissime
1376 2216 1752 2273 conturbant.
1777 2216 2008 2270 Etenim
2035 2232 2152 2270 no-

505 2312 628 2362 stra
648 2306 1050 2362 omniainstar
1068 2305 1215 2360 fumi
1233 2304 1488 2360 deﬁcere
1508 2309 1685 2375 atque
1708 2320 2153 2375 evanescere,ac

503 2400 712 2450 contra
732 2394 1084 2467 religionem
1107 2398 1269 2449 tuam
1292 2393 1414 2448 sole
1437 2394 1656 2448 clarius
1677 2393 1902 2465 fulgere
1924 2395 2155 2467 conspi-

503 2486 766 2554 ciens,ea
787 2501 918 2556 qua
942 2501 975 2539 a
1003 2490 1059 2539 te
1093 2484 1238 2539 mihi
1267 2484 1425 2540 dicta
1450 2488 1592 2539 sunt
1617 2499 1755 2538 vera
1787 2499 1915 2539 esse
1949 2485 2109 2540 sensi
2136 2499 2151 2547 ;

507 2574 788 2646 quodque
810 2575 1009 2630 densas
1029 2574 1321 2629 scelerum
1340 2578 1399 2628 et
1414 2574 1740 2645 impietatis
1762 2573 2021 2629 tenebras
2043 2591 2153 2629 nos

502 2664 586 2718 ita
614 2662 966 2728 obruebant,
1014 2667 1081 2717 ut
1125 2661 1187 2717 in
1219 2662 1528 2718 veritatem
1579 2662 1783 2717 oculos
1827 2662 2153 2734 conjicere,

498 2758 676 2824 atque
691 2754 958 2808 omnium
972 2769 1172 2807 rerum
1185 2756 1494 2824 parentem
1507 2752 1964 2807 etarchitectum
1979 2769 2157 2824 agno-

504 2860 669 2899 scere
698 2843 947 2898 minime
977 2858 1309 2914 possemus,
1329 2859 1531 2897 verum
1560 2842 1756 2897 lucem
1784 2858 1975 2913 usque
2006 2842 2152 2897 adeo

505 2932 881 3004 splendidam
902 2932 1007 2987 abs
1032 2937 1087 2986 te
1110 2931 1283 2986 nobis
1304 2931 1791 2997 demonstratam,
1805 2931 2061 2987 occlusis
2082 2931 2155 2986 de

506 3021 804 3077 industria
842 3021 1030 3077 oculis
1060 3022 1396 3092 perspicere
1426 3036 1857 3089 recusaremus,
1891 3026 2068 3092 atque
2099 3027 2156 3077 te

503 3110 710 3166 multis
732 3110 907 3165 malis
928 3110 1325 3179 afflceremus,
1350 3114 1409 3164 et
1430 3110 1483 3181 (o
1508 3126 1603 3164 me
1623 3110 1909 3164 miserum
1927 3109 1965 3181 ι)
1996 3108 2155 3164 haud

2332 1947 2599 2014 Βασιλεὺς
2628 1947 2888 2027 Ἀϐεννὴρ
2940 1955 3021 2024 τῷ
3075 1953 3449 2025 ποθεινοτάτῳ
3497 1953 3593 2025 υἱῷ
3635 1951 3820 2029 Ἰωάδη,

2263 2037 2498 2115 χαίρειν.

2331 2130 2601 2205 Λογισμοὶ
2634 2127 2865 2200 πολλοὶ,
2898 2130 2975 2193 εἷς
3001 2132 3102 2201 τήν
3136 2131 3279 2204 ἐμὴν
3343 2130 3822 2207 ὑπεισερχόμενοιψυ·

2261 2219 2397 2293 χὴν,
2428 2216 2640 2289 δεινῶς,
2673 2219 2921 2299 φίλτατε,
2952 2226 3303 2297 τυραννοῦσιν
3356 2224 3485 2293 (47),
3513 2222 3607 2277 uit.
3654 2221 3715 2276 Τὰ
3754 2220 3819 2296 γὰρ

2263 2310 2503 2385 ἡμέτερα
2530 2309 2705 2365 πάντα
2735 2309 3059 2367 ἐκλείποντα
3102 2312 3277 2387 ὁρῶν,
3340 2311 3399 2366 ὅν
3446 2312 3630 2387 τρόπον
3676 2312 3822 2369 καπνὸς

2263 2396 2502 2453 ἐκλείπει
2549 2401 2685 2472 (48),
2744 2398 2810 2454 τὰ
2853 2406 2954 2470 τῆς
3007 2404 3105 2474 σῇς
3163 2397 3224 2455 δὶ
3282 2399 3562 2476 θρησκείας
3610 2399 3823 2472 λάμποντα

2266 2487 2399 2562 ὑπὶρ
2429 2484 2611 2560 ἥλιον,
2644 2487 2720 2550 εἷς
2749 2488 2996 2559 αἴσθησιν
3049 2486 3107 2544 δὶ
3155 2486 3359 2558 ἐλθὼν,
3417 2488 3586 2559 ἀληθῆ
3637 2489 3693 2543 τὰ
3726 2486 3823 2559 περὶ

2262 2581 2359 2632 σοῦ
2421 2577 2514 2650 μοὶ
2561 2577 2645 2632 ἀεὶ
2697 2576 2972 2653 λεγόμενα
3033 2574 3249 2651 ἔγνωκα
3278 2580 3550 2650 εἷναι,καὶ
3602 2575 3823 2635 ὅτισκὸτκ

2262 2668 2410 2739 ἡμᾶς
2450 2665 2587 2741 βαθὺ
2616 2671 2725 2721 τῶν
2780 2667 3061 2741 ἁμαρτιῶν
3094 2668 3183 2722 καὶ
3244 2674 3350 2737 τῆς
3405 2662 3633 2729 ἀσεϐείας
3680 2663 3819 2720 hilu-

2262 2776 2415 2826 πτεν,
2446 2756 2521 2818 ὡς
2547 2754 2784 2811 ἐντεῦθεν
2813 2753 2940 2811 ούδὶ
2982 2757 3121 2832 πρὸς
3167 2757 3271 2827 τὴν
3328 2756 3583 2827 ἀληθειαν
3610 2750 3819 2825 διαόλὲψω

2261 2845 2351 2899 καὶ
2378 2845 2471 2900 τὸν
2492 2844 2744 2900 ἁπάντων
2780 2846 3129 2921 Δημιουργὸν
3187 2847 3518 2917 καταμαθεῖν
3572 2842 3817 2915 ἠδυνάμεθα

2264 2931 2411 2988 ἀλλὰ
2438 2932 2529 2988 καὶ
2561 2937 2676 3008 φῶς
2709 2932 2851 2988 οὕτω
2882 2931 3316 3007 τηλαυγέστερον
3348 2931 3436 2988 διὰ
3465 2937 3555 2988 σοῦ
3581 2931 3817 3004 ἀναδειχθὲν

2262 3026 2422 3097 ἡμῖν,
2452 3025 2579 3088 τοὺς
2608 3022 2931 3099 ὀφθαλμοὺς
2967 3023 3257 3097 μύσαντες,
3283 3026 3450 3096 ἡμεῖν
3484 3024 3602 3099 ὁρᾷν
3637 3021 3819 3089 051130:-

2266 3112 2537 3187 λήσαμεν,
2567 3110 2756 3168 πολλὰ
2788 3114 2885 3186 μὲν
2917 3134 3003 3168 σοι
3033 3115 3172 3168 κακὰ
3212 3111 3592 3187 ὲνδειξάμενοι,
3641 3108 3818 3167 ἐλεεινῶς

500 3215 721 3271 paucos
747 3199 1114 3254 Christianos
1134 3198 1437 3253 crudelem
1460 3198 1521 3253 in
1552 3198 1796 3253 modum
1828 3198 2156 3253 trucidare-

2268 3173 2631 3280 εἰέδεᾏψ
2664 3173 2799 3258 Ῐκαὶι
2847 3206 2956 3257 τῶν
2986 3204 3331 3275 Χριστιανῶν
3371 3173 3492 3258 ὀῦκ
3543 3173 3729 3275 ὀλίγους
3765 3198 3818 3251 ἆν-

500 3288 766 3359 mus:qui
789 3287 1033 3359 quidem
1056 3289 1273 3343 invicta
1287 3288 1551 3359 potentia
1568 3288 1712 3359 ipsis
1738 3304 1909 3358 opem
1926 3287 2152 3343 ferente

501 3377 969 3442 corroborati,ad
990 3382 1321 3433 extremum
1340 3393 1529 3448 usque
1544 3377 1821 3449 spiritum
1841 3377 2152 3433 adversum

506 3467 1225 3523 immanitatemnostram
1256 3467 1637 3523 dimicarunt.
1672 3469 1838 3523 Nunc
1863 3485 2020 3535 vero,
2054 3468 2155 3524 de-

502 3561 689 3612 tracta
702 3573 775 3612 ex
786 3556 974 3612 oculis
991 3557 1212 3613 nostris
1228 3573 1428 3613 crassa
1449 3558 1555 3613 illa
1578 3557 1850 3629 caligine,
1876 3559 2155 3630 exiguum

504 3644 822 3716 quemdam
836 3646 1095 3701 veritatis
1109 3644 1341 3700 radium
1356 3646 2067 3718 cernimus,priorumque
2080 3648 2157 3701 vi-

506 3734 725 3789 tiorum
760 3733 1065 3804 pamitudo
1096 3734 1367 3790 animum
1388 3735 1567 3791 subit.
1594 3737 1809 3791 Verum
1830 3736 1988 3791 hunc
2006 3753 2158 3808 quo—

506 3838 621 3893 que
644 3821 1022 3893 splendorem
1045 3822 1163 3879 alia
1182 3823 1494 3878 horrendae
1517 3823 1947 3895 desperationis
1970 3825 2158 3881 nubes

504 3911 778 3967 exoriens
796 3912 1131 3984 Opprimere
1155 3918 1331 3983 atque
1360 3914 1692 3985 exstingere
1715 3918 1985 3980 conatur,
2009 3915 2157 3970 mihi

500 4001 777 4058 videlicet
790 4008 1167 4074 peccatorum
1181 4019 1450 4059 meorum
1464 4003 1911 4059 multitudinem
1926 4004 1999 4060 ob
2017 4022 2159 4061 ocu-

501 4092 596 4147 los
621 4108 986 4165 proponens,
1012 4092 1287 4164 quodque
1303 4094 1430 4165 jam
1452 4110 1558 4166 ego
1580 4093 1810 4149 Christo
1829 4094 1963 4150 odio
1981 4100 2158 4167 atque

503 4183 896 4238 exsecrationi
913 4199 1263 4254 sum,eaque
1277 4183 1338 4238 in
1351 4183 1644 4254 causa,utj
1654 4199 1750 4238 am
1774 4183 1846 4239 ab
1868 4184 1997 4255 ipso
2010 4185 2160 4241 reci-

502 4272 563 4343 pi
577 4278 963 4343 nequeam,ut
973 4272 1075 4343 qui
1087 4272 1398 4328 adversum
1412 4289 1547 4327 eum
1560 4271 2160 4344 rebellarim,ipsique

496 4360 727 4418 bellum
756 4362 1094 4417 indixerim.
1128 4361 1279 4427 Quid
1327 4362 1506 4434 igitur
1537 4362 1685 4432 spei,
1736 4379 1769 4417 o
1802 4362 2151 4418 suavissime

2263 3289 2497 3362 ελόντες,
2530 3288 2746 3360 οἵτινες,
2775 3294 2845 3365 τῇ
2904 3291 3234 3366 συνεργούσῃ
3291 3290 3475 3353 αὐτοῖς
3521 3291 3697 3363 ἀμάχῳ
3755 3283 3817 3339 δυ-

2263 3379 2421 3453 νᾶμει
2448 3379 2895 3455 κραταιούμενοι,
2928 3377 3018 3434 διὰ
3064 3378 3264 3442 τέλους
3296 3380 3435 3453 πρὸς
3486 3379 3579 3447 τήν
3626 3374 3816 3449 ἡμετέραν

2266 3470 2530 3544 ὡμότητα
2583 3468 2907 3544 ὑπερέσχον.
2966 3470 3097 3524 Νυνὶ
3131 3466 3212 3537 δὲ,
3271 3470 3374 3538 τήν
3420 3473 3635 3544 παχεῖαν
3672 3464 3813 3530 ἐκείνην

2266 3560 2442 3637 ἀχλὺν
2472 3564 2579 3615 τῶν
2634 3559 2919 3635 ἡμετέρων
2981 3559 3250 3631 ὀμμάτων
3310 3556 3654 3633 περιελόντες,
3702 3552 3813 3627 αὐγήν

2264 3670 2386 3704 τινα
2421 3650 2615 3723 μικρὰν
2643 3655 2745 3718 τῆς
2774 3648 3036 3718 ἀληθείας
3068 3648 3309 3721 ὁρῶμεν,
3357 3649 3447 3702 καὶ
3496 3650 3593 3701 τῶν
3620 3644 3818 3720 προτέρων

2272 3735 2605 3811 μεταμέλεια
2635 3735 2937 3811 εἰσέρχεται
2963 3741 3169 3794 κακῶν.
3212 3735 3391 3794 Ἀλλά
3423 3736 3509 3790 καὶ
3558 3733 3723 3801 ταύτην
3752 3730 3816 3795 τήν

2266 3827 2441 3903 αὐγὴν
2489 3828 2649 3904 νέφος
2707 3823 2849 3882 ἃλλο
2907 3824 3090 3897 δεινῆς
3148 3825 3508 3902 ἀπογνώσεως
3570 3818 3816 3885 ἐπιπολάζον

2270 3916 2536 3986 σκοτίζειν
2592 3921 2864 3992 πειρᾶται,
2915 3915 2980 3970 τὸ
3028 3916 3247 3984 πλῆθος
3305 3909 3716 3989 προϐαλλόμενον
3746 3910 3816 3959 τῶν

2268 4004 2416 4079 ἐμῶν
2448 4009 2653 4078 κακῶν,
2682 4006 2773 4059 καὶ
2808 4005 2892 4060 ὅτι
2922 4002 3220 4079 βδελυκτὸς
3255 4001 3367 4075 ἢδη
3426 4004 3529 4078 ἐγὼ
3574 4005 3643 4072 τῷ
3665 3997 3816 4072 Χριστῷ

2267 4095 2357 4150 καὶ
2388 4089 2753 4170 ἂπρόσδεκτός
2805 4091 2944 4166 εἶμι,
2994 4093 3070 4155 ὡς
3102 4093 3414 4163 ἀποστάτης
3466 4092 3547 4145 καὶ
3619 4084 3815 4156 πολέμιος

2270 4184 2435 4240 αὐτοῦ
2462 4183 2722 4258 γεγονώς.
2753 4184 2814 4237 Τί
2846 4182 2936 4237 οῦν
2991 4183 3129 4257 πρὸς
3157 4186 3349 4251 ταῦτα,
3406 4182 3579 4236 τέκνον
3617 4173 3815 4258 γλυκύταέ

2268 4293 2383 4341 τον,
2416 4271 2591 4348 λὲγεις
2619 4270 2806 4337 αὐτὸς,
2837 4267 2984 4340 δῆλά
3018 4291 3111 4344 μοι
3140 4272 3376 4345 τάχιστα
3426 4268 3650 4338 ποίησον,
3689 4261 3753 4316 καὶ
3781 4257 3814 4312 τί

2270 4360 2352 4417 δεῖ
2380 4366 2557 4416 ποιεῖν
2595 4380 2661 4433 με
2689 4360 2780 4414 τὸν
2811 4358 2902 4413 σὸν
2932 4357 3138 4432 πατέρα
3185 4356 3421 4429 δίδαξον,
3475 4356 3558 4411 καὶ
3606 4351 3714 4429 πρὸς
3737 4346 3811 4403 ξεί·

498 4450 607 4516 ﬁli,
627 4451 701 4506 ad
722 4452 847 4506 haec
864 4451 1047 4518 dicas,
1082 4451 1172 4507 fac
1197 4451 1641 4522 quamprimum
1665 4451 1872 4519 sciam,
1906 4468 1973 4507 ac
2007 4452 2151 4522 quid

2265 4471 2459 4529 γνωσιν
2485 4449 2902 4525 χειραγώγησον
2933 4450 3032 4503 τοῦ
3058 4447 3448 4523 συμφέροντος.

500 4541 649 4595 mihi
680 4541 833 4612 patri
866 4545 965 4596 tuo
988 4540 1328 4596 faciendum
1352 4540 1430 4595 sit
1457 4540 1629 4606 doce,
1655 4544 1833 4612 atque
1865 4540 1941 4596 ad
1963 4542 2093 4613 ejus
2118 4542 2276 4614 quod
2309 4543 2371 4597 in
2402 4557 2529 4597 rem
2560 4556 2756 4596 meam
2785 4539 3052 4595 futurum
3084 4539 3181 4609 sit,
3205 4538 3586 4611 cognitionem
3628 4546 3702 4587 me
3725 4532 3807 4583 tan-

499 4645 678 4701 quam
716 4635 991 4702 porrecta
1021 4646 1205 4687 manu
1228 4629 1319 4685 fac
1342 4629 1546 4685 ducas.
1578 4628 1734 4684 Vale.
1772 4652 1798 4679 »

575 4721 737 4775 Hanc
773 4720 1086 4791 epistolam
1112 4735 1247 4775 cum
1286 4720 1568 4790 Josaphat
1606 4718 1954 4790 accepisset,
1988 4737 2159 4791 quae-

498 4824 615 4881 que
652 4807 713 4863 in
737 4824 806 4863 eo
832 4808 1292 4863 continebantur
1325 4806 1576 4878 legendo
1622 4814 2018 4879 peragrasset,
2050 4826 2158 4863 vo-

494 4899 730 4970 luptate
744 4897 924 4953 simul
938 4896 1404 4953 etadmirationc
1420 4896 1658 4950 animus
1675 4896 1861 4967 ipsius
1877 4896 2158 4968 impletus

497 4992 608 5044 est.
631 4990 820 5060 Atque
838 4988 901 5043 in
920 4987 1263 5043 cubiculum
1284 5002 1457 5041 suum
1481 4985 1799 5040 confestim
1831 4986 2157 5059 ingressus,

569 5144 684 5214 (43)
705 5144 910 5214 ιιιοῃ,
939 5144 1007 5195 80
1043 5157 1056 5194 :
1088 5137 1150 5192 τὸ
1179 5133 1483 5214 ἰδὲ-παιδίον
1507 5134 1701 5214 ηὔξανε
1729 5137 1820 5191 καὶ
1842 5135 2221 5214 ἐκραταιοῦτοξ

2342 4717 2556 4789 Ταύτην
2588 4717 2688 4786 τὴν
2721 4716 3018 4787 ἐπιστολὴν
3078 4716 3107 4771 ὁ
3167 4717 3399 4792 Ἰωάσαφ
3455 4710 3712 4784 δεξάμενος,
3750 4702 3805 4756 καῖ

2268 4809 2336 4864 τὰ
2366 4806 2719 4883 ἐμφερόμενα
2749 4804 3017 4877 ἐπελθὼν,
3057 4802 3264 4875 ἡδονῆς
3297 4806 3435 4879 ὁμοῦ
3485 4803 3563 4856 καὶ
3614 4796 3808 4883 θαύμαῖος

2268 4898 2368 4967 τήν
2398 4878 2949 4971 ἐπληροῦτο.
2983 4893 3081 4958 Εἲς
3113 4895 3175 4949 τὸ
3202 4895 3391 4950 ἑαυτοῦ
3446 4889 3499 4946 δὲ
3522 4891 3719 4961 ταμιεῖον
3736 4878 3805 4971 εἶσί

2270 4984 2446 5050 ελθὼν
2477 4983 2659 5056 εὐθὺς,
2688 4984 2781 5040 καὶ
2839 4983 2926 5040 ἐπὶ
2956 4983 3250 5059 πρόσωπον
3313 4982 3478 5038 πεσὼν
3524 4978 3707 5033 ἑνωπιον
3744 4969 3804 5021 τοῧ

705 5190 1141 5281 Εἷῆλέτεόῦὲόζ
1173 5190 2305 5284 S'vllraba,qlia’Aaugetuhnonvalde
2336 5212 2459 5284 vim
2488 5211 2605 5284 loci
2637 5216 2838 5284 auget.
2864 5210 3004 5284 Plus
3037 5227 3067 5265 e
3098 5210 3369 5284 restituta
3392 5203 3599 5284 syllaba
3620 5190 3798 5284 Ιαοιςξξίς

501 5261 600 5355 tur
632 5261 885 5340 Blasi'lius
915 5286 1056 5355 Mac.
1092 5261 1271 5338 Prmc.
1304 5301 1353 5355 ο..
1390 5261 1499 5349 5'8,1
1504 5282 1587 5355 sic
1611 5261 1805 5355 edituos
1837 5261 1973 5355 εΚοίὶ
2012 5282 2147 5354 τίμα

2265 5261 3063 5355 ΓκέιῗῗιτὲἷιὲἐχᾌΕ⁰⁷ιλῆῖαὶἇῖῖς⁷
3088 5261 3325 5355 agas;
3350 5261 3444 5347 τῷν
3488 5273 3681 5355 σώματι,
3703 5261 3796 5319 ἀλλά

497 5353 626 5414 τοὺς
654 5353 1083 5480 κεῆαρὶισμένους
1111 5357 1190 5425 τῷ
1218 5352 1506 5426 πνεύματι.
1540 5352 1745 5408 Melius
1777 5354 1906 5410 cod.
1935 5350 2082 5410 2991
2122 5357 2156 5411 Α

576 5428 690 5480 (45)
848 5442 939 5480 e2.
968 5444 1055 5480 ιιι.
1090 5427 1142 5480 1.

2265 5350 2722 5429 εχαριτωμὲνοῦς.
2777 5350 2971 5411 Habet
2991 5358 3048 5409 et
3108 5350 3206 5425 μέν
3236 5350 3349 5421 οὖν,
3375 5353 3677 5421 opportune.

599 5428 690 5498 45)
716 5427 765 5480 ΙΙ
796 5427 939 5498 Reg.
968 5444 1055 5495 ιιι,
1090 5427 1142 5482 1.

599 5499 685 5564 46)
719 5498 855 5552 Luc.
880 5512 925 5561 ι,
942 5498 1038 5552 78.

600 5569 688 5639 47)
716 5568 779 5635 C,
810 5565 1189 5639 ταράττουσιν,
1222 5574 1281 5623 et
1308 5568 1485 5624 modo
1530 5568 1662 5625 sine
1695 5566 1792 5626 εἷς.

575 5637 682 5721 (48)
715 5637 955 5697 Locutio
986 5637 1226 5696 biblica.
1260 5639 1473 5696 Confer
1502 5657 1636 5717 pag.
1669 5643 1795 5714 295,
1822 5656 1882 5701 n.
1907 5641 1995 5699 87.
