4044 6218
176 334 304 395 1180

1323 334 1499 388 νιΤΑ
1532 330 1889 388 ΒΑΒΜΔΜ
1921 331 2018 385 ΕΤ
2051 330 2395 387 δοΑεΔΡΗη

176 482 253 517 σιν
281 460 405 535 (64)’
439 454 581 531 ὅθεν,
624 465 726 529 τῆς
779 458 914 532 πρὸς
969 456 1126 515 αὖτὸν
1172 454 1515 528 οἰκειότητος
1566 453 1798 519 ὀλισθῆ-

1940 454 2025 526 psi
2044 454 2388 527 interdicto,
2404 457 2516 515 hoc
2540 465 2632 517 est
2652 461 2811 535 ligni.
2845 464 3130 522 scientias.
3162 468 3285 533 Quo
3318 470 3558 541 quidem

178 572 288 621 σαν,
321 549 391 612 εἷς
418 549 511 613 τὰς
544 548 762 612 πολλὰς
815 547 1011 611 ταύτας
1058 546 1435 623 περιπίπτωκε
1482 543 1692 608 πλάνας
1739 543 1800 598 τὸ

175 640 495 713 ἀνθρώπινον
555 639 734 715 γένος,
795 635 1066 694 δουλωθὶν
1144 642 1263 699 ταῖς
1346 634 1636 711 ἁμαρτίαις
1711 633 1803 689 καὶ

1912 545 2191 601 mandato
2214 546 2593 617 violato,eum
2609 568 2639 606 e
2664 554 2941 624 paradiso
2955 557 3562 619 exterminavit.Unde

1913 640 1973 689 et
1996 636 2145 707 ipse,
2171 641 2229 692 et
2266 653 2436 706 uxor,
2481 656 2550 695 ea
2586 658 2765 711 quam
2807 659 2943 699 cum
2983 662 3053 701 eo
3103 646 3403 703 habebant
3431 664 3567 705 con-

180 728 433 785 ὑποπεσὸν
463 732 545 801 τῷ
572 714 785 800 Θανάτῳ
816 724 904 781 διά
952 734 1051 797 τῆς
1099 722 1421 802 τυραννίδος
1469 727 1565 780 τοῦ
1616 717 1804 777 διαϐό-

1940 725 2221 782 unctione
2252 726 2426 798 lapsi,
2461 729 2523 784 in
2559 730 2667 787 hos
2697 734 2918 791 multos
2950 753 3183 792 errores
3204 738 3567 804 inciderunt,

177 817 290 875 λου·
322 818 399 886 ὃς,
435 814 790 891 ὑποχειρίους
849 817 986 887 ἅπαξ
1042 815 1170 879 τοὺς
1225 814 1543 890 ἀνθρώπους
1595 807 1805 883 λαϐὼν,

174 907 437 970 πάπελῶς
470 905 818 971 ἐπιλαθέσθαι
850 907 1121 978 πεποίηκε
1146 910 1244 961 τοῦ
1294 908 1429 961 Θεοῦ
1474 903 1564 959 καὶ
1611 899 1810 958 δεσπό-

173 1019 286 1067 του,
316 996 401 1052 καὶ
431 995 581 1069 αύτῷ
626 995 870 1051 ἀνέπεισε
925 994 1203 1070 λατρεύειν
1264 993 1354 1050 διὰ
1402 1000 1503 1064 τῆς
1558 997 1667 1048 τῶν
1732 990 1811 1045 εἰ-

177 1084 361 1143 δώλων
425 1090 680 1160 μυσαμᾶς
727 1087 1167 1161 προσκυνήσεως.
1231 1084 1670 1160 Σπλαγχνισθεὶς
1718 1080 1809 1136 οὖν

177 1178 203 1232 6
233 1175 435 1241 πλάσας
470 1177 617 1249 ἡμᾶς
648 1175 798 1245 Θεὸς,
853 1172 1069 1247 εὐδοκία
1124 1178 1222 1230 τοῦ
1276 1175 1489 1249 Ηατρὸς
1536 1172 1623 1228 καὶ
1684 1192 1812 1225 συν-

176 1265 327 1343 εργίᾳ
375 1270 469 1323 τοῦ
525 1263 684 1341 ἁγίου
774 1265 1092 1338 Πνεύματος
1171 1266 1307 1338 (65),
1381 1261 1674 1333 εὐδόκησεν
1752 1260 1813 1315 ἐκ

177 1355 444 1432 Παρθένου
476 1352 653 1429 ἁγίας,
710 1360 810 1424 τῆς
870 1353 1138 1409 Θεοτόκου
1198 1353 1434 1430 Μαρίας,
1488 1353 1606 1416 καθ’
1663 1352 1814 1424 ἡμᾶς

172 1452 450 1523 τεχθῆναι·
483 1446 596 1516 καὶ,
628 1446 851 1510 πάθεσιν
910 1445 1185 1519 ὁμιλήσας
1218 1446 1246 1501 6
1276 1445 1510 1518 ἀπαθὴς,
1562 1442 1651 1499 διὰ
1695 1440 1815 1518 τρί-

174 1558 275 1608 της
301 1558 357 1592 τε
385 1538 594 1612 ἡμέρας
622 1534 682 1590 ἐκ
704 1539 909 1611 νεκρῶν
968 1536 1220 1606 ἀναστάς,
1269 1534 1619 1610 ἐλυτρώσατο
1667 1535 1816 1606 ἡμᾶς

174 1632 275 1683 τοῦ
298 1625 566 1702 προτέρου
595 1624 876 1698 ἐπιτιμίου
909 1628 1019 1699 (66)
1047 1626 1136 1680 καὶ
1170 1622 1366 1689 κλέους
1410 1628 1507 1679 τοῦ
1546 1622 1816 1700 προτέρου

175 1714 397 1787 ἠξίωσε.
430 1716 777 1789 Συνανήγαγε
803 1713 905 1790 γὰρ
949 1715 1099 1785 ἡμᾶς
1150 1712 1226 1776 εἷς
1276 1712 1537 1789 ούρανοὸς
1587 1710 1819 1787 ἀνερχό-

181 1825 366 1881 μενος,
421 1804 543 1869 ἀθεν
603 1801 865 1879 ἐτύγχανε
920 1797 1328 1871 καταϐεϐηκώς
1387 1803 1444 1857 ’ὀν
1500 1802 1590 1858 καὶ
1667 1798 1819 1866 αὖθις

178 1897 329 1968 ἡξειν
362 1894 511 1952 318
562 1890 913 1966 πιστεύομεν,
964 1889 1057 1947 ’ἱνα
1111 1893 1174 1947 τὸ
1230 1891 1461 1966 πλάσμα
1514 1891 1575 1947 τὸ
1634 1892 1824 1947 ἑαυτοῦ

180 1985 471 2055 ἀναστήσῃ.
503 1980 806 2040 Ἀποδώσει
858 1979 916 2037 δὲ
968 1981 1175 2055 ἑκάστῳ
1232 1982 1369 2037 κατὰ
1421 1981 1490 2036 τὰ
1540 1977 1675 2057 ἔργα
1730 1980 1824 2037 αύ-

180 2079 282 2130 τοῦ
314 2078 449 2148 (67).
484 2072 608 2129 Ἐπὶ
635 2072 852 2135 τούτοις
904 2073 1003 2142 τὴν
1054 2069 1423 2146 ἐκδεχομένην
1474 2070 1601 2134 τοὺς
1651 2070 1827 2142 ἀξίους

181 2166 299 2220 τῶν
356 2162 593 2238 οὐρανῶν
653 2161 1028 2238 ἐμυσταγώγει
1113 2158 1391 2236 βασιλείαν
1448 2164 1559 2234 (68)
1617 2158 1707 2215 καί
1760 2161 1829 2214 τὰ

184 2252 472 2330 ἆπόῤῥητα
523 2251 720 2328 ἀγαθά.
775 2252 885 2319 Τὴν
945 2250 1310 2325 ἀποκειμένην
1395 2255 1513 2313 τοῖς
1598 2248 1828 2328 φαύλοις

180 2343 494 2422 προσετίθει
529 2344 780 2420 βάσανον,
828 2342 892 2398 τὸ
948 2336 1204 2397 ἄσϐεστον
1260 2345 1391 2416 πῦρ,
1448 2342 1510 2396 τὸ
1568 2339 1824 2417 ἐξώτερον

180 2434 398 2504 σκότος,
453 2434 544 2489 τὸν
598 2431 956 2501 ἀτελεύτητον
1018 2431 1282 2503 σκώληκα
1335 2432 1468 2504 (69),
1543 2431 1634 2485 καὶ
1693 2432 1826 2502 δσην

180 2523 362 2596 ἃλλην
394 2523 443 2579 οἱ
472 2529 571 2593 τῆς
614 2519 881 2598 ἁμαρτίας
932 2517 1122 2577 δοῦλοι
1165 2518 1391 2576 κόλασιν
1440 2520 1655 2585 ἑαυτοῖς
1702 2517 1831 2591 ἐθη-

182 2612 323 2690 σαύρ
335 2632 459 2670 ισαν.

1916 819 2157 886 peccato
2183 816 2462 874 videlicet
2487 820 2549 875 in
2583 823 2926 881 servitutem
2975 826 3218 896 addicti,
3271 830 3570 899 mortique

1915 921 2020 976 per
2039 905 2261 961 diaboli
2287 910 2664 979 tyrannidem
2689 913 2930 969 obnoxii
2956 917 3567 990 eﬂ‘ecti.Quiquide‘m,

1917 994 2259 1051 hominibus
2281 999 2466 1054 semel
2490 1000 2552 1055 in
2574 1008 2930 1072 potestatem
2953 1023 3121 1062 suam
3144 1007 3422 1076 redactis,
3456 1009 3569 1065 hoc

1919 1085 2057 1157 egit,
2090 1090 2155 1140 ut
2183 1087 2287 1142 Dei
2317 1103 2385 1144 ac
2419 1090 2649 1146 Domini
2684 1092 2984 1151 oblivione
3014 1114 3260 1169 prorsus
3288 1115 3568 1171 caperen-

1920 1174 2307 1246 tur,ipsisque
2321 1181 2616 1249 persuasit
2632 1186 2699 1237 ut
2716 1199 2825 1254 per
2837 1186 3259 1244 exsecrandam
3273 1187 3572 1244 idolorum

1921 1264 2334 1323 adorationem
2355 1269 2470 1323 sibi
2503 1271 2734 1329 cultum
2757 1274 3133 1333 adhiberent.
3158 1280 3231 1334 At
3258 1294 3391 1334 vero
3424 1280 3579 1334 Deus

1922 1359 2157 1411 creator
2177 1361 2402 1425 noster,
2430 1360 2816 1419 miseratione
2834 1367 3454 1442 commotus,benigna
3474 1371 3578 1425 Pa-

1924 1445 2031 1501 tris
2058 1444 2359 1501 voluntate
2381 1463 2449 1503 ac
2470 1450 2721 1521 Spiritus
2745 1456 2932 1510 sancti
2954 1456 3238 1528 adjuncta
3271 1476 3474 1531 opera,
3508 1476 3581 1515 ex

1927 1534 2163 1607 Virgine
2196 1541 2401 1592 sancta
2429 1540 2618 1594 nostri
2650 1541 2841 1599 instar
2871 1545 2933 1599 in
2965 1545 3164 1601 lucem
3211 1547 3306 1602 edi
3359 1547 3577 1620 voluit;

1927 1626 2482 1696 cumquevcruciatu
2512 1630 2759 1687 aﬂ‘ectus
2790 1632 3001 1689 fuisset
3031 1635 3079 1690 is
3109 1636 3210 1706 qui
3251 1652 3286 1691 a
3333 1654 3581 1709 perpes-

1929 1714 2098 1769 sione
2130 1715 2416 1771 immunis
2447 1723 2590 1787 erat,
2626 1720 2821 1776 triduo
2870 1729 3005 1795 post
3052 1740 3087 1778 a
3137 1730 3329 1781 morte
3377 1725 3453 1781 ad
3496 1727 3579 1781 vi-

1932 1808 2052 1858 tam
2075 1804 2383 1873 excitatus,
2415 1823 2525 1861 nos
2550 1824 2585 1863 a
2612 1809 2798 1880 priori
2829 1811 3016 1867 multa
3045 1818 3105 1868 et
3132 1813 3582 1871 condemnatio-

1934 1910 2010 1948 ne
2040 1892 2331 1962 liberavit,
2364 1899 2885 1971 prmstantiorique
2906 1901 3095 1972 gloria
3116 1904 3370 1960 donavit.
3395 1905 3581 1977 Siqui-

1936 1981 2072 2038 dem
2117 1982 2181 2037 in
2228 1983 2441 2039 omium
2502 1988 2853 2059 ascendens,
2909 1991 3091 2047 simul
3147 2009 3257 2048 nos
3307 2011 3374 2049 eo
3424 1994 3583 2051 unde

1939 2070 2349 2139 descenderat,
2384 2075 2592 2130 evexit.
2622 2078 2807 2142 Quem
2830 2080 3009 2135 etiam
3041 2098 3249 2138 rursus
3271 2088 3585 2140 venturum

1937 2161 2258 2229 credimus,
2288 2166 2356 2217 ut
2385 2163 2735 2236 ﬁgmentum
2768 2184 2940 2223 suum
2985 2170 3059 2224 ad
3108 2170 3287 2227 vitam
3329 2177 3584 2241 revocet;

1937 2256 2115 2322 atque
2144 2250 2468 2323 unicuique
2514 2255 2845 2310 secundum
2895 2258 3082 2328 ipsius
3125 2276 3307 2332 Opera
3354 2262 3586 2318 reddat.

1938 2344 2153 2397 Postea
2180 2340 2254 2396 de
2284 2341 2388 2397 illo
2420 2344 2706 2400 caalorum
2758 2361 2965 2418 regno,
3018 2349 3177 2420 quod
3226 2367 3325 2406 eos
3378 2352 3477 2423 qui
3527 2350 3589 2406 id

1938 2436 2357 2503 promerentur
2378 2438 2603 2500 manet,
2636 2435 2814 2491 verba
2841 2436 3005 2508 fecit,
3036 2444 3213 2511 atque
3238 2457 3455 2497 arcana
3485 2440 3592 2497 illa

1936 2520 2114 2592 bona,
2148 2522 2640 2594 reconditamque
2674 2525 2818 2580 item
2852 2526 3142 2599 improbis
3182 2546 3420 2601 pmnam
3451 2548 3593 2603 pro-

1939 2611 2160 2682 posuit,
2192 2611 2478 2667 nimirum
2513 2613 2709 2685 ignem
2739 2631 3050 2687 nunquam
3101 2620 3589 2693 extinguendum,

182 2704 480 2777 tenebras,
509 2702 913 2761 immortalem
940 2718 1224 2772 vermem,
1254 2706 1588 2773 caateraque
1620 2703 2054 2756 tormentorum
2083 2716 2321 2773 genera,
2355 2718 2486 2773 qum
2538 2704 2765 2774 peccati
2814 2706 2965 2759 servi
3014 2706 3128 2761 sibi
3180 2708 3327 2778 ipsis
3375 2724 3587 2764 recon-

184 2794 485 2851 didernnt.

261 2886 431 2940 Ταῦτα
457 2884 632 2938 πάντα
662 2879 850 2959 λόγοις
888 2878 1193 2954 πλειστοις,
1245 2877 1338 2935 καὶ
1387 2876 1633 2953 δαψιλῶς
1680 2876 1829 2950 αύτῳ

2012 2879 2146 2934 Haec
2174 2878 2380 2934 omnia
2407 2879 2865 2951 quamplurimis
2895 2883 3294 2952 sermonibus,
3337 2900 3406 2940 ac
3454 2884 3586 2957 Spi-

183 2971 592 3049 ἐνυπάρχουσαν
617 2972 718 3041 τὴν
746 2975 843 3027 τοῦ
891 2970 1205 3045 Πνεύματος
1255 2972 1588 3045 μαρτυροῦσι
1637 2969 1824 3043 χάριν,

1940 2967 2090 3024 ritus
2121 2968 2309 3023 sancti
2340 2968 2591 3040 gratiam
2622 2968 2857 3024 abunde
2911 2971 3026 3041 ipsi
3076 2971 3271 3027 inesse
3315 2973 3590 3029 testanti-

186 3060 434 3133 διεξελὼν
494 3062 626 3134 (70),
680 3061 793 3116 εἶτα
846 3060 935 3115 καὶ
993 3061 1056 3115 τὸ
1112 3058 1517 3134 ἀνεξιχνίαστον
1590 3056 1824 3133 πέλαγος

1940 3057 2053 3113 bus
2082 3062 2588 3129 prosecutus,tum
2620 3058 2861 3114 demum
2884 3060 3421 3135 impervestigabile
3444 3064 3607 3119 divi-7

181 3158 289 3222 τῆς
341 3155 436 3206 τοῦ
493 3154 627 3206 Θεοῦ
686 3147 1046 3225 διηγούμενος
1102 3146 1513 3227 φιλανθρωπίας
1558 3146 1649 3203 καὶ
1710 3145 1830 3209 οἷός

186 3241 329 3299 ἐστιν
358 3238 581 3315 ἕτοιμος
612 3239 864 3317 δέχεσθαι
905 3241 1005 3309 τήν
1056 3240 1345 3313 μετάνοιαν
1391 3241 1500 3294 τῶν
1549 3238 1687 3314 πρὸς
1737 3234 1833 3291 αύ-

184 3333 281 3387 τὸν
314 3330 764 3409 ἐπιστρεφόντων,
798 3329 885 3385 καὶ
919 3330 995 3392 ὡς
1026 3328 1126 3385 οὐκ
1148 3325 1288 3384 ἔστιν
1345 3328 1582 3403 ἁμαρτία
1627 3329 1834 3381 νικῶσα

179 3424 284 3492 τὴν
316 3420 477 3477 αὐτοῦ
509 3419 936 3496 εύσπλαγχνίαν,
996 3418 1148 3495 εἰπερ
1206 3416 1509 3492 θελήσομεν
1564 3422 1835 3491 μετανοῆ-

186 3532 277 3567 σαι
309 3512 445 3585 (70),
504 3508 567 3565 ἑκ
618 3506 846 3565 πολλῶν
902 3505 960 3563 δὶ
1013 3512 1175 3564 τοῦτο
1234 3503 1692 3583 παραδειγμάτων
1741 3505 1833 3559 καὶ

184 3604 468 3679 γραφικῶν
530 3599 878 3673 παραστήσας
942 3602 1276 3675 μαρτυριῶν,
1308 3598 1338 3652 6
1379 3596 1476 3671 μὶν
1522 3593 1682 3659 τέλος
1738 3594 1836 3651 ἐπ-

189 3694 355 3763 έθηκε
381 3696 460 3764 τῷ
492 3690 668 3767 λόγῳ.

262 3783 426 3838 ΚΕΦ.
461 3780 586 3837 ΛΕ’.
620 3780 947 3854 Κατανυγείς
976 3775 1034 3834 δὲ
1064 3779 1091 3833 6
1127 3775 1382 3854 βασιλεὺς
1439 3770 1701 3851 Ἀὄεννὴρ
1747 3773 1835 3830 ἐπὶ

184 3873 257 3944 τῇ
288 3866 620 3941 θεοδιδάκτῳ
649 3868 816 3942 σοφίᾳ
842 3867 1029 3941 ταύτῃ,
1060 3870 1221 3941 φωνῇ
1251 3864 1461 3942 μεγάλῃ
1488 3865 1578 3921 καὶ
1633 3876 1838 3941 θερμο-

186 3961 325 4029 τάτῃ
360 3962 515 4034 ψυχῇ
570 3959 663 4013 τὸν
724 3963 947 4028 σωτῆρα
1000 3957 1231 4033 Χιρστὸν
1294 3950 1597 4031 ὡμολόγει,
1656 3955 1838 4025 πάσης

186 4048 427 4110 ἀποστάς
466 4043 874 4120 δεισιδαίμονος
934 4044 1148 4116 πλάνης
1206 4046 1340 4118 (72).
1397 4045 1550 4100 ³19
1608 4044 1678 4097 Τὸ
1737 4064 1840 4113 ση-

186 4135 343 4210 μεῖόν
372 4156 435 4191 τε
489 4138 785 4193 προσκυνεῖ
832 4137 933 4189 τοῦ
992 4135 1267 4203 ζωοποιοῦ
1316 4134 1548 4207 σταυροῦ
1609 4129 1711 4186 ὑπὸ
1765 4133 1835 4205 τῇ

180 4225 405 4282 πάντων
463 4220 585 4299 ὄψει
638 4226 750 4299 (73)
810 4222 898 4278 καὶ
952 4222 1030 4285 εἷς
1088 4220 1323 4293 ἐπήκοον
1384 4221 1631 4276 ἁπάντων
1705 4222 1835 4277 Θεὸν

176 4314 443 4391 κηρύττει
476 4313 738 4386 ἀληθινὸν
769 4314 862 4368 τὸν
897 4311 1098 4387 Κύριον
1126 4313 1288 4385 ἡμῶν
1318 4310 1527 4381 Ἰησοῦν
1570 4306 1833 4386 Χριστόνο

173 4408 282 4478 τήν
312 4426 370 4461 τε
399 4402 663 4480 προτέραν
721 4397 973 4460 ἀσέϐειαν
1017 4398 1325 4472 διεξελθὼν,
1377 4401 1477 4469 τήν
1529 4398 1731 4455 οἰκείαν
1780 4422 1842 4457 τε

174 4495 323 4552 κατᾶ
348 4499 459 4550 τῶν
491 4496 827 4571 Χριστιανῶν
860 4491 1125 4566 ὠμότητα
1180 4491 1270 4545 καὶ
1325 4488 1640 4567 μιαιφονίαν
1685 4490 1843 4568 ἐλεγ-

253 4624 373 4695 (64)
405 4622 572 4695 Coni.
604 4638 735 4693 pag.
768 4623 857 4687 47,
891 4621 1041 4695 n17.

249 4694 369 4764 (65)
400 4694 569 4750 Conf.
601 4710 769 4765 pagg.
802 4695 891 4762 51,
924 4694 1015 4747 52.

249 4769 367 4838 (66)
402 4765 569 4838 Cant.
600 4780 731 4836 pag.
765 4765 856 4820 54.

250 4836 371 4910 (67)
403 4836 571 4910 Coni.
604 4853 664 4907 p.
695 4838 785 4900 55,
819 4852 879 4891 n.
911 4836 1004 4910 25.

245 4907 371 4981 (68)
404 4908 573 4981 Cani.
600 4923 732 4981 pag.
766 4910 855 4975 60,
896 4923 958 4964 n.
988 4907 1081 4961 49.

272 4919 374 5051 δδγ
404 4919 573 4965 Cont‘.
600 4923 732 4981 pag.
766 4919 855 4975 δυ,
896 4923 958 4964 n.
988 4919 1081 4961 49.

272 4985 348 5037 69
402 4980 570 5052 Coni‘.
602 4994 735 5052 pag.
770 4981 859 5046 66,
891 4995 953 5034 n.
988 4980 1080 5048 77,
1111 4976 1201 5032 78.

270 5056 366 5119 70)
396 5050 567 5123 Conf.
603 5050 706 5123 pp.—
730 5052 823 5120 94,
854 5053 944 5106 95.

272 5118 373 5193 7i)
405 5124 470 5188 C,
505 5118 814 5193 διεξελθεῖν.

1941 3164 2033 3203 nas
2057 3147 2447 3220 benignitatis
2476 3149 2722 3221 pelagus
2772 3151 3087 3218 enarravit,
3138 3168 3436 3224 quamque
3487 3152 3591 3209 ille

1942 3252 2149 3292 eorum
2183 3237 2284 3309 qui
2314 3237 2389 3293 ad
2421 3254 2556 3293 eum
2602 3254 2730 3293 sese
2780 3244 3131 3295 convertunt
3177 3241 3589 3312 pmnitentian:

1941 3325 2199 3381 libenter
2214 3327 2821 3399 exspectet,quodque
2846 3327 3082 3384 nullum
3114 3328 3306 3386 scelus
3334 3329 3407 3386 sit
3431 3330 3590 3402 quod

1943 3416 2130 3487 ipsius
2144 3415 2591 3472 misericordam
2605 3418 2919 3489 superet,si
2933 3418 3174 3489 quidem
3192 3419 3266 3475 ad
3278 3419 3591 3476 meliorem

1939 3504 2173 3578 frugem
2204 3504 2399 3560 redire
2427 3506 2491 3560 in
2522 3505 2794 3561 animum
2843 3507 3219 3563 inducamus.
3254 3509 3421 3575 Quod
3455 3527 3591 3567 cum

1941 3593 2149 3650 multis
2166 3594 2457 3665 exemplis
2476 3611 2546 3649 ac
2570 3594 2891 3666 Scriptura:
2911 3597 3269 3653 testimoniis
3292 3598 3594 3655 declaras-

1945 3689 2056 3752 set,
2088 3683 2345 3739 orationi
2376 3684 2557 3739 ﬁnem
2590 3683 2895 3755 imposuit.

2018 3775 2151 3829 CAP.
2185 3773 2407 3828 XXXV.
2438 3804 2503 3817 —-
2537 3776 2656 3829 Rex
2692 3780 2892 3830 autem
2923 3773 3207 3831 divinitus
3237 3778 3455 3835 tradita
3484 3780 3596 3836 hac

1947 3863 2241 3936 sapientia
2260 3862 2905 3936 compunctus,ingenti
2918 3880 3057 3920 voce
3079 3881 3147 3921 ac
3158 3865 3595 3925 ferventissimo

1950 3952 2150 4008 animo
2196 3952 2495 4007 Christum
2545 3952 2906 4008 Salvatorem
2936 3955 3273 4023 conﬁtetur,
3313 3961 3491 4028 atque
3521 3957 3595 4013 ab

1947 4042 2108 4096 omni
2133 4040 2545 4112 superstitioso
2567 4056 2767 4094 errore
2788 4039 3438 4113 absceditzviviﬁcaaque
3460 4060 3600 4099 cru—

1954 4130 2040 4187 cis
2062 4130 2296 4203 signum
2316 4128 2788 4202 inspectantibus
2830 4129 3109 4184 omnibus
3138 4129 3366 4198 adorat,
3391 4136 3449 4185 et
3488 4148 3594 4189 au-

1947 4219 2251 4276 dientibus
2282 4219 2559 4275 omnibus
2586 4220 2771 4274 Deum
2812 4235 3015 4274 verum
3047 4234 3113 4273 ac
3144 4219 3459 4274 Dominum
3481 4236 3594 4275 no-

1950 4322 2134 4373 strum
2165 4319 2364 4374 Jesum
2394 4316 2693 4371 Christum
2714 4314 3213 4385 prazdicat.Atque
3236 4329 3599 4371 commemo-

1950 4411 2081 4462 rata
2110 4406 2289 4478 priori
2322 4422 2431 4460 sua
2461 4404 2787 4476 impietate,
2821 4408 2881 4457 et
2909 4402 3189 4458 adversus
3220 4403 3588 4460 Christianos

1950 4496 2298 4551 crudelitate
2332 4500 2390 4549 et
2433 4493 2807 4549 immanitate
2828 4492 3242 4563 condemnata,
3274 4493 3484 4566 ingens
3513 4492 3591 4549 ad

272 5128 339 5179 7i
405 5124 470 5188 C,
505 5124 814 5193 διεξελθεῖν.

264 5124 375 5273 72)
394 5194 610 5273 Classa
634 5195 699 5273 in
729 5197 778 5250 Α
803 5210 816 5249 :
851 5189 1038 5273 στίχος
1059 5187 1367 5273 ἔμμετρος.
1400 5186 1576 5269 Quod
1602 5193 1694 5273 est
1712 5205 1824 5244 ven

1940 5190 2365 5273 .imadveursumZ
2396 5189 2661 5273 Similem
2683 5190 2998 5273 habuimus
3020 5192 3596 5273 animadversionem

202 5260 311 5349 ag.
347 5260 481 5322 2237.
515 5260 1025 5321 Fecitmonachus
1056 5260 1401 5335 imprudens
1427 5260 1826 5327 versiculum;
1858 5262 2055 5319 facere
2085 5265 2187 5335 qui
2213 5263 2416 5326 voluit,
2450 5278 2571 5347 non
2603 5262 2745 5318 fecit
2772 5264 3061 5322 Theodor.
3096 5264 3481 5350 Prodromus,
3502 5266 3591 5321 vel

157 5286 412 5395 ghiles.
438 5339 500 5393 in
533 5337 793 5392 editione
826 5337 1035 5391 saltem
1066 5332 1451 5389 Thorlaciana
1490 5332 1776 5395 (Profuss.
1812 5340 1853 5388 t.
1885 5336 1982 5395 Ill.
2032 5352 2161 5395 pag.
2213 5336 2338 5395 65):
2392 5330 2688 5388 Ἀτλαντον
2745 5332 2987 5395 πέλαγος
3035 5332 3315 5395 πελάγους
3358 5337 3591 5395 Αἴγαίου

210 5332 412 5405 biles,
438 5339 500 5393 in
533 5337 793 5392 editione
826 5337 1035 5391 saltem
1066 5332 1457 5405 Th'orlaciana
1490 5332 1776 5405 (Prorfuss.
1812 5340 1853 5388 t.
1885 5336 1982 5402 Ill,

198 5411 374 5493 πίθος.
398 5402 739 5493 fugiebant
767 5409 862 5493 isti
895 5406 1325 5493 versi‘ﬁcatores
1350 5402 1824 5493 pedes‘trisyll‘a'l:

1970 5402 2139 5492 Bene
2186 5407 2392 5493 co‘dexn
2425 5402 3010 5493 2831;“Ἀτλμντίκὸν
3058 5402 3315 5493 πέλαγος,
3371 5402 3593 5493 Λῖγαῖον

200 5484 375 5546 ἀθος.
404 5474 535 5554 ,Νεόν
557 5481 1130 5554 agnoscitur_poetaa_
1147 5491 1461 5554 manusap.
1496 5489 1621 5545 seq.
1646 5474 1709 5554 _v,
1741 5478 1807 5531 35

1940 5481 2143 5554 [γραῦς
2172 5478 2263 5532 καὶ
2293 5474 2458 5554 πάλιν
2503 5480 2671 5553 γραῦς
2715 5476 2805 5531 καὶ
2853 5476 3041 5537 πάλιν.
3096 5474 3597 5541 Mensuram'im-

154 5412 192 5557 ἓ

2032 5330 2161 5409 pag.
2213 5336 2338 5411 65):
2392 5330 2688 5411 ’ᾼτλάντον
2745 5332 2987 5411 πελαγος
3035 5332 3315 5411 πελαγοῦς
3358 5330 3595 5411 Αἶγαίου

147 5545 374 5630 ῥιέδίι
402 5552 580 5609 lectio
598 5545 873 5608 vcodicis:
905 5545 972 5603 Ὦ
1036 5545 1185 5620 ραῦς,
1216 5545 1306 5600 καὶ
1336 5545 1502 5599 πάλιν
1577 5548 1729 5619 ραῦς,
1758 5567 1824 5601 κα

233 5628 361 5681 (73)
398 5624 618 5681 Dicunt
647 5629 706 5680 et
733 5619 816 5677 ἐπ’
846 5570 1353 5681 ὅψειᾶιιθοάοτυδ
1382 5565 1617 5677 Prordr.
1655 5618 1824 5679 Galea

1940 5545 2040 5605 ἱλιν
2070 5554 2257 5626 γραῦς,
2289 5546 2476 5603 πάλιν.

1948 5625 2055 5681 305
2079 5640 2093 5681 :
2126 5623 2224 5679 Καὶ
2251 5620 2400 5677 ταῦτ’
2426 5614 2476 5681 ὅιὲ

233 5628 361 5696 (73)
398 5624 618 5697 Dicunt
647 5619 816 5697 δίεπ’
846 5617 987 5697 ὄψει.
1010 5617 1353 5681 Theodorus
1382 5620 1528 5677 Pror

142 5689 364 5774 ligen;
400 5694 491 5753 ἐπ’
522 5702 663 5757 ante
694 5689 839 5771 ὄψει.

1571 5614 1617 5675 r.
1655 5618 1824 5679 Galea

1948 5614 2224 5682 305Ξ’Καὶ
2246 5614 2400 5677 ταῦτ’
2426 5614 2548 5695 ὄψει
2598 5623 2696 5676 τοῦ
2753 5617 2918 5701 φίλου
2970 5626 3339 5707 φυτοσπόρου.
3389 5625 3601 5686 Omisit
