4044 6218
212 328 340 388 1197

1384 332 1558 386 VITA
1589 321 1945 383 BABLAAM
1976 322 2072 379 ET
2103 322 2447 383 JOABAPH.

3464 333 3608 392 4198

210 457 270 511 τὸ
314 452 672 531 χειρόγραφον
721 454 830 527 (96)
874 456 983 509 τῶν
1036 454 1204 510 αὑτοῦ
1246 452 1624 526 πταισμάτων,
1652 447 1839 506 καὶτὰ

1964 447 2139 518 ipsius
2167 448 2402 506 chartas
2430 465 2741 522 concerpe,
2784 456 3140 524 sanctosque
3170 457 3325 523 tuos,
3359 473 3505 528 quos
3535 465 3596 517 et

210 549 546 620 γραμματεῖα
603 541 892 620 διάῤῥηξον
946 548 1055 599 τῶν
1115 544 1279 599 αὐτοῦ
1336 541 1699 621 ὀφλημάτων,
1747 539 1838 595 καὶ

206 632 325 695 τοὺς
352 631 545 707 ἁγίους
592 652 687 688 σου
742 631 1080 706 κατάλλαξον
1138 633 1285 706 αὐτῷ
1341 632 1432 695 οῦς
1478 630 1609 705 πυρί
1649 651 1709 685 τε
1747 627 1840 684 καὶ

209 722 335 796 ξίφει
364 722 595 777 ἀνεῖλεψ
638 720 883 791 ἐπίταξον
931 721 1129 783 αὐτοὺς
1183 723 1258 795 μὴ
1302 721 1421 777 κατ’
1465 720 1633 776 αὐτοῦ
1681 716 1842 795 ὀργί-

207 818 393 883 ζεσθαι.
427 813 607 867 Πάντα
648 810 753 886 γὰρ
802 808 1000 866 δυνατά
1049 832 1139 866 σοι
1191 816 1272 885 τῷ
1322 810 1536 866 πάντων
1579 808 1840 882 Δεσπότῃ,

203 899 322 957 ἀλλ’
356 900 391 969 ἢ
427 900 592 974 μόνον
647 900 710 955 τὸ
773 900 849 973 μή
909 899 1079 956 ἐλεεῖν
1137 900 1266 965 τοὺς
1317 902 1393 973 μὴ
1426 899 1845 977 ἐπιστρέφοντας

201 992 329 1065 πρὸς
358 991 436 1046 σέ·
467 994 635 1045 τοῦτο
684 988 971 1045 ἀδύνατον.
1020 990 1092 1045 Τὸ
1132 991 1233 1066 γὰρ
1287 985 1440 1053 ἕλεὸς
1486 1011 1582 1045 σου
1614 987 1844 1063 ἐκκέχυ-

203 1100 297 1135 ταο
325 1080 407 1135 ἐπὶ
437 1078 664 1149 πάντας,
713 1078 802 1133 καὶ
856 1078 1050 1147 σώζεις
1095 1077 1223 1140 τοὺς
1269 1076 1734 1150 ἐπικαλουμένους
1762 1096 1842 1144 σε,

207 1167 366 1243 Κύριε
423 1168 603 1238 Ἰησοῦ
659 1166 878 1243 Χριστέ,
933 1166 1018 1221 ⁴ὀτι
1075 1166 1270 1241 πρέπει
1317 1183 1407 1220 σοι
1456 1163 1584 1237 δόξα
1608 1164 1684 1228 εἷς
1712 1163 1844 1226 τοὺς

208 1256 419 1319 αΐῶνας.
454 1257 515 1311 Ἀ
526 1257 653 1328 μήν.

273 1344 524 1409 Τοιαὺτας
553 1344 720 1420 εὐχὰς
774 1344 865 1399 καὶ
926 1342 1136 1417 δεήσεις
1193 1346 1493 1420 προσέφερε
1534 1342 1614 1416 τῷ
1642 1347 1762 1416 Θεῷ
1789 1341 1844 1398 ἐν

206 1435 357 1499 ὅλαις
383 1436 515 1491 ἑπτὰ
539 1434 795 1509 ἡμέραις,
832 1456 906 1506 μη
919 1433 1101 1498 δόλωνς
1134 1439 1231 1489 τοῦ
1263 1436 1550 1508 μνήματος
1579 1431 1845 1501 ἀποστὰς,

209 1527 286 1599 μή
339 1525 594 1601 βρώσεως
651 1526 686 1594 ἢ
740 1523 954 1587 πόσεως
1005 1525 1325 1600 τοπαράπαν
1392 1525 1651 1598 μνησθεὶς
1709 1524 1845 1595 (97),

209 1617 343 1689 μήτε
394 1617 499 1688 μῆν
543 1614 896 1676 ἀναπαύσεως
946 1611 1122 1669 ὕπνου
1183 1615 1492 1689 μετασχών⁸
1551 1611 1698 1669 ἀλλὰ
1754 1609 1848 1667 δά-

204 1725 357 1779 κρυσι
393 1703 489 1776 μὲν
518 1703 581 1759 τὸ
632 1700 828 1781 ἔδαφος
885 1697 1104 1779 ἕϐρεχε,
1163 1707 1484 1778 στεναγμοῖς
1539 1699 1596 1757 δὲ
1647 1702 1847 1776 ἀσιγή-

206 1814 322 1855 τοις
349 1792 654 1868 εὐχόμενος
685 1790 936 1848 διετέλει.
970 1796 1047 1866 Τῇ
1082 1789 1249 1868 ὀγδόῃ
1277 1789 1334 1847 δὲ
1372 1791 1450 1854 εἰς
1488 1792 1551 1846 τὸ
1579 1789 1846 1846 παλάτιον

210 1879 538 1952 ἐπανελθὼν,
588 1883 757 1936 πάντα
806 1881 898 1937 τὸν
956 1880 1196 1936 πλοῦτον
1227 1880 1316 1936 καὶ
1345 1881 1413 1936 τὰ
1440 1882 1704 1957 χρήματα
1731 1885 1848 1943 τοῖς

206 1973 397 2042 πένησι
448 1968 735 2042 διένειμεν,
793 1970 867 2033 ὡς
931 1969 1125 2044 μηκέτι
1160 1968 1560 2048 ὑπολειφθῆναί
1591 1991 1711 2025 τινα
1736 1973 1847 2025 τῶν

205 2061 393 2136 χρείαν
427 2060 692 2136 ἐχόντων.

275 2153 439 2208 ΚΕΦ.
475 2150 585 2219 AC.
640 2150 728 2205 Ἐν
783 2148 1003 2224 ὀλίγαις
1052 2144 1111 2202 δὲ
1157 2149 1392 2223 ἡμέραις
1433 2149 1534 2217 τήν
1585 2146 1845 2217 τοιαύτην

198 2239 420 2301 τελέσας
451 2236 726 2294 διακονίαν
769 2238 861 2293 καὶ
911 2236 1114 2301 πάντας
1156 2236 1286 2299 τοὺς
1332 2236 1636 2313 θησαυροὺς
1682 2257 1849 2291 κατα-

201 2329 461 2396 κενώσας,
510 2326 664 2388 ’ὁπως
727 2324 990 2397 μέλλοντι
1046 2326 1145 2393 τήν
1214 2325 1404 2393 στετὴν
1458 2324 1676 2380 εἰσιέναι
1733 2324 1846 2379 πύ-

204 2416 313 2487 λην
341 2418 449 2488 (98)
511 2413 683 2487 μηδὲν
733 2414 881 2485 αὑτῷ
936 2411 1280 2486 ἐμποδίσειεν
1314 2414 1342 2467 ὁ
1370 2416 1479 2467 τῶν
1538 2417 1844 2488 χρημάτων

202 2503 372 2580 ὄγκος
417 2508 551 2577 (99),
603 2507 670 2577 τῇ
716 2506 1120 2577 τεσσαρακοστῇ
1169 2502 1352 2578 ἡμέρᾳ
1377 2508 1480 2571 τῆς
1517 2507 1616 2557 τοῦ
1641 2502 1846 2577 πατρὸς

200 2594 480 2664 τελευτῆς,
546 2593 772 2665 μνήμην
845 2589 993 2663 αὑτῷ
1060 2590 1258 2661 τελῶν,
1333 2588 1593 2665 συγκαλεῖ
1647 2589 1850 2656 πάντας

199 2683 329 2746 τοὺς
372 2683 422 2738 έν
455 2682 601 2740 τέλει
631 2681 723 2737 καὶ
780 2680 907 2745 τοὺς
962 2681 1324 2757 στρατιωτικὰ
1379 2681 1847 2755 περιεζωσμένους

198 2772 295 2829 καὶ
344 2776 440 2827 τοῦ
496 2771 798 2828 πολιτικοῦ
856 2768 993 2825 λαοῦ
1050 2769 1152 2825 οὐκ
1226 2773 1381 2828 326
1439 2768 1685 2845 ὀλίγους.
1744 2767 1847 2826 Καὶ

196 2861 550 2936 προκαθίσας,
609 2860 685 2924 ὡς
737 2858 879 2927 ἔθος,
951 2858 1113 2935 φησὶν
1176 2857 1252 2921 εἷς
1311 2856 1553 2929 ἐπήκοον
1609 2859 1847 2914 πάντων

200 2949 366 3018 Ἰδοὺ,
413 2950 595 3011 καθὼς
650 2950 834 3023 ὁρᾶτε,
882 2943 1160 3018 Ἀὃηννήρ
1208 2948 1389 3020 πατήρ
1440 2967 1544 3020 μου
1573 2948 1661 3002 καὶ
1698 2946 1851 3022 βασι-

200 3038 327 3101 λεὺς
352 3036 607 3108 τέθνηκεν
657 3037 731 3098 ὡς
776 3039 855 3099 εἷς
901 3040 1008 3091 τῶν
1060 3037 1333 3105 πενήτῶν,
1380 3034 1473 3090 καὶ
1521 3032 1675 3090 οὐδὲν
1706 3033 1853 3107 αὐτῷ

200 3126 326 3183 οὔτε
352 3129 381 3182 ὁ
412 3128 652 3188 πλοῦτος
690 3124 815 3180 οὔτε
842 3128 878 3195 ἡ
915 3123 1173 3201 βασιλική
1228 3124 1377 3197 δόξα,
1427 3121 1551 3179 οὕτε
1602 3126 1709 3197 μὴν
1742 3123 1851 3198 ἐγὼ

1948 538 2084 611 igne
2114 545 2174 595 et
2198 540 2391 612 gladio
2423 542 2495 597 de
2517 542 2714 598 medio
2738 542 3167 615 sustulit(Psal.
3187 550 3440 618 Lxxvm),
3464 567 3603 608 cum

1949 632 2080 699 ipsa
2107 630 2169 685 in
2198 631 2451 703 gratiam
2480 632 2682 699 reduc,
2712 633 2938 704 eisque,
2969 650 3045 689 ne
3094 634 3209 706 ipsi
3240 635 3517 694 infensos
3546 647 3608 696 et

1950 723 2135 781 iratos
2180 736 2311 776 sese
2358 721 2665 792 praabeant
2704 722 2951 793 impera.
2998 724 3210 780 Omnia
3238 726 3459 798 quippe
3490 728 3596 783 tibi

1947 808 2218 865 omnium
2249 810 2499 866 Domino
2527 811 2837 882 possibilia
2859 818 3019 879 sunt,
3053 813 3163 869 hoc
3186 830 3305 869 uno
3330 820 3598 888 excepto,

1953 897 2111 968 quod
2133 898 2279 969 quin
2310 904 2366 953 te
2396 916 2604 956 eorum
2631 901 2731 971 qui
2761 917 2891 956 sese
2923 900 2994 956 ad
3027 906 3083 957 te
3112 909 3468 960 convertunt
3491 905 3601 961 mi-

1953 992 2168 1055 sereat,
2200 988 2394 1043 facere
2424 1005 2545 1044 non
2569 995 2756 1060 potes.
2787 989 3190 1047 Misericordia
3219 993 3380 1048 enim
3413 1000 3516 1051 tua
3543 995 3606 1052 in

1954 1091 2163 1131 omnes
2192 1076 2410 1133 diffusa
2439 1081 2551 1141 est,
2599 1083 2779 1149 atque
2825 1078 2899 1133 iis
2948 1095 2984 1134 a
3031 1079 3245 1150 quibus
3285 1082 3601 1153 invocaris,

1957 1164 2212 1220 salutem
2242 1166 2441 1236 aﬂ‘ers,
2471 1167 2721 1223 Domine
2744 1168 2881 1223 Jesu
2903 1168 3155 1238 Christe,
3188 1172 3472 1242 quoniam
3501 1172 3607 1229 de-

1955 1257 2051 1309 cet
2079 1257 2135 1308 te
2160 1254 2348 1326 gloria
2370 1255 2434 1310 in
2457 1254 2694 1311 saecula.
2730 1258 2941 1313 Amen.

2028 1344 2380 1414 Hujusmodi
2438 1360 2644 1415 preces
2692 1350 2751 1401 et
2801 1346 3101 1402 orationes
3147 1348 3267 1404 Deo
3297 1349 3604 1419 offerebat,

1957 1437 2181 1503 septem
2212 1431 2338 1487 dies
2368 1448 2404 1488 a
2423 1433 2695 1504 sepulcro
2723 1434 2966 1491 omnino
2998 1451 3119 1491 non
3145 1435 3599 1505 discedens,nec

1956 1521 2071 1577 cibi
2125 1520 2449 1592 quidquam
2496 1527 2599 1578 aut
2643 1527 2817 1594 potus
2865 1523 3207 1588 admittens,
3241 1541 3353 1581 nec
3394 1543 3602 1584 rursus

1957 1598 2168 1666 sommo
2194 1626 2409 1681 corpus
2437 1626 2739 1677 recreans,
2770 1628 2972 1667 verum
3005 1617 3063 1667 et
3095 1613 3376 1684 lacrymis
3408 1615 3605 1672 solum

1954 1700 2156 1771 rigans
2186 1700 2357 1763 (Psal.
2390 1700 2558 1769 cm),
2579 1704 2638 1755 et
2665 1716 2801 1757 cum
2830 1700 3089 1756 luctibus
3112 1718 3354 1757 omnem
3386 1704 3604 1758 oratio-

1878 1816 1926 1881 Β
1957 1798 2051 1853 nis
2079 1796 2421 1853 facultatem
2464 1797 2884 1869 superantibus
2914 1798 2977 1854 in
3007 1799 3276 1855 oratione
3307 1804 3602 1871 perstans.

1956 1887 2169 1942 Octavo
2182 1890 2380 1942 autem
2394 1885 2654 1958 denique
2673 1885 2767 1941 die
2783 1886 2847 1942 in
2863 1886 3150 1958 palatium
3162 1904 3606 1960 reversus,opes

1955 1986 2163 2031 omnes
2194 1990 2262 2031 ac
2283 1975 2567 2047 pecunias
2597 1975 2958 2047 pauperibus
2988 1975 3329 2044 distribuit;
3364 1975 3511 2032 adeo
3540 1981 3607 2032 ut

1954 2064 2158 2119 nullus
2163 2065 2290 2136 jam
2305 2065 2405 2135 qui
2418 2079 2619 2119 rerum
2633 2062 2836 2135 inopia
2845 2068 3234 2135 premeretur,
3244 2069 3602 2136 superesset.

2025 2155 2157 2209 CAP.
2190 2152 2434 2208 XXXVI.
2465 2182 2532 2193 -—
2561 2152 2892 2224 Paucisque
2932 2152 3141 2209 diebus
3171 2154 3232 2208 in
3258 2154 3602 2226 hujusmodi

1954 2242 2289 2298 ministerio
2319 2241 2561 2310 exactis,
2592 2256 2802 2297 omnes
2841 2241 3152 2298 thesauros
3198 2242 3509 2298 exhausit:
3542 2241 3604 2298 id

1952 2331 2233 2387 videlicet
2260 2345 2461 2403 agens,
2491 2347 2568 2386 ne
2618 2335 2930 2403 angustam
2960 2335 3191 2401 portam
3221 2331 3471 2388 introire
3495 2346 3606 2404 pa-

1952 2420 2110 2477 ranti
2142 2420 2531 2492 pecuniarum
2579 2419 2773 2475 moles
2821 2419 3321 2492 impedimentum
3344 2422 3603 2477 aﬂ'erret.

1952 2512 2028 2565 At
2055 2525 2192 2565 vero
2223 2508 2678 2582 quadragesimo
2728 2524 2763 2564 a
2808 2509 3040 2581 paterni
3090 2509 3287 2565 obitus
3338 2509 3435 2566 die
3481 2526 3610 2566 me-

1954 2599 2208 2654 moriam
2258 2598 2446 2670 ipsius
2500 2597 2833 2665 celebrans,
2892 2598 3273 2671 magistratus
3301 2615 3510 2654 omnes
3540 2615 3611 2655 ac

1952 2688 2226 2742 militatis
2274 2686 2482 2741 classis
2531 2690 2590 2739 et
2644 2685 2865 2757 plebeii
2923 2686 3151 2740 ordinis
3196 2685 3355 2741 haud
3385 2702 3608 2756 paucos

1954 2779 2270 2841 convocat;
2299 2779 2476 2845 atque
2525 2773 2589 2828 in
2638 2773 2800 2846 regio
2843 2774 3055 2829 throno
3109 2773 3344 2839 sedens,
3378 2774 3608 2830 cunctis

1954 2862 2333 2920 audientibus
2364 2862 2518 2917 hanc
2540 2861 2870 2917 orationem
2894 2861 3099 2916 habuit
3118 2878 3131 2915 :
3152 2864 3334 2929 En,ut
3353 2862 3468 2934 ipsi
3487 2878 3611 2917 cer-
3686 2870 3691 2873 '

1951 2951 2403 3017 nitis,Abenner
2420 2966 2525 3005 rex
2545 2966 2614 3005 ac
2628 2955 2797 3021 pater
2812 2948 3168 3019 meus,haud
3197 2965 3369 3005 secus
3388 2966 3455 3005 ac
3469 2965 3610 3021 pau-

1952 3057 2162 3113 perum
2180 3039 2371 3112 quivis
2387 3043 2641 3095 mortem
2661 3038 2914 3094 obiit.Ac
2928 3054 3038 3094 nec
3060 3037 3418 3105 divitiaa,nec
3442 3055 3608 3110 opes,

1961 3147 2072 3185 nec
2088 3131 2250 3202 regia
2264 3129 2587 3202 gloria,nec
2598 3144 2837 3184 rursum
2851 3144 2955 3201 ego
2967 3128 3152 3199 patris
3164 3129 3611 3185 amantissimus

203 3176 325 3183 'vvv
358 3176 378 3182 v
418 3176 651 3188 “”“”””’⁷
696 3176 813 3180 νῆ’-
850 3176 878 3195 Ἰ
916 3176 1173 3201 rnv‘nV'VV.
1238 3176 1377 3197 ""V,
1434 3176 1547 3179 v"'
1603 3176 1701 3197 rV'V
1746 3176 1845 3198 “ι“

201 3219 231 3273 ὑ
260 3215 585 3293 φιλοπάτωρ
616 3216 757 3281 υἱὸς,
790 3215 917 3270 οὑτε
965 3236 1050 3276 τις
1096 3218 1205 3269 τῶν
1237 3212 1447 3269 λοιπῶν
1479 3213 1644 3269 αὐτοῦ
1675 3213 1848 3292 φίλων

1964 3176 2070 3185 ³³νν
2090 3176 2107 3185 ⁸
2123 3176 2250 3202 *0⁸⁸⁷
2264 3176 2381 3202 Ο⁵ν⁵
2396 3176 2585 3194 ""’”""
2599 3176 2619 3183 ’
2636 3176 2692 3183 "'
2705 3176 2837 3184 """"'
2855 3176 2951 3201 'O'
2968 3176 3089 3199 1""
3102 3176 3151 3183 ““’
3166 3176 3339 3184 “’““’”’““
3350 3176 3610 3185 """""""

1964 3219 2146 3287 ﬁlius,
2162 3235 2274 3273 nec
2293 3217 2665 3289 reliquorum
2685 3216 2874 3288 ipsius
2900 3217 3230 3272 amicorum
3255 3233 3322 3273 ac
3344 3222 3616 3290 cognato-

196 3305 291 3361 καὶ
321 3309 617 3379 συγγενῶν,
672 3304 943 3379 βοηθῆσαι
988 3301 1209 3378 ἴσχυσεν
1257 3302 1404 3376 αὐτῷ
1431 3304 1521 3359 καὶ
1548 3310 1650 3374 τῆς
1677 3303 1854 3379 ἀπαρ-

201 3395 433 3463 αιτήτου
486 3395 677 3467 ψήφου
758 3392 1054 3463 ἐξελέσθαι.
1117 3389 1275 3447 Ἀλλ’
1351 3391 1542 3466 ὑπάγει
1602 3394 1739 3468 πρὸς
1789 3393 1858 3447 τά

205 3484 410 3548 ἐκεῖθέν
471 3479 852 3557 δικαιωτήριο..
918 3480 1084 3556 λόγον
1146 3478 1349 3559 ὑφέξων
1403 3488 1501 3550 τῆς
1577 3480 1859 3544 πολιτείας

206 3577 307 3629 τοῦ
336 3572 610 3646 παρόντος
672 3571 819 3647 βίου,
877 3567 1082 3644 μηδένα
1135 3574 1243 3625 τῶν
1300 3571 1548 3626 ἁπάντων
1603 3571 1856 3648 συνεργὸν

207 3661 578 3735 ἐπαγόμενος,
637 3660 765 3717 ἀλλ’
838 3660 873 3728 ἢ
953 3658 1092 3732 μόνα
1163 3660 1230 3713 τὰ
1302 3658 1448 3731 αὐτῷ
1502 3660 1859 3734 πεπραγμένα

203 3753 379 3807 ὁποῖα
407 3749 469 3805 ἃν
586 3751 663 3808 Τὸ
693 3751 825 3805 αὐτὸ
875 3746 932 3803 δὲ
977 3752 1140 3803 τοῦτο
1178 3749 1269 3803 καὶ
1300 3753 1429 3803 πᾶσι
1457 3755 1574 3810 τοῖς
1595 3750 1696 3817 τήν
1731 3746 1855 3821 βρό-

200 3861 350 3896 τειον
410 3837 648 3913 λαχοῦσι
708 3837 863 3916 φύσιν
923 3835 1239 3910 συμϐαίνειν
1288 3840 1512 3912 πέφυκε,
1541 3839 1631 3894 καὶ
1673 3835 1861 3901 ἄλλως

205 3929 309 3983 οὑκ
339 3923 473 3984 ἔστι.
509 3930 621 3983 Νῦν
655 3925 747 3981 οὖν
795 3926 1057 3981 ἀκούσατέ
1111 3948 1236 3999 μου,
1289 3927 1438 4003 φίλοι
1487 3929 1571 3981 καὶ
1610 3924 1858 4003 ἀδελφοὶ,

202 4017 342 4081 λαὸς
372 4016 574 4090 Κυρίου
603 4016 691 4070 καὶ
718 4015 924 4090 κλῆρος
967 4016 1139 4091 ἃγιος,
1185 4014 1282 4078 οὕς
1310 4015 1599 4089 ἐξηγόρασε
1628 4017 1858 4089 Χριστὸς

199 4108 230 4163 ὃ
264 4106 594 4178 Θεὸςτὴμῶν
625 4110 706 4178 τῷ
754 4105 924 4178 τιμίῳ
983 4106 1149 4160 αὑτοῦ
1207 4103 1397 4178 αἵματι
1451 4106 1540 4158 καὶ
1598 4104 1859 4180 έῤῥὺσατο

192 4203 305 4265 τῆς
334 4194 577 4258 παλαιᾶς
607 4195 820 4261 πλάνης
874 4196 961 4250 καὶ
1025 4193 1276 4258 δουλείας
1320 4197 1418 4249 τοῦ
1465 4195 1857 4268 ἀντικειμένου.

194 4284 380 4344 Αὐτοὶ
413 4281 597 4339 οἴδατε
622 4284 720 4352 τήν
770 4282 823 4338 ἐν
872 4284 1000 4357 ὑμῖν
1053 4284 1414 4361 ἀναστροφήν,
1450 4304 1575 4355 μου,
1608 4284 1684 4345 ὡς
1715 4282 1861 4354 ἐξότε

190 4375 301 4431 τὸν
331 4374 573 4447 Χριστὸν
605 4369 769 4444 ἔγνων
818 4372 908 4427 καὶ
958 4369 1157 4434 δοῦλος
1206 4371 1371 4427 αὐτοῦ
1421 4374 1664 4445 ἠξιώθην
1712 4376 1859 4449 γενέ-

196 4465 359 4532 σθαι,
419 4461 596 4517 πάντα
656 4464 907 4535 μισήσας,
970 4461 1131 4517 αὐτὸν
1192 4460 1500 4531 έπεπόθησα
1553 4457 1737 4533 μόνον,
1768 4462 1857 4517 καὶ

1962 3324 2095 3362 rum
2115 3307 2433 3379 quisquam
2456 3322 2629 3378 opem
2650 3305 2765 3378 ipsi
2789 3312 2847 3361 et
2866 3305 3152 3362 auxilium
3183 3307 3418 3373 afferre,
3433 3312 3613 3378 atque

1965 3397 2037 3452 ab
2051 3395 2376 3451 inevitabili
2391 3395 2690 3450 sententia
2701 3395 2898 3467 ipsum
2914 3395 3171 3451 eximere
3185 3397 3609 3467 potuit;verum

1967 3484 2039 3539 ad
2056 3484 2206 3539 illud
2225 3483 2576 3548 tribunal,ut
2590 3483 2900 3554 praesentis
2918 3483 3047 3538 vitae
3064 3483 3358 3539 rationem
3376 3483 3610 3556 reddat,

1966 3575 2383 3649 proficiscitur,
2401 3574 2708 3629 neminem
2734 3574 2981 3629 omnino
3004 3574 3105 3645 qui
3138 3573 3250 3645 ipsi
3286 3574 3613 3646 Opituletur

1968 3681 2171 3720 secum
2204 3664 2449 3730 ducens,
2483 3663 2558 3717 iis
2588 3664 2877 3719 duntaxat
2926 3664 3186 3735 exceptis
3216 3664 3615 3736 (quaecunque

1968 3755 2208 3810 tandem
2239 3752 2343 3808 illa
2370 3752 2613 3823 fuerint)
2642 3768 2773 3824 qua)
2799 3751 2873 3808 ab
2905 3768 2973 3807 eo
2996 3758 3162 3825 gesta
3187 3757 3345 3809 sunt.
3370 3753 3490 3808 Hoc
3512 3769 3618 3809 au-

1968 3849 2085 3898 tem
2110 3844 2304 3915 ipsum
2328 3858 2562 3914 quoque
2585 3841 2862 3897 omnibus
2884 3842 2983 3913 qui
3011 3841 3324 3898 mortalem
3342 3847 3617 3897 naturam

1954 3932 2124 4002 nacti
2144 3936 2282 3986 sunt
2297 3932 2639 4003 contingere
2655 3934 2871 3987 natura
2882 3936 3289 4003 comparatum
3304 3935 3616 4002 est,neque

1968 4023 2141 4077 aliter
2162 4021 2288 4076 ﬁeri
2321 4026 2533 4092 potest.
2566 4021 2733 4075 Nunc
2762 4019 2941 4092 igitur
2970 4020 3168 4075 audite
3197 4034 3314 4085 me,
3346 4034 3379 4072 ο
3407 4019 3513 4072 ﬁlii
3545 4035 3615 4074 ac

1967 4111 2198 4178 fratres,
2229 4111 2399 4183 plebs
2438 4110 2692 4177 Domini,
2735 4116 2793 4164 et
2843 4114 3047 4165 sancta
3094 4108 3430 4172 haereditas,
3464 4123 3615 4178 quos

1968 4201 2235 4256 Christus
2248 4201 2400 4255 Deus
2415 4204 2617 4253 noster
2626 4199 2886 4270 pretioso
2909 4197 3193 4269 sanguine
3216 4212 3321 4251 suo
3338 4195 3614 4264 redemit,

1969 4294 2145 4359 atque
2165 4304 2199 4344 a
2220 4287 2399 4342 veteri
2424 4302 2623 4343 errore
2638 4290 2696 4340 et
2708 4285 3027 4341 adversarii
3048 4284 3330 4338 servitute
3352 4284 3413 4337 in
3437 4282 3619 4338 liber-

1969 4383 2152 4432 tatem
2171 4375 2504 4431 vindicavit.
2531 4376 2643 4429 Vos
2664 4389 2861 4428 meam
2881 4373 3037 4427 inter
3052 4389 3153 4427 vos
3168 4372 3303 4427 vita;
3324 4371 3622 4427 rationem

1979 4466 2167 4521 nostis
2195 4481 2208 4518 :
2237 4480 2450 4534 nempe
2478 4462 2635 4533 quod
2659 4478 2729 4516 ex
2750 4477 2868 4532 quo
2894 4465 3160 4532 tempore
3182 4460 3400 4515 Christi
3422 4460 3629 4533 cogni-

190 4552 377 4611 τοῦτὸ
440 4573 537 4624 μοι
595 4552 661 4620 ἦν
716 4550 1077 4622 καταθύμιον,
1136 4557 1237 4620 τῆς
1298 4549 1468 4619 ζάλης
1497 4554 1593 4605 τοῦ
1629 4550 1748 4625 βίου
1779 4572 1848 4605 κα

1981 4554 2204 4610 tionem
2219 4557 2571 4609 consecutus
2586 4550 2906 4622 divinaque
2920 4549 3209 4606 beneficio
3223 4548 3410 4621 ipsius
3424 4564 3627 4604 servus

194 4641 448 4717 ματαίας
524 4635 732 4715 τύρϐης
812 4638 1193 4710 ὑπεξελθόντα,
1275 4638 1439 4711 μόνον
1520 4638 1672 4710 μόνῳ
1722 4640 1873 4712 αὖτῷ

192 4736 452 4787 συνεῖναι
486 4729 576 4785 καὶ
606 4728 659 4784 ἐν
694 4730 956 4805 ἂταράχῳ
984 4727 1199 4803 γαλήνῃ
1254 4731 1438 4802 ψυχῆς
1479 4725 1765 4782 δουλεῦσαι
1794 4732 1874 4801 τῷ

190 4820 327 4891 Θεῷ
366 4839 475 4892 μου
504 4818 599 4873 καὶ
647 4815 895 4893 δεσπότῃ.
946 4814 1128 4873 Ἀλλὰ
1179 4837 1245 4889 με
1290 4814 1547 4891 κατέσχεν
1580 4818 1615 4885 ἡ
1640 4819 1738 4870 τοῦ
1765 4837 1871 4871 πα-

187 4908 341 4984 τρός
381 4929 489 4980 μου
519 4902 782 4974 ἔνστασις,
844 4907 934 4962 κάὶ
992 4905 1190 4975 ἐντολή
1239 4907 1274 4974 ἡ
1324 4909 1487 4977 τιμᾷν
1514 4903 1641 4967 τοὺς
1671 4907 1870 4981 γεννή-

188 5017 383 5072 τορας
413 4995 710 5052 κελεύουσα
761 5002 857 5065 (1).
909 4997 1090 5064 ⁹ὈΘεν,
1150 4999 1284 5051 Θεοῦ
1339 4998 1526 5069 χάριτι
1555 4994 1647 5051 καὶ
1680 5015 1871 5066 συνερ-

187 5088 355 5164 γείᾳ,
423 5086 523 5141 οὐκ
565 5086 641 5147 εἷς
686 5086 861 5160 μάτην
918 5085 1197 5151 ἐκοπίασα,
1259 5081 1376 5139 οὐδ’
1436 5083 1512 5148 εἷς
1566 5084 1719 5138 κενὸν
1775 5086 1873 5147 τὰς

186 5176 477 5239 τοιαοᾶτας
533 5176 786 5231 ἀνάλωσα
827 5175 1059 5251 ἡμέρας·
1111 5170 1239 5229 ἀλλ’
1292 5171 1492 5229 ἐκεῖνόν
1533 5193 1592 5228 τε
1620 5172 1872 5247 ᾠκείωσα

277 5360 404 5431 (96)
436 5358 522 5415 Cf.
552 5376 613 5431 p.
644 5358 734 5425 88,
767 5375 827 5415 n.
864 5360 954 5415 72.

276 5435 403 5499 (9‘7)
440 5431 524 5500 cr,
548 5448 606 5503 p.
644 5433 767 5498 104,
801 5447 861 5486 n.
893 5433 982 5487 36.

274 5503 407 5575 (98)
438 5503 605 5560 Conf.
639 5520 697 5575 p.
732 5505 856 5571 129,
886 5518 949 5558 n.
983 5503 1036 5570 3,

280 5574 408 5646 (99)
439 5575 605 5631 Conf.
640 5574 699 5646 ᾗ).
736 5576 859 5644 128,

1982 4644 2226 4699 effectus
2247 4640 2687 4709 sum,omnibus
2708 4640 2843 4696 aliis
2865 4640 3042 4695 rebus
3069 4637 3424 4709 contemptis
3447 4642 3625 4709 atque

1979 4730 2114 4786 odio
2137 4729 2376 4798 habitis,
2402 4730 2591 4801 ipsius
2621 4728 2908 4784 duntaxat
2924 4726 3245 4798 cupiditate
3266 4724 3627 4797 flagravi,id-

1982 4835 2096 4890 que
2127 4835 2314 4873 unum
2339 4818 2486 4873 mihi
2513 4818 2574 4873 in
2599 4818 2748 4873 votis
2786 4816 2920 4884 fuit,
2943 4821 3008 4871 ut
3031 4833 3102 4871 ex
3127 4816 3306 4887 hujus
3326 4814 3457 4870 vitae
3481 4820 3630 4870 tem-

1980 4914 2413 4980 pestate,atque
2434 4908 2598 4963 inani
2612 4906 3060 4980 perturbatione
3078 4921 3146 4960 ac
3159 4904 3417 4959 tumultu
3439 4920 3633 4976 egres-

1980 5013 2104 5062 sus,
2127 4997 2288 5055 solus
2319 5013 2454 5052 cum
2484 4998 2614 5067 ipso
2647 4995 2773 5050 solo
2805 4993 3299 5049 consuetudinem
3321 4992 3630 5063 haberem,

1980 5090 2155 5156 atque
2179 5086 2239 5140 in
2254 5102 2487 5141 summa
2500 5085 2685 5140 animi
2700 5082 3131 5154 tranquillitate
3147 5083 3265 5139 Deo
3281 5099 3413 5138 meo
3433 5098 3502 5138 ac
3519 5082 3633 5138 Do-

1979 5176 2141 5232 mino
2166 5176 2691 5232 servirem.Verum
2706 5190 2803 5230 me
2814 5172 3001 5245 patris
3014 5172 3132 5229 mei
3153 5173 3215 5229 in
3227 5172 3525 5230 diversum
3540 5171 3633 5229 ni-

279 5636 586 5718 (ifExod.
617 5636 714 5716 ix,
749 5636 857 5703 12ἷ
885 5642 1035 5718 Τίμα
1061 5642 1155 5701 τὸν
1188 5643 1400 5722 Πατέρα
1430 5662 1529 5702 σου
1557 5639 1647 5703 καὶ
1675 5641 1776 5717 τήν
1812 5670 1849 5723 μ

1964 5669 2023 5726 pa
2077 5663 2200 5722 σου,
2244 5642 2337 5705 ἵνα
2395 5642 2452 5706 εὗ
2505 5666 2589 5706 σοι
2620 5642 2914 5727 γένηται...
2963 5644 3130 5707 Conf.
3176 5644 3413 5705 Denter.
3461 5654 3514 5711 ν,
3549 5636 3640 5697 46.
