4044 6218
189 390 324 446 1201

1362 393 1533 447 ἮΤΑ
1568 388 1921 447 BABLAAM
1958 389 2052 443 ET
2085 386 2429 443 JOASAPH.

3459 397 3596 454 1202

189 518 377 589 ψυχῆς
402 511 493 568 καὶ
524 510 845 586 σκάνδαλον,
877 513 931 569 τί
965 535 1059 585 μοι
1111 512 1377 590 προτίθης
1410 518 1487 589 (9)
1540 515 1631 568 καὶ
1688 512 1814 568 ὑπο-

1940 511 2098 584 fungi
2121 511 2347 567 bonum
2370 511 2612 582 est,ipse
2638 512 2798 582 quod
2812 511 3037 567 bonum
3059 517 3149 568 est
3167 515 3480 585 retine;sin
3498 539 3591 578 au-

189 600 457 670 σκελίζειν
487 598 675 675 βούλει
712 601 842 671 ςὨς
875 601 967 656 οὗν
997 606 1222 657 τοιαῦτα
1281 601 1508 678 λεγοντα
1562 601 1651 656 καὶ
1713 597 1830 654 δια-

188 686 584 763 ϐεϐαιούμενον
618 687 776 756 εἶδεν,
810 689 1079 746 ἐπαύσατο
1107 698 1208 761 τῆς
1240 690 1486 766 ὁμιλίας.
1549 692 1702 748 339
1734 688 1831 743 Καὶ

186 776 254 849 δὴ
288 780 391 835 ὑπὸ
449 779 615 836 νύκτα
676 782 890 855 βαθεῖαν
948 778 1243 851 ἐπιστολήν
1329 782 1422 855 μὲν
1481 778 1832 855 διαχαράττει

182 872 323 943 πρὸς
378 868 473 924 τὸν
552 868 710 935 λαὸν,
764 868 985 940 πολλῆς
1037 871 1309 945 γέμουσαν
1371 868 1694 949 φιλοσοφίας
1740 868 1831 922 καὶ

180 965 356 1013 πᾶσαν
448 957 882 1034 ὑπαγορεύουσαν
967 962 1065 1030 τὴν
1148 955 1441 1029 εὐσέϐειαν,
1501 956 1692 1014 ὁποίαν
1772 977 1832 1012 τε

180 1047 468 1126 ὀφείλουσι
498 1048 622 1124 περὶ
654 1053 789 1104 Θεοῦ
809 1046 968 1119 δόξαν
1002 1046 1172 1124 ἔχειν,
1218 1050 1330 1104 οἷον
1387 1046 1445 1103 δὶ
1514 1047 1630 1123 βίον
1684 1047 1831 1118 αὐτῷ

176 1134 711 1215 προσφέρειν,ο⁹ίους
740 1134 799 1192 δε
856 1136 1081 1211 ὕμνους,
1141 1136 1259 1201 οἵας
1316 1137 1679 1213 εὐχαριστίαι⁹
1713 1138 1830 1192 εἶτα

181 1228 261 1300 μὴ
307 1225 478 1282 ἃλλον
510 1226 546 1295 ἢ
576 1225 668 1280 τὸν
701 1226 980 1301 Βαραχίαν
1013 1224 1255 1298 δέξασθαι
1288 1227 1365 1291 εἷς
1389 1228 1489 1296 τήν
1550 1226 1827 1303 βασίλειον

174 1314 393 1371 κελεύει
447 1317 651 1392 ἀρχήν.
712 1315 845 1386 Καὶ,
904 1315 981 1380 εἷς
1033 1317 1125 1371 τὸν
1184 1316 1376 1371 ἑαυτοῦ
1425 1320 1662 1371 κοιτῶνα
1733 1314 1826 1370 τὸν

177 1406 398 1481 χάρτην
426 1404 480 1459 ἐν
511 1405 558 1477 ᾧ
588 1406 624 1474 ἡ
655 1403 921 1475 ἐπιστολὴ
966 1402 1308 1475 καταλιπὼν,
1364 1402 1545 1460 λαθὼν
1593 1405 1831 1467 ἅπαντας

169 1493 460 1569 ἐξέρχεται
488 1497 587 1548 τοῦ
612 1490 907 1550 παλατίου.
962 1491 1121 1549 Ἀλλ’
1179 1492 1277 1549 οὐκ
1331 1491 1580 1564 ἠδυνήθη
1641 1491 1827 1557 λαθεῖν

171 1583 258 1645 εἷς
288 1582 470 1645 τέλος.
510 1584 663 1656 ’Ἅμα
717 1584 819 1658 γὰρ
877 1582 1027 1659 πρωΐ
1079 1587 1241 1639 τοῦτο
1297 1583 1557 1648 ἀκουσθὶν
1583 1582 1822 1658 τάραχον

169 1672 342 1737 εὐθὺς
372 1674 461 1727 καὶ
522 1670 761 1748 ὑδυρμὸν
790 1677 871 1745 τῷ
930 1672 1048 1746 λαῷ
1130 1671 1432 1744 ἐνεποίησε·
1490 1672 1579 1727 καὶ
1635 1674 1827 1735 πάντες

168 1762 339 1819 τάχει
398 1762 599 1835 πολλῷ
657 1762 735 1825 εἰς
796 1764 1021 1834 ζήτησιν
1072 1761 1234 1818 αὐτοῦ
1292 1768 1405 1837 (10)
1488 1760 1824 1837 ἐξέρχονται,

169 1847 621 1926 προκαταλαϐεῖν
681 1851 826 1923 αὐτῷ
878 1853 978 1919 τήν
1040 1853 1218 1927 φυγὴν
1267 1850 1327 1907 ἐκ
1376 1852 1576 1914 παντὸς
1619 1852 1827 1926 τρόπου

172 1941 587 2013 διανοούμενον
623 1942 742 2006 ὅθεν
777 1940 902 1996 οὐδὲ
933 1940 1009 2003 εἷς
1070 1941 1244 2014 μάτην
1302 1941 1486 2003 αὐτοῖς
1544 1940 1825 2016 ἐχώρησεν

166 2034 211 2102 ἡ
278 2028 512 2101 σπουδή.
599 2031 689 2093 Ὠς
754 2031 858 2106 γάρ
912 2030 1083 2092 πάσας
1137 2025 1655 2105 προκατελάμϐανον
1728 2032 1822 2093 τὰς

161 2118 363 2188 ὁδοὺς,
397 2121 499 2195 ’ὀρη
534 2117 591 2175 δὲ
621 2121 793 2175 πάντα
831 2117 1222 2193 περιεκύκλουν
1278 2119 1367 2174 καὶ
1425 2114 1665 2195 ἀτριϐεῖς
1727 2140 1819 2174 τε-

164 2212 448 2288 ριήχοντο
479 2212 779 2285 φάραγγας,
847 2208 899 2264 ἐν
953 2208 1243 2285 χειμάρῥῳ
1298 2209 1404 2262 τινὶ
1450 2207 1640 2263 τοῦτον
1673 2208 1818 2283 εὑρί-

158 2320 386 2368 σκουσι,
413 2304 603 2374 χεῖρας
639 2298 714 2361 εἷς
775 2298 1005 2374 οὐρανὸν
1050 2296 1403 2371 ἐκτεταμέναις
1457 2295 1678 2373 ἔχοντα,
1724 2298 1813 2353 καὶ

154 2390 270 2457 τήν
304 2387 474 2463 εὐχὴν
505 2393 604 2457 τῆς
632 2386 794 2458 ἕκτης
826 2385 1177 2442 ἐπιτελοῦντα
1200 2388 1345 2463 ὥρας
1375 2391 1511 2459 (11).

238 2732 464 2796 Ἰδόντες
498 2731 555 2788 δε
586 2734 747 2789 αὐτὸν
854 2731 1258 2808 περιεχύθησαν
1374 2728 1595 2805 δάκρυσι
1682 2728 1807 2785 δυσ-

152 2828 440 2884 ωποῦντες
463 2823 554 2878 καὶ
580 2824 680 2890 τὴν
713 2819 1030 2894 ἀποδημίαν
1063 2818 1440 2889 ὀνειδίζοντες.
1488 2820 1551 2876 Ὀ
1583 2816 1661 2874 δὲ’
1720 2819 1806 2887 Τί,

148 2915 320 2984 φησί,
356 2911 528 2986 μάτην
559 2917 784 2966 κοπιᾶτε
817 2932 830 2980 ;
859 2909 1055 2984 μηκέτι
1116 2910 1217 2986 γὰρ
1251 2908 1345 2982 ἐμὲ
1381 2906 1607 2985 βασιλέα
1662 2907 1807 2984 ἔχειν

151 3002 435 3072 ἐλπίζετε.
468 3003 622 3059 ιιθ
649 3005 726 3075 Τῇ
757 2999 947 3073 πολλῇ
1007 2997 1065 3055 δι
1102 3000 1276 3055 αὐτῶν
1330 2995 1591 3060 ὑπενδοὺς
1622 2997 1811 3054 ἐνστά-

152 3115 263 3161 σει,
331 3092 654 3169 ὑποστρέφει
706 3088 859 3154 αὖθις
903 3089 982 3152 εἷς
1038 3088 1101 3144 τὸ
1158 3087 1444 3146 παλάτιον.
1503 3088 1627 3157 Καὶ,
1683 3109 1810 3142 συν-

151 3182 373 3258 αγαγὼν
408 3181 663 3247 ἅπαντας,
693 3180 793 3249 τὴν
822 3179 1014 3234 ἑαυτοῦ
1064 3174 1363 3253 ἐφανέρωσε
1412 3175 1643 3250 βουλήν.
1676 3178 1807 3233 Εἶτα

1944 606 2063 656 tem
2082 601 2508 656 offendiculum
2523 601 2679 656 istud
2693 618 2760 656 ac
2774 602 3121 657 scandalum
3135 605 3319 659 animi
3335 613 3591 679 est,quid

1944 690 2089 745 mihi
2114 690 2263 744 illud
2286 688 2593 759 objicis,ac
2616 692 2785 745 mein
2806 691 3075 746 fraudem
3098 694 3381 750 inducere
3396 700 3592 769 cupis?

1944 780 2456 849 Ut,inquam,eum
2469 780 2562 833 his
2575 780 2767 835 verbis
2783 785 3050 835 utentem
3067 789 3124 836 et
3153 793 3591 843 asseverantem

1940 868 2246 935 vidit,cum
2275 885 2341 923 eo
2361 868 2601 938 quidem
2617 869 2872 941 colloqui
2897 869 3277 943 destititzipse
3292 881 3487 931 autem
3508 878 3595 931 in-

1942 964 2233 1029 tempesta
2246 964 2418 1013 nocte
2432 958 2745 1029 epistolam
2764 960 2985 1031 ingenti
3003 962 3293 1031 sapientia
3322 965 3587 1035 plenam,

1939 1052 2118 1118 atque
2132 1047 2206 1102 ad
2220 1064 2396 1102 omne
2417 1048 2656 1119 pietatis
2673 1064 2858 1119 genus
2877 1049 3383 1119 impellentem,ad
3398 1072 3587 1126 popu-

1940 1137 2094 1193 lares
2117 1152 2257 1192 suos
2279 1143 2500 1204 exarat,
2534 1153 2750 1209 nempe
2773 1154 2951 1208 quam
2984 1139 3053 1193 de
3080 1141 3197 1195 Deo
3231 1145 3589 1199 sententiam

1938 1231 2349 1296 tenere,quam
2381 1226 2495 1297 ipsi
2525 1226 2879 1297 vitam,quas
2902 1228 3128 1297 laudes,
3161 1248 3306 1301 quas
3331 1231 3586 1304 denique

1936 1315 2263 1388 gratiarum
2290 1315 2555 1370 actiones
2590 1316 2802 1371 offerre
2834 1317 3137 1384 deberent,
3168 1321 3583 1391 prmscribens.

1938 1407 2020 1460 Ac
2038 1410 2261 1476 postea,
2295 1420 2370 1459 ne
2393 1422 2753 1475 quemquam
2786 1406 2969 1461 alium
2996 1413 3211 1477 praeter
3242 1412 3585 1466 Barachiam

1938 1493 2011 1548 ad
2033 1493 2257 1566 regiam
2289 1493 2636 1565 dignitatem
2668 1494 3439 1566 admitterentprohibebat.
3466 1502 3582 1555 Hac

1939 1582 2190 1655 epistola
2211 1583 2273 1638 in
2303 1582 2575 1638 cubiculo
2600 1600 2705 1637 suo
2726 1582 3353 1649 relicta,inscientibus
3386 1590 3579 1642 omni-

1936 1671 2047 1727 bus
2078 1672 2395 1744 egreditur.
2421 1673 2535 1727 Nec
2568 1676 2764 1727 tamen
2810 1672 3043 1727 efficere
3084 1674 3276 1744 potuit
3303 1681 3367 1728 ut
3394 1676 3579 1746 ipsius

1937 1759 2234 1816 discessus
2247 1760 2321 1815 ad
2343 1766 2672 1816 extremum
2686 1777 2876 1831 usque
2900 1762 3235 1833 incognitus
3251 1770 3423 1821 esset.
3435 1768 3577 1820 Nam

1936 1849 2117 1904 simul
2155 1855 2332 1921 atque
2364 1849 2656 1914 illuxit,ea
2672 1866 2766 1904 res
2798 1851 3000 1905 audita
3019 1852 3495 1922 pertubationem
3510 1872 3577 1909 ac

1934 1939 2159 1995 luctum
2190 1940 2348 2011 plebi
2370 1941 2919 2012 attulit,omnesque
2937 1958 3168 1997 summa
3189 1944 3490 2001 celeritate
3504 1946 3577 2001 ad

1935 2045 2071 2085 eum
2094 2030 2567 2102 investigandum
2582 2032 3393 2105 perrexerunt,ipsiusfugam
3414 2036 3575 2090 omni

1931 2120 2159 2174 ratione
2181 2135 2472 2190 occupare
2486 2119 2609 2191 cogi
2619 2122 2963 2185 tantes.Quo
2978 2122 3155 2175 etiam
3169 2122 3390 2177 factum
3413 2130 3579 2179 estut

1931 2208 2195 2263 studium
2226 2208 2415 2279 ipsius
2437 2208 2656 2262 frustra
2674 2209 2922 2264 minime
2941 2210 3205 2265 cesserit.
3258 2214 3400 2266 Nam
3441 2230 3575 2267 cum

1926 2298 2144 2352 itinera
2167 2297 2370 2352 omnia
2401 2304 2887 2368 occupassent,ac
2917 2304 3150 2354 montes
3182 2316 3390 2355 omnes
3411 2302 3576 2358 obse-

1926 2387 2172 2451 dissent,
2196 2387 2503 2457 inviasque
2524 2386 2706 2442 valles
2764 2395 3195 2459 peragrassent,
3230 2390 3290 2443 in
3315 2395 3575 2447 torrente

1924 2476 2181 2547 quodam
2196 2476 2390 2548 ipsum
2407 2492 2620 2531 manus
2634 2476 2697 2531 in
2710 2476 2923 2532 ccelum
2938 2477 3280 2533 tendentem
3291 2496 3378 2547 ,ac
3392 2487 3570 2536 sexta:

1922 2566 2082 2620 hora
2104 2566 2508 2637 precationem
2530 2566 2966 2636 persolventem
2990 2567 3365 2625 invenerunt.

1991 2744 2317 2813 Conspecto
2346 2747 2543 2797 autem
2567 2757 2657 2807 eo,
2682 2741 3025 2797 circumfusi
3053 2743 3276 2806 statim,
3310 2760 3443 2798 cum
3469 2744 3565 2799 la-

1921 2831 2138 2903 crymis
2171 2846 2307 2884 eum
2338 2828 2751 2898 obsecrabant,
2792 2845 2859 2884 ac
2882 2829 3212 2885 discessum
3252 2831 3365 2901 ipsi
3400 2833 3567 2904 obje-

1919 2919 2177 2977 ctabant.
2210 2921 2283 2973 At
2314 2918 2612 2987 ille,Quid,
2637 2918 2850 2988 inquit,
2877 2918 3117 2973 inanem
3149 2919 3416 2975 laborem
3436 2939 3564 2976 sus-

1919 3009 2118 3081 cipitis
2136 3008 2164 3063 ?
2184 3010 2299 3062 Nec
2326 3007 2485 3061 enim
2517 3011 2607 3061 est
2628 3006 2784 3077 quod
2807 3023 2907 3061 vos
2930 3023 3023 3061 me
3054 3024 3252 3080 regem
3282 3008 3441 3064 ultra
3461 3010 3568 3065 ha-

1915 3098 2147 3154 bituros
2177 3112 2306 3152 esse
2340 3095 2809 3167 speretis.Nihilo
2823 3096 3230 3151 seciustamen
3252 3099 3564 3153 eorumin-

1916 3187 2077 3261 genti
2108 3184 2509 3242 contentionis
2539 3183 2779 3251 cedens,
2813 3184 2885 3239 ad
2906 3185 3195 3256 palatium
3226 3188 3561 3243 revertitur.

150 3274 250 3327 καὶ
282 3270 472 3344 ὅρκοις
500 3265 732 3342 ἰμπεδοῖ
782 3268 874 3323 τὸν
926 3266 1114 3343 λόγον,
1172 3268 1245 3329 ὡς
1300 3264 1557 3340 οὐδεμίαν
1618 3268 1807 3331 αὐτοῖς

1926 3277 2254 3346 coactisque
2277 3275 2338 3329 in
2367 3290 2553 3328 unum
2584 3273 3031 3344 omnibus,quid
3058 3275 3120 3329 in
3150 3276 3350 3331 animo
3382 3277 3561 3332 habe-

147 3364 260 3416 τοῦ
289 3357 493 3413 λοιποῦ
532 3358 771 3413 συνέσται
830 3356 1063 3432 ἡμέραν.
1119 3358 1257 3430 Ἐγὼ
1309 3358 1436 3431 γὰρ,
1488 3356 1646 3431 φησὶ,
1698 3358 1801 3425 τὴν

148 3450 295 3524 ⁴πρὸς
332 3449 472 3521 ὑμᾶς
523 3444 794 3502 διακονίαν
858 3468 961 3520 μου
1028 3444 1459 3524 ἐπληροφόρησα
1504 3446 1595 3501 καὶ
1645 3444 1798 3501 οὐδὲν

147 3539 428 3608 ἐνέλιπον,
461 3535 589 3594 οὐδὲ
615 3542 726 3611 (12)
758 3534 1162 3610 ὑπεστειλάμην
1221 3540 1327 3590 τῶν
1390 3537 1799 3615 συμφερόντων,

142 3634 250 3685 τοῦ
312 3630 390 3703 μὴ
450 3627 770 3703 ἀναγγεῖλαι
832 3628 960 3701 ὑμῖν
1015 3627 1103 3681 καὶ
1162 3623 1395 3699 διδάξαι,
1430 3624 1801 3702 διαμαρτυρό-

151 3742 325 3796 μενος
354 3724 479 3775 πᾶσι
508 3719 610 3788 τὴν
638 3718 714 3781 εἷς
744 3720 837 3774 τὸν
873 3719 1067 3793 Κύριον
1099 3720 1261 3790 ἡμῶν
1302 3719 1514 3789 Ἰησοῦν
1566 3720 1798 3795 Χριστὸν

149 3810 364 3879 πίστιν,
411 3810 498 3863 καὶ
562 3807 842 3880 μετανοίας
925 3804 1085 3869 ὁδοὺς
1138 3803 1525 3862 ὑποδεικνύων.
1561 3806 1657 3862 Καὶ
1715 3811 1803 3863 νῦν

150 3897 282 3954 ἰδοὺ
320 3896 426 3971 ἐγὼ
466 3895 771 3973 πορεύομαι
819 3898 921 3966 τήν
980 3893 1103 3951 ὁδὸν
1136 3893 1204 3965 ἤν
1259 3892 1492 3950 ἔκπαλαι
1550 3896 1797 3952 ἐπόθουνο

149 3989 249 4045 καὶ
283 3987 385 4042 οὐκ
413 3986 492 4041 ἔτι
518 3985 709 4060 ὄψεσθε
735 3986 798 4041 τὸ
845 3985 1135 4057 πρόσωπόν
1196 4007 1301 4059 μου
1378 3985 1533 4058 ὑμεῖς
1588 3988 1799 4050 πάντες.

151 4078 256 4134 Διὸ
289 4076 637 4152 μαρτύρομαι
692 4075 818 4147 ὑμῖν
848 4078 918 4149 τῇ
975 4075 1214 4147 σήμερον
1273 4076 1475 4148 ἡμέρᾳ,
1524 4074 1660 4130 κατὰ
1708 4076 1801 4131 τὸν

153 4170 309 4222 Θεῖον
354 4162 696 4221 Ἀπόστολον
746 4166 882 4237 (13),
940 4164 1023 4219 ὅτι
1079 4164 1318 4237 καθαρὸς
1378 4162 1489 4239 ἐγώ
1534 4163 1647 4237 εἰμι
1696 4164 1803 4219 ἀπὸ

144 4261 252 4313 τοῦ
284 4256 520 4329 αἳματος
577 4255 794 4309 πάντων
855 4253 1030 4326 ὑμῶν.
1082 4251 1159 4310 Οὐ
1216 4253 1321 4328 γὰρ
1396 4252 1801 4327 ὑπεστειλάμην

142 4349 252 4404 τοῦ
288 4347 367 4420 μή
398 4343 717 4421 ἀναγγεῖλαι
750 4343 877 4417 ὑμῖν
910 4347 1080 4398 πᾶσαν
1111 4344 1211 4414 τὴν
1239 4341 1446 4418 βουλὴν
1499 4346 1597 4399 τοῦ
1645 4348 1801 4401 Θεοῦ.

1910 3371 2003 3422 ret
2023 3364 2361 3429 declaravit,
2392 3379 2459 3417 ac
2490 3367 2693 3433 postea
2724 3361 3075 3433 interposito
3112 3364 3289 3418 etiam
3327 3365 3559 3436 jureju-

1907 3454 2096 3511 rando
2127 3468 2464 3508 sermonem
2487 3451 3101 3523 conﬁrmavit,nempe
3126 3468 3187 3507 se
3220 3454 3466 3524 posthac
3482 3473 3555 3512 ne

1908 3560 2095 3601 unum
2126 3540 2367 3614 quidem
2400 3539 2558 3595 diem
2581 3556 2715 3595 cum
2746 3540 2889 3611 ipsis
2924 3540 3082 3595 fore:
3118 3543 3232 3614 Ego
3256 3544 3441 3611 enim,
3461 3545 3551 3599 in-

1909 3634 2204 3705 quit,meo
2227 3646 2366 3703 erga
2394 3646 2495 3684 vos
2516 3629 2847 3684 ministerio
2882 3630 3229 3700 perfunctus
3269 3649 3419 3699 sum,
3445 3650 3555 3688 nec

1910 3722 2234 3795 quidquam
2265 3720 2672 3792 praetermissi,
2704 3736 2813 3774 nec
2845 3718 3190 3791 subterfugi,
3238 3724 3559 3792 quominus

1909 3811 2331 3869 annuntiarem
2362 3809 2891 3881 vobis(Act.xx},ac
2921 3808 3199 3864 docerem
3232 3812 3558 3868 testificans

1909 3900 2186 3956 omnibus
2210 3899 2271 3953 in
2298 3900 2613 3953 Dominum
2638 3903 2909 3953 nostrum
2935 3900 3135 3954 Jesum
3157 3899 3457 3956 Christum
3490 3902 3562 3956 fi-

1910 3991 2068 4057 dem,
2101 4008 2168 4045 ac
2192 3989 2557 4061 paenitentiae
2575 3989 2727 4043 viam
2776 3989 3119 4043 ostendens.
3156 3991 3236 4043 Ac
3256 4007 3418 4045 nunc
3453 4008 3559 4061 ego

1909 4080 2063 4136 viam
2095 4080 2249 4134 hanc
2274 4079 2622 4148 ineo,quam
2645 4078 2773 4148 jam
2794 4077 3024 4147 pridem
3049 4078 3421 4146 expetebam,
3452 4095 3560 4133 nec

1907 4169 2065 4226 ultra
2077 4169 2290 4225 faciem
2316 4183 2509 4224 meam
2533 4166 2849 4238 quisquam
2867 4170 3125 4219 vestrum
3147 4164 3385 4220 videbit.
3412 4167 3560 4230 Qua-

1909 4262 2243 4331 propter,ut
2257 4256 2441 4311 divini
2462 4253 2727 4325 Apostoli
2748 4252 2939 4307 verbis
2965 4258 3428 4319 utar,contestor
3458 4272 3559 4310 vos

1910 4347 2201 4403 hodierno
2222 4343 2504 4415 die,quod
2519 4342 2779 4397 mundus
2801 4358 2905 4413 ego
2924 4358 3056 4396 sum
3078 4357 3112 4396 a
3134 4343 3418 4414 sanguine
3431 4360 3556 4398 om-

1911 4438 2080 4493 nium
2108 4440 2386 4491 vestrum.
2414 4434 2539 4487 Non
2562 4431 2722 4486 enim
2743 4430 3091 4503 subterfugi,
3116 4432 3433 4501 quominus
3449 4449 3559 4489 an-

1913 4524 2254 4580 nuntiarem
2274 4519 2440 4575 vobis
2462 4518 2778 4574 consilium
2806 4518 2929 4573 Dei.

223 4618 411 4671 Ταῦτα
484 4611 824 4679 ἀκούσαντες,
880 4610 971 4666 καὶ
1053 4611 1117 4667 τὸ
1197 4616 1299 4680 τῆς
1354 4611 1585 4685 γνώμης
1641 4610 1805 4665 αὐτοῦ

1983 4614 2118 4668 Ηωο
2138 4611 2226 4666 illi
2249 4609 2654 4679 audientes,ac
2673 4609 2982 4663 sententiae
2996 4608 3184 4680 ipsius
3215 4610 3557 4665 firmitatem

152 4703 383 4780 στεῤῥὸν
414 4701 763 4773 ἐπιστάμενοι
801 4699 877 4761 ὡς
933 4696 1087 4755 οὐδὲν
1138 4706 1239 4769 τῆς
1279 4700 1586 4773 προθέσεως
1615 4697 1804 4753 κωλύ-

1926 4701 2274 4772 exploratam
2293 4698 2602 4766 habentes,
2643 4713 2857 4769 nempe
2879 4697 3037 4768 quod
3056 4714 3191 4753 eum
3221 4715 3255 4754 a
3284 4703 3559 4770 suscepto

145 4816 244 4851 σαι
274 4790 522 4857 δύναται,
556 4787 830 4862 ὠδύροντο
865 4789 957 4862 μὶν
1004 4791 1104 4859 τήν
1161 4787 1437 4866 ὀρφανίαν,
1497 4789 1599 4843 οὑκ
1650 4790 1803 4863 εἶχον

160 4882 222 4940 δὶ
265 4880 415 4942 ὅλως
467 4878 626 4934 αὐτὸν
682 4876 1028 4951 πειθόμενον.
1087 4876 1226 4935 Τότε
1282 4878 1311 4932 ὁ
1394 4874 1647 4953 βασιλεὺς
1708 4878 1799 4932 τὸν

1912 4789 2161 4846 consilio
2176 4803 2447 4844 revocare
2461 4787 2708 4842 minime
2720 4787 3303 4858 possent,orbitatem
3317 4788 3559 4859 quidem

1913 4894 2081 4934 suam
2104 4876 2515 4949 deplorabant,
2565 4892 2675 4931 nec
2709 4881 2908 4931 tamen
2938 4875 3061 4930 ullo
3097 4876 3272 4931 modo
3302 4892 3437 4931 eum
3485 4877 3558 4932 de

226 5010 317 5101 (92
342 5010 408 5101 θ,
442 5002 740 5101 planitiae.
772 5005 834 5071 C,
864 5003 1166 5101 «ﬂectens.
1197 5003 1458 5092 Correxi‘,
1483 5003 1814 5101 2e'adem‘usl

1926 5002 2377 5101 )ermu‘tat‘ione:1
2411 4999 2665 5101 Bpsilius
2710 5002 2850 5101 map.
2891 5002 3070 5055 Praec.
3118 5017 3168 5084 (Ξ.
3230 5003 3344 5055 42τ
3405 4996 3558 5091 Et}!

142 5062 244 5135 xui
277 5062 411 5133 Θεὸν
446 5062 499 5131 ἐν
534 5075 608 5129 πά

146 5154 413 5227 κρυπτῶς
448 5150 593 5227 ἁμαρ

711 5068 1288 5147 σουπράξειέπόπτην
1360 5068 1453 5128 καῖ
1482 5073 1787 5144 ἐξεταστὴν,
1849 5068 2030 5145 ὥσπερ
2108 5072 2274 5140 ἐστὶν,
2347 5068 2663 5146 ἀναλογίσῃ,
2751 5068 2873 5124 οὔτε
2951 5074 3195 5145 φανερῶς
3248 5090 3402 5142 ποτε,
3436 5070 3559 5127 οὕτε

671 5166 786 5229 me:
816 5147 1528 5229 ἱνᾳιοηᾴμαρτ-ήισειςκιῃιοά
1560 5154 1723 5202 tenet
1750 5147 1936 5229 codex
1957 5150 2183 5228 2991A.

228 5224 349 5295 (10)
378 5226 426 5277 Α
453 5214 582 5295 sine
613 5214 793 5273 αὐτοῦ.
829 5214 1157 5295 Restituam
1186 5214 1456 5295 Choricio
1488 5236 1689 5295 vocem
1722 5219 1928 5295 utilem
1962 5218 2167 5295 magis.
2200 5216 2457 5295 quafuit
2480 5215 2755 5295 privatus
2800 5215 2955 5295 Orat.
2977 5214 3069 5295 ‘in
3129 5214 3353 5295 Summ.
3387 5220 3509 5295 §_15
3546 5234 3558 5271 :

147 5284 241 5351 οὗ
262 5284 653 5364 τοίίνυνξμόνον
670 5297 769 5358 τῆς
799 5293 905 5364 τῶν
924 5288 1195 5364 -πολὲμῳν
1214 5287 1510 5364 ἀπαλαγῆς
1534 5284 1734 5364 ἔχουσι
1761 5288 1919 5364 χάριν
1950 5290 2005 5343 αἱ
2055 5284 2269 5355 πόλεις,
2303 5284 2449 5342 ἀλλὰ
2471 5284 2567 5364 ’καὶ
2596 5290 2701 5364 τῷν
2738 5284 2789 5340 ἐν
2867 5284 3057 5357 εἰρήνῃ
3110 5284 3561 5364 τερπνῶνξΑριθ

147 5368 430 5441 praebent
456 5359 647 5419 ἔχουσί
680 5383 762 5416 σοι
788 5362 960 5418 codd.
994 5359 1139 5435 regii
1167 5379 1180 5429 ;
1214 5361 1373 5433 quod
1404 5359 1462 5417 et
1490 5359 1690 5418 forsan
1722 5359 2029 5418 invenerat
2058 5364 2351 5433 interpres
2382 5361 2483 5431 qui
2517 5359 2691 5414 vertit
2718 5374 2854 5414 cum
2886 5359 3261 5429 pronomine,
3286 5382 3313 5411 «
3345 5359 3563 5434 gratias

149 5438 261 5496 tibi
296 5438 537 5494 habent.
572 5460 602 5487 »

227 5511 345 5583 (11)
376 5510 721 5583 Orationem
738 5510 932 5583 sexta)
963 5505 1125 5583 horae
1146 5519 1438 5583 .eam_esse
1468 5510 1633 5583 puto,
1656 5522 1799 5583 qua)
1823 5505 1885 5560 in
1918 5504 2230 5583 Horologio
2259 5503 2465 5583 Magno
2491 5504 2659 5583 hisce
2692 5505 2979 5583 concepta
3008 5506 3098 5583 est
3120 5503 3309 5583 verbis
3341 5521 3353 5558 :
3419 5504 3479 5559 Ὁ
3509 5504 3562 5583 ἐν

150 5572 337 5636 παντῖ
351 5584 533 5653 καιρῷ
558 5577 647 5653 καὶ
678 5577 825 5648 πάσῃ
858 5574 1077 5653 ὥρᾳλέν
1111 5572 1323 5653 οὐρανῷ
1352 5572 1563 5653 καὶ-’ἐπὶ
1592 5572 1704 5651 γῆς’
1723 5572 2199 5649 προσκυνούμενος
2228 5573 2318 5628 καὶ
2351 5572 2711 5647 δοξαζόμενος
2772 5572 3007 5645 Χριστὸς
3062 5572 3089 5626 ὁ
3149 5573 3302 5645 Θεὸς,
3339 5596 3390 5631 κ.
3423 5595 3475 5631 τ.
3509 5574 3563 5631 λ.

154 5654 331 5711 Adde
362 5648 639 5708 Vansleb.
659 5652 866 5705 Πέδιον.
898 5648 1051 5703 eccls.
1084 5649 1250 5705 Alex.
1273 5664 1405 5721 pag.
1438 5650 1529 5704 67.

224 5727 344 5795 (12)
374 5728 515 5795 Act.
535 5728 725 5795 apost.
754 5736 849 5795 xx,
881 5722 971 5775 20.

226 5791 348 5873 (13)
375 5791 597 5855 Paulus
617 5794 683 5857 in
708 5791 875 5854 Actis
901 5794 1090 5866 apost.
1121 5807 1219 5865 xx,
1248 5792 1337 5847 25.
