4040 6204
192 359 340 416 ηας

1363 369 1532 422 ΥΙΤΔ
1572 364 1919 421 ΒΔΒΒΔΔΗ
1953 366 2050 420 8T
2080 367 2418 423 JOASAPH.

3469 369 3617 426 1206·

187 486 441 540 θάνατον.
504 485 602 540 Καὶ
655 491 820 542 ταῦτα
876 487 1232 564 λογιζόμενος
1287 490 1363 553 είς
1414 491 1506 546 τὸν
1533 497 1635 559 τῆς
1669 489 1830 562 ὓπερ-

1953 490 2237 548 vilitatem
2260 495 2726 568 cogita,vitaaque
2741 499 2920 570 hujus
2935 497 3280 552 brevitatem
3296 501 3471 568 atque
3492 501 3594 554 ad-

187 574 349 646 οψίας
373 573 434 627 οὐ
462 573 720 650 βληθήσῃ
750 575 945 650 βόθρον
967 575 1560 656 (20),ἀλλάφοϐηθήσῃ
1583 579 1672 632 τὸν
1691 579 1842 645 Θεὸν,

184 662 284 716 τὸν
335 663 595 732 ἀληθινὸν
629 667 717 718 καὶ
763 664 1078 736 ἐπουράνιον
1115 669 1359 742 βασιλέα,
1403 668 1492 723 καὶ
1533 666 1703 728 ὄντως
1741 689 1843 739 μα-

185 751 383 822 κάριος
442 752 558 827 ἔσῃ.
623 753 916 828 Μακάριοι,
994 757 1096 832 γάρ
1168 778 1299 834 φησι
1350 762 1486 830 (21),
1544 757 1738 817 πάντες
1792 756 1844 810 οἱ

182 836 528 915 φοϐούμενοι
557 843 648 897 τὸν
682 850 914 919 Κύριον,
967 847 1018 899 οἱ
1066 846 1427 921 πορευόμενοι
1463 847 1513 902 ἐν
1544 852 1663 910 ταῖς
1693 843 1844 907 ὁδοῖς

185 932 383 985 αὐτοῦ·
415 932 529 985 καὶ·
591 935 876 1006 Μακάριος
932 939 1038 1007 (22)
1096 935 1234 1010 ἀνὴρ
1292 937 1320 990 6
1371 933 1717 1012 φοϐούμενος
1748 935 1839 990 τὸν

181 1019 414 1092 Κύριον·
476 1021 528 1077 ἐν
585 1029 705 1085 ταῖς
765 1023 1018 1088 ἐντολαῖς
1092 1025 1256 1080 αὐτοῦ
1320 1025 1538 1096 Θελήσει
1611 1024 1838 1103 σφόδρα.

187 1110 362 1173 Ποίας
413 1108 471 1164 δὲ
545 1113 652 1186 πρὸ
730 1113 948 1169 πάντων
1035 1113 1274 1187 ὀφείλεις
1333 1121 1519 1187 τηρεῖν
1574 1113 1838 1182 ἐντολάςς

185 1204 348 1260 ³³³
373 1203 647 1276 Μακάριοι
680 1207 795 1275 (23)
826 1206 878 1258 οἱ
909 1204 1224 1277 ἐλεήμονες,
1280 1205 1363 1260 ὅτι
1422 1205 1575 1261 αὐτοὶ
1601 1204 1841 1274 ἐλεηθή-

173 1311 390 1345 σονται·
445 1292 557 1346 καὶ·
618 1293 832 1356 Γίνεσθε
890 1298 997 1365 (24)
1056 1293 1416 1366 οἰκτίρμονες,
1472 1295 1547 1356 ὡς
1590 1295 1618 1349 6
1651 1295 1837 1367 Πατὴρ

176 1381 339 1452 ὑμῶν
399 1381 429 1434 6
486 1381 742 1454 ούρανιος
802 1382 1104 1457 οἰκτίρμων
1160 1381 1294 1440 ἐστί.
1351 1383 1563 1452 Ταύτην
1603 1384 1704 1458 γάρ
1734 1385 1834 1452 τήν

170 1468 410 1536 ἐντολήν
442 1470 549 1543 πρὸ
580 1470 794 1525 πάντων
824 1472 1176 1527 ἀπαιτοῦνται
1225 1473 1277 1526 οἱ
1326 1471 1377 1526 ἐν
1436 1473 1656 1547 μεγίστῃ
1685 1469 1838 1538 ὄντες

177 1558 360 1632 ἀρχῇ.
395 1560 496 1615 Καὶ
529 1559 753 1630 ἀληθῶς
784 1561 811 1615 6
842 1560 1092 1634 μεγάλης
1142 1560 1384 1631 ἐξουσίας
1433 1557 1834 1633 ἐπιλαϐόμενος

174 1649 279 1703 τὸν
339 1645 545 1723 δοτῆρα
599 1657 699 1719 τῆς
758 1649 1004 1720 ἐξουσίας
1085 1650 1294 1727 ὀφείλει
1357 1657 1639 1723 μιμεῖσθαι
1698 1652 1834 1706 κατὰ

171 1735 436 1810 δύναμιν·
471 1739 523 1793 ἐν
554 1739 734 1812 τούτῳ
783 1738 842 1793 δὲ
902 1738 1142 1812 μάλιστα
1189 1742 1280 1794 τὸν
1339 1741 1468 1795 Θεὸν
1508 1742 1826 1813 μιμήσεται,

1948 581 2221 651 junctam
2245 587 2407 638 carni
2427 593 2675 641 mortem
2701 589 3051 659 cogitalenc
3076 587 3234 639 enim
3251 587 3296 639 si
3318 587 3595 640 conside-

1955 688 2070 736 res,
2090 673 2150 727 in
2176 675 2512 744 superbiam
2537 677 2993 748 haudquaquam
3019 676 3263 738 incides,
3291 676 3392 728 sed
3419 678 3600 730 Deum

1952 777 2155 816 verum
2178 778 2245 817 ac
2271 763 2569 819 caelestem
2592 768 2806 838 Regem
2826 772 3073 829 metues,
3093 765 3294 834 sicque
3318 765 3600 833 praeclare

1952 865 2021 904 ac
2050 849 2306 906 feliciter
2338 858 2530 908 tecum
2562 862 2784 923 agetur.
2821 855 2978 909 Beati
3012 853 3192 917 enim,
3228 854 3424 922 inquit
3471 853 3592 920 ille,

1951 956 2160 994 omnes
2191 942 2291 1011 qui
2327 941 2540 998 timent
2571 945 2908 1007 Dominum,
2933 943 3032 1014 qui
3065 943 3375 996 ambulant
3397 943 3455 995 in
3491 943 3598 996 viis

1951 1029 2080 1099 ejus
2103 1031 2272 1098 (Psal.
2297 1037 2548 1098 cxxvm).
2574 1035 2655 1088 Ac
2677 1049 2914 1087 rursum
2935 1049 2947 1086 :
2967 1034 3180 1087 Beatus
3203 1032 3288 1084 vir
3305 1031 3404 1101 qui
3432 1032 3600 1085 timet

1949 1118 2288 1185 Dominum,
2313 1119 2374 1174 in
2406 1121 2703 1175 mandatis
2734 1122 2863 1192 ejus
2886 1120 3042 1175 volet
3065 1121 3244 1174 nimis
3266 1120 3433 1189 (Psal.
3461 1123 3592 1184 cxi).

1947 1207 2230 1272 Quamam
2252 1215 2448 1263 autem
2474 1227 2593 1279 prae
2615 1210 2845 1265 caeteris
2868 1215 3163 1280 praecepta
3191 1208 3294 1262 tibi
3315 1208 3602 1262 servanda

1947 1295 2089 1361 sint,
2111 1297 2250 1350 audi
2278 1314 2290 1350 :
2317 1298 2475 1352 Beati
2508 1299 2948 1363 misericordes,
2973 1298 3254 1368 quoniam
3287 1297 3396 1367 ipsi
3418 1297 3600 1351 mise—

1945 1385 2265 1440 ricordiam
2289 1393 2732 1457 consequentur
2750 1391 2937 1456 (Lucae
2960 1389 3054 1455 v1).
3079 1391 3159 1440 Ac
3184 1403 3419 1440 rursum
3447 1403 3459 1438 :
3486 1388 3597 1440 Es-

1944 1479 2066 1528 tote
2087 1475 2526 1538 misericordes,
2553 1477 2704 1530 sicut
2728 1479 2975 1531 etPater
2993 1482 3185 1530 vester
3207 1475 3463 1529 cmlestis
3489 1476 3595 1528 mi-

1945 1565 2196 1620 sericors
2215 1571 2321 1620 est.
2340 1567 2459 1620 Hoc
2476 1568 2635 1621 enim
2660 1573 3019 1638 praeceptum
3039 1566 3110 1620 ab
3125 1567 3196 1619 iis
3214 1566 3592 1636 potissimum

1944 1655 2282 1724 exposcitur
2295 1655 2396 1725 qui
2418 1656 2478 1710 in
2500 1655 2996 1726 summoimperio
3012 1655 3314 1709 constituti
3341 1657 3590 1709 sunt.Ac

1941 1759 2083 1798 sane
2106 1744 2206 1813 qui
2231 1760 2506 1813 magnam
2533 1745 2859 1814 potentiam
2882 1749 3090 1798 nactus
3121 1749 3229 1810 est,
3259 1760 3393 1796 eum
3415 1760 3449 1796 a
3471 1761 3587 1813 quo

167 1826 232 1881 ἐν
259 1832 342 1898 τῷ
375 1825 543 1898 μηδὲν
595 1831 847 1902 ἡγεῖσθαι
894 1833 991 1883 τοῦ
1040 1829 1210 1884 ἐλεεῖν
1261 1829 1658 1904 προτιμότερον
1691 1835 1828 1901 (25).

1940 1831 2284 1903 hujusmodi
2309 1833 2631 1903 potentiam
2649 1834 2876 1903 accepit
2889 1850 2992 1903 pro
3006 1832 3228 1887 viribus
3247 1832 3464 1886 imitari
3487 1831 3592 1887 de-

165 1915 361 1972 Ἀλλά
387 1917 475 1971 καὶ
507 1918 571 1972 τὸ
606 1918 848 1987 ὑπήκοον
886 1915 1042 1972 οὗδὶν
1089 1917 1262 1979 οὕτως
1310 1917 1385 1979 είς
1423 1914 1629 1972 εὔνοιαν
1665 1917 1827 1994 ἐφέλ-

159 2027 348 2076 κεται,
395 2006 470 2068 ὡς
518 2005 768 2068 εὐποιῗας
813 2009 979 2082 χάρις
1032 2004 1293 2078 διδομξνη
1341 2012 1458 2069 τοῖς
1503 2007 1826 2082 χρῄζουσιν·

172 2097 349 2169 ἡγὰρ
391 2093 480 2149 διὰ
532 2091 706 2173 φόϐον
763 2095 1027 2170 γινομὲνη
1087 2096 1360 2170 Θεραπεία,
1419 2116 1830 2170 κατεσχηματι-

167 2183 353 2255 σμένη
433 2182 544 2238 ἐστὶ
622 2186 850 2253 θωπεία,
929 2183 1296 2258 πεπλασμένῳ
1363 2192 1532 2257 τιμῆς
1599 2185 1828 2258 ὅνόματι

163 2271 536 2348 φενακίζουσα
562 2272 690 2330 τοὺς
712 2273 852 2347 αὐτῇ
887 2272 1285 2348 προσέχοντας·
1331 2273 1420 2328 καὶ
1466 2275 1528 2328 τὸ
1562 2273 1830 2335 ἀκουσίως

164 2362 612 2436 ὑποτεταγμένον
667 2363 938 2430 στασιάζει
1010 2366 1204 2436 καιροῦ
1261 2356 1591 2433 λαϐόμενον·
1647 2363 1711 2416 τὸ
1770 2360 1828 2418 δὲ

157 2454 290 2510 τοῖς
351 2446 576 2521 δεσμοῖς
625 2456 726 2518 τῆς
783 2449 993 2512 εὐνοίας
1051 2449 1419 2522 κρατούμενον
1458 2446 1675 2524 βεϐαίαν
1707 2445 1826 2524 ἔχει

164 2540 312 2612 πρὸς
361 2539 424 2592 τὸ
469 2544 700 2612 κρατοῦν
749 2541 849 2608 τήν
899 2539 1200 2603 εὐπείθειαν
1249 2543 1380 2612 (26).
1430 2540 1523 2594 Διὸ
1573 2539 1828 2614 εὐπρόσι-

162 2649 266 2690 τος
297 2622 386 2682 ἔσο
433 2632 550 2689 τοῖς
610 2625 915 2699 δεομένοις,
973 2627 1063 2682 καὶ
1121 2625 1304 2702 ἄνοιγε
1335 2628 1401 2682 τὰ
1431 2631 1538 2700 (27)
1567 2627 1678 2682 ὦτα
1705 2634 1823 2691 τοῖς

160 2717 518 2790 πενομένοις,
549 2716 639 2772 ἳνα
671 2717 835 2793 εὕρῃς
881 2722 982 2786 τὴν
1030 2722 1126 2773 τοῦ
1176 2722 1309 2774 Θεοῦ
1339 2717 1508 2786 ἀκοὴν
1540 2718 1828 2792 ἀνεῳγμέ-

157 2825 294 2877 νην·
333 2809 440 2861 οἷοι
491 2807 596 2880 γὰρ
651 2813 770 2870 τοῖς
826 2809 1120 2882 ἡμετέροις
1176 2808 1442 2881 γινόμεθι
1471 2805 1822 2876 συνδούλοις,

157 2899 422 2951 τοιοῦτον
472 2897 600 2971 περὶ
658 2898 808 2968 ἡμᾶς
864 2896 1168 2970 εὑρήσομεν
1238 2897 1328 2951 τὸν
1390 2894 1682 2966 δεσπότην,
1735 2899 1825 2951 καὶ

161 2985 245 3047 ὡς
307 2984 579 3057 ἀκούομεν
639 2985 1090 3058 ἀκουσθησόμεθα
1145 2985 1219 3046 ὡς
1275 2985 1490 3059 ὁρῶμεν
1549 2986 1824 3060 ὁραθησό-

157 3076 304 3147 μεθα
362 3075 468 3128 ὑπὸ
524 3078 624 3130 τοῦ
705 3073 852 3138 θείου
927 3075 1020 3130 καὶ
1078 3074 1421 3148 παντεφόρου
1480 3073 1825 3150 βλέμματος.

160 3163 682 3238 Προεισενὲγκωμεν
743 3161 834 3218 οῦν
892 3168 990 3218 τοῦ
1041 3162 1196 3219 ἐλέοο
1249 3164 1342 3219 τὸν
1402 3157 1580 3232 ἔλεον,
1627 3164 1720 3220 ἳνα
1747 3169 1829 3237 τῷ

150 3253 348 3324 ὁμοίῳ
373 3251 438 3305 τὸ
469 3252 663 3325 ὅμοιον
695 3247 1101 3325 ἀντιλάϐωμεν.

1938 1919 2184 1975 bet.Hac
2206 1937 2380 1990 porro
2400 1921 2461 1975 in
2484 1938 2546 1976 re
2569 1923 2752 1978 Deum
2770 1921 3026 1976 maxime
3049 1921 3454 1985 imitabitur,si
3480 1921 3590 1974 mi-

1933 2009 2256 2064 sericordia
2272 2010 2421 2064 nihil
2440 2011 2634 2080 potius
2651 2011 2955 2080 antiquius
2973 2010 3337 2064 habeat.Huc
3354 2009 3586 2064 accedit

1932 2099 2092 2169 quod
2113 2099 2382 2154 subditos
2404 2101 2554 2154 nihil
2577 2118 2744 2170 mque
2771 2101 2846 2155 ad
2868 2100 3348 2155 benevolentiam
3372 2101 3580 2166 allicit,

1935 2193 2002 2242 ut
2031 2189 2304 2244 beneﬁcii
2337 2190 2527 2262 gratia
2557 2191 2866 2262 egentibus
2893 2207 3194 2245 concessa.
3232 2192 3377 2244 Nam
3407 2191 3587 2244 obse-

1931 2277 2139 2347 quium
2188 2278 2337 2333 illud
2368 2279 2525 2349 quod
2570 2296 2639 2332 ex
2679 2285 2842 2334 metu
2871 2281 3081 2345 oritur,
3110 2279 3462 2333 adumbrata
3497 2284 3590 2333 est

1931 2366 2330 2438 adulatio,per
2352 2368 2555 2422 ﬁctum
2578 2369 2822 2422 honoris
2840 2367 3188 2423 vocabulum
3209 2384 3308 2422 eos
3331 2369 3432 2437 qui
3455 2368 3586 2421 ani-

1930 2471 2095 2509 mum
2126 2456 2238 2526 ipsi
2285 2456 2596 2526 adjiciunt,
2632 2457 2952 2512 ludificans
2981 2473 3049 2511 ac
3096 2456 3583 2510 cirumscribens.

1928 2546 2120 2614 Atque
2152 2545 2202 2598 is
2229 2546 2329 2614 qui
2364 2546 2544 2600 invito
2577 2547 2775 2600 animo
2803 2552 2989 2616 paret,
3019 2545 3220 2600 oblata
3264 2545 3575 2600 occasione

1931 2633 2287 2688 seditionem
2313 2635 2554 2700 excitat;
2581 2635 2680 2704 qui
2706 2640 2904 2689 autem
2926 2634 3355 2688 benevolentia)
3377 2635 3582 2688 vincu-

1931 2721 2007 2775 lis
2030 2722 2389 2776 constrictus
2413 2723 2912 2789 tenetur,ﬁrmam
2936 2723 2988 2776 ei
3013 2722 3114 2791 qui
3136 2737 3336 2776 rerum
3360 2722 3586 2791 potitur

1933 2809 2337 2866 obedientiam
2360 2817 2622 2882 praestat.
2652 2813 2791 2876 Qum
2815 2827 2948 2866 cum
2973 2812 3056 2865 ita
3080 2813 3220 2878 sint,
3245 2810 3318 2864 da
3340 2826 3585 2880 operam

1931 2903 2000 2954 ut
2031 2899 2340 2971 egentibus
2371 2900 2564 2956 facilis
2605 2899 2678 2955 ad
2733 2905 2788 2954 te
2827 2915 3100 2955 accessus
3131 2900 3226 2965 sit,
3262 2900 3454 2968 iisque
3488 2899 3588 2969 qui

1933 2990 2138 3062 inopia
2161 2990 2603 3058 conflictantur,
2625 3007 2799 3046 aures
2823 2996 2938 3046 tua;
2964 2994 3226 3061 pateant,
3253 2994 3318 3044 ut
3349 2994 3410 3044 tu
3440 3006 3587 3059 quo-

1936 3096 2050 3151 que
2091 3085 2326 3151 apertas
2369 3081 2469 3135 Dei
2510 3095 2684 3135 aures
2724 3080 3011 3135 invenias.
3055 3081 3199 3134 Nam
3240 3079 3447 3149 quales
3473 3095 3583 3134 nos

1934 3170 2096 3240 ipsos
2118 3170 2418 3224 conservis
2440 3169 2894 3240 praebuerimus,
2915 3169 3094 3224 talem
3117 3168 3297 3223 etiam
3321 3183 3458 3239 erga
3478 3184 3589 3223 nos

1847 3241 1890 3307 Ο
1930 3257 2250 3314 Dominum
2268 3259 2707 3324 nanciscemur,
2728 3263 2787 3314 et
2802 3257 3302 3328 quemadmodum
3325 3255 3588 3312 audieri-

148 3357 319 3409 mus,
346 3342 678 3412 audiemur,
711 3348 769 3397 et
799 3343 1308 3414 quemadmodum
1341 3343 1684 3412 viderimus,
1719 3361 1754 3400 ει
1783 3345 1981 3402 divino
2013 3351 2074 3402 et
2101 3347 2372 3402 omnium
2401 3363 2602 3402 rerum
2629 3351 3020 3418 conspectore
3041 3346 3210 3402 oculo
3231 3345 3582 3401 videbimur.

149 3431 560 3498 Quamobrem
594 3437 729 3487 ante
756 3433 1230 3488 misericordiam
1259 3432 1731 3490 misericordiam
1761 3435 2157 3503 conferamus,
2183 3442 2251 3490 ut
2277 3436 2471 3492 simile
2497 3453 2604 3507 per
2633 3435 2828 3492 simile
2860 3436 3240 3506 recipiamus.

235 3517 421 3574 Ἀλλά
449 3519 540 3573 καὶ
588 3518 768 3592 ἒτὲραν
822 3517 984 3574 ἄκουε
1035 3518 1264 3588 ἐντολὴν
1297 3519 1523 3596 σύζυγον
1554 3527 1654 3590 τῆς
1687 3542 1826 3596 προ-

154 3608 350 3682 τέρας.
413 3607 631 3685 Ἀφετε,
674 3607 764 3662 καὶ
822 3607 1144 3683 ἀφεθήσεται
1209 3610 1360 3682 ὑμῖν·
1419 3609 1530 3680 καὶ,
1591 3609 1678 3664 ἐὰν
1715 3613 1827 3681 (28)

159 3695 271 3751 οὐκ
325 3697 480 3753 ³³1
535 3696 710 3772 ἀφῆτε
764 3701 882 3758 τοῖς
941 3697 1252 3772 ἀνθρώποις
1295 3698 1364 3752 τὰ
1411 3699 1829 3772 παραπτώματα

162 3786 375 3852 αὐτῶν,
423 3783 549 3841 οὐδὲ
581 3786 708 3858 ὑμῖν
759 3787 954 3864 ἀφήσει
1013 3789 1043 3841 6
1102 3790 1292 3864 Πατὴρ
1328 3789 1481 3861 ὑμῶν
1515 3789 1543 3843 6
1576 3787 1828 3864 οὐράνιος

157 3875 234 3930 τὰ
259 3876 681 3950 παραπτώματα
735 3877 910 3948 ὑμῶν.
972 3877 1065 3931 Διὸ
1122 3879 1198 3950 μὴ
1263 3879 1683 3952 μνησικακήσῃς
1706 3883 1826 3941 τοῖς

159 3963 482 4019 πταίουσιν·
534 3963 702 4030 ἀλλὰ,
758 3965 1085 4039 συγγνώμην
1136 3965 1458 4039 αἶτούμενος
1495 3968 1830 4041 ἀμαρτημά-

155 4076 305 4122 των,
339 4054 676 4129 συγγίνωσκε
723 4055 813 4110 καὶ
867 4055 1028 4120 αὐτὸς
1076 4061 1194 4120 τοῖς
1243 4057 1322 4120 εἷς
1371 4057 1429 4112 σε
1457 4055 1828 4130 πλημμελοῦ-

166 4165 283 4211 σιν,
321 4141 402 4198 ὅτι
443 4145 624 4221 ἀφέσει
673 4140 1004 4199 ἀντιδίδοται
1054 4141 1262 4220 ἄφεσις,
1306 4145 1396 4200 καὶ
1427 4149 1494 4219 τῇ
1533 4146 1672 4220 πρὸς
1697 4144 1826 4207 τοὺς

166 4231 527 4305 ὁμοδούλους
577 4235 737 4304 ἡμῶν
788 4233 1109 4307 καταλλαγῇ
1147 4241 1247 4304 τῆς
1291 4231 1615 4303 δεσποτικῆς
1654 4235 1828 4308 δργῆς

164 4324 383 4398 γίνεται
437 4320 734 4396 ἀπαλλαγή
794 4323 929 4394 (29).
1006 4324 1112 4378 Καὶ
1190 4320 1343 4387 αὖθις
1398 4324 1462 4378 τὸ
1519 4323 1830 4395 ἀσυμπαθὲς

155 4381 336 4486 ήμῶν
388 4410 524 4487 πρὸς
578 4411 706 4473 τοὺς
758 4412 1050 4474 πταίοντας
1097 4410 1446 4488 ἀσύγγνωστα
1493 4417 1645 4468 ποιεῖ
1688 4415 1824 4484 ἡμῖν
1859 4381 1904 4446 D

153 4501 230 4557 τὰ
295 4501 536 4576 ἡμέτερα
590 4500 924 4572 πταίσματα·
988 4500 1227 4576 καθάπερ
1278 4501 1491 4563 ἀκούεις
1541 4501 1591 4556 τί
1643 4501 1670 4554 ὁ
1717 4506 1825 4555 τῶν

160 4590 386 4666 μυρίων
435 4593 699 4654 πέπυνθεν
751 4589 1042 4665 ὀφειλέτης
1090 4591 1371 4647 ταλάντων
1418 4595 1552 4666 (30),
1591 4595 1658 4665 τῇ
1689 4593 1826 4665 πρὸς

160 4682 265 4736 τὸν
303 4677 601 4735 σύνδουλον
633 4675 984 4755 ἀσπλαγχνιᾳ
1028 4680 1203 4752 ἑαυτῷ
1248 4681 1348 4750 τήν
1395 4677 1669 4757 εἶ’σπραξιν
1699 4680 1824 4735 ἀνα-

234 4835 355 4906 (20)
387 4833 560 4906 βοηΐ.
582 4836 826 4906 Agapet.
861 4851 911 4889 c.
941 4837 1025 4890 14.

233 4905 352 4974 (2i)
387 4905 566 4960 David
598 4905 752 4960 Psal.
780 4923 984 4974 cum,
1020 4911 1071 4963 l’.

233 4980 349 5046 (22)
387 4977 539 5031 Psal.
574 4994 685 5044 cxx,
725 4982 772 5032 1.

236 5051 355 5120 (23)
389 5049 552 5102 Conf.
589 5065 645 5119 p.
680 5052 766 5114 89,
802 5066 862 5104 n.
896 5051 982 5102 81.

238 5121 357 5188 (24)
395 5122 528 5174 Luc.
565 5138 638 5188 v1,
672 5123 760 5173 36.

2008 3525 2161 3590 Quin
2186 3525 2365 3579 etiam
2387 3523 2550 3580 aliud
2579 3540 2816 3595 quoque
2844 3530 3208 3596 praeceptum
3235 3539 3368 3578 cum
3393 3541 3578 3594 supe—

1937 3614 2093 3668 riore
2115 3614 2227 3668 isto
2250 3615 2658 3684 conjunctum,
2681 3613 2915 3684 ipsique
2942 3619 3254 3685 cognatum
3276 3613 3414 3668 audi
3439 3629 3451 3666 :
3481 3613 3582 3668 Di-

1938 3702 2244 3769 mittite,et
2264 3700 2597 3756 dimittetur
2619 3700 2802 3758 vobis.
2829 3700 2999 3764 Quod
3022 3701 3069 3754 si
3093 3717 3213 3755 non
3233 3699 3586 3754 remiseritis

1937 3791 2284 3846 hominibus
2301 3790 2518 3845 delicta
2539 3790 2826 3860 ipsorum,
2851 3805 2962 3844 nec
2993 3791 3168 3844 Pater
3193 3794 3387 3844 vester
3411 3788 3588 3844 coale-

1939 3881 2046 3935 stis
2063 3884 2304 3951 peccata
2323 3883 2518 3934 vestra
2538 3877 2702 3932 vobis
2732 3877 3016 3933 remittet.
3042 3877 3124 3932 0b
3147 3877 3328 3947 idque
3350 3893 3424 3932 ne
3446 3878 3521 3931 iis
3555 3893 3590 3932 a

1937 3969 2153 4040 quibus
2166 3969 2432 4023 offensus
2443 3967 2626 4022 fueris
2638 3966 2721 4036 inj
2731 3966 2876 4020 uriae
2889 3982 3215 4021 memorem
3230 3972 3286 4020 te
3299 3965 3586 4036 praebeas;

1937 4075 2144 4114 verum
2167 4073 2302 4113 cum
2325 4057 2452 4128 ipse
2475 4061 2854 4127 peccatorum
2878 4061 3115 4110 tuorum
3137 4055 3368 4109 veniam
3391 4061 3590 4124 postu-

1937 4149 2045 4216 les,
2069 4147 2142 4202 iis
2170 4147 2348 4201 etiam
2373 4147 2474 4216 qui
2501 4147 2562 4200 in
2589 4149 2645 4199 te
2677 4150 2924 4215 peccant
2948 4144 3204 4214 ignosce.
3231 4143 3586 4197 Remissioni

1938 4237 2097 4292 enim
2111 4235 2382 4291 remissio
2397 4233 2832 4305 rependitur;et
2844 4231 2891 4285 si
2905 4247 3039 4286 cum
3055 4230 3273 4284 nostris
3287 4231 3586 4285 conservis

1937 4327 2000 4382 in
2025 4326 2273 4398 gratiam
2297 4321 2923 4382 redeamus.Dominus
2946 4335 3180 4390 quoque
3204 4335 3371 4373 suam
3389 4320 3452 4372 in
3477 4336 3587 4374 nos

1936 4413 2306 4472 iracundiam
2339 4410 2708 4481 comprimet.
2733 4411 2808 4464 At
2835 4412 3042 4464 contra
3076 4411 3280 4463 nostra
3307 4407 3589 4463 adversus

1937 4523 2036 4560 eos
2052 4504 2148 4575 qui
2167 4501 2392 4573 aliquid
2416 4501 2474 4554 in
2495 4517 2603 4555 nos
2621 4499 2995 4555 admiserunt
3016 4497 3238 4552 smvitia
3253 4498 3364 4553 hoc
3383 4497 3585 4566 efﬁcit,

1936 4598 2004 4650 ut
2031 4592 2289 4665 peccatis
2334 4589 2552 4645 nostris
2600 4588 2767 4644 nulla
2814 4588 2987 4644 venia
3035 4586 3330 4642 tribuatur
3361 4587 3588 4658 (Matth.

1937 4679 2636 4754 xvm).Quemadmodum
2660 4677 2829 4734 audis
2843 4677 3131 4750 quidnam
3149 4677 3237 4732 illi
3255 4678 3355 4749 qui
3381 4677 3589 4733 decem

235 5181 356 5263 (25)
391 5194 471 5244 Ex
505 5181 760 5262 Agapeto
783 5207 834 5244 c.
861 5193 947 5244 37.
984 5191 1148 5246 Conf.
1185 5196 1244 5246 et
1271 5191 1346 5246 ad
1377 5191 1735 5246 sententiam
1766 5208 1825 5262 p.

1940 5194 1982 5259 ),
2014 5207 2076 5245 n.
2109 5193 2198 5246 40.

235 5267 356 5334 (26)
388 5263 537 5317 Conf
590 5268 828 5333 Agapet.
863 5281 912 5317 c.
948 5265 1034 5318 33.

236 5329 358 5401 ('27:-
391 5335 601 5387 Addidi
631 5329 727 5390 τάξ
753 5341 989 5388 secutus
1024 5338 1200 5405 Λέξον.
1237 5351 1365 5404 cap.
1394 5337 1447 5398 8,
1482 5351 1657 5405 quem
1691 5339 1896 5388 noster
1926 5333 2213 5403 sequitur.
2242 5331 2470 5405 Videet
2502 5330 2632 5405 loca
2665 5329 2991 5405 Damkenio
3024 5330 3221 5405 citata.

242 5399 359 5473 (28)
397 5407 702 5476 Μίιιιιιηινι,
747 5410 804 5459 15
835 5423 847 5470 ;
883 5399 1162 5472 Marcfxn;
1195 5409 1281 5459 26.
1310 5399 1694 5476 -(‘ionf.-supra
1741 5424 1796 5476 p.

1989 5399 2186 5476 11.92.
2239 5403 2512 5476 Basilius,
2549 5404 2722 5476 Marc.
2762 5403 2938 5476 Prmc.
2974 5419 3022 5455 c.
3059 5406 3126 5456 50
3153 5399 3588 5476 :AKf-ZO’fE'xiO't‘qY

152 5469 350 5547 ἑαυτῷ
379 5474 662 5550 παρεγγύα
690 5477 788 5544 τήν
822 5478 1057 5547 ήμὲῑάν,
1091 5469 1166 5538 ὡς
1195 5476 1423 5549 ἀφήσεις
1474 5476 1564 5531 καὶ
1590 5469 1771 5538 ἀὐτὸς
1818 5475 2083 5552 ἀφεθῆναί
2131 5496 2216 5529 σοι
2258 5475 2386 5550 παρ’
2429 5473 2621 5528 ἑαυτοῦ
2650 5469 2858 5540 ἔλπιζε.
2899 5475 3020 5529 lmo
3051 5472 3178 5547 παρ’
3208 5470 3395 5541 αὐτοῦ,
3427 5474 3586 5544 quod

153 5551 337 5608 estin
371 5551 574 5604 codice
607 5550 736 5604 299i
777 5550 842 5612 Α,
879 5550 1108 5605 scilicet
1134 5553 1229 5604 τοῦ
1261 5552 1415 5604 Θεοῦ.

258 5625 346 5683 29,
383 5622 550 5676 Conf.
585 5623 830 5691 Agapet.
864 5638 913 5675 c.
949 5623 1036 5675 64.

258 5625 346 5683 29,
383 5624 550 5676 Conf.
585 5624 830 5691 Agapet.
864 5638 913 5675 c.
949 5624 1036 5675 64.

228 5624 352 5767 (30)
383 5693 551 5750 Conf.
585 5693 788 5749 Matth.
820 5709 975 5762 xvm,
1007 5695 1146 5751 24...
