4044 6218
248 375 376 435 1209

1416 383 1587 438 VITA
1621 378 1974 436 BABLAAM
2009 379 2102 435 ΒΤ
2134 378 2474 439 ΙΟΔΒΔΡΗ.

3505 385 3642 444 1210

246 504 339 573 τήν
375 504 719 578 ὑποστροφὴν
768 503 1134 581 ἀπηγόρευον·
1178 506 1277 575 τήν
1331 506 1517 577 πόλιν,
1551 507 1627 567 ὡς
1684 504 1877 578 μηκέτι

1992 506 2139 562 fore.
2168 508 2287 562 Hoc
2310 524 2582 564 sermone
2605 510 2824 576 habito,
2860 511 3264 583 spectantibus
3295 514 3569 571 omnibus
3602 533 3632 572 e

247 589 463 647 δυνατόν
497 588 739 665 ὄμμασιν
770 593 1005 667 ὀφθῆναι
1050 599 1167 658 τοῖς
1195 595 1423 664 έαυτῶν,
1467 591 1880 670 ἀπεδίδρασκον.

244 682 327 743 Ὠς
378 679 436 736 δὲ
487 688 587 751 τῆς
647 680 866 744 πόλεως
923 678 1025 753 ἔξω
1082 685 1353 759 γεγόνασι,
1415 682 1578 757 μόλις
1630 683 1780 749 ποτὲ,
1812 683 1882 754 τῇ

1988 596 2210 667 palatio
2232 598 2499 665 excedit;
2524 616 2591 654 ac
2630 602 2826 655 statim
2860 619 3068 656 omnes
3098 602 3409 672 desperato
3440 605 3635 659 reditu

1991 702 2127 740 eum
2151 687 2572 757 sequebantur,
2597 694 2773 759 atque
2798 708 2865 745 ex
2883 692 3050 759 urbe,
3080 697 3144 745 ut
3165 692 3481 762 quamjam
3504 709 3641 746 con-

243 774 386 843 τομῇ
416 775 513 825 τοῦ
562 769 729 845 λόγου
772 776 1157 843 παραινοῦντος
1204 772 1366 828 αὐτοῦ
1416 773 1505 827 καὶ
1560 770 1877 847 δριμυτέραν

1991 777 2216 847 spicere
2230 777 2482 831 minime
2495 785 2757 849 possent,
2785 780 3213 851 profugiebant.
3241 783 3633 850 Posteaquam

246 881 349 914 που
378 860 476 928 τήν
522 859 837 932 ἐπιτίμησιν
889 861 1261 939 ἐπιφέροντος,
1311 863 1401 916 ἀπ’
1450 862 1617 916 αὐτοῦ
1668 859 1881 936 διερρά-

243 970 411 1023 γησαν
447 994 464 1018 ,
519 949 609 1004 καὶ
658 946 877 1011 ἄκοντες
935 950 1311 1027 ἐπανήρχοντο
1344 995 1357 1019 ,
1416 955 1633 1013 πυκνῶς
1691 950 1880 1012 αὐτοῖς

194 1043 345 1107 ,τῶν
401 1036 701 1114 ὀφθαλμῶν
780 1038 1250 1117 ἐπιστρεφομένων
1285 1082 1299 1106 ,
1356 1041 1444 1095 καὶ
1511 1041 1579 1109 τή
1656 1038 1875 1114 πορείαν

236 1133 350 1189 τοῖς
377 1128 533 1182 ποσὶν
579 1123 956 1203 έγκοπτόντων
987 1131 1120 1202 (38).
1149 1130 1304 1192 Τινὶς
1357 1127 1415 1185 δὶ
1460 1132 1567 1184 τῶν
1619 1127 1876 1203 θερμοτέ-

1534 1215 1877 1288 ἠκολούθουν

237 1237 343 1291 ρων
404 1218 494 1271 καὶ
551 1214 876 1290 ὀδυρόμενοι
959 1221 1108 1275 337
1183 1218 1451 1294 μακρόθεν

233 1306 402 1379 αὐτῷ,
459 1302 565 1368 ἓως
621 1307 656 1376 ἡ
710 1305 800 1380 νὺξ
852 1304 1158 1371 ἐπελθοῦσα
1213 1305 1484 1379 διέστησεν
1546 1307 1743 1370 αὐτοὺς
1783 1308 1875 1363 ἀπ’

233 1393 518 1466 ἀλλήλων.

304 1576 461 1630 ΚΕΦ.
520 1576 638 1632 Αἵ.
699 1572 956 1646 Ἐξῆλθεν
1012 1572 1105 1630 οῦν
1163 1579 1274 1631 τῶν
1336 1574 1628 1651 βασιλείων
1680 1576 1707 1631 6
1753 1596 1871 1650 γενο

226 1668 382 1726 ναῖος
406 1662 611 1726 ἐκεῖνος
635 1665 871 1739 χαίρων,
912 1665 985 1727 ὡς
1018 1662 1143 1719 ὅταν
1176 1664 1235 1719 ἐκ
1285 1671 1492 1740 μακρᾶς
1538 1663 1747 1740 ἐξορίας
1800 1666 1875 1727 εἰς

230 1755 332 1822 τὴν
367 1750 507 1807 ῗδίαν
561 1774 643 1815 τις
703 1753 1140 1829 ἐπανερχόμενος
1192 1754 1509 1830 γηθοσύνως
1562 1755 1871 1829 πορεύοιτο.

1988 869 2186 918 autem
2203 881 2232 918 e
2247 866 2478 919 civitate
2494 868 2709 938 egressi
2728 874 2885 934 sunt,
2904 871 2996 922 vix
3021 869 3259 923 tandem
3283 874 3457 939 atque
3482 886 3634 941 mgre

1987 954 2182 1007 acrius
2198 970 2298 1009 eos
2314 955 2441 1025 ipso
2457 956 2838 1025 admonente,
2866 964 3043 1029 atque
3062 959 3239 1013 etiam
3264 958 3631 1029 superiorem

1986 1041 2285 1099 interdum
2308 1044 2781 1118 objurgationem
2804 1048 2896 1117 adj
2908 1047 3263 1119 ungente,ab
3280 1064 3345 1100 eo
3361 1047 3625 1102 distracti

1984 1138 2143 1200 sunt,
2177 1138 2352 1203 atque
2385 1135 2550 1189 inviti
2579 1136 3045 1204 revertebantur,
3079 1136 3402 1191 identidem
3425 1137 3629 1192 oculos

1981 1220 2376 1291 reflectentes,
2413 1240 2479 1279 ac
2509 1225 2760 1295 pedibus
2792 1227 2947 1280 inter
2985 1225 3411 1281 ambulandum
3444 1226 3625 1279 offen-

1982 1308 2498 1375 dentes.Nonnulli
2525 1319 2722 1368 autem
2755 1332 2826 1369 ex
2847 1315 2919 1369 iis
2938 1317 3037 1386 qui
3056 1314 3394 1370 ferventiori
3427 1315 3625 1369 animo

1981 1399 2215 1471 praediti
2242 1402 2705 1474 erant,lugentes
2728 1404 2961 1459 eminus
2984 1404 3180 1475 ipsum
3202 1404 3623 1475 sequebantur,

1982 1489 2369 1561 quoadusque
2400 1508 2513 1545 nox
2544 1492 2751 1547 oborta
2774 1510 2873 1547 eos
2905 1495 3060 1548 inter
3089 1511 3149 1547 se
3182 1495 3488 1564 disjunxit.

2052 1580 2184 1634 CAP.
2210 1580 2484 1635 XXXVII.
2513 1612 2574 1621 --
2601 1584 2932 1637 Cenerosus
2955 1584 3132 1654 igitur
3152 1583 3252 1636 ille
3291 1584 3377 1635 vir
3398 1600 3466 1637 ex
3489 1584 3625 1637 aula

1984 1684 2255 1739 egressus
2277 1674 2385 1735 est,
2417 1671 2665 1741 perinde
2706 1670 2877 1726 laetus
2921 1678 3097 1741 atque
3128 1672 3360 1736 alacris,
3394 1676 3460 1725 ut
3487 1688 3622 1726 cum

1983 1756 2278 1828 quispiam
2302 1773 2331 1811 e
2346 1757 2669 1828 longinquo
2689 1774 2753 1813 ac
2778 1759 3058 1813 diuturno
3074 1759 3280 1813 exsilio
3297 1759 3355 1811 in
3370 1758 3622 1828 patriam

236 1844 340 1900 Καὶ
375 1847 439 1913 ἦν
470 1842 845 1917 ἐνδεδυμένος,
895 1844 1086 1918 ἔξωθεν
1144 1846 1238 1919 μὶν
1297 1845 1363 1900 τὰ
1391 1845 1439 1917 ἐξ
1474 1842 1630 1909 ἔθους
1659 1847 1873 1919 ἱμάτια,

1989 1861 2046 1899 se
2068 1846 2464 1916 refert.Atque
2482 1854 2721 1902 externe
2749 1849 2988 1919 quidem
3015 1866 3112 1903 eas
3135 1848 3351 1918 quibus
3372 1849 3457 1901 uti
3479 1848 3627 1901 sole-

233 1930 431 1997 ἔσωθεν
466 1932 523 1989 δὲ
550 1933 615 1988 τὸ
642 1935 888 2010 τρίχινον
921 1933 1083 2009 ῥάκος
1136 1932 1308 1989 ἐκεῖνο
1358 1933 1489 2010 ὅπερ
1544 1936 1571 1989 6
1605 1932 1871 2010 Βαρλαὰμ

231 2024 376 2095 αὐτῷ
430 2021 655 2079 δεδώκει
712 2026 843 2097 (39).
902 2028 980 2097 Τῇ
1041 2021 1098 2079 δὲ
1152 2025 1301 2079 νυκτὶ
1365 2025 1542 2100 ἐκείνῃ
1598 2025 1673 2088 εἰς
1732 2026 1874 2080 οὶκί-

231 2132 356 2166 σκον
418 2114 532 2183 (49)
591 2112 828 2181 πένητός
889 2132 1034 2173 τινος
1106 2114 1482 2183 καταντήσας,
1516 2112 1582 2167 τὰ
1638 2113 1872 2187 περικεί-

236 2221 369 2273 μενα
424 2200 571 2271 αὐτῷ
621 2201 798 2275 ἄμφια
847 2195 1114 2270 ἐκϐαλὼν,
1172 2199 1485 2256 τελευταίαν
1537 2201 1739 2271 ταύτην
1786 2203 1873 2256 εὐ-

230 2290 413 2344 ποιΐαν
444 2294 523 2362 τῷ
556 2289 741 2360 πένητι
801 2287 1009 2345 δίδωσι’
1068 2290 1157 2345 καὶ
1215 2291 1357 2346 οὕτω
1413 2296 1536 2353 ταῖς
1594 2290 1794 2346 ἐκείνου
1820 2314 1877 2348 τε

230 2379 323 2433 καὶ
354 2376 584 2434 πολλῶν
620 2378 814 2453 ἐτέρων
844 2381 1092 2450 πενήτων
1136 2379 1325 2454 εὐχαῖς
1370 2380 1877 2454 ἐπίκουρονέαυτοῦ

226 2469 325 2523 τὸν
357 2469 484 2523 Θεὸν
518 2469 763 2542 θέμενος,
811 2468 899 2523 καὶ
943 2470 1041 2536 τήν
1097 2469 1260 2523 αὐτοῦ
1291 2471 1453 2545 χάριν
1485 2471 1575 2524 καὶ
1622 2471 1874 2545 βοήθειαν

234 2559 313 2619 ὡς
360 2558 578 2630 ἱμάτιον
640 2558 914 2633 σωτηρίου
971 2561 1084 2632 (41)
1134 2557 1224 2612 καὶ
1280 2563 1489 2633 χιτῶνα
1544 2558 1879 2637 εὐφροσύνης

234 2647 410 2719 ὶαυτῷ
467 2642 942 2721 περιϐαλλόμενος
975 2694 989 2716 ,
1044 2646 1132 2702 ἐπὶ
1200 2648 1290 2701 τὸν
1364 2646 1628 2722 ἐρημικὸν
1687 2646 1881 2718 ἐξῆλθε

236 2737 385 2813 βίον,
421 2738 497 2809 μὴ
551 2734 711 2812 ἄρτον
763 2735 1173 2814 ἐπιφερόμενος,
1240 2736 1316 2809 μή
1349 2733 1518 2811 ὕδωρ,
1555 2734 1685 2809 μηδ’
1738 2734 1880 2790 ἄλλο

230 2847 289 2881 τι
313 2830 418 2879 τῶν
448 2825 582 2900 πρὸς
637 2826 844 2901 τροφὴν
905 2823 1251 2895 ἐπιτηδείων,
1290 2827 1364 2897 μὴ
1399 2826 1616 2897 ἱμάτιον
1667 2822 1878 2879 ἐνδεδυ-

231 2911 418 2987 μένος,
450 2913 577 2970 ἀλλ’
607 2915 642 2985 ἢ
673 2920 736 2969 τὸ
785 2912 1025 2989 σκληρὸν
1075 2913 1246 2969 ἐκεῖνο
1298 2914 1460 2989 ῥάκος
1494 2916 1683 2987 μόνον,
1714 2913 1880 2991 οὗπερ

227 3004 339 3078 πρὸ
386 3008 582 3078 μικροῦ
640 3004 1014 3077 ἐμνήσθημεν.
1079 3004 1239 3076 Πόθῳ
1294 3002 1398 3079 γάρ
1455 3026 1561 3059 τινι
1625 3006 1884 3084 ὑπερφυεῖ

227 3094 323 3148 καὶ
379 3089 540 3165 ἔρωτι
597 3090 727 3165 θείῳ
783 3092 1012 3167 τρωθεὶς
1066 3093 1166 3162 τήν
1225 3094 1413 3167 ψυχὴν
1472 3097 1569 3148 τοῦ
1622 3094 1881 3157 ἀθανάτου

232 3181 507 3259 βασιλέως
538 3186 773 3258 Χριστοῦ
804 3228 818 3253 ,
852 3180 997 3244 ὅλως
1044 3183 1110 3251 ἦν
1144 3186 1240 3236 τοῦ
1270 3183 1615 3256 ποθουμένου
1665 3183 1877 3254 ἐξεστη-

224 3243 362 3339 κὼς,
417 3243 1006 3343 ὃλωςιὴλλοιωμένος
1064 3275 1204 3343 Θεῷ,
1261 3243 1503 3347 κάτοχος
1554 3276 1623 3346 τῇ
1679 3271 1876 3328 τούτου
1910 3243 1953 3310 C

222 3360 428 3435 ἀγάπῃ,
485 3361 715 3435 κραταιὰ
763 3359 885 3433 γάρ,
949 3359 1110 3437 φησὶν
1169 3361 1324 3434 (42),
1377 3360 1451 3422 ὡς
1509 3365 1617 3437 πῦρ
1667 3361 1874 3436 ἀγάπη’

223 3449 490 3519 τοιαύτην
525 3448 685 3510 αὐτὸς
718 3448 824 3503 ἀπὸ
854 3455 954 3518 τῆς
986 3448 1131 3512 θείας
1163 3448 1379 3523 ἀγάπης
1433 3446 1646 3520 ἐδέξατο
1683 3450 1874 3524 μέθην,

221 3538 318 3594 καὶ
375 3539 527 3595 ³38
560 3535 734 3599 οὕτως
792 3535 1047 3610 ἐξεκαύθη
1099 3541 1179 3609 τῷ
1233 3535 1398 3611 δίψει,
1457 3540 1595 3594 κατά
1648 3540 1738 3594 τὸν
1791 3541 1875 3595 εί-

221 3628 403 3682 πόντα
441 3630 571 3699 (43)·
631 3632 726 3683 ‘Ov
779 3626 983 3701 τρόπον
1040 3626 1354 3696 ἐπιποθεῖὴ
1395 3622 1593 3707 ἔλαφος
1638 3629 1727 3683 ἐπὶ
1782 3632 1880 3695 τὰς

224 3718 410 3791 πηγὰς
462 3720 572 3771 τῶν
635 3713 879 3783 ὑδάτων,
938 3716 1112 3780 οὕτως
1160 3714 1412 3781 ἐπιποθεῖ
1468 3720 1500 3787 ἡ
1561 3721 1715 3793 ψυχή
1774 3740 1877 3792 μου

211 3807 357 3881 πρὸς
413 3806 490 3873 σὲ,
538 3806 565 3859 6
598 3804 751 3867 Θεός⁶
815 3802 1068 3879 έδιψησεν
1125 3807 1160 3875 ἡ
1214 3808 1371 3881 ψυχή
1431 3828 1536 3880 μου
1593 3810 1728 3881 πρὸς
1784 3810 1876 3863 τὸν

214 3896 350 3951 Θεὸν
382 3895 475 3949 τὸν
539 3895 790 3969 ἳσχυρὸν,
847 3895 940 3948 τὸν
1002 3898 1197 3963 ζῶντα’
1258 3895 1346 3949 καὶ
1404 3897 1881 3973 καθὼςήτετρωυ

217 3984 362 4058 μένη
423 3990 526 4052 τῆς
584 3982 844 4052 τοιαύτης
904 3982 1117 4059 ἀγάπης
1174 3986 1287 4057 (44)
1343 3985 1496 4060 ψυχή
1562 3987 1666 4059 βοᾷ
1722 3986 1772 4041 έν
1804 3991 1882 4058 τῷ

210 4076 465 4146 ’ᾼσματι
523 4076 632 4126 τῶν
693 4071 970 4144 ᾇσματων’
1035 4069 1398 4146 Ἐκαρδίωσας
1452 4078 1561 4146 (45)
1611 4077 1757 4147 ἡμᾶς
1802 4082 1882 4148 τῷ

208 4165 373 4237 πόθῳ
435 4185 555 4229 σου,
616 4160 952 4235 ἐκαρδίωσας
1002 4164 1173 4233 ἡμᾶς·
1226 4165 1344 4217 καὶ·
1400 4165 1579 4237 Δεῖξόν
1615 4171 1721 4237 (46)
1784 4189 1880 4239 μοι

207 4256 316 4322 τήν
347 4253 472 4327 ὄψιν
528 4273 647 4324 σου,
678 4250 769 4305 καὶ
819 4250 1106 4305 ἀκούτισόν
1142 4272 1235 4325 μοι
1293 4256 1393 4321 τήν
1449 4256 1635 4331 φωνήν
1693 4275 1809 4311 σου’
1844 4260 1878 4328 ἡ

211 4343 320 4419 γὰρ
357 4344 514 4417 φωνή
549 4363 645 4396 σου
675 4341 830 4419 φωνή
862 4337 1023 4410 ἡδεῖα
1051 4342 1139 4396 καὶ
1174 4343 1207 4411 ἡ
1240 4338 1363 4416 ὄψις
1397 4364 1493 4399 σου
1525 4344 1720 4420 ὡραία.

1981 1933 2805 2007 bat,vestesgerebat,interne
2819 1944 3014 1993 autem
3030 1938 3289 1993 cilicium
3305 1937 3453 1991 illud
3468 1936 3627 2007 quod

1984 2024 2249 2080 Barlaam
2266 2027 2377 2096 ipsi
2395 2027 2550 2081 dono
2564 2026 3017 2082 dederat.Porro
3034 2032 3202 2082 nocte
3218 2028 3319 2081 illa
3335 2028 3391 2080 in
3408 2043 3623 2097 paupe-

1982 2115 2066 2169 ris
2088 2115 2397 2184 cujusdam
2415 2115 2521 2169 viri
2546 2115 2965 2171 domunculam
2990 2134 3051 2171 se
3074 2116 3407 2179 conferens,
3432 2120 3626 2168 vestes

1986 2218 2084 2255 eas
2099 2201 2315 2272 quibus
2328 2202 2569 2257 indutus
2592 2209 2717 2257 erat
2729 2203 2953 2273 abjicit,
2973 2209 3459 2273 postremumque
3482 2200 3630 2254 illud

1985 2290 2345 2345 beneficium
2369 2291 2561 2363 egenti
2586 2292 2811 2346 tribuit.
2838 2293 3100 2362 Cumque
3117 2292 3191 2346 ad
3213 2292 3369 2346 hunc
3390 2290 3633 2345 modum

1987 2383 2113 2435 tum
2137 2380 2298 2434 illius
2318 2384 2444 2435 tum
2475 2381 2799 2435 multorum
2822 2381 3076 2436 aliorum
3100 2397 3426 2452 pauperum
3453 2379 3638 2449 preci-

1988 2468 2100 2523 bus
2114 2469 2214 2524 Dei
2229 2486 2402 2541 opem
2416 2475 2592 2541 atque
2606 2470 2892 2525 auxilium
2910 2470 3021 2525 sibi
3043 2471 3368 2537 accivisset,
3389 2470 3637 2541 ejusque

1990 2558 2535 2630 gratiaetprmsidio
2558 2564 2836 2630 tanquam
2854 2559 3061 2613 salutis
3074 2559 3422 2633 yeslimento
3443 2574 3509 2612 ac
3541 2556 3640 2611 la:-

1992 2647 2136 2701 titiae
2152 2648 2330 2719 pallio
2346 2664 2473 2703 sese
2486 2649 2799 2715 induisset,
2823 2648 2896 2703 ad
2912 2648 3238 2703 solitariam
3252 2648 3428 2701 vitam
3443 2662 3637 2701 exces-

1993 2736 2089 2802 sit,
2115 2753 2235 2790 non
2249 2752 2485 2807 panem,
2508 2753 2627 2790 non
2642 2752 2878 2805 aquam,
2904 2752 3023 2789 non
3046 2734 3367 2804 quidquam
3392 2734 3551 2787 aliud
3568 2751 3637 2787 ex

1992 2824 2066 2878 iis
2080 2840 2211 2893 quas
2226 2824 2298 2878 ad
2314 2824 2528 2878 victum
2541 2823 2876 2877 necessaria
2890 2828 3241 2877 suntsecum
3254 2822 3473 2883 ferens,
3498 2822 3632 2874 nul-

1992 2912 2235 2983 lumque
2258 2912 2420 2967 aliud
2444 2912 2858 2966 indumentum
2878 2916 3332 2982 gerens,praater
3360 2926 3636 2980 asperum

1995 3001 2142 3056 illud
2169 3002 2453 3072 cilicium,
2486 3001 2558 3056 de
2592 3018 2707 3071 quo
2739 3001 2914 3071 paulo
2946 3004 3081 3053 ante
3113 2999 3477 3053 mentionem
3500 2998 3635 3055 feci.

1993 3092 2224 3146 Etenim
2240 3091 2526 3163 singulari
2541 3089 2797 3161 quodam
2814 3088 3109 3143 desiderio
3122 3104 3189 3142 ac
3202 3086 3398 3141 divino
3412 3087 3638 3141 immor-

1994 3182 2130 3237 talis
2153 3183 2305 3255 regis
2336 3182 2551 3237 Christi
2599 3197 2799 3235 amore
2823 3178 3080 3245 saucius,
3104 3182 3224 3232 toto
3257 3178 3454 3231 animo
3486 3177 3546 3231 in
3577 3174 3636 3231 id

1987 3272 2145 3343 quod
2158 3272 2394 3327 amabat
2407 3269 2872 3337 incumbebat,to
2881 3274 2972 3322 tus
2987 3273 3152 3322 extra
3166 3283 3226 3321 se
3244 3271 3542 3337 raptus,ac
3555 3265 3639 3319 di-

1990 3362 2211 3416 vinitus
2236 3359 2832 3429 immutatus,Deique
2860 3357 3145 3412 charitate
3177 3356 3338 3411 omni
3372 3372 3441 3409 ex
3470 3360 3637 3426 parte

1988 3457 2315 3523 correptus.
2349 3450 2536 3505 Fortis
2566 3449 2748 3516 enim,
2782 3446 2977 3517 inquit
3007 3445 3128 3513 ille,
3163 3445 3315 3500 sicut
3345 3461 3503 3499 mors
3536 3444 3633 3499 di-

1987 3542 2162 3597 lectio
2194 3542 2372 3609 (Cani.
2424 3540 2561 3610 vui).
2595 3540 2839 3592 Tantam
2868 3535 3148 3589 videlicet
3177 3535 3303 3606 ipse
3336 3550 3405 3588 ex
3436 3533 3634 3588 divino

1989 3647 2189 3687 amore
2205 3629 2613 3683 temulentiam
2626 3644 2691 3681 co
2699 3630 3125 3691 ntraxerat,tan
3136 3630 3309 3694 taque
3323 3624 3417 3677 siti
3432 3628 3640 3678 aestua-

1988 3720 2306 3787 bat,instar
2326 3717 2727 3773 scilicetillius
2742 3715 2841 3785 qui
2858 3714 3109 3769 dicebat:
3126 3712 3638 3778 Quemadmodum

1990 3809 2288 3865 desiderat
2326 3824 2530 3862 cervus
2559 3805 2633 3860 ad
2665 3806 2860 3860 fontes
2892 3819 3201 3873 aquarum,
3230 3802 3313 3856 ita
3342 3801 3643 3857 desiderat

1990 3898 2191 3953 anima
2207 3914 2340 3952 mea
2364 3897 2436 3952 ad
2461 3901 2515 3949 te
2539 3897 2711 3949 Deus.
2739 3893 2929 3948 Sitivit
2954 3892 3154 3947 anima
3184 3908 3317 3946 mea
3348 3891 3421 3945 ad
3451 3893 3636 3946 Deum

1990 3992 2215 4046 fontem
2238 3990 2427 4043 vivum
2452 3986 2620 4056 (Psal.
2644 3986 2775 4055 xm).
2809 3986 2879 4037 Et
2906 3981 3407 4054 quemadmodum
3438 3982 3639 4036 anima

1994 4081 2119 4145 illa,
2150 4096 2280 4150 quae
2313 4076 2655 4148 hujusmodi
2706 4074 2993 4129 charitate
3042 4071 3349 4126 vulnerata
3396 4075 3540 4137 erat,
3577 4071 3636 4124 in

1993 4170 2231 4225 Cantico
2247 4167 2612 4223 canticorum
2636 4163 3066 4219 ait:Vu1nerata
3087 4159 3373 4214 charitate
3387 4174 3492 4229 ego
3509 4176 3640 4213 sum

1990 4260 2172 4325 (Cant.
2207 4260 2285 4327 ιι).
2320 4260 2400 4311 Ac
2431 4270 2665 4309 rursum
2694 4268 2707 4305 :
2745 4249 3000 4305 Ostende
3031 4248 3177 4302 mihi
3210 4246 3422 4301 faciem
3456 4251 3634 4313 tuam,

1994 4355 2052 4404 et
2074 4349 2166 4403 fac
2192 4364 2285 4402 me
2317 4344 2520 4401 audire
2554 4358 2755 4397 vocem
2788 4344 2987 4404 tuam;
3044 4353 3151 4392 vox
3182 4335 3342 4390 enim
3376 4340 3475 4390 tua
3501 4335 3633 4392 dul-

1992 4442 2096 4506 cis,
2131 4442 2188 4492 et
2215 4435 2396 4490 facies
2428 4438 2528 4486 tua
2558 4430 2791 4485 decora.

204 4564 294 4617 ita
325 4565 396 4615 ut
425 4556 597 4634 δόξεις
626 4564 683 4613 et
712 4554 982 4634 διαφύγῃς
1014 4558 1235 4634 Optime
1267 4559 1578 4634 quadrent.
1615 4562 1758 4618 Vide
1790 4571 1912 4621 not.
1943 4566 2017 4621 ad
2047 4563 2321 4627 Aristum,
2355 4575 2482 4634 pag.
2516 4558 2656 4634 258‘;
2691 4553 3040 4634 Hasium_ad
3070 4550 3209 4634 byd‘.
3246 4552 3629 4634 D‘e‘ostentis,

202 4652 267 4706 p.
304 4635 433 4706 316.
466 4630 698 4706 Addam
728 4630 940 4706 noram
972 4630 1511 4706 rerb_orum__Basilii

1616 4636 1875 4691 roximor

1990 4619 2374 4690 “lectionem:
2413 4619 2503 4683 Sic
2540 4619 2696 4682 edita
2728 4633 2904 4696 sunt:
2939 4622 3043 4678 Καὶ
3068 4619 3214 4677 ὁῗτά
3246 4624 3310 4675 σὰ
3343 4619 3630 4696 λογοπραξ-

197 4694 437 4779 γοῦντές
478 4699 736 4779 οὐδεμίαν
761 4695 937 4779 ἕξουσι
986 4697 1161 4766 λαϐήν
1212 4704 1309 4779 τοῦ
1346 4694 1649 4777 μέμφεσθαι
1705 4706 1769 4759 τά
1826 4707 2260 4779 προσπίπτοντα.
2326 4702 2487 4757 Idem
2547 4700 2751 4767 codex,
2815 4694 3629 4770 Royowpa’wovﬁvres.verbo

202 4773 462 4850 perraro
484 4780 554 4850 et
582 4774 698 4841 hic,
732 4780 793 4828 ut
819 4774 1074 4850 ridetur,
1107 4773 1351 4850 optimo.

284 4839 736 4926 (382_Glossator_
761 4845 836 4901 ad
867 4839 1194 4926 marginem
1220 4861 1232 4897 :
1265 4844 1477 4926 στίχος..
1514 4848 1729 4903 Versus
1760 4854 1850 4926 est
1877 4849 2144 4926 quidem,
2179 4846 2283 4926 sed
2317 4844 2613 4926 politioris.
2639 4860 2748 4897 nec
2779 4839 3364 4926 notandusl‘ﬂtenim
3398 4839 3445 4892 si
3471 4840 3629 4926 niam-

196 4909 357 4987 bici,
388 4909 553 4989 iique
586 4917 840 4972 maxime
871 4909 1139 4989 legitimi,
1174 4909 1558 4989 scriptoribus
1591 4921 1877 4989 prosaicis
1896 4909 2175 4978 excidere
2208 4909 2687 4989 imprudentibus
2718 4919 2982 4985 possunt,
3022 4909 3163 4981 quid
3224 4912 3440 4964 mirum
3468 4911 3631 4966 facil-

193 4992 392 5048 limos
425 4988 562 5062 illos
594 4989 810 5060 smpius
842 4988 1178 5062 orationem
1204 4988 1430 5062 ingredi
1456 4989 1483 5043 ‘2
1513 4988 1676 5045 Conf.
1712 5009 1767 5062 p.
1804 4994 1926 5047 318.

274 5064 396 5136 (39)
432 5061 573 5136 Vide
605 5055 816 5136 p_.'_185.
850 5091 919 5101 —
946 5061 1019 5136 C._
1068 5055 1344 5136 ἐδεδώκει,
1374 5062 1614 5136 Praetuli
1663 5055 1877 5136 formai

1989 5066 2292 5136 iug‘mento
2346 5062 2671 5136 carentem,
2706 5062 2767 5109 ut
2800 5060 2856 5136 et

188 5129 386 5207 Asia;
414 5135 504 5207 23_‘
537 5129 883 5207 ἀπξλέιπτορ
915 5131 1100 5207 codex
1134 5132 1291 5207 1310,
1320 5129 1690 5207 ἀπολέλειπτο
1744 5135 1871 5207 Ibid

2002 5178 2036 5207 ,Α
2055 5129 2342 5207 ῖέγεγόνειν
2382 5148 2393 5185 :

2912 5070 3041 5126 pag.
3110 5055 3229 5126 192,
3264 5071 3300 5109 1.
3337 5054 3630 5109 Lucianus

2454 5129 2656 5213 co‘dex,
2690 5125 2927 5213 γεγόνειν
2977 5125 3212 5213 Jose'pli.
3240 5126 3515 5213 "Maccab.
3552 5129 3622 5213 6n:

192 5205 271 5264 Et
300 5212 409 5279 γαρ
440 5203 508 5257 τά
535 5203 804 5291 πάθηγτοῦ
834 5200 1105 5291 λογισμοῦ
1143 5195 1511 5278 ἐκεκρατήκει,
1537 5204 1752 5267 τούτοις
1785 5206 1876 5261 οὗν
1910 5195 2195 5277 ἀπεδόμην
2226 5203 2326 5271 τήν
2376 5207 2475 5269 τῆς
2511 5195 2851 5272 ἐπικρατείας
2884 5195 3201 5270 μαρτυρίαν.
3237 5197 3429 5252 Codex
3462 5200 3620 5266 3010,

189 5271 392 5347 κεκρ.,
422 5283 481 5332 et
509 5293 614 5348 pro
648 5271 762 5332 οὖν.
794 5271 1015 5347 optime
1048 5271 1127 5330 ἃν.

272 5352 397 5421 (40)
428 5350 487 5421 C,
521 5349 690 5421 οἷκον,

272 5417 394 5491 (41)
421 5420 502 5474 Cf.
546 5420 730 5491 Epist.
760 5417 836 5473 ad
865 5418 1078 5488 Ephes.
1101 5435 1180 5491 γι.
1209 5420 1300 5491 17.

292 5496 389 5553 42)
429 5487 612 5546 Cant:
633 5494 788 5545 cant.
822 5487 939 5557 vni,
973 5492 1027 5557 6,
1059 5487 1160 5544 ubi
1192 5487 1268 5551 ὡς
1299 5489 1549 5552 θάνατος.

292 5564 390 5632 43)
420 5563 574 5618 Psal.
612 5579 721 5617 xu.
756 5564 853 5618 1...

420 5636 587 5711 Cant.
621 5637 778 5711 can}.
810 5649 871 5699 Il,
900 5635 932 5686 5
966 5647 980 5687 :
1010 5632 1334 5711 Τετρωμένη
1366 5631 1585 5706 ἀγάπης
1615 5630 1748 5711 ἐγώ.

291 5706 387 5773 45)
417 5705 567 5763 Ibid.
602 5722 676 5773 iv,
709 5707 762 5771 9,
796 5720 931 5760 cum
961 5703 1259 5761 varietate.

265 5777 392 5853 (46)
416 5777 565 5834 Ibid.
599 5793 659 5849 ιι,
694 5777 778 5832 η.
