4040 6204
479 364 613 423 1211

2002 357 2341 412 ADDBNDA
2353 395 2370 411 .

3679 363 3781 421 1212

532 493 789 565 Hujusce
810 489 973 546 omni
992 505 1266 545 sermone
1289 485 1720 559 prmstantioris
1742 483 1970 556 pulchri
1981 482 2122 538 tudi'

2315 479 2528 551 Ταύτης
2555 489 2656 552 τῆς
2706 482 3082 554 ἀνεκλαλήτου
3113 485 3438 559 ὡραιότητος
3488 491 3681 559 Epic-.35
3721 491 3787 542 τὸν

481 585 574 639 nis
605 581 816 638 Christi
845 579 1160 645 desiderio,
1186 585 1468 648 tauquam
1501 577 1632 647 igne
1657 575 1914 646 quodam
1937 575 1996 628 in
2020 592 2128 645 pe-

481 679 642 730 ctore
684 675 947 741 accepto,
979 668 1384 739 apostolorum
1417 667 1654 731 chorus,
1683 681 1750 720 ac
1800 668 2126 733 martyrum

479 761 736 834 agmina,
771 759 968 814 omnia
999 774 1067 811 ea
1086 774 1216 827 qua)
1248 755 1437 810 oculis
1459 758 1786 809 cernuntur
1819 757 2129 821 contemp-

476 855 703 916 serunt,
736 853 913 918 atque
953 846 1114 901 omni
1148 845 1284 899 huic
1316 845 1487 899 llum)
1521 848 1579 896 et
1608 841 1846 896 caduca:
1880 841 2010 894 vitae
2036 841 2124 893 in-

476 955 725 995 numera
755 941 1184 992 tormentorum
1215 939 1275 988 et
1318 933 1524 987 mortis
1577 947 1796 1004 genera
1849 929 2127 1000 praetule-

475 1035 616 1085 runt
637 1027 848 1082 divinae
875 1025 1339 1098 pulchritudinis
1365 1039 1567 1078 amore
1592 1023 1929 1094 flagrantes,
1948 1025 2126 1090 atque

474 1119 777 1191 ingentem
811 1117 912 1172 Dei
941 1115 1108 1170 Verbi
1133 1131 1271 1186 erga
1308 1131 1416 1168 nos
1442 1128 1708 1167 amorem
1731 1127 1864 1164 cum
1905 1109 2126 1165 animis

479 1208 603 1263 suis
623 1211 986 1278 reputantes.
1013 1205 1177 1258 Hunc
1201 1204 1397 1274 ignem
1420 1218 1554 1256 cum
1577 1201 1896 1271 prmclarus
1918 1199 2126 1264 etiam,

481 1313 550 1353 ac
563 1311 810 1368 corpore
823 1293 1066 1366 quidem
1089 1292 1327 1357 nobilis,
1346 1289 1810 1358 cmterumlonge
1834 1287 2126 1342 nobiliore

476 1403 544 1442 ac
576 1385 761 1458 magis
793 1385 952 1454 regio
985 1383 1184 1438 animo
1207 1380 1489 1452 praeditus
1521 1379 1606 1432 vir
1637 1379 1698 1432 in
1728 1377 1921 1448 seipso
1953 1393 2124 1431 acce-

477 1475 681 1546 pisset,
717 1481 955 1528 terrena
985 1472 1186 1526 omnia
1216 1485 1459 1540 prorsus
1489 1473 1865 1539 aSpernatur,
1917 1481 2126 1520 omnes

477 1563 742 1634 corporis
772 1562 1100 1632 voluptates
1131 1559 1454 1631 proculcat,
1487 1573 1628 1628 opes
1660 1563 1719 1612 et
1745 1557 1995 1629 gloriam
2027 1562 2124 1610 at-

481 1671 595 1726 que
626 1654 918 1708 humanos
941 1652 1196 1706 honores
1220 1666 1325 1720 pro
1359 1648 1546 1703 nihilo
1566 1647 1750 1713 ducit,
1771 1645 2047 1701 diadema
2068 1649 2127 1698 et

480 1759 804 1816 purpuram
826 1741 1049 1813 abjicit,
1082 1755 1434 1796 aranearum
1467 1738 1602 1792 telis
1631 1737 1837 1791 viliora
1868 1752 1938 1790 ea
1968 1735 2121 1789 exis-

2237 571 2404 625 πόθον
2457 571 2506 627 έν
2569 573 2766 650 καρδίᾳ
2824 573 3109 648 δεξάμενος
3142 577 3168 630 ὁ
3200 580 3303 628 τῶν
3363 574 3788 650 ἀποστόὶι-,ν-χπὸς

2235 661 2462 716 καὶτῶν
2517 665 2803 738 μαρτύρων
2861 667 2913 720 οὶ
2970 663 3139 736 δῆμοι
3194 667 3397 719 πάντων
3458 665 3788 740 ὑπερεῖδε-κτὼ.

3154 761 3179 770 η

2237 750 2555 823 ὁρωμένων,
2613 755 2794 823 πάσης
2827 751 2883 808 δέ
2916 761 3058 822 ζωῆς
3114 761 3213 822 τῆς
3266 756 3591 827 προσκαίρου,
3641 758 3708 807 κῖῖ
3748 760 3791 811 τὶ

2239 839 2405 914 μυρία
2433 846 2539 894 τῶν
2605 843 2849 916 βασάνων
2909 844 2994 898 ui
3050 843 3286 897 Οανάτων
3350 843 3459 911 air,
3517 845 3789 917 :Is'ia"".‘.'.o,

2237 929 2545 1004 ἐρασθέντες
2591 937 2687 987 τοῦ
2717 933 2860 986 θείου
2893 934 3136 996 κάλλους
3166 934 3252 986 καὶ
3309 935 3369 987 τὸ
3425 933 3534 1005 περὶ
3572 937 3693 1003 ἡμᾶς
3731 938 3796 988 τοῦ

2234 1018 2380 1074 θείου
2412 1022 2592 1096 Λόγου
2625 1020 2975 1096 λογισάμενοι
3030 1023 3282 1101 φίλτρον.
3339 1029 3495 1076 Τοῦτο
3548 1026 3600 1077 τὸ
3627 1029 3709 1098 7.3;
3736 1029 3799 1079 ni

2236 1111 2264 1164 ὁ
2295 1109 2462 1172 καλὸς
2494 1111 2673 1181 οὗτος,
2706 1113 2794 1167 καὶ
2850 1113 3069 1187 εὖγενῆς
3116 1115 3209 1186 μὲν
3267 1119 3343 1184 τῷ
3393 1115 3604 1184 σώματι,
3649 1114 3802 1187 εὖλίενέ-

2236 1221 2427 1263 στατος
2460 1199 2516 1256 δὲ
2557 1202 2771 1276 μᾶλλον
2824 1204 2912 1258 καὶ
2974 1204 3407 1277 βασιλικώτατος
3453 1206 3539 1271 τῂν
3570 1207 3740 1278 ψυχήν,
3767 1205 3802 1257 ἓν

2235 1291 2409 1363 ἑαυτῷ
2467 1289 2778 1365 δεξάμενος,
2831 1293 3045 1348 πάντων
3109 1295 3252 1366 ὁμοῦ
3308 1299 3412 1347 τῶν
3471 1293 3649 1367 γίιῗιων
3686 1317 3804 1348 κατι-

2233 1383 2444 1453 φρονεῖ,
2466 1386 2624 1434 πατεῖ
2649 1382 2820 1442 πάσας
2851 1381 2945 1442 τάς
2995 1386 3092 1435 τοῦ
3156 1382 3406 1452 σώματος
3458 1380 3657 1448 ἡδονᾶς,
3685 1383 3805 1450 ὓπερ·

2236 1471 2336 1540 ορᾷ
2390 1467 2634 1523 πλοῦτοι)
2683 1471 2769 1524 καὶ
2831 1466 2992 1542 δόξης
3069 1471 3154 1524 καὶ
3215 1477 3315 1537 τῆς
3373 1471 3510 1541 παρά
3576 1469 3806 1542 ἀνθρώπων

2234 1563 2425 1628 τιμῆς,
2459 1557 2771 1612 ἀποτίθεται
2823 1556 3070 1630 διάδημα
3125 1559 3214 1612 καὶ
3261 1556 3575 1631 ἁλουργίδα,
3600 1563 3690 1611 τῶν
3717 1558 3808 1631 ἀρα-

2238 1645 2407 1720 χνίων
2459 1646 2789 1723 ὑφασμάτων
2850 1647 3199 1723 εὐτελέστερα
3247 1653 3415 1701 ταῦτα
3475 1647 3810 1720 λογισάμενος,

2234 1737 2371 1807 πρὸς
2403 1737 2577 1790 πάντα
2615 1733 2672 1790 δὲ
2701 1736 2768 1791 τὰ
2823 1735 3053 1791 ἐπίπονα
3110 1736 3199 1792 καὶ
3260 1736 3479 1810 λυπηρὰ
3506 1741 3592 1790 τοῦ
3642 1739 3808 1804 ἀσκητι-

485 1834 724 1900 timans,
748 1837 924 1902 atque
946 1831 1021 1886 ad
1043 1830 1244 1884 omnia
1265 1828 1413 1882 dura
1434 1831 1492 1882 et
1511 1826 1758 1882 accerba
1778 1824 2122 1880 monasticae

2235 1829 2332 1880 κοῦ
2366 1825 2486 1900 βίου
2517 1826 2815 1899 προθύμως
2849 1827 3036 1882 ἑαυτὸν
3087 1825 3395 1895 ἐκδίδωσιν,
3427 1825 3705 1897 Ἐκολλτςθη
3733 1832 3809 1895 (ii;

478 1923 608 1978 vitas
639 1922 836 1976 studia
857 1924 1128 1991 prompto
1161 1919 1360 1974 animo
1393 1933 1522 1971 sese
1558 1915 1756 1980 tradit,
1778 1913 1929 1968 illud
1959 1912 2126 1968 Psal-

480 2012 672 2066 mistaa
699 2010 986 2082 [clamans
1017 2025 1030 2062 :
1082 2007 1346 2062 Adhaasit
1386 2008 1589 2061 anima
1637 2021 1770 2059 mea
1816 2008 1951 2074 post
1979 2009 2059 2070 te,
2092 2019 2126 2057 ο

480 2101 730 2161 Christe,
763 2098 1049 2168 suscipiat
1068 2113 1162 2150 me
1187 2095 1428 2150 dextera
1457 2100 1558 2149 tua
1589 2093 1758 2165 (Psal.
1789 2095 1954 2161 LXVI).

548 2189 812 2257 Cumque
835 2186 908 2240 ad
931 2187 1087 2240 hunc
1109 2183 1374 2248 modum,
1406 2182 1596 2238 oculis
1617 2198 1653 2236 a
1681 2186 1842 2252 tergo
1875 2180 2125 2234 minime

477 2276 853 2342 contortis,in
876 2275 1145 2328 intimam
1160 2272 1545 2328 solitudinem
1576 2287 1638 2326 se
1669 2269 2128 2333 contulisset,at—

477 2382 592 2436 que
615 2364 970 2419 caducarum
990 2379 1189 2417 rerum
1215 2361 1650 2428 confusionem,
1676 2364 1966 2430 tanquam
1994 2374 2122 2412 mo-

478 2455 864 2509 lestissimam
895 2451 1196 2522 quandam
1221 2450 1510 2505 sarcinam
1538 2455 1598 2503 et
1625 2453 1896 2504 catenam
1917 2463 2124 2502 excus-

481 2543 676 2606 sisset,
704 2542 916 2614 Spiritu
936 2541 1269 2604 laatabatur,
1293 2538 1698 2610 conjectisque
1717 2537 1778 2590 in
1801 2536 2122 2601 Christum,

477 2633 649 2703 cujus
678 2629 972 2684 desiderio
1001 2628 1265 2693 ardebat,
1292 2627 1513 2693 oculis;
1548 2625 1620 2680 ad
1649 2641 1806 2693 eum,
1840 2629 2122 2694 tanquam

475 2720 548 2775 ad
571 2725 924 2790 praisentem
937 2724 1114 2788 atque
1128 2717 1314 2787 ipsius
1331 2731 1532 2770 vocem
1546 2713 1888 2768 audientem
1901 2712 2125 2767 clama-

475 2808 859 2878 bat,eumque
876 2806 1292 2877 alloquebatur
1304 2805 1397 2859 his
1409 2803 1683 2859 videlicet
1696 2802 1890 2857 verbis
1903 2805 2080 2856 utens
2106 2817 2119 2855 :

474 2897 712 2968 Nejam,
736 2913 997 2967 quaaso,o
1022 2893 1501 2961 Domine,oculus
1518 2908 1687 2947 meus
1720 2892 1967 2962 hujusce
1989 2891 2120 2944 vita:

474 2987 632 3041 bona
651 2986 876 3052 videat;
902 3003 1012 3040 nec
1035 3000 1299 3056 praesens
1318 2983 1544 3039 vanitas
1569 2985 1832 3037 mentem
1862 2996 2057 3046 meam
2087 2996 2122 3035 a

475 3080 748 3147 suscepto
772 3076 985 3130 itinere
1009 3074 1339 3139 abstrahat;
1361 3087 1582 3139 verum,
1598 3071 1843 3125 Domine
1868 3070 2117 3137 mi,ocn-

473 3165 564 3220 los
597 3183 760 3221 meos
791 3164 1202 3236 spiritualibus
1238 3161 1516 3234 lacrymis
1538 3161 1740 3232 imple,
1763 3176 2119 3232 gressusque

472 3272 636 3310 meos
658 3255 866 3327 dirige,
885 3254 1294 3323 famulumque
1320 3257 1484 3306 tuum
1509 3249 1781 3306 Barlaam
1797 3248 1944 3303 mihi
1963 3265 2120 3303 com-

471 3351 759 3400 monstra.
785 3344 944 3408 Mihi,
980 3343 1245 3413 inquam,
1273 3356 1408 3395 eum
1439 3356 1545 3410 per
1571 3354 1749 3410 quem
1779 3337 1926 3392 mihi
1958 3336 2120 3392 salus

469 3441 639 3506 parta
670 3439 760 3488 est
787 3431 1055 3498 ostende,
1103 3436 1166 3484 ut
1197 3429 1475 3484 solitariae
1507 3444 1575 3483 ac
1616 3426 1957 3482 monasticaa
1985 3426 2118 3480 vitaa

469 3524 875 3579 sinceritatem
906 3538 1012 3592 per
1042 3521 1238 3591 ipsum
1269 3518 1594 3583 addiscam,
1629 3533 1696 3572 ac
1727 3532 1848 3571 non
1878 3515 1952 3570 ob
1979 3516 2120 3570 hos-

472 3612 596 3667 tilis
664 3611 809 3665 belli
867 3609 1225 3680 imperitiam
1283 3609 1344 3662 in
1401 3606 1674 3661 fraudem
1733 3604 2002 3660 inducar.
2037 3605 2121 3659 Da

474 3701 642 3763 mihi,
671 3701 935 3768 Domine,
968 3699 1120 3752 viam
1165 3714 1359 3752 meam
1389 3695 1676 3760 nancisci,
1711 3711 1816 3765 per
1853 3710 2034 3764 quam
2064 3698 2121 3748 te

471 3789 790 3861 adipiscar,
824 3787 1111 3858 quoniam
1141 3785 1342 3841 anima
1371 3801 1505 3840 mea
1534 3785 1618 3839 tui
1651 3783 1947 3838 desiderio
1980 3799 2119 3838 sau-

471 3879 564 3935 cia
590 3883 700 3945 est,
733 3883 907 3947 teque
940 3876 1150 3931 salutis
1177 3875 1402 3930 fontem
1433 3873 1712 3929 ardenter
1743 3873 1886 3927 sitit.

548 3968 681 4021 Haec
713 3981 914 4021 secum
954 3968 1238 4035 perpetuo
1289 3961 1574 4026 volvebat,
1605 3965 1782 4031 atque
1831 3960 1905 4016 ad
1937 3962 2122 4015 Deum

475 4055 852 4127 loquebatur,
883 4070 990 4126 per
1009 4052 1338 4107 orationem
1359 4068 1425 4106 ac
1447 4050 1941 4106 sublimissimam
1983 4066 2094 4104 con
2110 4079 2122 4090 -

477 4143 926 4216 tem’plationem
951 4142 1061 4214 ipsi
1086 4157 1216 4198 sese
1236 4140 1628 4212 conjungens.
1649 4142 1840 4209 Atque
1873 4140 1956 4193 ita
1976 4155 2120 4194 con-

476 4240 641 4291 tento
672 4249 876 4306 gressu
907 4237 1164 4303 coeptum
1188 4231 1300 4286 iter
1331 4227 1782 4299 exsequebatur,
1819 4227 1892 4282 ad
1925 4227 2118 4281 locum

475 4342 611 4380 eum
633 4324 694 4379 in
714 4339 830 4395 quo
849 4321 1118 4378 Barlaam
1137 4319 1387 4392 degebat
1405 4318 1710 4390 pervenire
1731 4316 2120 4372 contendens.

477 4413 684 4468 Herbis
716 4427 890 4484 porro
924 4411 998 4465 iis
1028 4426 1160 4480 qua:
1191 4409 1252 4462 in
1293 4408 1526 4463 deserto
1561 4405 1893 4462 existebant
1921 4405 2124 4460 aleba-

472 4509 588 4559 tur.
618 4505 817 4575 Neque
852 4502 1031 4568 enim,
1056 4500 1257 4571 utjam
1281 4515 1314 4553 a
1337 4514 1430 4553 me
1448 4503 1980 4552 commemoratum
2012 4501 2120 4563 est,

2241 1915 2406 1988 βοῶν,
2464 1916 2508 1969 ὦ
2539 1917 2734 1988 Χριστέ
2794 1937 2920 1988 μου,
2983 1915 3262 1986 ἐκολλήθη
3298 1920 3332 1984 ἡ
3367 1919 3512 1990 ψυχή
3550 1937 3641 1988 μου
3683 1915 3810 1969 ὀπίσω

2235 2023 2352 2058 σου·
2387 2005 2539 2061 3³9
2571 2003 2708 2078 ἐμοῦ
2731 2003 2788 2059 δὲ
2820 2001 3145 2060 ἀντελάϐετο
3177 2007 3211 2074 ἡ
3245 2003 3393 2075 δεξιά
3424 2026 3538 2061 σου.

2308 2182 2405 2237 Καὶ
2436 2181 2609 2245 οὕτως
2669 2184 3060 2259 ἀμεταστρεπτὶ
3096 2187 3364 2258 χωρήσας
3417 2184 3491 2247 εἷς
3515 2183 3574 2238 τὸ
3613 2191 3698 2250 τῆς
3725 2182 3815 2255 ἱρή·

2238 2291 2348 2343 μου
2385 2272 2572 2346 βάθος,
2619 2273 2710 2326 καὶ
2769 2274 2842 2335 ὡς
2900 2275 3071 2347 ἄχθος
3127 2295 3177 2326 τι
3207 2274 3298 2327 καὶ
3332 2273 3516 2329 κλοιὸν
3577 2274 3812 2348 βαρύτατον

2232 2357 2568 2433 ἀποθέμενος
2598 2365 2706 2415 τῶν
2755 2362 3098 2434 προσκαίρων
3130 2363 3230 2430 τὴν
3263 2364 3523 2437 σύγχυσιν
3560 2404 3573 2429 ,
3604 2361 3815 2438 εὐφράνθη

2230 2453 2310 2520 τῷ
2352 2450 2637 2521 πνεύματι,
2698 2450 2788 2504 καὶ
2836 2455 2916 2522 τῷ
2963 2452 3296 2522 ποθουμένῳ
3353 2451 3586 2512 ἀτενίσας
3635 2453 3814 2522 Χριστῷ,

2233 2533 2366 2592 ἐϐόα
2422 2539 2559 2611 πρὸς
2609 2538 2791 2604 αὐτὸν,
2825 2539 2901 2599 ὡς
2961 2538 3186 2614 παρόντι
3243 2541 3336 2593 καὶ
3394 2546 3492 2607 τῆς
3548 2545 3706 2616 φωνῆς
3753 2537 3819 2591 ἐπ-

2231 2625 2408 2681 αΐοντι
2464 2625 2876 2701 διαλεγόμενος·
2929 2629 3022 2696 Μὴ
3079 2629 3148 2682 τὰ
3205 2629 3403 2702 ἀγαθὰ,
3445 2629 3592 2704 φησὶ,
3641 2631 3722 2680 τοῦ
3753 2625 3819 2678 κό-

2230 2736 2374 2787 σμου
2427 2717 2625 2771 τούτου
2676 2714 2782 2771 ἴδοι
2815 2718 2843 2770 ὁ
2876 2716 3163 2791 ὀφθαλμὸς
3225 2739 3335 2789 μου
3393 2715 3505 2787 ἔτι,
3565 2716 3720 2789 Κύριε·
3765 2716 3818 2786 μή

2235 2804 2654 2879 μετεωρισθείην
2688 2806 2794 2860 ἀπὸ
2822 2812 2923 2875 τῆς
2976 2804 3135 2880 δεόρο
3189 2809 3284 2861 τὸν
3315 2811 3442 2861 νοῦν
3479 2808 3577 2862 ὑπὸ
3619 2812 3703 2873 τῆς
3727 2823 3820 2873 παρ-

2229 2892 2398 2963 ούσης
2462 2895 2826 2966 ματαιότητος
2891 2899 3030 2967 (48)-
3087 2893 3214 2950 ἀλλ’
3272 2891 3560 2968 ἔμπλησον
3609 2894 3714 2957 ’.οὓς

2229 2981 2480 3054 θαλμοὺς
2542 3004 2668 3055 μου,
2727 2985 2889 3056 Κύριε
2924 3029 2937 3053 ,
2998 2982 3245 3058 δακρύων
3320 2989 3699 3056 πνευματικῶν.
3743 2980 3816 3036 Καὶ

2227 3072 2550 3127 κατεύθυνον
2605 3074 2673 3126 τὰ
2727 3068 3041 3144 διαϐήματά
3102 3095 3207 3143 μου
3270 3077 3410 3146 (4-9),
3465 3073 3551 3127 κάἰ
3603 3069 3816 3138 ὑπόδειεόν

2235 3183 2336 3234 μοι
2365 3162 2456 3216 τὸν
2490 3161 2580 3216 σὸν
2615 3161 2922 3234 θεράποντα
2975 3163 3260 3236 Βαρλαάμ.
3325 3161 3622 3233 Ὑπόδειξόν
3655 3181 3730 3232 μοι
3751 3159 3814 3212 τὸν

2229 3249 2359 3322 ἐμοὶ
2393 3249 2665 3323 σωτηρίας
2696 3251 2991 3324 γενόμενον
3047 3250 3333 3325 πρόξενον,
3365 3253 3457 3306 ἳνα
3484 3251 3572 3305 καὶ
3624 3254 3703 3304 τοῦ
3726 3247 3814 3320 ipf.-

2233 3343 2397 3412 μικοῦ
2432 3338 2552 3413 βίου
2580 3337 2778 3392 τούτου
2817 3341 2906 3393 καὶ
2968 3340 3265 3408 ἀσκητικώ
3324 3338 3396 3394 δι’
3454 3340 3612 3394 αὐτοῦ
3636 3339 3715 3406 τήν
3740 3340 3817 3406 (50)

2227 3422 2505 3502 ἀκρίϐειαν
2541 3428 2774 3499 μὰοοιμι
2833 3427 2924 3482 καὶ
2973 3430 3048 3499 μὴ
3081 3432 3149 3500 τῇ
3183 3429 3408 3500 ἀπειρίᾳ
3458 3430 3562 3482 τῶν
3616 3425 3815 3495 πολέμων

2227 3521 2324 3572 τοῦ
2353 3516 2555 3590 ἐχθροῦ
2605 3515 3004 3570 ὑποσκελισθῶ.
3063 3518 3163 3577 Δός
3226 3539 3349 3588 μοι,
3411 3517 3703 3590 Κύριε,τήν
3728 3510 3816 3566 ὁδον

2230 3606 2406 3679 οὐρεῖν
2441 3603 2512 3658 δι’
2540 3607 2606 3672 ἧς
2636 3603 2884 3678 ἐπιτύχω
2918 3626 3038 3669 σου,
3075 3605 3160 3660 ὅτι
3210 3605 3480 3679 τέτρωται
3515 3609 3542 3671 ἦ
3575 3605 3705 3677 ψυχὴ
3747 3621 3816 3670 μου

2227 3698 2308 3765 τῷ
2333 3694 2492 3764 πόθῳ
2522 3713 2646 3763 σου,
2676 3693 2767 3746 καὶ
2799 3695 2858 3747 ei.
2887 3690 3030 3766 διψῶ
3061 3695 3160 3762 τὴν
3193 3714 3390 3768 πηγην
3441 3701 3538 3763 τῆς
3588 3690 3818 3762 σωτηρίας.

2302 3961 2485 4016 Ταῦτα
2538 3957 2756 4036 ἔστρεφε
2815 3960 2935 4022 καθ’
2993 3959 3182 4015 ἑαυτὸν
3237 3961 3348 4028 ἀεὶ,
3399 3961 3488 4015 καὶ
3538 3964 3612 4032 τῷ
3646 3961 3740 4026 Θεῷ
3762 3951 3819 4008 δι-

2233 4047 2471 4124 ελέγετο,
2503 4045 2593 4103 διὰ
2619 4052 2934 4122 προσευχῆς
2965 4049 3112 4118 αὐτῴ
3141 4048 3230 4103 καὶ
3265 4049 3498 4124 θεωρίας
3536 4045 3822 4121 ὑψηλοτάτης

2232 4137 2544 4208 ένοόμενοε.
2580 4137 2682 4192 Καὶ
2712 4137 2854 4191 οὕτω
2883 4137 3151 4198 συντόνως
3184 4139 3285 4207 τὴν
3321 4135 3628 4212 ὁδοιπορίαν
3664 4135 3820 4203 διήνυι,

2231 4228 2322 4281 τὸν
2353 4231 2538 4300 χῶρον
2587 4223 2830 4280 σπεύδων
2894 4221 3248 4296 καταλαϐεῖν,
3315 4224 3442 4291 ἔνθα
3497 4224 3731 4297 Βαρλαάμ.
3766 4218 3823 4276 διο

2230 4321 2383 4389 ἦγεν.
2417 4315 2700 4391 Ἐτρέφετο
2735 4313 2792 4369 δὲ
2820 4321 2939 4377 ταῖς
2993 4317 3289 4388 φνομέναις
3325 4317 3576 4391 βοτάναις
3602 4316 3719 4370 κατὰ
3755 4312 3820 4376 τήν

2230 4397 2460 4478 ἔρημον·
2497 4400 2648 4457 οὐδὲν
2680 4404 2780 4478 γὰρ
2843 4402 2984 4458 ἀλλο
3048 4404 3365 4481 ἐπεφέρετο,
3422 4403 3648 4477 καθάπερ
3697 4397 3818 4474 ἔφθην

2232 4491 2398 4546 εἰπὼν
2430 4496 2563 4563 (51),
2599 4491 2643 4545 εί
2697 4494 2771 4564 μή
2837 4494 2998 4564 μόνον
3056 4495 3118 4548 τὸ
3177 4498 3340 4567 σῶμα
3398 4495 3462 4549 τὸ
3515 4493 3640 4548 ἴδιον
3688 4488 3818 4544 καὶτὸ

471 4585 690 4666 praeter
720 4608 934 4663 corpus
957 4607 1025 4646 ac
1041 4605 1271 4662 pannos
1294 4587 1431 4642 illos
1461 4586 1676 4657 quibus
1705 4585 1947 4641 indutus
1971 4591 2114 4654 erat,

2235 4580 2390 4658 ῥάκος
2421 4580 2451 4634 ’ὀ
2482 4575 2903 4656 περιεϐέϐλητο.

474 4683 802 4756 quidquam
835 4680 996 4736 aliud
1026 4694 1228 4733 secum
1258 4675 1504 4732 ferebat.

541 4774 832 4827 Caaterum
846 4785 979 4824 cum
993 4767 1268 4839 exiguum
1280 4782 1347 4822 ac
1360 4764 1586 4820 nullius
1597 4765 1840 4820 omnino
1857 4780 2121 4820 momen-

471 4861 516 4917 ti
533 4861 754 4916 victum
768 4863 858 4915 est
871 4857 1070 4913 herbis
1083 4855 1194 4911 sibi
1217 4859 1472 4928 pararet,
1491 4870 1660 4924 aqua)
1682 4854 1933 4925 penuria
1950 4871 2122 4926 pror-

472 4968 574 5006 sus
606 4949 930 5013 laborabat,
953 4946 1113 5018 quod
1134 4944 1407 5000 videlicet
1427 4942 1685 4998 solitudo
1710 4941 1815 4997 illa
1833 4959 2002 5014 aqua:
2017 4959 2114 4998 ex-

472 5057 607 5111 pers
624 5043 797 5094 esset.
815 5038 958 5092 Cum
988 5036 1167 5109 igitur
1188 5033 1451 5105 solejam
1479 5031 1586 5086 sub
1612 5031 1921 5086 meridiem
1944 5033 2119 5088 vehe-

468 5134 703 5184 menter
724 5127 967 5182 ardente
999 5126 1112 5180 iter
1132 5124 1373 5187 faceret,
1398 5121 1806 5176 vehementius
1820 5120 1893 5174 ob
1907 5125 2116 5175 aestum

470 5218 528 5273 in
545 5218 709 5273 arida
725 5219 963 5288 regione
979 5216 1072 5270 siti
1098 5213 1404 5285 flagrabat,
1428 5216 1604 5281 atque
1621 5216 1882 5265 extrema
1895 5215 1953 5265 et
1981 5228 2114 5282 gra-

470 5307 709 5361 vissima
731 5322 997 5360 aerumna
1021 5303 1356 5358 vexabatur.
1391 5303 1605 5355 Verum
1627 5300 2117 5371 cupiditasnatu-

548 5429 660 5500 (47)
693 5428 826 5483 Psal
881 5446 1010 5492 an,
1041 5430 1090 5484 8.

2297 4757 2472 4815 Ἀλλὰ
2499 4760 2706 4838 τροφὴν
2763 4761 2856 4831 μὶν
2915 4759 3135 4834 μετρίαν
3169 4761 3260 4814 καὶ
3293 4758 3597 4827 οὐδαμινήν
3649 4757 3698 4812 ἐκ
3738 4758 3813 4807 τῶν

2231 4849 2472 4924 βοτανῶν
2507 4848 2896 4922 ποριζόμενος,
2928 4845 3125 4912 ὕδατος
3154 4849 3446 4912 παντελῶς
3477 4851 3622 4907 ³40
3649 4845 3813 4917 ἠπόρειν

2227 4933 2461 5011 ἀνύδρου
2500 4937 2586 4991 καὶ
2623 4936 2787 5008 ξηρᾶς
2822 4934 2989 5007 οὕσης
3045 4944 3144 5007 τῆς
3203 4937 3417 5011 ἐρήμου
3479 4937 3678 5004 ἐκείνης.
3711 4927 3809 4994 Ἤδη

2225 5026 2403 5080 τοίνυν
2461 5025 2582 5101 περὶ
2635 5027 2731 5086 τὰς
2795 5021 3140 5098 μεσημϐρίας
3179 5074 3192 5094 ν
3275 5033 3376 5081 τοῦ
3429 5028 3585 5096 ἡλίου
3641 5019 3811 5098 πὲοδὲὀν

2227 5115 2566 5191 φλέγοντος,
2622 5121 2725 5183 τῆς
2773 5113 3091 5191 ὁδοιπορίας
3150 5116 3462 5191 ἐχόμενος,
3523 5113 3810 5191 σφοδρ-ίτεεγι

2230 5204 2388 5265 αὐτὸς
2420 5203 2673 5282 ἐφλέγετο
2696 5203 2747 5259 ἐν
2782 5203 2926 5278 δίψει
2959 5206 3235 5277 καύματος
3277 5204 3330 5259 έν
3384 5203 3610 5279 ἀνύδρῳ,
3637 5201 3707 5255 καὶ
3747 5213 3811 5259 τιν

2229 5294 2465 5371 ἐσχάτην
2525 5293 2956 5369 ὲταλαιπωρεῐτο
3005 5297 3407 5370 ταλαιπωρίαν·
3474 5296 3593 5349 ἀλλ’
3642 5282 3809 5346 ἐνίκεό

564 5487 656 5566 485
687 5501 837 5554 Psal.
874 5487 1062 5567 cxvul,
1095 5501 1160 5553 57
1191 5494 1587 5568 εἈπόστρεψον
1618 5493 1748 5558 τοῦς
1775 5490 2097 5569 ὀφθαλμούς
2131 5512 2236 5567 μου
2265 5495 2364 5547 τοῦ
2396 5491 2474 5565 μή
2499 5487 2633 5546 ἰδεῖν
2670 5490 3008 5565 ματαιότητα

567 5574 657 5640 49)
689 5570 853 5624 Conf.
887 5587 1018 5640 pag.
1053 5572 1172 5637 182,
1206 5586 1265 5626 n.
1297 5571 1384 5624 ’76.

544 5639 655 5714 (50)
686 5643 749 5709 C,
783 5640 912 5714 βίου
939 5639 1060 5710 τὴν,
1085 5641 1298 5696 mediis
1327 5639 1584 5696 omissis.

541 5713 651 5790 (51)
680 5713 822 5786 Pag.
853 5713 981 5768 337.
