4040 6204
249 371 394 428 1213

1408 372 1585 428 VITA
1621 369 1964 428 BABLAAH
2000 373 2096 426 ET
2127 371 2466 429 JOASAPE.

3517 370 3662 426 1214

247 497 423 560 πόθος
453 495 554 564 τὴν
585 493 764 571 φύσιν,
793 493 883 549 καὶ
915 495 950 564 ἡ
984 491 1134 568 δίψα,
1165 495 1231 564 ἢν
1264 496 1402 570 πρὸς
1430 495 1522 549 τὸν
1563 493 1690 548 Θεὸν
1723 489 1898 567 ἒδίψα,

2016 509 2144 550 ram
2175 496 2465 568 vincebat,
2498 515 2566 554 ac
2598 499 2726 554 sitis
2752 514 2823 554 ea
2879 497 3077 553 divina
3123 509 3242 566 qua
3286 493 3656 550 afﬁciebatur

249 589 352 655 τήν
384 584 564 660 φλόγα
599 583 841 660 ἐδρὸσιζε
868 592 970 654 τῆς
996 590 1090 639 τοῦ
1117 583 1310 649 ὕδατος
1339 584 1521 659 δίψης.

328 676 387 731 Ὀ
422 671 480 728 δὲ
516 672 814 746 μισόκαλος
841 674 931 727 καὶ
960 676 1218 750 φθονερὸς
1251 671 1533 743 διάϐολος,
1569 674 1644 747 μή
1699 672 1899 750 ὑποφέ-

251 784 361 838 ρων
396 763 449 818 ἐν
482 762 754 835 αὐτῷτὴν
794 762 1050 833 τοιαύτην
1113 767 1240 840 ὁρᾷν
1300 763 1553 839 πρόθεσιν
1611 763 1700 817 καὶ
1759 761 1901 816 οὕτω

261 852 601 928 θερμοτάτην
632 853 768 924 πρὸς
821 853 914 907 τὸν
967 853 1096 908 Θεὸν
1155 855 1394 928 ἀγάπην,
1455 850 1702 913 πολλοὺς
1754 851 1902 923 αὖτῷ

248 942 388 998 κατά
435 943 533 1010 την
591 935 799 1014 ἔρημον
860 941 1104 1016 ἐξήγειρε
1159 941 1515 1016 πειρασμοὺς,
1571 935 1899 996 ὑποϐάλλων

245 1031 399 1104 αὖτῷ
574 1033 802 1103 μνήμην
859 1038 959 1101 τῆς
1021 1031 1312 1107 βασιλικῆς
1370 1030 1535 1086 αὐτοῦ
1593 1027 1754 1102 δόξης
1811 1029 1900 1084 καὶ

249 1127 349 1191 τῆς
404 1121 820 1196 παρισταμένης
875 1120 1027 1192 αὐτῷ
1088 1119 1482 1195 λαμπροτάτης
1551 1115 1899 1194 δορυφορίας,

246 1209 426 1288 φίλων
457 1231 516 1265 τε
571 1210 663 1264 καὶ
723 1213 992 1286 συγγενῶν
1051 1209 1140 1264 καὶ
1201 1207 1516 1283 ὁμηλίκων,
1567 1208 1658 1264 καὶ
1717 1209 1792 1272 ὡς
1847 1208 1902 1262 αἱ

242 1303 462 1355 πάντων
491 1299 666 1374 ψυχαὶ
691 1305 791 1368 τῆς
849 1297 1015 1353 αὐτοῦ
1063 1301 1363 1374 ἐξήρτηντο
1420 1301 1632 1373 ψυχῆς,
1685 1297 1776 1352 καὶ
1805 1295 1900 1358 τάς

242 1388 418 1452 ἄλλας
452 1388 662 1451 ἀοέσεις
686 1393 785 1444 τοῦ
819 1387 962 1464 βίου’
1023 1389 1136 1444 εἶτα
1187 1391 1249 1444 τὸ
1304 1388 1483 1464 τραχὺ
1547 1395 1647 1458 τῆς
1705 1387 1902 1462 ἀρετῆς

241 1473 622 1554 προεϐάλλετο
652 1477 898 1540 καὶτοὺς
936 1475 1187 1541 πολλοὺς
1244 1479 1419 1548 αὐτῆς
1472 1475 1708 1552 ἱδρῶτας
1766 1480 1897 1548 (53),

241 1572 344 1624 τοῦ
378 1567 632 1641 σώματός
663 1588 721 1622 τε
757 1569 856 1638 τὴν
914 1567 1191 1623 ἀσθένειαν
1247 1567 1337 1623 καὶ
1388 1568 1450 1622 τὸ
1495 1566 1754 1637 ἀσύνηθες
1807 1564 1905 1620 αὐ-

245 1661 348 1714 τοῦ
379 1656 431 1712 ἐν
460 1660 530 1731 τῇ
588 1655 811 1730 τοιαύτῃ
869 1657 1242 1733 ταλαιπωρίᾳ,
1301 1657 1390 1712 καὶ
1445 1660 1541 1712 τοῦ
1592 1657 1794 1732 χρόνου
1841 1653 1904 1710 τὸ

251 1753 458 1820 μῆκος,
489 1746 587 1815 τήν
622 1745 673 1801 ἐν
709 1745 897 1821 χερσίν
928 1767 986 1801 τε
1046 1747 1279 1821 ανάγκην
1325 1749 1425 1812 τῆς
1473 1743 1656 1819 δίψης,
1709 1745 1798 1799 καὶ
1840 1743 1903 1798 τὸ

246 1832 571 1910 μηδαμόθεν
623 1832 938 1910 ἐκδέχεσθαι
991 1833 1585 1909 παράκλησινῆτέλος
1631 1837 1726 1889 τοῦ
1775 1853 1900 1888 τοσ-

245 1923 414 1979 ούτου
441 1924 635 1978 κόπου’
671 1924 759 1978 καὶ
793 1922 939 1986 ὃλως
971 1923 1147 1980 πολὺν
1200 1924 1345 1996 αὐτῷ
1391 1922 1577 1999 ἤγειρε
1619 1920 1900 1998 κονιορτὸν

238 2018 355 2069 τῶν
389 2012 676 2088 λογισμῶν
709 2011 762 2067 ἐν
794 2016 863 2086 τῇ
896 2010 1108 2085 διανοίᾳ
1135 2015 1273 2087 (54),
1296 2014 1434 2076 καθά
1481 2033 1586 2067 που
1636 2013 1726 2068 καὶ
1774 2011 1898 2085 περὶ

239 2107 344 2159 τοῦ
379 2101 623 2179 μεγάλου
654 2103 953 2180 γέγραπται
984 2107 1136 2161 341
1175 2103 1494 2161 Ἀντωνίου.

2020 585 2149 640 sitis
2178 602 2346 656 aquas
2378 587 2679 644 flammam
2712 588 3036 643 minuebat.

2077 678 2295 730 Atvero
2311 676 2412 732 ille
2426 677 2568 732 boni
2589 678 2865 732 inimicus
2891 684 2948 732 et
2968 674 3206 730 invidus
3227 671 3520 738 diabolus,
3544 672 3652 726 hu-

1999 763 2263 835 jusmodi
2284 767 2466 821 animi
2491 768 2829 823 institutum
2852 773 3029 838 atque
3054 781 3239 835 usque
3262 763 3408 817 adeo
3429 761 3651 815 arden-

2009 857 2128 908 tem
2177 855 2365 925 ipsius
2418 872 2554 928 erga
2604 858 2787 911 Deum
2838 856 3188 911 charitatem
3233 850 3651 924 indignissimo

2007 944 2208 998 animo
2239 947 2628 1016 perspiciens,
2665 947 2882 1001 multas
2913 946 3025 1017 ipsi
3059 946 3118 998 in
3151 942 3474 1000 solitudine
3524 945 3656 995 ten-

2009 1032 2262 1087 tationes
2285 1034 2598 1100 excitabat,
2651 1036 2826 1107 regias
2883 1034 3168 1089 nimirum
3216 1031 3404 1103 ipsius
3454 1029 3656 1101 gloriae

2009 1119 2630 1194 splendidissimaeque
2650 1124 2975 1179 satellitum
2991 1139 3226 1187 manus,
3245 1135 3360 1191 qua
3373 1118 3560 1190 ipsius
3573 1117 3656 1171 1a-

2010 1214 2106 1264 tus
2128 1210 2283 1282 cingi
2309 1211 2744 1283 solebat.atque
2759 1213 3086 1268 amicorum
3100 1212 3242 1265 item
3264 1216 3323 1264 et
3337 1207 3662 1277 aqualium

2007 1301 2360 1356 memoriam
2393 1301 2504 1372 ipsi
2536 1302 2862 1369 refricans;
2906 1300 3174 1372 illudque
3215 1300 3356 1354 item
3415 1297 3527 1368 ipsi
3576 1295 3651 1350 ob

2010 1389 2274 1444 animum
2299 1407 2657 1462 proponens,
2691 1391 2956 1446 omnium
2981 1391 3210 1446 animas
3229 1405 3298 1443 ex
3324 1387 3512 1458 ipsius
3527 1385 3658 1439 ani-

2010 1493 2108 1532 ma
2127 1478 2408 1549 pendere,
2435 1496 2501 1534 ac
2525 1479 2784 1550 reliquas
2810 1479 3065 1549 denique
3089 1478 3235 1533 alias
3260 1477 3508 1548 hujusce
3522 1473 3654 1528 vitae

2015 1566 2445 1622 oblectationes
2502 1568 2615 1639 ipsi
2661 1569 2968 1639 objiciens.
3027 1570 3104 1622 Ac
3146 1565 3362 1620 deinde
3423 1561 3661 1616 virtutis

2011 1655 2414 1726 asperitatem,
2446 1661 2624 1727 atque
2665 1657 2933 1728 ingentes
2969 1657 3096 1727 ejus
3120 1654 3365 1710 sudores
3390 1651 3501 1722 ipsi
3524 1667 3658 1721 pro-

2009 1745 2287 1817 ponebat,
2343 1747 2610 1818 corporis
2669 1747 3139 1802 imbecillitatem
3199 1751 3256 1800 et
3321 1743 3659 1812 inexpertas

2009 1840 2186 1906 atque
2219 1835 2483 1892 insuetas
2515 1853 2832 1904 aerumnas,
2869 1842 2926 1890 et
2955 1835 3239 1906 temporis
3263 1830 3660 1903 longinquita-

2011 1929 2152 1991 tem,
2185 1942 2253 1980 ac
2285 1931 2638 1997 praesentem
2671 1927 2799 1982 sitis
2853 1925 3324 1997 oppressionem,
3376 1919 3654 1993 quodque

2009 2013 2176 2068 nulla
2206 2031 2278 2069 ex
2302 2019 2467 2085 parte
2501 2015 2828 2070 consolatio
2858 2015 2982 2070 ulla
3011 2014 3122 2085 ipsi
3147 2010 3541 2083 exspectanda
3563 2024 3653 2064 es-

2010 2109 2119 2172 set,
2154 2108 2256 2158 aut
2286 2104 2435 2158 tanti
2465 2103 2686 2159 laboris
2733 2109 3032 2175 tantaeque
3079 2101 3440 2174 fatigationis
3491 2098 3652 2153 ﬁnis.

316 2196 402 2250 Ac
428 2194 686 2265 denique
715 2194 1018 2267 ingentem
1048 2196 1111 2249 in
1149 2194 1336 2266 ipsius
1364 2194 1587 2262 animo,
1616 2190 2117 2264 quemadmodum
2149 2191 2407 2263 quodam
2439 2191 2568 2248 loco
2600 2193 2671 2248 de
2702 2209 2915 2266 magno
2938 2192 3194 2248 Antonio
3219 2189 3521 2262 proditum
3540 2191 3648 2254 est,

241 2283 676 2356 cogitationum
709 2283 1013 2354 pulverem
1043 2282 1468 2339 commovebat.

319 2371 409 2430 Ὠς
443 2367 499 2424 δί
530 2367 662 2424 εἶδεν
699 2369 885 2424 ἐαυτὸν
921 2371 948 2425 ὁ
1004 2368 1202 2445 ἐχθρὸς
1253 2367 1571 2424 ἀσέενοῦντα
1621 2367 1755 2443 πρὸς
1811 2368 1906 2436 τήν

247 2457 467 2514 ἐκείνου
494 2459 748 2532 πρόθεσιν
804 2459 916 2531 (τὸν
974 2459 1202 2534 Χριστὸν
1262 2459 1367 2535 γάρ
1415 2457 1574 2522 αὐτὸς
1629 2456 1902 2529 ἐνθυμού-

250 2569 418 2621 μενος
449 2548 540 2602 καὶ
569 2552 651 2619 τῷ
680 2546 885 2602 ἐκείνου
944 2549 1100 2620 πόοῳ
1150 2547 1511 2626 φλεγόμενος,
1562 2545 1905 2622 ῥωννύμενύς

251 2657 321 2691 τε
349 2635 528 2698 καλῶς
558 2640 627 2708 τῇ
685 2633 869 2691 ἐλπίδι
917 2635 1008 2690 καὶ
1035 2640 1104 2710 τῇ
1145 2636 1320 2691 πίστει
1370 2636 1783 2710 στηριζόμενος,
1824 2633 1902 2695 εἷς

257 2722 415 2781 οὐδὲν
447 2726 538 2787 τὰς
570 2723 776 2780 ἐκείνου
825 2719 1134 2799 ὑπερϐολὰς
1180 2723 1498 2799 ἐλογίζετο),
1549 2722 1898 2798 κατῃσχύνθη

249 2816 283 2870 ὁ
317 2813 586 2887 πολέμιος
618 2814 675 2868 ἐκ
705 2814 950 2888 πρώτης,
985 2815 1014 2868 ὅ
1041 2810 1279 2888 λέγεται,
1330 2809 1652 2887 προσϐολῆς
1700 2810 1901 2880 πεσών,

244 2905 474 2979 Ἐτέραν
509 2903 599 2957 οὖν
633 2901 853 2978 ἔρχεται
884 2899 1010 2957 ὁδόν
1065 2900 1297 2976 (πολλαὶ
1347 2902 1451 2979 γὰρ
1501 2902 1649 2974 αὐτῷ
1699 2902 1752 2956 Il-
1801 2907 1900 2970 τῆς

241 2993 449 3054 κακίας
474 2986 700 3066 τρίϐοι),
730 2992 822 3046 καὶ
871 2991 1204 3064 σαντάσμασι
1257 2989 1537 3053 ποικίλοις
1585 2988 1900 3062 ἀνατρέπειν

245 3082 421 3138 αὐτὸν
445 3080 695 3155 ἐπειρᾶτο
720 3082 808 3135 καὶ
860 3080 935 3144 εἷς
1003 3079 1212 3136 δείλίαν
1269 3075 1554 3153 ἐμϐαλεῖν,
1613 3080 1745 3134 ποτὶ
1804 3078 1899 3151 μὶν

254 3171 436 3245 μέλας
464 3171 608 3243 αὐτῷ
665 3171 1018 3249 φαινόμενος,
1078 3170 1192 3232 οἷός
1247 3169 1380 3225 ἐστι·
1439 3170 1572 3224 ποτέ
1623 3167 1700 3237 δὲ,
1763 3167 1899 3244 ῥομ-

2091 2370 2373 2426 Utautem
2395 2370 2470 2426 ad
2492 2370 2969 2427 labefactandum
2989 2370 3176 2441 ipsius
3199 2367 3384 2424 animi
3409 2364 3658 2420 institu-

2016 2461 2142 2513 tum
2165 2459 2524 2515 imbecillem
2546 2461 2733 2515 hostis
2757 2460 2857 2515 ille
2881 2477 2942 2515 se
2964 2460 3109 2514 vidit
3144 2457 3466 2529 (Christum
3499 2453 3661 2509 enim

2016 2548 2142 2619 ipse
2167 2549 2277 2603 sibi
2298 2549 2369 2604 ob
2385 2549 2650 2604 animum
2673 2554 3221 2621 proponens,atque
3236 2547 3422 2618 ipsius
3439 2543 3665 2598 deside-

2015 2638 2104 2692 rio
2120 2638 2775 2708 inﬂammatusspeque
2797 2639 3025 2710 egregie
3048 2638 3529 2699 conﬁrmatus,ac
3543 2633 3658 2688 ﬁde

2017 2726 2495 2794 subnixus,illius
2516 2728 2835 2781 instinctus
2863 2733 2920 2781 et
2939 2726 3188 2781 consilia
3214 2741 3318 2795 pro
3340 2722 3529 2777 nihilo
3552 2722 3663 2776 du-

2013 2817 2226 2888 cebat),
2254 2817 2478 2887 pudore
2501 2819 2762 2871 suffusus
2791 2821 2898 2884 est,
2923 2821 3124 2887 utpote
3148 2815 3221 2868 ad
3258 2814 3540 2884 primum,
3593 2814 3661 2864 ut

2015 2905 2130 2960 dici
2157 2905 2326 2973 solet,
2348 2907 2636 2976 impetum
2660 2910 3008 2976 prostratus.
3033 2900 3662 2974 Quapropteralteram

2012 2994 2164 3048 viam
2187 2994 2338 3048 inire
2360 2995 2537 3064 coepit
2563 2994 2800 3054 (multas
2846 2994 3064 3064 quippe
3097 2992 3209 3062 ipsi
3240 2991 3366 3044 vitii
3413 2987 3655 3044 semitas

2011 3083 2234 3155 habet),
2258 3101 2326 3139 ac
2347 3085 2523 3140 variis
2545 3085 2794 3156 spectris
2819 3101 2953 3139 eum
2979 3089 3238 3137 evertere
3261 3080 3513 3150 atquein
3529 3094 3655 3133 me-

2012 3178 2138 3226 tum
2151 3174 2447 3244 conjicere
2463 3173 3229 3241 nitebatur.Nonnunquam
3252 3169 3410 3224 enim
3435 3166 3663 3238 aterip-

254 3228 266 3245 .
422 3228 432 3233 -
581 3228 591 3243 .
678 3228 688 3249 .
834 3228 844 3244 .
981 3228 1018 3238 -.
1181 3228 1190 3232 -
1688 3228 1700 3237 .
1763 3228 1771 3244 .
1833 3228 1843 3240 .

244 3262 418 3337 φαίαν
475 3259 816 3332 ἐσπασμένην
900 3259 1174 3336 κατέχων,
1245 3257 1491 3330 ἐπεπήδα
1558 3258 1726 3330 αὐτῷ,
1809 3258 1900 3312 καὶ

2015 3261 2158 3329 si,ut
2173 3263 2614 3334 est,apparebat
2627 3278 3080 3331 ;nonnunquam
3103 3276 3308 3314 rursus
3326 3258 3660 3312 districtum

238 3347 479 3420 πατᾶξαι
511 3348 757 3419 ἠπείλει,
790 3348 835 3403 εἰ
864 3349 941 3422 μὴ
976 3354 1167 3412 θᾶττον
1201 3347 1278 3410 εἷς
1327 3349 1394 3403 τὰ
1442 3347 1619 3402 ὸπίσω
1667 3354 1898 3423 στραφῆ·

242 3439 460 3495 ἄλλοτε
491 3437 697 3512 θηρίων
733 3438 1016 3512 ὑπήρχετο
1068 3437 1431 3492 παντοδαπῶν
1485 3436 1719 3514 μορφὰς,
1772 3437 1906 3512 βρυ-

250 3529 378 3603 χῶν
406 3529 522 3582 κατ’
551 3527 716 3581 αὐτοῦ
777 3527 865 3580 καὶ
911 3523 1218 3581 δεινότατον
1275 3524 1556 3581 ἀποτελῶν
1617 3525 1904 3598 μυκηθμὸν

243 3618 348 3673 καὶ
379 3617 572 3693 ψόφον·
609 3617 721 3670 εἶτα
773 3614 864 3669 καὶ
913 3615 988 3676 εἰς
1041 3613 1308 3688 δράκοντα
1357 3619 1770 3693 μετεμορφοῦτο
1813 3614 1902 3670 καὶ

245 3704 456 3762 ἀσπίδα
486 3704 576 3759 καὶ
612 3701 929 3779 βασιλίσκων
1128 3705 1188 3761 Ὀ
1239 3702 1296 3759 δὲ
1345 3704 1514 3766 καλὸς
1565 3703 1766 3768 ἐκεῖνος
1815 3703 1902 3758 καὶ

242 3793 630 3869 γενναιότατος
672 3791 921 3862 ἀθλητὴς
980 3792 1216 3866 ἀτρέμας
1273 3797 1338 3862 ἦν
1385 3795 1487 3862 τὴν
1545 3797 1752 3869 ψυχήν,
1811 3793 1904 3848 ἆτε

248 3879 322 3950 δὴ
355 3885 444 3936 τὸν
497 3881 718 3955 ὕψιστον
781 3883 970 3937 ἐαττοῦ
1027 3884 1337 3960 καταφυγὴν
1397 3884 1641 3956 θέμενος.
1696 3885 1899 3960 Νήφων

247 3969 314 4026 δὶ
341 3975 432 4044 ,τῇ
493 3968 709 4042 διανοίᾳ
763 3972 849 4025 καὶ
911 3976 1020 4044 (56)
1076 3969 1418 4046 κατεγγελῶν
1475 3978 1572 4027 τοῦ
1629 3978 1902 4044 πονηροῦ,

244 4056 464 4135 ἔλεγεν*
525 4060 640 4117 Οὐκ
697 4054 885 4122 ἔλαθές
946 4081 1032 4132 με,
1093 4062 1137 4114 ὧ
1188 4062 1456 4130 ἀπατεὼν,
1516 4061 1665 4124 ὅστις
1750 4063 1814 4128 εἴ,
1875 4063 1901 4116 ὁ

240 4151 421 4203 ταῦτά
453 4170 547 4222 μοι
598 4147 840 4225 ἐγείρων,
875 4150 903 4202 ὁ
937 4147 989 4220 ἐξ
1047 4150 1227 4224 ἀρχῆς
1283 4151 1423 4204 κακᾶ
1481 4151 1900 4224 τεκταινόμενος

241 4243 362 4293 τῶν
399 4237 699 4314 ἀνθρώπων
731 4237 812 4309 τῷ
840 4239 1002 4313 γένει,
1062 4238 1153 4292 καὶ
1206 4239 1285 4293 ἀεί
1337 4259 1470 4294 ποτε
1526 4241 1768 4315 πονηρὸς
1827 4241 1899 4295 ὢν

241 4328 343 4384 καὶ
397 4329 460 4382 τὸ
521 4326 778 4402 βλάπτειν
866 4324 1125 4399 οὐδαμῶς
1191 4328 1528 4384 ἀπολείπων.
1608 4327 1767 4384 Ἀλλ’
1825 4330 1902 4391 ὡς

244 4417 543 4491 προσῆκόν
574 4416 754 4470 σοιτὸ
814 4423 1007 4490 σχῆμα
1061 4417 1151 4469 καὶ
1210 4415 1566 4486 οἰκειότατον,
1627 4417 1775 4490 αὐτῷ
1833 4417 1898 4488 δὴ

245 4506 437 4577 τούτῳ
487 4510 566 4576 τῷ
620 4503 832 4580 Θηρίοις
890 4505 979 4559 καὶ
1037 4505 1283 4578 ἑρπετοῖς
1341 4508 1493 4564 342
1553 4507 1899 4578 ὁμοιοῦσθαι,

2011 3350 2276 3422 gladium
2320 3357 2550 3417 tenens,
2585 3352 2646 3405 in
2683 3367 2820 3405 eum
2847 3351 3135 3420 impetum
3164 3347 3438 3413 faciebat,
3477 3361 3658 3416 seque

2016 3455 2175 3506 eum,
2202 3440 2320 3495 nisi
2342 3457 2520 3511 quam
2543 3439 2802 3511 primum
2825 3439 2897 3494 ab
2923 3439 3195 3494 instituto
3219 3436 3498 3502 resiliret,
3521 3451 3658 3506 per-

2014 3546 2330 3586 cussurum
2348 3530 2705 3586 minabatur.
2737 3529 3102 3598 Quandoque
3132 3545 3340 3583 rursus
3369 3527 3664 3581 variarum

2012 3617 2341 3672 bestiarum
2358 3617 2611 3673 formam
2635 3618 2890 3685 subibat,
2909 3617 3190 3672 adversus
3208 3617 3404 3687 ipsum
3423 3614 3665 3686 rugiens

2015 3721 2083 3761 ac
2131 3722 2418 3777 perquam
2472 3707 2839 3761 horrendum
2882 3706 3171 3778 mugitum
3229 3710 3287 3759 et
3349 3703 3665 3773 strepitum

2016 3796 2198 3851 edens
2221 3815 2235 3863 ;
2270 3800 2446 3866 atque
2472 3796 2649 3850 etiam
2675 3796 2736 3850 in
2757 3795 3034 3850 draconis
3055 3799 3115 3850 et
3139 3793 3362 3865 aspidis
3389 3797 3447 3846 et
3475 3790 3664 3863 reguli

2011 3885 2263 3940 formam
2297 3901 2424 3940 sese
2458 3885 2708 3941 subinde
2727 3885 3100 3940 immutabat.
3126 3887 3198 3938 At
3223 3879 3663 3954 praeclarusille

2015 3991 2082 4029 ac
2113 3975 2566 4030 strenuissimus
2593 3975 2756 4047 pugil
2782 3973 3103 4044 tranquillo
3135 3972 3335 4029 animo
3367 3970 3662 4025 consiste-

2015 4062 2134 4130 bat,
2167 4064 2351 4134 utqui
2385 4064 2778 4130 Altissimum,
2811 4063 3142 4135 perfugium
3171 4076 3345 4115 suum
3368 4058 3664 4129 posuisset

2013 4151 2184 4224 (Psal.
2205 4154 2316 4217 xc).
2347 4159 2425 4208 Ac
2446 4158 2643 4207 mente
2668 4153 2984 4217 excubans,
3001 4149 3468 4222 pestiferumque
3487 4145 3664 4216 spiri-

2014 4245 2139 4296 tum
2189 4242 2466 4307 irridens,
2500 4242 2769 4297 dicebat:
2805 4244 2931 4296 Non
2963 4257 3056 4295 me
3087 4240 3254 4311 fugit,
3287 4255 3319 4292 o
3351 4237 3662 4307 impostor,

2013 4332 2259 4403 quinam
2306 4331 2408 4398 sis,
2442 4331 2545 4400 qui
2577 4331 2702 4384 haec
2735 4331 2795 4384 in
2828 4346 2921 4384 me
2954 4329 3206 4384 excites:
3241 4326 3525 4381 nimirum
3558 4323 3659 4394 qui

2005 4420 2283 4493 jaminde
2309 4419 2380 4472 ab
2404 4419 2573 4472 initio
2599 4419 2941 4472 mortalium
2963 4418 3163 4490 generi
3189 4415 3510 4488 perniciem
3537 4429 3661 4466 mo-

2014 4511 2316 4576 liaris,nec
2338 4525 2599 4577 unquam
2619 4508 2981 4580 improbitati
2999 4507 3233 4562 studere
3254 4523 3322 4561 ac
3335 4520 3658 4560 nocumen-

239 4596 311 4652 τὸ
341 4591 612 4670 θηριῶδές
641 4614 736 4649 σου
765 4600 864 4662 τῆς
891 4593 1122 4670 γνώμης
1151 4593 1242 4648 καὶ
1291 4593 1536 4663 σκολιὸν,
1593 4590 1813 4650 ἰοϐόλον
1843 4617 1900 4651 τε

2014 4603 2134 4653 tum
2162 4597 2381 4652 inferre
2405 4596 2663 4652 desinas.
2688 4599 2769 4652 Ac
2796 4614 2937 4652 sane
2953 4612 3131 4668 quam
3153 4596 3399 4668 pulchre
3429 4593 3533 4648 tibi
3558 4593 3653 4647 hic

237 4685 337 4741 καὶ
397 4682 697 4760 βλαπτικὸν
755 4689 858 4752 τῆς
913 4685 1246 4758 πρσιρέσεως
1297 4681 1690 4757 ἐνδεικνυμένῳ
1750 4687 1896 4757 (ὕ3)ί

238 4776 313 4832 Τί
350 4773 446 4828 οὖν
476 4771 758 4843 ἀνηνύτοις
789 4770 1109 4846 ἐπιχειρεῖς,
1143 4770 1336 4843 ἄθλιε;
1379 4773 1528 4844 ἐξότε
1574 4774 1676 4848 γὰρ
1729 4773 1901 4849 ἔγνων

2005 4687 2240 4742 habitus
2258 4686 2528 4758 quadrat!
2556 4689 2701 4742 Nam
2723 4689 2835 4742 hoc
2857 4689 2984 4758 ipso
3008 4687 3166 4757 quod
3188 4685 3406 4740 bestias
3431 4688 3488 4738 et
3519 4699 3651 4753 rep-

2004 4776 2644 4843 tiliaimitaris,mentis
2660 4783 2773 4831 tua:
2794 4777 3089 4831 feritatem
3108 4782 3168 4831 et
3186 4773 3654 4846 perversitatem,

309 4982 429 5053 (572)
462 4982 509 5053 ᾼ
540 4980 667 5053 sine
697 4975 864 5049 αὐτῷ.
899 4978 1460 5053 Restituam_obiter
1497 4979 1775 5053 Luciano,
1810 4983 1978 5037 Asin.
2010 4984 2102 5051 23,
2133 4982 2426 5047 voculam,
2456 4998 2574 5053 qua
2621 4999 2815 5053 neque
2860 4999 3062 5037 carere
3113 4982 3360 5053 videtur,
3407 4995 3659 5053 quaeque

233 5046 450 5109 addita
479 5051 592 5106 loci
623 5046 888 5122 leporem
918 5051 1155 5121 augebit
1181 5068 1192 5105 :
1225 5046 1270 5102 ὦ
1298 5048 1435 5104 καλὲ
1464 5051 1548 5116 σὺ,
1583 5058 1675 5107 est
1704 5046 1862 5109 edita
1894 5055 1900 5107 l

2014 5046 2106 5119 io}
2145 5055 2330 5109 codex
2366 5046 2566 5107 autem
2595 5046 2736 5107 1310
2765 5055 3020 5119 exhibet,
3056 5053 3100 5105 ὧ
3130 5051 3263 5106 καλὲ
3293 5046 3380 5104 ὅνε
3411 5046 3495 5107 σύ.

314 5125 433 5196 (53)
465 5115 818 5196 Dictumest
849 5115 1085 5196 Hesiodi
1120 5122 1340 5196 nobile,
1373 5115 1767 5196 quod’auctor
1796 5127 2074 5196 respexit,
2097 5115 2219 5180 aut
2274 5141 2434 5196 non;
2487 5131 2570 5196 ut_
2607 5132 2664 5178 et
2716 5143 2774 5196 p.
2831 5130 2950 5180 197.
3003 5115 3216 5196 Confer

3304 5142 3394 5178 uas
3450 5122 3655 5175 monui

237 5193 331 5270 ad
353 5194 490 5270 Hes.
524 5197 668 5266 Opp.
700 5195 826 5270 287.
863 5194 1256 5270 lsidorusPel
1305 5212 1359 5270 v,
1389 5193 1526 5270 48ος
1555 5195 1686 5254 Τοῖς
1718 5200 1819 5270 τῆς
1867 5193 1900 5249 ἆ

2014 5203 2060 5270 ἧς
2099 5195 2312 5270 πόνοιςΔ
2346 5194 2405 5249 ἐκ
2461 5193 2685 5267 πρώτης
2716 5193 2912 5270 “μὲχρι
2969 5195 3228 5263 τελευτῆς
3285 5193 3656 5269 ἐγκαρτερῆσα

239 5264 361 5339 δΰχ
386 5265 508 5341 αἷόν
536 5263 632 5341 te,“
651 5266 726 5336 μὴ
749 5271 848 5333 τῆς
877 5263 1215 5341 προσδοκίας
1245 5269 1355 5341 τῶν
1384 5263 1919 5341 γερῶνμκιρναμένης
1946 5263 2130 5341 ἡρέμα
2158 5272 2240 5339 τῷ
2268 5264 2480 5341 ἱδρῶτι.

465 5323 661 5424 ger-ba.
685 5323 1159 5424 sunt;At.h‘anasii
1198 5323 1324 5424 liita
1355 5323 1658 5424 itnllt‘onii'g
1678 5342 1731 5405 5,
1757 5323 1900 5424 qui"

2014 5323 2064 5396 ιέ
2093 5323 2511 5424 co‘ni'el‘e'ndus.
2549 5341 2612 5403 A,
2636 5337 3102 5424 ‘égvﬁystpev‘a‘t’nfp
3133 5336 3336 5393 κόνιον.

461 5410 614 5484 Psal.
660 5425 748 5477 xc,
773 5412 904 5484 ,13ῗντλ
926 5409 1047 5484 Ἐπὶ
1081 5405 1283 5462 ἀσπίδα
1439 5405 2049 5484 βασικίσκονμέπιϐήσῃ,
2083 5412 2171 5466 καὶ
2206 5411 2603 5478 καταπατήσεις
2636 5405 2946 5484 λέοντακαὶ
2981 5405 3266 5483 δράκοντα.

315 5477 516 5557 (56)_A
546 5483 674 5557 sine
699 5479 810 5534 καὶ.
837 5481 1262 5557 Philostratus,
1297 5477 1479 5557 Epist.
1513 5484 1622 5557 26_:
1658 5481 1719 5536 Ὁ
1766 5477 1848 5557 δὲ-
1869 5482 1900 5557 '_l

2014 5477 2081 5553 ἧς
2131 5487 2278 5555 κομᾷ
2331 5477 2589 5557 κροτάφῳ
2645 5480 2735 5535 καὶ
2775 5486 2901 5557 τοῖς
2959 5477 3206 5557 σφυρυῖς.
3268 5486 3392 5538 Non
3424 5482 3658 5557 impor-

243 5560 398 5609 tune
427 5552 649 5627 duplici
683 5551 895 5627 copula
917 5552 1100 5607 codex
1133 5553 1311 5627 Yaiic.
1345 5550 1482 5627 14ος
1513 5552 1603 5605 καὶ
1625 5571 1786 5627 agor.
1825 5554 1900 5627 Dii

2023 5550 2227 5627 Chrys.
2259 5550 2408 5611 orat.
2444 5550 2530 5622 ll,
2563 5550 2711 5627 pag.
2764 5556 2886 5623 310,
2936 5550 3015 5609 2Ξ
3065 5550 3160 5611 Καὶ
3205 5558 3374 5609 ταῦτα
3421 5550 3660 5607 αὐλούν-

249 5644 369 5678 των
399 5623 492 5697 καὶ
512 5619 1112 5697 ’ᾀδόντωνῇἆλνέχονταιτ
1135 5623 1330 5697 Codex
1357 5626 1518 5697 295§,
1548 5624 1640 5678 καὶ
1669 5619 1720 5682 τ.
1755 5623 1900 5697 καὶᾂα

2035 5619 2159 5684 Nec
2181 5627 2242 5683 id
2274 5628 2404 5683 sine
2425 5627 2500 5681 vi.

324 5696 438 5768 (57)
469 5690 580 5767 AC,
615 5692 746 5750 αὐτὸ
776 5690 844 5765 δὴ
873 5690 1035 5751 τοῦτο
1063 5695 1125 5750 τὸ
1154 5704 1253 5759 θ...
1281 5690 1550 5769 θηριῶδες
1580 5713 1757 5756 που...
1789 5692 2210 5773 ἐνδεικνύμενος.
