4040 6204
451 355 592 414 1245

1984 351 2323 407 ADDENDA
2335 391 2348 406 .

3637 368 3733 424 ιω

448 481 822 539 inferendam
860 480 1393 552 promptitudinem
1407 479 1802 535 demonstras.
1825 476 1972 543 Quid
1994 476 2101 549 igi-

2220 481 2319 544 τῆς
2379 481 2477 545 σῆς
2534 479 2670 533 εἶναι
2726 479 2915 543 κακίας
2970 480 3037 534 τὰ
3097 482 3449 555 μηχανήματα
3494 489 3627 541 ταῦτα
3677 494 3734 545 καὶ

449 578 602 640 tur,o
623 573 904 638 miser,ea
928 572 1268 642 aggrederis
1289 588 1416 641 quae
1434 571 1730 625 conﬁcere
1748 586 1868 623 non
1891 572 2059 639 potes
2077 564 2105 621 ?

447 664 527 716 Ex
540 678 657 731 quo
677 661 835 715 enim
852 662 956 715 has
976 666 1132 715 artes
1150 665 1326 730 atque
1342 660 1467 714 haac
1482 666 1714 731 spectra
1728 675 1761 713 a
1780 664 1878 712 tua
1891 658 2103 728 impro-

447 752 628 807 bitate
652 751 946 821 proficisci
970 750 1431 821 comperi,nulla
1450 750 1579 821 jam
1604 750 1742 803 hinc
1758 747 2108 804 sollicitudi-

448 857 523 895 ne
541 840 788 895 afﬁcior.
816 840 1096 894 Dominus
1118 839 1265 893 mihi
1282 839 1521 910 adjutor
1542 856 1554 892 :
1576 844 1634 894 et
1655 855 1759 909 ego
1784 836 2105 907 despiciam

447 929 724 984 inimicos
779 944 945 983 meos
995 929 1160 989 (Psal.
1213 929 1399 999 cxvn).
1445 930 1514 982 Et
1544 944 1721 998 super
1750 926 2019 997 aspidem
2050 922 2109 978 et

444 1017 814 1083 basiliscum,
848 1032 1101 1087 quorum
1133 1018 1194 1071 in
1230 1017 1685 1072 similitudinem
1739 1013 2106 1086 expressisti,

457 1106 982 1177 ambulabo,atque
1013 1106 1227 1160 Christi
1254 1107 1519 1177 potentia
1541 1103 2110 1167 corroboratus,leo-

453 1212 595 1252 nem
627 1201 684 1251 et
710 1196 1029 1251 draconem
1061 1196 1421 1251 conculcabo
1455 1197 1621 1261 (Psal.
1681 1196 1794 1266 xc).
1848 1193 2107 1248 Confun-

452 1284 672 1341 dantur
702 1290 761 1340 et
789 1285 1149 1340 erubescant
1179 1302 1389 1340 omnes
1422 1285 1649 1339 inimici
1683 1284 1822 1349 mei,
1858 1282 2105 1338 confun-

452 1373 670 1429 dantur
701 1378 759 1427 et
792 1374 1149 1429 erubescant
1180 1374 1350 1429 valde
1382 1374 1667 1428 velociter
1696 1372 1868 1443 (Psal.
1902 1372 1997 1443 v1).

522 1464 639 1518 Hac
672 1463 942 1517 oratione
971 1468 1167 1529 utens,
1203 1463 1517 1534 crucisque
1556 1463 1743 1535 signo,
1777 1462 1887 1515 hoc
1910 1466 1999 1515 est
2019 1460 2109 1515 in-

448 1553 618 1608 victis
641 1552 823 1606 armis
850 1552 1119 1623 seipsum
1151 1552 1418 1625 cingens,
1445 1552 1647 1607 omnia
1677 1551 1897 1606 diaboli
1943 1565 2112 1621 spec-

452 1646 543 1696 tra
561 1641 727 1695 irrita
741 1639 1352 1695 reddidit.Confestim
1383 1641 1546 1695 enim
1566 1641 1768 1694 bestia}
1791 1656 1857 1694 ac
1874 1638 2113 1710 reptilia

453 1731 643 1785 instar
670 1729 815 1784 fumi
859 1735 1246 1799 evanuerunt,
1282 1735 1339 1783 et
1369 1730 1522 1784 sicut
1551 1729 1684 1784 fluit
1736 1745 1871 1783 cera
1900 1745 1934 1782 a
1961 1727 2110 1782 facie

453 1822 606 1894 ignis
637 1822 807 1892 (Psal.
842 1822 1030 1891 vau).
1064 1825 1194 1892 Ipse
1226 1827 1424 1876 autem
1447 1821 1662 1875 Christi
1682 1820 1949 1893 potentia
1970 1836 2109 1875 con-
2141 1852 2187 1915 Β

455 1910 745 1977 ﬁrmatus,
778 1909 913 1964 laato
944 1909 1147 1964 animo
1181 1910 1687 1980 proﬁciscebatur,
1720 1911 1956 1980 Deoque
1979 1924 2111 1979 gra-

454 1998 567 2053 tias
598 1999 827 2071 agebat.
866 2001 937 2053 At
968 1999 1148 2053 etiam
1181 2000 1519 2069 complures
1546 2016 1612 2053 ac
1660 1999 1832 2053 varia)
1882 1998 2109 2064 bestiaa,

453 2087 719 2157 variique
751 2088 985 2159 generis
1017 2092 1324 2157 serpentes
1356 2093 1414 2141 et
1444 2088 1755 2153 dracones,
1790 2104 1938 2157 quos
1971 2086 2110 2141 soli-

462 2176 606 2231 tudo
630 2176 734 2229 illa
766 2176 1087 2245 nutriebat,
1121 2177 1233 2246 ipsi
1267 2182 1668 2243 occurrentes,
1704 2192 1825 2230 non
1849 2176 1977 2247 jam
2009 2190 2115 2245 per

455 2264 635 2318 inane
678 2271 1000 2334 spectrum,
1036 2264 1140 2318 sed
1161 2282 1223 2318 re
1249 2281 1387 2319 vera
1418 2266 1490 2319 ab
1522 2266 1649 2335 ipso
1691 2264 2111 2321 cernebantur.

462 2354 545 2407 Ex
576 2369 691 2423 quo
724 2352 1096 2406 efﬁciebatur
1126 2358 1190 2407 ut
1210 2358 1402 2407 metus
1425 2353 1665 2424 quidem
1688 2370 1755 2407 ac
1784 2352 2005 2407 laboris
2022 2352 2117 2407 via

459 2441 642 2513 plena
676 2447 853 2505 esset,
887 2441 1013 2512 ipse
1047 2446 1244 2496 autem
1277 2447 1596 2513 utrumque
1627 2442 1827 2497 animo
1869 2446 1927 2496 et
1957 2441 2117 2513 cogi-

459 2531 685 2585 tatione
717 2535 1042 2595 superaret.
1078 2533 1221 2586 Nam
1241 2536 1299 2585 et
1322 2537 1548 2585 metum
1571 2532 1852 2599 charitas,
1884 2535 1950 2585 ut
1972 2530 2119 2585 Scri-

460 2626 652 2693 pturaa
683 2621 875 2675 verbis
906 2626 1057 2685 utar,
1089 2622 1247 2677 foras
1279 2622 1551 2678 mittebat
1599 2624 1653 2693 (Ι
1698 2625 1859 2677 Joan.
1912 2622 2007 2693 ιν),
2060 2626 2118 2676 et

458 2709 723 2764 laborem
757 2709 1049 2781 cupiditas
1080 2710 1331 2765 levabat.
1357 2711 1442 2765 Ad
1465 2712 1623 2765 hunc
1648 2711 1848 2781 itaque
1873 2711 2116 2765 modum

459 2814 595 2853 cum
628 2797 831 2852 multis
863 2804 920 2852 et
949 2798 1124 2853 variis
1158 2799 1595 2855 calamitatibus
1627 2805 1685 2854 et
1702 2800 1987 2855 mrumnis
2013 2818 2119 2871 per

460 2885 587 2940 dies
620 2886 777 2940 haud
809 2902 1027 2957 paucos
1076 2887 1452 2955 colluctatus,
1512 2887 1584 2941 ad
1636 2887 2115 2943 Sennaaritidem

460 2972 626 3027 illam
659 2973 1043 3029 solitudinem
1067 2975 1128 3028 in
1152 2991 1269 3046 qua
1287 2975 1555 3030 Barlaam
1578 2975 1885 3031 habitabat
1910 2992 2116 3047 perve-

463 3062 572 3117 nit.
606 3062 710 3117 Ubi
743 3063 921 3118 etiam
953 3080 1170 3134 aquam
1204 3070 1433 3128 nactus,
1487 3064 1614 3119 sitis
1656 3064 1958 3121 ﬂammam
1998 3082 2117 3121 res-

462 3152 657 3206 tinxit.

530 3242 662 3297 Cu"
694 3241 985 3297 XXXVIII.
1023 3273 1087 3283 —
1116 3243 1399 3314 Josaphat
1429 3249 1627 3299 autem
1677 3242 1987 3298 biennium
2019 3243 2113 3297 in-

463 3335 692 3403 tegrum
716 3331 777 3386 in
799 3331 907 3386 hac
930 3332 1266 3388 vastissima
1284 3332 1607 3387 solitudine
1630 3333 1870 3400 mansit,
1898 3333 2013 3387 huc
2031 3338 2121 3387 at-

462 3437 575 3491 que
603 3420 745 3476 illuc
771 3421 1078 3489 oberrans,
1105 3439 1215 3477 nec
1242 3422 1615 3477 Barleamum
1642 3422 1975 3487 inveniens,
2000 3423 2117 3477 Deo

461 3509 749 3564 nimirum
764 3510 860 3564 hic
874 3527 1109 3581 quoque
1123 3512 1303 3566 animi
1328 3512 1513 3582 ipsius
1532 3512 1875 3567 ﬁrmitatem
1889 3528 1955 3567 ac
1971 3518 2117 3566 stre-

462 3598 754 3653 nuitatem
771 3599 1222 3669 explorante.Ac
1237 3602 1320 3655 sic
1334 3601 1459 3663 ,sub
1474 3601 1569 3655 dio
1587 3601 1957 3674 degens,tum
1972 3607 2119 3656 aastu

464 3686 885 3757 conﬁagrabat,
912 3692 1034 3742 tum
1065 3689 1285 3760 frigore
1315 3690 1643 3762 obrigebat,
1693 3690 2116 3762 praastantissi-

466 3790 620 3829 mum
643 3774 808 3829 illum
826 3793 1027 3831 senem
1042 3778 1199 3832 velut
1211 3779 1519 3849 quemdam
1533 3780 1791 3853 ingentis
1805 3780 1978 3851 pretii
1996 3780 2117 3833 the-

471 3880 713 3918 saurum
729 3882 992 3935 quzerere
1007 3883 1311 3937 nunquam
1328 3869 1751 3925 intermittens.
1763 3869 1970 3924 Multas
1982 3886 2119 3939 por-

466 3969 531 4007 ro
546 3954 962 4024 pestiferorum
979 3955 1293 4026 spirituum
1310 3959 1761 4025 tentationes,ac
1774 3958 1961 4013 multa
1974 3975 2118 4029 prai-

463 4040 543 4095 lia
558 4041 1411 4114 sustinebat,multosqueitem
1427 4045 1681 4113 labores,
1707 4045 1779 4099 ob
1796 4045 2117 4101 herbarum

465 4129 682 4200 quibus
696 4130 768 4185 de
780 4148 945 4186 more
959 4132 1091 4187 victi
1103 4133 1601 4204 tabat,penuriam
1616 4134 2117 4205 perferebat;quo-

463 4220 627 4274 niam
650 4220 878 4275 scilicet
898 4221 1003 4276 has
1018 4238 1254 4293 quoque
1270 4223 1529 4279 solitudo
1546 4240 1614 4279 ea
1627 4228 1691 4278 ut
1704 4240 1834 4294 qum
1851 4223 2115 4277 siccitate

462 4307 781 4379 laboraret,
800 4327 976 4381 parce
999 4312 1321 4367 admodum
1346 4312 1721 4385 produceret.
1751 4314 1966 4369 Verum
1985 4312 2117 4369 ada-

539 4432 651 4504 (58)
682 4434 838 4490 Psal.
872 4452 1042 4504 cxvn,
1077 4440 1128 4492 7.

539 4444 627 4501 (58
686 4444 838 4490 Psal.
872 4452 1042 4504 cxvn,
1077 4444 1128 4492 7.

539 4444 651 4579 (Ξξῼ)
682 4505 847 4579 Conf.
884 4524 1061 4579 supra
1092 4512 1214 4562 not.
1249 4510 1338 4563 55.

2216 558 2485 641 φόϐητρα.
2520 565 2746 639 οὐδεμία
2780 590 2873 641 μοι
2905 567 3102 623 λοιπὸν
3162 566 3235 623 ἔτι
3294 568 3394 624 ἐστὶ
3444 576 3621 648 φροντὶς
3658 582 3737 654 περῖ

2216 656 2330 709 σοῦ.
2368 652 2567 728 Κύριος
2596 658 2704 729 (58)
2737 656 2861 729 ἐμοὶ
2928 658 3151 731 βοηθὸς,
3205 659 3346 733 κάγὼ
3399 657 3624 735 ἐπόψομαι
3659 652 3740 729 τῶς

2218 740 2451 817 ἐχθρούς
2485 766 2611 816 μου,
2643 746 2732 800 xui
2764 746 2852 800 ἐπὶ
2885 744 3083 801 ἄσπίδα
3126 747 3215 801 xui
3271 746 3552 822 βασιλίσκον
3587 774 3632 807 σε
3667 754 3744 810 ἑτι-

2216 826 2460 905 δήσομαι
2520 837 2603 895 οἷς
2663 836 2974 908 ὁμοιοῦσαι,
3033 837 3125 890 xui
3207 842 3538 907 καταπατήσω
3594 864 3636 896 σε
3687 848 3744 899 τὸγ

2217 920 2409 976 λέοντα
2436 922 2524 976 xui
2557 920 2818 998 δράκοντα
2863 929 2997 998 (59),
3063 929 3132 999 τῇ
3193 924 3403 999 δυνάμει
3452 933 3535 983 τοῦ
3581 931 3748 1006 Χριστοῦ

2215 1011 2664 1086 κραταιούμενος.
2780 1013 3206 1089 Λίσχυνθείησαν
3298 1018 3382 1070 καὶ
3458 1016 3752 1094 ἐντραπείησπν

2216 1100 2411 1163 πάντες
2442 1102 2492 1156 οἱ
2551 1102 2739 1179 ἐχθροί
2792 1124 2921 1177 μου·
2980 1104 3439 1182 ἀποστραφείησαν
3488 1109 3564 1162 καὶ
3612 1129 3752 1164 καται-

2218 1193 2580 1265 σχυνθείησαν
2609 1190 2818 1272 σφόδρα
2849 1191 2937 1249 διὰ
2964 1196 3171 1271 τάχους
3195 1199 3324 1269 (60).

2288 1463 2463 1514 Ταῦτα
2492 1458 2690 1535 λέγων,
2722 1462 2813 1517 xui
2859 1464 2920 1518 τὸ
2964 1469 3195 1537 σημεῖον
3252 1470 3348 1519 τοῦ
3399 1471 3601 1540 σταυροῦ
3646 1470 3767 1541 ἑαυτῷ

2217 1544 2531 1624 περιϐαλὼν
2593 1548 2765 1605 ὅπλον
2849 1553 3305 1629 ἀκαταγώνιστον,
3368 1557 3526 1618 πάσας
3582 1559 3657 1619 τὰς
3706 1564 3772 1612 τοῦ

2221 1634 2484 1693 διαϐόλου
2541 1640 2835 1715 φαναασίας
2893 1645 3258 1717 κατήργησεν.
3317 1644 3478 1708 Εὐθὺς
3526 1648 3611 1720 γὰρ
3656 1648 3705 1700 τά
3736 1668 3773 1700 τε

2219 1726 2379 1799 θηρία
2408 1728 2595 1783 καὶτὰ
2626 1729 2843 1804 ἑρπετά,
2905 1731 2982 1792 ὡς
3030 1729 3271 1786 ἐκλείπει
3318 1733 3529 1801 καπνὸς,
3574 1731 3775 1805 ἐξέλιπον,

2218 1814 2307 1869 καὶ
2349 1817 2424 1877 ὡς
2480 1818 2703 1887 τήκεται
2762 1818 2933 1892 κηρὸς
2988 1820 3093 1874 ἀπὸ
3146 1822 3445 1896 προσώπου
3494 1822 3641 1892 πυρός
3684 1827 3774 1890 (61)·

2216 1903 2377 1966 αὐτὸς
2410 1902 2487 1975 δὲ,
2516 1910 2585 1980 τῇ
2608 1911 2704 1962 τοῦ
2737 1908 2975 1983 Χριστοῦ
3005 1906 3228 1982 δυνάμει
3295 1910 3514 1984 ἰσχύων,
3560 1910 3779 1983 ἐπορεύετο

2216 1994 2426 2069 χαίρων
2459 1997 2548 2050 καὶ
2582 1996 2923 2073 εὐχαριστῶν
2952 2003 3032 2069 τῷ
3095 2000 3300 2073 Κυρίῳ.
3354 2001 3518 2055 Ἀλλὰ
3552 2001 3627 2053 xui
3666 1999 3781 2073 θηρία

2214 2081 2403 2138 πολλὰ
2429 2084 2517 2138 xui
2546 2086 2775 2141 ποικίλα
2823 2085 2913 2141 καὶ
2973 2083 3151 2165 ὄφεων
3211 2087 3521 2143 παντοδαπᾶ
3568 2088 3645 2143 καὶ
3691 2086 3781 2161 δραι

2215 2173 2569 2249 κοντὸμορφα
2595 2175 2723 2248 γένη
2755 2177 2790 2243 ἡ
2815 2172 2909 2251 ἔρη
2924 2196 3026 2247 μος
3057 2175 3234 2247 ἐκείνη
3287 2178 3490 2251 τρέφει,
3534 2177 3662 2232 ἆτινα
3696 2199 3782 2230 συν·

2220 2265 2462 2315 αντῶντα
2520 2262 2670 2331 αὐτῷ
2730 2263 2826 2317 οὐκ
2906 2258 2985 2317 ἔτι
3064 2265 3349 2339 φαντασίᾳ,
3426 2264 3545 2320 ἀλλ’
3612 2264 3788 2334 ἀληθείᾳ

2220 2347 2513 2421 ἐδείκνυτο,
2542 2352 2615 2411 ὡς
2643 2350 2881 2415 ἐντεῦθεν
2916 2347 3090 2429 φόϐου
3149 2355 3243 2426 μὲν
3296 2354 3363 2422 ἧν
3418 2353 3617 2427 πλήρης
3658 2356 3786 2425 (62)ή

2220 2436 2346 2500 ὁδὸς
2400 2441 2489 2493 xui
2548 2434 2738 2495 πόνου·
2802 2441 2964 2503 αὐτὸς
3024 2439 3080 2496 δὲ
3137 2444 3463 2517 ἀμφοτέρων
3530 2441 3788 2514 {impiatum

2220 2531 2374 2585 ³4³
2404 2533 2483 2600 τῷ
2510 2528 2784 2604 λογισμῷ,
2812 2531 2903 2584 τὸν
2958 2532 3054 2603 μὲν
3114 2527 3285 2609 φόϐον
3343 2539 3444 2601 τῆς
3498 2532 3699 2605 ἀγάπης,
3738 2528 3789 2591 ὣς

2219 2638 2379 2695 φησιν
2412 2619 2447 2687 ἦ
2510 2619 2691 2695 Γραφή
2743 2622 2880 2691 (63),
2927 2614 3028 2689 ἔξω
3089 2619 3433 2695 βαλλούσης,
3466 2620 3551 2674 τὸν
3594 2619 3728 2672 πόνον
3750 2615 3788 2670 δί

2217 2710 2317 2761 τοῦ
2344 2706 2516 2761 πόθου
2558 2706 3027 2783 ἐπικουφίζοντος,
3088 2708 3276 2770 Οὕτως
3340 2709 3428 2763 οὗν
3486 2706 3691 2767 πολλαῖς
3733 2704 3794 2759 xxi

2218 2794 2502 2857 ποικίλαις
2556 2800 2864 2871 συμφοραῖς
2916 2798 3004 2851 καὶ
3054 2796 3458 2873 ταλαιπωρίαις
3536 2795 3791 2863 πυκτεύσις,

2221 2882 2293 2940 δι’
2325 2888 2550 2958 ἡμερῶν
2582 2881 2681 2938 οὐκ
2712 2883 2916 2958 ὀλίγων
2950 2881 3216 2941 κατέλαϐε
3242 2888 3348 2953 τὴν
3398 2883 3596 2961 ἔρημον
3635 2884 3794 2953 ἐκείνην

2217 2978 2320 3038 τῆς
2349 2970 2733 3047 Σενααρίτιδος
2763 2980 2887 3049 γῆς,
2930 2973 2982 3029 ἐν
3130 2976 3159 3029 ὁ
3219 2974 3492 3046 Βαρλαὰμ
3544 2980 3657 3045 ᾣκει
3699 2974 3793 3045 (64)·

2220 3060 2343 3125 ἔνθα
2391 3060 2481 3116 καὶ
2540 3059 2734 3125 ὕδατος
2789 3063 2974 3136 τυχὼν
3033 3064 3133 3131 τὴν
3194 3063 3379 3139 φλόγα
3431 3057 3687 3119 κατέσϐεσε
3728 3067 3797 3129 τῆς

2220 3148 2406 3225 δίψης.

2293 3242 2455 3297 ΚΕΦ.
2500 3241 2626 3295 ΑΠ’.
2660 3242 2881 3314 Ἔμεινε
2921 3240 2979 3296 δὶ
3010 3241 3243 3317 Ἱωάσαφ
3298 3241 3498 3298 διετίαν
3544 3241 3665 3311 ὅλην
3704 3238 3800 3295 κατά

2231 3331 2293 3385 τὸ
2326 3328 2571 3403 πέλαγος
2598 3335 2698 3399 τῆς
2723 3329 2935 3403 ἐρήμου
2963 3329 3168 3400 ταύτης
3195 3330 3488 3405 ἀλώμενος
3516 3332 3598 3385 καὶ
3645 3330 3705 3401 μὴ
3742 3329 3805 3382 εὖ-

2229 3420 2431 3493 ρίσκων
2462 3419 2557 3473 τὸν
2585 3418 2876 3493 Βαρλαὰμ,
2906 3424 3004 3474 τοῦ
3042 3425 3175 3473 Θεοῦ
3225 3423 3501 3475 κάνταῦθα
3542 3421 3600 3475 τὸ
3641 3415 3802 3493 στεῤῥὸν

2226 3512 2325 3563 τοῦ
2352 3505 2628 3583 λογισμοῦ
2651 3508 2813 3562 αὐτοῦ
2842 3510 2928 3563 xui
2979 3509 3043 3563 τὸ
3089 3515 3191 3576 τῆς
3238 3512 3430 3585 ψυχῆς
3480 3514 3692 3585 γενναῖον
3735 3504 3804 3559 δο-

2226 3598 2576 3670 κιμάζοντος.
2610 3597 2800 3666 Καὶ-ἦν
2854 3596 3027 3659 οὕτως
3079 3596 3291 3671 αἴθριος
3355 3600 3713 3674 συγκαιόμενος
3753 3598 3805 3663 τῷ

2224 3685 2460 3740 καύσωνι
2520 3684 2609 3739 καὶ
2662 3690 2742 3757 τῷ
2802 3686 2951 3761 κρύει
3010 3688 3368 3759 πηγνύμενος
3453 3688 3539 3742 καὶ
3590 3687 3809 3742 ἀπαύστως

2230 3779 2406 3845 ζητῶν
2433 3773 2614 3848 ὥσπερ
2644 3775 2765 3829 τινὰ
2825 3776 3096 3851 θησαυρὸν
3156 3775 3473 3850 πολύτιμον
3530 3777 3613 3831 τὸν
3654 3775 3809 3845 τιμιώ-

2224 3886 2389 3920 τατον
2420 3864 2665 3939 γέροντα.
2698 3862 2950 3928 ῐιοκλοὺς
2999 3862 3057 3919 δὲ
3110 3865 3369 3936 ὑπέμεινε
3410 3864 3714 3941 πειρασμοὺς
3750 3860 3811 3915 καὶ

2226 3953 2510 4027 πολέμους
2560 3958 2667 4008 τῶν
2723 3955 2979 4025 πονηρῶν
3036 3958 3387 4028 πνευμάτων,
3456 3956 3541 4010 xui
3619 3950 3809 4009 πολλοὺς

2228 4045 2498 4117 ὑπήνεγκε
2530 4043 2733 4105 πόνους
2762 4050 2863 4111 τῆς
2919 4047 3029 4097 τῶν
3092 4045 3336 4118 βοτανῶν
3396 4043 3613 4111 ἐνδείας,
3666 4044 3716 4103 ἇς
3760 4038 3811 4098 εἷς

2225 4133 2434 4209 τροφὴν
2465 4129 2732 4207 ἐκέχρητο
2782 4134 2919 4205 (65),
2979 4134 3062 4187 ὅτι
3120 4134 3207 4187 καὶ
3267 4135 3469 4196 ταύτας
3525 4136 3664 4190 ³44
3710 4126 3810 4202 ξηρᾶ

2228 4220 2360 4277 οὖσα
2389 4224 2424 4290 ἡ
2458 4217 2664 4295 ἔρημος
2692 4219 2887 4283 ἐνδεῶς
2942 4216 3290 4278 ὲϐλάστανεν.
3349 4220 3545 4291 ’Δλλᾶ,
3590 4225 3659 4292 τῷ
3700 4218 3813 4286 πόοφ

2228 4314 2323 4366 τοῦ
2356 4308 2629 4363 Δεσπότου
2661 4308 2993 4385 φλεγομένη,
3026 4311 3061 4379 ἡ
3093 4307 3434 4385 ἀδαμαντίνη
3490 4310 3632 4384 ψυχὴ
3680 4306 3811 4371 ἐκείνη

540 4575 653 4655 (ῥΟ)
686 4577 838 4655 Psal.
873 4575 1025 4655 L_xix,
1060 4583 1093 4633 2
1123 4596 1135 4634 :
1171 4576 1610 4655 ᾼὶσχυνθείησαν
1637 4577 1726 4655 xu_i
1762 4576 2148 4655 ἐντραπείησαν
2182 4578 2234 4655 oi
2269 4578 2555 4655 ζητοῦντες
2605 4577 2705 4644 τήν
2763 4578 2949 4655 ψυχήν
2995 4597 3169 4655 μου...
3220 4576 3671 4655 ἀποστραφείησαν
3712 4590 3814 4655 περ·

470 4643 660 4699 αυτίκα
682 4643 1152 4725 αἰσχυνόμενοι...
1186 4643 1339 4725 Ps8].
1374 4668 1448 4708 VI.
1497 4643 1605 4725 ’192
1651 4643 2085 4725 ᾼῖσχυνθείησαν
2144 4649 2232 4703 καὶ
2282 4643 2684 4723 ταραχθείησαν
2736 4643 2947 4725 σφόδρα
2987 4643 3183 4712 πάντες
3236 4651 3289 4704 οἱ
3338 4643 3530 4725 ὶίθροί
3570 4664 3686 4721 μου·
3728 4643 3813 4699 im-

468 4718 833 4811 στρῖφχείίησαξ
864 4718 951 4774 xui
986 4720 1406 4795 αἴσχυνθείησαν
1437 4718 1645 4798 σφόδρα
1675 4718 2016 4796 διῖτάχουές.

539 4791 650 4859 (61)
685 4792 847 4846 Conf.
883 4811 956 4864 pa
1005 4839 1011 4845 .
1044 4791 1168 4863 293,
1204 4810 1263 4848 n.
1295 4795 1382 4847 87.

539 4862 653 4934 (62)
687 4866 729 4917 Α
764 4864 892 4919 sine
924 4809 1168 4934 πλήρης.
1196 4865 1375 4920 Liban

1046 4860 1168 4941 ρηςζ
1196 4864 1472 4941 hibanius
1505 4864 1697 4941 o_bit_er
1729 4864 2104 4941 recuperabit

2220 4862 2294 4941 od
2325 4862 2762 4941 amisi‘t_Epi_st._
2798 4867 2923 4934 377,
2981 4864 3123 4941 ubi;
3184 4861 3366 4941 Ἀλλὰ
3388 4865 3464 4941 .τρ
3495 4862 3652 4941 πάλαι
3693 4860 3809 4941 τσῦτο

472 4955 499 4983 ‹‹
528 4928 676 5000 ἄξιος
710 4928 1112 5014 ’ᾼρισταίνετός
1146 4960 1171 4986 ››
1205 4934 1292 4989 διὰ
1322 4935 1498 5014 πάσης
1518 4933 1729 5014 ,ἐχώρει
1757 4928 2107 5005 τῆςῖιτόλεως

2220 4935 2357 5014 )dex
2416 4928 2919 5014 3035_.plenius_...'
2955 4938 3321 5014 δοινῇμφιρνῇ
3385 4933 3475 5014 διὰ
3513 4931 3809 5014 ,πάλαιπ-

470 5010 667 5081 oretur
688 5001 867 5081 etiam
899 5010 1057 5081 quod
1082 5010 1279 5081 minus
1308 5001 1762 5081 requirit-epist.
1799 5001 1955 5081 {083.
1990 5010 2102 5063 Tex

2231 5006 2433 5081 editus
2457 5008 2539 5062 sic
2569 5001 2750 5063 habet
2774 5025 2786 5062 :
2814 5009 3079 5081 Τοιοῦτος
3098 5001 3193 5062 ’δὲ’
3227 5001 3323 5075 ὢν,
3376 5006 3540 5081 αὐτοῦ
3585 5001 3750 5081 βελτίω
3772 5016 3811 5049 σε

469 5074 674 5153 τίθησι,
709 5078 799 5153 xui
832 5074 1026 5141 παῖδας
1050 5101 1134 5134 σοι
1164 5074 1413 5153 γενέσθαί
1436 5074 1815 5153 ,προσομοίους
1849 5076 2089 5153 εὔχεται.
2132 5078 2325 5153 Codex
2379 5078 2533 5153 idem
2562 5096 2648 5153 ξ..ἶ
2705 5099 2763 5132 σε
2815 5077 2965 5153 βελτ.
3014 5080 3118 5135 τιθ.
3171 5100 3222 5137 κ.
3281 5074 3338 5132 π.
3392 5080 3541 5148 αὐτῷ
3585 5074 3661 5153 σοι
3705 5090 3807 5141 πᾷοη

472 5147 683 5223 Utilior
715 5152 817 5205 ﬁat
848 5154 1140 5208 restitutio
1172 5147 1367 5207 Psello
1400 5147 1495 5223 sic
1515 5147 1673 5205 edito
1694 5154 1779 5223 De
1808 5147 1963 5223 am:
1995 5170 2053 5223 ρ,
2084 5152 2177 5217 74,
2208 5150 2307 5204 ubi
2336 5150 2589 5223 traditur
2618 5147 3120 5223 daemoniacorum
3157 5168 3370 5223 corpus
3403 5154 3465 5223 in
3508 5147 3680 5205 varias
3715 5156 3809 5223 {nl}:

472 5218 583 5301 tari
611 5236 787 5301 posse
824 5225 1038 5309 ﬁguras
1062 5243 1137 5309 ‘ac
1167 5224 1357 5306 varios
1390 5222 1656 5307 colores:
1689 5222 1775 5309 ᾨς
1805 5219 1851 5275 δ’
1884 5210 2108 5309 ὀιερῶδες

2220 5221 2489 5309 ρωμιάτων
2522 5216 2581 5309 ἓν
2616 5218 2855 5309 δεκτικὸν
2890 5222 3160 5277 παντοίων
3202 5210 3381 5309 ὥσπερ
3442 5216 3731 5309 ἀήρχτουῖί
3770 5210 3809 5309 ἐξ

470 5286 535 5339 κὸ
569 5286 726 5379 σῶμα
758 5286 901 5379 παρά
930 5302 1028 5363 τῆς
1059 5294 1111 5349 ὲν
1144 5295 1289 5379 αὐτῷ
1323 5296 1684 5379 φανταστικῆς
1716 5286 2005 5379 ἐνεργείας,
2064 5286 2445 5379 προῒὲχούσ-ης
2493 5290 2570 5352 εἲς
2614 5292 2743 5346 αὐτὸ
2789 5293 2854 5379 τὰ
2903 5294 3240 5377 χρωμάτων.
3450 5286 3670 5379 ‘Latina‘
3700 5287 3809 5379 ἷξξξ

471 5364 610 5412 sunt
642 5355 714 5416 ad
746 5355 1053 5423 meliorem
1087 5386 1154 5423 ac
1187 5355 1516 5439 pleniorem
1550 5355 2085 5438 codiceni,'quibus
2109 5355 2564 5436 respondebunt
2633 5382 2783 5421 raaca
2812 5355 3195 5440 haa'c'ce,‘quua
3227 5367 3287 5422 in
3316 5355 3491 5423 codd.
3519 5368 3583 5420 39
3627 5366 3677 5417 et
3713 5355 3809 5413 mo

471 5431 663 5492 reperi
807 5436 1009 5492 ’Ὠσπερ
1041 5438 1168 5492 ἀήο⁶
1196 5436 1319 5492 ἀλλ’
1354 5436 1457 5492 uno
1491 5437 1584 5492 μὲν
1618 5432 1809 5492 ἔξωθέν
1842 5440 2004 5492 ποθεν
2039 5436 2372 5492 Ύοώννυται.
2400 5434 2553 5489 τουτὶ

470 5431 663 5512 reperi
807 5436 1009 5512 ’Ὠσπερ
1041 5438 1168 5512 ἀήρ⁶
1187 5431 1319 5493 ’ἀλλ’
1354 5436 1464 5512 ἀὴρ
1490 5437 1584 5512 μὲν
1618 5431 2004 5512 ἔξωθένξποίξεν
2039 5431 2372 5512 χρῶννῦται,
2400 5434 2553 5512 τοι),τὶ

2618 5436 2711 5493 ὲ...

694 5505 858 5585 {qam
892 5509 914 5562 Ι
944 5501 1127 5585 Epist:
1160 5528 1239 5579 ιν,
1274 5512 1337 5566 18
1367 5527 1379 5585 ;
1413 5501 1689 5565 Ἦ’τελεία
1718 5508 1902 5585 ἀγάπη
1936 5501 2102 5584 ἕξωᾚ

2221 5526 2266 5560 ει
2287 5501 2377 5559 τὸν
2413 5501 2603 5583 φόϐον.

568 5572 657 5651 o5)
691 5574 774 5651 gf.
808 5572 1095 5651 paggjae,
1131 5572 1250 5651 450',
1288 5584 1408 5651 194.

570 5646 656 5717 65)
689 5646 910 5705 ForSan
924 5646 1006 5725 ’τῇ
1032 5646 1141 5707 τῶν
1178 5646 1245 5726 β,
1264 5650 1462 5721 ἐνδείᾳ.
1489 5653 1884 5710 Consentium
1912 5653 2003 5709 AC
2034 5653 2097 5710 in

2220 5649 2287 5707 1a
2318 5650 2632 5709 accusativi
2668 5652 2729 5716 ἅς
2759 5654 3013 5726 syntaxi.
