4040 6204
496 326 635 381 1223

2024 317 2395 374 ΔΒΒΕΝΒΔ.
3665 323 3764 379 1224

494 452 764 508 inveniri.
799 448 961 515 Quod
985 448 1227 520 quidem
1250 465 1571 521 generosus
1608 449 1710 503 ille
1742 454 1801 502 et
1827 445 2128 517 expeditus

2249 436 2343 491 ἀπ’
2374 438 2558 511 ἀρχῆς
2616 437 2782 511 μέχρὶ
2831 435 3046 505 τέλους,
3094 431 3376 498 ἀναϐάσεις
3423 437 3490 493 ἀεὶ
3546 439 3585 495 ὲν
3630 444 3763 519 καρδίᾳ

494 541 748 597 caelestis
762 539 993 594 itineris
1007 554 1213 592 cursor
1226 540 1453 609 egregie
1468 538 1710 609 praestiti
1722 541 1945 607 t,atque
1962 533 2135 589 animi

494 623 582 677 sui
599 619 869 675 ardorem
895 618 965 673 ab
988 618 1156 672 initio
1188 618 1263 672 ad
1286 624 1615 672 extremum
1640 633 1827 687 usque
1851 620 2133 686 perpetuo

489 707 1260 773 conservavit,ascensiones
1288 708 1347 761 in
1371 708 1547 762 corde
1563 722 1797 777 semper
1809 705 2133 774 disponens

492 799 655 864 (Psal.
690 797 944 865 Lxxxm),
977 813 1045 850 ac
1076 796 1146 849 de
1178 797 1391 851 virtute
1413 796 1486 851 ad
1510 794 1920 851 sublimiorem
1951 791 2135 844 virtu-

2245 526 2551 597 τιθέμενος,
2594 525 2683 580 καὶ
2744 523 2803 580 ὲκ
2860 523 3142 598 δυνάμεως
3200 525 3277 588 εἷς
3325 526 3609 600 ὑψηλοτέραν
3655 554 3763 602 μετα-

2247 609 2446 668 ϐαίνων
2508 611 2756 687 δύναμιν,
2816 616 2967 687 πόθῳ
3024 616 3192 678 πόθον
3248 614 3336 669 καὶ
3387 616 3587 685 σπουδὴν
3624 620 3766 695 σπουδῇ

2245 698 2510 772 διηνεκῶς
2536 704 2870 776 προστιθεὶς,
2901 700 3005 765 ἕως
3037 700 3262 776 ἔιρθασεν
3306 703 3378 766 εἷς
3424 707 3508 775 τὴν
3557 705 3766 782 ἐλπιζομέ-

2241 811 2339 860 νην
2367 792 2458 845 καὶ
2484 792 2829 864 ποθουμένην
2864 793 3260 865 μακαριότητα.

489 893 609 942 tem
639 886 1005 951 transiliens,
1038 885 1519 956 desideriumque
1552 884 1871 948 desiderio,
1904 896 1971 935 ac
2004 877 2264 933 studium
2289 881 2483 936 studio
2509 882 2919 939 indesinenter
2942 883 3483 956 adjungens,quoad
3509 887 3699 943 tandem
3721 889 3767 943 ad

492 981 787 1047 speratam
820 980 878 1028 et
907 974 1244 1045 expeditam
1275 974 1705 1030 beatitudinem
1736 969 2024 1045 pervenit.

567 1066 698 1120 CAP.
734 1066 1062 1120 XXXIX.-—
1093 1065 1237 1119 Cum
1260 1065 1459 1135 itaque
1480 1065 1590 1119 hoc
1607 1069 1777 1135 pacto
1797 1060 2065 1117 Barlaam
2083 1064 2142 1114 et

487 1154 768 1226 Josaphat
786 1170 907 1209 una
922 1160 1390 1221 versarentur,ac
1422 1154 1668 1224 pulchro
1701 1153 1856 1206 inter
1876 1168 1939 1206 se
1950 1155 2141 1206 certa-

488 1245 651 1299 mine
682 1242 1131 1309 contenderent,
1165 1242 1236 1297 ab
1264 1243 1426 1297 omni
1453 1259 1594 1297 cura
1624 1247 1680 1296 et
1728 1241 1975 1311 hujusce
2004 1240 2135 1294 vita)

487 1333 934 1404 perturbatione
967 1333 1676 1402 immunes,mentemque
1708 1331 1779 1386 ab
1812 1331 1974 1385 omni
1994 1346 2135 1385 con-

488 1422 719 1477 fusione
752 1438 961 1493 puram
984 1437 1050 1476 ac
1082 1422 1413 1493 sejunctam
1444 1420 1894 1490 habentes,post
1915 1418 2134 1473 multos

489 1512 560 1565 ab
593 1512 738 1582 ipsis
771 1510 1007 1581 pietatis
1039 1527 1216 1565 causa
1247 1516 1553 1581 susceptos
1584 1509 1838 1575 labores,
1875 1508 2134 1579 quodam

492 1600 587 1654 die
620 1616 798 1654 senex
831 1600 1116 1653 accersito
1144 1599 1438 1669 spirituali
1474 1599 1803 1668 ﬁlio,quem
1821 1614 1927 1668 per
1955 1600 2136 1652 Evan-

488 1688 708 1759 gelium
724 1687 1766 1759 genuerat,l1ujusmodispiritualem
1792 1704 2131 1743 sermonem

488 1793 798 1849 aggressus
827 1782 947 1831 est:
980 1778 1104 1831 Jam
1130 1776 1423 1847 pridem,o
1458 1777 1647 1832 amice
1677 1777 2037 1848 Josaphat,te
2069 1776 2130 1831 in

488 1866 597 1921 hac
631 1866 949 1920 solitudine
980 1866 1247 1921 habitare
1270 1866 1597 1937 oportebat,
1630 1872 1806 1938 atque
1838 1868 1948 1922 hoc
1982 1867 2129 1922 mihi

487 1955 679 2010 oranti
704 1955 967 2009 Christus
994 1955 1067 2010 de
1093 1961 1147 2010 te
1166 1956 1467 2027 pollicitus
1484 1956 1675 2011 fuerat
1694 1957 1816 2011 fore
1842 1963 1908 2012 ut
1929 1961 2133 2012 teante

488 2050 817 2099 extremum
848 2045 977 2098 vitae
1003 2044 1159 2101 diem
1178 2045 1595 2099 viderem.Vidi
1627 2046 1827 2116 itaque
1848 2045 2138 2116 quemad-

490 2134 733 2188 modum
765 2133 1075 2203 cupiebam
1110 2151 1123 2199 ;
1172 2134 1311 2201 vidi,
1345 2136 1610 2204 inquam,
1662 2140 1718 2189 te
1750 2151 1784 2189 a
1814 2135 2034 2189 mundo
2080 2140 2139 2190 et

490 2221 695 2276 mundi
731 2222 907 2275 rebus
943 2222 1310 2289 avulsum,ac
1332 2223 1563 2277 Christo
1598 2224 1846 2278 minime
1873 2224 2050 2278 dubio
2068 2241 2137 2280 ac

487 2310 784 2364 vacillanti
816 2310 1013 2364 animo
1048 2311 1456 2382 conjunctum,
1488 2318 1663 2382 atque
1696 2313 1767 2367 ad
1814 2312 2135 2383 perfectam

486 2398 877 2470 plenitudinis
907 2399 1093 2470 ipsius
1143 2416 1487 2455 mensuram
1542 2418 1938 2473 progressum.
1973 2404 2136 2458 Nunc

485 2489 687 2559 igitur,
724 2488 1209 2558 quandoquidem
1240 2490 1448 2543 mortis
1489 2506 1635 2544 mea)
1668 2495 1902 2561 tempus
1932 2491 2133 2559 instat,

486 2582 663 2646 atque
686 2576 1053 2631 collactanea
1074 2582 1131 2630 et
1153 2577 1295 2631 mihi
1318 2578 1565 2647 aequalis
1597 2594 1665 2633 ea
1685 2579 2136 2650 cupiditas,qua3

487 2670 551 2719 ut
571 2681 704 2719 cum
731 2665 960 2719 Christo
994 2682 1449 2737 essem,semper
1469 2684 1562 2722 me
1586 2669 1922 2740 tenuit,jam
1936 2670 2134 2740 exple-

488 2759 675 2821 tur,tu
708 2754 947 2823 quidem
981 2771 1195 2824 corpus
1220 2772 1418 2810 meum
1450 2762 1608 2811 terra
1638 2758 1846 2823 conde,
1882 2758 2136 2828 pulveri-

491 2858 605 2913 que
630 2842 929 2913 pulverem
962 2844 1163 2897 redde.
1201 2846 1339 2899 Post
1371 2850 1564 2900 autem
1616 2846 1741 2917 ipse
1774 2847 1833 2901 in
1864 2847 1976 2902 hoc
2007 2847 2135 2903 loco

491 2932 670 2997 hmre,
689 2939 1029 3003 susceptum
1045 2933 1369 3003 spiritualis
1384 2936 1514 2990 vitze
1547 2952 1731 3008 genus
1749 2953 2133 3007 persequens,

494 3037 761 3092 meaeque
814 3022 1122 3076 tenuitatis
1176 3024 1524 3078 memoriam
1584 3024 1869 3080 retinens.
1918 3026 2137 3081 Vereor

486 3110 648 3165 enim
672 3126 745 3164 ne
772 3109 1149 3165 tenebrosum
1181 3110 1519 3167 daemonum
1551 3128 1761 3184 agmen
1784 3113 1983 3168 animo
2002 3130 2133 3169 meo

484 3204 727 3270 propter
757 3198 1227 3270 ignorantiarum
1251 3218 1519 3257 mearum
1549 3202 1993 3257 multitudinem
2016 3203 2130 3257 im-

483 3286 891 3358 pedimentum
923 3290 1148 3345 afferat.

553 3378 635 3431 Tu
662 3393 816 3443 vero,
854 3377 960 3444 ﬁli,
994 3394 1068 3432 ne
1098 3379 1388 3452 religiosaa
1411 3380 1849 3436 exercitationis
1862 3380 2129 3436 laborem

483 3471 937 3535 metuas,neque
957 3467 1028 3521 ad
1046 3468 1332 3538 temporis
1352 3468 1786 3539 longitudinem
1801 3486 1867 3524 ac
1897 3470 2127 3525 daamo-

482 3570 626 3607 num
643 3554 892 3609 insidias
916 3556 1328 3628 elanguescas;
1350 3559 1493 3628 quin
1516 3558 1711 3629 potius
1730 3559 1994 3629 ipsorum
2014 3560 2125 3614 im-

482 3640 1109 3707 becillitatem,Cbristi
1134 3647 1343 3702 virtute
1360 3648 1975 3717 communitus,audax
1994 3650 2125 3703 irri-

482 3729 553 3784 de
581 3749 594 3795 ;
611 3729 683 3784 ad
698 3731 961 3786 laborum
982 3740 1180 3788 autem
1194 3734 1495 3806 duritiam,
1512 3754 1578 3791 ac
1596 3736 1879 3808 temporis
1892 3738 2125 3792 diutur-

480 3818 728 3872 nitatem
744 3820 944 3874 animo
961 3822 1040 3876 ita
1053 3831 1391 3894 comparato
1409 3832 1844 3896 esto,tanquam
1860 3826 2124 3897 quotidie

482 3907 812 3963 discessum
840 3926 870 3963 e
903 3911 1018 3966 vita
1045 3920 1415 3983 exspectans,
1450 3921 1627 3985 atque
1660 3916 1934 3970 eumdem
1966 3916 2126 3971 diem

480 3997 588 4050 tibi
623 3997 752 4053 vitm
784 4002 1153 4071 monasticas,
1198 4008 1321 4057 tum
1354 4004 1747 4072 initium,tum
1784 4005 1963 4060 ﬁnem
1996 4022 2124 4060 esse

482 4086 847 4144 existimans.
878 4090 967 4144 Sic
1001 4108 1237 4162 semper
1262 4109 1330 4147 ea
1387 4111 1517 4163 qum
1548 4111 1582 4149 a
1614 4100 1773 4165 tergo
1806 4101 1946 4149 sunt
1975 4094 2125 4149 obli-

480 4177 916 4248 viscens,atque
951 4180 1024 4234 ad
1056 4197 1124 4235 ea
1154 4198 1284 4251 quae
1318 4200 1350 4237 a
1371 4182 1563 4237 fronte
1588 4189 1727 4238 sunt
1746 4184 2001 4254 teipsum
2024 4201 2124 4240 ex-

483 4264 837 4333 tendens,ad
870 4267 1233 4324 destinatum
1261 4272 1727 4342 persequere,ab
1742 4272 2007 4326 bravium
2025 4290 2125 4327 su-

478 4373 678 4427 perum
713 4359 1032 4414 vocationis
1056 4362 1154 4415 Dei
1214 4362 1275 4415 in
1334 4363 1561 4417 Christo
1590 4364 1726 4418 Jesu
1760 4364 1984 4435 (Philip.
2020 4366 2122 4434 ιιι),

478 4446 981 4515 quemadmodum
1013 4455 1250 4504 sanctus
1282 4452 1597 4521 Apostolus
1647 4453 1739 4507 his
1770 4453 1961 4508 verbis
1984 4454 2123 4508 hor-

478 4539 666 4589 tatur:
700 4538 825 4590 Non
852 4536 1238 4604 deﬁciamus;
1283 4539 1385 4594 sed
1434 4540 1573 4595 licet
1622 4540 1671 4596 is
1728 4542 1829 4612 qui
1859 4542 2002 4597 foris
2035 4547 2124 4597 est

2318 1062 2474 1119 350
2510 1062 2670 1118 ΚΕΦ.
2732 1061 2856 1117 AO‘.
2918 1059 3106 1121 Οὕτως
3166 1057 3260 1115 οῦν
3307 1058 3553 1130 ἀλλήλοις
3600 1063 3776 1126 συνόντες

2248 1147 2520 1224 Βαρλαάμ
2556 1170 2615 1204 τε
2659 1148 2749 1203 καὶ
2805 1150 3061 1225 Ἱωάσαιρ,
3108 1149 3203 1203 καὶ
3250 1150 3347 1217 τήν
3401 1148 3553 1219 καλὴν
3604 1149 3775 1223 ἅμιλλαν

2246 1238 2656 1312 ἁμιλλώμενοι,
2735 1240 2887 1301 ἐκτὸς
2944 1241 3121 1310 πάσης
3205 1238 3461 1314 μερίμνης
3524 1241 3597 1295 καὶ
3662 1244 3780 1312 πάσης

2246 1330 2515 1405 βιωτικῆς
2543 1325 2694 1391 ὄντες
2718 1335 2989 1405 ταραχῆς,
3048 1326 3444 1392 ἀνεπιθόλωτόν
3494 1350 3543 1384 τε
3586 1332 3657 1384 τὸν
3696 1335 3779 1384 νοῦν

2242 1418 2563 1491 κεκτημένοι
2593 1417 2685 1473 καὶ
2718 1419 2894 1492 ἀμιγῆ
2930 1418 3107 1487 πάσης
3166 1418 3496 1493 συγχύσεως,
3551 1421 3659 1490 μετὰ
3699 1422 3785 1483 τοὺς

2242 1506 2489 1570 πολλοὺς
2517 1505 2574 1562 δὶ
2601 1506 2776 1562 αὐτῶν
2812 1507 2946 1577 ὑπὲρ
3005 1501 3278 1568 εὐσεϐείας
3327 1507 3595 1579 καμάτους,
3641 1506 3682 1562 ὲν
3721 1513 3785 1579 μιᾷ

2239 1601 2345 1651 τῶν
2374 1600 2596 1671 ἡμερῶν
2657 1593 3169 1670 προσκαλεσάμενος
3216 1595 3313 1649 τὸν
3358 1597 3670 1668 πνευματικὸν
3692 1598 3783 1662 υἱὸν,

2240 1686 2296 1740 ὃν
2332 1682 2421 1740 διὰ
2474 1689 2571 1739 τοῦ
2631 1683 2972 1760 Εὐαγγελίου
3010 1682 3265 1759 ἐγέννησε
3295 1687 3423 1757 (81),
3478 1681 3621 1758 λόγου
3643 1684 3784 1751 ἥπτετο

2238 1773 2327 1829 καὶ
2360 1773 2586 1847 ὁμιλίας
2637 1776 3032 1846 πνευματικῆς,
3075 1772 3277 1844 Πάλαι,
3338 1774 3522 1848 λέγων,
3549 1774 3587 1826 ὧ
3630 1773 3788 1846 φίλτατε

2237 1865 2496 1942 Ἰωάσαφ,
2527 1864 2579 1920 ἐν
2610 1863 2779 1938 ταύτῃ
2811 1885 2870 1919 σε
2925 1868 2993 1938 τῇ
3052 1863 3248 1939 ἐρήμῳ
3306 1869 3557 1919 κατοικεῖν
3606 1861 3783 1918 ἔδευκαὶ

2239 1954 2400 2009 τοῦτό
2436 1974 2529 2025 μοι
2561 1955 2588 2008 ὁ
2620 1954 2851 2027 Χριστὸς
2882 1954 3326 2028 προσευχομὲνῳ
3380 1953 3496 2027 περὶ
3545 1956 3628 2007 σοῦ
3671 1952 3789 2027 imm-

2238 2042 2459 2115 γείλατο
2489 2042 2711 2116 πρὸτῆς
2760 2045 2859 2095 τοῦ
2920 2039 3045 2116 βίου
3096 2040 3358 2111 τελευτῆς
3411 2041 3628 2114 ὄψεσθαι.
3676 2039 3787 2096 Εἶδον

2242 2130 2332 2186 οὖν
2366 2134 2440 2193 ὡς
2470 2129 2791 2203 ἐπεθύμουν·
2826 2127 2969 2184 εἶδόν
2997 2151 3054 2185 σε
3091 2130 3457 2207 ἀπορῥαγὲντα
3504 2130 3586 2201 μὲν
3633 2128 3789 2201 κόσμου

2238 2221 2327 2276 καὶ
2357 2226 2465 2277 τῶν
2498 2220 2550 2275 ἐν
2581 2220 2797 2292 κόσμῳ,
2855 2220 3187 2297 συναφθέντα
3238 2218 3300 2275 δὲ
3352 2225 3430 2292 τῷ
3482 2221 3669 2294 Χριστῷ
3709 2216 3789 2271 ἁδι-

2242 2311 2455 2382 στάκτῳ
2486 2313 2553 2383 τῇ
2582 2308 2797 2384 γνώμη,
2829 2308 2921 2361 καὶ
2955 2307 3030 2371 εἲς
3060 2308 3257 2383 μέτρον
3321 2308 3534 2365 ἐλθόντα
3580 2306 3791 2374 τελειότη-

2239 2419 2334 2461 τος
2359 2402 2455 2453 τοῦ
2485 2396 2863 2470 πληρώματος
2890 2396 3077 2455 αὐτοῦ.
3111 2402 3215 2451 Νῦν
3264 2398 3355 2452 οῦν
3386 2395 3559 2466 ἐπειδή
3586 2417 3662 2469 μοι
3686 2396 3791 2461 ὁτῆς

2242 2485 2553 2548 ἀναλύσεως
2584 2488 2772 2561 καιρὸς
2824 2486 2909 2542 ἐπὶ
2954 2486 3164 2560 θύραις,
3202 2486 3293 2540 καὶ
3352 2487 3386 2555 ἡ
3444 2485 3696 2559 σύντροφος
3733 2481 3793 2535 καὶ

2240 2578 2536 2646 ἡλικιῶτις
2616 2574 2880 2649 ἐπιθυμία
2948 2579 3046 2630 106
3104 2579 3342 2629 συνεῖναι
3395 2579 3471 2645 τῷ
3522 2578 3700 2647 Χριστῷ
3738 2568 3796 2624 aii

2240 2666 2438 2727 παντὸς
2470 2662 2577 2736 ἤδη
2613 2664 2941 2739 πληροῦται,
2982 2666 3039 2719 σὲ
3072 2664 3167 2737 μὲν
3224 2660 3312 2719 δεῖ
3365 2662 3586 2736 καλῦψαί
3637 2682 3717 2733 μου
3753 2660 3792 2713 τὸ

2242 2760 2401 2828 σῶμα
2431 2759 2500 2829 τῇ
2532 2758 2604 2830 γῇ
2636 2755 2724 2809 καὶ
2752 2755 2845 2810 τὸν
2898 2754 3031 2829 χοῦν
3089 2751 3386 2809 ἀποδοῦναι
3440 2757 3515 2825 τῷ
3582 2750 3663 2827 χοΐ
3706 2754 3793 2821 (82),

2244 2850 2422 2917 μεῖναι
2453 2842 2510 2899 δὲ
2539 2848 2635 2899 τοῦ
2666 2843 2867 2899 λοιποῦ
2898 2842 2949 2898 ὲν
2981 2840 3124 2915 τῶδε
3177 2848 3259 2914 τῷ
3317 2843 3469 2915 τόπῳ
3512 2849 3602 2910 τῆς
3624 2860 3793 2910 πνευμα-

2238 2941 2398 3003 τικῆς
2427 2933 2694 3010 ἐχόμενον
2726 2930 3008 2993 πολιτείας
3027 2932 3119 2987 καὶ
3149 2935 3251 3002 τῆς
3284 2932 3423 3005 ἐμῆς
3470 2931 3632 3005 μνείαν
3658 2928 3795 2983 ποιοὺ-

2244 3044 2401 3096 μενον
2439 3019 3071 3096 μετριότητος.Δέδοικα
3119 3022 3221 3096 γὰρ
3282 3023 3359 3095 μή
3419 3041 3543 3075 ποτε
3592 3022 3622 3087 ἡ
3660 3015 3796 3093 {apud

2235 3117 2342 3167 τῶν
2374 3108 2649 3183 δαιμόνων
2680 3109 2897 3182 πληθὺς
2927 3112 2997 3184 τῇ
3028 3112 3183 3184 ψυχῇ
3220 3130 3328 3183 μου
3362 3107 3603 3183 ἐμποδὼν
3622 3106 3792 3175 καταπῇ

2241 3198 2331 3256 διὰ
2356 3201 2419 3255 τὸ
2447 3199 2662 3270 πλῆθος
2683 3204 2791 3255 τῶν
2825 3198 2970 3271 ἐμῶν
3006 3198 3400 3273 ἀγνοημάτων.

2314 3377 2387 3433 Σὺ
2418 3375 2766 3449 οῦν,τέκνον,
2830 3377 2906 3450 μή
2966 3376 3327 3452 ὀλιγωρήσῃς
3356 3377 3418 3431 τὸ
3473 3375 3691 3431 ἐπίπονον
3728 3377 3794 3439 τῆς

2237 3468 2533 3538 ἀσκήσεως,
2562 3464 2702 3540 μηδὶ
2732 3463 3014 3539 δειλιάσης
3042 3466 3104 3520 τὸ
3165 3472 3347 3537 μῆκος
3400 3470 3495 3520 τοῦ
3548 3464 3713 3539 χρόνου
3735 3458 3794 3512 καὶ

2233 3558 2331 3620 τὰς
2352 3551 2645 3617 ἐπιϐουλὰς
2671 3559 2780 3610 τῶν
2814 3552 3109 3626 δαιμόνων·
3166 3553 3317 3609 ἀΛλὰ
3368 3554 3569 3609 τούτων
3618 3552 3692 3622 μὶν
3731 3554 3795 3613 τῆς

2234 3646 2533 3714 ἀσθενείας,
2563 3648 2631 3718 τῇ
2660 3648 2757 3699 τοῦ
2789 3645 3028 3717 Χριστοῦ
3088 3641 3437 3718 ῥωννύμενος
3486 3641 3667 3717 χάριτι,
3705 3636 3793 3691 vol.-

2238 3739 2430 3811 μηρῶς
2461 3733 2750 3808 καταγέλα,
2774 3733 2909 3807 πρὸς
2943 3729 3000 3787 δὲ
3028 3732 3127 3800 τὴν
3156 3732 3507 3807 σκληρότητα
3556 3734 3647 3786 τῶν
3673 3727 3795 3781 πόνων

2234 3824 2415 3879 καὶτὸ
2465 3826 2612 3883 851
2684 3826 2782 3878 τοῦ
2839 3821 3046 3896 χρόνου
3091 3818 3371 3895 διάστημα
3430 3818 3592 3883 οὕτως
3613 3815 3703 3881 ῖσο,
3745 3812 3793 3872 ὦ(

2232 3916 2351 3979 καθ’
2406 3912 2618 3988 ἡμέραν
2702 3914 2801 3982 τὴν
2888 3910 3126 3976 ἐντεῦθεν
3208 3911 3465 3968 ἀνάλυσιν
3530 3906 3795 3985 προσδοκῶν,

2233 4002 2321 4058 καὶ
2353 4003 2429 4064 ὡς
2488 4002 2666 4077 ἀρχὴν
2715 4000 2850 4056 εἷναί
2908 4022 2993 4055 σοι
3065 4008 3165 4069 τῆς
3243 4002 3521 4071 ἀσκήσεως
3543 3999 3631 4067 τὴν
3680 3993 3794 4059 αὐτὴν

2233 4094 2443 4166 ἡμέραν
2484 4091 2571 4147 οιαὶ
2600 4088 2782 4152 τέλος.
2818 4088 3009 4152 Οὕτως
3041 4089 3121 4145 ἀεὶ
3149 4094 3262 4145 τῶν
3297 4091 3393 4163 μὲν
3423 4090 3586 4145 ὀπίσω
3634 4083 3799 4141 inluv-

2233 4179 2551 4255 Θανόμενος,
2598 4192 2735 4253 προς
2789 4184 2909 4240 τοῖς
2959 4175 3018 4233 δὲ
3073 4173 3383 4253 ἔμπροσθεν
3428 4174 3798 4246 ἐπεκτεινόμενος,

2233 4274 2587 4325 κατασκοπῶν
2622 4266 2785 4324 δίωκε
2811 4270 2875 4323 τὸ
2909 4262 3164 4344 βραϐεῖον
3191 4275 3295 4337 τῆς
3352 4267 3461 4323 ἄνω
3502 4264 3717 4336 κλήσεως
3732 4260 3797 4314 τοδ

2234 4364 2366 4415 Θεοῦ
2396 4358 2447 4414 ἐν
2481 4360 2697 4431 Χριστῷ
2725 4358 2931 4427 Ἰησοῦ,
2985 4357 3243 4433 καθάπερ⁹
3288 4358 3317 4411 ὁ
3350 4358 3492 4418 Θεῖος
3538 4348 3798 4433 Ἀπόστολος

2232 4446 2678 4523 παρακελεύεται,
2714 4447 2806 4514 Μὴ
2856 4432 3201 4518 ἐκκακῶμεν,
3244 4444 3420 4521 λέγων
3477 4448 3597 4519 (82)·
3641 4438 3739 4495 ἀλλ’
3770 4432 3798 4488 εἶ

2230 4539 2319 4593 καὶ
2352 4540 2379 4593 ὁ
2411 4536 2513 4608 ἔξω
2544 4540 2707 4609 ἡμῶν
2728 4534 3013 4609 ἄνθρωπος
3069 4533 3456 4611 διαφθείρεται,
3512 4532 3625 4589 ἀλλ’
3665 4532 3687 4583 ό
3728 4524 3797 4580 ἔσω

480 4623 658 4678 homo
696 4631 898 4679 noster
920 4633 1347 4698 corrumpatur,
1383 4634 1579 4683 tamen
1631 4630 1681 4684 is
1717 4631 1818 4700 qui
1848 4631 2006 4685 intus
2038 4637 2128 4686 est

2238 4629 2615 4683 ἀνακαινοῦται
2662 4623 2845 4699 ἡμέρᾳ
2899 4625 2989 4679 καὶ
3046 4622 3249 4699 ἡμέρᾳο
3308 4625 3373 4680 τὸ
3425 4625 3524 4699 γὰρ
3572 4614 3799 4695 παραυτίκα

479 4711 879 4765 renovaturde
895 4712 1063 4767 diein
1096 4714 1428 4770 diemNam
1460 4716 1618 4786 quod
1644 4724 2128 4773 momentaneum

481 4804 571 4853 est
602 4806 660 4854 et
688 4800 813 4855 leve
832 4801 1233 4858 tribulationis
1248 4810 1674 4877 nostrae,supra
1695 4807 1937 4862 modum
1960 4808 2023 4862 in
2038 4825 2129 4863 su-

479 4887 773 4945 blimitate
803 4895 1090 4947 aeternum
1104 4893 1306 4965 glorise
1320 4894 1553 4965 pondus
1566 4901 1844 4966 operatur
1860 4897 1920 4952 in
1934 4897 2126 4967 nobis,

479 4994 599 5033 non
624 4980 1167 5051 contemplantibus
1190 4984 1363 5039 nobis
1397 5001 1527 5054 quae
1546 4985 1842 5054 videntur,
1859 4987 1962 5042 sed
1995 5004 2126 5057 quas

478 5084 596 5122 non
628 5070 923 5126 videntur.
957 5072 1094 5137 Quae
1113 5073 1273 5127 enim
1304 5072 1945 5147 videnturtemporalia
1967 5081 2124 5145 sunt,

480 5173 610 5226 quae
642 5166 842 5215 autem
870 5178 991 5216 non
1022 5161 1316 5233 videntur,
1349 5168 1571 5218 aeterna
1602 5164 1681 5235 (II
1703 5165 1825 5222 Cor.
1857 5169 1952 5233 1v).

552 5246 683 5303 Haac
717 5267 849 5304 cum
884 5251 1081 5306 animo
1107 5256 1206 5306 tuo
1223 5254 1625 5323 reputans,vir
1658 5254 2123 5321 charissime,vi-

479 5332 671 5389 riliter
701 5353 805 5410 age
837 5344 895 5394 et
924 5342 1258 5397 confortare
1283 5343 1455 5411 (Psal.
1487 5344 1661 5415 xxv1),
1696 5348 1871 5415 atque
1885 5350 2130 5418 utegre-

554 5489 661 5565 (βξ)
692 5491 858 5565 Conf.
887 5511 945 5565 p.
982 5498 1102 5564 185,
1136 5514 1196 5553 n.
1232 5500 1284 5555 8.

695 5559 941 5639 Confr't.
976 5568 1020 5633 Ι,
1044 5559 1109 5639 ρ.
1144 5572 1233 5635 95,
1267 5586 1325 5624 n.
1356 5570 1411 5625 2.

548 5630 662 5705 (83)
694 5635 743 5688 ll
773 5635 955 5705 Epist.
985 5630 1071 5692 ad.
1092 5630 1229 5695 Cor.
1256 5658 1327 5708 iv,
1359 5642 1446 5697 46.

2238 4716 2470 4795 ἐλαφρὸν
2494 4722 2592 4784 τῆς
2625 4712 2866 4787 θλίψεως
2906 4716 3067 4787 ἡμῶν
3100 4715 3217 4777 καθ’
3251 4708 3555 4789 ὑπερϐολὴν
3593 4710 3659 4769 είς

2238 4790 2411 4875 ϐολῆν
2445 4804 2667 4860 αἰώνιον
2703 4803 2868 4879 βάρος
2907 4799 3069 4874 δόξης
3122 4804 3507 4879 κατεργάζεται
3550 4803 3683 4873 ἡμῖν,
3746 4790 3795 4865 μὴ

2238 4896 2582 4951 σκοπούντων
2614 4895 2776 4965 ἡμῶν
2824 4892 2894 4947 τὰ
2950 4890 3284 4966 βλεπόμενα,
3318 4891 3465 4948 ἀλλᾶ
3515 4890 3577 4945 τὰ
3626 4887 3686 4959 μὴ
3709 4880 3795 4957 βλεο

2236 4987 2471 5058 πόμεναο
2528 4983 2597 5038 τὰ
2646 4982 2751 5057 γὰρ
2812 4980 3125 5057 βλεπόμενα
3181 4981 3508 5059 πρόσκαιρα,
3558 4977 3615 5035 τὰ
3660 4971 3705 5029 δὲ
3744 4967 3793 5042 μὴ

2242 5073 2557 5151 βλεπόμενα
2588 5069 2802 5127 αἲώνια.

2305 5254 2486 5309 Ταῦτα
2517 5247 2893 5325 λογιζόμενος,
2948 5245 3212 5323 ἂγαπητὶ,
3266 5247 3516 5326 ίνδρίζου
3538 5246 3615 5302 καὶ
3659 5242 3789 5326 ἴσχυεν

2232 5341 2322 5397 καὶ
2358 5341 2434 5403 ὡς
2492 5322 2659 5399 καλός
2720 5322 3083 5410 στρατιώτης
3130 5322 3400 5408 σπούδαζε
3451 5341 3527 5411 τῷ
3570 5322 3788 5408 στρατολι»
