4044 6218
528 375 675 434 1227'

2052 358 2423 416 ADDENDA.

3710 379 3807 435 i228

527 519 705 577 quam
729 517 799 555 ex
816 497 1121 554 uberrimo
1143 496 1303 552 fonte
1336 491 1748 556 scaturientes,
1782 489 1979 562 ipsum
2004 502 2161 558 pror-

2291 484 2440 577 ἀλλ’,
2473 488 2549 552 ὡς
2577 488 2637 547 ἐκ
2666 501 2853 569 πηγῆς
2910 492 3336 571 πολυχεόμονος
3385 494 3602 571 βρύουσα,
3622 497 3720 554 ὅλον
3743 502 3810 557 αὖ-

529 611 648 660 sus,
683 608 750 647 ac
784 596 1003 644 terram
1036 588 1096 641 in
1129 603 1247 657 qua
1286 584 1552 646 sedebat,
1586 581 1955 653 proluerunt.
1992 581 2183 647 Atque

528 678 1028 754 ipse,hujusmodi
1050 675 1366 731 dissidium
1401 672 1741 743 deplorans,
1777 686 2065 741 perquam
2097 684 2187 722 ar-

530 773 741 827 denter
763 769 834 824 ab
854 785 922 823 eo
948 764 1436 833 contendebat,ut
1456 760 1740 833 postremi
1767 759 1929 813 illius
1954 757 2185 811 itineris

531 861 807 916 comitem
829 874 889 912 se
914 855 1243 919 adhiberet,
1265 869 1376 907 nec
1399 856 1533 923 post
1555 850 1741 921 ipsius
1764 848 2092 902 discessum
2124 846 2185 899 in

533 948 757 1005 mundo
776 948 902 1019 jam
920 948 1276 1007 remaneret,
1297 943 1391 996 his
1414 939 1608 995 verbis
1630 944 1806 993 utens
1833 954 1845 991 :
1870 935 2115 1007 Ecquid,
2150 952 2183 989 ο

526 1037 808 1111 pater,tui
831 1036 1211 1099 duntaxat,ac
1234 1048 1353 1087 non
1377 1029 1626 1102 proximi
1645 1028 1939 1083 rationem
1963 1024 2188 1080 habes?

529 1130 795 1193 Quonam
820 1130 1017 1181 autem
1041 1123 1215 1179 modo
1236 1122 1346 1176 hac
1371 1122 1435 1175 in
1474 1137 1536 1174 re
1577 1117 1851 1191 perfectaa
1878 1115 2185 1171 charitatis

530 1217 726 1274 ofﬁcio
748 1215 1013 1287 fungeris
1045 1215 1171 1284 (pro
1202 1229 1269 1267 eo
1299 1217 1475 1281 atque
1504 1226 1537 1264 a
1567 1208 1798 1262 Christo
1826 1206 2051 1259 dictum
2073 1207 2181 1259 est.

530 1309 747 1379 Diliges
768 1305 1103 1377 proximum
1126 1306 1293 1356 tuum
1316 1300 1468 1355 sicut
1486 1303 1541 1353 te
1565 1298 1953 1368 ipsum),cum
1976 1300 2038 1348 tu
2054 1293 2183 1364 qui-

534 1398 669 1453 dem
695 1396 767 1452 ad
791 1394 1057 1465 requiem
1088 1407 1318 1463 pergas,
1352 1406 1446 1443 me
1478 1393 1675 1443 autem
1707 1386 1769 1439 in
1800 1384 2184 1455 oppressione

533 1494 710 1557 atque
733 1500 999 1539 aarumna
1028 1482 1429 1550 relinquas,ac
1446 1478 1792 1549 priusquam
1814 1474 1873 1527 id
1894 1474 2183 1544 religiosas

531 1579 665 1630 vitaa
690 1571 1139 1635 certaminibus,
1173 1574 1239 1623 ut
1260 1585 1367 1640 par
1390 1573 1497 1633 est,
1533 1565 1888 1621 exercitatus
1920 1564 2052 1631 sim,
2084 1580 2181 1617 va-

532 1666 773 1734 riasque
792 1662 1054 1715 hostium
1072 1657 1323 1713 insidias
1345 1660 1679 1726 compertas
1701 1652 2186 1716 habeam,adsin-

528 1754 793 1827 gularem
820 1765 1078 1822 pugnam
1101 1765 1235 1802 cum
1264 1746 1407 1817 ipsis
1438 1743 1761 1799 ineundam
1794 1759 1887 1796 me
1910 1741 2184 1812 objicias‘?

2286 575 2379 630 τὸν
2411 580 2499 633 καὶ
2543 582 2641 650 τήν
2701 588 2804 658 γῆν
2863 584 2915 640 ἐν
2947 585 2985 660 ᾖ
3015 584 3249 655 ἐκάθητο
3302 581 3605 662 κατέϐρεχεν.
3652 588 3809 663 Ὀδυρόι

2292 686 2452 738 μενος
2507 667 2564 723 δὲ
2613 672 2708 727 τὸν
2766 676 3076 748 χωρισμὸν,
3137 675 3293 747 ἠξίου
3341 675 3476 748 μάλα
3518 678 3691 750 θερμῶς
3732 701 3811 734 m-

2290 752 2583 834 οδοιπόρος
2617 763 2769 834 αὐτῷ
2797 766 2899 828 τῆς
2940 763 3256 826 τελευταίας
3286 765 3488 839 πορείας
3526 765 3731 839 γενέσθαι,
3754 770 3810 823 καὶ

2293 846 2484 916 μηκέτι
2544 856 2877 925 παραμεῖναι
2933 857 3013 925 τῷ
3066 853 3169 926 βίῳ
3200 854 3336 925 μετᾶ
3373 855 3459 923 τὴν
3504 852 3673 909 ἐκείνου
3706 854 3819 928 ἐκδη-

2294 932 2439 1006 μίαν.
2474 938 2572 992 Διὰ
2625 940 2701 1009 τί,
2761 940 2960 1017 λέγων,
3019 943 3082 997 τὸ
3140 946 3362 997 σεαυτοῦ
3416 949 3572 1013 ζητεῖς
3621 946 3819 1017 μόνον,ὧ

2292 1024 2486 1097 Πάτερ,
2535 1026 2624 1081 καὶ
2681 1031 2757 1100 μὴ
2818 1032 2907 1085 καὶ
2966 1032 3028 1086 τὸ
3078 1035 3175 1087 τοῦ
3234 1030 3501 1103 πλησίονς
3551 1038 3648 1095 πῶς
3685 1033 3730 1089 δὲ
3756 1037 3819 1104 τήν

2286 1112 2496 1169 τελείαν
2530 1114 2582 1171 ἐν
2606 1118 2788 1192 τούτῳ
2828 1118 3070 1195 πληροῖς
3126 1122 3343 1196 ἀγάπην
3374 1122 3501 1175 κατὰ
3545 1123 3622 1176 τὸν
3649 1122 3822 1193 εἰπόντα,

2288 1209 2621 1280 Ἀγαπήσεις
2654 1213 2770 1283 (97)
2811 1211 2905 1265 τὸν
2961 1211 3198 1282 πλησίον
3250 1232 3345 1267 σου
3400 1213 3467 1273 ὡς
3508 1214 3706 1282 σεαυτὸν,
3730 1215 3825 1287 πρὸς

2287 1294 2583 1350 ἀνάπαυσιν
2637 1297 2731 1371 μὲν
2789 1299 2880 1353 καὶ
2914 1301 3058 1369 ζωὴν
3117 1300 3279 1361 αὐτὸς
3337 1301 3582 1375 ἀπαίρων,
3612 1302 3674 1363 εἰς
3700 1301 3830 1375 θλίψιν

2290 1382 2347 1439 δὲ
2400 1384 2489 1439 καὶ
2535 1384 2917 1462 ταλαιπωρίαν
2978 1389 3075 1461 ἐμὲ
3130 1388 3561 1463 καταλιμπάνων,
3610 1391 3699 1462 καὶ,
3744 1391 3831 1465 πρὶν

2287 1471 2473 1537 καλῶς
2521 1473 2961 1549 ἐγγυμνασθῆναι
2991 1483 3109 1538 τοῖς
3166 1475 3357 1541 ἰίθλοις
3399 1485 3491 1547 τῆς
3521 1479 3751 1549 ἀσκήσεως
3772 1480 3833 1533 καὶ

2285 1565 2392 1615 τῶν
2452 1566 2739 1637 πολεμίων
2805 1567 2990 1638 μαθεῖν
3055 1565 3151 1628 τὰς
3227 1564 3589 1643 πολυτρόπους
3634 1565 3834 1645 ἐφόδους,

2287 1651 2423 1725 πρὸς
2481 1654 2839 1730 μονομαχίαν
2875 1677 2941 1728 με
2988 1662 3087 1725 τῆς
3142 1654 3319 1711 αὐτῶν
3378 1659 3688 1729 παρατάξεως
3737 1678 3837 1730 προ-

2289 1735 2638 1813 ϐαλλόμενος
2665 1762 2678 1811 ;
2712 1745 2873 1800 Ἰνατί
2907 1746 3130 1819 γένηται
3179 1743 3343 1814 ἄλλο,
3376 1745 3421 1800 εἷ’
3453 1748 3523 1819 μή
3554 1744 3774 1821 βληθῆναί
3796 1765 3839 1816 με

522 1846 605 1897 Ex
628 1859 743 1913 quo
770 1840 1057 1912 quidnam
1085 1836 1249 1891 aliud
1275 1836 1617 1906 contingere
1640 1830 1977 1904 potest,nisi
2000 1836 2066 1885 ut
2083 1848 2161 1885 vel

2290 1835 2410 1891 ταῖς
2466 1829 2833 1907 κακοτρόποις
2891 1833 3067 1889 αὐτῶν
3124 1840 3421 1910 μηχαναῖς,
3474 1836 3557 1889 καὶ
3610 1837 3839 1903 ἀποθανεῖν,

527 1931 825 1987 teratoriis
847 1930 1114 2000 ipsorum
1137 1925 1363 1980 artibus
1388 1929 1754 1995 prosternar,
1774 1926 1951 1992 atque
1975 1927 2041 1974 ut
2063 1921 2177 1973 im-

529 2022 735 2093 peritis
749 2036 815 2075 ac
831 2016 1054 2072 timidis
1067 2014 1494 2087 gladiatoribus
1514 2028 1624 2066 usu
1639 2012 1838 2065 venire
1853 2010 2180 2077 solet,sem—

530 2113 824 2183 piternam
856 2107 1069 2161 animae
1103 2109 1355 2158 mortem
1378 2106 1650 2171 oppetam
1670 2100 1697 2153 ἱ)
1718 2100 1803 2153 Ad
1836 2099 2174 2163 Dominum,

526 2192 896 2268 quzeso,roga
916 2200 1092 2263 atque
1124 2192 1388 2258 obsecra,
1419 2196 1484 2243 ut
1504 2206 1597 2243 me
1618 2203 1853 2259 quoque
1880 2188 1964 2241 tui
1997 2204 2026 2240 e
2058 2188 2175 2241 vita

524 2286 820 2341 discessus
853 2283 1079 2337 socium
1121 2280 1398 2346 asciscas,
1452 2279 1511 2331 id
1564 2284 1627 2331 ut
1674 2277 1874 2347 facias,
1904 2293 2010 2346 per
2040 2293 2171 2332 eam

521 2376 712 2446 ipsam
744 2388 910 2443 spem
934 2386 1110 2439 quam
1142 2368 1323 2423 habes
1346 2368 1471 2422 fore
1500 2373 1565 2421 ut
1586 2367 1806 2421 laboris
1833 2366 2171 2422 mercedem

518 2462 898 2536 percipias,te
922 2460 1206 2514 obtestor.
1235 2459 1372 2523 Hoc,
1398 2458 1663 2527 inquam,
1698 2473 1730 2509 a
1748 2455 1867 2510 Deo
1893 2456 2169 2526 precibus

516 2551 829 2615 contende,
864 2554 930 2604 ut
958 2565 1033 2603 ne
1064 2547 1309 2602 unicum
1358 2545 1602 2617 quidem
1646 2544 1807 2600 diem
1836 2550 1972 2616 post
2001 2550 2168 2600 tuum

515 2642 843 2697 discessum
874 2639 935 2693 in
969 2638 1077 2692 hac
1107 2638 1223 2691 vita
1245 2635 1798 2707 peregriner,atque
1840 2634 1901 2687 in
1934 2634 2165 2689 densis-

515 2731 666 2785 sima
695 2729 806 2783 hac
835 2726 1156 2782 solitudine
1191 2724 1485 2779 oberrem.

586 2836 718 2890 Haac
741 2850 873 2889 cum
900 2833 1181 2903 Josaphat
1201 2830 1442 2902 plorans
1461 2830 1706 2893 diceret,
1732 2845 1909 2884 senex
1931 2830 2163 2901 placide

512 2942 579 2980 ac
604 2924 820 2979 leniter
841 2924 1037 2994 ipsum
1056 2918 2162 2992 reprimens,Deijudiciis,inquit,quze

513 3015 729 3069 mentis
742 3014 1017 3068 humana:
1031 3016 1267 3081 captum
1284 3008 1892 3073 excedunt,obluctari
1914 3010 2160 3064 minime

512 3104 817 3159 debemus.
852 3104 996 3157 Nam
1023 3115 1291 3171 ego,cum
1315 3098 1386 3152 de
1410 3099 1519 3152 hac
1541 3114 1603 3151 re
1626 3097 1843 3151 multas
1869 3097 1942 3151 ad
1974 3099 2159 3152 Deum

2294 1918 2449 1991 οἷ’μοι
2486 1922 2499 1976 ί
2531 1922 2622 1976 τὸν
2656 1923 2892 1997 ψυχικὸν
2922 1920 3095 1985 ὅντως
3125 1925 3215 1978 καὶ
3247 1924 3464 1979 αἰώνιον
3494 1927 3714 1993 θάνατονς
3753 1925 3840 1997 ὅπερ

2283 2014 2402 2070 τοῖς
2462 2010 2708 2085 ἀπείροις
2755 2014 2843 2067 καὶ
2904 2010 3109 2075 δειλοῖς
3172 2009 3482 2087 συμϐαίνειν
3530 2014 3703 2090 πέφυκε
3730 2033 3840 2086 μονα-

2286 2102 2411 2170 χοῖς
2444 2103 2578 2171 (98).
2611 2099 2794 2156 Ἀλλᾶ
2825 2099 3048 2173 δεήθητι
3080 2107 3177 2157 τοῦ
3211 2104 3433 2179 Κυρίου,
3467 2100 3695 2170 δυσωπῶ,
3720 2102 3843 2155 miz-

2285 2184 2461 2259 δημον
2492 2192 2639 2247 ³54
2669 2189 2810 2263 κάμὲ
2840 2195 2936 2245 τοῦ
2976 2191 3099 2266 βίου
3157 2186 3371 2249 λαϐεῖν.
3433 2193 3554 2262 Nai,
3597 2192 3711 2266 πρὸς
3732 2190 3847 2256 αὐτῆς

2281 2283 2382 2345 τῆς
2420 2274 2641 2340 ἐλπίδος
2691 2280 2759 2347 ἧς
2820 2277 2969 2354 ἔχεις
3021 2275 3321 2335 ἀπολαϐεῖν
3378 2286 3474 2335 τοῦ
3525 2282 3738 2353 καμάτου
3777 2280 3840 2333 τὸν

2288 2366 2503 2438 μισθὸν,
2565 2364 2791 2438 δεήθητι
2855 2367 3129 2443 μηδεμίαν
3186 2371 3399 2443 ἡμέραν
3482 2370 3605 2442 μετᾶ
3660 2368 3733 2423 τὸν
3778 2368 3842 2419 σὸν

2280 2454 2567 2528 χωρισμὸν
2596 2461 2875 2531 παροικεῖν
2907 2457 2985 2528 τῷ
3033 2458 3161 2532 βίῳ,
3214 2458 3303 2512 καὶ
3339 2456 3417 2520 είς
3443 2458 3504 2513 τὸ
3535 2456 3739 2532 πὲλαγος
3753 2454 3848 2509 ταῦ-

2274 2562 2375 2612 της
2396 2540 2701 2608 πλανᾶσθαι
2721 2551 2823 2614 τῆς
2850 2544 2942 2619 ἐρή
2955 2567 3086 2618 μου.

2342 2830 2516 2881 Ταῦτα
2544 2832 2645 2882 τοῦ
2705 2830 2941 2904 Ἰωάσαφ
2975 2829 3067 2884 σὺν
3116 2829 3344 2905 δάκρυσι
3388 2830 3651 2907 λὲγοντος,
3679 2834 3701 2887 ὁ
3725 2830 3847 2907 γέρων

2271 2915 2461 2990 πράως
2516 2913 2839 2972 ἀνακόπτων
2894 2920 2983 2973 καὶ
3042 2919 3273 2992 ὁμαλῶς
3308 2966 3323 2991 ,
3410 2922 3524 2978 Οὐκ
3579 2921 3844 2998 deificari,

2266 3004 2472 3076 τέκνον,
2507 3002 2631 3082 ἔφη,
2673 3012 2791 3070 τοῖς
2848 3007 3153 3084 ἀνεφίκτοις
3203 3009 3442 3083 κρίμασι
3496 3015 3589 3065 τοῦ
3626 3012 3735 3066 Θεοῦ
3758 3009 3846 3069 ἂνθ-

2272 3092 2551 3150 ίστασθαι.
2617 3097 2762 3171 Ἐγὼ
2821 3098 2925 3171 γὰρ
2982 3096 3169 3153 πολλὰ
3226 3096 3443 3170 δεηθεὶς
3500 3099 3618 3172 περὶ
3666 3098 3845 3164 τούτου,

510 3210 714 3265 preces
767 3190 1075 3256 fudissem,
1106 3206 1360 3259 eumque
1393 3187 1485 3241 cui
1518 3186 1685 3241 nulla
1710 3187 1795 3240 vis
1825 3186 2022 3240 afferri
2053 3205 2159 3257 po—

2272 3183 2357 3238 καὶ
2388 3184 2480 3239 τὸν
2514 3183 2767 3241 ἀϐίαστον
2826 3188 3102 3259 Δεσπότην
3156 3190 3457 3263 βιασάμενος
3483 3194 3577 3245 τοῦ
3635 3190 3699 3261 μή
3719 3205 3846 3262 χωρι-

510 3288 646 3347 test,
678 3282 837 3337 velut
864 3296 971 3353 per
998 3280 1114 3332 vim
1158 3278 1393 3349 adigere
1429 3282 1772 3344 tentassem,
1804 3282 1869 3330 ut
1898 3292 1970 3330 ne
2002 3277 2160 3331 inter

508 3389 617 3427 nos
630 3367 1205 3442 disjungeremur,ab
1232 3367 1418 3438 ipsius
1439 3366 1702 3420 bonitate
1717 3365 1827 3419 hoc
1843 3365 2159 3432 didici,mi-

505 3461 665 3515 nime
690 3459 793 3513 tibi
819 3475 978 3512 nunc
1001 3455 1373 3513 conducibile
1398 3472 1526 3509 esse
1542 3455 1735 3509 carnis
1759 3472 1908 3509 onus
1930 3455 2156 3526 abjice-

504 3566 797 3617 re,verum
830 3549 891 3603 in
922 3546 1197 3617 religiosa
1228 3544 1649 3599 exercitatione
1680 3544 1889 3599 tandiu
1920 3560 2152 3615 perma-

503 3654 667 3705 nere,
702 3635 895 3706 quoad
928 3634 1394 3706 splendidiorem
1429 3649 1709 3687 coronam
1733 3633 1836 3687 tibi
1870 3633 2149 3688 texueris.

500 3725 770 3780 Nondum
804 3723 961 3777 enim
1000 3739 1102 3795 pro
1136 3738 1204 3776 ea
1235 3738 1363 3792 quae
1395 3722 1498 3775 tibi
1528 3727 1731 3791 parata
1763 3728 1851 3776 est
1878 3723 2151 3777 mercede

502 3815 644 3869 satis
668 3813 1005 3877 decertasti;
1031 3828 1226 3865 verum
1252 3811 1494 3882 paulum
1514 3810 1705 3865 adhuc
1729 3811 1961 3866 labores
1985 3830 2153 3882 opor-

500 3909 602 3971 tet,
622 3910 687 3957 ut
707 3902 878 3957 laetus
903 3902 962 3955 in
984 3900 1217 3955 Domini
1243 3901 1324 3954 tui
1346 3899 1624 3972 gaudium
1655 3902 1859 3954 intres.
1898 3902 2020 3954 Non
2045 3918 2148 3973 ego

498 3992 880 4064 quidemjam
906 4007 1056 4061 pene
1073 3989 1667 4056 centenarius,annos
1688 3988 1950 4058 quinque
1975 3995 2033 4042 et
2056 4006 2145 4043 se-

494 4083 801 4155 ptuaginta
860 4082 921 4135 in
976 4081 1086 4134 hac
1146 4078 1467 4133 solitudine
1522 4078 1767 4132 confeci.
1831 4079 1955 4132 Tibi
1988 4096 2143 4146 vero,

494 4172 727 4227 etiamsi
753 4188 871 4225 non
892 4176 1057 4224 tanta
1075 4168 1357 4239 temporis
1377 4183 1543 4222 mora
1558 4167 1756 4221 futura
1778 4171 1953 4233 est,at
1986 4174 2143 4222 certe

492 4262 565 4317 ad
591 4262 649 4316 id
680 4262 959 4332 spatium,
992 4264 1057 4313 ut
1079 4258 1253 4330 jubet
1284 4257 1590 4322 Dominus,
1623 4257 1867 4327 propius
1896 4258 2142 4313 accedas

488 4358 733 4408 necesse
756 4358 863 4421 est,
898 4368 1013 4422 quo
1052 4350 1123 4404 iis
1168 4349 1335 4403 nulla
1357 4364 1425 4402 ex
1448 4352 1614 4420 parte
1638 4347 1883 4402 inferior
1904 4349 2006 4413 sis,
2040 4350 2140 4419 qui

489 4441 604 4497 diei
629 4447 686 4496 et
707 4446 885 4496 aestus
906 4438 1139 4510 pondus
1163 4437 1538 4509 pertulerunt
1572 4437 1792 4506 (Matth.
1826 4439 1939 4509 xx).
1975 4438 2135 4503 Qua-

483 4536 745 4603 prOpter,
770 4546 802 4584 o
826 4529 1172 4597 amice,qua3
1196 4544 1229 4582 a
1246 4529 1364 4580 Deo
1397 4526 1634 4581 decreta
1665 4531 1825 4594 sunt,
1860 4532 2134 4597 prompto

482 4637 550 4676 ac
589 4618 816 4675 lubenti
866 4617 1065 4671 animo
1113 4616 1335 4685 accipe.
1368 4617 1511 4669 Nam
1544 4630 1675 4685 quae
1707 4615 1818 4684 ipsi
1853 4615 2130 4681 decrevit,

480 4710 613 4781 quis
640 4707 879 4763 tandem
918 4704 1261 4759 mortalium
1314 4702 1603 4774 dissipare
1660 4704 1882 4773 queat?
1938 4707 2129 4775 Atque

478 4799 665 4871 ipsius
694 4797 883 4871 gratia
912 4799 1313 4861 conservatus,
1350 4792 1725 4848 tolerantiam
1753 4798 1989 4863 praesta.

545 4905 699 4961 Illud
714 4906 892 4960 etiam
912 4901 1435 4969 cura,utadversus
1451 4900 1719 4955 inimicas
1736 4900 2124 4972 cogitationes

474 4997 673 5051 animo
698 4994 972 5060 excubes,
996 5009 1064 5049 ac
1089 4993 1306 5048 mentis
1326 4991 1667 5063 puritatem,
1702 5006 1822 5044 non
1855 5006 2023 5045 secus
2053 5007 2123 5046 ac

474 5084 790 5156 quemdam
814 5083 1071 5157 ingentis
1085 5083 1259 5155 pretii
1279 5080 1879 5148 thesaurum,salvum
1896 5084 1951 5135 et
1966 5080 2122 5137 inco-

541 5313 652 5385 (97)
685 5313 849 5369 Conf.
883 5331 941 5385 p.
975 5314 1100 5378 328,
1127 5329 1188 5368 n.
1221 5315 1272 5365 7.

2165 4571 2214 4637 D

2269 3275 2459 3342 σθῆναι
2492 3277 2641 3347 ἡμᾶς
2673 3277 2761 3329 ἀπ’
2821 3274 3112 3350 ἀλλήλων,
3147 3276 3456 3354 ἐδιδᾶχθην
3501 3279 3637 3353 παρᾶ
3662 3285 3741 3347 τῆς
3780 3275 3845 3328 αὖ·

2265 3361 2361 3416 τοῦ
2394 3365 2733 3439 ἀγαθότητος
2765 3367 2841 3429 ὡς
2869 3366 2966 3420 οὐκ
2996 3365 3105 3422 ἔστι
3138 3371 3424 3447 συμφέρον
3457 3371 3514 3423 σὲ
3542 3373 3625 3422 νῦν
3647 3369 3699 3422 τὸ
3723 3366 3844 3440 ἄχθος

2262 3458 2365 3521 τῆς
2395 3455 2593 3528 σαρκὸς
2623 3454 2937 3518 ἀποθεσθαιο
2973 3454 3119 3511 ἀλλά
3154 3464 3495 3532 παραμεῖναι
3546 3456 3703 3530 δεῖ
3728 3456 3847 3520 ἀσκή-

2263 3564 2367 3612 σει,
2406 3540 2509 3605 ἓως
2562 3542 2945 3619 λαμπρότερον
2998 3545 3173 3617 ἑαυτῷ
3231 3547 3330 3603 τὸν
3392 3549 3640 3626 στέφανον
3691 3542 3845 3613 πλέξῃς.

2263 3631 2336 3685 Οὐ
2390 3632 2491 3706 γὰρ
2527 3632 2837 3706 ἀρκούντως
2870 3634 3052 3705 ἀκμὴν
3084 3635 3344 3709 ἠγωνίσω
3376 3638 3515 3711 πρὸς
3546 3638 3637 3704 τήν
3674 3638 3851 3704 ἡτοιμα-

2260 3720 2459 3791 σμένην
2494 3741 2576 3774 σοι
2614 3718 3059 3793 μισθαποδοσίαν
3121 3720 3269 3778 ἀλλὰ
3302 3721 3390 3778 δεῖ
3439 3744 3496 3778 σε
3546 3722 3762 3777 κοπιάσειε
3790 3738 3850 3788 με·

2260 3810 2414 3883 κρὸν,
2440 3807 2531 3862 τίνα
2580 3810 2789 3884 χαίρῶν
2824 3809 3074 3884 εἰσέλθῃς
3106 3810 3182 3872 εἷς
3212 3814 3317 3881 τήν
3355 3812 3535 3886 χαρὰν
3581 3816 3667 3866 τοῦ
3711 3806 3853 3877 Κυρίου

2259 3920 2359 3952 σου
2394 3902 2528 3972 (99).
2589 3900 2733 3974 Ἐγὼ
2791 3900 2895 3976 γὰρ
2951 3898 3116 3974 ἐγγὺς
3171 3922 3279 3954 που
3332 3907 3446 3955 τῶν
3507 3894 3851 3955 ἓκατὸνλοιπόν

2260 3988 2373 4060 εἶμι
2424 3990 2664 4063 χρόνων,
2726 3986 3040 4053 διατελέσας
3069 3990 3121 4043 ἐν
3157 3994 3224 4064 σῇ
3259 3989 3467 4065 ἐρήμῳ
3520 3989 3676 4062 ταύτῃ
3723 3986 3854 4041 ἐνιαυ-

2254 4078 2382 4141 τοὺς
2413 4078 2520 4149 ἤδη
2553 4080 2710 4133 πέντε
2740 4079 2829 4133 καὶ
2889 4074 3295 4152 ἑϐδομήκοντα·
3362 4082 3450 4135 σοί
3484 4079 3560 4149 δὲ,
3593 4079 3637 4132 εἷ’
3659 4079 3731 4131 καὶ
3760 4094 3853 4127 τος-

2256 4172 2410 4222 οὖτον
2472 4168 2570 4222 οὐκ
2624 4168 2975 4239 ἐκταθήσεται
3007 4170 3035 4223 ὁ
3068 4168 3299 4244 χρόνος,
3354 4169 3505 4225 ἀλλὰ
3542 4167 3751 4237 πλησίον
3777 4183 3850 4217 τοι)

2249 4258 2486 4330 γενέσθαι
2536 4254 2634 4325 δεῖ,
2669 4256 2846 4320 καθὼς
2888 4254 3100 4311 κελεύει
3126 4259 3153 4311 ὁ
3191 4259 3421 4332 Κύριος,
3477 4256 3545 4311 ’ἔν’
3600 4250 3851 4332 ἐφάμιλλος

2250 4344 2604 4420 ἀναδειχθῆς,
2639 4346 2729 4399 καὶ
2756 4342 2927 4417 μηδὲν
2958 4345 3103 4407 ὅλως
3136 4346 3541 4421 ὑστερούμενος
3568 4350 3670 4401 τῶν
3700 4344 3850 4419 βας-τι-

2249 4434 2452 4490 σάντων
2483 4435 2544 4489 τό
2594 4434 2758 4510 βάρος
2811 4441 2913 4503 τῆς
2936 4434 3149 4509 ἡμέρας
3204 4436 3297 4490 καὶ
3359 4437 3456 4491 τὸν
3514 4435 3739 4490 καύσωνα
3782 4430 3850 4498 (ί).

2249 4522 2423 4597 Δέχου
2470 4524 2669 4593 τοίνυν,
2702 4522 2746 4577 ὦ
2778 4521 3012 4594 φιλότης
3070 4527 3171 4596 (2),
3203 4524 3270 4579 τὰ
3328 4529 3412 4597 τῲ
3471 4528 3586 4597 Θεῷ
3611 4517 3849 4595 δεδογμένα

2247 4613 2520 4684 ἀσμένως.
2578 4614 2643 4669 Ἀ
2671 4614 2775 4687 γὰρ
2835 4612 2997 4677 αὐτὸς
3056 4608 3449 4689 βεϐούλευται,
3479 4614 3560 4674 τίς
3606 4611 3761 4669 ἱκανὸς
3784 4605 3849 4659 ἀν’

2244 4703 2477 4776 θρώπων
2514 4698 2858 4756 διασκεδάσαι
2887 4721 2899 4770 ;
2936 4701 3038 4758 Καὶ
3068 4702 3321 4777 καρτὲρει
3352 4707 3426 4776 τῇ
3469 4702 3667 4758 ἐκείνου
3692 4695 3847 4771 φυλατ-

2236 4791 2467 4863 τόμενος
2500 4790 2707 4867 χάριτι.

2313 4902 2461 4959 355
2511 4905 2668 4976 Νῆφε
2698 4896 2754 4953 δὲ
2785 4898 2865 4954 ἀεὶ
2897 4900 3033 4975 πρὸς
3061 4898 3191 4962 τοὺς
3235 4898 3525 4963 ἐναντίους
3577 4891 3836 4974 λογισμοὺς»

2233 4989 2321 5043 καὶ
2350 4990 2450 5059 τήν
2506 4988 2851 5063 καθαρότητα
2900 4993 3000 5044 τοῦ
3054 4990 3179 5052 νοὸς
3210 4988 3405 5066 ὥσπερ
3458 4991 3579 5047 τινὰ
3623 4982 3834 5057 θησαυρὸν

2229 5077 2564 5152 πολύτιμον,
2604 5075 2804 5134 ἄσυλον
2845 5074 3115 5155 διατήρεί,
3148 5080 3289 5154 πρὸς
3348 5080 3679 5154 ὑψηλοτέραν
3713 5072 3831 5146 (gya-

538 5379 645 5454 (98)
685 5386 748 5449 C,
783 5379 1077 5457 μοναχοῖς.
1102 5387 1167 5451 Α,
1195 5379 1560 5457 μονομάχοις.
1598 5382 1714 5457 Hoc
1744 5381 2161 5457 Trapezuntius

2272 5382 2388 5449 rtit,
2421 5380 2569 5436 illud
2604 5380 2848 5437 Biblius.

540 5452 649 5525 (99)
680 5452 881 5511 Matth.
926 5452 1054 5521 i'xv,
1086 5458 1151 5509 23
1180 5452 1205 5509 ί
1226 5452 1456 5517 Εἴσελῠε
1486 5452 1564 5526 εἰς
1591 5453 1687 5526 τὴν
1722 5453 1896 5526 χαρᾲν
1930 5456 2027 5506 τοῦ
2059 5459 2161 5525 Κυε

2302 5473 2420 5526 σου.

535 5522 611 5667 51)
634 5522 841 5581 Matth.
874 5544 967 5593 xx,
1001 5529 1062 5580 12
1089 5543 1100 5580 :
1138 5526 1311 5587 ’Ὶσους
1340 5526 1477 5596 ἡμῖν
1511 5522 1703 5585 αὐτοὺς
1725 5522 1994 5593 ’ἐποίησας
2015 5522 2455 5599 τοῖςβαστάσασι
2486 5523 2547 5577 τὸ
2583 5524 2748 5597 βάρος
2775 5528 2947 5590 τῆς...

555 5599 609 5667 2)
640 5601 706 5663 A,
742 5597 814 5652 ad
844 5612 1026 5667 marg.
1057 5613 1070 5651 :
1106 5598 1273 5667 Γράφ.
1308 5597 1551 5667 φίλτατε.
1589 5598 1666 5652 De
1718 5597 1993 5665 formula,
2027 5597 2071 5650 ὦ
2103 5618 2159 5667 φι
2205 5596 2357 5662 ότης.
2412 5598 2545 5651 vine
2592 5597 2784 5652 Schol.
2819 5596 2947 5651 Plat

555 5599 609 5669 2)
640 5597 814 5673 A,ad
844 5612 1030 5673 marg1
1057 5598 1273 5673 ελΓράφ.
1308 5597 1551 5673 φίλτατε.
1589 5598 1673 5673 De
1702 5597 1993 5673 formula,
2027 5597 2071 5673 ᾧ
2103 5618 2159 5673 φι

2272 5616 2357 5673 ης.
2412 5598 2545 5673 vine
2592 5596 2966 5673 S_chol._gl?lﬁat.

3046 5600 3186 5666 αδδς
3219 5598 3413 5653 Gl‘aav.
3449 5598 3521 5653 ad
3554 5599 3674 5652 Luc.
3699 5590 3817 5666 Rhet

503 5658 638 5727 riae.
674 5658 740 5726 1⁷4
774 5672 935 5735 ;not.
963 5658 1036 5721 ad
1065 5658 1333 5724 Aristaen'.
1371 5687 1407 5733 ι,
1443 5671 1528 5737 17,
1561 5686 1619 5739 p.
1652 5671 1792 5734 467;
1830 5658 2161 5725 Wernsd.'a

461 5687 633 5816 ξενίας
665 5742 730 5797 τὰ
748 5739 1098 5816 χαριστήρια.
1134 5740 1218 5793 lbi
1251 5740 1492 5810 quidem
1515 5756 1649 5810 ergo
1682 5740 2047 5810 pratulerim
2079 5758 2161 5797 scr

2285 5658 2473 5723 imerii
2511 5668 2683 5750 verba
2704 5686 2762 5740 p.
2793 5668 2937 5725 508:
2969 5658 3151 5723 Ταῦτα
3177 5658 3314 5741 ’ὑμῖν
3350 5670 3399 5722 ὦ
3431 5667 3677 5743 φιλότης,
3702 5658 3814 5736 φιλο-

2272 5758 2381 5796 araa
2413 5746 2777 5810 varietatem,
2811 5736 2855 5791 ὦ
2886 5737 3061 5811 φίλοι,
3090 5745 3186 5807 τῆς
3214 5736 3340 5815 φιλ.

492 5740 633 5805 ενίας
665 5742 730 5797 τὰ
748 5739 1098 5840 χαριστήρια.
1134 5740 1218 5793 lbi
1251 5740 1492 5810 quidem
1515 5736 1649 5810 ergo
1682 5740 2047 5810 pratulerim
2079 5758 2161 5797 scr

2272 5758 2381 5796 me
2413 5736 2777 5810 varietatem,
2811 5736 2855 5791 ὦ
2886 5737 3061 5811 φίλοι,
3090 5745 3186 5807 τῆς
3214 5736 3340 5815 φιλ.
