4040 6204
478 363 615 424 1231

2030 358 2396 415 ΔΒΟΕΝΒΑ.

3666 370 3765 431 1232

478 491 641 549 omni
669 487 1009 562 acceptione
1028 486 1263 560 dignus:
1286 485 1343 541 Si
1366 484 1810 552 commorimur,
1845 488 1903 539 et
1926 483 2126 539 convi-

2244 482 2591 557 ὑπομένομεν
2620 528 2635 554 ,
2690 483 2782 539 καὶ
2839 479 3343 560 συμϐασιλεύσομεν
3414 488 3634 563 βασιλείαν
3690 498 3762 565 τὴν

477 597 681 637 vernus
706 598 720 646 ;
746 579 793 635 si
821 578 1273 643 sustinemus,et
1294 575 1881 647 conregnabimus,in
1915 572 2127 643 sempi-

480 675 650 725 terno
674 668 774 722 illo
802 684 869 723 ac
894 666 1032 721 ﬁnis
1054 670 1291 735 experte
1312 681 1492 736 regno
1520 662 1973 734 incomparabili
1995 661 2127 717 luce

481 757 833 824 collustrati,
866 762 1041 826 atque
1065 771 1197 809 vere
1220 753 1405 809 beata)
1428 770 1493 808 ac
1526 752 1809 823 principis
1827 750 2128 805 Trinitatis

481 847 922 904 illuminatione
946 844 1310 899 donati.Haec
1333 842 1601 898 Barlaam
1616 842 1689 897 ad
1710 856 2016 912 vesperam
2039 856 2131 893 us-

483 954 619 1008 que,
652 952 718 991 ac
741 953 845 1007 per
872 939 1056 989 totam
1084 933 1261 987 etiam
1285 938 1543 999 noctem,
1575 931 1893 1001 Josaphato
1917 929 2129 1003 loque-

480 1027 657 1082 batur
677 1024 1032 1080 effusissime
1052 1022 1426 1093 lacrymanti,
1457 1025 1633 1090 atque
1653 1017 1997 1090 hujusmodi
2016 1016 2129 1071 dis-

472 1115 849 1188 junctionem
873 1112 1178 1185 aagerrimo
1198 1111 1395 1165 animo
1417 1108 1651 1164 ferenti.
1672 1109 1797 1162 Jam
1821 1112 2017 1161 autem
2044 1105 2127 1159 lu-

481 1210 652 1260 cente
673 1202 766 1259 die
796 1218 1008 1257 manus
1039 1205 1215 1271 atque
1250 1199 1453 1254 oculos
1497 1198 1559 1252 in
1599 1196 1814 1252 ccelum
1862 1195 2122 1263 sustulit,

479 1294 719 1363 Deoque
748 1292 967 1365 gratias
997 1289 1273 1356 reddens,
1320 1289 1432 1343 hoc
1482 1302 1755 1341 sermone
1804 1301 1946 1339 usus
1996 1289 2123 1339 est:

551 1400 797 1455 Domine
817 1400 969 1452 Deus
992 1412 1178 1463 meus,
1196 1394 1296 1465 qui
1319 1393 1544 1464 ubique
1564 1408 1829 1463 praesens
1851 1407 1932 1453 es,
1954 1395 2131 1460 atque

480 1485 1155 1557 omniaimples,gratias
1169 1484 1273 1537 tibi
1289 1482 1712 1555 ago,quoniam
1729 1480 2129 1534 humilitatem

480 1594 674 1634 meam
702 1574 1013 1645 respexisti
1045 1573 1211 1642 (Psal.
1244 1574 1316 1639 ι),
1350 1577 1529 1641 atque
1570 1571 1681 1624 hoc
1712 1570 1859 1624 mihi
1886 1585 2132 1623 conces-

484 1667 707 1733 sisti,ut
718 1664 779 1719 in
794 1662 1120 1719 orthodoxa
1134 1667 1235 1716 tua
1247 1660 1450 1726 fide,et
1462 1659 1878 1714 mandatorum
1895 1664 2131 1712 tuorum

480 1755 848 1826 via,hujusce
870 1750 1365 1824 peregrinationis
1384 1765 1625 1805 cursum
1648 1747 2019 1803 absolverim.
2047 1749 2129 1801 Ac

2240 571 2461 627 αἰώνιον
2493 574 2580 627 καὶ
2627 572 3010 644 ἀτελεύτητον,
3065 578 3144 646 τῷ
3203 575 3337 653 φωτὶ
3387 576 3771 655 καταλαμπόμενοι

2236 664 2317 731 τῷ
2348 662 2626 737 ἀπροσίτῳ
2656 665 2788 736 (10),
2820 664 2910 718 καὶ
2958 667 3058 728 τῆς
3091 662 3406 738 ἐλλάμψεως
3454 670 3770 744 χαταξιούμενοι

2236 756 2338 818 τῆς
2372 751 2638 826 μακαρίας
2662 749 2830 814 ὅντῶς
2871 750 2961 807 καί
2995 758 3313 828 ζωαρχικῆς
3354 753 3571 825 Τριάδος.
3597 761 3775 817 Τοιαῦτα

2243 837 2338 910 μὲν
2366 838 2392 891 ὁ
2428 837 2564 912 Βαρλ
2578 838 2692 911 αᾶμ
2716 836 2820 903 ἕως
2850 841 3075 915 ἐσπέρας
3105 840 3193 895 xui
3241 843 3362 913 παρ’
3412 842 3529 914 ὅλην
3555 847 3636 915 τήν
3658 849 3777 905 νύκτα

2238 930 2316 997 τῷ
2365 927 2595 1004 Ἰωᾶσαφ
2640 927 2866 1001 ὡμίλει,
2925 928 3321 1004 ἀκατασχέτοις
3374 928 3589 1004 δάκρυσιν
3635 934 3775 1013 65090-

2244 1013 2387 1087 μένῳ
2417 1017 2501 1069 xui
2562 1017 2653 1071 τὸν
2718 1018 3004 1091 χωρισμὸν
3064 1019 3141 1091 μὴ
3193 1018 3422 1096 φέροντι.
3451 1023 3587 1095 Ἀρτι
3631 1022 3677 1079 δὲ
3707 1034 3779 1096 τῆς

2239 1106 2448 1179 ἡμέρας
2509 1103 2844 1183 διαφαούσης
2900 1108 3038 1180 (11),
3094 1108 3192 1176 τὴν
3252 1108 3381 1182 πρὸς
3424 1108 3561 1165 αὐτὸν
3612 1114 3777 1187 ὁμιλίαν

2241 1192 2579 1270 διαπεράνας,
2629 1196 2756 1271 ἦρεν
2808 1194 2885 1260 εἷς
2941 1195 3165 1271 οὐρανὸν
3195 1200 3379 1273 χεῖράς
3405 1220 3458 1254 τε
3484 1200 3564 1255 καὶ
3599 1198 3783 1276 ὄμματα,

2240 1283 2332 1339 xui
2365 1283 2715 1361 εὐχαριστίαν
2747 1284 3095 1359 ἀναπέμψας,
3123 1290 3203 1357 τῷ
3234 1292 3369 1359 Θεῷ,
3399 1287 3511 1364 ἔφη’

2312 1391 2500 1467 Κύριε,
2543 1393 2571 1447 ὁ
2619 1392 2750 1454 Θεός
2814 1413 2941 1465 μου,
2999 1394 3027 1447 ὁ
3087 1398 3368 1468 πανταχοῦ
3420 1395 3583 1469 παρὼν
3632 1399 3704 1452 καὶ
3744 1400 3789 1454 τὲ

2238 1482 2409 1535 πάντα
2455 1480 2711 1553 πληρῶν,
2769 1480 3081 1556 εὐχαριστῶ
3140 1503 3247 1551 σοι,
3281 1484 3361 1537 δτι
3416 1482 3597 1546 ἐπεῖδες
3620 1488 3698 1555 τήν
3720 1509 3788 1541 τα-

2238 1570 2492 1625 πείνωσίν
2524 1591 2629 1643 μου
2660 1570 2747 1624 καὶ
2781 1569 2833 1625 ἐν
2889 1574 2959 1643 τῇ
3013 1568 3287 1644 ὀρθοδόξῳ
3344 1593 3433 1627 σου
3485 1573 3710 1648 ὁμολογίᾳ
3729 1579 3791 1629 καὶ

2238 1660 2292 1715 ἐν
2326 1657 2438 1731 ὁδῷ
2464 1664 2571 1714 τῶν
2605 1657 2845 1713 ἐντολῶν
2891 1680 2986 1713 σου
3034 1658 3271 1729 ἠξίωσας
3293 1661 3381 1715 τὸν
3413 1659 3596 1736 δρόμον
3635 1663 3790 1718 τελέσαι

2241 1770 2307 1823 με
2332 1755 2433 1817 τῆς
2463 1745 2649 1812 ἐνθάδε
2686 1748 2975 1822 παροικίας
3028 1770 3154 1821 μου.
3215 1749 3321 1806 Καὶ
3348 1747 3457 1821 νῦν,
3487 1751 3713 1828 φιλάγαθε
3733 1752 3795 1807 Δὲ-

483 1843 896 1914 nunc,optime
918 1840 1370 1908 Domine,atque
1392 1837 1465 1891 ad
1498 1836 1968 1891 misericordiam
1991 1853 2127 1907 pro.

2243 1858 2416 1892 σποτα
2444 1836 2533 1891 xui
2590 1835 3007 1911 πανοικτίρμον,
3041 1834 3183 1907 δέξαι
3244 1859 3314 1911 με
3368 1839 3439 1901 εἷς
3490 1842 3576 1902 τὰς
3610 1841 3797 1901 αἰωνίους

484 1931 929 2005 pensissime,in
945 1934 1167 1983 aeterna
1181 1926 1564 1981 tabernacula
1577 1930 1783 1980 tuame
1796 1925 2133 1996 recipe,nec

485 2040 555 2078 ea
573 2021 863 2077 memoria
878 2019 1069 2073 retine
1088 2033 1218 2087 quas
1240 2015 1330 2069 vel
1362 2016 1556 2069 sciens
1578 2015 1673 2069 vel
1703 2015 1965 2069 insciens
1997 2014 2057 2068 in
2078 2020 2132 2069 te

482 2110 739 2183 peccavi.
760 2110 1053 2163 Conserva
1065 2112 1263 2160 autem
1278 2105 1454 2159 etiam
1472 2103 1710 2158 fidelem
1724 2104 1882 2158 hunc
1899 2120 2132 2158 servum

484 2205 675 2265 tuum,
708 2197 915 2252 cuime
938 2196 1211 2249 inutilem
1242 2194 1533 2248 famulum
1566 2198 1733 2247 tuum
1760 2210 2015 2264 praeesse
2038 2210 2131 2246 vo-

483 2287 667 2342 luisti.
694 2286 778 2339 Ab
802 2285 964 2339 omni
989 2284 1245 2338 vanitate
1274 2287 1451 2352 atque
1476 2281 1794 2336 adversarii
1826 2282 2131 2337 vexatione

484 2378 681 2450 ipsum
701 2376 890 2431 exime
912 2392 925 2441 ;
949 2374 1216 2444 illudque
1230 2373 1418 2441 efﬁce,
1443 2378 1510 2426 ut
1529 2373 2028 2428 nodosissimisiis
2044 2372 2130 2427 la-

487 2466 656 2538 queis
670 2481 821 2535 quos
834 2463 1107 2518 diabolus
1120 2462 1193 2517 ad
1215 2478 1419 2516 eorum
1444 2462 1711 2515 omnium
1732 2462 1948 2532 quibus
1972 2462 2131 2517 salus

485 2554 649 2610 cordi
681 2558 771 2607 est
800 2551 1188 2606 offensionem
1216 2548 1495 2620 expandit
1542 2550 1855 2604 sublimior
1897 2551 2127 2605 existat.

487 2647 737 2700 Omnem
767 2641 1107 2713 impostoris
1130 2640 1477 2711 potentiam,
1502 2640 1879 2711 omnipotens
1901 2642 2073 2709 Deus,
2098 2658 2133 2697 a

488 2733 638 2788 servi
652 2732 738 2786 tui
753 2731 899 2786 facie
919 2729 1072 2795 dele;
1095 2734 1271 2799 atque
1285 2745 1384 2783 eas
1398 2728 1510 2798 ipsi
1526 2728 1676 2783 vires
1690 2730 1856 2797 affer,
1874 2730 2129 2800 utpesti-

484 2823 677 2878 ferum
691 2821 879 2875 hostis
891 2819 1228 2874 animarum
1246 2822 1586 2871 nostrarum
1610 2822 1787 2888 caput
1806 2819 2128 2889 proculcet.

487 2910 737 2983 Spiritus
752 2909 836 2963 tui
850 2908 1037 2963 sancti
1051 2907 1300 2980 gratiam
1317 2922 1383 2960 ex
1399 2906 1517 2960 alto
1533 2906 1593 2959 in
1610 2923 1744 2961 eum
1759 2907 2022 2975 demitte,
2045 2914 2130 2963 at-

485 3017 599 3071 que
617 2999 692 3054 ad
710 2996 1038 3053 invisibiles
1055 2996 1367 3051 conflictus
1380 2994 1561 3049 robur
1574 2995 1683 3065 ipsi
1701 2994 1945 3063 adde,ut
1960 2997 2134 3052 victo-

479 3090 586 3144 riae
600 3103 880 3143 coronam
896 3091 1003 3141 ate
1022 3089 1440 3155 consequatur,
1461 3100 1528 3138 ac
1544 3100 1762 3138 nomen
1776 3090 2004 3153 tuum,o
2021 3085 2131 3140 Pa-

2235 1949 2332 1985 σοι)
2363 1926 2564 1989 σκηνὰς
2602 1927 2735 1997 (12),
2793 1924 2884 1979 xui
2942 1926 3017 1997 μή
3054 1928 3301 1997 μνησθῆς
3355 1929 3449 1982 ὅσα
3500 1949 3576 1982 σοι
3614 1929 3798 2002 ἥμαρτον

2237 2019 2287 2073 ἐν
2322 2017 2517 2092 γνώσει
2546 2035 2605 2069 τε
2649 2013 2740 2068 xui
2799 2013 3005 2087 ἀγνοίᾳ.
3068 2014 3314 2086 Φύκαξον
3348 2013 3403 2071 δὲ
3449 2018 3529 2072 καὶ
3558 2020 3634 2072 τὸν
3661 2020 3795 2072 πιστόν

2238 2127 2334 2160 σου
2366 2102 2566 2160 δοῦλον
2596 2107 2786 2157 τοῦτον
2823 2145 2836 2171 ,
2870 2102 3036 2175 οὗπερ
3068 2104 3371 2178 προστῆναί
3429 2127 3491 2178 με
3526 2108 3605 2160 τὸν
3634 2107 3797 2182 nixos?!”

2237 2215 2335 2249 σου
2386 2195 2622 2266 ἠξίωσας
2679 2190 2917 2262 οἰκέτην⁹
2978 2192 3134 2267 ῥῦσαι
3168 2194 3333 2248 αὐτὸν
3392 2196 3492 2249 ἀπὸ
3543 2194 3689 2264 πάσης
3729 2219 3799 2268 μα-

2235 2283 2525 2353 ταιότητος
2555 2283 2706 2340 358
2760 2282 2849 2335 καὶ
2910 2280 3168 2357 ἐπηρείας
3224 2287 3325 2337 τοῦ
3372 2284 3715 2357 ἀντικειμένου,
3736 2282 3798 2338 καὶ

2238 2370 2579 2447 ὑψηλότερον
2621 2371 2772 2425 αὐνὸν
2801 2371 3032 2440 ποίησον
3064 2374 3172 2425 τῶν
3214 2370 3574 2429 πολυπλόιων
3599 2372 3798 2449 πηίόων,

2235 2464 2306 2516 ὧν
2343 2461 2419 2523 είς
2469 2458 2767 2515 σκάνδαλον
2826 2457 3079 2529 ἥπλωσεν
3139 2461 3167 2514 ὁ
3224 2463 3465 2537 πονηρὸς
3511 2462 3689 2517 πάντων
3724 2466 3797 2517 τῶν

2236 2550 2501 2607 θελόντων
2563 2552 2822 2619 σωθῆναι.
2884 2546 3197 2626 Ἀφᾶνισον,
3254 2549 3636 2626 παντοδύναμε,
3678 2557 3798 2607 πᾶσαν

2233 2641 2332 2709 τήν
2367 2638 2594 2712 δύναμιν
2626 2641 2722 2692 τοῦ
2771 2638 3084 2701 ἀπατεῶνος
3135 2638 3240 2693 ἀπὸ
3304 2641 3586 2715 προσώπου
3610 2638 3800 2695 107330-5-

2237 2727 2339 2783 λου
2370 2750 2485 2796 σου,
2516 2727 2604 2782 καὶ
2640 2725 2731 2787 δὸς
2782 2726 2928 2798 αὖτῷ
2969 2726 3211 2799 ἐξουσίαν
3275 2734 3462 2783 πατεῖν
3496 2730 3585 2797 τὴν
3636 2726 3802 2803 ὀλεθρο-

2233 2818 2393 2872 τόκον
2452 2818 2617 2893 κὰραν
2676 2819 2772 2871 τοῦ
2824 2814 3101 2887 πολεμίου
3157 2821 3267 2870 τῶν
3320 2819 3589 2893 ἡμετέρων
3633 2818 3802 2890 ψυχῶν.

2235 2907 2603 2980 Κατάπεμψον
2680 2905 2731 2976 ἐξ
2793 2903 2961 2978 ὕψους
3040 2905 3138 2973 τὴν
3196 2907 3366 2981 χάριν
3422 2911 3514 2962 τοῦ
3578 2906 3705 2981 ἁγίου
3740 2927 3805 2959 σον

2236 2994 2567 3068 Πνεύματος.
2606 2994 2703 3048 Καὶ
2749 2992 3064 3069 ἐνίσχκυσον
3100 2993 3260 3049 αὐτὸν
3314 2996 3451 3068 πρὸς
3496 2995 3583 3058 τὰς
3611 2996 3803 3068 ἀοράτου(

2235 3087 2599 3161 παρατάξεις,
2657 3085 2748 3139 ἳνα
2803 3085 2897 3139 τὸν
2944 3091 3046 3154 τῆς
3099 3084 3258 3155 νίκης
3314 3087 3517 3159 ἀξιωθῇ
3586 3086 3706 3158 παρὰ
3740 3088 3804 3138 σού

479 3182 664 3245 ter,ac
678 3177 807 3231 Filii
838 3175 941 3241 tui,
966 3180 1025 3229 et
1044 3174 1295 3245 Spiritus
1317 3172 1529 3239 sancti,
1553 3171 1615 3226 in
1630 3172 1757 3243 ipso
1774 3174 2126 3243 celebretur,

2242 3174 2494 3252 στέφανον
2551 3171 2819 3246 δέξασθαι,
2874 3173 2964 3228 xui
3016 3170 3250 3248 δοξασθῇ
3314 3174 3366 3230 ἐν
3425 3174 3564 3247 αὐτῷ
3612 3175 3663 3229 τὸ
3687 3169 3806 3240 ὄνομά

480 3266 766 3341 quoniam
799 3270 853 3320 te
887 3263 1056 3319 decet
1084 3262 1214 3318 laus
1246 3267 1304 3317 et
1331 3261 1519 3334 gloria
1545 3260 1606 3315 in
1640 3262 1879 3318 saacula.
1914 3265 2125 3318 Amen.

555 3554 674 3609 Hac
694 3551 1036 3624 precatione
1058 3548 1421 3616 habita,cum
1447 3553 1696 3619 paterno
1731 3550 1946 3604 aﬂ‘ectu
1974 3550 2136 3606 Josa-

486 3643 736 3716 phatum
759 3639 1305 3710 complexus,atque
1320 3638 1522 3693 osculo
1542 3642 1745 3694 sancto
1761 3638 2137 3693 exosculatus

488 3732 721 3798 fuisset,
753 3745 821 3785 ac
872 3743 999 3783 sese
1052 3726 1244 3782 crucis
1274 3726 1440 3799 signo
1470 3727 1806 3795 muniisset,
1834 3726 2136 3799 pedesque

491 3819 822 3886 extulisset,
852 3816 1076 3889 ingenti
1095 3815 1301 3870 lmtitia
1321 3815 1615 3886 perfusus,
1647 3832 1769 3870 non
1792 3832 1962 3871 secus
1992 3832 2059 3871 ac
2087 3816 2135 3871 si

488 3908 667 3967 amici
699 3905 940 3978 quidam
970 3904 1385 3971 accessissent,
1417 3903 1489 3959 ab
1522 3904 1761 3960 beatum
1792 3904 1925 3973 iter,
1959 3910 2136 3976 atque

486 3999 562 4055 ad
582 3993 925 4068 recipienda
953 3994 1141 4049 beatae
1187 3992 1349 4047 illius
1389 3992 1523 4047 vita,
1561 3994 1808 4064 praamia
1836 3993 2136 4065 profectus

487 4092 596 4156 est,
629 4102 810 4143 senex
836 4085 1035 4157 plane,
1068 4100 1135 4139 ac
1167 4081 1568 4154 spiritualium
1614 4082 1847 4139 dierum
1894 4082 2133 4155 plenus.

554 4297 687 4352 CAP.
712 4295 821 4351 XL.
847 4325 917 4335 —
936 4291 1217 4365 Josaphat
1238 4296 1701 4360 autem,summa
1730 4306 1866 4346 cum
1897 4307 2136 4346 venera-

483 4396 645 4451 tione
671 4399 847 4465 atque
869 4392 1096 4464 ejulatu
1112 4393 1340 4461 patrem
1362 4388 2132 4460 complexus,lacrymisque

481 4494 682 4550 abluto
705 4492 890 4563 ipsius
913 4492 1363 4560 corpore,atque
1396 4503 1605 4557 aspero
1624 4486 1729 4541 illo
1751 4486 2129 4558 cilicio,quod

483 4593 555 4649 ab
574 4609 642 4647 eo
663 4591 725 4646 in
737 4590 878 4647 aula
897 4584 1843 4658 acceperat,involuto,consuetos
1866 4586 2126 4655 psalmos
2162 4560 2206 4625 D
2238 4571 2360 4621 mi"

474 4691 710 4755 recitat,
740 4704 847 4760 per
877 4691 1061 4741 totum
1098 4682 1254 4737 diem
1287 4698 1354 4737 ac
1384 4686 1569 4736 totam
1595 4687 1833 4736 noctem
1858 4683 2036 4737 simul
2068 4691 2127 4739 et

476 4793 786 4855 canens,et
813 4785 1139 4858 pretiosum
1157 4782 1312 4837 beati
1344 4781 1452 4835 viri
1496 4798 1709 4852 corpus
1739 4781 2018 4854 lacrymis
2045 4784 2125 4838 ri-

474 4906 641 4965 gans.
675 4885 966 4944 Postridie
992 4888 1192 4940 autem
1226 4883 1441 4938 effosso
1460 4881 1633 4953 juxta
1663 4882 2008 4953 speluncam
2041 4901 2128 4939 se-

474 4988 778 5061 pulcro,ac
809 4999 975 5041 sacro
1007 4997 1254 5053 corpore
1290 4984 1635 5035 reverenter
1663 4979 1985 5035 admodum
2024 4998 2124 5050 ge-

478 5092 650 5154 stato,
686 5082 1060 5156 spiritualem
1092 5085 1321 5153 patrem
1353 5078 1619 5152 egregius
1651 5082 1709 5133 et
1737 5078 2127 5135 charissimus

477 5183 636 5238 ﬁlius
666 5178 1448 5249 inhumavit,ardentiusque
1472 5176 1671 5232 animo
1694 5176 2123 5248 inflammatus,

576 5425 661 5494 l0)
690 5426 853 5497 Conf.
880 5444 935 5497 p.
968 5429 1063 5497 44,
1091 5444 1152 5483 n.
1184 5428 1274 5482 93.

573 5492 657 5640 11)
691 5498 751 5559 C,
786 5492 1196 5569 διαξραινούσης.

573 5573 637 5623 12
688 5567 853 5640 Cani.
884 5585 943 5639 p.
974 5570 1059 5637 17,
1088 5571 1196 5622 ιι.ἒ

543 5567 656 5639 ('42)
688 5567 853 5639 ρους.
884 5567 943 5639 p.
974 5569 1269 5637 17,ι1.54.

544 5638 660 5714 (13⁷)
688 5638 1015 5714 Conf._pag.
1053 5640 1175 5693 185.

544 5644 635 5714 (13
688 5643 853 5696 Conf.
887 5654 1015 5710 pag.

544 5643 660 5786 (14)
688 5715 757 5783 Α,
781 5707 1039 5783 ἐχόμενα.

2244 3285 2361 3335 σου,
2391 3268 2487 3318 τοῦ
2520 3264 2749 3339 Πατρὸς,
2781 3263 2869 3317 καὶ
2901 3266 2996 3317 τοῦ
3028 3263 3178 3329 Γὶοὖ,
3209 3263 3305 3317 καὶ
3334 3268 3431 3319 τοῦ
3462 3264 3603 3341 ἁγίου
3630 3259 3809 3332 Πνεύμι-

2240 3375 2358 3423 τος,
2390 3351 2473 3408 ὅτι
2503 3354 2588 3408 σοί
2618 3353 2810 3428 πρέπει
2846 3349 2973 3423 δόξα
3001 3353 3092 3406 καὶ
3119 3350 3327 3416 αἶ’νεσις
3377 3354 3455 3416 εἲς
3511 3352 3625 3415 τοὺς
3650 3351 3807 3408 αἰῶνες.

2240 3442 2443 3516 Ἀμήν.

2312 3548 2491 3606 Ταῦτα
2524 3548 2831 3623 εὖξαμενος,
2881 3550 2973 3603 καὶ
3027 3548 3119 3604 τὸν
3172 3549 3411 3629 Ἰωάσαιρ
3466 3553 3708 3625 πατρικῶς
3748 3564 3812 3598 πε·

2243 3640 2658 3715 ριπτυξάμενος,
2687 3639 2776 3693 καὶ
2829 3638 3112 3712 ἀσπασμὸν
3158 3638 3313 3713 αὗτῷ
3363 3637 3490 3703 δοὺς
3520 3638 3568 3695 ἐν
3612 3636 3815 3715 φιλήμιτι

2240 3728 2403 3804 ἁγίῳ,
2435 3731 2524 3801 ήῷ
2568 3749 2724 3800 τυπῳ
2776 3748 2836 3783 τε
2882 3731 2981 3783 τοῦ
3041 3733 3278 3801 σταυροῦ
3334 3730 3518 3785 ἑαυτὸν
3574 3727 3819 3803 ἐπισφραγι-

2243 3817 2493 3891 σάμενος,
2523 3816 2612 3873 xui
2642 3817 2770 3881 τοὺς
2801 3814 2973 3878 πόδας
3022 3815 3231 3893 ἐξάρας,
3290 3817 3382 3872 καὶ
3442 3818 3557 3873 λίαν
3582 3812 3816 3891 περιχαρὴς

2239 3906 2551 3984 γενόμενος,
2584 3906 2764 3981 ὥσπερ
2810 3910 2977 3962 τιοῶν
3035 3904 3503 3979 ἐπιδημησάντων
3534 3906 3702 3981 φίλων,
3726 3902 3819 3974 πρὸς

2238 3998 2338 4067 τὴν
2397 3996 2661 4072 μακαρίαν
2749 3994 2965 4065 ἀπῆλθε
3020 3994 3246 4068 πορείαν
3283 4042 3300 4068 ,
3355 3998 3492 4073 πρὸς
3539 3997 3629 4065 τήν
3678 3992 3819 4047 iam“

2243 4083 2473 4142 διελθὼν
2530 4082 2865 4161 γεροδοσίαν,
2914 4079 3228 4161 πρεσϐύτης
3259 4082 3336 4140 ὣν
3370 4086 3461 4141 xui
3491 4086 3691 4158 πλήρης
3716 4083 3821 4152 13115-

2242 4180 2350 4250 ρῶν
2382 4178 2491 4231 τῶν
2522 4178 2619 4230 τοῦ
2647 4172 2985 4247 πνεύματος.

2310 4284 2474 4339 ΚΕΦ.
2508 4283 2595 4339 Μ’.
2664 4282 2721 4335 Ὀ
2779 4278 2837 4336 δὶ
2884 4281 3141 4357 Ἰωοὶσαφ,
3201 4282 3526 4357 περιχυθεὶς
3577 4286 3649 4353 τῷ
3698 4275 3817 4349 Πατρέ

2243 4373 2356 4442 μεθ⁷
2418 4370 2551 4440 ὅσης
2611 4368 2669 4424 ἂν
2730 4366 2906 4431 εἴποις
2954 4373 3054 4435 τῆς
3106 4366 3403 4433 εὐλαϐείας
3450 4372 3536 4425 xui
3591 4369 3817 4443 οἰμωγῆς,

2239 4456 2463 4532 δάκρυσί
2490 4479 2549 4514 τε
2593 4458 2657 4513 τὸ
2715 4457 2965 4531 λείψανον
3014 4456 3239 4529 Λούσας,
3289 4458 3383 4513 xui
3432 4463 3509 4530 τῷ
3534 4456 3733 4531 τριχίνῳ
3754 4452 3819 4525 ῥα-

2412 4549 2544 4623 δπερ
2605 4547 2766 4609 αὐτὸς
2827 4546 2878 4601 ἐν
2938 4551 3017 4619 τῷ
3081 4546 3337 4620 παλατίῳ
3383 4548 3663 4621 παρασχὼν
3704 4545 3816 4617 (13],

2235 4636 2561 4713 περιελίξας,
2634 4636 2761 4697 τοὺς
2814 4635 3237 4709 νενομισμένους
3298 4635 3543 4710 ἐπιλέγει
3594 4632 3818 4708 ψαλμοὺς.

2237 4724 2326 4781 διὰ
2354 4726 2531 4797 πάσης
2561 4732 2660 4795 τῆς
2689 4726 2901 4799 ἡμέρας
2929 4725 3021 4779 καὶ
3072 4732 3176 4795 τῆς
3234 4726 3436 4780 νυκτὸν
3468 4724 3598 4794 ὅλης
3647 4720 3815 4795 ψάλλων

2237 4820 2349 4891 ἅμα
2403 4818 2493 4873 καὶ
2552 4814 2775 4892 δάκρυσι
2833 4817 2894 4870 τὸ
2953 4815 3134 4888 τίμίον
3208 4820 3310 4871 τοῦ
3370 4818 3609 4892 μάκαρος
3659 4813 3814 4887 βρέχων

2236 4911 2416 4980 σῶμα.
2450 4910 2534 4980 Τῇ
2576 4903 2634 4961 δὶ
2685 4905 2913 4980 ἐπιούσῃ
2960 4905 3164 4980 ἡμέρᾳ,
3192 4908 3368 4983 τάφον
3421 4907 3640 4975 ποιήσας
3665 4900 3810 4983 ἐχόμεέ

2235 5017 2323 5052 νον
2355 4999 2465 5070 (14)
2511 4999 2608 5050 τοῦ
2666 4993 2967 5066 σπηλαίου,
3025 4994 3116 5049 xui
3166 4982 3323 5053 859
3362 4988 3604 5055 εὐλαϐῶς
3632 4989 3735 5063 ἄγαν
3769 4982 3810 5037 τὸ

2235 5087 2380 5163 ἱερὸν
2412 5085 2668 5159 Λείψανον
2719 5078 3102 5155 διαϐαστάσας,
3136 5084 3187 5139 ὲν
3215 5090 3302 5157 τῷ
3338 5086 3579 5157 μνήματι
3628 5077 3808 5133 κατέθετο

2233 5175 2325 5231 τὸν
2358 5175 2724 5248 πνευματικὸν
2781 5173 2990 5249 πατέρα
3020 5173 3245 5236 una;
3296 5174 3421 5237 υἱὸς
3477 5170 3562 5229 xui
3610 5163 3810 5240 τιμιώτε-
