4040 6204
274 335 414 392 1238

1364 354 1367 355 ⁷
1459 350 1633 406 νιτΑ
1666 348 2017 405 BABLAAM
2053 349 2147 403 ΒΤ
2180 350 2522 408 ΣΟΔΒΔΡΗ.

3551 361 3695 424 1231

274 478 387 547 τος.
454 457 585 533 Καὶ,
646 462 972 539 θερμότερον
1049 464 1325 531 ἐκκαυθεῖς
1400 470 1501 539 τήν
1582 469 1791 546 ψυχὴν,
1850 469 1890 524 εἶ

2001 519 2012 537 ι
2043 474 2219 543 atque
2251 471 2324 528 ad
2357 473 2689 529 orationem
2720 474 2983 547 seipsum
3014 490 3193 546 quam
3241 480 3498 538 maxime
3546 501 3690 541 con-

278 544 649 623 ὶκτενεστέραν
680 570 738 605 τε
769 550 1042 616 συντείνας
1071 555 1243 631 εὐχὴν
1277 556 1488 626 ἑαυτὸν,
1519 555 1643 634 ἔφη.

346 635 530 711 Κύριε,
566 639 595 692 6
626 639 758 701 Θεός
792 662 921 714 μου,
947 642 1260 699 εἰσάκουσον
1289 652 1391 715 τῆς
1420 653 1608 723 φωνῆς
1657 668 1761 720 μου
1810 651 1921 719 (15)

1915 614 1922 621 _
2033 561 2305 617 tendens.
2334 562 2428 617 his
2457 562 2650 619 verbis
2679 580 2823 619 usus
2856 569 2946 619 est
2970 580 2985 621 :

2103 651 2352 706 Domine
2377 653 2530 707 Deus
2550 669 2740 720 meus,
2761 654 2972 710 exaudi
2997 655 3328 711 orationem
3353 674 3548 715 meam
3570 680 3687 733 qua

267 725 662 820 ﬁc‘éxéxpugu'
724 728 952 801 ἐλέησόν
1016 754 1082 805 με
1122 736 1209 789 καὶ
1273 734 1583 791 εἷσάκουσόν
1650 758 1776 809 μου,
1838 737 1890 792 ὅτ

2032 741 2277 796 clamavi
2300 742 2373 797 ad
2394 744 2763 811 te,miserere
2783 744 2987 811 mei,et
3007 746 3216 801 exaudi
3241 764 3357 817 me,
3393 752 3679 820 quoniam

268 835 329 869 σε
358 814 418 871 ἐκ
460 815 693 893 καρδίας
728 841 832 893 μου
876 827 1044 892 ζητῶ.
1102 824 1420 897 Ἐξεζήτησέ
1458 829 1567 899 (16)
1612 847 1668 881 σε
1696 829 1731 897 ἡ
1765 830 1917 902 ψυχή

269 926 397 977 μου’
434 908 510 980 μή
544 907 894 986 ἀποστρέψῃς
918 915 1027 983 (17)
1056 914 1118 968 τὸ
1151 914 1445 993 πφόσωπόν
1480 937 1575 970 σου
1609 917 1700 971 ἀπ’
1759 916 1916 987 ἐμοῦ,

2032 834 2087 884 te
2111 848 2181 886 ex
2202 832 2400 887 animo
2416 835 2961 905 quaerozexquisivit
2978 839 3033 889 te
3054 836 3497 906 animamea,ne
3519 856 3681 896 aver-

2031 924 2117 974 tas
2139 920 2351 975 faciem
2377 926 2535 976 tuam
2561 939 2596 977 a
2618 939 2731 990 me,
2769 929 2825 978 et
2848 941 2921 978 ne
2954 923 3219 979 declines
3249 926 3309 979 in
3345 926 3434 982 ira
3460 944 3493 983 a
3514 946 3679 985 servo

260 996 353 1049 xui
388 998 466 1070 μὴ
498 997 751 1074 ἐκκλίνῃς
782 999 834 1054 έν
870 1001 1009 1077 «ὀργῄ¹
1040 1004 1146 1058 ὰπὸ
1170 1008 1266 1059 τοῦ
1298 1002 1499 1061 δούλου
1529 1028 1645 1064 σου.
1708 1007 1885 1078 Βοηθό

2028 1013 2148 1063 tuo.
2185 1009 2439 1080 Adjutor
2459 1027 2627 1066 meus
2652 1016 2799 1080 esto,
2832 1029 2907 1067 ne
2934 1012 3316 1085 derelinquas
3335 1032 3453 1085 me,
3484 1034 3680 1089 neque

266 1105 376 1172 μου
422 1092 601 1161 γενοῦ·
666 1090 743 1162 μὴ
806 1091 1246 1169 ἆποσκορακίσῃς
1306 1116 1394 1169 με,
1448 1095 1538 1151 καὶ
1617 1099 1693 1170 μή
1754 1096 1917 1172 ἐγκα-

2027 1098 2321 1170 despicias
2344 1117 2458 1166 me,
2486 1103 2637 1156 Deus
2661 1102 2937 1158 salutaris
2968 1120 3155 1159 meus.
3190 1106 3480 1169 Quoniam
3510 1113 3682 1179 pater

259 1170 504 1267 ταλίπῃς
538 1197 626 1249 με,
660 1176 688 1230 6
719 1181 872 1249 Θεὸς,
907 1180 935 1234 6
984 1183 1181 1257 Σωτήρ
1233 1203 1360 1256 μου,
1403 1184 1486 1238 ’ὁτι
1521 1184 1549 1238 6
1580 1186 1761 1255 πατήρ
1795 1170 1890 1258 μοι

2024 1205 2192 1243 meus
2208 1194 2265 1243 et
2288 1195 2478 1245 mater
2498 1207 2632 1246 mea
2653 1191 3103 1264 dereliquerunt
3120 1198 3306 1262 me,tu
3327 1200 3546 1267 autem,
3562 1199 3676 1253 Do-

256 1261 354 1317 καὶ
393 1265 428 1333 ἡ
493 1267 678 1350 μήτηρ
743 1288 849 1341 μου
902 1268 1258 1344 ἐγκατέλιπόν
1317 1290 1403 1345 με’
1462 1273 1525 1327 σὺ
1584 1271 1660 1340 δὲ,
1722 1274 1910 1350 Κύριε,

255 1347 583 1426 προσλαϐοῦ
645 1375 711 1428 με
769 1358 904 1430 (18).
966 1360 1355 1431 Νομοθέτησόν
1409 1382 1475 1435 με
1530 1364 1666 1436 (19),
1726 1347 1911 1438 Κύριε,

255 1439 414 1515 ἐντῇ
448 1440 559 1514 ὁδῷ
590 1464 708 1514 σου,
766 1446 857 1500 xui
915 1444 1194 1522 ὁδήγησόν
1259 1470 1325 1522 με
1372 1449 1422 1505 ἒν
1480 1446 1653 1526 τρίϐῳ
1709 1450 1907 1524 εὐθείᾳ,

250 1525 415 1616 ἕνεκα
443 1534 553 1585 τῶν
583 1532 795 1607 ἐχθρῶν
846 1556 974 1608 μου.
1028 1538 1124 1604 Μή
1171 1536 1431 1613 παραδῷς
1485 1525 1550 1612 με
1599 1540 1674 1603 είς
1724 1542 1908 1616 ψυχὰς

250 1614 561 1675 θλιϐόντων
599 1643 686 1694 με,
719 1621 802 1678 ὅσι
836 1624 923 1679 ἐπὶ
955 1626 1013 1680 σὲ
1063 1626 1519 1705 (2Ο)σέπερῥίφην
1570 1628 1629 1684 ἐκ
1675 1614 1905 1707 μήτρας.

253 1708 401 1763 Ἀπὸ
430 1711 665 1784 γαστρὸς
697 1714 905 1786 μητρός
959 1735 1065 1787 μου
1114 1714 1244 1777 Θεός
1293 1738 1397 1787 μου
1430 1718 1480 1772 εἶ
1503 1716 1587 1772 σύ·
1643 1721 1720 1792 μὴ
1770 1721 1905 1775 ἀπο-

2023 1278 2585 1351 mine,assumpsisti
2609 1297 2723 1339 me.
2740 1282 2951 1354 Legem
2972 1290 3126 1353 pone
3151 1283 3318 1353 mihi,
3337 1285 3675 1355 Domine,in

2020 1367 2112 1422 via
2132 1372 2252 1434 tua,
2280 1373 2337 1422 et
2355 1368 2542 1440 dirige
2564 1385 2658 1425 me
2679 1370 2740 1425 in
2764 1372 3037 1426 semitam
3058 1378 3279 1427 rectam
3293 1380 3536 1446 propter
3565 1376 3676 1431 ini-

2019 1457 2206 1511 micos
2219 1474 2401 1513 meos.
2412 1459 2489 1513 Ne
2504 1459 2816 1515 tradideris
2830 1477 2924 1515 me
2938 1460 2997 1515 in
3010 1462 3241 1517 animas
3256 1463 3669 1521 tribulantium

2021 1562 2115 1600 me
2147 1548 2313 1617 (Psal.
2349 1551 2523 1616 xxvi),
2557 1550 2841 1619 quoniam
2884 1551 2947 1605 in
2994 1556 3051 1605 te
3101 1552 3401 1623 projectus
3433 1570 3564 1608 sum
3597 1572 3668 1611 ex

2018 1639 2206 1690 utero.
2233 1637 2313 1690 De
2330 1642 2533 1692 ventre
2556 1639 2762 1692 matris
2788 1655 2934 1693 mea:
2958 1640 3112 1694 Deus
3128 1656 3296 1695 meus
3319 1656 3380 1695 es
3406 1657 3419 1695 :
3450 1658 3524 1697 ne
3549 1642 3667 1698 dis-

2016 1725 2269 1779 cesseris
2300 1742 2333 1780 a
2364 1742 2457 1781 me
2489 1726 2660 1798 (Psal.
2694 1727 2832 1797 xxi).
2867 1728 3155 1792 Quoniam
3203 1734 3419 1800 praeter
3456 1736 3512 1785 te
3544 1748 3666 1787 non

249 1800 393 1870 στῇς
424 1799 516 1853 ἀπ’
546 1800 705 1873 ἐμοῦ,
737 1802 820 1856 δτι
843 1800 991 1873 πλὴν
1023 1809 1120 1858 σοῦ
1151 1804 1250 1860 οὐκ
1280 1803 1418 1861 ἔστιν
1454 1808 1482 1862 6
1517 1808 1735 1883 βοηθῶν
1787 1832 1890 1883 μοι.

249 1884 392 1912 ’I)-3.
432 1890 527 1912 -.ἓξ
573 1890 640 1912 κν.
714 1892 728 1909 \
806 1893 849 1912 l\
1050 1899 1078 1909 -
1176 1894 1190 1912 9
1375 1900 1401 1912 ν
1626 1900 1637 1912 η
1710 1898 1750 1912 ος
1820 1899 1864 1912 ιλ

2017 1817 2106 1866 est
2125 1812 2271 1866 mihi
2303 1812 2653 1884 adjutor.En
2682 1815 2742 1868 in
2766 1799 3217 1870 miserationum
3240 1821 3475 1872 tuarum
3497 1818 3668 1891 abys-

248 1884 399 1943 Ἰδοὺ
429 1890 534 1965 γὰρ
567 1890 643 1953 εἰς
675 1892 736 1946 τὸ
759 1893 993 1967 πέλαγος
1012 1899 1119 1949 τῶν
1141 1894 1445 1971 οἰκτιρμῶν
1467 1919 1561 1953 σου
1582 1900 1681 1969 τήν
1705 1898 1890 1955 έλπίδε

2015 1917 2078 1954 so
2105 1918 2269 1972 spem
2294 1902 2507 1957 animai
2530 1919 2677 1957 mea:
2699 1903 2898 1959 defixi.
2934 1904 3124 1959 Vitam
3156 1922 3350 1961 meam
3373 1907 3660 1979 guberna,

249 1972 461 2050 ἐθέμην
491 1985 591 2048 τῆς
620 1982 808 2055 ψυχῆς
843 2002 967 2054 μου·
1001 1978 1331 2059 κυϐέρνησόν
1369 2006 1474 2060 μου
1518 1988 1617 2056 τὴν
1673 1990 1843 2060 ζωὴν,
1875 1991 1902 2044 6

253 2071 434 2121 πᾶσαν
466 2068 565 2135 τὴν
598 2075 788 2139 κτῆσιν
822 2070 1044 2147 ἀρῥήτῳ
1088 2073 1279 2151 σοφίας
1323 2075 1553 2148 προνοίᾳ
1603 2073 1901 2154 κυϐερνῶν,

248 2155 345 2209 καὶ
374 2158 642 2233 γνώρισὸν
677 2181 772 2232 μοι
804 2163 915 2235 (21)
948 2160 1072 2217 ὁδὸν
1103 2162 1153 2217 έν
1252 2164 1611 2241 πορεύσομαι.
1645 2167 1744 2222 Καὶ
1793 2173 1903 2224 σῶ-

248 2246 347 2299 σόν
386 2267 473 2331 με,
502 2248 577 2311 ὡς
602 2249 800 2325 ἀγαθὸς
828 2251 959 2314 Θεὸς
1004 2252 1094 2307 xui
1144 2250 1531 2330 φιλάνθρωπος
1580 2255 1770 2331 εὐχαῖς
1809 2256 1898 2312 καὶ

245 2330 566 2409 πρεσϐείαις
591 2342 689 2392 τοῦ
724 2340 1053 2412 θεράποντάς
1084 2362 1180 2396 σου
1212 2342 1495 2417 Βαρλαᾶμ,
1547 2346 1629 2400 ὅτι
1672 2330 1742 2400 σὺ
1794 2347 1844 2401 εἴ
1870 2349 1898 2402 6

243 2427 383 2489 Θεός
418 2449 544 2500 μου,
576 2430 662 2483 xui
699 2430 758 2484 σὲ
787 2427 996 2503 δοξάζω
1025 2433 1116 2487 τὸν
1164 2436 1319 2491 860
1376 2437 1608 2511 Πατέρα,
1656 2436 1746 2492 καὶ
1803 2439 1893 2494 τὸν

242 2516 372 2570 nev
402 2516 493 2571 xui
522 2520 585 2573 τὸ
616 2516 767 2593 ἅγιον
802 2525 1021 2594 Πνεῦμα
1051 2520 1128 2586 εἷς
1154 2524 1282 2585 τοὺς
1311 2523 1514 2587 αῗῶνας
1538 2530 1646 2580 τῶν
1661 2525 1893 2584 αἰώνων.

242 2606 453 2677 Ἀμήν.
487 2609 670 2663 Ταῦτα
701 2607 1014 2681 εὐξάμενος,
1044 2609 1282 2683 πλησίον
1308 2617 1406 2668 τοῦ
1441 2615 1724 2687 μνήματος
1772 2614 1897 2670 ἐκοί-

246 2694 369 2748 θισε
396 2693 622 2753 κλαίων.
656 2696 753 2751 Καὶ
784 2697 1151 2772 καθεζόμενος
1182 2700 1417 2758 ὕπνωσε.
1474 2702 1580 2760 Καὶ
1621 2704 1723 2779 ὁρᾷ
1768 2703 1896 2767 τοὺς

242 2780 515 2859 φοϐεροὺς
542 2782 740 2859 ἄνδρας
787 2786 1045 2859 ἐκείνους,
1106 2788 1199 2851 οὕς
1253 2789 1343 2845 καὶ
1398 2791 1662 2866 πρότερον
1723 2792 1893 2866 ἑωρά-

238 2893 326 2927 κει
376 2874 510 2945 (22),
570 2874 825 2939 ἐλθόντας
881 2875 1022 2953 πρὸς
1083 2879 1270 2950 αὐτὸν,
1346 2880 1436 2935 καὶ
1516 2881 1891 2957 ἀπαγαγόντας

237 2962 407 3017 αὐτὸν
440 2962 517 3026 εἷς
544 2965 644 3033 τὴν
681 2967 939 3040 μεγίστην
994 2966 1083 3022 καὶ
1144 2969 1459 3042 θαυμαστὴν
1516 2969 1727 3042 ἐκείνην
1785 2992 1891 3027 πε-

235 3048 422 3121 διάδα,
452 3053 543 3107 καὶ
573 3055 710 3129 πρὸς
741 3055 840 3123 τήν
897 3052 1298 3129 δεδοξασμένην
1357 3058 1448 3113 καὶ
1498 3058 1888 3134 ὑπέρλαμπρον

234 3139 618 3253 ξὶσαγαγόντες
646 3142 833 3201 πόλιν.
864 3142 1260 3221 Εἷ’σερχομένῳ
1289 3145 1347 3202 δὲ
1378 3147 1524 3220 αὐτῷ
1552 3149 1652 3217 τὴν
1702 3148 1882 3221 πύλην
1916 3186 1959 3253 C

230 3228 413 3306 ἕτεροι
448 3232 720 3303 ὗπήντουν
771 3233 973 3306 πολλῷ
1024 3235 1487 3309 κατηγλαῖσμένοι
1545 3237 1707 3315 φωτὶ,
1767 3259 1883 3293 στε-

230 3320 439 3398 φάνους
464 3316 686 3396 ἔχοντες
719 3322 771 3377 ἐν
803 3323 993 3398 χερσὶν
1036 3323 1260 3400 ἇρῥήτῳ
1291 3324 1698 3399 διαλάμποντας
1749 3327 1885 3384 κάλ-

228 3408 321 3464 λει
351 3409 444 3464 καὶ
476 3412 625 3474 οἳους
659 3410 938 3487 ὀφθαλμοὶ
971 3410 1231 3468 οὐδέποτε
1293 3415 1531 3490 βρότειοι
1576 3416 1882 3481 ἐθεάσαντο.

229 3500 537 3575 Ἐρομένου
576 3498 636 3556 δὲ
691 3505 788 3555 τοῦ
838 3501 1088 3581 Ἰωάσαφ,
1146 3503 1306 3565 Τίνος
1363 3506 1416 3560 οἱ
1472 3504 1724 3581 στέφανοι
1781 3514 1881 3577 τῆς

227 3586 396 3661 δόξης
428 3591 481 3645 οἱ
514 3588 925 3666 ὑπέρλαμπροι,
959 3590 1050 3655 οὕς
1084 3594 1197 3667 ὁρῶ
1234 3616 1248 3664 ς
1282 3595 1386 3656 Σὸς
1422 3594 1518 3667 μὲν
1553 3596 1580 3649 6
1614 3598 1709 3665 εἷς,
1746 3590 1884 3673 ἔφη-

229 3699 351 3748 σαν,
385 3680 519 3754 ὐπερ
550 3685 656 3735 τῶν
685 3680 914 3735 πολλῶν
946 3702 1031 3736 σοι
1090 3685 1285 3758 ψυχῶν
1328 3684 1403 3737 ὧν
1453 3680 1657 3747 ἔσωσας
1714 3707 1881 3742 κατα-

228 3769 564 3842 σκευασθεὶς,
592 3771 895 3844 κοσμηθεὶς
924 3768 983 3825 δὲ
1010 3772 1122 3826 νυνῖ
1155 3771 1322 3827 πλέον
1378 3773 1508 3847 ὑπὲρ
1554 3780 1656 3843 τῆς
1707 3774 1881 3847 ἀσκή-

228 3878 371 3921 σεως
400 3859 467 3928 ἧς
500 3858 761 3934 μετέρχῃ,
794 3858 943 3934 εἴπερ
974 3857 1236 3934 ἀνδρείως
1284 3861 1485 3932 ταύτην
1529 3859 1632 3926 ’έως
1681 3862 1876 3925 τέλους

225 3946 468 4022 διέλθηςι
504 3950 533 4002 6
564 3945 621 4003 δὲ
648 3944 833 4023 ἕτερος
860 3948 955 4011 σὸς
985 3950 1078 4022 μὲν
1112 3948 1201 4005 xui
1230 3950 1416 4013 αὐτός·
1450 3951 1595 4008 ἀλλὰ
1611 3958 1691 4025 τῷ
1712 3953 1875 4028 πατρί

222 4058 328 4092 σου
361 4035 443 4091 δεῖ
476 4057 533 4091 σε
561 4042 751 4093 τοῦτον
784 4044 1106 4114 παρασχεῖν,
1164 4044 1242 4112 τῷ
1304 4037 1393 4095 διὰ
1450 4044 1544 4095 σοῦ
1590 4049 1689 4111 τῆς
1745 4040 1875 4097 ὁδοῦ

219 4124 669 4196 ἐκκλίναντιτῆς
726 4133 971 4203 πονηρᾶς
1028 4128 1121 4183 καὶ
1185 4132 1571 4202 μετανοήσαντι
1630 4132 1872 4206 γνησίως

214 4219 303 4287 τῷ
339 4214 544 4292 Κυρίῳ.
578 4216 640 4273 Ὀ
672 4212 730 4270 δὲ
782 4217 1013 4296 Ἰωάσαφ
1064 4214 1479 4295 δυσχεραίνοντι
1523 4219 1700 4292 ἐῴκει*
1760 4221 1872 4295 καὶ,

214 4309 351 4367 Πῶς
382 4302 628 4372 δυνατὸν,
658 4306 845 4383 φησὶν,
872 4304 1009 4361 ’ίσων
1039 4306 1200 4380 ἐμοῦ,
1256 4313 1354 4364 τοῦ
1397 4314 1630 4365 τοσαῦτα
1672 4313 1872 4366 κοπιά-

212 4415 437 4462 σαντος,
468 4401 653 4470 τυχεῖν
686 4396 777 4450 τὸν
810 4396 1017 4471 πατέρα
1068 4418 1178 4469 μου
1230 4395 1448 4471 δωρεῶν
1507 4401 1639 4473 ὑπὶρ
1695 4400 1868 4474 μόνης

209 4491 318 4554 τῆς
353 4486 680 4558 μετανοίας;
716 4485 851 4541 Eius
877 4489 1069 4556 ταῦτα,
1102 4486 1192 4541 καὶ
1252 4488 1342 4542 τὸν
1391 4489 1663 4562 Βαρλαὰμ
1711 4489 1868 4555 εὐθὺς

2013 1990 2113 2060 qui
2137 2007 2231 2045 res
2255 2007 2463 2046 omnes
2486 1992 2753 2046 conditas
2776 1992 3081 2064 sapientiae
3100 1995 3661 2067 providentia,omni

2013 2095 2286 2133 sermone
2310 2079 3376 2150 praestantiori,moderaris.Etnotam
3397 2082 3487 2138 fac
3509 2084 3658 2139 mihi

2008 2168 2185 2233 viam,
2207 2168 2266 2221 in
2290 2184 2406 2239 qua
2428 2167 2749 2237 ambulem;
2784 2174 2959 2239 atque
2981 2174 3047 2223 ut
3066 2169 3257 2224 bonus
3273 2187 3341 2225 ac
3364 2170 3658 2243 benignus

2010 2257 2184 2325 Deus,
2204 2274 2310 2328 per
2328 2256 2535 2311 famuli
2562 2258 2642 2311 tui
2666 2257 2934 2313 Barlaam
2956 2274 3160 2329 preces
3190 2275 3257 2314 ac
3275 2260 3659 2330 supplicatio-

2008 2362 2114 2400 nes
2139 2362 2231 2401 me
2255 2346 2733 2417 serva,quoniam
2756 2352 2819 2401 tu
2842 2347 2995 2402 Deus
3017 2363 3185 2402 meus
3208 2364 3290 2417 es,
3315 2364 3382 2403 ac
3402 2353 3458 2403 te
3480 2348 3660 2420 glori-

2008 2435 2119 2489 fico
2142 2435 2400 2499 Patrem,
2429 2440 2488 2489 et
2511 2435 2747 2501 Filium,
2774 2440 2832 2489 et
2850 2436 3138 2507 Spiritum
3162 2442 3432 2493 sanctum
3456 2438 3515 2492 in
3539 2456 3658 2493 saa-

2006 2524 2159 2579 cula.
2184 2526 2395 2579 Amen.
2428 2525 2544 2579 Hac
2575 2524 2842 2580 oratione
2873 2525 3240 2596 perfunctus,
3265 2527 3438 2599 juxta
3457 2527 3660 2599 sepul-

2003 2629 2171 2668 crum
2195 2613 2346 2668 fleus
2369 2614 2662 2681 consedit,
2694 2630 2762 2669 ac
2811 2614 3025 2669 sedens
3056 2613 3430 2671 obdormivit.
3464 2618 3657 2688 Atque

2001 2700 2409 2756 formidandos
2427 2702 2563 2757 illos
2585 2702 2763 2771 viros,
2783 2718 2930 2772 quos
2951 2703 3116 2772 prius
3137 2709 3545 2774 conspexerat,
3577 2704 3655 2759 ad

2002 2807 2064 2845 se
2086 2791 2602 2861 venientes,seque
2623 2807 2690 2845 ac
2711 2792 3037 2846 maximum
3063 2791 3233 2846 illum
3256 2796 3316 2846 et
3344 2792 3653 2847 admiran-

2001 2879 2141 2934 dum
2191 2895 2465 2951 campum
2523 2880 2829 2948 ducentes,
2876 2886 3052 2951 atque
3083 2880 3144 2935 in
3175 2879 3647 2936 illustrissimam

1999 2968 2166 3023 illam
2191 2984 2259 3023 ac
2290 2968 2837 3039 splendidissimam
2857 2969 3153 3023 civitatem
3176 2968 3645 3039 introducentes,

1999 3058 2217 3112 intueri
2250 3057 2363 3112 sibi
2393 3057 2551 3113 visus
2583 3063 2691 3113 est.
2724 3058 2870 3113 Cum
2902 3063 3099 3114 autem
3124 3058 3252 3130 ipse
3282 3063 3516 3130 portam
3548 3059 3646 3114 in-

1998 3146 2471 3218 grederetur,alii
2504 3146 2617 3217 ipsi
2650 3146 2881 3201 obviam
2900 3146 3391 3219 fuerunt,ingenti
3417 3146 3643 3202 lumine

1998 3236 2242 3308 perfusi,
2267 3252 2635 3307 coronasque
2666 3236 2958 3307 ejusmodi
2990 3236 3432 3307 pulchritudine
3464 3237 3646 3292 collu-

1995 3330 2365 3396 centes,quae
2398 3326 2566 3380 nulla
2595 3325 2861 3380 oratione
2890 3325 3139 3396 exprimi
3169 3326 3376 3397 possit,
3409 3332 3467 3381 et
3496 3343 3645 3397 qua-

1992 3414 2079 3469 les
2108 3431 2418 3485 nunquam
2452 3415 2731 3469 mortales
2772 3414 2927 3469 oculi
2956 3421 3417 3486 conspexerunt,
3447 3415 3643 3471 mani-

1989 3503 2099 3558 bus
2127 3509 2418 3559 tenentes.
2447 3506 2839 3559 Percontante
2880 3509 3079 3558 autem
3126 3505 3408 3576 Josaphat
3437 3506 3639 3577 cujus-

1988 3609 2127 3648 nam
2141 3598 2341 3648 essent
2362 3592 2858 3664 splendidissimus
2877 3592 2995 3647 illa;
3009 3610 3242 3647 coronaa
3256 3609 3404 3663 quas
3415 3594 3639 3665 perspi-

1988 3688 2167 3737 ceret:
2202 3685 2323 3737 Tua
2351 3681 2592 3752 quidem
2623 3698 2741 3736 una
2778 3687 2868 3736 est
2895 3681 3354 3752 (responderunt
3381 3683 3492 3751 illi)
3526 3683 3633 3738 tibi

1986 3771 2059 3826 ob
2083 3771 2303 3827 multas
2325 3787 2423 3826 eas
2445 3772 2676 3826 animas
2698 3770 2912 3841 quibus
2943 3770 3194 3825 salutem
3217 3771 3469 3827 attulisti
3491 3789 3631 3827 con-

1984 3861 2171 3929 fecta;
2196 3878 2358 3917 nunc
2388 3878 2523 3916 vero
2546 3860 2619 3916 ob
2649 3860 2942 3932 religiosas
2963 3861 3095 3915 vitai
3119 3861 3626 3931 exercitationem,

1984 3953 2079 4010 cui
2101 3954 2206 4009 das
2225 3970 2488 4026 operam,
2523 3952 2848 4007 studiosius
2873 3957 2931 4007 et
2958 3954 3293 4009 accuraitus
3319 3953 3626 4025 adornata,

1984 4045 2031 4099 si
2065 4044 2305 4115 quidem
2327 4050 2568 4099 strenuo
2590 4042 2789 4098 animo
2820 4059 2950 4097 eam
2981 4043 3055 4097 ad
3088 4048 3416 4098 extremum
3438 4060 3627 4113 usque

1981 4133 2540 4205 peragraris.Altera
2561 4137 2757 4186 autem
2782 4136 2883 4185 tua
2902 4148 3139 4201 quoque
3158 4131 3278 4201 ipss
3293 4136 3401 4197 est;
3422 4148 3626 4185 verum

1980 4225 2131 4295 patri
2157 4229 2276 4291 tuo,
2309 4222 2409 4292 qui
2437 4222 2508 4276 ab
2532 4219 2803 4292 improba
2823 4218 3051 4273 vivendi
3075 4219 3303 4273 ratione
3327 4235 3505 4290 opera
3531 4224 3629 4275 tua

1980 4318 2079 4367 tua
2101 4312 2363 4377 deﬂexit,
2398 4311 2750 4378 sinceroque
2777 4307 2977 4363 animo
3008 4308 3275 4378 resipuit,
3312 4324 3379 4361 ac
3400 4324 3529 4362 sese
3549 4307 3625 4362 ad

1978 4401 2295 4455 Dominum
2320 4398 2767 4463 convertit,eam
2792 4396 3056 4467 praebeas
3075 4401 3327 4468 oportet;
3345 4396 3627 4467 Josaphat

1977 4497 2175 4545 autem
2195 4506 2324 4544 eam
2351 4504 2477 4543 rem
2501 4487 2749 4541 moleste
2770 4486 2926 4540 ferre
2943 4486 3268 4541 videbatur.
3303 4487 3372 4539 Et
3392 4486 3493 4557 qui
3518 4485 3592 4539 fie
3608 4516 3622 4527 -

209 4552 397 4630 ἐδόκει
435 4552 1023 4649 βλέπειννὸνειδίζοντα
1056 4552 1271 4647 ὀὶονεὶ,
1321 4579 1412 4632 καὶ
1459 4552 1703 4653 λέγοντα·

2001 4580 2025 4633 ’ἰ
2046 4584 2243 4651 potest
2266 4576 2617 4650 (inquiebat)
2644 4581 2713 4631 ut
2742 4580 2909 4647 pater
2939 4592 3106 4630 meus
3136 4575 3315 4630 unius
3338 4552 3623 4629 duntaxat

206 4686 300 4720 τοι
336 4664 388 4719 οἱ
420 4662 575 4740 λόγοι
605 4687 732 4739 μου,
766 4666 1023 4741 Ἰωάσαφ,
1060 4665 1152 4730 οἶίς
1180 4668 1312 4722 ποτέ
1347 4688 1453 4738 σοι,
1485 4671 1650 4726 ’Όταν
1703 4669 1863 4745 ὑπερ-

1976 4667 2336 4741 ρωηὶίθηῐὶω
2358 4664 2739 4740 gratia,paria
2759 4665 3035 4736 mihi,qui
3059 4670 3145 4721 tot
3162 4681 3229 4720 ac
3242 4670 3439 4721 tantos
3460 4664 3621 4719 labo-

204 4753 564 4829 πλουτήσῃς,
595 4751 779 4831 ἔλεγον
840 4758 974 4828 (23),
1034 4754 1132 4809 οὐκ
1189 4754 1550 4828 εὐμετάδοτος
1600 4755 1711 4831 ἔσῃ·
1772 4759 1862 4813 καὶ

2001 4776 2069 4813 es
2095 4756 2707 4826 exantlavi,beneﬁcia
2726 4760 3124 4826 consequatur
3142 4755 3169 4810 ?
3190 4756 3322 4810 Haec
3353 4759 3417 4809 ut
3445 4754 3614 4822 dixit,

202 4843 377 4905 αὐτὸς
406 4843 637 4921 ἠπόρεις
670 4843 757 4899 ἐπὶ
787 4848 868 4916 τῷ
900 4843 1128 4920 ῥήματι.
1183 4845 1316 4901 Νυνὶ
1364 4844 1422 4900 δὲ
1464 4850 1580 4908 πῶς
1625 4844 1860 4921 ἐδυσχέ-

199 4953 375 5011 ρανας
402 4931 491 4987 ἐπὶ
522 4936 593 5008 τῇ
624 4933 871 5007 ἰσοτιμίᾳ
897 4937 996 4989 τοῦ
1044 4932 1252 5008 πατρός
1300 4956 1417 5006 σου,
1468 4936 1557 4990 καὶ
1610 4934 1673 4990 οὐ
1716 4936 1860 5009 μᾶλ-

268 5137 395 5207 (15)
422 5134 576 5207 Psal.
606 5142 762 5202 xxvi,
787 5137 847 5207 _'7.

1972 4848 2345 4903 Barlaamum
2394 4845 2705 4900 confestim
2756 4845 2868 4904 sibi
2903 4844 3099 4899 videre
3130 4844 3286 4899 visus
3319 4847 3426 4911 est,
3457 4843 3618 4899 velut

1970 4936 2204 5008 probris
2231 4953 2292 4991 se
2322 4936 2740 5001 insectantem,
2791 4950 2859 4988 ac
2906 4933 3241 4989 dicentem:
3276 4933 3344 4987 Hi
3390 4939 3547 5003 sunt,
3580 4949 3612 4987 ο

268 5203 392 5282 (16)
704 5205 803 5260 Σοὶ
836 5205 985 5260 εἶπεν
1015 5206 1051 5275 ἡ
1082 5203 1279 5281 καρδία
1313 5225 1438 5282 μου·
1476 5208 1806 5279 Ἐξεζήτησα
1833 5206 1895 5261 τὸ
1925 5204 2217 5282 πρόσωπόν
2250 5225 2366 5262 σου.

300 5278 391 5333 17)
422 5278 570 5333 Ibid.
603 5280 704 5333 9...

298 5352 389 5415 18)
416 5352 486 5415 Α,

298 5426 386 5491 19)
417 5421 565 5477 Ibid.
602 5424 736 5478 il...

294 5493 389 5563 20)
420 5493 578 5549 Psal.
610 5509 732 5563 xxi,
767 5493 853 5561 10,
891 5496 974 5548 ll.

294 5564 387 5634 21)
418 5564 576 5621 Psal.
607 5582 777 5634 chu,
803 5567 858 5620 8.

291 5636 384 5709 22)
416 5636 582 5709 Conf.
614 5652 745 5709 pag.
778 5637 903 5691 280.

291 5640 363 5690 22
416 5638 582 5692 Conf.
614 5652 745 5709 pag.
778 5638 903 5691 280.

266 5638 384 5785 (23)
415 5708 583 5767 Conf.
613 5724 746 5783 pag.
782 5708 908 5767 158.

366 5493 389 5783 Ξ

521 5369 647 5424 μου.
681 5353 935 5405 Praestat
965 5352 1353 5408 accusativus.
1388 5354 1543 5410 Psal.
1580 5352 1723 5407 ibid.
1761 5353 1826 5407 10
1855 5368 1869 5409 :

2003 5347 2059 5405 δὲ
2090 5347 2286 5424 Κύριος
2318 5340 2689 5424 προσελάϐετό
2723 5366 2806 5420 με.
