4040 6204
427 362 450 375 --
484 327 626 386 1235

2013 325 2379 380 ADDENDA.

3689 337 3794 394 1236

487 455 1102 528 Josaphat,sermones
1124 452 1420 525 mei,quos
1441 449 1742 522 quondam
1765 447 1838 502 ad
1856 452 1911 502 te
1933 446 2137 502 habui:

2269 446 2352 498 λον
2387 445 2689 522 εὐφράνθης
2718 448 2866 504 861
2901 448 3000 516 τὴν
3051 450 3235 525 ψυχὴν
3282 451 3365 506 ’ὁτι
3409 449 3690 527 εἰσηκοῦσθη
3731 480 3799 516 σου

491 546 775 600 nimirum
797 544 920 598 fore
945 549 1007 598 ut
1033 560 1168 598 cum
1191 543 1265 598 ad
1289 543 1558 612 ingentes
1581 555 1724 610 opes
1753 537 2144 610 pervenisses,

491 651 612 689 non
630 634 760 705 jam
779 633 1046 688 liberalis
1067 649 1135 688 ac
1156 632 1433 703 profusus
1461 645 1643 697 esses,
1667 644 1736 682 ac
1760 632 1818 680 tu
1841 626 1913 680 ob
1933 626 1990 680 id
2017 642 2146 679 ver-

491 723 633 777 bum
656 722 898 794 ancipiti
913 723 1113 778 animo
1135 723 1458 776 eras.Nunc
1473 725 1671 774 autem
1692 733 1949 788 quonam
1976 720 2146 786 pacto

492 829 699 882 parem
717 813 820 866 tibi
837 813 1063 867 honore
1077 816 1306 883 patrem
1323 827 1451 864 esse
1466 809 1713 864 moleste
1731 806 1914 861 tulisti
1927 822 2013 871 ,ac
2026 821 2147 860 non

493 902 692 972 potius
714 901 826 956 hoc
847 901 1090 956 nomine
1112 899 1379 955 laetitiam
1407 899 1606 954 animo
1630 895 1976 966 concepisti,
2003 910 2149 964 quo-

493 991 656 1045 niam
678 990 882 1044 multas
907 995 1022 1046 tua)
1045 1007 1150 1061 pro
1175 1007 1242 1044 eo
1265 989 1410 1044 fusae
1431 1004 1638 1059 preces
1661 985 1951 1041 exaudita)
1976 981 2150 1037 sunt?

493 1078 776 1150 Josaphat
803 1084 1024 1148 autem,
1061 1096 1166 1151 pro
1201 1096 1268 1135 eo
1301 1096 1368 1134 ac
1400 1077 1658 1143 nolebat,
1694 1075 1768 1130 ad
1792 1090 1928 1128 eum
1961 1071 2145 1127 dixit:

494 1169 762 1241 Ignosce,
787 1174 974 1240 pater,
1000 1169 1260 1242 ignosce.
1289 1168 1543 1223 Ubinam
1566 1170 1765 1221 autem
1790 1163 2042 1228 habites,
2060 1161 2150 1215 fac

496 1257 849 1330 intelligam.
884 1261 1028 1314 Tum
1060 1259 1328 1313 Barlaam
1356 1276 1368 1313 :
1405 1261 1469 1312 In
1500 1257 1610 1310 hac
1635 1252 2040 1325 pulcherrima
2061 1255 2151 1304 at-

501 1364 614 1417 que
639 1347 862 1419 ingenti
886 1349 1117 1403 civitate
1141 1347 1512 1402 domicilium
1535 1350 1744 1398 nactus
1769 1358 1920 1408 sum,
1948 1341 2010 1393 in
2033 1355 2150 1393 me-

501 1436 598 1491 dio
618 1437 782 1491 urbis
799 1438 1246 1503 vico,immenso
1270 1435 1499 1490 lumine
1527 1431 2150 1488 coruscanti.Rursum

500 1533 697 1580 autem
719 1527 1000 1597 .losaphat
1031 1525 1140 1580 sibi
1177 1543 1311 1580 cum
1335 1542 1402 1579 eo
1436 1539 1608 1595 agere
1640 1521 1964 1584 videbatur,
1994 1524 2057 1572 ut
2079 1518 2150 1572 ab

502 1631 570 1668 eo
593 1615 652 1667 in
671 1615 858 1685 ipsius
879 1614 1326 1669 tabernaculum
1350 1612 1767 1677 abduceretur,
1787 1609 2152 1676 comiterque

501 1703 756 1774 hospitio
811 1704 1201 1774 exciperetur.
1237 1703 1342 1757 Ille
1373 1708 1573 1756 autem
1605 1698 1870 1754 nondum
1915 1703 2150 1767 tempus

2255 535 2288 602 ἡ
2322 532 2510 602 πολλή
2543 533 2667 609 περὶ
2709 534 2874 590 αὐτοῦ
2924 533 3143 608 δὲησιςς
3175 540 3236 597 Ὀ
3267 538 3324 594 δὲ
3379 539 3608 616 Ἰωάσαφ,
3657 545 3716 606 ὡς
3752 547 3802 601 εἴ·

2256 623 2404 676 θιστο
2447 621 2528 677 ἀεὶ
2590 622 2768 699 λέγειν
2827 625 2994 697 αὐτῷ,
3053 626 3442 703 Συγχώρησον,
3496 627 3606 705 ἔφη,
3655 634 3805 709 Πάτερ,

2258 713 2646 787 συγχώρησον.
2675 716 2786 770 Ποῦ
2817 711 2873 768 δὲ
2905 715 3065 778 αὐτὸς
3096 715 3261 779 οἰκεῖς
3317 719 3565 792 γνώρισόν
3613 741 3706 792 μοι.
3745 728 3807 780 Ἐν

2254 805 2447 874 ταύτῃ,
2481 801 2634 879 φησὶ,
2669 806 2735 876 τῇ
2774 802 2982 879 μεγάλῃ
3011 805 3102 859 καὶ
3129 806 3445 882 περικαλλεῖ
3485 807 3647 864 πόλει·
3688 810 3810 867 οίιὶἷν

2257 887 2461 964 ἔλαχον
2494 890 2546 944 ἐν
2583 894 2876 966 μεσαιτάτῃ
2904 901 3004 964 τῆς
3035 894 3252 958 πόλεως
3279 894 3503 968 πλατείᾳ
3529 898 3650 974 φωτὶ
3695 920 3814 955 κατα-

2257 979 2636 1053 στραπτομὲνῃ
2693 979 2933 1053 ἀπλέτῳ.
2995 982 3204 1054 Ἀξιοῦν
3265 981 3322 1038 δὲ
3375 983 3518 1047 αὖθις
3571 987 3597 1039 ὁ
3641 987 3817 1062 Ἰωᾶσαο

2257 1065 2432 1122 ἐδόκει
2462 1069 2552 1121 τὸν
2586 1067 2858 1144 Βαρλαᾶμ
2913 1070 2992 1132 εἷς
3044 1071 3108 1126 τὸ
3157 1072 3350 1128 ἑαυτοῦ
3401 1075 3664 1150 ἀπαγαγεῖν
3703 1077 3822 1131 αὐτὸν

2259 1157 2527 1229 σκήνωμα
2554 1156 2643 1211 καὶ
2675 1155 3027 1235 φιλοφρόνως
3058 1163 3366 1235 ξεναγῆσαι.
3399 1161 3545 1218 Ἀλλ’
3595 1159 3727 1218 οὔπω
3758 1165 3822 1220 τὸν

2257 1248 2444 1321 καιρὸν
2477 1247 2628 1316 ἥκειν
2658 1243 2838 1322 ἔλεγεν
2888 1249 3116 1321 ἐκεῖνος,
3167 1254 3304 1327 πρὸς
3343 1251 3514 1308 ἐκεῖνά
3553 1276 3604 1310 σε
3638 1255 3692 1308 τὰ
3726 1277 3821 1326 σκη-

2258 1336 2483 1409 νώματα
2513 1335 2712 1407 ἐλθεῖν,
2743 1335 2820 1392 ἔτι
2851 1345 2929 1412 τῷ
2963 1340 3168 1416 φορτίῳ
3197 1346 3295 1396 τοῦ
3327 1343 3566 1414 σώματος
3593 1343 3821 1417 ὑποκείμε-

2258 1446 2369 1480 νον.
2402 1423 2567 1500 Εἴπερ
2622 1425 2713 1481 οὖν
2769 1426 3026 1502 ἀνδρείως
3087 1433 3461 1505 καρτερήσεις,
3515 1435 3721 1509 καθάπερ
3762 1456 3823 1488 σοι

2261 1513 2638 1588 ἐνετειλάμην,
2670 1516 2819 1587 ἥξεις
2855 1519 3048 1594 μικρὸν
3108 1519 3354 1595 ὕστερον,
3413 1526 3502 1575 καὶ
3551 1527 3647 1577 τῶν
3697 1523 3824 1578 αὐτῶν

2263 1603 2541 1677 ἇξιωθήσῃ
2572 1605 2973 1679 σκηνωμάτων,
3033 1615 3133 1677 τῆς
3185 1609 3353 1678 αὑτῆς
3408 1610 3557 1685 τεύξῃ
3606 1617 3751 1685 χαρᾶς
3791 1634 3828 1667 τε

2258 1692 2347 1746 καὶ
2382 1689 2563 1764 δόξης’
2589 1691 2679 1747 καὶ
2721 1693 3150 1766 συνδιαίωνίζίυν
3201 1694 3296 1772 ἔσῃ
3357 1720 3475 1771 μοι.
3524 1701 3750 1770 ’Έξυπνος
3791 1698 3829 1754 δὲ

502 1793 709 1848 adesse
724 1793 1206 1864 respondit,utad
1220 1793 1324 1847 illa
1344 1790 1725 1847 tabernacula
1736 1785 2157 1856 veniret,quip-

2269 1780 2348 1836 ἐπὶ
2379 1779 2596 1844 τούτοις
2645 1784 2968 1859 γενόμενος,
2995 1787 3022 1841 ὁ
3057 1785 3292 1862 Ἰωᾶσαφ
3340 1792 3435 1842 τοῦ
3476 1788 3639 1866 φωτὸς
3677 1788 3828 1844 ἐκείνου

507 1899 580 1954 pe
605 1881 705 1953 qui
729 1883 993 1953 corporis
1017 1883 1250 1937 sarcina
1273 1882 1464 1936 adhuc
1487 1884 1873 1950 premeretur.
1909 1874 2073 1940 Quod
2107 1873 2154 1928 si

506 1971 646 2026 forti
669 1971 890 2038 animo,
916 1973 1131 2042 inquit,
1156 1973 1216 2026 in
1242 1975 1445 2026 sancto
1467 1971 1597 2024 vitae
1616 1984 1852 2039 genere,
1875 1965 2031 2020 velut
2053 1962 2155 2016 tibi

511 2060 808 2128 mandavi,
859 2061 1211 2130 perstiteris,
1271 2061 1578 2130 aliquanto
1632 2061 1764 2128 post
1818 2054 2038 2118 venies,
2073 2057 2162 2106 at-

2263 1872 2479 1942 καὶτῆς
2515 1872 2758 1948 ἀρρήτου
2793 1873 2954 1946 δόξης
3012 1879 3126 1952 εἶχε
3171 1880 3272 1947 τὴν
3313 1880 3494 1953 ψυχὴν
3539 1874 3609 1933 ἔτι
3652 1881 3827 1951 (24)::-

2267 1959 2665 2036 πληρωμὲνην,
2691 1965 2782 2018 καὶ
2818 1964 2911 2018 σὺν
2941 1964 3141 2038 πολλῷ
3169 1972 3253 2040 τῷ
3283 1967 3512 2041 θαύματι
3539 1972 3612 2040 τῷ
3654 1966 3829 2040 Δεσπὸτῃ

2273 2053 2633 2125 χαριστήριον
2666 2052 2972 2127 ἀνέπεμπεν
3004 2054 3196 2127 ὕμνον.

511 2166 624 2219 que
648 2148 854 2203 eadem
881 2149 1261 2204 tabernacula
1273 2155 1331 2202 et
1344 2147 1612 2202 eamdem
1627 2145 1745 2200 laeti
1758 2145 1893 2198 tiam
1910 2159 1976 2196 ac
1990 2140 2240 2211 gloriam
2260 2144 3027 2217 consequeris,mecumque
3042 2147 3104 2201 in
3119 2148 3546 2218 sempiternum
3557 2147 3834 2218 eris.Exper—

508 2243 705 2292 rectus
731 2244 929 2293 autem
949 2239 1249 2309 Josaphat,
1273 2239 1539 2292 animum
1563 2236 1666 2290 illa
1685 2235 1814 2288 luce
1838 2237 2012 2301 atque
2037 2229 2197 2284 omni
2222 2232 2512 2285 sermonis
2531 2232 2809 2288 facultate
2832 2235 3166 2291 sublimiori
3189 2237 3382 2309 gloria
3402 2237 3679 2308 perfusum
3697 2236 3834 2291 adhuc

507 2325 782 2394 habebat,
817 2344 884 2382 ac
915 2328 1102 2381 multa
1133 2345 1270 2382 cum
1299 2325 1692 2382 admiratione
1725 2323 1798 2377 ad
1820 2321 1968 2393 grati
1997 2318 2183 2374 animi
2216 2319 2718 2391 signiﬁcationem
2751 2325 2936 2380 Deum
2968 2325 3243 2381 laudibus
3279 2325 3574 2382 efferebat.

579 2432 1001 2489 Mansitautem
1019 2433 1093 2489 ad
1117 2440 1448 2490 extremum
1469 2449 1656 2502 usque
1679 2447 1812 2485 vere
1837 2427 2165 2498 angelicam

510 2524 570 2578 in
597 2528 755 2579 terra
775 2524 952 2578 vitam
974 2524 1293 2590 ducens,ac
1315 2522 1538 2577 duriori
1562 2519 1854 2591 religiosa:
1878 2516 2164 2572 exercita-

510 2614 692 2668 tionis
713 2629 925 2685 genere
947 2617 1082 2684 post
1102 2612 1261 2668 senis
1280 2612 1610 2666 discessum
1635 2614 1828 2663 utens.
1863 2608 2006 2660 Nam
2031 2621 2165 2659 cum

514 2717 670 2756 anno
695 2701 886 2756 astatis
909 2701 1188 2772 vigesimo
1211 2701 1418 2770 quinto
1441 2715 1689 2771 regnum
1711 2704 2012 2750 terrenum
2036 2693 2169 2748 reli-

507 2781 1223 2852 quisset,monasticaaque
1237 2781 1366 2835 vitae
1379 2785 1680 2836 certamen
1694 2775 1944 2832 subiisse
1955 2775 2168 2843 t,quin-

509 2888 625 2942 que
647 2877 707 2926 et
728 2873 968 2944 triginta
985 2889 1176 2927 annos
1201 2872 1264 2926 in
1284 2872 1620 2926 vastissima
1632 2887 1700 2925 ea
1722 2865 2168 2936 solitudine,pe-

508 2960 681 3016 rinde
701 2978 768 3017 ac
791 2961 840 3016 si
865 2962 1032 3017 nulla
1046 2962 1241 3016 carnis
1257 2968 1420 3032 parte
1437 2959 2023 3024 constaret,humana
2034 2973 2168 3010 con-

515 3050 739 3106 ditione
763 3051 1176 3107 sublimiorem
1202 3052 1380 3106 vitam
1409 3051 1544 3122 egit:
1580 3050 1663 3104 sic
1685 3053 1993 3119 nempe,ut
2011 3045 2164 3100 mul-

2347 2426 2566 2498 Ἔμεινε
2598 2426 2654 2483 δὲ
2687 2428 2854 2505 μέχρι
2883 2426 3078 2493 τέλους
3106 2432 3208 2500 τήν
3239 2431 3539 2507 ἀγγελικὴν
3571 2429 3754 2499 ἀληθῶς
3775 2429 3833 2483 ἐπὶ

2272 2523 2373 2590 γῆς
2405 2516 2575 2572 ἀνύων
2609 2515 2904 2595 διαγωγὴν,
2951 2521 3039 2576 καὶ
3097 2519 3450 2596 σκληροτέρᾳ
3502 2521 3694 2592 ἀσκήσει
3743 2518 3834 2592 psi

2274 2607 2373 2674 τήν
2425 2606 2746 2680 παρέλευσιν
2801 2607 2898 2664 τοῦ
2971 2611 3224 2686 γέροντος
3305 2611 3604 2686 χρώμενος·
3667 2606 3835 2680 πέμπτῳ

2279 2698 2374 2768 μὲν
2406 2697 2498 2752 καὶ
2524 2697 2755 2772 εἰκοστῷ
2784 2707 2885 2770 τῆς
2916 2699 3142 2769 ἡλικίας
3171 2697 3283 2756 ἔτει
3326 2702 3429 2770 τήν
3478 2699 3689 2773 ἐπίγειον
3724 2717 3836 2751 mtuo

2276 2785 2452 2841 λιπὼν
2488 2788 2760 2863 βασιλείαν
2793 2792 2883 2844 καὶ
2926 2792 3018 2845 τὸν
3074 2789 3374 2860 ἀσκητικὸν
3431 2789 3656 2844 ὑπελθὼν
3693 2787 3834 2861 ἀγῶνα,

2274 2876 2433 2930 πέντε
2465 2873 2522 2931 δὲ
2579 2877 2665 2931 καὶ
2723 2879 3016 2952 τριάκοντα
3077 2880 3325 2954 χρόνους
3381 2877 3434 2932 ἐν
3490 2879 3558 2949 τῇ
3606 2876 3834 2950 παντρήμῳ

2272 2963 2440 3038 ταύτῃ
2467 2965 2727 3036 ἀσκήσας,
2771 2966 2952 3041 ὥσπερ
3004 2990 3089 3032 τις
3147 2966 3390 3044 ἄσαρκος
3443 2973 3568 3039 (25),
3619 2967 3701 3034 τὴν
3744 2964 3832 3032 inti;

2276 3055 2428 3111 382
2462 3056 2742 3129 ἄνθρωπον
2773 3058 3023 3127 ἄσκησιν,
3081 3056 3305 3120 πολλὰς
3371 3057 3464 3130 μὶν
3513 3057 3734 3132 πρότερον
3765 3056 3834 3124 ψυο

515 3145 606 3195 tas
628 3141 870 3211 quidem
901 3141 1213 3196 hominum
1246 3141 1479 3196 animas
1511 3157 1546 3196 a
1574 3139 1853 3212 pestifero
1887 3140 2160 3208 serpente

2275 3143 2378 3216 χάς
2410 3143 2708 3217 ἀνθρώπων
2748 3150 2844 3200 τοῦ
2875 3146 3236 3224 ψυχοφθόρου
3271 3145 3567 3223 δράκοντος
3602 3140 3834 3199 ἀποστάτας

519 3231 685 3303 prius
702 3231 1318 3301 abstraxerit,Deoque
1344 3231 1602 3304 integras
1623 3228 2025 3285 etincolumes
2047 3243 2164 3282 ser-

519 3321 955 3392 vaverit,eaque
970 3323 1031 3376 in
1055 3337 1117 3376 re
1131 3321 1517 3392 apostolicam
1540 3321 1789 3392 gratiam
1811 3323 2166 3375 consecutus

520 3411 926 3482 sit,animique
950 3411 1128 3466 etiam
1151 3411 1493 3466 inductione
1512 3417 1736 3480 martyr
1758 3409 2066 3474 exstiterit,
2099 3423 2167 3461 ac

517 3501 817 3556 Christum
839 3501 901 3556 in
921 3517 1123 3573 regum
1146 3517 1213 3555 ac
1233 3506 1618 3571 tyrannorum
1636 3499 1824 3554 oculis
1847 3503 1906 3552 et
1925 3503 2166 3567 aspectu

465 3584 468 3585 ⁷
519 3590 728 3645 ﬁdenti
753 3591 951 3646 animo
973 3591 1282 3646 confessus
1296 3590 1958 3658 sit,vocalissimumque
1982 3587 2168 3658 ipsius

518 3680 848 3750 majestatis
859 3697 1192 3750 praeconem
1207 3697 1334 3735 sese
1351 3679 2032 3752 prmbueritmiultosque
2046 3694 2171 3731 rur-

525 3785 658 3822 sum
681 3783 888 3839 pravos
910 3769 1150 3840 spiritus
1165 3770 1226 3823 in
1241 3769 1558 3825 solitudine
1577 3769 1874 3841 proﬂigari
1885 3774 2169 3836 t,omnes-

527 3875 642 3929 que
663 3857 877 3912 Christi
900 3858 952 3912 vi
975 3875 1042 3914 ac
1064 3860 1329 3930 potentia
1351 3859 2046 3931 superarit,cmlestisque
2073 3857 2171 3911 be-

525 3947 726 4002 neﬁcii
749 3952 926 4018 atque
956 3949 1158 4020 gratias
1188 3948 1488 4004 uberrime
1521 3949 1818 4020 particeps
1849 3949 2038 4003 factus
2071 3947 2166 4002 sit.

522 4037 687 4092 Unde
710 4037 890 4093 etiam
912 4038 1095 4093 animi
1120 4039 1359 4094 oculum
1381 4039 1453 4094 ab
1477 4039 1641 4094 omni
1661 4044 1898 4094 terrena
1915 4037 2167 4109 caligine

520 4144 738 4200 purum
764 4127 1114 4196 habebat,ac
1131 4128 1330 4184 futura
1351 4134 1634 4200 tanquam
1665 4128 1983 4199 praesentia
1999 4144 2152 4198 pros-

514 4218 1184 4290 piciebat,Christusque
1198 4218 1310 4290 ipsi
1325 4235 1524 4274 rerum
1539 4219 1806 4273 omnium
1821 4218 2164 4285 instarerat,

514 4307 814 4362 Christum
837 4306 1472 4378 expetebat,Christum
1487 4325 1607 4362 non
1632 4324 1802 4362 secus
1824 4324 1892 4362 ac
1914 4323 2172 4378 praesen-

520 4403 638 4452 tem
661 4397 1180 4465 oernebat,Christi
1194 4398 1702 4469 pulchritudinem
1725 4413 2033 4468 nunquam
2050 4414 2169 4452 non

518 4488 880 4556 intuebatur,
898 4488 1072 4560 juxta
1092 4488 1240 4544 illud
1260 4489 1570 4560 Propheta:
1597 4507 1610 4544 ε
1635 4488 2023 4544 Providebam
2054 4489 2171 4542 Do-

2273 3232 2473 3305 καὶτῷ
2526 3238 2642 3306 Θεῷ
2701 3236 3059 3312 προσαγαγὼν
3117 3239 3487 3310 σεσωσμένας,
3536 3236 3618 3291 καὶ
3664 3235 3833 3288 hosta-

2275 3321 2437 3392 λικῆς
2469 3323 2518 3376 ἐν
2551 3323 2730 3397 τούτῳ
2762 3325 2993 3401 χάριτος
3023 3326 3300 3398 ἀξιωθεὶς,
3340 3327 3541 3402 μάρτυς
3570 3324 3620 3380 δί
3738 3342 3830 3396 προ·

2277 3410 2475 3485 αιρέσει
2506 3414 2820 3488 γενόμενος,
2853 3415 2942 3470 καὶ
2976 3414 3258 3492 παρρησίᾳ
3285 3416 3381 3472 τὸν
3414 3415 3625 3492 Χριστὸν
3667 3411 3828 3466 ἐνώπιον

2280 3499 2549 3574 βασιλέων
2579 3499 2933 3577 ὁμολογήσας
2982 3505 3073 3558 καὶ
3118 3507 3425 3580 τυράννων,
3472 3505 3558 3561 καὶ
3601 3501 3738 3577 κήρυξ
3769 3519 3832 3571 με-

2273 3588 2729 3666 γαλοφωνότατος
2774 3599 2876 3661 τῆς
2919 3592 3084 3648 αὐτοῦ
3137 3593 3565 3669 μεγαλειότητος
3607 3593 3830 3665 dimensa,

2275 3677 2462 3734 πολλὰ
2491 3677 2534 3734 δ’
2567 3678 2632 3735 αὖ
2657 3679 2822 3737 πέίλιν
2867 3683 3152 3756 πνεύματα
3206 3685 3484 3759 πονηρίας
3524 3682 3571 3738 ἒν
3703 3679 3834 3752 ἐρήμῳ

2274 3770 2704 3840 καταπαλαίσας,
2735 3771 2826 3826 καὶ
2869 3771 3084 3827 πάντων
3140 3775 3208 3846 τῇ
3269 3778 3372 3829 τοῦ
3419 3774 3639 3846 Χριστοῦ
3684 3784 3836 3842 περιγε-

2276 3857 2500 3932 νόμενος
2549 3857 2790 3934 δυνάμει.
2854 3861 2957 3917 Καὶ
3016 3862 3114 3930 τῆς
3169 3859 3373 3918 ἄνωθεν
3431 3858 3681 3920 πλουσίως
3725 3874 3835 3929 μετι-

2277 3949 2427 4023 σχὼν
2461 3946 2665 4024 δωρεᾶς
2694 3970 2753 4004 τε
2807 3951 2898 4004 καὶ
2948 3951 3198 4026 χάριτος,
3249 3951 3488 4007 ἐντεῦθεν
3526 3944 3834 4020 κεκαθαρμένθν

2273 4038 2464 4107 τὸτῆς
2494 4040 2682 4112 ψυχῆς
2710 4033 2865 4112 ὄμμα
2914 4039 3094 4110 πάσης
3149 4040 3432 4117 περιγείου
3487 4036 3674 4114 ἀχλύος
3717 4032 3836 4106 εἶχεν,

2277 4128 2351 4189 ὡς
2383 4127 2625 4202 παρόντα
2658 4125 2716 4183 δὲ
2743 4128 2822 4201 τὰ,
2837 4127 3115 4202 μέλλοντα
3143 4130 3501 4205 πρὸεθεώρει,
3543 4127 3623 4181 καὶ
3665 4120 3834 4196 Χριστὸς

2275 4218 2341 4284 ἦν
2373 4216 2519 4290 αὐτῷ
2549 4217 2668 4273 ἀντὶ
2722 4215 2962 4290 πάντων,
3022 4221 3256 4294 Χριστὸν
3309 4219 3512 4289 ἐπόθει,
3561 4213 3749 4290 Χριστὸν
3789 4208 3836 4268 ὥς

2276 4307 2518 4382 παρόντα
2541 4307 2711 4381 ἑώρα,
2769 4309 3006 4384 Χριστοῦ
3061 4309 3126 4363 τὸ
3183 4307 3399 4372 κάλλος
3453 4305 3539 4362 διὰ
3585 4303 3746 4361 παντὸς
3781 4296 3832 4351 δν·

2277 4396 2598 4469 ωπτρίζετο,
2657 4399 2794 4452 κατὰ
2843 4399 2934 4451 τὸν
2994 4400 3294 4476 Προφήτην
3353 4397 3443 4452 τὸν
3503 4395 3701 4470 λεγοντα

2278 4487 2645 4561 Προωρώμην
2670 4486 2762 4540 τὸν
2792 4485 2998 4560 Κύριον
3031 4473 3260 4541 ἐνώπιόν
3294 4507 3401 4560 μου
3432 4483 3518 4540 ’διᾶ
3562 4482 3743 4545 παντὸς,
3779 4473 3832 4528 δτι

520 4540 920 4560 --ηηηπη
940 4540 1071 4544 ____
1093 4540 1240 4544 _-___
1260 4540 1282 4544 _
1305 4540 1325 4543 _
1346 4540 1565 4560 ,Γ-μη
1599 4540 1656 4544 η
1681 4540 1699 4543 _
1719 4540 1738 4544 _
1931 4540 2023 4544 Mx
2055 4540 2087 4542 _
2111 4540 2126 4542 _

516 4577 750 4633 minum
782 4577 844 4633 in
873 4583 1191 4650 conspectu
1214 4595 1346 4633 meo
1376 4595 1630 4650 semper,
1659 4579 1942 4649 quoniam
1963 4595 1998 4632 a
2027 4577 2160 4632 dex-

2279 4540 2338 4631 ἑκ
2363 4540 2548 4647 δεξιιῶν
2588 4540 2696 4648 μοῦ
2727 4540 2987 4631 ἐστινιτίνα
3017 4576 3092 4648 μὴ
3128 4540 3402 4641 σαλευιθῶ·
3452 4575 3535 4629 καὶ
3581 4571 3707 4627 αὖθις
3733 4540 3830 4638 ,(ἳῖί

513 4667 622 4722 tris
656 4673 745 4723 est
765 4667 933 4736 mihi,
967 4684 1041 4723 ne
1064 4668 1633 4739 commovearszal.
1659 4671 1769 4736 xv).
1795 4671 1876 4723 Ac
1907 4683 2164 4723 rursum:

511 4757 779 4813 Adhaesit
808 4757 1010 4813 anima
1040 4775 1172 4813 mea
1201 4763 1335 4831 post
1383 4763 1463 4827 te,
1495 4774 1590 4813 me
1636 4757 2170 4830 suscepitjdextera

512 4851 616 4902 tua
645 4848 816 4919 (Psal.
849 4850 1018 4919 xxvn).
1052 4849 1284 4904 Etenim
1314 4865 1378 4904 re
1408 4866 1546 4904 vera
1587 4849 1774 4920 ipsius
1807 4848 2007 4904 anima
2035 4853 2170 4918 post

514 4937 813 4993 Christum
845 4938 1113 5006 adhaesit,
1149 4939 1492 4994 ﬁrmissimo
1526 4955 1681 4992 nexu
1713 4939 1822 5008 ipsi
1869 4937 2164 5009 copulata.

518 5028 715 5098 Neque
749 5028 908 5084 enim
942 5026 1014 5082 ab
1047 5027 1397 5086 admiranda
1428 5028 1532 5081 illa
1575 5028 1919 5099 operatione
1971 5027 2172 5084 desci-

518 5116 620 5185 vit,
680 5137 789 5175 nec
848 5118 1138 5190 religiosa)
1202 5135 1322 5172 sua)
1391 5118 1831 5174 exercitationis
1903 5119 2170 5190 regulam

2275 4662 2595 4736 Ἐκολλήθη
2629 4666 2664 4734 ἡ
2696 4666 2850 4740 ψυχή
2881 4686 2986 4738 μου
3019 4664 3194 4720 ὀπίσω
3213 4683 3335 4720 σουο
3363 4665 3495 4738 ἐμοῦ
3516 4661 3570 4718 δὲ
3588 4649 3830 4716 ἂντελάὸετυ

2275 4755 2309 4822 ἡ
2343 4753 2488 4824 δεξιά
2521 4775 2636 4811 σου.
2682 4753 3001 4826 Ἐκολλήθη
3059 4754 3163 4831 γὰρ
3224 4750 3400 4815 ὅντως
3455 4755 3489 4823 ἡ
3544 4749 3677 4825 ψυχή
3719 4740 3829 4831 αὐτῷ

2277 4843 2452 4898 ὀπίσω
2499 4848 2596 4898 τοῦ
2652 4845 2913 4920 Χριστοῦ,
2973 4830 3413 4919 συναργμοσθεῖσα
3466 4841 3604 4912 αὐτῷ
3671 4830 3829 4920 ἆρῥαγεῖ

2277 4931 2552 5011 συναφείᾳ.
2589 4931 3005 5008 Οὖξμετετράπη
3049 4934 3152 5002 τῆς
3215 4937 3532 5007 θαυμαστῆς
3573 4927 3738 4991 ταύτης
3773 4934 3827 4990 ερ-

2275 5025 2491 5097 γασίας,
2526 5022 2623 5076 οὐκ
2652 5019 2934 5091 ἠλλοίωσε
2962 5021 3053 5076 τὸν
3084 5021 3281 5076 κανόνα
3333 5028 3432 5090 τῆς
3472 5019 3710 5087 ἀσκήσεως
3745 5008 3826 5061 ξαν·

2277 5119 2397 5187 τοῦ,
2428 5113 2517 5167 ἀπ’
2549 5112 2729 5186 ἀρχῆς
2766 5112 2932 5186 μέχρι
2956 5110 3170 5172 τέλους.
3207 5109 3327 5181 ἴσην
3354 5111 3580 5185 τηρήςας
3623 5105 3700 5170 τὴν
3734 5111 3824 5167 κᾷθ’

591 5397 700 5468 (24)
731 5400 798 5465 Α,
834 5398 961 5468 sine
995 5392 1092 5468 En,
1128 5395 1359 5468 Psellu‘s
1388 5397 1464 5468 De
1494 5396 1652 5451 deem.
1687 5413 1745 5467 p.
1779 5398 1844 5450 98
1873 5412 1885 5450 :
1922 5395 2076 5466 Οἴον,
2129 5392 2160 5446 ι]

2269 5396 2430 5467 ταῖρεν
2485 5392 2681 5459 ποιεῖς,
2741 5387 2982 5464 ἐκκρεμῆ
3042 5386 3135 5441 τὸν
3192 5385 3360 5462 λόγον
3418 5375 3711 5439 καταλιπών.
3746 5369 3819 5426 C0-

523 5463 633 5542 dex
662 5463 728 5523 39
753 5463 839 5542 ξζ..
872 5467 1040 5542 λόγον
1071 5466 1146 5522 ἔτι
1180 5463 1522 5523 καταλιπών.

618 5541 706 5609 25)
739 5539 906 5611 Conf.
1031 5543 1155 5597 349.

621 5612 712 5680 26)
745 5610 902 5664 Psal.
929 5610 1020 5680 xv,
1048 5613 1102 5664 8.

621 5614 688 5667 26
745 5612 902 5664 Psal.
929 5628 1020 5680 xv,
1048 5613 1102 5664 8.

619 5612 712 5756 27;
741 5679 896 5737 Psal.
929 5697 1063 5752 an,
1095 5683 1148 5737 8.

595 5541 615 5757 ἓ
