4044 6218
208 355 360 411 1237
1390 366 1564 418 VITA
1602 361 1838 417 ΒΑΒΙΑ

1986 359 2080 413 ΕΤ
2112 356 2454 415 JOASAPH.
3462 398 3463 405 ι
3503 361 3645 423 1238

213 476 424 551 θυμίαν
473 477 534 534 ἐκ
588 481 854 557 νεωτέρας
916 483 1085 559 μέχρι
1145 486 1244 553 τῆς
1297 483 1566 554 τοσαύτης
1623 480 1838 552 ἡλικίας

1953 540 1957 548 ,
1986 478 2337 538 immutavit.
2372 480 2525 547 Quin
2555 481 2750 553 potius
2772 482 2844 538 ab
2892 481 3064 538 initio
3102 482 3175 539 ad
3206 484 3389 551 ﬁnem
3420 501 3633 557 usque,

215 566 436 639 μᾶλλον
471 565 529 622 δὲ
555 569 647 623 καὶ
677 569 753 632 εἷς
810 571 1153 647 ὑψηλοτέραν
1214 573 1484 648 ὁσημέραι
1542 571 1838 647 προκύπτω

1983 576 2161 641 atque
2178 571 2249 626 ab
2265 571 2507 627 ineunte
2530 576 2702 629 astate
2717 589 2905 644 usque
2928 572 3002 629 ad
3016 576 3135 628 tam
3152 577 3488 644 provectam
3504 580 3639 630 asta-

204 657 312 724 τὴν
349 655 547 731 ἀρετήδ
590 658 681 713 καὶ
706 662 1091 736 καθαρωτέρας
1123 662 1441 736 ἀξιούμενος
1472 661 1722 738 θεωρίας.

1982 664 2101 714 tem
2133 662 2402 717 eamdem
2435 662 2619 716 animi
2649 662 3019 717 alacritatem
3051 661 3335 726 retinuit;
3370 661 3509 728 imo,
3564 668 3632 717 ut

203 747 438 802 rectius
468 748 702 820 loquar,
734 751 807 806 ad
839 752 1251 809 sublimiorem
1283 753 1545 825 quotidie
1576 754 1853 809 virtutem
1880 751 2191 822 processit,
2222 767 2289 807 ac
2320 752 2624 824 puriorem
2667 752 2862 807 divino
2921 750 3213 808 beneﬁcio
3263 751 3632 821 contempla-

210 836 447 892 tionem
478 845 833 896 consecutus
866 847 975 898 est.

280 923 506 997 Ἀμέλει
559 926 820 997 τοιαύτην
879 929 1347 1004 πολιτευσάμενος
1427 929 1712 987 πολιτείαν
1775 926 1865 983 καὶ

203 1012 387 1075 οὕτως
417 1013 565 1085 ἀξίαν
592 1019 697 1081 τῆς
726 1018 919 1073 δαυτοῦ
978 1017 1229 1090 κλήσεως
1290 1020 1535 1095 ἐργασίαν
1585 1016 1864 1075 ἀποδεδωο

202 1104 322 1165 κὼς
350 1108 433 1175 τῷ
458 1104 772 1175 καλέσαντι,
803 1108 1116 1183 σναυρώσας
1142 1112 1297 1167 368
1328 1111 1420 1165 τὸν
1453 1108 1657 1182 κόσμον
1690 1109 1864 1180 ἑαυτῷ

198 1193 299 1247 καὶ
334 1192 521 1248 ἑαυτὸν
552 1198 633 1267 τῷ
662 1197 858 1269 κόσμῳ
888 1200 1015 1271 (28),
1077 1197 1128 1253 ἐν
1179 1198 1369 1274 εἰρήνῃ
1429 1200 1564 1273 πρὸς
1615 1199 1707 1253 τὸν
1763 1203 1864 1267 τῆς

202 1281 435 1357 εἰρήνης
464 1282 690 1339 ἀναλύει
723 1287 875 1357 Θεὸν,
907 1288 997 1341 καὶ
1046 1289 1182 1363 πρὸς
1232 1288 1326 1343 τὸν
1376 1289 1456 1343 ἀεὶ
1516 1288 1860 1359 ποθούμενον

203 1369 448 1444 ἐκδημεῖ
476 1373 771 1445 Δεσπότην,
806 1375 894 1429 καὶ
940 1381 1020 1449 τῷ
1064 1378 1343 1452 προσώπῳ
1388 1377 1593 1452 Κυρίου
1641 1378 1859 1450 ἀμέσως

199 1461 299 1515 καὶ
332 1463 583 1535 καθαρῶς
621 1463 993 1539 ἐμφανίζεται,
1048 1471 1127 1539 τῷ
1179 1474 1279 1537 τῆς
1334 1466 1531 1522 ἐκεῖθέν
1578 1489 1636 1521 τε
1694 1464 1838 1536 δόξης

1966 1485 2112 1538 pure
2139 1484 2206 1522 ac
2238 1468 2366 1522 sine
2398 1468 2581 1523 ullius
2616 1468 2700 1522 rei
2731 1468 3086 1539 interpositu
3130 1471 3393 1537 apparet,
3429 1481 3615 1535 eaque

199 1548 320 1621 ἤδη
352 1553 881 1627 προηυτρεπισμένῳ
912 1556 1062 1628 αὐτῷ
1120 1559 1361 1631 στεφάνῳ
1406 1562 1715 1630 κοσμεῖται,
1762 1557 1838 1610 κα¹

1956 1556 2085 1628 jam
2117 1557 2229 1627 ipsi
2261 1562 2591 1628 praeparata
2611 1556 2811 1628 gloriae
2836 1572 3056 1611 corona
3076 1560 3413 1622 exornatur,
3434 1554 3613 1624 idque

188 1643 435 1717 Χριστὸν
471 1642 691 1717 βλέπειν
723 1648 1086 1719 καταξιοῦται,
1137 1653 1362 1723 Χριστῷ
1410 1652 1667 1717 συνεῖναι,
1716 1653 1838 1721 Χρι-

298 1736 325 1747 ..
402 1738 424 1748 -
514 1733 594 1748 η.
695 1732 718 1748 ..
756 1736 769 1748 .
975 1737 986 1748 .
1093 1735 1106 1748 .
1398 1741 1416 1748 -
1587 1738 1607 1748 -
1806 1737 1818 1748 .

1964 1646 2243 1701 divinitus
2275 1648 2676 1718 consequitur,
2730 1652 2793 1701 ut
2850 1647 3149 1701 Christum
3196 1650 3418 1713 cernat,
3478 1660 3612 1698 cum

1961 1736 2191 1790 Christo
2217 1736 2313 1804 sit,
2334 1736 2547 1790 Christi
2566 1736 3008 1807 pulchritudine
3027 1740 3310 1806 perpetuo
3333 1732 3605 1797 exsultet,

1959 1825 2021 1879 in
2053 1825 2223 1897 cujus
2254 1842 2468 1881 manus
2500 1825 2915 1881 commendata
2944 1825 3163 1892 anima,
3224 1824 3297 1878 ad
3344 1824 3606 1879 vivorum

1954 1914 2256 1986 regionem
2312 1915 2568 1982 transiit,
2631 1915 2731 1969 ubi
2791 1914 3160 1985 epulantium
3238 1929 3440 1981 sonus,
3498 1914 3601 1968 ubi

1953 2002 2287 2060 laetantium
2319 2003 2608 2060 habitatio
2632 2008 2722 2059 est
2751 2004 2918 2075 (Psal.
2949 2006 3083 2072 ιιι).

2048 930 2311 1000 Denique
2336 947 2471 985 cum
2504 931 2577 985 ad
2604 931 2762 985 hunc
2794 930 3039 985 modum
3070 930 3333 997 vixisset,
3362 933 3421 983 et
3440 944 3629 998 usque

1975 1018 2122 1074 adeo
2154 1018 2389 1091 dignam
2421 1020 2726 1075 vocatione
2758 1036 2863 1075 sua
2894 1035 3138 1090 operam
3170 1019 3225 1073 ei
3255 1035 3289 1073 a
3320 1034 3437 1088 quo
3461 1034 3624 1073 voca-

1974 1113 2067 1164 tus
2098 1108 2290 1163 fuerat
2319 1108 3116 1179 reddidisset,mundumque
3140 1107 3253 1162 sibi
3286 1107 3400 1179 ipsi
3422 1122 3488 1162 ac
3512 1106 3627 1161 sei-

1970 1215 2146 1269 psum
2174 1198 2397 1253 mundo
2430 1198 2840 1266 cruciﬁxisset,
2874 1198 2949 1254 ad
2978 1198 3165 1253 Deum
3194 1196 3359 1269 pacis
3385 1196 3448 1250 in
3478 1212 3623 1266 pace

1969 1288 2201 1360 migrat,
2238 1294 2414 1359 atque
2433 1288 2506 1344 ad
2530 1290 2870 1356 Dominum,
2899 1289 3069 1360 cujus
3092 1293 3378 1359 perpetua
3398 1285 3623 1357 cupidi-

1970 1382 2058 1433 tas
2090 1395 2225 1433 eum
2253 1383 2544 1448 tenuerat,
2577 1380 2994 1450 proﬁciscitur,
3027 1378 3334 1448 vultuique
3381 1375 3616 1431 Domini

186 1736 331 1787 στοῦ
357 1738 436 1805 τῷ
463 1733 658 1789 κάλλει
691 1732 780 1789 διὰ
828 1737 1028 1799 παντὸς
1088 1735 1505 1814 ἐναγάλλεσθαι,
1552 1738 1718 1813 οὗπερ
1777 1737 1852 1797 εἰς

182 1827 389 1898 ’χεῖρας
413 1824 511 1891 τήν
555 1824 748 1880 ἑαυτοῦ
805 1828 991 1901 ψυχὴν
1041 1829 1420 1902 παραθέμενος
1480 1832 1615 1902 (29),
1670 1827 1723 1882 ἰν
1780 1829 1849 1899 τῇ

178 1915 302 1967 τῶν
339 1913 552 1981 ζώντων
589 1914 944 1991 μετεφοίτησε
990 1917 1151 1991 χώρᾳ
1182 1921 1316 1991 (30),
1367 1912 1493 1982 ἔνθα
1536 1919 1683 1993 ἦχος
1732 1918 1853 1991 ἑορ-

180 1999 470 2069 ταζόντων
529 2005 663 2075 (31),
723 1999 846 2059 ἔνθα
900 2009 1008 2059 τῶν
1066 2006 1507 2081 εὐφραινομένων
1566 2010 1602 2076 ἡ
1660 2027 1847 2062 κατοι-·

189 2089 289 2144 κία
322 2092 456 2164 (32).

263 2180 346 2235 Τὸ
373 2177 432 2234 δέ
456 2201 519 2255 γε
541 2178 725 2255 τίμιον
750 2181 913 2237 αὐτοῦ
944 2188 1104 2258 σῶμα
1150 2182 1210 2239 ἐκ
1249 2186 1509 2262 γειτόνων
1563 2186 1708 2260 αὐτῷ
1749 2188 1845 2250 τὰς

182 2268 439 2339 οἰκήσεις
472 2272 803 2345 ποιούμενός
832 2295 915 2335 τις
948 2274 1081 2349 ἀνὴρ
1115 2275 1286 2351 ἅγιος,
1320 2276 1378 2339 ὅς
1409 2276 1499 2330 καὶ
1557 2277 1656 2345 τὴν
1705 2279 1845 2354 πρὸς

180 2358 464 2433 Βαρλαᾶμ
516 2362 739 2434 πορείαν
802 2361 987 2436 ἐκείνῳ
1040 2366 1172 2418 ποτὲ
1226 2362 1465 2438 ὑπέδειξε
1517 2367 1650 2439 (33),
1727 2367 1844 2440 θείᾳ

185 2448 299 2501 τινὶ
336 2450 567 2520 μυηθεὶς
598 2448 941 2525 ἀποκαλύψει
996 2453 1115 2507 κατ’
1172 2452 1340 2521 αὐτὴν
1393 2455 1493 2522 τήν
1540 2453 1683 2528 ὥραν
1741 2464 1843 2526 τῆς

185 2535 530 2599 τελειώσεως
581 2538 743 2593 αὐτοῦ
797 2542 1168 2616 παραγίνεται,
1228 2542 1318 2596 καὶ
1404 2542 1597 2617 ὕμνοις
1670 2546 1837 2617 ἱεροῖς

183 2627 449 2698 τιμήσας,
482 2624 687 2703 δάκρυά
714 2649 773 2683 τε
802 2630 1180 2701 κατασπείσας,
1227 2628 1511 2705 σύμϐολον
1558 2638 1654 2688 τοῦ
1702 2635 1837 2709 πρὸς

189 2713 361 2767 αὐτὸν
392 2716 579 2785 πόθου,
612 2716 792 2773 τᾶλλα
833 2716 899 2787 δὴ
960 2719 1026 2774 τὰ
1075 2721 1438 2795 νενομισμένα
1494 2726 1836 2795 Χριστιανοῖς

181 2803 369 2857 πάντα
406 2803 651 2873 τελέσας,
703 2806 757 2860 έν
812 2811 893 2879 τῷ
948 2812 1046 2862 τοῦ
1103 2811 1315 2883 Πατρὸς
1374 2804 1521 2864 ἔθετο
1573 2809 1838 2887 Βαρλαᾶμ

188 2894 463 2967 μνήματι.
498 2900 739 2950 Συνεῖναι
770 2896 869 2971 γὰρ
901 2894 1008 2953 ἔδει
1032 2896 1110 2953 ’τὰ
1158 2900 1387 2973 σώματα
1436 2900 1510 2953 ὧν
1560 2900 1613 2953 αἱ
1661 2902 1835 2975 ψυχαὶ

184 2979 617 3053 συνδιαιωνίζειν
645 2982 879 3058 ἔμελλον
908 2985 1208 3057 ἀλλήλαις.

251 3253 649 3329 Προστάγματι
702 3252 759 3310 δέ
813 3275 961 3318 τινος
1045 3251 1429 3335 φοϐερωτάτου
1504 3259 1620 3314 κατ’
1701 3255 1829 3332 ὄναρ

180 3343 341 3399 ³64
396 3348 669 3417 κραταιῶς
728 3343 1167 3416 ἐπισκήπτοντος
1246 3348 1503 3417 πεισθεὶς,
1558 3349 1585 3403 ὁ
1640 3352 1833 3404 τοῦτον

174 3428 453 3499 κηδεύσας
511 3432 881 3507 ἀναχωρητής
961 3434 1027 3488 τὰ
1106 3433 1355 3510 βασίλεια
1428 3434 1829 3511 καταλαμϐάνει

172 3517 395 3589 Ἰνδῶν,
441 3518 530 3574 καί
580 3519 661 3593 τῷ
718 3521 934 3597 βασιλεῖ
986 3524 1235 3599 Βαραχίᾳ
1282 3524 1603 3601 προσελθὼν
1660 3528 1832 3581 πάντα

177 3607 329 3678 αὐτῷ
362 3605 509 3677 δῆλα
531 3608 597 3663 τὰ
617 3609 740 3686 περὶ
778 3616 881 3665 τοῦ
942 3609 1205 3686 Βαρλαάμ
1261 3614 1349 3668 καὶ
1401 3618 1499 3669 τοῦ
1560 3614 1828 3689 μακαρίου

171 3697 377 3752 τούτου
435 3696 651 3768 τίθησιν
710 3700 965 3778 ’[ωάσαφ.
1025 3702 1086 3758 Ὀ
1135 3700 1212 3771 δὲ,
1276 3701 1443 3775 μηδὲν
1524 3702 1826 3777 μελλήσας,

172 3785 476 3862 ἀπέρχεται
506 3786 664 3849 αὐτὸς
692 3789 825 3861 μετά
854 3786 1136 3861 δυνάμεως
1169 3786 1370 3865 ὄχλου,
1419 3793 1507 3847 καὶ
1558 3798 1636 3865 τῷ
1691 3816 1828 3865 σπη-

174 3865 319 3939 λαίῳ
378 3866 680 3943 ἐφίσταται,
736 3869 799 3923 τὸ
852 3870 1040 3941 μνῆμά
1095 3892 1153 3924 τε
1208 3873 1420 3945 θεωρεῖ,
1479 3874 1589 3946 καὶ,
1646 3874 1826 3947 τούτῳ

178 3956 487 4030 θερμότατα
516 3955 899 4031 ἐπιδακρύσας,
932 3956 1070 4034 αἶ’ρει
1111 3959 1173 4013 τὸ
1222 3959 1507 4034 κάλυμμα.
1570 3963 1667 4017 Καὶ
1727 3964 1827 4039 ὁρᾷ

168 4046 265 4099 τόν
300 4066 359 4099 τε
392 4047 659 4120 Βαρλαὰμ
700 4048 789 4101 καὶ
840 4048 932 4102 τὸν
992 4049 1225 4126 Ἰωάσαφ
1275 4043 1501 4124 ἔχοντας
1554 4053 1620 4106 τὰ
1680 4051 1820 4125 μέλη

164 4135 309 4189 κατᾶ
339 4141 537 4210 σχῆμα
567 4134 812 4209 κείμενα,
845 4136 934 4191 καὶ
964 4136 1031 4190 τὰ
1071 4138 1299 4210 σώματα
1330 4137 1485 4194 οὐδὲν
1542 4145 1639 4195 τοῦ
1686 4162 1823 4215 προ-

168 4224 338 4296 τέρου
369 4225 587 4299 χρωτὸς
618 4222 1090 4299 παραλλάττοντα,
1126 4226 1413 4301 ὁλόκληρα
1444 4226 1500 4283 δὲ
1528 4230 1617 4283 καὶ
1666 4230 1820 4305 ἀκρι-

170 4307 291 4374 ϐῶς
325 4312 455 4386 ὑγιῆ
490 4312 582 4366 σὺν
614 4319 733 4376 τοῖς
788 4312 1074 4389 ένγύμασι.
1129 4320 1304 4371 Ταῦτα
1357 4317 1535 4373 τοίνυν
1583 4319 1649 4371 τὰ
1705 4319 1823 4393 ἱερά

2022 2183 2383 2238 Praeclarum
2405 2188 2604 2238 autem
2623 2182 2809 2253 ipsius
2833 2197 3046 2253 corpus
3065 2181 3153 2237 vir
3186 2181 3431 2253 quidam
3463 2199 3601 2238 san—

1949 2279 2077 2329 ctus
2108 2275 2237 2345 (qui
2269 2292 2388 2330 non
2420 2274 2595 2346 longe
2627 2273 2700 2328 ab
2733 2290 2800 2327 eo
2830 2273 3180 2341 habitabat),
3213 2274 3434 2344 quique
3490 2273 3605 2329 iter

1946 2361 2060 2433 ipsi
2094 2362 2168 2417 ad
2199 2364 2574 2419 Barlaamum
2606 2362 2771 2433 prius
2830 2367 3346 2430 commonstrarat,
3400 2361 3599 2417 divino

1947 2452 2205 2521 quodam
2228 2453 2565 2521 admonitu,
2590 2468 2661 2507 ea
2682 2452 2810 2523 ipsa
2837 2452 3129 2523 hora,qua
3150 2456 3341 2507 morte
3362 2451 3603 2506 functus

1946 2544 2056 2608 est,
2090 2559 2354 2612 praesens
2376 2542 3035 2608 aestans,'sacrosanctis
3058 2541 3332 2597 cantibus
3352 2542 3601 2607 ornavit,

1943 2629 2653 2700 profusisquelacrymis,
2712 2645 2843 2699 quas
2894 2630 3080 2701 ipsius
3132 2646 3270 2703 erga
3320 2630 3601 2701 Josaphat

1942 2718 2163 2771 amoris
2184 2718 2410 2773 indices
2437 2723 2657 2784 essent,
2682 2719 2933 2788 aliisque
2958 2720 3235 2773 omnibus
3252 2719 3430 2773 rebus
3462 2736 3595 2788 quia

1942 2806 2097 2874 apud
2120 2806 2486 2860 Christianos
2517 2806 2577 2859 in
2628 2823 2792 2859 more
2852 2812 3029 2877 atque
3078 2807 3352 2859 instituto
3400 2807 3596 2876 posita

1943 2898 2080 2946 sunt
2106 2894 2391 2948 confectis
2423 2898 2599 2963 atque
2631 2893 2942 2962 absolutis,
2979 2895 3038 2947 in
3070 2894 3255 2965 patris
3299 2893 3592 2947 Barlaami

1938 2988 2329 3037 monumento
2362 2982 2768 3037 condidit.Par
2788 2982 3081 3053 siquidem
3105 2987 3233 3037 erat
3252 2987 3317 3036 ut
3337 2998 3591 3053 quorum

1863 3054 1906 3120 (ἶ
1946 3071 2159 3127 animae
2191 3072 2252 3126 in
2284 3077 2637 3144 perpetuum
2669 3071 2847 3126 simul
2878 3071 3091 3127 futurae
3140 3076 3329 3139 erant,
3384 3088 3591 3126 eorum

1944 3162 2123 3217 etiam
2154 3180 2403 3235 corpora
2433 3164 2562 3234 conj
2574 3168 2957 3235 ungerentur.

2014 3252 2336 3322 Cujusdam
2350 3258 2549 3307 autem
2563 3251 2923 3307 formidandi
2944 3251 3072 3320 viri,
3090 3252 3191 3324 qui
3210 3251 3268 3307 id
3287 3252 3348 3308 in
3365 3252 3590 3307 somnis

1942 3341 2095 3395 serio
2128 3341 2479 3412 imperabat,
2514 3342 2844 3396 monachus
2876 3341 2975 3395 ille
3008 3342 3108 3413 qui
3142 3342 3337 3413 ipsum
3379 3340 3590 3397 funere

1940 3430 2235 3485 extulerat
2264 3431 2544 3485 mandato
2577 3430 3017 3502 obtemperans,
3043 3431 3103 3485 in
3131 3430 3310 3485 Indiae
3342 3448 3590 3503 regnum

1941 3536 2002 3575 se
2026 3519 2276 3587 confert,
2308 3536 2627 3592 regemque
2687 3521 3032 3574 Barachiam
3082 3521 3466 3591 conveniens,
3515 3520 3587 3574 de

1939 3607 2215 3662 omnibus
2242 3608 2544 3679 Josaphati
2564 3608 2744 3663 rebus
2766 3608 3288 3680 certioremipsum
3306 3609 3585 3665 facit.Ille

1937 3705 2133 3755 autem
2168 3698 2335 3754 nulla
2366 3699 2717 3770 interposita
2746 3716 2913 3753 mora
2958 3716 3093 3753 cum
3124 3699 3350 3771 ingenti
3380 3700 3583 3771 populi

1936 3787 2321 3843 multitudine
2353 3788 2466 3841 iter
2496 3788 2626 3856 init,
2661 3793 2836 3860 atque
2868 3786 2943 3842 ad
2973 3787 3311 3858 speluncam
3341 3787 3581 3843 tandem

1934 3878 2222 3947 pervenit,
2255 3894 2323 3931 ac
2354 3877 2695 3948 sepulcrum
2727 3877 3012 3944 intuetur,
3038 3876 3278 3946 illicque
3309 3875 3582 3931 calentis-

1936 3965 3049 4038 simislacrymisfusisintegumentum
3075 3965 3249 4033 tollit,
3274 3965 3581 4035 cernitque

1933 4053 2311 4109 Barlaamum
2343 4060 2401 4109 et
2424 4056 2704 4126 Josaphat
2731 4054 2999 4109 membra
3024 4054 3351 4125 composito
3373 4053 3580 4107 habitu

1933 4144 2045 4197 sita
2071 4144 2384 4212 habentes,
2415 4160 2781 4215 corporaque
2804 4144 2956 4198 nihil
3004 4160 3038 4198 a
3086 4143 3336 4214 pristino
3382 4143 3579 4199 colore

1929 4232 2263 4299 immutata,
2287 4250 2486 4287 verum
2503 4234 2731 4305 integra
2754 4238 2812 4287 et
2837 4232 3437 4303 prorsusincolumia,
3461 4249 3582 4287 una

1931 4338 2064 4376 cum
2090 4323 2617 4377 indumentis.ch
2632 4323 2809 4394 igitur
2826 4327 3337 4377 sacrosanctarum
3352 4322 3578 4377 anima-

161 4405 275 4456 τῶν
328 4399 507 4476 ἁγίων
536 4406 731 4477 ψυχῶν
792 4404 1144 4477 σκηνώματα,
1203 4405 1422 4477 πολλὴν
1472 4406 1817 4481 ἐκπέμποντα

1953 4428 2059 4465 'um
2095 4412 2497 4479 tabernacula,
2522 4412 2939 4467 suavissimum
2962 4412 3205 4466 odorem
3222 4412 3575 4477 emittentia,

159 4490 265 4558 τήν
323 4486 550 4545 εὐωδίαν
610 4490 704 4546 καὶ
762 4489 913 4548 οὐδὲν
974 4492 1120 4557 ὅλως
1172 4493 1334 4566 ἀηδὲς
1382 4494 1812 4571 ἐπιδεικνύμενα,

164 4579 367 4648 θήκαις
424 4576 596 4642 ἐνθεὶς
656 4580 683 4632 ὁ
736 4579 991 4656 βασιλεὺς
1046 4583 1276 4657 τιμίαις,
1342 4584 1418 4647 εἷς
1474 4585 1573 4655 τήν
1621 4584 1815 4641 ἑαυτοῦ

160 4664 401 4739 πατρίδα
434 4667 808 4743 μετακομίζει.

259 4957 348 5027 28)
381 4958 547 5016 Conf.
577 4976 708 5033 pag.
744 4964 831 5031 10,
864 4979 923 5017 n.
949 4963 1036 5020 31.

252 5030 351 5083 29)
375 5030 532 5083 Psal.
563 5050 700 5083 xxx.
732 5037 762 5083 5
790 5050 802 5083 :
835 5032 932 5083 Et:
964 5041 1036 5083 γε

1924 4517 2035 4555 nec
2066 4500 2203 4555 fcedi
2237 4501 2561 4572 quidquam
2612 4501 2974 4568 exhibentia,
3006 4501 3330 4573 praeclaris,
3364 4500 3575 4556 loculis

1924 4589 2224 4663 imposita,
2252 4606 2355 4646 rex
2385 4591 2448 4646 in
2468 4590 2723 4663 patriam
2751 4607 2918 4646 suam
2952 4590 3252 4649 transfert.

375 5030 532 5122 Psgl.
563 5030 700 5122 ἱξξ,
732 5037 762 5088 5
790 5050 802 5089 :
834 5030 1154 5122 Els‘xsip‘dc
1184 5054 1280 5122 a‘ou
1310 5039 1698 5122 παραθήσομαι
1719 5040 1792 5122 ,τρ
1822 5061 1838 5095 1

1960 5042 2194 5122 μᾴμου.
2236 5046 2405 5122 _Hinc
2465 5044 2627 5122 color
2676 5046 3118 5118 epigrammatis
3168 5047 3568 5122 incertiA688:

154 5030 358 5155 ’E(29'g
375 5030 532 5115 Psal.
563 5030 700 5121 ξιξ,
732 5037 762 5088 5
790 5050 802 5089 :
834 5032 932 5125 Εἷς
964 5030 1154 5123 χεῖράς
1184 5054 1280 5124 σπου
1310 5039 1698 5131 παραθήσομαι
1729 5040 1792 5095 τὸ
1822 5042 2036 5131 πνεῦμά
2070 5063 2194 5116 μου.
2258 5046 2405 5101 Hinc
2465 5044 2627 5101 color
2676 5046 3118 5118 epigrammatis
3168 5047 3378 5103 incerti
3429 5047 3568 5103 688:

157 5109 579 5192 ηᾼννθαιεησωμα
609 5102 868 5178 λελοιμεν
919 5103 1262 5170 ΑπελΑιανος
1297 5110 1397 5185 μέγ
1444 5130 1682 5185 αριστοςο
1717 5114 1937 5187 [Ψυχὴν
1975 5116 2021 5168 ο’
2052 5114 2103 5169 έν
2156 5113 2430 5192 χείρεσσιν
2485 5116 2578 5184 ἑὴν
2629 5122 2996 5191 παρεκάτθετο
3047 5122 3288 5192 Χριστῷ.
3341 5118 3422 5174 Cf.
3468 5136 3568 5191 pp.

155 5174 266 5227 324
300 5177 364 5226 et
388 5175 509 5228 355.

157 5244 638 5335 Δ[ιξιξςθοε
662 5248 1055 5335 ‘gl'os‘satunr’ad
1086 5250 1418 5335 marginem
1450 5256 1687 5328 scripsit
1717 5254 1927 5331 στίχος.
1964 5261 2177 5315 Versus
2210 5265 2299 5315 est
2328 5261 2489 5317 enim
2539 5278 2723 5335 purus
2773 5266 2973 5334 putus,
3027 5261 3130 5318 sed
3178 5262 3482 5335 politicus,
3516 5265 3575 5317 et

153 5316 403 5392 idcirco
424 5316 545 5392 non
577 5316 875 5392 notabilis.
909 5320 990 5376 Cf.
1015 5339 1072 5392 p.
1098 5323 1220 5392 336.

368 5388 522 5479 Iisal'.
558 5408 671 5457 XLI,
706 5395 773 5446 5:
808 5391 893 5479 ’ἓν
926 5388 1095 5479 ⁸(ρω-νῖ(
1122 5390 1507 5479 ἀγαλλιάισεως
1538 5398 1625 5479 καὶ
1661 5399 2291 5479 έξομολογήσεῳςῆχου
2323 5404 2711 5479 ἑορταζόντων.

380 5459 534 5541 ξξᾶι.
570 5479 789 5541 Lxx_x_vl,
824 5467 892 5518 7:
926 5459 1011 5541 '32:
1047 5459 1483 5539 εὐφραινομένων
1519 5459 1799 5541 πάντωνῆ
1835 5495 1838 5524 τ

1953 5459 2083 5526 ςικια
2102 5459 2307 5529 ’ἐν’ῗεοί.

248 5529 343 5609 38)
379 5530 466 5612 (Ζίἶ
491 5550 621 5606 pag.
656 5529 783 5589 344.
812 5564 879 5577 --
919 5529 1208 5591 Caeterum
1242 5529 1505 5610 syntaxis
1536 5545 1705 5599 valde
1738 5529 1838 5599 tur

248 5616 423 5657 trima
453 5606 818 5662 intercidunt
842 5607 1110 5664 membra
1141 5627 1271 5674 quae
1303 5628 1424 5668 non
1459 5624 1710 5674 possunt
1738 5618 1802 5672 in
1836 5645 1838 5662 ι

1953 5563 1973 5600 1
2006 5551 2111 5600 est.
2145 5546 2221 5600 Τὸ
2251 5548 2436 5619 τίμιον
2470 5553 2631 5621 σῶμα
2653 5547 3026 5618 junnendum
3058 5567 3193 5608 cum
3242 5548 3413 5620 ἔθετο,
3463 5550 3568 5606 sed

1953 5618 2109 5673 inem
2141 5620 2287 5674 cogi.
2320 5623 2563 5674 Forsan.
2596 5621 2711 5674 θεία
2737 5589 2803 5674 τῗ
2824 5640 2930 5674 τινι
2961 5624 3176 5674 μυηθ-..
3204 5656 3273 5666 -
3306 5624 3386 5674 De
3422 5643 3566 5674 umn-

144 5597 818 5723 gilii-$331133???
842 5607 1110 5723 xggmbra
1141 5597 1424 5681 quae'non
1456 5597 1710 5686 possunt
1738 5597 2109 5674 ἱέῖὀέὶάῖηῶ
2141 5597 2765 5692 ξοίεῄῇῖοιλδᾷῑῖίῄἶ

214 5669 271 5735 ἲς
306 5689 487 5747 supra
516 5694 571 5750 p.
609 5681 733 5751 266,
766 5696 827 5735 n.
854 5680 945 5736 98.

2824 5640 2930 5675 τινι
2960 5624 3176 5695 μυηθ...
3204 5656 3273 5666 -
3305 5624 3386 5681 De
3420 5643 3566 5695 μυη-
