4040 6204
531 324 678 385 1839

609 455 683 509 Ut
710 455 908 508 autem
941 467 1010 508 ea
1038 466 1137 507 res
1167 450 1241 506 ad
1270 450 1461 523 plebis
1493 467 1666 508 aures
1696 450 1984 524 pervenit,
2010 448 2184 504 innu—
2211 446 2265 514 Α

539 541 847 600 merabilis
878 540 1202 595 multitudo
1235 557 1305 597 ex
1337 541 1615 597 omnibus
1644 540 1893 596 urbibus
1909 555 1977 594 ac
2000 536 2186 593 finiti-

536 633 651 687 mis
672 631 820 686 locis
851 630 925 685 ad
955 629 1265 684 beatorum
1292 630 1533 685 illorum
1565 646 1879 702 corporum
1898 642 2181 698 conspec-

534 725 661 775 tum
678 725 737 775 et
759 718 1170 775 adorationem
1193 720 1499 774 conﬂuxit.
1519 720 1625 774 Ubi
1651 719 1827 774 etiam
1843 732 2186 773 sacrosanc-

535 810 613 865 tis
643 809 883 880 hymnis
940 824 1147 863 eorum
1192 824 1370 864 causa
1414 808 1761 874 decantatis,
1814 805 2187 878 copiosisque

534 898 913 970 lampadibus
944 898 1235 966 accensis,
1268 904 1401 969 apte
1434 898 1557 954 illic
1589 898 1886 971 quispiam
1938 912 2006 951 ac
2052 911 2189 965 per-

538 1003 716 1059 quam
740 986 1186 1042 accommodate
1207 986 1474 1058 dixisset,
1494 988 1744 1043 Lumina
1764 986 1921 1041 circa
1941 982 2187 1039 luminis

538 1077 696 1133 ﬁlios
731 1081 790 1132 et
819 1075 1109 1132 haaredes.
1143 1076 1499 1133 Luculenter
1528 1082 1727 1133 autem
1756 1075 1935 1131 simul
1965 1090 2034 1129 ac
2063 1088 2189 1128 ma-

539 1166 754 1239 gniﬁce
786 1166 849 1221 in
884 1181 954 1220 ea
982 1165 1237 1221 ecclesia
1267 1183 1398 1237 quae
1429 1166 1501 1221 ab
1536 1167 1679 1238 ipsis
1719 1162 2127 1221 fundamentis
2155 1176 2190 1217 a

538 1256 819 1327 Josaphat
846 1260 1146 1311 exstructa
1174 1254 1387 1324 fuerat,
1421 1272 1629 1311 eorum
1670 1270 1919 1326 corpora
1950 1251 2191 1308 condita

543 1350 702 1402 sunt.
732 1344 912 1400 Multa
940 1361 1116 1415 porro
1147 1345 1457 1411 miracula,
1484 1344 1948 1414 morborumque
1978 1340 2189 1412 depul-

544 1436 765 1503 siones,
802 1439 928 1489 tum
958 1434 1022 1489 in
1074 1451 1390 1505 corporum
1434 1434 1892 1499 transvectione,
1944 1437 2069 1487 tum
2126 1429 2190 1483 in

542 1541 750 1579 eorum
780 1522 1217 1592 inhumatione,
1253 1530 1379 1579 tum
1409 1524 1590 1580 etiam
1622 1524 1876 1595 posteris
1907 1519 2193 1592 tempori—

542 1614 675 1680 bus,
708 1611 997 1667 Dominus
1027 1628 1135 1683 per
1166 1613 1294 1683 pios
1325 1613 1580 1668 famulos
1612 1629 1750 1667 suos
1778 1611 1991 1666 effecit.
2012 1607 2195 1662 Vidit-

542 1718 657 1773 que
689 1718 790 1756 rex
813 1718 880 1757 ac
904 1701 1114 1773 vulgus
1135 1720 1342 1759 omnes
1365 1704 1611 1759 virtutes
1629 1720 1727 1758 eas
1750 1718 1881 1773 quae
1905 1717 2010 1772 per
2030 1699 2191 1769 ipsos

543 1790 894 1846 edebantur.
956 1792 1039 1846 Ac
1092 1791 1366 1864 pleriqne
1425 1810 1456 1848 e
1508 1792 1780 1847 ﬁnitimis
1848 1787 2265 1877 nationibusB

544 1880 919 1936 infidelitatis
952 1896 1019 1935 ac
1045 1880 1433 1952 ignorationis
1464 1883 1566 1937 Dei
1597 1880 1803 1936 morbo
1852 1879 2189 1934 laborantes

540 1988 651 2044 per
681 1988 751 2026 ea
779 1970 947 2043 signa
976 1988 1108 2042 quas
1140 1972 1200 2026 in
1232 1978 1620 2028 monumento
1653 1971 1875 2027 fiebant
1899 1968 1972 2025 ad
2012 1967 2191 2023 fidem

541 2061 1143 2131 accesserunt.Atque
1166 2078 1374 2117 omnes
1396 2062 1497 2133 qui
1516 2062 1703 2133 ipsius
1724 2060 2004 2131 Josaphat
2015 2058 2192 2112 vitam

543 2148 617 2203 ad
637 2148 987 2219 angelorum
1010 2148 1405 2205 imitationem
1429 2154 1975 2221 expressam,atque
1994 2164 2027 2201 a
2040 2153 2197 2201 tene-

541 2238 627 2291 ris
656 2236 959 2308 unguibus
984 2236 1295 2293 ardentem
1326 2239 1513 2309 ipsius
1545 2254 1682 2310 erga
1711 2240 1897 2293 Deum
1927 2250 2193 2290 amorem

543 2330 858 2380 cernentes
907 2330 1085 2396 atque
1124 2327 1452 2394 audientes,
1483 2326 1875 2382 admiratione
1908 2324 2192 2395 corripie-

547 2413 784 2483 bantur,
803 2415 988 2469 Deum
1010 2414 1072 2469 in
1092 2416 1371 2471 omnibus
1391 2416 1889 2486 celebrantes,qui
1903 2431 1966 2470 se
1987 2428 2197 2469 aman-

550 2502 708 2557 tibus
733 2519 909 2574 Opem
942 2510 999 2558 et
1033 2506 1322 2561 auxilium
1379 2522 1689 2577 nunquam
1742 2506 1896 2559 ferre
1953 2502 2193 2571 desinit,

549 2607 769 2662 eosque
805 2592 1192 2663 amplissimis
1222 2593 1530 2650 beneﬁciis
1560 2597 1997 2649 remuneratur.

622 2718 727 2772 Hic
762 2718 1075 2788 praasentis
1094 2719 1231 2773 libri
1254 2720 1391 2775 ﬁnis
1414 2725 1522 2789 est,
1553 2736 1727 2792 quem
1753 2737 1858 2790 pro
1890 2736 2023 2774 mea
2044 2717 2196 2772 virili

552 2806 875 2878 conscripsi
888 2808 1411 2878 ,quemadmodum
1427 2810 1771 2881 apraeclaris
1784 2809 1922 2863 viris
1937 2809 2035 2878 qui
2054 2807 2198 2863 mihi

555 2896 683 2951 haac
712 2896 871 2951 haud
902 2896 1051 2952 falso
1084 2898 1455 2954 tradiderunt
1484 2899 1703 2971 accepi.
1740 2899 1973 2953 Utinam
2005 2902 2201 2951 autem

556 3003 656 3041 vos
672 3031 683 3052 ,
706 2987 805 3057 qui
830 2986 986 3041 hanc
1012 2988 1229 3042 animis
1250 2988 1458 3043 utilem
1482 2988 1792 3043 historiam
1810 2987 2004 3058 legitis
2027 2990 2203 3056 atque

560 3074 800 3143 auditis,
825 3074 898 3129 ad
925 3092 1129 3131 eorum
1148 3083 1377 3147 partem
1400 3077 1797 3143 asciscamini,
1824 3076 1922 3146 qui
1944 3077 2059 3129 Deo
2075 3076 2203 3128 vita)

2055 319 2425 387 ADDINDA.

3704 332 3802 389 me

2363 444 2454 507 Ὠς
2486 440 2544 498 δὲ
2572 441 2651 506 είς
2679 444 2773 505 τὰς
2802 439 2968 506 ἀκοὰς
3016 442 3207 499 ἔπιπτε
3251 446 3349 499 τοῦ
3390 442 3508 500 λαοῦ
3544 449 3597 502 τὸ
3634 456 3808 529 γεγονὸς,

2293 531 2512 602 πλῆθος
2542 531 2779 607 ἀριθμοῦ
2833 537 3080 609 κρεῖττον
3141 530 3202 587 ἐκ
3256 533 3455 588 πάντων
3503 556 3552 590 τε
3594 543 3676 592 τῶν
3719 546 3806 617 (34),

2292 621 2508 677 πόλεων
2539 622 2629 677 καὶ
2657 626 2765 676 τῶν
2797 622 3127 697 περιχώρων
3157 621 3236 684 είς
3264 621 3589 697 προσκύνησιν
3625 628 3695 682 καὶ
3732 634 3810 693 θίαν

2294 713 2573 791 συνέῥρεον
2614 717 2722 768 τῶν
2785 713 3067 790 μακαρίων
3123 712 3388 786 σωμάτων
3442 712 3646 775 ἐκείνων.
3688 720 3811 777 Ἔνθεν

2293 824 2378 858 τοι
2408 803 2498 857 καὶ
2530 802 2734 876 ὕμνους
2764 802 2848 857 ἐπ’
2896 801 3083 864 αὐτοῖς
3136 801 3264 865 τοὺς
3321 801 3485 878 ἱεροὺς
3531 800 3725 879 ᾄσαντες,
3760 813 3814 867 καὶ

2295 889 2589 965 λαμπάδας
2631 889 2942 967 φιλοτίμως
2998 889 3297 965 ἀνάψαντες
3351 891 3664 965 (ἀκολούθως,
3701 895 3817 962 Evn;

2296 983 2468 1052 εἶπεν,
2499 979 2609 1035 ἐκεῖ
2636 980 2724 1035 καὶ
2760 977 2880 1034 λίαν
2914 978 3131 1042 οἰκείως
3181 980 3249 1034 τὰ
3295 1000 3439 1056 φωτα
3480 983 3587 1054 περὶ
3630 983 3730 1047 τοὺς
3760 992 3819 1041 τοῦ

2298 1066 2479 1147 φωτός
2509 1067 2659 1130 υἱούς
2688 1069 2805 1142 (35)
2832 1087 2892 1123 τε
2938 1066 3030 1122 καὶ
3085 1066 3503 1143 κληρονόμους),
3545 1065 3757 1145 λαμπρῶς
3787 1073 3823 1129 δὲ

2299 1160 2441 1232 ὁμοῦ
2469 1156 2559 1213 καὶ
2597 1153 3035 1233 μεγαλοπρεπῶς
3088 1156 3141 1211 ἐι
3182 1160 3253 1230 τῇ
3313 1156 3362 1229 ἐξ
3416 1156 3570 1212 αὐτῶν
3618 1159 3823 1235 κρηπίδων

2297 1248 2446 1324 παρᾶ
2471 1252 2568 1303 τοῦ
2610 1245 2841 1324 Ἰωάσαφ
2897 1246 3301 1322 ἀνεγηγερμὲνῃ
3352 1248 3456 1319 (36)
3503 1250 3735 1312 κατέθεντο
3772 1250 3827 1306 ἐκ.

2296 1338 2521 1409 κλησίᾳ.
2554 1336 2749 1393 Πολλᾶ
2779 1335 2837 1392 δὲ
2883 1337 3134 1411 θαύματα
3177 1336 3270 1391 καὶ
3311 1335 3468 1398 ἰάσεις
3496 1334 3542 1391 ἒν
3569 1358 3618 1392 τε
3640 1342 3695 1413 τῇ
3720 1361 3828 1413 μετα.

2298 1425 2529 1502 κομιδῇ,
2564 1425 2616 1482 ἔν
2642 1447 2700 1482 τε
2727 1430 2796 1501 τῇ
2826 1425 3126 1497 καταθέσει,
3156 1425 3248 1481 καὶ
3303 1424 3355 1480 ἐν
3384 1430 3492 1487 τοῖς
3537 1427 3642 1497 ἑξῆς
3677 1430 3829 1503 χρόνοις

2300 1519 2450 1576 865
2489 1514 2579 1571 διὰ
2600 1520 2709 1571 τῶν
2743 1515 2905 1570 ὁσίων
2964 1514 3129 1570 αὐτοῦ
3173 1515 3507 1589 θεραπόντων
3551 1514 3734 1587 ἐποίησε
3764 1520 3831 1573 Κύ-

2302 1627 2445 1680 ριος.
2480 1606 2584 1663 Καὶ
2633 1602 2769 1661 εἶδεν
2802 1606 2831 1660 ὁ
2866 1603 3123 1681 βασιλεύς
3175 1625 3235 1659 τε
3282 1604 3543 1679 Βαραχίας
3594 1607 3668 1660 καὶ
3705 1610 3833 1675 πᾶς,ὁ

2300 1692 2475 1772 ὄχλος
2501 1695 2596 1759 τὰς
2626 1693 2696 1750 δι’
2723 1695 2902 1750 αὐτῶν
2934 1694 3232 1769 γενομένας
3264 1690 3533 1766 δυνάμεις,
3580 1694 3656 1748 καὶ
3693 1695 3832 1749 πολλοὶ

2298 1790 2406 1840 τῶν
2439 1786 2594 1859 πέριξ
2627 1784 2817 1854 ἐθνῶν,
2867 1783 3118 1838 ἀπιστίαν
3173 1786 3455 1844 νοσοῦντες
3504 1783 3585 1837 καὶ
3632 1788 3710 1838 τοῦ
3750 1789 3836 1839 Θεοῦ

2297 1873 2541 1951 ἄγνοιαν,
2572 1871 2660 1929 διὰ
2696 1877 2806 1928 τῶν
2866 1870 3167 1947 γινομένων
3192 1872 3243 1926 ἐν
3269 1875 3351 1943 τῷ
3399 1873 3621 1945 μνήματι
3664 1872 3834 1945 σημείων

2300 1969 2637 2025 ἐπίστευσαν.
2671 1965 2768 2019 Καὶ
2798 1964 3068 2027 πάντεςοὶ
3127 1963 3363 2039 ὁρῶντες
3404 1983 3462 2017 τε
3507 1963 3589 2017 καὶ
3629 1962 3837 2024 ἀκούοντι(

2300 2060 2399 2128 τήν
2442 2055 2897 2131 ἆγγελομίμητον
2954 2056 3051 2107 τοῦ
3105 2053 3338 2129 ’[ωάσαιρ
3385 2049 3641 2106 πολιτείαν
3675 2051 3743 2106 καὶ
3780 2053 3837 2105 τὸν

2302 2148 2352 2221 ἐξ
2381 2143 2606 2202 ἁπαλῶν
2657 2143 2874 2218 ὀνύχων
2933 2138 3194 2217 διάπυρον
3258 2140 3424 2196 αὐτοῦ
3472 2141 3596 2216 πρὸς
3640 2140 3714 2195 τὸν
3757 2141 3838 2195 Θεὸν

2301 2237 2493 2304 πόθον,
2528 2233 2827 2307 ἐθαύμαζον
2874 2229 3180 2304 δοξάζοντες
3225 2230 3278 2284 ἐν
3328 2236 3456 2285 πᾶσι
3501 2231 3583 2284 τὸν
3634 2229 3751 2299 Θεὸν,
3783 2231 3839 2282 τὸν

2301 2326 2775 2400 ἆεὶξσυνεργοῦντα
2811 2326 2930 2383 τοῖς
2988 2320 3271 2394 ἀγαπῶσις
3320 2318 3476 2374 αὐτὸν
3521 2318 3601 2374 καὶ
3649 2317 3843 2393 μεγίστοις

2301 2416 2531 2478 τούτους
2563 2407 2928 2488 ἀμειϐόμενον
2958 2408 3211 2484 δωρεαῖς.

2378 2704 2521 2765 Ἕως
2554 2698 2660 2756 ὧδε
2686 2700 2750 2755 τὸ
2780 2697 2945 2776 πὲρας
2981 2698 3082 2753 τοῦ
3140 2696 3414 2771 παρόντος
3462 2693 3634 2770 λόγου,
3674 2694 3719 2748 δν
3760 2690 3847 2747 uti

2311 2793 2535 2866 δύναμιν
2568 2791 2706 2864 ἐμήν
2762 2790 3101 2866 γεγράφηκα,
3156 2786 3337 2848 καθὼς
3392 2787 3591 2855 ἀκήκοα
3639 2782 3751 2857 napi
3780 2786 3846 2833 τῶν

2313 2879 2557 2958 ἆψευδῶς
2591 2877 3055 2955 παραδεδωκότων
3091 2897 3185 2950 μοι
3214 2875 3420 2949 τιμίων
3453 2873 3659 2947 ἀνδρῶν.
3708 2873 3846 2927 Γὲνοιτι

2314 2970 2372 3027 δὲ
2401 2974 2569 3045 ἡμᾶς,
2600 2971 2729 3032 τοὺς
2762 2968 3229 3044 ἀναγινώσκοντάς
3272 2985 3333 3020 τε
3380 2962 3470 3019 καὶ
3517 2961 3761 3021 ἀκούοντας
3792 2962 3849 3026 τήν

2313 3058 2621 3137 ψυχωφελῆ
2656 3056 2915 3132 διήγησιν
2948 3054 3174 3125 ταύτην,
3229 3061 3337 3123 τῆς
3400 3050 3609 3126 μερίδος
3650 3052 3851 3121 ἀξιωθῆηι

559 3182 679 3221 sua:
702 3165 964 3220 rationes
985 3166 1401 3236 probaverunt,
1417 3185 1522 3238 per
1543 3167 1839 3222 orationes
1853 3171 1910 3220 et
1927 3166 2195 3219 interces-

2313 3156 2421 3207 τῶν
2477 3145 2945 3221 εὐαρεπησάντων
2993 3145 3073 3216 τῷ
3136 3144 3328 3219 Κυρίῳ
3402 3142 3585 3217 εὐχαῖς
3644 3139 3715 3193 καὶ
3769 3156 3851 3210 τρε-

2355 3236 2380 3246 Α
2421 3243 2430 3246 -
2555 3240 2590 3246 Α
2672 3236 2688 3246 ι
2762 3239 2771 3246 .
3009 3233 3022 3246 ι
3056 3234 3094 3246 ο.
3166 3233 3175 3246 ι
3361 3236 3388 3246 -ρ
3657 3230 3668 3246 1
3806 3223 3846 3246 αὶ

559 3256 757 3311 siones
783 3254 1090 3309 beatorum
1123 3256 1384 3311 virorum
1418 3257 1685 3312 Barlaam
1719 3262 1777 3311 et
1805 3256 2103 3326 Josapliat,
2130 3254 2201 3308 de

557 3344 774 3417 quibus
794 3345 919 3400 haac
934 3345 1183 3400 historia
1201 3352 1477 3402 contexta
1490 3352 1579 3401 est
1604 3347 1661 3401 in
1682 3346 1910 3400 Christo
1934 3346 2068 3399 Jesu
2092 3345 2203 3397 Do-

555 3436 720 3491 mino
743 3439 968 3502 nostro,
990 3452 1167 3506 quem
1191 3435 1361 3491 decet
1382 3437 1594 3503 honor,
1618 3435 1957 3507 imperium,
1979 3435 2201 3505 majes-

558 3529 647 3579 tas
670 3528 729 3579 et
746 3523 1206 3597 magniﬁcentia,
1250 3542 1385 3580 cum
1425 3527 1596 3581 Patre
1636 3530 1694 3579 ct
1719 3524 1938 3596 Spiritu
1972 3528 2199 3591 sancto,

556 3630 717 3669 nunc
747 3618 807 3668 et
836 3631 1072 3686 semper
1097 3614 1158 3669 in
1184 3615 1400 3671 saecula
1431 3615 1811 3671 saaculorum.
1844 3615 2053 3669 Amen.

655 3881 741 3955 ξε)
769 3881 935 3955 (ξοηίί.
968 3900 1026 3955 p.
1062 3884 1185 3952 321,
1217 3899 1276 3938 n.
1309 3885 1397 3937 85.

655 3807 744 3880 34)
776 3809 842 3864 ln
869 3829 976 3863 των
1005 3809 1207 3866 deficit
1233 3812 1302 3880 A,
1333 3810 1535 3867 avulso
1568 3809 1784 3866 ultimo
1813 3807 1975 3863 folio.

632 3808 745 4025 filii
776 3809 842 3864 ln
869 3829 976 3863 των
1005 3809 1180 3866 deﬁci

655 3882 721 3933 :5
769 3881 935 3937 Conf.
968 3900 1026 3955 p.
1062 3884 1184 3952 321,

632 3950 723 4025 (36
773 3953 940 4009 Conf.
968 3971 1027 4027 p.
1062 3955 1184 4009 305.

2316 3236 2521 3303 σϐείαις
2555 3236 2824 3312 Βαρλαάμ
2848 3255 2907 3290 τε
2934 3233 3025 3289 καὶ
3056 3233 3289 3309 Ἰωάσαφ
3318 3236 3430 3286 τῶν
3490 3230 3743 3303 μακαρίων,
3774 3223 3846 3298 περί

2312 3335 2384 3387 ὧν
2417 3334 2451 3402 ἡ
2487 3330 2759 3403 διήγησις,
2794 3326 2846 3382 ἐν
2905 3328 3123 3399 Χριστῷ
3168 3326 3355 3393 Ἰησοῦ
3403 3327 3481 3393 τῷ
3527 3319 3689 3395 Κυρίῳ
3730 3319 3849 3385 ἡμῶν,

2310 3424 2355 3495 ᾦ
2384 3417 2578 3495 πρέπει
2608 3418 2768 3492 τιμὴ,
2800 3418 3025 3491 κράτος,
3073 3411 3433 3489 μεγαλωσύνη
3463 3432 3521 3466 τε
3571 3409 3650 3464 καὶ
3690 3403 3849 3481 μεγαλο-

2309 3511 2558 3586 πρέπεια,
2594 3507 2686 3563 σὺν
2716 3511 2796 3580 τῷ
2838 3506 3011 3579 lla-cpi
3062 3504 3154 3557 καὶ
3209 3506 3292 3573 τῷ
3348 3502 3486 3575 ἁγίῳ
3539 3497 3761 3570 Πνεύμπτι
3794 3496 3849 3543 vii

2382 3604 2396 3623 κ
2439 3601 2453 3621 ν
2495 3600 2509 3619 \
2638 3598 2651 3615 ι
2715 3597 2763 3650 γ,
2858 3594 2871 3612 ε
2988 3595 3041 3613 v-
3219 3597 3247 3607 -
3367 3591 3422 3647 ἓν
3587 3591 3637 3643 «Δ
3685 3589 3709 3639 ⁷(

2308 3624 2397 3659 και
2430 3622 2533 3672 αει,
2565 3621 2655 3655 και
2687 3619 2710 3652 ε
2740 3636 2762 3659 ι,
2791 3617 2916 3658 τους
2950 3614 3150 3655 αιωνας
3181 3613 3291 3647 των
3327 3614 3360 3647 α
3389 3612 3559 3647 ωνων.
3647 3609 3681 3661 μ
3713 3608 3749 3642 ν.
