4040 6204
637 691 1004 786 NOTZE
1068 691 1232 783 AD
1302 685 1689 783 VITAM
1760 685 2335 780 BARLAAM
2402 686 2556 781 ET
2620 685 3206 781 JOASAPH.

1743 971 2117 987 ἡ

291 1225 452 1281 474
502 1227 639 1298 Pag.
691 1229 743 1295 1,
797 1229 849 1280 5.
901 1226 1241 1282 Formulam
1306 1225 1485 1287 καθὼς
1540 1223 1867 1303 γέγραπται,

2002 1235 2108 1292 ιιᾶς
2130 1233 2236 1284 τῶν
2259 1229 2672 1303 ἡμερῶν,ᾳοοᾶ
2693 1229 2909 1302 legitur
2928 1230 3117 1300 p.104,
3142 1242 3431 1299 reponere
3454 1226 3551 1297 μιᾷ
3570 1243 3622 1278 τ.

221 1331 341 1386 qua
366 1314 681 1385 aliquoties
711 1315 899 1369 utitur
926 1321 1151 1386 auctor,
1185 1315 1392 1371 debuit
1435 1315 1637 1371 forsan
1669 1316 1874 1389 Paulo,

220 1402 384 1475 apud
411 1420 589 1475 quem
620 1403 900 1475 smpicule
930 1404 1145 1477 legitur
1170 1421 1183 1460 :
1207 1405 1362 1460 conf.
1390 1405 1572 1477 Epist.
1598 1404 1672 1459 ad
1703 1406 1872 1462 Rom.

216 1509 342 1547 VIII.
377 1494 481 1560 36;
517 1510 592 1561 ιχ,
627 1494 732 1559 33;
767 1493 788 1547 Ι
821 1494 951 1549 Cor.
984 1510 1027 1563 ι,
1066 1495 1154 1549 31.

293 1584 429 1654 Pag.
464 1584 516 1650 3,
554 1586 603 1637 1.
641 1580 783 1637 Vide
816 1582 1067 1653 Praaloq.

290 1673 426 1743 Pag.
478 1673 535 1741 4,
594 1675 647 1727 2.
709 1673 790 1727 De
847 1669 1139 1744 οἷ’κονομίᾳ
1197 1673 1347 1728 adde
1408 1674 1594 1729 Baluz.
1628 1673 1701 1730 ad
1756 1675 1876 1729 Lu-

208 1779 361 1834 pum
409 1781 466 1835 p.
514 1765 657 1831 474;
710 1764 1044 1819 Zimmerm.
1096 1765 1347 1821 Analect.
1403 1784 1461 1838 p.
1518 1769 1726 1833 10,14,
1762 1771 1874 1821 etc.

297 1855 432 1925 Pag.
466 1856 519 1919 5,
554 1856 641 1907 11.
686 1854 942 1908 Joannes
986 1854 1261 1909 Antioch.
1297 1856 1359 1909 in
1401 1856 1659 1911 Monum.
1691 1854 1874 1909 Cotel.

213 1948 263 1999 ι.
301 1945 344 2010 Ι,
376 1960 433 2014 p.
474 1944 611 1998 164ζ
644 1940 739 1995 Ἐκ
790 1948 890 2010 τῆς
948 1940 1232 2015 Αἰγύπτου
1283 1940 1521 2015 μάλιστα
1547 1947 1644 1997 τοῦ
1677 1943 1878 2016 ἀγαθοῦ

207 2028 415 2083 τούτου
444 2030 969 2102 (monasteriorum
1027 2032 1443 2105 institutionis)
1499 2031 1877 2108 ἀπαρξαμένου

210 2119 310 2173 καὶ
369 2122 652 2193 πανταχοῦ
709 2124 808 2188 τῆς
884 2116 1213 2192 οἳκουμένης
1277 2115 1638 2189 διαδοθέντος,
1694 2121 1878 2183 καθώς

211 2230 383 2283 φησιν
418 2208 446 2263 6
480 2208 645 2282 μέγας
680 2206 1023 2271 Ἀθανάσιος.

287 2301 424 2371 Pag.
484 2301 538 2365 9,
600 2303 650 2353 1.
706 2299 1088 2355 Proverbium
1144 2297 1316 2354 πάντα
1371 2303 1534 2353 κινεῖν
1584 2297 1735 2354 λίθον
1767 2300 1875 2356 ha-

210 2389 320 2443 bet
359 2388 627 2443 Julianus
673 2388 847 2459 epist.
907 2392 996 2455 52,
1057 2388 1157 2443 ubi
1218 2389 1331 2445 vid.
1386 2389 1619 2461 Heyler.
1653 2408 1711 2462 p.
1747 2392 1875 2447 409.

212 2478 327 2532 Cui
351 2477 615 2549 epistolm
646 2476 839 2532 obiter
857 2477 1133 2549 prodero.
1159 2477 1410 2534 Exhibet
1431 2478 1611 2533 editio
1643 2496 1701 2549 p.
1732 2482 1832 2533 100
1858 2493 1875 2535 :

1980 1322 2039 1388 ἡ.
2064 1322 2178 1376 Nec
2203 1320 2379 1376 aliter
2397 1338 2455 1391 p.
2498 1321 2622 1386 278,
2665 1322 2763 1390 μιᾷ
2803 1314 2860 1371 δὲ
2897 1320 3006 1371 τῶν
3046 1318 3195 1374 475
3238 1317 3466 1371 νυκτῶν.
3498 1315 3624 1369 An-

1980 1408 2302 1481 dre0pulus
2335 1408 2405 1463 de
2438 1408 2682 1480 Syntipa
2711 1426 2769 1479 p.
2804 1409 2908 1461 74ε
2942 1405 3028 1461 ’Ev
3065 1409 3164 1477 μιᾷ
3182 1408 3290 1459 τῶν
3313 1405 3628 1477 ἡμερῶν,θι

1980 1516 2037 1570 p.
2069 1500 2179 1553 74:
2212 1501 2322 1567 Μιᾷ
2366 1500 2493 1571 γοῦν
2533 1500 2640 1549 τῶν
2698 1496 2946 1570 ἡμερῶν.
2998 1497 3136 1561 Qua:
3167 1495 3283 1550 duo
3317 1494 3449 1550 loca
3479 1510 3625 1565 pro-

1979 1586 2126 1655 fero,
2159 1604 2281 1642 non
2311 1592 2431 1641 tam
2461 1591 2704 1657 propter
2728 1586 2877 1656 ipsa,
2925 1601 3103 1656 quam
3134 1583 3418 1639 monendi
3449 1597 3628 1637 causa

1982 1678 2384 1732 narrationem
2415 1675 2488 1730 de
2518 1674 2831 1741 columbis,
2868 1674 2968 1745 qui
3003 1674 3225 1740 insunt,
3260 1689 3389 1727 esse
3421 1672 3628 1726 confe-

1980 1766 2228 1822 rendam
2259 1782 2395 1822 cum
2427 1765 2609 1821 simili
2659 1764 2951 1819 Simeonis
3009 1763 3169 1818 Sethi
3225 1762 3446 1828 fabula,
3478 1760 3623 1815 ibib.

1980 1874 2038 1928 p.
2073 1858 2195 1910 392.

2052 1947 2188 2018 Pag.
2223 1946 2311 2013 32,
2347 1948 2432 2001 19.
2465 1944 2547 1999 cr.
2590 1960 2648 2015 p.
2691 1942 2815 1999 39L

2051 2038 2188 2107 Pag.
2218 2036 2307 2104 33,
2339 2034 2427 2090 21.
2460 2033 2549 2088 Ad
2579 2031 2755 2087 verba
2799 2033 2961 2084 τοῦτο
3000 2027 3281 2105 πρόκειται
3314 2034 3404 2085 est
3431 2028 3631 2102 glossa

1981 2125 2155 2179 inA:
2189 2122 2273 2191 ἦτ’
2314 2120 2376 2176 τὸ
2425 2121 2742 2196 γηράσκειν.
2810 2122 2911 2176 Est
2966 2120 3160 2192 prima
3214 2137 3323 2176 vox
3378 2117 3628 2191 legenda

1981 2212 2129 2282 ἢτοι.
2190 2214 2401 2267 Notum
2455 2210 2749 2266 adverbiis
2823 2205 3014 2282 ἤγουν,
3075 2204 3225 2277 ⁴ἤτοι,
3284 2205 3479 2276 εἴτουν,
3542 2205 3629 2262 uti

1983 2301 2401 2374 grammaticos
2433 2298 2849 2371 explicationis
2892 2314 3092 2353 causa.
3126 2297 3233 2362 Qui
3265 2312 3457 2368 nuper
3486 2294 3632 2350 alle—

1984 2391 2142 2464 gavit
2198 2390 2417 2446 alicubi
2473 2388 2765 2445 Eustathii
2823 2387 3020 2456 verba,
3071 2384 3139 2440 τὰ
3186 2383 3402 2462 λάφυρα
3454 2380 3630 2440 εἴτουν

1984 2480 2179 2547 σκῦλα,
2211 2482 2297 2535 vir
2327 2481 2383 2536 d.
2436 2480 2711 2551 ascripsit
2738 2495 2751 2533 :
2800 2496 2955 2535 corr.
3006 2477 3197 2551 ἤγουν.
3232 2476 3324 2533 Nil
3354 2477 3631 2549 corrigat.

213 2562 444 2635 ’Ἐδοξεν
476 2565 567 2619 οὗ)
621 2584 716 2639 μοι
762 2570 891 2620 πᾶσι
944 2571 1061 2626 τοῖς
1119 2563 1322 2637 δήμοις
1357 2571 1753 2642 προαγορεῦσαι
1787 2562 1876 2621 διὰ

2002 2570 2527 2641 ῗιιεᾳιιθηὶὶεεὶωιιε
2550 2574 2639 2624 est
2658 2568 3102 2640 conjunctionis
3124 2562 3296 2620 εἵτουν
3316 2584 3459 2623 usus
3476 2563 3633 2637 apud

214 2650 383 2709 τοῦδε
455 2651 839 2729 διατάγματος.
907 2655 1103 2711 Codex
1168 2658 1347 2712 29643
1416 2652 1465 2714 δ.
1543 2652 1704 2710 τοῦδε
1777 2660 1877 2711 τοῦ

2002 2660 2360 2717 scholiastas.
2398 2659 2537 2713 Vide
2569 2660 2723 2713 Bast.
2758 2658 2818 2711 in
2847 2659 2991 2728 Epp.
3025 2657 3242 2711 Pariss.
3273 2673 3332 2727 p.
3361 2657 3452 2711 56.

221 2740 391 2814 διατ.,
423 2745 656 2800 melius.
691 2745 839 2800 Ibid.
874 2746 935 2801 B.
973 2749 1059 2814 15,
1105 2746 1167 2811 C,
1219 2742 1778 2819 τεταλαιπωρημένον
1808 2748 1877 2820 τῇ

218 2833 462 2907 σκληρᾷ.
529 2835 770 2890 Praatuli
835 2835 1047 2890 merito
1110 2835 1592 2909 τεταριχευμένον,
1658 2842 1879 2908 quanto

216 2924 473 2979 vividius
504 2928 562 2977 et
590 2923 778 2996 magis
819 2922 1189 2995 graphicum.
1236 2924 1401 2979 Nilus
1432 2923 1617 2995 Epist.
1651 2942 1687 2993 ι,
1716 2943 1772 2997 p.
1808 2929 1880 2982 3:

214 3014 315 3084 Τῷ
344 3012 446 3087 γὰρ
501 3016 688 3084 νοητῷ
744 3010 914 3084 ἐλαίῳ
959 3015 1055 3065 τοῦ
1113 3010 1423 3087 κρείττονος
1468 3014 1818 3083 πιανθήσεται
1852 3013 1881 3069 6

219 3101 535 3174 ἀγωνιστὴς
595 3097 903 3173 ἅνθρωπος,
962 3101 990 3155 6
1047 3099 1109 3155 τὸ
1165 3101 1293 3173 πρὶν
1348 3100 1742 3171 καταπονηθεῗς
1782 3103 1872 3158 καὶ

212 3187 677 3266 τεταριχευμένος
732 3194 801 3263 τῇ
853 3189 1144 3261 ἐνοχλήσει
1188 3194 1288 3256 τῆς
1334 3189 1723 3253 πολυπαθείας.
1794 3195 1884 3250 Ad

223 3283 389 3354 quod
421 3282 706 3337 Possinus
762 3280 1094 3347 offendens,
1158 3288 1428 3337 autumat
1474 3283 1659 3338 fuisse
1690 3301 1725 3339 a
1753 3284 1882 3340 Nilo

223 3372 519 3443 scriptum
564 3369 1003 3445 τετρυχωμένος.
1055 3370 1166 3425 Sed
1208 3371 1405 3442 ipsum
1436 3388 1565 3442 quae
1599 3374 1886 3443 praecedit

226 3460 424 3517 ἐλαίου
463 3463 811 3534 metaphora
841 3462 1098 3517 retinere
1125 3466 1376 3533 poterat.
1410 3462 1576 3518 Nilus
1598 3464 1883 3534 epist.&6:

224 3554 386 3610 Μετὰ
432 3553 495 3607 τὸ
544 3549 672 3627 ἄγαν
717 3552 1045 3625 ξηρανθῆναι
1095 3551 1159 3605 τὸ
1205 3554 1365 3623 σῶμα
1404 3553 1474 3623 τῇ
1503 3554 1746 3625 νηστείᾳ.
1780 3560 1885 3611 Ρο-

220 3642 445 3698 tuisset
477 3648 534 3697 et
563 3642 659 3697 hic
706 3642 872 3697 Nilus
924 3640 1203 3711 scribere,
1252 3644 1685 3715 τεταριχεῦσθαι.
1732 3642 1885 3701 Ibid.

224 3750 289 3787 n.
344 3734 434 3786 29.
486 3730 800 3803 Displicuit
843 3726 1201 3801 ἐκλεξάμενον
1254 3729 1328 3784 ob
1358 3747 1606 3801 pravum
1639 3731 1762 3786 toni
1795 3731 1887 3786 lo-

225 3837 391 3877 cum.
442 3820 681 3876 Simeon
734 3818 897 3875 Sethi
940 3818 1186 3887 Ichnel.,
1236 3836 1296 3891 p.
1347 3821 1489 3875 362:
1531 3822 1670 3881 Νοῦς
1702 3818 1756 3874 ἐν
1791 3840 1886 3894 μι-

230 3909 455 3986 ρίμναις
485 3914 586 3978 σῆς
638 3903 931 3984 βιϐρώσων
982 3902 1160 3963 ὅστεα.
1210 3909 1490 3980 Repono:
1543 3908 1643 3977 σής
1678 3902 1885 3983 βιϐρώ-

224 4020 379 4053 σκων
410 3998 590 4057 ὀστέα.

303 4092 443 4161 Pag.
506 4094 592 4157 12,
656 4092 739 4145 19.
789 4087 977 4145 Scrib.
1026 4084 1161 4141 καθά
1206 4106 1337 4141 που.
1389 4088 1451 4159 C,
1500 4084 1765 4164 καθάπερ.
1798 4089 1892 4146 Sic

224 4196 366 4254 pag.
400 4181 525 4248 340,
557 4180 625 4234 23
656 4195 763 4252 pro
812 4173 952 4231 καθά
1008 4196 1115 4231 που
1170 4175 1261 4230 καὶ
1317 4174 1467 4251 περὶ,
1522 4178 1584 4246 C,
1644 4178 1883 4253 καθάπερ

227 4263 385 4337 περί.

309 4358 449 4429 Pag.
483 4357 571 4427 16,
630 4360 681 4411 1.
729 4353 1092 4426 TheOphilus
1148 4353 1315 4409 Alex.
1376 4354 1669 4410 Homilia:
1721 4355 1892 4426 Cujus

229 4449 321 4505 rei
352 4446 510 4502 homo
540 4444 754 4513 similis,
786 4462 845 4516 p.
879 4444 983 4501 i4:
1035 4436 1225 4503 ’Όλως
1271 4439 1370 4516 γὰρ
1413 4442 1441 4496 6
1488 4440 1697 4515 κόσμος
1734 4440 1786 4498 ἐν
1811 4446 1892 4515 τῷ

229 4538 466 4607 πονηρῷ
490 4537 687 4591 κεῖται.
719 4531 1027 4589 Consentit
1059 4532 1120 4588 in
1151 4528 1297 4593 ὅλως
1330 4531 1515 4588 codex
1554 4536 1711 4589 1013.

313 4630 453 4699 Pag.
506 4628 594 4697 18,
659 4628 745 4680 11.
804 4623 897 4678 AC
954 4622 1128 4695 (nihil
1175 4639 1245 4678 ex
1290 4623 1331 4677 Β
1384 4622 1662 4695 enotavi),
1694 4620 1895 4699 εὐμορ-

234 4718 514 4794 φώτατος.
548 4714 639 4770 Sic
669 4731 727 4786 p.
766 4716 833 4768 27
876 4752 891 4780 ,
916 4714 948 4766 8
969 4712 1061 4768 AC
1092 4709 1516 4789 εὐμορφωτάτη.
1548 4713 1727 4767 Error
1749 4712 1894 4768 olim

234 4808 404 4865 idem
434 4806 498 4862 in
528 4820 598 4861 ea
624 4819 764 4860 voce
794 4800 952 4874 apud
981 4800 1273 4856 Achillem
1303 4801 1425 4856 Tat.
1470 4800 1731 4856 exstitit:
1763 4800 1894 4856 vide

236 4896 474 4955 Jacobs.
502 4912 561 4967 p.
594 4896 719 4949 836.

309 4989 449 5059 Pag.
490 4988 580 5053 21,
630 4988 683 5039 2.
734 4984 816 5038 De
860 4977 1005 5036 οὕτω
1054 4973 1264 5053 συμϐὰν
1313 4978 1464 5036 adde
1496 4982 1621 5035 not.
1656 4978 1730 5035 ad
1760 4978 1894 5034 Ari-

234 5083 414 5135 stan.
446 5092 506 5149 p.
528 5075 654 5129 736.

308 5169 448 5238 Pag.
481 5168 571 5233 22,
624 5166 708 5219 10.
765 5162 1067 5219 Glossator
1122 5159 1184 5215 in
1242 5160 1290 5215 A
1348 5158 1627 5231 ascripsit
1681 5154 1892 5233 στίχος.

229 5256 437 5313 Verba
463 5254 712 5321 scilicet,
759 5247 959 5326 ἄνθρ...
1015 5248 1302 5326 ῥημάτων,
1337 5265 1573 5305 versum
1626 5247 1897 5304 efﬁciunt

228 5345 550 5422 politicum
586 5338 1133 5413 dodecasyllabum,
1163 5336 1294 5393 vide
1325 5353 1384 5409 p.
1418 5338 1542 5392 363.

308 5437 450 5508 Pag.
482 5435 573 5502 24,
609 5434 657 5488 1.
689 5428 856 5486 Conf.
889 5446 948 5501 p.
979 5430 1101 5483 187.

309 5528 451 5597 Pag.
481 5525 573 5593 27,
604 5524 657 5577 7.
690 5518 858 5575 Conf.
890 5535 949 5591 p.
981 5520 1108 5573 297.

309 5617 450 5684 Pag.
484 5614 571 5667 31.
604 5611 859 5683 Symeon
914 5606 1079 5663 Sethi
1131 5605 1204 5662 de
1254 5605 1478 5661 Ichnel.
1510 5621 1569 5676 p.
1601 5605 1739 5660 206:
1772 5606 1888 5674 Μιᾷ

229 5709 346 5766 τῶν
377 5704 625 5779 ἡμερῶν.
656 5701 728 5756 Et
768 5699 855 5756 sic
900 5714 996 5771 pp.
1050 5698 1176 5768 316,
1221 5699 1346 5756 382.
1379 5695 1517 5753 lnde
1546 5693 1746 5767 velim,
1778 5710 1885 5766 pro

2059 2751 2197 2821 Pag.
2230 2750 2318 2805 38.
2352 2750 2431 2803 De
2458 2746 2714 2802 formula
2740 2742 2963 2817 εἰρήνην
2991 2739 3177 2797 δοῦναι
3207 2743 3355 2799 adde
3384 2743 3638 2798 Tollium

1990 2838 2213 2911 lnsign.
2248 2838 2380 2893 itin.
2412 2854 2469 2908 p.
2507 2839 2605 2890 159
2635 2852 2649 2904 ;
2686 2833 2965 2889 Valcken.
3000 2832 3193 2888 Schol.
3218 2832 3282 2888 in
3313 2833 3378 2888 N.
3402 2833 3463 2887 T.
3495 2836 3536 2886 t.
3565 2833 3637 2900 Il,

1990 2944 2047 2999 p.
2082 2930 2168 2981 17.

2062 3020 2197 3090 Pag.
2230 3019 2322 3085 40,
2353 3020 2405 3072 2.
2440 3016 2605 3071 Conf.
2633 3034 2689 3087 p.
2717 3016 2840 3082 346,
2872 3030 2933 3069 n.
2968 3015 3020 3071 3.

2062 3110 2197 3179 Pag.
2230 3108 2321 3175 46,
2357 3110 2404 3161 1.
2438 3106 2737 3161 Recitatur
2765 3104 2890 3159 haec
2921 3101 3239 3169 sententia,
3262 3117 3373 3157 nec
3399 3099 3526 3155 sine
3548 3115 3638 3154 va-

1992 3198 2225 3267 rietate,
2256 3214 2291 3253 a
2320 3196 2603 3251 Michaele
2638 3196 2815 3267 Glyca
2845 3194 3017 3265 epist.
3050 3196 3104 3261 2,
3136 3210 3194 3263 p.
3227 3195 3368 3259 210;
3400 3190 3461 3246 Ὀ
3492 3186 3638 3242 θειό-

1992 3306 2149 3347 τατος
2214 3284 2480 3360 Βαρλααμ
2534 3282 2675 3338 οὕτω
2744 3282 2879 3358 πρὸς
2945 3280 3173 3357 Ἰωάσαφ
3238 3276 3415 3354 ἔλεγε·
3476 3302 3503 3329 ι(
3535 3277 3635 3331 Τὸν

1994 3373 2323 3447 [ἄνθρωπον]
2373 3373 2465 3427 ἀπ’
2516 3371 2699 3447 ἀρχῆς
2745 3369 3182 3441 αὐτεξουσιότητι
3233 3367 3323 3422 καὶ
3376 3365 3637 3438 ἀθανασίᾳ

1989 3464 2227 3536 τιμήσας
2265 3459 2491 3539 βασιλέα
2538 3460 2751 3515 πάντων
2805 3463 2915 3514 τῶν
2962 3457 3186 3532 ἐπιγίων
3226 3457 3571 3526 κατὲστησεν.
3606 3478 3637 3507 ››

1993 3553 2157 3609 Conf.
2216 3553 2359 3608 ibid.
2416 3570 2472 3625 p.
2539 3552 2661 3607 127.
2695 3583 2760 3593 -
2791 3554 2844 3607 5.
2894 3549 3148 3621 Cyrillus
3200 3548 3435 3603 Catech.
3470 3564 3529 3619 p.
3562 3549 3637 3601 6:

1995 3641 2220 3718 ’Δγαθὸς
2249 3640 2697 3701 κατασκευασθεὶς
2757 3632 3020 3699 διάϐολος
3073 3636 3287 3712 γέγονεν
3338 3633 3389 3707 ἐξ
3436 3632 3640 3696 οἱκείας

1990 3732 2382 3805 προαιρέσεως,
2415 3728 2471 3784 ἐκ
2519 3735 2619 3799 τῆς
2675 3727 2921 3803 πράξεως
2974 3721 3159 3780 λαϐὼν
3191 3722 3639 3801 προσηγορίαν...

1994 3853 2062 3862 -
2091 3820 2238 3876 Ibid.
2272 3823 2373 3875 Est
2403 3816 2504 3894 δρᾷ
2533 3824 2634 3887 τῆς
2662 3823 2720 3874 et
2747 3818 2809 3873 in
2844 3816 2975 3873 cod.
3006 3819 3133 3876 400.

2070 3913 2207 3984 Pag.
2258 3912 2349 3982 47,
2398 3912 2484 3965 10.
2539 3906 3017 3965 Pseudo—Abdias
3064 3922 3161 3975 vn,
3192 3908 3263 3962 6:
3296 3928 3323 3956 «
3357 3903 3640 3979 Angelus,

2001 4000 2100 4073 qui
2133 4017 2204 4057 ex
2235 4017 2298 4056 se
2320 3998 2592 4071 concepit
2612 3998 2917 4065 invidiam,
2940 4012 3048 4068 per
3067 3995 3394 4067 potentiam
3417 3993 3648 4073 angeli-7

1996 4069 2128 4138 cam
2160 4069 2852 4153 serpentem—ingressus.
2890 4099 2920 4127 »
2976 4105 3046 4117 -—-
3103 4077 3169 4130 N.
3206 4078 3256 4129 1.
3296 4076 3409 4129 Pro
3440 4069 3643 4153 6’61)?

1998 4167 2088 4219 est
2117 4150 2351 4217 Εὕαν-111
2404 4159 2534 4219 cod.
2594 4150 2736 4227 £00;
2797 4154 2955 4229 quod
3002 4159 3090 4210 est
3116 4153 3351 4210 facilius
3376 4150 3641 4224 quidem,

1999 4253 2103 4310 sed
2133 4270 2253 4309 non
2284 4251 2521 4308 melius.

2069 4344 2206 4414 Pag.
2232 4343 2322 4407 48,
2355 4357 2414 4395 n.
2449 4342 2502 4395 2.
2535 4337 2718 4393 Scrib.
2748 4335 2945 4409 potius
2965 4354 3107 4395 πως.

2068 4434 2204 4503 Pag.
2235 4431 2327 4499 53,
2358 4446 2419 4484 n.
2452 4432 2506 4483 2.
2538 4428 2621 4483 De
2643 4426 2871 4499 junctis
2900 4423 3151 4497 σημείοις
3181 4421 3273 4476 καὶ
3301 4420 3485 4496 τέρασι
3510 4417 3641 4475 vide

1998 4520 2223 4576 Albert.
2250 4518 2325 4575 ad
2354 4519 2609 4575 Glossar.
2642 4533 2771 4590 pag.
2808 4518 2929 4573 115.

2071 4613 2207 4684 Pag.
2240 4613 2328 4665 56.
2360 4611 2464 4665 Est
2490 4604 2786 4678 ἠδικῆσθαι
2816 4606 2879 4663 in
2908 4605 3137 4662 Libanii
3177 4605 3378 4662 codice
3410 4605 3568 4659 3017.

2071 4702 2207 4773 Pag.
2240 4702 2329 4769 63,
2362 4715 2424 4755 n.
2456 4702 2510 4755 6.
2542 4697 2707 4755 Conf.
2739 4714 2799 4769 p.
2830 4700 2955 4767 229,
2987 4713 3049 4752 n.
3081 4697 3137 4755 6.

2072 4792 2209 4863 Pag.
2243 4792 2333 4860 65,
2364 4808 2423 4846 n.
2458 4792 2511 4845 5.
2545 4788 2709 4844 Nilus
2740 4785 2912 4859 epist.
2969 4787 3109 4841 13οε
3153 4783 3469 4860 Ἀναγκαῖον
3504 4778 3642 4837 εῐδὲ-

1998 4898 2086 4933 ναι
2145 4876 2229 4932 ὅτι
2290 4877 2515 4952 μέλλεις
2573 4877 2780 4952 βήματι
2838 4872 3161 4950 παρίσασθαι
3219 4867 3464 4951 φοϐερῷ,
3521 4866 3646 4925 ἔνθα

2001 4967 2183 5032 οὐδεὶς
2268 4972 2566 5049 ιαφανεῖται
2613 4964 2917 5040 ἐπικουρῶν
2972 4984 3055 5019 σοι
3087 4964 3123 5033 ἢ
3156 4960 3424 5034 ἐξελισθαι
3486 4957 3647 5049 δυνάτ-

2005 5082 2171 5135 μενος
2202 5073 2300 5131 της
2332 5046 2517 5134 χειρὸς
2570 5059 2668 5112 τοῦ
2728 5052 3061 5124 δικάζοντος·
3114 5050 3238 5118 ἔνθα
3278 5049 3526 5122 δεινότης
3551 5046 3642 5105 καὶ

2000 5148 2296 5229 εὔστροφία
2326 5146 2511 5223 λόγων
2542 5143 2633 5201 καί
2673 5143 2930 5220 γλώττης
2978 5139 3132 5199 οὐδὲν
3169 5141 3452 5204 παντελῶς
3482 5138 3643 5216 ἲσχύ-

1999 5263 2087 5297 σαι
2120 5238 2471 5310 δυνήσεται...

1922 5337 1970 5403 D
2072 5335 2210 5404 Pag.
2242 5334 2331 5386 76.
2363 5330 2465 5385 Est
2492 5331 2551 5384 et
2578 5326 2735 5400 apud
2768 5326 2877 5383 Isa.
2927 5344 2984 5395 x,
3044 5325 3130 5392 18,
3178 5322 3385 5402 φλογὸς
3414 5314 3644 5396 καιομέ-

1993 5441 2203 5583 νηῧαε.
2236 5512 2326 5577 91,
2360 5511 2447 5565 11.
2481 5505 2840 5577 Theophilus
2895 5502 3061 5559 Alex.
3115 5502 3333 5560 Homil.
3367 5502 3533 5573 Cujus
3558 5501 3642 5558 rei

1996 5604 2157 5659 homo
2185 5597 2405 5667 similis,
2456 5614 2513 5669 p.
2564 5597 2637 5651 3:
2695 5591 2817 5651 Ἐάν
2866 5591 2949 5656 τίς
3003 5612 3061 5657 σε
3116 5590 3405 5668 ἀγκαριύοι
3456 5589 3639 5663 μίλιον

1993 5687 2073 5765 ἔν,
2127 5687 2302 5767 ὕπαγε
2350 5683 2468 5744 δύο.
2524 5684 2666 5744 Cod.
2726 5686 2883 5755 1013,
2941 5680 3284 5761 ἀγκαρεύσει.
3332 5684 3637 5754 Reponam
