4044 6218
465 325 605 383 1248

1509 326 1719 381 NOTB
1755 325 1927 379 VITA
1962 323 2313 378 BABLAAM
2348 323 2443 376 ΕΤ
2476 320 2818 376 ΙΟΔΒΔΡΗ.

3679 314 3783 373 1211

464 452 737 529 ἀγγαρεύῃ
772 454 861 508 vel
892 451 1217 527 ἇγγαρεύσῃ.
1276 455 1355 509 De
1414 452 1708 523 scriptura
1756 470 1825 525 γκ
1875 466 1980 522 pro
2018 468 2104 524 γγ,

2231 441 2387 516 Βεινᾶ,
2446 441 2592 513 πλὴν
2657 440 2857 515 δίκαια,
2944 441 3139 517 Χριστὲ
3200 462 3321 514 μου·
3380 441 3622 515 [Πὲπονθα
3670 443 3784 496 471

467 544 556 615 egi
588 543 660 597 ad
692 542 976 597 Planudis
1006 544 1242 597 Metam.

533 638 667 703 Pag.
697 634 783 685 93.
820 633 899 685 De
929 632 1185 686 formula
1215 627 1317 684 οἶδ’
1364 629 1447 684 ὅτι
1501 629 1706 685 monui
1740 634 1797 684 et
1826 628 1898 683 ad
1929 627 2104 698 Soph.

464 721 819 793 Antigonam
852 739 902 775 γ.
934 722 1059 776 276.
1093 722 1279 787 Quam
1323 721 1588 777 fabulam
1642 734 1776 775 cum
1826 717 2111 789 praslege-

462 826 686 877 rem,ex
710 810 890 865 simili
918 812 1256 881 parenthesi
1280 810 1717 883 interpretahar
1739 808 2109 863 salebrosum

462 891 723 957 initium,
785 892 1143 947 Schmferum
1204 897 1440 947 secutus
1485 891 1659 945 Melet
1709 908 1764 961 p.
1815 891 1925 943 92:
1972 885 2110 959 (Ἆρ’

462 979 591 1033 οἶσθ’
623 979 705 1034 ’ὁτι
737 982 775 1051 ς)
808 978 932 1041 Ζεὺς
960 985 1066 1034 τῶν
1101 980 1192 1034 ἀπ’
1222 978 1453 1037 Οἱδίπου
1484 984 1736 1037 κακῶν...

534 1071 689 1125 476
717 1072 853 1142 Pag.
882 1072 971 1139 04,
1004 1075 1057 1126 9.
1090 1071 1173 1127 Cf.
1199 1089 1255 1142 p.
1293 1073 1507 1139 141,11.
1543 1075 1591 1125 1.

536 1158 668 1231 Pag.
702 1160 822 1224 101,
859 1160 942 1214 10.
976 1161 1160 1233 Epist.
1212 1161 1285 1215 ad
1340 1163 1507 1216 Rom.
1541 1177 1657 1227 vm,
1684 1160 1787 1213 17:
1823 1154 2111 1227 Κληρονὸ-

462 1267 558 1320 μοι
590 1247 684 1319 μὲν
708 1251 863 1304 Θεοῦ.
893 1248 1333 1324 συγ-κληρονόμοι
1368 1246 1424 1302 ’δὲ
1452 1250 1706 1322 Χριστοῦ.

536 1360 671 1428 Pag.
706 1360 827 1423 112,
852 1360 939 1411 22.
970 1358 1189 1413 Forsan
1212 1352 1517 1427 ἀναϐλέψας
1547 1351 1603 1408 δὲ
1625 1356 1747 1414 τοῖς
1778 1351 2109 1429 ὀφθαλμοῖς·

466 1446 531 1500 Ρ.
568 1448 690 1510 106,
726 1450 829 1499 17:
864 1447 924 1511 C,
985 1446 1230 1518 ψαλμοῖς
1276 1445 1365 1499 καὶ
1416 1443 1610 1517 ὕμνοις
1654 1438 2001 1515 ὁμοθυμαδὸν
2034 1444 2113 1512 τῷ

468 1532 648 1604 Κυρίῳ
676 1529 917 1603 ᾅδοντες.

538 1624 674 1695 Pag.
739 1626 861 1690 122,
926 1627 1010 1677 10.
1074 1624 1328 1696 Symeon
1388 1625 1547 1680 Sethi
1605 1623 1925 1694 Ichnel.p.
1967 1625 2111 1676 226:

462 1710 816 1783 Ἐδιωκόμην
848 1711 1015 1785 μέχρι
1046 1714 1141 1766 τοῦ
1196 1716 1289 1767 νῦν
1339 1712 1485 1784 παρᾶ
1528 1716 1635 1766 τῶν
1694 1712 1991 1786 θηρευτῶν,
2017 1708 2113 1763 τό·

464 1821 567 1855 πον
599 1798 658 1854 ἐκ
685 1799 855 1854 τόπου
887 1796 1208 1873 ἀμείϐουσα.

2215 532 2384 603 δεινὰ,
2416 533 2562 601 πλὴν
2594 532 2740 606 ἐμῶν
2772 529 2923 601 ἥττω
2951 535 3156 588 κακῶν.
3191 531 3325 604 [Οὐκ
3352 530 3457 585 ἔστι
3486 531 3635 597 ποινή
3656 528 3793 603 coal.

2220 626 2401 696 μάτων
2462 622 2606 694 ἐμῶν
2664 618 2780 692 ἴση.
2832 620 3102 695 [Δαῖμων,
3158 622 3337 690 νόσος,
3409 624 3650 694 μάχαιρα,
3695 622 3791 691 πῦρ,

2216 712 2393 785 λύμη,
2426 711 2640 781 σκότος,
2672 714 2992 787 [Μάστιγες,
3050 707 3254 786 ὕϐρεις,
3298 709 3482 783 λιμὸς,
3521 709 3792 784 ὲμπαιγμὸς,

2213 804 2413 877 γέλως,
2450 803 2547 876 [Τὰ
2578 802 2775 877 φρικτᾶ
2826 802 2999 857 πάντα
3053 809 3153 871 τῆς
3209 800 3404 857 ἐκεῖθεν
3442 800 3634 873 ἡμέρας
3662 799 3794 870 [Aita-

2214 892 2343 954 νίως
2398 890 2646 965 μένοντα,
2704 897 2809 967 πῦρ
2868 892 3047 969 φωτὸς
3106 888 3260 965 δίχα,
3320 889 3538 964 [Σκότος
3567 885 3796 965 φλογίζον,

2216 981 2518 1056 Τάρταρος,
2552 979 2794 1052 σκώληξ,
2846 980 3026 1049 πόνοι,
3080 982 3342 1050 [Ἂπαντα
3378 981 3540 1032 ταῦτα
3565 980 3660 1030 τῶν
3688 974 3795 1047 ἐμῶν

2217 1072 2367 1141 ¹ἢττω
2393 1075 2595 1126 κακῶν.
2658 1069 2874 1143 [Στήλῃ
2928 1069 3215 1145 γεγράφθω
3262 1071 3427 1122 ταῦτα
3461 1068 3613 1142 μέχρι
3637 1064 3799 1119 καὶτὲ-

2217 1156 2366 1215 λουε.
2395 1160 2613 1232 [Βοῶσα
2636 1161 2799 1231 (puto
2824 1158 3113 1215 excidisse
3139 1176 3375 1214 versum
3394 1157 3465 1213 de
3496 1157 3804 1212 tuba.Posset

2219 1250 2462 1321 quidem
2488 1249 2673 1325 βοῶσα
2698 1248 2770 1303 de
2795 1246 2972 1323 στήλῃ
2997 1247 3249 1321 intelligi
3275 1266 3289 1315 ;
3319 1248 3423 1303 sed
3456 1262 3685 1317 sequens
3704 1241 3805 1296 zz).-

2216 1339 2363 1392 πίσει
2422 1339 2629 1394 durius
2687 1356 2821 1393 cum
2883 1336 3059 1411 στήλῃ
3108 1336 3482 1410 jungeretur)
3529 1333 3688 1407 μακρᾶ
3711 1337 3804 1385 πᾶσι

2221 1428 2388 1502 μέχρι
2420 1428 2727 1501 τερμάτων,
2764 1425 2893 1499 [Κᾶν
2924 1431 3026 1480 πᾶν
3061 1426 3309 1500 παρέ).οῃ
3356 1429 3512 1479 τοῦτο
3545 1424 3679 1496 (cod.
3704 1442 3806 1497 παρ-

2220 1516 2394 1573 έλθοι.
2430 1521 2528 1572 Est
2560 1521 2662 1570 πᾶν
2693 1520 2854 1571 τοῦτο
2886 1517 3144 1573 mundus
3196 1517 3292 1573 hic
3327 1516 3809 1583 universus),u§u

2220 1605 2495 1675 σαλπίσει,
2557 1606 2662 1660 Καὶ
2717 1610 2833 1668 τοῖς
2894 1605 3068 1668 ἐκεῖθε
3123 1610 3307 1674 πᾶσιν,
3361 1604 3436 1665 ὡς
3492 1607 3639 1657 πᾶσιν
3685 1599 3809 1673 μόνος

2223 1695 2395 1769 [Νικῶ
2426 1700 2614 1757 κακοῖς
2647 1695 2872 1764 ἅπαντα,
2924 1695 3070 1763 πλὴν
3136 1698 3254 1763 σοῦ,
3302 1693 3501 1767 Χριστέ
3531 1713 3644 1765 μου.
3672 1691 3810 1748 Μόνον

2144 1808 2193 1873 Β
2228 1788 2419 1859 μενικᾷ
2450 1785 2539 1838 σὸν
2591 1783 2831 1859 πέλαγος
2881 1783 3195 1873 θαυμάτων,
3228 1783 3661 1873 [Εῦσπλαγχνίας
3690 1776 3812 1873 ἄϐυσο

539 1893 675 1963 Pag.
711 1894 830 1945 123.
868 1869 1051 1947 Locus
1083 1910 1202 1947 non
1235 1892 1464 1964 integer
1507 1898 1616 1950 est.
1649 1891 2117 1963 Trapezuntiana

2231 1897 2314 1937 σος
2344 1874 2406 1929 οὐ
2442 1874 2808 1949 μετρουμένη,
2842 1871 3069 1947 [Οῗκτων
3121 1873 3359 1945 ἀείρους,
3392 1870 3602 1947 δωρεῶν
3627 1869 3812 1944 ἀπειρία.

466 1981 658 2036 versio
691 1981 842 2036 nihil
866 1982 1127 2053 praasidii
1158 1982 1417 2051 exhibet,
1450 1983 1523 2037 ad
1553 1982 1837 2046 codicem,
1865 1987 1931 2036 ut
1958 1983 2121 2036 vide-

462 2069 585 2137 tur,
614 2070 888 2125 instituta
919 2088 1039 2126 non
1089 2070 1335 2126 bonum.
1387 2071 1499 2125 Sed
1548 2071 1756 2125 Billius
1788 2070 2119 2141 pleniorem

462 2158 694 2225 habuit,
756 2160 958 2229 sicque
1005 2162 1285 2215 vertit:...
1344 2161 1415 2215 les
1472 2161 1765 2215 chaussant
1820 2163 1854 2213 ἀ
1912 2160 2120 2229 [api-e-

460 2250 727 2318 paration
758 2249 823 2302 de
854 2249 1143 2318 l'c‘vangile
1169 2251 1234 2304 de
1258 2251 1401 2319 paizr
1423 2267 1441 2303 :
1471 2257 1521 2304 et
1547 2256 1782 2319 pariant
1803 2251 1865 2319 je
1895 2266 1978 2303 me
2007 2248 2119 2304 suis

464 2338 655 2391 estimé
677 2337 961 2391 miserable
985 2341 1018 2391 ὰ
1046 2354 1205 2392 cause
1252 2338 1317 2391 de
1360 2356 1487 2393 mon
1536 2356 1724 2393 eri'eur
1746 2338 2037 2408 precedent
2070 2343 2119 2391 et

468 2422 661 2479 lourde
690 2426 997 2496 ddception,
1032 2433 1081 2480 et
1114 2444 1197 2481 me
1217 2430 1327 2481 suis
1356 2427 1459 2482 mis
1482 2430 1516 2481 ἁ
1529 2429 1771 2498 prendre
1802 2434 1933 2481 cette
1962 2444 2115 2496 voye,

470 2513 707 2583 laquelle
736 2518 769 2569 ἁ
810 2514 911 2569 bon
943 2516 1120 2571 droict
1151 2516 1252 2584 φ”αἰ
1275 2523 1537 2587 prepose‘e
1582 2520 1615 2570 ἁ
1665 2524 1837 2572 toutes
1866 2518 2115 2573 choses...

464 2603 759 2672 Equidem
791 2603 1025 2659 codices
1083 2608 1209 2671 904,
1259 2608 1383 2673 905,
1444 2608 1568 2672 907,
1626 2606 1751 2673 908,
1798 2609 2117 2675 1126,1132

470 2691 724 2763 inspexi,
757 2709 891 2747 cum
940 2693 1036 2748 hic
1085 2693 1252 2750 locus
1304 2695 1468 2765 prelo
1518 2694 1957 2750 submittendus
1985 2694 2117 2763 fuit,

468 2781 857 2853 animumque
878 2781 1188 2838 verborum
1204 2783 1696 2840 incohzerentium
1710 2785 2118 2856 hiateshdver-

460 2870 558 2938 tit,
584 2869 689 2925 sed
740 2872 889 2926 meis
920 2873 1010 2928 AC
1068 2875 1511 2929 consentientes
1550 2892 1679 2930 esse
1735 2876 1967 2947 reperi;
1998 2876 2117 2931 nisi

464 2960 625 3031 quod
650 2961 711 3015 in
738 2962 1046 3016 nonnullis
1069 2979 1174 3033 pro
1201 2962 1417 3017 πάντων
1448 2970 1605 3020 esset
1626 2964 2117 3025 πάντως.Βοηιι[ῐι

463 3055 554 3105 est
581 3049 796 3103 πάντων
824 3068 836 3107 :
872 3069 929 3123 p.
967 3053 1087 3121 153,
1120 3055 1208 3123 46,
1250 3051 1466 3107 πάντων
1498 3052 1825 3128 προκρίνων.

2294 1970 2424 2038 Pag.
2464 1969 2585 2033 197,
2622 1969 2707 2019 10.
2741 1964 2907 2021 Conl‘.
2943 1983 3001 2037 p.
3037 1966 3159 2018 340.

2294 2060 2427 2128 Pag.
2460 2057 2584 2121 204,
2620 2057 2705 2111 14.
2738 2056 2883 2110 Acta
2914 2055 2968 2109 S.
3001 2054 3245 2109 Tarachi
3293 2072 3352 2125 p.
3399 2056 3539 2108 290:
3568 2048 3662 2112 Οὕς
3687 2068 3814 2119 προσ.

2224 2139 2440 2212 δέξασθε
2472 2144 2605 2215 μετά
2637 2136 2811 2218 φόϐου
2841 2140 2931 2195 καὶ
2962 2139 3180 2210 πολλῆς
3214 2138 3428 2210 αἶδοῦς,
3460 2138 3609 2203 ὄντας
3635 2137 3815 2214 ἐργάτας

2219 2234 2317 2285 τοῦ
2349 2234 2481 2285 Θεοῦ
2512 2229 2600 2285 καὶ
2622 2234 2719 2285 τοῦ
2745 2232 2979 2305 Χριστοῦ
3006 2229 3196 2287 αὐτοῦ,

2293 2321 2428 2393 Pag.
2462 2325 2586 2388 210,
2621 2322 2705 2376 16.
2738 2320 2939 2375 Additi
2977 2320 3319 2376 articulum.

2296 2411 2425 2483 Pag.
2461 2414 2588 2477 211,
2622 2412 2673 2463 5.
2712 2411 2842 2465 Isai.
2874 2427 3007 2476 LVII,
3034 2414 3096 2464 15
3123 2426 3134 2464 :
3166 2406 3387 2483 ’Λγῖοις
3410 2406 3461 2461 ἐν
3492 2405 3654 2483 ἁγίοις
3682 2399 3820 2477 ὄνομα

2216 2497 2390 2569 αὐτῷ,
2422 2498 2649 2571 ῧψιστοσ
2676 2496 2727 2551 ἓν
2763 2497 2939 2573 ἁγίοις
2966 2495 3404 2570 ἀναπαυόμενος.

2294 2590 2431 2661 Pag.
2462 2592 2586 2658 219,
2614 2590 2668 2644 8.
2700 2587 2867 2642 Conf.
2895 2606 2949 2661 p.
2986 2592 3111 2645 290.

2292 2680 2427 2751 Pag.
2463 2682 2587 2733 223.
2623 2681 2769 2733 Puto
2802 2678 2986 2739 πίστις
3018 2696 3139 2734 non
3171 2678 3555 2736 servandum.

2293 2773 2422 2841 Pag.
2458 2770 2583 2837 224,
2618 2771 2703 2823 16.
2736 2768 2935 2823 Malim
2964 2767 3027 2822 τὸ
3056 2771 3136 2839 τῷ
3166 2769 3334 2842 πατρί
3370 2767 3653 2830 πείθεσθαι.

2292 2864 2428 2930 Pag.
2464 2862 2587 2926 226,
2620 2877 2680 2915 n.
2716 2862 2768 2915 3.
2801 2860 2985 2915 Scrib.
3019 2859 3113 2912 κᾶν
3150 2856 3295 2914 ἄλλο
3326 2864 3484 2914 τοῖου
3515 2856 3676 2928 δήτοι.

2292 2967 2425 3037 Pag.
2460 2967 2585 3031 234,
2619 2968 2671 3031 7,
2706 2968 2773 3033 A,
2806 2968 2921 3017 πῶν
2954 2962 3092 3018 κατὰ
3141 2962 3310 3018 πόλιν
3346 2963 3636 3019 οἰκούντων
3663 2954 3817 3034 ἀρχόν-

2216 3072 2347 3109 των.
2385 3054 2699 3126 Displicuit
2730 3053 2949 3127 duplex
2978 3055 3391 3128 participium,
3424 3072 3556 3111 cum
3594 3054 3661 3109 sit
3697 3051 3817 3124 prius

537 3142 671 3213 Pag.
704 3143 825 3195 125.
857 3143 958 3196 Est
988 3147 1048 3197 et
1074 3139 1300 3215 κυναγία
1340 3142 1401 3199 in
1432 3143 1561 3199 cod.
1598 3144 1920 3216 Sophocleo
1948 3146 2107 3199 2884.

2231 3161 2467 3216 prorsus
2520 3144 2869 3216 languidum
2929 3151 2989 3201 et
3044 3145 3278 3201 inutile.
3346 3146 3621 3201 Libanius
3671 3148 3724 3230 ι.-
3749 3140 3817 3230 1‘}

538 3247 677 3317 Pag.
714 3250 835 3301 127.
889 3250 990 3303 Est
1036 3246 1164 3301 σκιᾶ
1210 3245 1440 3311 θανάτου
1490 3248 1709 3305 locutio
1749 3249 1991 3319 biblica,
2026 3267 2117 3305 ea-

2231 3252 2288 3305 p.
2322 3236 2423 3287 226
2451 3251 2463 3287 :
2498 3232 2601 3285 Κᾶν
2632 3232 2846 3307 ἑτέρους
2907 3230 3007 3286 ἴδω
3068 3234 3375 3306 μεθύοντας
3424 3233 3485 3289 ἐκ
3513 3233 3685 3300 πότου,
3709 3225 3819 3302 διαρ-

472 3350 587 3404 que
643 3335 945 3406 frequens.
1000 3338 1140 3393 Vide
1199 3356 1296 3409 pp.
1356 3341 1477 3407 187,
1536 3340 1662 3407 218,
1718 3344 1758 3393 t.
1810 3341 1876 3405 ΙΙ,
1910 3342 2122 3410 p.115,

476 3424 634 3479 Psal.
666 3441 772 3491 CVI,
809 3429 895 3483 10.

468 3568 469 3573 η
542 3514 681 3585 Pag.
719 3517 838 3583 131,
876 3518 961 3572 16.
1021 3518 1217 3572 Monet
1273 3523 1605 3589 opportune
1655 3519 1774 3574 Jac.
1820 3519 2027 3575 Billius
2062 3518 2123 3574 in

464 3596 675 3667 ,Allatii
710 3604 782 3659 ad
829 3606 1117 3661 Joannem
1166 3608 1433 3662 Damasc.
1489 3608 1935 3680 Prolegomenis
1974 3610 2120 3678 ξ44,

474 3699 663 3749 totum
695 3696 853 3752 hunc
884 3696 956 3752 de
988 3696 1260 3753 libertate
1283 3698 1511 3753 arbitrii
1536 3699 1730 3755 locum
1754 3716 1883 3756 esse
1905 3700 1979 3754 ad
2002 3718 2123 3756 ver‘

466 3770 615 3838 bum
664 3786 1091 3857 transcriptum
1124 3803 1193 3841 ex
1237 3788 1587 3843 Damasceni
1620 3788 1789 3843 libris
1818 3790 1892 3843 De
1922 3789 2120 3843 ortho-

477 3873 628 3928 doxa
653 3875 780 3943 ﬁde.
812 3905 881 3917 —-
913 3878 997 3931 19.
1030 3877 1097 3930 In
1120 3876 1249 3931 loco
1279 3876 1530 3933 obscuro
1552 3877 1840 3932 exhibebo
1872 3877 2119 3933 varieta-

474 3966 594 4017 tem
621 3963 751 4018 cod.
787 3995 852 4006 —
884 3963 981 4018 Καὶ
1036 3961 1187 4027 αὖθις
1246 3964 1418 4037 αὐτεξ·
1480 3964 1591 4020 ἐστὶ
1641 3966 1801 4040 νοερᾶ
1846 3986 1929 4028 τις
1967 3963 2123 4036 κίνη-

474 4069 557 4113 σις
590 4052 777 4127 ψυχῆς
809 4051 1169 4126 αὖτοκρατής.
1202 4058 1330 4112 Mox
1361 4056 1582 4112 omittit
1605 4054 1640 4125 ἢ
1677 4053 1963 4130 βούλευσις
1996 4056 2122 4131 ὀρε-

470 4142 636 4215 κτικὴ
666 4146 773 4197 τῶν
805 4142 886 4221 ἐφ’
916 4145 1075 4217 ἡμῖν.

547 4234 684 4306 Pag.
722 4236 841 4307 132,
874 4236 929 4293 8.
984 4238 1054 4305 A,
1105 4231 1285 4297 οὐδεὶς
1334 4236 1434 4310 γὰρ
1482 4256 1677 4311 προκρ.
1709 4268 1779 4279 —-
1808 4241 1860 4294 9.
1898 4238 1962 4306 C,
1993 4236 2121 4292 sine

544 4415 682 4488 Pag.
718 4415 840 4472 136.
872 4418 1113 4473 Moneor
1142 4434 1176 4475 a
1208 4418 1328 4475 viro
1360 4420 1604 4477 doctiss.
1636 4420 2119 4492 Reiskianaa,qua

2232 3322 2505 3397 ῥήγνυμαι
2564 3327 2643 3394 τῷ
2698 3323 2902 3400 φθόνῳ.
2964 3325 3104 3381 Cod.
3184 3329 3353 3395 3017,
3403 3324 3679 3383 πεθύοντας
3727 3320 3818 3372 ἀνα-

2224 3408 2462 3479 λύοντας
2487 3410 2547 3466 ἐκ
2576 3432 2635 3470 π.
2665 3429 2678 3467 :
2712 3414 2892 3484 idque
2924 3420 3105 3481 recte,
3140 3420 3309 3487 puto.

2222 3500 2227 3505 δ
2301 3502 2437 3575 Pag.
2472 3504 2597 3573 236,
2630 3503 2681 3557 8.
2711 3503 2771 3569 C,
2794 3498 3161 3560 καταδικάσω.

2303 3599 2431 3666 Pag.
2466 3597 2591 3660 250,
2624 3595 2676 3647 5.
2711 3594 3003 3660 Ouzelius,
3057 3595 3168 3649 hoc
3212 3594 3349 3650 loco
3401 3612 3544 3651 usus
3588 3593 3652 3649 ad
3680 3591 3821 3646 Minu-

2217 3676 2389 3738 'cium
2439 3700 2537 3755 pp.
2592 3684 2712 3751 164,
2769 3685 2885 3748 174,
2938 3688 3105 3738 notat
3151 3684 3412 3740 vitulum
3462 3702 3586 3741 esse
3628 3683 3691 3736 de
3714 3681 3819 3734 bove

2228 3772 2337 3844 Api
2371 3770 2725 3844 capiendum
2751 3789 2765 3838 ;
2800 3772 2903 3826 sed
2933 3789 3131 3828 errare
3152 3780 3487 3843 auctorem,
3514 3774 3607 3846 qui
3629 3782 3819 3844 porcum

2229 3864 2387 3919 inter
2424 3862 2709 3918 animalia
2757 3863 2927 3934 ponit
2972 3864 3043 3918 ab
3093 3866 3384 3936 Egyptiis
3413 3867 3587 3931 culta,
3617 3865 3819 3929 citatque

2228 3952 2539 4008 commode
2571 3952 2800 4009 .Eliam.
2836 3954 2900 4006 H.
2934 3954 3001 4009 A.
3051 3971 3107 4021 x,
3160 3954 3246 4009 16.
3286 3955 3455 4010 Adde
3487 3952 3730 4009 Herodot.
3760 3950 3819 4012 11,

2228 4045 2318 4113 47,
2351 4060 2487 4098 cum
2519 4046 2661 4097 nota
2690 4042 2987 4098 Larcheri.

2298 4135 2435 4205 Pag.
2468 4135 2592 4202 255,
2627 4134 2677 4185 8.
2711 4131 2794 4188 Cf.
2827 4133 3036 4203 p.168,
3070 4150 3131 4187 n.
3166 4135 3217 4189 1.

2300 4224 2436 4293 Pag.
2469 4224 2594 4287 2356,
2632 4222 2714 4276 16.
2770 4222 3043 4279 Eumath.
3094 4223 3298 4293 Hysm.
3354 4241 3406 4287 v,
3458 4242 3512 4294 p.
3548 4226 3670 4276 161:
3699 4216 3817 4274 Οὕτω

2224 4310 2323 4379 τὴν
2358 4307 2532 4377 καλὴν
2574 4307 2799 4379 ἐξῆλθον
2851 4306 3272 4383 Αὐλίκωμιν,...
3324 4311 3401 4373 ὡς
3442 4306 3816 4382 Ὀλυμπιονίκης

2224 4398 2316 4453 καὶ
2346 4399 2568 4469 νινήσας
2624 4397 2686 4451 τὸ
2742 4396 3067 4462 πένταθλον.
3128 4400 3349 4473 Scripsi
3414 4402 3500 4456 sic
3550 4398 3610 4453 τὸ
3657 4417 3706 4453 π.
3739 4410 3815 4466 pro

475 4517 621 4560 usus
673 4522 830 4575 sum,
861 4506 1257 4565 observationi
1300 4509 1372 4567 de
1420 4504 1915 4586 πρωτοσυμϐούλῳ
1944 4527 2117 4583 posse

2231 4489 2386 4544 edito
2413 4487 2505 4541 τὸν
2533 4488 2707 4557 τεέν-ιη
2758 4505 2904 4543 usus
2955 4488 3215 4545 lectione
3263 4506 3451 4562 quam
3478 4506 3508 4545 e
3537 4487 3689 4545 codd.
3715 4499 3814 4557 pro-

2231 4578 2358 4603 I.--IIL
2393 4579 2603 4603 D--n..-
2638 4595 2669 4603 -κ
2729 4578 2832 4603 θοῇ
2861 4577 3149 4603 -.Α-..;,,..ε..
3186 4578 3413 4603 ..-11;-..

476 4594 825 4653 contradici.

547 4686 684 4758 Pag.
717 4688 840 4754 155,
874 4689 960 4742 17.
996 4688 1076 4744 De
1131 4686 1360 4758 μυηθεὶς
1414 4689 1544 4747 vide
1596 4708 1654 4762 p.
1696 4693 1820 4749 269.
1854 4690 1938 4747 Cf.
1970 4694 2114 4764 etp.

472 4775 600 4845 363,
633 4776 718 4833 ιι.

544 4867 682 4939 Pag.
720 4868 841 4933 156,
871 4868 923 4921 3.
957 4868 1017 4936 C,
1071 4863 1345 4923 διακονίαν
1395 4871 1501 4941 μοῦ
1546 4866 1928 4943 πεπλήρωκαε
1961 4868 2119 4926 conf.

472 4970 574 5027 pp.
609 4955 733 5023 330,
765 4958 833 5024 6;
893 4957 1018 5024 355,
1068 4958 1154 5013 17.
1209 4958 1365 5014 Dixit
1414 4975 1473 5030 p.
1533 4963 1653 5028 177,
1712 4962 1802 5027 20,
1849 4956 2120 5013 διακονίαν

470 5040 749 5102 τετέλεκα.

476 5181 480 5187 .
547 5136 683 5207 Pag.
718 5136 840 5192 157.
873 5135 1037 5191 Adde
1068 5137 1301 5193 Pantin.
1358 5137 1430 5194 de
1489 5134 1767 5215 σφραγῖδι,
1799 5155 1903 5195 seu
1933 5138 2126 5211 bapti-

478 5238 627 5290 smo,
660 5224 733 5279 ad
766 5226 940 5282 Basil.
977 5226 1202 5282 Seleuc.
1236 5245 1292 5299 p.
1336 5228 1458 5285 383.

482 5360 491 5365 _
549 5312 686 5383 Pag.
722 5317 844 5382 160,
878 5318 963 5370 12.
999 5317 1162 5373 Conf.
1197 5334 1253 5388 p.
1288 5319 1412 5372 287.

552 5399 688 5471 Pag.
725 5404 844 5457 186.
871 5404 1047 5469 Infra,
1069 5406 1297 5461 scilicet
1328 5424 1383 5477 p.
1413 5407 1538 5461 217.
1562 5406 1718 5479 Ignis
1748 5407 1964 5463 inferni
1999 5408 2125 5465 sine

482 5486 751 5559 claritate
782 5492 887 5566 πῦρ
920 5494 1099 5567 φωτὸς
1130 5491 1259 5570 δίχα
1291 5495 1487 5553 dictus
1518 5502 1610 5553 est
1639 5497 1711 5553 ab
1735 5503 1974 5555 auctore
2002 5516 2126 5554 ver-

483 5595 659 5645 suum
691 5579 1145 5651 nonnullorum,
1175 5601 1347 5655 quos,
1378 5603 1515 5643 cum
1568 5586 1824 5644 ineditos
1855 5605 1986 5645 esse
2016 5606 2128 5661 pu-

2226 4578 2364 4635 tulit
2393 4579 2607 4633 Bassus
2638 4595 2696 4650 p.
2729 4578 2833 4632 282
2861 4577 3153 4634 versionis
3181 4578 3439 4649 gallicas.

2297 4671 2435 4741 Pag.
2469 4671 2594 4737 257,
2631 4671 2718 4727 17.
2744 4666 2829 4723 Cf.
2862 4685 2921 4740 p.
2957 4670 3080 4736 152,
3109 4685 3171 4724 n.
3201 4671 3256 4723 4.

2300 4770 2436 4839 Pag.
2464 4769 2590 4835 209,
2624 4767 2709 4821 11.
2742 4766 3089 4823 Philotheas
3121 4766 3379 4824 Fabricii
3408 4768 3551 4825 Bibl.
3578 4767 3664 4824 Gr.
3690 4766 3723 4819 ι
3740 4758 3811 4827 XI,

2229 4875 2287 4929 p.
2321 4859 2463 4912 516:
2496 4855 2825 4930 Τυραννικόν
2858 4875 2912 4908 τι
2942 4854 3031 4908 καὶ
3066 4853 3239 4929 βίαιον
3270 4853 3437 4931 ἔρως.

2304 4966 2439 5037 Pag.
2475 4967 2600 5019 277.
2633 4963 2799 5020 Plato
2829 4962 3014 5035 Epist.
3046 4963 3206 5019 inter
3233 4965 3561 5021 Socraticas
3587 4966 3678 5016 25.:
3702 4952 3810 5013 Έπῖ

2234 5052 2291 5107 δί
2320 5051 2591 5126 καὶάρχή
2647 5050 2749 5118 τῆς
2805 5051 3060 5126 γνώσεως
3103 5052 3190 5129 ἀφ’
3244 5054 3410 5125 ἡμῶν
3466 5043 3812 5129 γέγονε,καλῷς

2232 5140 2381 5198 ἔχειν
2415 5140 2690 5214 οἶμαικαὶ
2720 5145 2810 5195 νῦν
2845 5139 3028 5211 ὣσπερ
3062 5143 3217 5198 478
3260 5142 3450 5218 ἐυὲραν
3478 5140 3639 5216 ἀρχὴν
3666 5127 3812 5191 30:0‘5‘

2239 5251 2422 5304 μενος,
2479 5230 2854 5305 παρακαλέσαι
2941 5230 3081 5306 πρὸς
3162 5232 3260 5298 τὴν
3322 5229 3627 5305 ἐπιμέλειαν
3672 5220 3808 5277 ωότοῦ.

2238 5324 2392 5377 Bene
2446 5321 2629 5377 codex
2679 5325 2837 5391 1760,
2883 5316 3256 5395 παρακαλέσαι
3308 5340 3388 5375 σε’
3439 5322 3535 5393 qui
3580 5307 3804 5395 etbenei

2238 5418 2372 5467 ante
2396 5409 2574 5485 ἀρχὴν
2600 5410 2856 5467 exhibet.
2880 5410 3047 5475 Quod
3070 5417 3129 5465 et
3148 5411 3229 5466 ibi
3252 5413 3537 5483 scriptum
3562 5415 3655 5475 est,
3673 5394 3805 5459 σοιοῦ-

2241 5519 2397 5573 μενος
2428 5496 2751 5566 συστάσεως,
2780 5518 2900 5555 non
2934 5500 3230 5572 displicet.

2309 5594 2442 5661 Pag.
2492 5592 2617 5659 278,
2665 5592 2753 5645 22.
2813 5590 3052 5646 Prwivit
3097 5590 3413 5665 Gregorius
3442 5592 3564 5645 Naz.
3593 5588 3713 5641 orat
3739 5578 3797 5641 ιο»

482 5673 625 5745 tem,
658 5667 992 5728 describam
1022 5687 1053 5757 e
1083 5672 1286 5757 codice
1333 5678 1492 5749 1630,
1523 5694 1580 5749 p.
1618 5678 1739 5749 137,
1772 5681 1824 5736 2.
1857 5676 2117 5755 [Ηὲπονθα

2236 5698 2297 5753 p.
2328 5681 2453 5752 643,
2482 5684 2553 5736 7:
2609 5675 2784 5735 ’Δλλὰ
2837 5679 2927 5735 καὶ
2984 5683 3208 5759 γραφῶν
3264 5674 3521 5755 ἔμπειρος
3567 5676 3593 5730 ὁ
3626 5666 3793 5747 lanii"
