4040 6204
202 417 341 475 1253

1574 412 1632 466 Β.
1666 407 1970 468 ΔΒΤΕΜῘῘ
2006 409 2273 466 PASSIO.

3475 409 3623 467 4255

200 544 228 599 ὁ
256 544 379 599 τότε
406 541 596 614 καιρὸς
622 540 839 615 ἀπῄτει,
882 541 971 596 καὶ
1000 542 1073 605 ὡς
1118 544 1238 616 εἶχε
1292 538 1590 613 δυνάμεως,
1622 533 1846 612 ἔγραψε,

1970 550 2139 606 quam
2171 532 2430 589 maxime
2463 533 2743 601 confusis,
2778 533 2831 590 ei
2862 536 3039 606 prout
3065 528 3216 590 vires
3249 534 3302 589 ei
3333 541 3610 607 suppete-

196 631 398 706 πολλῷ
456 626 679 703 θορύϐῳ
726 631 817 685 καὶ
885 635 1068 707 ταρχῇ
1130 636 1232 686 τῶν
1307 630 1431 685 τότε
1508 629 1844 705 πραγμάτων

198 722 605 797 συνεχομένων.
639 720 716 777 Οὐ
753 722 845 794 μὲν
896 724 985 776 οῦν
1042 720 1167 777 οὐδέ
1218 719 1378 783 αὐτός
1404 741 1486 781 τις
1516 720 1583 788 ἦν
1614 722 1720 773 τῶν
1754 739 1849 772 πε-

197 809 603 887 ριεσκεμμένων
661 830 720 864 τε
775 810 865 863 καὶ
926 811 1045 886 περὶ
1110 809 1308 885 λόγους
1376 804 1795 864 ἐσπουδακότων
1832 847 1847 875 ,

197 899 324 955 ἀλλ’
356 899 568 960 ἁπλοῦς
610 919 694 961 τις
725 899 814 952 καὶ
865 898 1153 973 ἀπέριττος
1216 899 1388 972 μόνης
1440 904 1545 967 τῆς
1591 896 1851 967 ἀληθείας

197 989 599 1067 πεφροντικὼς,
628 987 718 1043 καὶ
746 989 810 1043 τὸ
860 988 1035 1064 λέγειν
1088 988 1240 1050 ὅπως
1287 988 1377 1042 οὖν
1413 985 1846 1062 στοχαζόμενος’

197 1080 284 1135 καὶ
319 1079 457 1134 κατᾶ
510 1078 612 1146 τήν
670 1076 994 1153 παροιμίαν,
1052 1075 1202 1151 ἄκρῳ
1262 1074 1516 1149 δακτύλῳ
1572 1082 1672 1145 τῆς
1701 1076 1848 1150 ἱερᾶς

196 1173 307 1224 τῶν
341 1166 521 1244 λόγων
556 1162 804 1228 παιδείας
836 1168 1137 1241 ἁψάμενος.

275 1346 341 1420 β’.
372 1347 575 1419 Ὥσπερ
609 1345 698 1398 οῦν
732 1344 858 1399 οὐδὲ
903 1346 1066 1407 αὐτὸς
1114 1346 1221 1423 ἐγὼ
1276 1345 1585 1422 ἀρκούντως
1615 1343 1730 1422 ἔχω
1760 1345 1851 1400 καὶ

194 1436 398 1496 ἱκανῶς
424 1435 564 1509 πρὸς
611 1435 714 1504 τήν
772 1433 868 1489 τοῦ
929 1434 1101 1509 λόγου
1161 1432 1435 1511 διήγησιν,
1498 1435 1850 1499 κᾶνὸπόθος

192 1529 294 1580 τοῦ
326 1524 599 1599 μάρτυρος
626 1522 879 1587 καθέλκει
910 1525 999 1579 καὶ
1025 1531 1275 1600 τυραννεῖ
1331 1547 1434 1598 μου
1466 1526 1556 1579 τὸν
1587 1524 1849 1600 λογισμὸν

190 1615 455 1689 καὶπρὸς
502 1614 565 1668 τὸ
625 1612 802 1690 λέγειν
868 1614 1129 1689 βιάζεται,
1188 1614 1464 1679 ἐπαινετὸς
1514 1616 1695 1687 μέντοι
1754 1619 1852 1680 τῆς

191 1703 508 1776 προθυμίας
547 1701 635 1757 καὶ
694 1710 792 1771 τῆς
853 1704 977 1774 περὶ
1029 1702 1122 1757 τὸν
1182 1706 1429 1779 μάρτυρα
1479 1706 1737 1775 πίστεως,
1767 1706 1849 1759 ὅτι

191 1793 294 1849 κᾶν
331 1794 583 1847 ὁπωσοῦν
613 1790 914 1865 ἐτόλμησεν
946 1789 1175 1866 ἅψασθαι
1214 1800 1315 1863 τῆς
1361 1793 1485 1869 περὶ
1532 1794 1594 1849 τὸ
1646 1794 1850 1869 μαρτῦ-

1958 624 2119 695 bant,
2154 624 2302 678 illud
2334 625 2707 696 conscripsit.
2747 626 2946 695 Neque
2976 640 3113 678 vero
3162 623 3289 694 ipse
3340 630 3621 695 comptus

1961 716 2103 771 satis
2154 719 2255 769 aut
2302 714 2374 768 de
2425 714 2712 769 orationis
2768 714 3072 785 leporibus
3112 712 3404 767 sollicitus
3465 719 3611 781 erat,

1958 804 2063 860 sed
2097 804 2347 875 simplex
2373 808 2430 857 et
2459 804 2789 871 inornatus,
2808 804 2992 859 solius
3020 801 3285 858 veritatis
3315 801 3609 871 curiosus,

1960 895 2103 949 satis
2160 893 2413 950 habebat
2471 910 2596 948 rem
2647 893 2900 949 candide
2958 908 3314 965 proponere,
3350 896 3407 946 et
3438 893 3615 964 juxta

1957 983 2334 1056 proverbium
2367 999 2599 1038 summo
2632 983 2813 1056 digito
2846 999 3075 1040 sacram
3110 997 3456 1038 sermonum
3480 997 3615 1037 eru-

1959 1076 2250 1131 ditionem
2280 1074 2595 1146 attingere.

2032 1348 2084 1398 2.
2119 1343 2627 1410 Quemadmodum
2654 1344 2832 1417 igitur
2860 1360 3053 1415 neque
3078 1361 3181 1417 ego
3215 1344 3521 1400 sufficiens
3554 1348 3612 1401 et

1961 1434 2211 1490 idoneus
2246 1451 2375 1489 sum
2426 1434 2687 1489 historizn
2736 1434 2910 1507 digne
2968 1434 3269 1502 texendaa;
3321 1435 3461 1490 licet
3516 1452 3609 1491 me

1960 1541 2130 1580 meus
2175 1525 2236 1579 in
2280 1531 2601 1597 martyrem
2629 1542 2795 1581 amor
2852 1525 3096 1595 alliciat,
3130 1526 3190 1579 in
3223 1526 3472 1580 consilio
3506 1542 3611 1581 ca-

1960 1614 2180 1687 piendo
2213 1615 2444 1687 subigat
2473 1620 2649 1685 atque
2672 1615 2745 1670 ad
2768 1614 3087 1669 dicendum
3128 1619 3318 1686 cogat,
3360 1614 3614 1670 laudan-

1961 1705 2073 1760 dus
2106 1709 2305 1760 tamen
2339 1709 2396 1759 et
2424 1710 2665 1777 propter
2695 1704 2957 1759 studium
2989 1709 3047 1758 et
3078 1702 3257 1759 ﬁdem
3298 1704 3359 1757 in
3390 1709 3614 1775 marty-

1958 1809 2089 1849 rem
2121 1794 2401 1865 antiquus
2449 1794 2572 1862 ille,
2616 1795 2715 1865 qui
2766 1793 3144 1866 quantumvis
3190 1792 3402 1848 leviter
3431 1809 3613 1849 ausus

195 1903 316 1956 ριον
369 1883 537 1937 αὐτοῦ
593 1878 918 1957 διηγήσεως,
974 1882 1209 1954 μάλιστα
1264 1886 1360 1936 τοῦ
1408 1883 1712 1937 ἀποστάτου
1762 1883 1849 1937 καὶ

1970 1884 2040 1938 sit
2069 1884 2336 1955 martyrii
2370 1883 2499 1955 ejus
2538 1883 2846 1939 historiam
2895 1884 3224 1955 attingere;
3272 1882 3607 1954 prmsertim

193 1967 429 2032 ἀσεϐοῦς
481 1968 784 2027 Ἰουλιανοῦ
849 1970 1310 2047 παραγγείλαντος
1366 1977 1483 2033 τοῖς
1540 1971 1849 2045 ἁλισκομέ-

194 2083 317 2123 νοις
348 2060 437 2115 ἰπὶ
467 2061 530 2115 τὸ
557 2063 656 2114 τοῦ
712 2061 947 2134 Χριστοῦ
984 2060 1277 2136 μαρτύριον
1342 2063 1479 2133 μήτε
1531 2062 1852 2135 ὑπόμνημα,

196 2152 352 2224 [342]
388 2152 529 2223 μήτε
585 2147 763 2219 ἄλλην
789 2150 888 2217 τὴν
949 2150 1161 2204 οἱανοῦν
1193 2154 1462 2213 ποιεῖσθαι
1512 2149 1852 2228 ἀναγραφὴν,

191 2242 387 2303 καθὼς
416 2240 467 2293 οἱ
498 2238 761 2314 πρότερον
801 2240 1043 2312 βασιλεῖς
1085 2238 1505 2311 ἐνομοθέτησαν,
1550 2239 1697 2295 ἀλλὰ
1724 2240 1851 2303 τοὺς

192 2329 461 2390 πλείονας
519 2328 699 2383 αὐτῶν
761 2326 1213 2403 ἀναπολογήτους
1260 2327 1621 2393 ἀπόλλυσθαι·
1659 2328 1853 2385 τούτου

190 2424 297 2475 τοῦ
365 2417 829 2493 παραγγέλματος
913 2418 1221 2492 πανταχόσε
1304 2421 1801 2495 καταφοιτήσαντος
1839 2463 1853 2488 ,

193 2506 533 2576 ἐκολάζοντο
571 2506 665 2579 μὲν
699 2506 751 2560 οἱ
796 2507 890 2561 τὸν
948 2508 1174 2583 Χριστὸν
1235 2506 1659 2582 ὁμολογοῦντες
1721 2508 1856 2563 κατὰ

197 2596 259 2653 δὲ
289 2598 352 2651 τὸ
383 2599 618 2669 κρατοῦν
654 2593 794 2665 ἔθος,
828 2593 1006 2657 οὐδεὶς
1054 2596 1163 2650 τῶν
1212 2594 1271 2650 ἐκ
1297 2600 1393 2651 τοῦ
1426 2594 1608 2669 δήμου
1654 2618 1855 2671 κομεν-

195 2686 486 2761 ταρισίων,
548 2687 584 2755 ἢ
629 2690 739 2740 τῶν
802 2684 1114 2761 Αεγομὲνων
1169 2688 1556 2762 ταχυγράφων,
1598 2687 1853 2762 πρόνοιαν

204 2775 449 2830 ἐποιεῖτο
477 2772 639 2830 τοῦδε
691 2780 794 2829 τοῦ
844 2773 1324 2850 παραγγέλματος.
1386 2775 1719 2846 Ἐσποῦδαζε
1750 2779 1854 2852 γάρ

202 2867 232 2921 ὁ
275 2866 599 2940 παράνομας
655 2864 747 2919 καὶ
807 2865 976 2933 αὐτὴν
1035 2870 1142 2919 τῶν
1204 2864 1492 2940 μαρτύρων
1547 2865 1855 2941 ἐξαφανίσαι

198 2958 303 3025 τὴν
339 2953 606 3012 εὔκλειαν.
661 2952 834 3017 Νόλις
892 2955 983 3009 οῦν
1038 2976 1178 3017 τινες
1232 2954 1282 3009 ἐν
1346 2961 1593 3034 ζοφεροῖς
1625 2977 1731 3011 τισι
1765 2956 1856 3011 καὶ

202 3043 483 3117 ἆΛαμπὲσι
551 3044 743 3106 τόποις
796 3044 1347 3119 κατακρυπτόμενοι,
1420 3045 1683 3100 τοιούτων
1762 3045 1858 3124 ἐφ-

201 3136 464 3197 άπτεσθαι
498 3130 748 3207 ἐτόλμων
795 3135 1233 3207 ὑπομνημάτων,
1259 3136 1358 3203 τὴν
1407 3140 1504 3190 τοῦ
1533 3139 1859 3211 κρατοῦντος

202 3221 579 3296 δεδιττόμενοι
631 3222 963 3298 ἀγριότητα.
1020 3222 1233 3279 Πολλαὶ
1296 3224 1388 3297 μὶν
1446 3223 1535 3279 οῦν
1598 3222 1855 3301 μυριάδες

1964 1974 2104 2044 quia
2132 1978 2401 2045 apostata
2428 1978 2486 2028 et
2517 1972 2734 2045 impius
2775 1973 3043 2029 Julianus
3089 1972 3417 2027 sanciverat
3444 1987 3519 2027 ne
3550 1970 3614 2028 in

1963 2063 2314 2118 memoriam
2336 2079 2540 2117 eorum
2566 2064 2665 2133 qui
2686 2079 2790 2134 pro
2822 2062 3055 2117 Christo
3079 2061 3430 2132 martyrium
3452 2059 3612 2133 passi

1964 2158 2185 2219 essent,
2217 2157 2669 2207 monumentum
2693 2152 3019 2223 erigeretur
3039 2156 3141 2206 aut
3161 2150 3617 2222 qualiscumque

1963 2241 2447 2296 conscriberetur
2486 2241 2753 2307 historia,
2807 2256 2985 2310 quam
3016 2238 3208 2311 legem
3231 2240 3359 2311 jam
3387 2243 3615 2294 veteres

1964 2331 2355 2401 imperatores
2391 2330 2671 2395 tulerant,
2725 2329 2827 2384 sed
2874 2329 3141 2383 voluerat
3170 2328 3486 2399 plerosque
3517 2344 3615 2383 eo-

1963 2436 2097 2475 rum
2155 2419 2440 2492 inglorios
2499 2418 2713 2490 perire.
2768 2420 2893 2483 Qua
2938 2417 3340 2489 prohibitione
3392 2417 3617 2489 ubique

1962 2510 2355 2583 promulgata,
2391 2508 2792 2581 puniebantur
2829 2507 3070 2579 quidem
3122 2507 3339 2562 Christi
3383 2507 3617 2562 confes-

1966 2616 2129 2654 sores
2154 2616 2168 2667 ;
2195 2599 2297 2654 sed
2325 2599 2497 2669 juxta
2526 2599 2819 2671 vigentem
2869 2597 3082 2669 legem,
3134 2613 3311 2652 nemo
3344 2613 3375 2651 e
3420 2596 3613 2668 publi-

1966 2690 2049 2745 cis
2081 2688 2719 2743 commentariensibus
2754 2691 2856 2741 aut
2884 2687 2957 2739 iis
2988 2686 3089 2756 qui
3122 2686 3402 2740 dicuntur
3427 2688 3607 2755 tachy-

1967 2778 2192 2847 graphi,
2226 2778 2436 2831 horum
2461 2776 2723 2830 historim
2767 2791 2969 2829 curam
3000 2773 3255 2830 habebat
3278 2776 3370 2843 (3).
3406 2774 3618 2828 Stude-

1966 2866 2069 2921 bat
2098 2866 2258 2921 enim
2290 2866 2614 2936 imperator
2636 2864 2925 2919 scelestus
2945 2868 3273 2934 martyrum
3304 2862 3393 2917 vel
3424 2863 3615 2933 ipsam

1965 2955 2213 3027 gloriam
2247 2954 2576 3009 eliminare.
2608 2956 2776 3025 Egre
2808 2952 2985 3025 igitur
3018 2952 3225 3022 aliqui,
3255 2969 3376 3023 prae
3400 2952 3615 3006 timore

1964 3045 2179 3100 ferocis
2210 3044 2520 3116 principis,
2551 3044 2613 3098 in
2644 3042 2979 3098 tenebrosis
3012 3041 3369 3112 quibusdam
3400 3041 3614 3097 obscu-

1962 3135 2163 3206 risque
2194 3133 2342 3189 locis
2376 3132 2815 3199 delitescentes,
2847 3129 3190 3203 hujusmodi
3239 3130 3611 3185 narrationes

1964 3224 2251 3296 attingere
2274 3222 2591 3278 audebant.
2614 3221 2791 3276 Multa
2817 3237 2952 3293 ergo
2984 3220 3454 3275 Christianorum
3476 3218 3612 3275 mil-

204 3314 303 3367 ἀντὶ
360 3316 533 3367 πᾶσαν
590 3314 688 3381 τήν
750 3311 1078 3385 οἰκουμένην
1158 3317 1264 3368 τῶν
1336 3314 1673 3389 Χριστιανῶν
1727 3335 1854 3369 κατ-

1970 3313 2045 3368 lia
2070 3329 2176 3385 per
2213 3313 2558 3367 universum
2607 3310 2811 3366 orbem
2864 3314 3120 3365 mortem
3170 3309 3504 3379 subierunt,
3538 3325 3615 3365 ne

198 3406 554 3479 εφοείροντο,
617 3399 758 3474 μηδὲ
820 3407 947 3475 μιᾶς
994 3423 1141 3464 τινος
1184 3402 1321 3457 κατὰ
1364 3402 1425 3457 τὸ
1473 3407 1701 3477 κρατοῦν
1736 3401 1856 3468 ἔθος

199 3493 518 3565 ἀξιούμενοι
573 3488 909 3568 ἐρωτήσεως·
968 3491 1115 3548 ἀλλᾶ
1168 3496 1330 3547 τοῦτο
1384 3493 1476 3566 μὶν
1512 3492 1662 3548 οὐδὲν
1716 3514 1857 3568 παρ-

200 3575 413 3653 ἑὸλαψε
466 3578 595 3640 τοὺς
655 3576 895 3649 ἀθλητὰς
950 3584 1047 3635 τοῦ
1104 3585 1359 3657 Χριστοῦ,
1412 3582 1475 3636 τὸ
1531 3583 1605 3655 μὴ
1667 3587 1857 3657 τυχεῖν

203 3670 632 3741 ὑπομνήματος’
668 3670 741 3722 ὧν
797 3670 899 3745 γὰρ
954 3669 1022 3724 τὰ
1073 3670 1316 3743 ὀνόματα
1368 3669 1419 3725 ἐν
1453 3670 1702 3746 οὐρανοῖς
1730 3672 1859 3734 Θεὸς

203 3758 575 3834 ἀπεγράφετο,
605 3755 836 3830 οὐδεμία
889 3779 971 3820 τις
1024 3762 1090 3828 ἧν
1140 3758 1301 3835 χρεία
1356 3764 1461 3814 τῶν
1494 3762 1619 3835 παρ’
1649 3760 1861 3836 ἀνθρώ-

196 3868 331 3909 ποις
364 3846 803 3918 ὑπομνημάτων.
838 3845 1018 3903 Ἀλλᾶ
1046 3847 1169 3921 περὶ
1213 3849 1307 3921 μὲν
1338 3848 1543 3904 τούτων
1574 3849 1715 3911 ἃλις.

264 3938 335 4009 γ’.
374 3936 521 4009 Ἐγὼ
561 3933 639 4007 δὲ,
673 3937 717 3989 ὧ
773 3936 894 4011 ἰερᾶ
951 3939 1275 4012 πανήγυρις,
1332 3938 1421 3992 καὶ
1464 3940 1699 4013 Χριστοῦ
1732 3935 1862 4001 λαὸς

191 4023 645 4093 θεοσῦλλεκτος,
714 4023 867 4088 ἔθνος
949 4026 1100 4101 ἅγιον
1186 4026 1273 4081 καὶ
1352 4027 1625 4103 βασίλειον
1712 4028 1859 4102 ἱεράς

186 4136 401 4188 τευμα,
443 4112 682 4176 πολλοῖς
743 4114 983 4190 ἐντυχὼν
1043 4118 1446 4191 συγγράμμασι,
1485 4118 1573 4171 καὶ
1626 4117 1861 4189 μάλιστα

184 4212 305 4263 τῶν
335 4206 436 4267 τὰς
468 4206 712 4279 ἱστορίας
754 4206 843 4260 καὶ
902 4206 1119 4281 πράξεις
1170 4211 1278 4261 τῶν
1344 4206 1613 4283 βασιλέων
1674 4229 1863 4263 συντα-

184 4299 472 4369 ξαμένων,
506 4290 690 4350 ἔπειτα
747 4292 804 4351 δὲ
860 4296 949 4350 καὶ
1002 4300 1108 4351 τῶν
1152 4297 1276 4371 περί
1333 4300 1431 4367 τὴν
1478 4296 1860 4369 ἐκκλησιαστι-

183 4389 299 4456 χὴν
363 4384 607 4460 ἱστορίαν
672 4382 1114 4455 σπουδασάντων,
1168 4386 1259 4440 καὶ
1315 4388 1379 4442 τὸ
1432 4392 1528 4442 τοῦ
1589 4389 1862 4463 μάρτυρος

185 4476 377 4550 εὑρὼν
441 4470 617 4547 ὄνομα
670 4471 779 4528 ὦδε
834 4472 1052 4529 κᾶκεῖσε
1110 4472 1613 4551 διαθρυλλούμενόν
1668 4498 1728 4532 τε
1773 4477 1862 4531 καὶ

1965 3403 2089 3457 ulla
2120 3402 2361 3474 quidem
2393 3406 2636 3473 propter
2660 3401 2953 3473 vigentem
2984 3400 3174 3472 legem
3214 3398 3503 3454 memoria
3531 3398 3617 3453 di-

1968 3492 2149 3565 gnati.
2182 3492 2396 3546 Verum
2428 3488 2770 3562 hujusmodi
2802 3490 3106 3545 memorias
3137 3489 3385 3560 privatio
3418 3488 3616 3543 nulla-

1969 3588 2142 3637 tenus
2171 3581 2375 3636 nocuit
2395 3578 2885 3635 Christiathletis.
2910 3580 3170 3644 Quorum
3184 3577 3344 3632 enim
3374 3577 3621 3633 nomina

1969 3672 2031 3727 in
2064 3670 2226 3726 ccelis
2253 3672 2404 3725 Deus
2438 3669 2871 3736 conscribebat,
2902 3666 3070 3722 nulla
3107 3668 3337 3722 ratione
3388 3666 3621 3738 indige-

1968 3761 2113 3815 bant
2156 3760 2559 3815 monumentis
2606 3758 2761 3830 apud
2810 3758 3103 3813 homines.
3156 3756 3267 3811 Sed
3298 3756 3370 3811 de
3400 3755 3494 3811 his
3526 3770 3622 3810 sa-

1977 3850 2073 3918 tis,

2041 3940 2093 3992 3.
2128 3938 2437 4010 Equidem,
2473 3955 2505 3993 ο
2540 3953 2706 3992 sacra
2751 3935 3123 4008 congregatio
3151 3934 3488 4005 Christique
3518 3950 3624 4005 po-

1971 4029 2108 4100 pule
2137 4045 2313 4101 quem
2346 4029 2498 4083 Deus
2543 4027 2800 4099 collegit,
2852 4043 2979 4095 gens
3022 4032 3212 4080 sancta
3242 4031 3295 4079 et
3318 4024 3503 4093 regale
3530 4040 3625 4077 sa-

1971 4124 2271 4179 cerdotium
2308 4126 2351 4191 ¹,
2384 4121 2573 4177 multa
2603 4126 2810 4175 nactus
2833 4120 3208 4185 documenta,
3242 4118 3495 4171 maxime
3527 4133 3619 4171 eo-

1971 4230 2104 4268 rum
2136 4212 2235 4282 qui
2268 4218 2391 4265 tum
2426 4212 2702 4265 historias
2731 4215 2787 4263 et
2815 4215 2977 4280 gesta
3010 4208 3434 4277 imperatorum
3466 4222 3622 4259 com-

1973 4306 2340 4373 posuerunt,
2403 4306 2528 4354 tum
2588 4298 3004 4353 ecclesiasticaa
3062 4295 3323 4349 historiae
3378 4310 3619 4365 cperam

1974 4390 2285 4458 dederunt,
2314 4395 2621 4443 etnomem
2647 4385 3249 4457 martyrisinveniens
3272 4384 3368 4438 hic
3399 4390 3456 4437 et
3478 4382 3621 4437 alibi

1974 4480 2339 4535 celebratum
2374 4478 2649 4548 idemque
2683 4476 2935 4541 illustre,
2970 4490 3203 4559 necnon
3250 4473 3439 4527 virum
3469 4489 3624 4545 prm-

1810 4635 2040 4688 NOTB.

272 4772 605 4841 (3)_Textus
636 4772 878 4841 Graecus
911 4771 994 4827 sic
1053 4772 1231 4841 habet
1264 4792 1277 4829 :
1339 4771 1481 4827 Κατᾶ
1511 4768 1567 4826 δὲ
1616 4772 1679 4827 τὸ
1727 4793 1862 4841 κρα-

186 4826 331 4919 τοῦν
366 4839 512 4919 ἔθος,
562 4839 742 4919 οὐδεὶς
793 4846 899 4896 τῶν
935 4841 993 4896 ἐκ
1021 4847 1117 4919 τοῦ
1177 4840 1357 4916 δήμου
1407 4826 1860 4919 κομενταρισίωι,

189 4916 229 4983 ἢ
299 4918 415 4991 τῶν
468 4912 794 4991 Δλιγομένιιξγ
854 4912 1566 4991 ταχυγρῗάφωνξῗπρόνοὶαν
1624 4912 1862 4970 ἐποιεῖτο

189 4984 368 5041 τοῦδε
397 4989 496 5039 τοῦ
524 4984 1208 5060 παραγγέλματοςίούω,
1244 4990 1289 5043 si
1332 4984 1407 5044 ad
1430 4990 1689 5044 litteram
1732 5006 1862 5043 ver-

193 5065 437 5125 tantur,
464 5060 583 5133 hoc
605 5060 982 5131 significant:
1012 5060 1114 5114 sed
1133 5062 1305 5133 juxta
1325 5062 1619 5133 vigentem
1651 5061 1863 5133 legem,

192 5147 370 5187 nemo
402 5148 427 5183 θ
445 5132 684 5200 publicis
715 5132 1285 5186 commentariensibus
1315 5132 1411 5187 aut
1443 5132 1510 5187 iis
1541 5135 1641 5202 qui
1668 5134 1869 5187 dicun-

198 5212 301 5259 tur
332 5218 739 5272 uenenum,
790 5203 955 5271 hujus
1003 5204 1400 5272 prohibitionis
1448 5208 1717 5258 rationem
1758 5204 1865 5258 du-

196 5276 389 5330 cebat.
417 5304 489 5313 —-
516 5273 628 5327 Sed
658 5290 833 5328 nemo
867 5291 987 5328 non
1013 5274 1170 5329 videt
1210 5292 1451 5330 sensum
1483 5276 1640 5329 hunc
1672 5275 1868 5330 nulla—

198 5355 392 5402 tenus
424 5346 520 5399 hic
541 5345 785 5416 admitti
808 5362 1003 5416 posse.
1038 5348 1162 5400 Nan
1197 5348 1251 5400 1ο
1281 5346 1682 5401 Contradictio
1715 5352 1870 5401 esset

198 5420 269 5473 in
296 5434 367 5490 eo
394 5415 553 5489 quod
577 5415 1150 5490 commentarienses
1173 5418 1346 5490 juxta
1361 5419 1655 5490 vigentem
1678 5418 1869 5490 legem

199 5492 278 5545 de
311 5489 443 5557 lege
467 5506 589 5543 non
614 5489 968 5543 curaverint.
1004 5492 1061 5541 2°
1081 5489 1261 5544 DoCet
1282 5489 1487 5545 auctor
1509 5490 1568 5543 in
1588 5489 1869 5560 prmsenti

196 5561 586 5642 paragrapho
621 5560 971 5642 memoriam
1003 5567 1450 5642 martyrumuex
1494 5562 1602 5615 hac
1652 5562 1868 5642 Juliani

194 5632 615 5707 prohibitione
650 5632 1049 5707 oblitteratam
1094 5632 1296 5707 fuisse.
1324 5635 1453 5707 Hoc
1484 5638 1679 5707 autem
1731 5633 1867 5688 inde

241 5704 480 5771 revenit
512 5703 677 5776 quod
724 5703 947 5774 publici
996 5704 1231 5770 notarii,
1267 5705 1341 5761 ad
1389 5706 1542 5760 hanc
1574 5705 1869 5776 vigentem

241 5724 480 5771 τοι-ειμι
512 5724 677 5776 quoa
724 5724 947 5774 pUDllCl
996 5724 1231 5770 noraru,
1267 5724 1341 5761 au
1391 5724 1542 5760 [13.ηο
1574 5724 1869 5776 Vigentem

195 5724 398 5849 fegem
431 5792 566 5833 sese
601 5776 1144 5849 accommodantes,
1170 5777 1322 5832 nihil
1344 5777 1500 5832 circa
1540 5781 1869 5849 martyrum

1973 4775 2302 4830 certamina
2322 4773 2765 4828 commentariis
2788 4771 3282 4844 consignaverint.
3308 4770 3419 4827 Sed
3442 4772 3489 4844 si
3520 4786 3618 4826 ve-

1974 4864 2105 4901 rum
2129 4847 2396 4900 foreteos
2418 4845 2837 4917 prohibitionis
2858 4843 3253 4917 imperatoria:
3280 4862 3399 4899 non
3423 4843 3624 4917 duxis-

1976 4936 2037 4972 se
2068 4920 2383 4980 rationem,
2419 4914 2531 4972 nec
2562 4916 2810 4987 proinde
2843 4914 3288 4987 conscribendis
3320 4915 3621 4987 martyriis

1975 4990 2295 5054 destitisse,
2330 4988 2496 5043 nullo
2530 4986 2705 5043 modo
2736 4994 2936 5059 posset
2974 4986 3226 5059 intelligi
3256 5003 3362 5042 cur
3391 4986 3627 5059 oblitte-

1974 5067 2102 5115 rata
2120 5060 2301 5114 fuerit
2317 5060 2531 5114 Christi
2550 5058 2956 5114 confessorum
2976 5075 3280 5114 memoria.
3311 5058 3627 5113 Maluimus

1976 5134 2155 5204 igitur
2186 5132 2362 5186 aliam
2394 5131 2706 5186 admittere
2757 5130 3275 5204 versionemtquw
3324 5129 3627 5186 contextui

1976 5202 2263 5259 orationis
2293 5204 2456 5257 omni
2478 5220 2546 5256 ex
2570 5208 2733 5273 parte
2758 5202 3095 5257 concordat.
3121 5202 3243 5256 Imo
3268 5206 3468 5272 posset
3489 5218 3625 5273 cum

1978 5282 2138 5331 textu
2172 5276 2369 5360 Graeco
2416 5269 2743 5357 conciliari,
2778 5275 2825 5328 si
2841 5274 2990 5360 ~q‘uis
3042 5273 3135 5357 his
3165 5269 3357 5327 verbis
3386 5269 3630 5360 :“oeaezc

2125 5346 2381 5419 πρόνοιαν
2451 5343 2690 5398 ἐποιεῖτο
2773 5341 2933 5398 τοῦδε
2974 5347 3101 5425 ,τοῦ
3162 5341 3629 5426 παραγγέλματος

1978 5420 2135 5474 hunc
2159 5415 2401 5473 sensum
2435 5418 2639 5472 daret:
2674 5420 2853 5472 Nemo
2885 5416 3022 5488 huic
3042 5415 3445 5488 prohibitiOni
3480 5417 3628 5471 invi-

1978 5490 2216 5562 gilabat,
2248 5489 2381 5543 ideo
2413 5489 2639 5543 scilicet
2669 5494 2734 5544 ut
2764 5506 2895 5544 eam
2922 5487 3211 5550 cluderet.
3236 5493 3301 5542 ut
3330 5488 3630 5562 nihilomi-

1980 5560 2089 5617 nus
2118 5567 2248 5615 acta
2268 5566 2595 5631 martyrum
2620 5562 3158 5616 conscriberentur.
3184 5560 3347 5625 Quod
3381 5560 3427 5615 si
3450 5576 3629 5614 nemo

1980 5634 2039 5707 id
2071 5633 2344 5697 faciebat,
2377 5649 2750 5707 ergogomnes
2780 5634 2911 5707 Alegi
2964 5632 3271 5704 parebant,
3323 5639 3499 5703 atque
3548 5631 3632 5707 ita

1978 5706 2199 5762 factum
2222 5709 2311 5761 est
2331 5710 2397 5759 ut
2417 5701 2755 5764 oblitterata
2769 5701 2949 5762 fuerit
2964 5701 3296 5832 martyri’um
3322 5701 3627 5758 memoria.

3002 5792 3139 5832 Ευιτ.
3221 5791 3338 5831 ATR.

3002 5792 3139 5834 EDIT.
3174 5791 3338 5832 ΓΔΤΒ.
