4040 6204
473 370 618 431 1255
1990 372 2068 425 At

2204 372 2356 427 IDA.
3692 374 3799 433 1255

475 495 702 553 clarum
734 498 792 549 et
821 493 1110 565 inclytum
1145 492 1423 549 omnibus
1455 508 1591 549 eum
1613 492 2070 565 proclamantibr

2230 492 2683 569 περιφερόμενον,
2738 492 2830 547 καὶ
2886 488 3058 565 ἄνδρα
3110 494 3381 570 περιφανῆ
3404 514 3460 549 τε
3498 492 3580 550 καὶ
3623 493 3804 571 διαϐόη-

478 586 794 643 arbitratus
826 599 957 639 sum
1008 583 1134 638 hmc
1185 582 1496 637 oblivionis
1529 583 1790 637 tenebris
1822 600 1943 638 non
1992 601 2073 639 es:

2233 602 2323 636 τον
2358 580 2571 636 πάντων
2621 578 2781 636 αὐτόν
2838 581 3284 657 ὁμολογούντων,
3339 582 3436 638 οὐκ
3486 584 3649 656 ᾠήθην
3676 592 3807 644 ταῦτα

476 672 839 745 sepelienda,
868 671 971 728 sed
992 670 1053 725 in
1082 678 1347 743 apertam
1378 671 1571 727 lucem
1594 672 1997 743 producenda,
2029 690 2071 727 νς

2231 672 2329 739 τῆς
2363 667 2543 740 λήθης
2577 669 2800 744 ἐνθάψαι
2838 672 3047 745 βυθοῖς,
3076 670 3227 726 ’ἀλλ’
3272 671 3343 735 εἷς
3374 673 3434 727 τὸ
3481 678 3679 750 φανερὸν
3707 678 3810 750 ἀγα-

477 764 733 834 strisque
765 759 1153 833 proponenda
1201 760 1464 827 auribus,
1498 765 1563 814 ut
1591 760 1691 830 qui
1732 760 2035 814 Christum
2068 784 2072 808 ι

2231 764 2369 831 γεῖν,
2399 758 2489 814 καὶ
2524 760 2673 831 ὑμῶν
2734 762 3011 834 προθῆναι
3065 766 3186 822 ταῖς
3238 760 3424 823 ἀκοαῖς
3480 762 3548 825 ὡς
3600 762 3810 841 φιλοχρί-

476 858 801 925 martyrem
832 851 1109 923 diligitis;
1144 856 1267 905 tum
1300 868 1373 906 ne
1398 851 1600 922 paucis
1618 850 1976 921 quibusdam
1998 867 2071 905 ve:

2235 869 2381 911 στοις
2409 869 2467 903 τε
2506 849 2623 904 οὖσι
2655 850 2744 903 καὶ
2787 850 3214 926 φιλομάρτυσιν*
3260 848 3351 905 ’ίνα
3414 852 3486 923 μὴ
3542 851 3589 906 ὲν
3638 850 3811 928 ὀλίγαις

476 944 567 1000 bis
599 949 763 998 tanta
797 941 1069 996 velentur
1107 940 1222 995 divi
1273 942 1550 1012 martyris
1581 940 1655 995 ad
1688 941 1939 1013 gloriam
1964 941 2071 1011 jur.

2232 938 2341 993 τισὶ
2399 934 2703 1001 συλλαϐαῖς
2760 938 2828 993 τά
2901 938 3210 1009 τηλικαῦτα
3283 938 3699 1014 ἐπηλυγάζωνται
3746 949 3813 997 τοῦ

475 1037 603 1088 tum
624 1035 690 1085 ut
718 1035 942 1085 vestras
971 1045 1143 1085 aures
1166 1030 1435 1084 studeam
1468 1030 1796 1085 exhilarare
1829 1031 2070 1084 narrant

2234 1025 2379 1081 θείου
2441 1026 2712 1103 μάρτυρος
2770 1027 3227 1099 πλεονεκτήματα
3279 1030 3456 1103 [343]’
3512 1027 3615 1102 ἅμα
3657 1053 3707 1086 τε
3750 1036 3814 1086 καὶ

474 1120 788 1180 historiam
846 1124 1022 1192 atque
1071 1120 1295 1192 integre
1345 1119 1662 1175 revelando
1725 1136 1858 1190 quae
1902 1124 2069 1191 mart;

2239 1116 2391 1189 ὑμῶν
2423 1116 2780 1171 κατευωθάναι
2813 1115 3058 1172 σπεύδων
3092 1122 3188 1182 τᾶς
3232 1117 3420 1188 ἀκοὰς,
3470 1114 3528 1173 ἔκ
3544 1140 3599 1175 τε
3625 1125 3717 1174 τῶν
3739 1129 3812 1190 τῆς

476 1211 616 1267 forti
648 1210 849 1265 animo
880 1209 1089 1281 gessis.

2234 1205 2473 1281 ἱστορίας
2524 1202 2909 1281 διηγημάτων,
2969 1207 3060 1261 καὶ
3091 1210 3199 1261 τῶν
3258 1207 3456 1282 ἀρτίως
3506 1208 3813 1265 ἀποσφαγέντων

2231 1298 2333 1349 τοῦ
2367 1293 2639 1369 μάρτυρος
2669 1292 3200 1370 ἀνδραγαθημάτων.

548 1394 600 1447 4.
627 1390 788 1445 Multi
812 1390 989 1461 igitur
1018 1388 1281 1443 historias
1301 1387 1699 1459 scriptoresin
1724 1387 1923 1442 eximii
1945 1387 2124 1458 hujus

2308 1379 2370 1437 δ’.
2400 1380 2613 1437 Πολλοὶ
2666 1385 2759 1456 μὲν
2790 1385 2881 1439 οὗν
2940 1390 3047 1440 τῶν
3108 1384 3203 1447 τάς
3261 1386 3506 1461 ἱστορίας
3556 1388 3816 1462 γραψάντων

477 1481 584 1535 viri
607 1480 973 1535 mentionem
997 1478 1358 1543 inciderunt,
1380 1477 1668 1532 Eusebius
1692 1476 1919 1531 scilicet
1950 1478 2072 1530 Pan

2234 1474 2331 1525 τοῦ
2364 1469 2621 1545 ἀοιδίμου
2666 1472 2862 1528 τούτου
2913 1472 3107 1548 ἀνδρὸς
3166 1474 3591 1547 ἐμνημόνευσαν,
3620 1471 3821 1539 Εὐσέὖιὸς

477 1570 629 1643 phili
684 1568 1154 1640 cognominatus,
1210 1568 1477 1621 Socrates
1507 1567 1607 1637 qui
1648 1566 1870 1633 Novati,
1904 1572 1962 1620 et
1990 1566 2072 1620 Ph

2232 1581 2291 1615 τε
2347 1562 2374 1615 6
2416 1560 2712 1637 Ηαμφίλου
2772 1562 3208 1635 ὀνομαζόμενος,
3263 1564 3355 1617 καὶ
3416 1563 3820 1639 Σωκράτηςὸτῆς

479 1658 799 1729 lostorgius
821 1656 922 1726 qui
941 1656 1212 1710 Eunomii
1235 1661 1473 1711 secutus
1505 1661 1595 1710 est
1619 1655 1915 1723 haeresim,
1940 1655 2074 1710 The¢

2234 1651 2486 1707 Ναυάτου
2517 1651 2799 1725 αἱρέσεως,
2830 1652 2920 1706 καὶ
2944 1651 3351 1730 Φιλοστόργιος
3393 1654 3422 1708 6
3459 1657 3556 1719 τῆς
3604 1655 3820 1727 Εὐνομίω

483 1747 726 1805 doretus
756 1750 816 1801 et
843 1745 965 1801 allii
997 1745 1197 1816 plures
1222 1747 1315 1816 (4).
1344 1746 1387 1799 Ε
1418 1744 1635 1815 quibus
1685 1743 1992 1813 Eusebius,
2025 1761 2078 1814 (ιι

2234 1739 2325 1794 καὶ
2382 1738 2540 1800 αὐτὸς
2602 1740 2865 1814 ὑπαρχων
2928 1741 3215 1817 αἱρέσεως,
3274 1739 3621 1818 Θεοδώρητός
3670 1763 3719 1798 τε
3757 1743 3820 1797 καί

482 1835 851 1908 temporibus
887 1834 1258 1891 Constantini
1291 1834 1541 1889 ﬂorebat
1569 1849 1899 1905 omnesque
1948 1833 2077 1904 hujt

2237 1827 2401 1884 ἄλλοι
2459 1829 2731 1932 πλείονες.
2790 1835 2885 1884 Ὠν
2918 1832 2946 1886 6
2979 1832 3075 1904 μὲν
3131 1827 3379 1893 εὐσὲϐιος
3410 1831 3460 1887 ἐν
3490 1837 3601 1895 τοῖς
3644 1834 3820 1907 χρόνοις

482 1926 673 1982 atatis
704 1926 1014 1996 episc0pos
1046 1924 1317 1979 doctrina
1365 1922 1701 1995 superabat,
1732 1922 1878 1977 dicit
1917 1928 2077 1992 mart;

2241 1922 2338 1973 τοῦ
2399 1917 2638 1995 μεγάλου
2700 1919 3099 1975 Κωνσταντίνου
3131 1916 3206 1975 ὥν
3236 1942 3295 1977 τε
3324 1922 3417 1976 καὶ
3467 1922 3824 1997 γνωριζόμενος,

482 2032 609 2071 rem
639 2031 828 2069 unum
862 2030 892 2068 e
925 2012 1299 2069 senatoribus
1343 2018 1401 2067 et
1432 2012 1493 2066 in
1523 2011 1699 2067 domo
1750 2012 2074 2083 imperator

2242 2006 2332 2062 καὶ
2389 2012 2499 2063 τῶν
2554 2007 2679 2063 τότε
2744 2009 3055 2065 ἐπισκόπων
3116 2010 3384 2087 ὑπάρχων
3439 2012 3468 2066 6
3533 2010 3825 2085 λογιώτατος,

486 2105 713 2161 clarum
744 2103 950 2170 fuisse,
982 2108 1040 2157 et
1087 2102 1414 2156 Constantii
1464 2102 1593 2172 ejus
1622 2101 1727 2155 ﬁlii
1783 2101 2081 2156 amicitian

2242 2097 2555 2172 παρεισάγει
2586 2098 2677 2153 τὸν
2726 2098 2971 2175 μάρτυρα
3029 2106 3131 2169 τῆς
3188 2099 3508 2175 συγκλήτου
3568 2097 3825 2171 βουλῆςὲνα

484 2192 606 2249 imo
638 2199 694 2247 et
726 2192 1195 2248 familiaritatem
1226 2207 1455 2245 summo
1478 2190 1672 2244 studio
1705 2189 1978 2246 coluisse.
2004 2191 2077 2245 Ce

2241 2186 2611 2262 τυγχάνοντα,
2670 2187 2759 2242 καὶ
2813 2188 3094 2264 γνώριμον
3153 2187 3206 2251 ἐς
3267 2190 3335 2244 τὰ
3397 2186 3654 2265 βασιλέως
3703 2187 3824 2261 ὗπάρ·

484 2286 612 2338 tum
644 2281 804 2335 enim
834 2286 923 2335 est
948 2282 1188 2334 Beatum
1219 2295 1525 2350 nunquam
1548 2295 1582 2333 a
1610 2279 1937 2333 Constantii
1958 2280 2077 2333 fam

2245 2296 2436 2351 χοντα,
2469 2276 2556 2331 καὶ
2587 2284 2687 2347 τῆς
2719 2278 2843 2353 περὶ
2897 2279 2989 2333 τὸν
3022 2280 3405 2336 Κωνστάντιον
3437 2280 3526 2334 τὸν
3581 2279 3722 2333 αὐτοῦ
3746 2279 3823 2331 alii

484 2371 743 2428 liaritate
772 2370 955 2424 fuisse
1005 2368 1296 2437 avulsum,
1345 2367 1566 2422 indicia
1608 2367 1973 2438 praebentem
2022 2384 2079 2422 nt

2245 2365 2503 2440 ἑταιρίας,
2535 2364 2630 2421 εἶτ’
2682 2365 2772 2421 οὖν
2822 2366 3034 2445 φιλίας,
3083 2366 3434 2437 σπουδαστὴν
3491 2363 3824 2443 ἀκριϐέστατον.

485 2461 626 2517 bilis
658 2476 778 2514 sua)
837 2463 896 2513 et
952 2457 1347 2530 magnanimis
1405 2456 1643 2513 indolis.
1702 2456 2080 2529 Philostorgii

2245 2454 2496 2510 Φαίνεται
2528 2454 2627 2530 γὰρ
2658 2457 2685 2511 6
2720 2455 3001 2529 Μακάριος
3051 2455 3193 2530 μηδὲ
3222 2458 3453 2513 πώποτε
3496 2459 3589 2527 τῆς
3629 2457 3742 2529 πρὸς
3764 2456 3825 2509 τὸν

486 2566 623 2606 vero
658 2591 672 2616 ,
732 2547 872 2603 licet
920 2546 1372 2603 ardentissimus
1429 2546 1813 2601 Eunomianae
1883 2546 2077 2602 haeres

2245 2542 2617 2600 Κωνστάντιον
2671 2544 2857 2622 φιλίας
2918 2544 3410 2620 ἀποσπασάμενος,
3447 2547 3509 2601 τὸ
3563 2542 3742 2615 ἔνδοξον
3763 2542 3828 2598 αὐ-

487 2644 761 2706 sectator,
795 2654 974 2709 super
1002 2653 1209 2692 omnes
1258 2641 1458 2690 tamen
1508 2640 1831 2705 martyrem
1880 2635 2079 2689 extolli

2240 2638 2339 2688 τοῦ
2396 2633 2487 2688 καὶ
2539 2632 2915 2710 μεγαλουργὸν
2975 2635 3283 2710 ὑποφαίνων
3346 2642 3450 2705 τῆς
3503 2635 3705 2706 φύσεως·
3744 2630 3827 2686 ὁδέ

486 2744 705 2800 magna
725 2726 1032 2794 diligentia
1060 2731 1235 2795 atque
1264 2724 1643 2779 accuratione
1664 2741 1757 2779 res
1777 2730 1970 2795 gestas
2003 2724 2081 2795 ejt

2242 2743 2304 2799 γε
2333 2721 2755 2799 Φιλοστόργιος,
2790 2724 2835 2778 εἰ
2866 2725 2953 2779 καὶ
3016 2722 3281 2801 διάπυρος
3314 2724 3542 2798 ἐραστὴς
3593 2730 3679 2793 τῆς
3704 2720 3827 2780 Εὐνο-

492 2820 750 2884 enarrat,
782 2820 841 2871 et
868 2815 940 2871 ab
973 2814 1236 2885 antiquis
1268 2812 1634 2884 temporibus
1668 2812 1941 2883 martyris
1973 2829 2087 2884 repi

2250 2811 2378 2884 μίου
2440 2812 2674 2886 ὑπάρχει
2736 2811 3046 2888 αἱρέσεως,
3098 2813 3228 2869 ἀλλ’
3287 2812 3447 2887 ὅμως
3511 2814 3630 2887 ὑπὶρ
3678 2812 3826 2868 πάντας

490 2908 561 2963 tit
589 2904 1070 2979 generositatem,
1104 2903 1451 2974 priusquam
1496 2902 1762 2973 martyrii
1810 2902 2085 2957 certamin

2246 2899 2504 2969 ἐκθειάζει
2562 2902 2653 2955 τὸν
2713 2900 3002 2977 μάρτυρα,
3060 2901 3283 2973 πολλήν
3340 2924 3463 2958 τινα
3513 2904 3603 2971 τήν
3654 2897 3827 2957 ἔνστασιν

489 2994 883 3052 describenda
910 2992 1231 3047 adoriatur.
1264 2991 1552 3062 Incipiam
1579 2991 1758 3061 igitur
1788 2996 1847 3046 et
1872 3006 1975 3062 ego
2004 2992 2084 3062 ejt

2245 2989 2335 3044 καὶ
2392 2984 2669 3062 ἀκρίϐειαν
2722 2995 2829 3045 τῶν
2890 2992 3054 3047 αὐτοῦ
3111 2993 3368 3069 πράξεων
3424 2993 3770 3063 ποιησάμενος,
3791 2987 3830 3041 il

488 3084 822 3151 historiam,
886 3081 1213 3138 secundum
1270 3096 1340 3135 ea
1387 3096 1518 3151 quae
1573 3078 1816 3134 tradunt
1868 3084 2083 3134 veterni

2243 3082 2352 3133 τῶν
2387 3075 2588 3133 ἄνωθεν
2632 3080 2846 3155 χρόνων
2901 3081 3000 3148 τήν
3053 3086 3133 3153 τῷ
3187 3082 3429 3158 μάρτυρι
3488 3084 3748 3157 προσοῦσαν
3768 3074 3830 3130 εὖ·

485 3174 647 3231 libri.
2247 3169 2458 3244 γὲνειαν
2517 3170 3035 3243 ὑποσημηνάμενος,
3094 3170 3185 3226 καὶ
3244 3173 3379 3247 πρὶν
3411 3173 3447 3240 ἢ
3486 3177 3589 3227 τῶν
3613 3174 3695 3223 τοῦ
3733 3187 3827 3240 με·

484 3262 676 3337 τυρίου
732 3259 962 3336 ἀγώνων
1018 3256 1337 3336 ἐφάψασθαι.
1398 3256 1664 3332 Ἀρξομαι
1720 3256 1901 3311 τοίνυν
1968 3257 2123 3332 κάγὼ
2179 3262 2279 3327 τῆς
2331 3260 2449 3313 κατ’
2487 3258 2648 3314 αὐτὸν
2716 3259 2977 3334 ἱστορίας,
3046 3262 3121 3323 ὡς
3190 3261 3249 3315 αἱ
3310 3260 3565 3317 παλαιῶν
3620 3253 3829 3331 διαγορεῶ

488 3372 636 3409 ουσιν
665 3347 871 3408 δέλτοι.

560 3445 614 3498 5.
645 3439 926 3496 Idolatria
978 3436 1265 3494 refrenari
1278 3436 1407 3509 jam
1438 3440 1714 3507 coeperat,
1739 3440 1799 3491 et
1847 3436 2146 3492 dwmoum

2322 3442 2378 3495 ε’.
2437 3438 2551 3506 Τῆς
2607 3434 3069 3515 εἷδωλολατρείας
3121 3440 3245 3515 ἄρτι
3302 3437 3726 3506 καταπαυθείσης,
3766 3430 3828 3485 καὶ

486 3532 729 3589 fraudes
760 3528 1043 3601 extingui,
1071 3544 1178 3599 per
1208 3525 1681 3581 misericordiam
1705 3542 1836 3596 quae
1868 3525 2081 3597 impen:

2244 3531 2347 3594 τῆς
2411 3528 2519 3581 τῶν
2578 3523 2849 3599 δαιμόνων
2896 3526 3108 3597 ἀπάτης
3169 3522 3641 3597 κατασϐεσθείσης,
3690 3524 3829 3588 ἰκτῆς

488 3621 603 3677 fuit
631 3637 665 3675 a
695 3634 906 3690 magno
940 3618 1055 3672 Deo
1079 3622 1136 3671 et
1164 3615 1461 3671 Salvatore
1507 3619 1711 3669 nostro
1736 3616 1873 3669 Jesu
1904 3615 2083 3669 Cbrisi

2246 3614 2546 3688 γενομένης
2578 3613 2991 3692 φιλανθρωπίας
3025 3616 3169 3691 παρά
3227 3621 3327 3673 τοῦ
3364 3615 3598 3693 μεγάλου
3639 3616 3745 3668 Θεοῦ
3765 3609 3823 3662 καὶ

486 3710 663 3767 beato
700 3714 758 3763 et
801 3706 1127 3762 venerabili
1175 3706 1585 3771 Constantino,
1635 3705 2039 3761 illustrissimo

2252 3706 2513 3779 Σωτῆρος
2554 3706 2715 3777 ἡμῶν
2776 3705 2961 3774 Ἰησοῦ
3019 3706 3257 3781 Χριστοῦ
3311 3706 3439 3783 περὶ
3493 3704 3579 3760 τὸν
3636 3700 3826 3775 μακάριον

488 3799 588 3871 pio
620 3796 985 3869 imperatori,
1019 3795 1356 3850 Constantis
1387 3800 1447 3849 et
1491 3794 1681 3850 beatas
1708 3795 1944 3849 Helenaa
1990 3794 2083 3849 filii

2249 3792 2338 3845 καὶ
2399 3789 2655 3865 ἀοίδιμον
2717 3796 3149 3863 Κωνσταντῖνον,
3210 3795 3305 3850 τὸν
3371 3793 3726 3869 ὑπερλαμπρον
3768 3784 3826 3839 καὶ

487 3887 597 3954 Qui
620 3885 848 3943 scilicet
875 3902 982 3957 per
1000 3884 1243 3939 vivifica
1274 3884 1466 3939 crucis
1504 3883 1567 3938 in
1612 3884 1776 3939 caalis
1806 3884 2082 3955 apparitic

2252 3876 2445 3946 εὐσεϐῆ
2479 3878 2729 3956 βασιλέα,
2762 3883 2854 3936 τὸν
2882 3888 2982 3938 τοῦ
3032 3888 3395 3949 Κῶνσταντος
3451 3884 3590 3957 [344]
3636 3879 3729 3934 υίὸν
3769 3872 3826 3929 ιιεέ

488 3994 629 4035 nem
658 3975 731 4030 ab
763 3974 927 4030 inani
957 3973 1254 4029 idolorum
1294 3989 1491 4028 errore
1515 3978 1841 4040 revocatus,
1866 3973 2083 4028 inimim

2248 3976 2349 4039 τῆς
2413 3970 2682 4044 μακαρίας
2740 3971 2994 4043 Έλὲνης,
3055 3974 3207 4035 ὅπως
3259 3995 3321 4029 τε
3350 3974 3514 4029 αὐτὸν
3544 3970 3597 4026 ἐκ
3633 3976 3715 4037 τῆς
3756 3984 3827 4036 μα·

490 4071 551 4123 et
579 4064 862 4121 scelestos
892 4061 1190 4135 principes
1223 4062 1524 4133 superavit
1552 4061 1820 4134 ejusdem
1850 4079 2085 4118 venerai

2249 4057 2404 4122 ταίας
2428 4064 2538 4115 τῶν
2572 4057 2817 4115 εἰδώλων
2876 4059 3091 4132 πλάνης
3140 4060 3529 4131 ἀνεκαλέσατο,
3556 4060 3635 4115 καὶ
3660 4064 3738 4125 τῆς
3760 4054 3826 4107 τοῖ’

492 4155 584 4213 (ιω
615 4153 808 4210 crucis
838 4169 949 4225 ope
971 4157 1031 4208 et
1068 4152 1303 4209 virtute.
1339 4151 1529 4207 Simul
1560 4158 1617 4207 et
1648 4156 1920 4207 sanctum
1951 4152 2086 4207 Chri

2254 4152 2528 4219 ζωοποιοῦ
2571 4153 2804 4225 σταυροῦ
2834 4148 2887 4205 ἐν
2921 4151 3138 4225 οὐρανῷ
3167 4148 3479 4225 ἐπιδείξεως
3510 4195 3524 4219 ,
3564 4152 3667 4209 πῶς
3690 4165 3736 4199 τε
3755 4145 3824 4195 τῶν

494 4244 793 4299 tianorum
824 4258 1008 4297 cornu
1041 4240 1363 4296 exaltatum
1396 4245 1505 4307 est,
1542 4240 1913 4296 Constantini
1947 4240 2089 4295 studi

2252 4238 2468 4313 ἐχθρῶν
2499 4238 2586 4293 καὶ
2628 4238 2964 4313 παρανόμων
3020 4239 3291 4315 βασιλέων
3325 4240 3645 4315 περιεγένετο
3672 4232 3741 4289 8ιᾶ
3760 4236 3824 4297 τῖε

491 4349 561 4389 ac
590 4332 707 4387 ﬁde
756 4331 840 4387 ita
867 4330 1267 4386 confortatum
1319 4335 1379 4386 et
1428 4328 1766 4396 adauctum,
1807 4334 1874 4383 ut
1925 4329 2086 4383 Chris

2248 4331 2348 4383 τοῦ
2378 4326 2565 4401 τιμίου
2613 4332 2847 4405 σταυροῦ
2902 4327 3173 4405 ἐνεργείας
3228 4351 3289 4385 τε
3346 4331 3436 4385 καὶ
3485 4328 3745 4400 δυνάμεως,
3766 4316 3824 4372 υἶ

490 4421 835 4495 praadicatio
870 4426 1057 4476 totum
1089 4419 1349 4492 repleret
1379 4419 1607 4485 orbem,
1638 4418 1915 4473 universa
1953 4417 2085 4473 ἱάοι‹

2251 4422 2369 4479 πῶς
2401 4415 2462 4472 τὸ
2490 4418 2827 4494 Χριστιανῶν
2876 4417 3128 4496 θεοφιλὲς
3190 4419 3385 4493 ὑψώθη
3445 4418 3618 4492 κέρας,
3664 4408 3822 4472 ὑπὸτῆς

492 4510 689 4566 lorum
720 4510 949 4575 altaria,
985 4509 1303 4565 simulacra
1326 4513 1383 4563 et
1413 4507 1636 4579 templa
1660 4507 2003 4577 ubicunque
2028 4512 2082 4562 te

2255 4508 2419 4563 αὐτοῦ
2477 4508 2786 4585 προθυμίας
2838 4509 2929 4564 καὶ
2986 4510 3220 4572 πίστεως
3253 4554 3267 4581 ,
3342 4503 3758 4586 συγκροτούμενόν
3788 4515 3822 4548 τε

493 4616 696 4656 rarum
729 4600 1196 4668 destruerentur,
1226 4604 1286 4654 et
1309 4599 1786 4654 instaurarentur
1821 4597 1923 4652 Dei
1957 4598 2088 4653 eccli

2254 4597 2341 4651 καὶ
2400 4597 2879 4671 συναυξανόμενον,
2933 4598 3037 4653 ὥτε
3091 4599 3153 4653 τὸ
3210 4603 3309 4653 τοῦ
3369 4599 3600 4671 Χριστοῦ
3639 4593 3822 4671 ιιήρυγιιξίι

494 4690 618 4758 sim,
652 4706 800 4761 quas
832 4688 1047 4744 Christi
1078 4687 1309 4743 inimici
1338 4692 1514 4758 atque
1545 4685 1711 4758 impii
1755 4685 2089 4757 imperatori

2254 4691 2426 4740 πᾶσαν
2481 4670 2775 4760 πληρῶσαι
2831 4688 2930 4755 τήν
3003 4686 3307 4761 οἶκουμὲνη
3337 4732 3352 4758 ,
3405 4670 3740 4757 καθαιρεθῆναι
3787 4670 3822 4724 δι

496 4782 852 4834 everterant.

2254 4775 2455 4838 πάντας
2508 4776 2638 4837 τοὺς
2698 4774 2926 4851 βωμοὺς
2992 4781 3100 4831 τῶν
3158 4774 3410 4832 εἰδώλων
3462 4776 3544 4829 καὶ
3595 4769 3723 4841 ξόανα
3760 4762 3818 4851 ιαξ

491 4865 658 4929 ναοὺς
690 4864 952 4934 ἅπαντας,
984 4863 1110 4920 ὅποι
1161 4864 1298 4919 ποτὶ
1350 4865 1452 4939 γῆς
1493 4860 1823 4939 ἐτύγχανον,
1853 4859 2329 4938 ἀνοικοδομεῖσθαι
2361 4862 2419 4919 δὶ
2464 4865 2562 4927 τὰς
2592 4842 2855 4920 τοῦ-Θεοῦ
2911 4864 3227 4936 ἐκκλησίας,
3258 4864 3320 4927 ἃς
3351 4867 3406 4920 οἱ
3440 4862 3740 4937 μισόχριστοι
3762 4842 3819 4902 ui

495 4950 740 5019 δυσεϐεῖς
775 4952 1021 5032 βασιλεῖς
1050 4950 1461 5020 κατηνάλωσαν.

570 5133 588 5167 ί
619 5131 643 5184 Ι
673 5130 828 5185 Petr.
853 5144 915 5197 ιι,
944 5130 996 5184 9.

2091 5278 2318 5334 NOTE.

575 5424 651 5496 (4)
684 5426 747 5479 In
780 5426 852 5481 iis
882 5427 983 5497 qui
1018 5430 1337 5497 supersunt
1361 5422 1619 5497 Eusebii,
1654 5422 1911 5497 socratis
1935 5428 1994 5477 et
2014 5424 2151 5497 Phi-
2263 5426 2348 5492 tii,
2382 5441 2507 5479 cum
2558 5423 2948 5497 magistratum
3005 5425 3166 5479 illum
3217 5430 3447 5497 gereret,
3488 5418 3697 5497 plurima

504 5479 770 5566 lostrogii
804 5479 991 5565 libris,
1032 5479 1281 5561 nullam,
1328 5479 1663 5551 invenimus
1694 5494 1763 5549 de
1785 5495 1851 5566 iS.
1887 5496 2149 5550 Artemio
2261 5479 2385 5551 min
2403 5479 3112 5566 simulac;aiconfregerat,
3167 5479 3272 5549 ηόη
3302 5479 3666 5566 solum‘bogli;

501 5542 891 5639 mentionem.
921 5543 1031 5622 sed
1061 5569 1217 5639 apud
1247 5542 1702 5631 'i‘heodoretum,
1736 5565 1840 5639 lib.
1898 5583 1988 5631 ιιι,
2021 5584 2096 5621 ca

2264 5584 2450 5621 verum
2507 5569 2671 5621 etiam
2730 5542 2909 5637 capite
2933 5542 3235 5622 υῑιηιιιίγαυὶε
3268 5608 3280 5620 .
3313 5568 3437 5621 Ηωο
3472 5568 3540 5639 ρι
3583 5542 3804 5639 lanium?

507 5643 595 5719 l8,
653 5637 868 5719 legitur
874 5655 916 5719 -ξ
974 5626 1269 5719 Arténium
1328 5656 1563 5719 quoque,
1596 5626 1699 5709 qui
1740 5638 1856 5719 dua:
1898 5626 2155 5719 lnilituin
2263 5640 2377 5719 alia
2406 5641 2691 5719 commissa
2718 5626 2845 5694 sunt
2874 5639 2945 5719 (ιζ)
2975 5638 3096 5719 illo,
3138 5655 3294 5719 quem
3325 5626 3805 5719 gentiles-mergit?

503 5693 693 5783 fuerat
713 5693 822 5782 per
848 5693 1165 5780 Eas/ptum,
1205 5693 1267 5765 eo
1321 5693 1470 5780 ᾅιιοά
1527 5693 1857 5779 ὡηῖρονὶὁιιε
1889 5709 2156 5766 Constan-
2265 5713 2463 5767 simum
2492 5717 2544 5767 et
2574 5693 2642 5766 ab
2669 5693 2963 5767 iracundia
2982 5693 3371 5767 aliim‘ssimuiiz
3391 5704 3687 5778 pradicant.
3710 5693 3803 5746 Εῡῐτ·
