4040 6204
213 379 353 436 125³7

286 504 351 566 ς“.
382 499 609 558 Τούτων
637 503 727 558 οῦν
760 502 1088 578 γινομένων,
1149 504 1249 560 οὔκ
1292 504 1518 579 ἤνεγκεν
1575 506 1674 571 τὴν
1730 524 1864 557 τοσ-
1893 503 1948 571 Α

212 590 383 661 αύτην
425 587 738 663 μεταϐολὴν
773 593 798 646 6
829 597 947 654 τοῖς
1005 592 1197 655 καλοῖς
1233 593 1538 670 βασκαίνων
1583 586 1866 659 διάϐολος,

213 679 345 735 ἀλλ’
375 678 567 757 ἤγειρε
598 681 768 751 ζάΑην
818 680 907 735 καὶ
956 680 1205 758 τάραχον
1252 680 1341 737 διὰ
1393 687 1501 737 τῶν
1562 681 1725 735 αὐτοῦ
1783 681 1867 735 οἱ-

202 769 371 824 κείων
410 768 783 826 ὑπασπιστῶν.
840 771 1063 845 ’Ᾱρειος
1105 771 1207 847 γὰρ
1267 772 1295 826 ὁ
1352 776 1452 841 τῆς
1513 768 1705 844 μανίας
1765 769 1863 823 ἐπ-

207 859 461 932 ώνυμος,
511 865 610 929 τῆς
670 858 724 913 ἐν
784 858 1162 936 ’Δλεξανδρείᾳ
1208 859 1542 931 Ἐκκλησίας
1598 860 1863 935 ὑπάρχων

197 942 592 1022 πρεσϐύτερος,
637 945 823 1010 δεινῶς
879 970 936 1004 τε
990 948 1190 1019 ταύτην
1251 949 1487 1025 έτάραξε,
1539 946 1720 1024 δόγμα
1775 970 1858 1002 κι-

201 1039 376 1107 νήσας
404 1039 723 1111 παράνομον
753 1036 848 1092 καὶ
897 1040 1074 1105 πάσης
1128 1038 1479 1117 βλασφημίας
1531 1037 1853 1110 ἀνάμεστον.

197 1126 441 1204 Ἔφασκε
471 1127 576 1201 γὰρ
625 1128 716 1181 τὸν
770 1127 893 1181 Υίὸν
949 1132 1044 1182 τοῦ
1089 1132 1221 1183 Θεοῦ
1304 1129 1394 1183 τὸν
1451 1131 1730 1202 μονογενῇ,
1761 1128 1853 1181 τὸν

195 1216 565 1290 προαιώνιον,
590 1215 790 1288 κτίσμα
822 1216 974 1285 εἶναι,
998 1215 1087 1271 καὶ
1117 1224 1218 1286 τῆς
1250 1222 1345 1271 τοῦ
1404 1220 1538 1271 Θεοῦ
1593 1216 1683 1271 καὶ
1744 1222 1852 1270 Πα-

186 1304 325 1378 τρὸς
359 1302 545 1366 οὐσίας
576 1303 898 1376 ἀλλότρῖον,
958 1307 1056 1360 Διά
1109 1327 1195 1360 τοι
1250 1307 1482 1375 ταῦταή
1544 1305 1594 1360 ἐν
1653 1304 1853 1376 Νικαίᾳ

185 1396 304 1446 τῶν
357 1392 522 1469 ἁγίων
580 1394 904 1468 τριακοσίων
967 1392 1240 1449 δεκαοκτὼ
1292 1395 1543 1471 Πατέρων
1604 1394 1852 1469 ἀθροίζε-

182 1501 282 1535 ται
315 1479 559 1552 σύνοδος,
593 1482 681 1537 καὶ
712 1483 805 1537 τὸν
833 1487 1050 1559 ’Ἄρειον
1097 1482 1421 1553 καθελοῦσα,
1469 1484 1559 1538 τὸν
1593 1481 1715 1537 Υὶὸν
1752 1486 1849 1536 τοῦ

179 1573 327 1624 Θεοῦ
358 1571 447 1625 καὶ
478 1570 680 1645 Κύριον
714 1574 877 1645 ⁴ἡμῶν
913 1573 1120 1643 Ἰησοῦν
1148 1573 1387 1648 Χριστὸν
1442 1572 1698 1646 κηρύττει
1746 1576 1845 1626 τοῦ

174 1659 409 1735 Πατρὸς
439 1659 758 1733 ὁμοούσιον.
792 1659 971 1718 Ἀλλά
1024 1666 1194 1716 ταῦτα
1250 1663 1343 1735 μὲν
1396 1659 1451 1717 α⁹ί
1505 1684 1565 1717 τε
1617 1666 1726 1717 τῶν
1757 1659 1843 1734 ἓξ-

172 1750 325 1804 ωθεν
412 1748 645 1823 ἱστορίαι
706 1747 1136 1826 διαγορεύουσιν,
1206 1750 1303 1806 οὐκ
1378 1750 1556 1828 ὀλίγοι
1618 1749 1676 1806 δὶ
1731 1755 1838 1805 τῶν

1572 383 1629 435 8.
1670 379 1971 436 ARTEMII
2009 381 2275 437 PASSIO.

3486 399 3629 461 1258

2049 508 2101 559 6.
2135 507 2285 563 Dum
2314 508 2442 566 hanc
2472 512 2706 582 ﬁerent,
2734 530 2855 571 non
2885 515 3024 572 tulit
3046 520 3273 575 tantam
3315 539 3517 583 rerum
3547 529 3627 583 vi-

1975 594 2387 654 cissitudinem
2410 602 2508 671 qui
2540 602 2715 658 bonis
2750 605 2973 661 invidet
3028 607 3323 679 diabolus,
3360 615 3463 668 sed
3495 619 3625 693 suis

1970 682 2301 741 fautoribus
2333 705 2475 744 usus
2508 693 2780 749 excitavit
2808 696 3132 766 procellam
3181 704 3240 753 et
3299 682 3617 761 turbinem:

1969 772 2143 828 Arius
2202 777 2381 845 enim,
2434 780 2532 849 qui
2594 782 2822 837 insanas
2895 784 3107 841 haeresi
3165 805 3384 844 nomen
3443 809 3616 849 suum

1967 866 2263 935 ascripsit,
2297 868 2713 928 Alexandrinae
2756 876 3033 932 Ecclesiaa
3087 880 3416 952 presbyter,
3463 884 3617 942 hanc

1967 952 2264 1010 horrendo
2298 959 2472 1013 modo
2506 958 2899 1032 conturbavit,
2954 967 3287 1025 doctrinam
3332 975 3611 1033 emittens

1964 1042 2208 1114 impiam
2230 1051 2287 1098 et
2319 1050 2639 1105 teterrimis
2666 1052 3055 1125 blasphemiis
3082 1058 3614 1121 abundantem.Di-

1963 1131 2133 1186 cebat
2163 1135 2321 1188 enim
2355 1136 2569 1191 Filium
2606 1140 2709 1194 Dei
2740 1143 3137 1215 unigenitum,
3169 1150 3270 1219 qui
3328 1158 3465 1207 ante
3498 1172 3609 1208 saa—

1961 1220 2095 1275 cula
2123 1228 2298 1277 natus
2346 1232 2454 1295 est,
2497 1233 2829 1285 creaturam
2875 1250 3003 1289 esse
3042 1241 3219 1307 atque
3283 1240 3547 1297 alienum
3577 1260 3611 1299 a

1960 1309 2292 1366 substantia
2312 1314 2416 1368 Dei
2451 1320 2509 1370 et
2538 1318 2751 1376 Patris.
2787 1322 3158 1395 QuaprOpter
3185 1328 3437 1384 Nicaeam
3470 1349 3609 1387 san-

1956 1403 2186 1454 ctorum
2218 1407 2617 1460 trecentorum
2642 1412 2700 1462 et
2720 1411 3048 1467 octodecim
3073 1416 3312 1472 Patrum
3334 1423 3609 1478 convenit

1956 1488 2239 1557 synodus,
2268 1490 2669 1566 damnatoque
2692 1499 2853 1565 Ario,
2878 1499 3140 1557 declarat
3170 1505 3381 1561 Filium
3414 1510 3515 1564 Dei
3548 1517 3606 1566 et

1957 1578 2267 1633 Dominum
2292 1588 2563 1637 nostrum
2584 1587 2783 1641 Jesum
2807 1590 3105 1657 Christum
3130 1595 3286 1649 Patri
3306 1612 3433 1652 esse
3457 1617 3602 1655 con-

1952 1669 2430 1728 substantialem.
2466 1676 2577 1730 Sed
2613 1678 2737 1734 haec
2768 1680 3011 1750 quidem
3043 1689 3102 1738 et
3139 1685 3474 1744 infidelium
3507 1692 3597 1746 hi-

1947 1759 2146 1814 storias
2178 1762 2441 1831 tradunt,
2475 1770 2534 1819 et
2565 1783 2685 1821 non
2734 1770 2906 1840 pauci
2967 1787 2997 1825 e
3046 1776 3269 1831 nostris
3325 1786 3597 1838 accurate

169 1839 470 1915 ἡμετέρων
524 1835 898 1915 διηκρίϐωσάν
951 1860 1009 1894 τε
1065 1841 1157 1895 καὶ
1211 1842 1643 1916 κατετράνωσαν·
1708 1838 1830 1913 ἐμοὶ

1945 1856 2267 1905 narrarunt
2319 1858 2377 1906 et
2434 1854 2497 1908 in
2537 1835 2754 1911 lucem-
2781 1860 3176 1929 protulerunt.
3227 1866 3363 1921 Mihi
3395 1875 3595 1926 autem

166 1926 239 1984 δὲ
267 1928 391 2004 περὶ
419 1930 585 1985 ταῦτα
617 1926 907 2005 διατρίϐειν
942 1932 970 1986 6
1019 1935 1110 1986 νῦν
1169 1932 1278 2006 οὐχ
1334 1931 1558 2005 ἁρμόσει
1617 1934 1825 2003 καιρὸς,

162 2014 360 2087 ἄλλης
411 2018 535 2095 περὶ
592 2020 800 2074 τούτων
858 2017 1123 2093 δεομένης
1178 2016 1560 2096 ἀκριϐεστέρας
1614 2021 1827 2090 σχολῆς

159 2128 235 2162 τε
263 2107 352 2161 καὶ
387 2104 743 2182 διασκέψεως.
775 2109 850 2164 Τὰ
881 2107 938 2164 δὲ
992 2113 1087 2164 νῦν
1143 2110 1205 2165 τὸ
1257 2109 1458 2185 φθάσαν
1514 2109 1672 2165 αύτὸν
1729 2114 1827 2165 τοῦ

168 2198 308 2272 βίου
335 2196 499 2261 τέλος
540 2195 899 2274 διηγήσομαι.
1528 2240 1533 2245 ς

248 2289 398 2361 [345]
433 2288 492 2355 ζ’.
522 2288 583 2345 Ὀ
630 2292 756 2363 γοῦν
818 2286 1184 2366 φιλόχριστος
1249 2288 1502 2365 βασιλεὺς
1548 2291 1825 2345 Κωνσταν-

159 2376 327 2435 τῖνος
359 2374 434 2436 εἷς
478 2376 542 2430 τὸ
598 2381 814 2450 πρῶτον
866 2377 956 2431 καὶ
1010 2380 1330 2453 τριακοστὸν
1390 2374 1509 2439 ἔτος
1539 2376 1823 2451 προελθὼν

160 2470 272 2531 τῆς
358 2463 523 2517 αὐτοῦ
604 2463 905 2535 βασιλείας,
964 2466 1052 2521 καὶ
1126 2470 1226 2521 τοῦ
1279 2465 1529 2540 δευτέρου
1612 2461 1822 2537 ἐπιϐὰς,

164 2548 366 2620 ἐπειδὴ
401 2550 625 2615 ἐπύθετο
655 2552 782 2617 τοὺς
835 2553 1043 2630 Πέρσας
1100 2555 1175 2616 εἷς
1233 2552 1479 2627 πόλεμον
1530 2554 1611 2608 ἐπ’
1663 2554 1821 2608 αὐτὸν

166 2643 780 2713 παρασκευαζομένους,
852 2642 982 2717 ἂρας
1034 2643 1093 2698 ἐκ
1160 2650 1260 2713 τῆς
1338 2644 1528 2697 ἑαυτοῦ
1585 2641 1822 2711 πόλεως,

173 2727 319 2803 ἆχρι
348 2736 443 2798 τῆς
470 2731 844 2804 Νικομηδείας
876 2730 1031 2811 ὣφθη
1080 2737 1187 2788 τῶν
1244 2734 1504 2788 Βιθυνῶν·
1560 2727 1682 2787 ἔνθα
1730 2731 1822 2786 καὶ

163 2816 404 2889 τελευτᾷ
429 2820 518 2874 τὸν
554 2820 670 2894 βίον
704 2819 754 2893 ἐξ
805 2816 1105 2891 ἐπιϐουλῆς
1152 2826 1259 2876 τῶν
1309 2822 1499 2876 ἑαυτοῦ
1549 2819 1820 2898 ἀδελφῶν,

166 2908 464 2984 φάρμακον
523 2908 670 2981 αύτῷ
728 2907 1070 2984 δηλητήριον
1145 2909 1511 2983 ἐκχεαμένων,
1576 2910 1821 2985 ἀστέρος,

166 2996 250 3059 ὥς
280 3018 430 3069 φασι,
461 3001 712 3070 κομήτου
759 2999 851 3055 τὸν
912 3001 1137 3055 θάνατον
1197 3001 1364 3055 αὐτοῦ
1434 2999 1821 3074 προμηνύσαν-

160 3107 287 3147 τος.
321 3088 490 3144 Ἦσαν
527 3086 583 3143 δὲ
611 3093 690 3161 τῷ
723 3088 1114 3162 Κωνσταντίνῳ
1165 3087 1393 3167 ἀδελφοὶ
1423 3089 1558 3165 πρὸς
1616 3092 1820 3165 πατρὸς

165 3173 313 3244 οἵδε,
365 3176 695 3250 Δαλμάτιος,
751 3174 1196 3249 Ἀναϐαλκιανὸς,
1256 3178 1346 3233 καὶ
1422 3179 1816 3241 Κωνστάντιος’

163 3265 336 3326 αὐτὸς
361 3265 462 3339 γὰρ
495 3264 544 3338 ἐξ
569 3265 797 3336 Ἑλένης
823 3266 991 3340 μόνος
1046 3268 1114 3337 ἦν
1166 3272 1246 3340 τῷ
1294 3268 1455 3342 πατρὶ
1505 3268 1816 3323 Κώνσταντι

164 3353 250 3408 ἔτι
283 3351 626 3409 ἷδιοτεύοντι’
656 3354 715 3410 ἐκ
745 3354 802 3410 δὲ
832 3364 931 3427 τῆς
992 3358 1252 3433 θυγατρὸς
1308 3361 1668 3431 Μαξιμιανοῦ,
1727 3359 1821 3412 τοῦ

159 3441 541 3517 Ἔρχουλλίου
597 3442 1101 3519 ἐπονομαζομένου,
1160 3444 1459 3521 Θεοδὼρας,
1511 3442 1683 3523 ἕτεροι
1730 3468 1820 3521 γε·

159 3531 398 3607 γόνασιν
423 3532 569 3605 αὐτῷ
598 3532 808 3594 παῖδες’
844 3534 874 3589 ὅ
900 3557 958 3590 τε
989 3535 1319 3611 προρρηθεῖς
1367 3535 1699 3609 Δαλμάτιος,
1729 3536 1818 3591 καὶ

162 3616 750 3693 Ἀναϐαλλιανὸς,καί
809 3624 1199 3686 Κωνστάντιος⁶
1260 3623 1351 3688 οῦς
1404 3624 1494 3678 καὶ
1554 3624 1818 3698 Καίσαρας

159 3711 629 3773 ὁΚωνσταντῖνος
684 3712 773 3766 καὶ
827 3708 1274 3785 νοϐελΛτ,σίμους
1304 3712 1548 3786 ἐτίμησε,
1599 3712 1813 3768 Τούτων

157 3799 189 3853 ὁ
255 3798 630 3857 Κωνστάντιος
688 3800 747 3855 ἐκ
793 3808 893 3871 τῆς
955 3802 1309 3879 συναφθείσης
1370 3803 1518 3874 αὐτῷ
1574 3809 1814 3877 γαμετῆς

160 3892 336 3962 γεννᾷ
368 3887 576 3943 Γάλλον
610 3910 668 3943 τε
705 3891 792 3944 καὶ
844 3890 1142 3946 Ἰουλιανὸν
1172 3892 1263 3947 τὸν
1320 3887 1637 3961 παραϐάτην
1700 3891 1816 3945 ἐπι-

155 3976 461 4050 κληθέντα,
498 3976 590 4033 διὰ
617 3979 680 4033 τὸ
707 3981 799 4035 τὸν
832 3981 1066 4056 Χριστὸν
1100 3981 1474 4054 ἐξομόσασθαι,
1531 3980 1619 4035 καὶ
1679 3982 1816 4055 πρὸς

157 4069 270 4136 τήν
326 4064 662 4139 ἘΛληνικήν
718 4068 1012 4125 ἀποκλῖναι
1074 4072 1385 4145 θρησκείαν·
1461 4072 1520 4133 ’ὸς
1582 4072 1673 4127 καὶ
1725 4072 1815 4125 τὸν

161 4158 345 4231 μέγαν
375 4162 471 4212 τοῦ
509 4162 745 4233 Χριστοῦ
806 4160 1054 4236 μάρτυρα
1110 4162 1201 4216 καὶ
1256 4159 1570 4216 πολύαθλον
1621 4162 1813 4236 Ἀρτέ-

154 4267 301 4321 μιον
328 4246 381 4302 ἐν
409 4252 487 4320 τῷ
523 4248 829 4324 βασιλεύειν
888 4249 1048 4305 αὐτὸν
1111 4249 1363 4319 ἐκόλασε,
1422 4248 1511 4305 διὰ
1555 4251 1655 4319 τήν
1740 4248 1815 4314 εἲς

150 4336 405 4411 Χριστὸν
435 4336 616 4393 πίστιν
648 4341 735 4395 καὶ
767 4343 861 4395 τὸν
893 4340 1064 4411 ζῆλον
1093 4342 1185 4396 τὸν
1216 4340 1411 4398 ἔνθεον.
1443 4339 1619 4398 ’Λλλά
1646 4344 1815 4395 ταῦτα

158 4429 267 4501 μὶν
297 4426 515 4503 ὕστερον
548 4429 637 4483 καὶ
674 4430 808 4502 μετά
844 4432 1047 4505 χρόνου
1075 4428 1376 4506 γεγόνασιν.

234 4516 310 4587 η’.
342 4517 490 4592 Ἐγὼ
514 4516 570 4572 δὲ
600 4518 664 4573 τὰ
695 4514 1054 4593 πεπραγμένα
1105 4525 1222 4582 τοῖς
1270 4517 1381 4574 ἅνω
1440 4519 1669 4595 χρόνοις
1728 4517 1813 4573 δι-

1942 1954 2104 1993 nunc
2126 1939 2188 1993 in
2211 1939 2303 1995 his
2335 1944 2559 1997 morari
2591 1960 2713 1999 non
2769 1954 2956 2016 vocat,
2998 1950 3292 2022 siquidem
3352 1972 3595 2015 accura-

1940 2026 2109 2082 tioris
2131 2033 2191 2082 et
2219 2030 2323 2084 otii
2355 2036 2414 2085 et
2451 2032 2629 2087 studii
2660 2033 2985 2107 indigeant.

2009 2296 2061 2351 7.
2094 2294 2277 2366 Igitur
2296 2297 2843 2357 Christianissimus
2872 2303 3198 2375 imperator
3246 2310 3582 2369 Constanti-

1936 2397 2301 2448 nus,annum
2334 2387 2499 2457 regni
2532 2388 2621 2442 sui
2656 2390 3023 2448 tricesimum
3055 2396 3313 2465 primum
3343 2408 3583 2471 printer-

1934 2487 2191 2541 gressus,
2218 2478 2275 2526 et
2305 2474 2627 2546 incipiente
2654 2481 2939 2551 secundo,
2971 2499 3106 2538 cum
3138 2487 3355 2542 certior
3392 2489 3585 2549 factus

1936 2565 2093 2614 esset
2120 2562 2329 2616 Persas
2359 2563 2639 2620 adversus
2653 2582 2787 2622 eum
2805 2568 3029 2626 bellum
3061 2574 3586 2647 moliri,profectus

1935 2665 2005 2703 ex
2028 2650 2173 2705 urbe
2205 2668 2329 2719 sua,
2372 2654 2775 2711 Nicomediam
2849 2660 3137 2731 Bithynia:
3197 2667 3375 2722 venit.
3427 2671 3585 2727 Obiit

1932 2738 2156 2793 ibidem
2190 2757 2259 2795 ex
2290 2743 2700 2813 conjuratione
2730 2746 2981 2803 fratrum
3011 2767 3276 2821 suorum,
3299 2758 3580 2825 poculum

1933 2834 2289 2883 venenatum
2322 2830 2374 2884 ei
2408 2832 2880 2903 propinantium,
2914 2845 3146 2895 cometa
3186 2860 3442 2915 quoque,
3493 2849 3579 2903 uti

1933 2916 2159 2984 dicunt,
2197 2918 2383 2989 ipsius
2411 2926 2665 2976 mortem
2714 2927 3126 2999 prmsagiente.
3160 2933 3341 2988 Erant
3378 2941 3577 2993 autem

1933 3007 2319 3061 Constantino
2352 3026 2422 3063 ex
2451 3016 2617 3081 patre
2645 3012 2857 3068 fratres
2890 3016 3578 3090 Dalmatius,Anaballia-

1932 3111 2044 3149 nus
2077 3101 2133 3149 et
2163 3096 2577 3165 Constantius;
2612 3100 2737 3171 ipse
2769 3104 2930 3158 enim
2961 3122 3031 3160 ex
3084 3108 3308 3166 Helena
3362 3114 3573 3170 unicus

1931 3190 2056 3240 erat
2089 3185 2246 3239 ﬁlius
2269 3187 2604 3243 Constantis
2644 3190 2837 3247 adhuc
2868 3194 3098 3264 privati,
3133 3199 3226 3253 cui
3277 3216 3346 3255 ex
3376 3203 3571 3258 Theo-

1931 3274 2095 3342 dora,
2152 3276 2485 3331 Maximiani
2518 3281 2869 3351 cognomine
2928 3285 3185 3341 Herculii
3245 3290 3387 3358 ﬁlia,
3436 3294 3572 3348 reli-

1928 3364 2026 3434 qui
2059 3364 2413 3435 prodierunt
2431 3366 2849 3442 liberi,nempe
2875 3375 3197 3445 supradicti
3220 3380 3569 3451 Dalmatius,

1925 3451 2353 3507 Anaballianus
2386 3459 2445 3507 et
2472 3456 2871 3513 Constantius.
2928 3462 3043 3517 Hos
3064 3481 3202 3520 vero
3233 3468 3572 3525 Constanti-

1924 3554 2038 3591 nus
2068 3539 2328 3594 Caasares
2351 3546 2409 3594 et
2436 3543 2803 3601 nobilissimos
2835 3549 2911 3618 (5)
2944 3553 3270 3611 constituit.
3290 3558 3333 3610 E
3352 3559 3570 3628 quibus

1922 3628 2302 3683 Constantius
2333 3647 2404 3685 ex
2426 3630 2689 3704 legitima
2717 3638 2968 3710 conjuge
2992 3645 3320 3711 procreavit
3340 3648 3569 3705 Galium

1923 3721 1982 3771 et
2007 3717 2330 3787 lulianum,
2367 3722 2711 3790 Apostatam
2744 3730 3248 3801 cognominatum,
3289 3751 3355 3790 eo
3388 3739 3567 3808 quod,

1921 3806 2154 3860 Christo
2186 3807 2480 3878 abjurato,
2514 3810 2587 3864 ad
2608 3814 2923 3883 gentilium
2948 3806 3431 3891 superstitionem
3463 3806 3565 3883 de;

1921 3894 2251 3951 clinaverit.
2285 3898 2393 3961 Qui
2426 3904 2716 3969 praeterea
2751 3903 3001 3975 imperio
3027 3911 3249 3980 potitus
3281 3931 3563 3986 magnum

1921 3984 2134 4038 Christi
2168 3989 2488 4056 martyrem
2517 3993 2575 4041 et
2604 3991 2809 4047 multis
2839 3999 3263 4057 certaminibus
3280 3984 3561 4061 victorem

1920 4074 2248 4128 Artemium
2276 4076 2567 4146 supplicio
2597 4080 2805 4135 affecit.
2846 4092 3087 4155 propter
3106 4090 3284 4145 ﬁdem
3311 4092 3372 4147 in
3402 4096 3564 4149 Chri-

1921 4168 2076 4218 stum
2110 4170 2166 4218 et
2197 4165 2460 4221 divinum
2483 4168 2611 4239 ejus
2642 4171 2937 4229 ardorem.
2974 4177 3085 4231 Sed
3144 4180 3269 4236 haec
3316 4184 3558 4254 quidem

1920 4252 2073 4309 infra
2094 4258 2153 4308 et
2173 4255 2501 4311 secundum
2532 4260 2817 4330 temporis
2847 4263 3141 4324 ordinem.

1992 4522 2045 4574 8.
2080 4522 2474 4591 Posteaquam
2521 4539 2657 4580 vero
2716 4543 3032 4587 narravero
3064 4551 3195 4605 quas
3244 4541 3567 4611 superiori-

152 4605 539 4680 ηγησάμενος,
599 4606 685 4662 ἐπὶ
742 4608 810 4662 τὰ
880 4603 1161 4680 συμϐάντα
1216 4613 1295 4681 τῷ
1358 4608 1586 4685 μάρτυρι
1644 4608 1808 4663 πάλιν

1943 4626 2027 4663 ius
2060 4610 2427 4680 temporibus
2472 4619 2603 4669 acta
2652 4622 2810 4685 sunt,
2860 4620 2934 4675 ad
3000 4603 3098 4678 ea_
3128 4642 3259 4696 quaa
3317 4603 3563 4704 martyri

149 4695 349 4769 τρέψω
380 4696 473 4749 τὸν
524 4695 717 4771 λόγον·
767 4702 886 4759 πῶς
941 4719 999 4753 τε
1058 4699 1085 4752 6
1141 4697 1460 4774 παράνομος
1517 4698 1606 4753 καὶ
1638 4720 1813 4774 παρα-

156 4780 344 4854 ϐάτης
375 4783 677 4847 Ἰουλιανὸς
707 4787 795 4840 καὶ
832 4786 940 4841 τίνι
988 4786 1177 4861 τρόπῳ
1241 4787 1327 4842 ἐπὶ
1382 4788 1446 4842 τὸ
1498 4794 1597 4857 τῆς
1658 4788 1812 4862 βασι-

153 4872 320 4933 λείας
351 4873 517 4942 ἦλθεν
546 4874 780 4948 ἀξίωμα’
815 4875 906 4930 καὶ
953 4880 1071 4940 πῶς
1126 4879 1154 4932 ὁ
1209 4882 1305 4932 τοῦ
1336 4882 1574 4950 Χριστοῦ
1609 4876 1809 4952 μάρτυς

150 4959 465 5036 Ἀρτέμιος
523 4963 598 5028 είς
647 4965 710 5019 τὸ
766 4968 865 5030 τῆς
923 4968 1162 5041 Χριστοῦ
1213 4967 1516 5043 ὁμολογίας
1562 4967 1809 5041 πανίερον

150 5048 368 5126 ἔδραμε
431 5050 668 5110 στάδιον.
719 5059 880 5129 ’Ἄρτι
932 5059 1031 5110 τοῦ
1093 5056 1335 5131 μεγάλου
1408 5056 1807 5111 Κωνσταντίνου

150 5143 311 5216 [346]
342 5140 797 5214 τελευτήσαντος,
829 5146 864 5213 ἡ
905 5148 1013 5200 τῶν
1067 5146 1346 5217 Ῥωμαίων
1377 5145 1525 5219 ἀρχὴ
1558 5145 1634 5206 εἷς
1662 5150 1809 5219 τρεῖς

145 5227 386 5305 διῃρέθη
475 5230 676 5306 ἀρχὰς,
724 5236 832 5287 τῶν
918 5233 1051 5289 υἱῶν
1134 5234 1318 5306 αὐτοῦ,
1381 5233 1804 5308 Κωνσταντίνου,

1921 4699 2219 4770 contigere
2253 4716 2460 4756 rursus
2489 4709 2712 4759 vertam
2744 4724 3100 4767 sermonem.
3153 4716 3354 4772 Dicam
3386 4719 3565 4789 igitur

1921 4793 1978 4841 et
2002 4786 2163 4858 quali
2220 4789 2451 4844 ratione
2494 4791 2712 4864 impius
2766 4801 2943 4866 atque
2990 4807 3257 4870 apostata
3292 4786 3560 4864 Julianus

1921 4876 2469 4947 adimperatoriam
2523 4885 2859 4952 pervenerit
2914 4887 3367 4961 dignitatem,et
3414 4913 3560 4967 quo-

1920 4964 2096 5021 modo
2147 4966 2362 5020 Christi
2393 4974 2619 5040 martyr
2676 4974 2974 5031 Artemius
3026 4978 3087 5032 in
3158 4983 3557 5042 sacratissimo

1919 5055 2267 5110 Christianae
2321 5058 2713 5116 confessionis
2788 5066 2976 5121 stadio
3041 5074 3389 5129 cucurrerit.
3450 5078 3563 5132 De-

1915 5144 2120 5199 functo
2154 5162 2367 5217 magno
2400 5148 3222 5223 Constantino,llomanorum
3249 5163 3562 5236 imperium

1920 5233 1983 5287 in
2017 5238 2133 5288 tres
2164 5240 2364 5304 partes
2413 5236 2527 5292 fuit
2558 5239 2833 5310 divisum,
2895 5262 3029 5301 cum
3062 5252 3180 5305 tres
3226 5233 3347 5308 ﬁlii
3412 5256 3564 5327 ejus,

1743 5471 1965 5527 ΝΟΤᾹΞ.

210 5644 291 5716 (ὅ)
326 5647 448 5702 Hoc
479 5647 1074 5742 nomine‘honorario
1106 5651 1476 5742 apgebantur
1506 5652 1932 5724 imperatorum
1957 5650 2063 5706 ﬁlii
2100 5667 2113 5718 ;
2165 5650 2523 5723 quandoque
2548 5654 2749 5727 etiam,
2774 5664 2841 5715 ut
2887 5661 2984 5719 hic
3022 5667 3180 5738 apud
3236 5675 3563 5742 auctorem,

210 5718 554 5742 -_-__L-_:..
586 5718 725 5742 1-..:
757 5720 823 5742 Ξ..
863 5737 920 5742 ,Α
981 5727 1132 5742 .ι..Δ
1178 5739 1224 5742 A-
1281 5725 1338 5742 1-3,
1365 5740 1410 5742 αῖ

142 5718 557 5789 imperatoria;
586 5718 827 5774 familias
856 5718 1252 5780 collaterale's.
1280 5725 1433 5779 Ευιτ.

431 5835 705 5899 Parnm.
748 5840 864 5899 Gn.
907 5838 1114 5902 XCVI.

3197 5856 3279 5919 ιο
