4040 6204
133 401 251 459 1261
1455 405 1514 459 8.
1556 402 1863 467 ARTEMII
1900 400 2173 457 PASSIO.
3378 409 3520 487 1252

195 527 239 583 ι’.
268 526 323 584 Ὀ
375 522 558 581 τοίνυν
616 522 811 580 τούτου
868 524 1003 589 λαὸς
1072 524 1355 582 ἀποκλίνει
1412 525 1547 601 πρὸς
1596 525 1756 581 Κῶν-
1788 528 1841 599 Α

126 636 322 683 σταντα,
352 614 682 689 καὶγίνεται
741 619 885 669 πᾶσα
936 618 971 685 ἠ
1027 618 1124 685 τῆς
1185 617 1445 688 Ἐσπὲρας
1487 614 1636 690 ἀρχὴ
1670 613 1755 668 ὑπ’

122 704 294 778 ἐκείνῳ
348 702 519 777 μηδὲν
577 703 700 778 περὶ
758 704 961 775 ταύτης
1020 702 1401 762 σπουδάσαντι’
1461 709 1559 760 τοῦ
1622 706 1755 757 Θεοῦ

120 800 271 851 ταῦτα
325 792 665 863 δικάσαντος,
727 796 820 863 Μὴ
907 794 1040 849 κίνει
1129 797 1251 870 ὅρια
1327 795 1574 869 πατὲρων
1634 814 1755 862 σου,

124 882 254 957 μηδὲ
304 888 399 939 τοῦ
458 882 694 952 πλησίον
753 883 1029 947 καθάπτου
1090 891 1187 954 τῆς
1246 880 1503 945 αὕλακος·
1566 884 1593 937 ὁ
1650 880 1755 958 γάιρ

119 974 245 1030 κατά
285 977 380 1027 τοῦ
419 972 657 1043 πλησίον
702 972 1159 1047 πονηρευόμενος,
1212 974 1371 1034 αὐτὸς
1421 974 1594 1043 ἑαυτῷ
1636 992 1758 1024 συν-

123 1064 227 1138 ἀγει
279 1063 368 1117 τὸν
428 1058 678 1136 ὄλεθρον,
736 1063 837 1131 τήν
896 1067 993 1117 τοῦ
1049 1067 1183 1118 Θεοῦ
1246 1060 1399 1133 δίκην
1460 1059 1759 1136 ἐφ’ὲαυτὸν

122 1151 509 1225 ἐπισπώμενος.
558 1148 842 1207 Βασιλεύει
898 1151 1074 1206 τοίνυν
1135 1152 1162 1206 6
1223 1154 1474 1212 Κώνστας
1507 1149 1588 1223 ἐφ’
1619 1148 1759 1218 ὅλης

120 1250 217 1313 τῆς
257 1241 541 1314 Ἐσπερίου
598 1240 801 1317 ἀρχῆς,
858 1240 951 1302 τὰς
1022 1238 1115 1296 δύο
1170 1237 1541 1313 κληροδοσίας
1598 1238 1673 1299 εἰς
1705 1234 1755 1292 ἔν

122 1334 362 1404 συνάψας,
411 1330 501 1385 καὶ
555 1329 682 1402 μίαν
737 1329 917 1405 ἀρχὴν
979 1330 1258 1405 ἀμφότερα
1312 1328 1378 1383 τὰ
1439 1329 1577 1404 μέρη
1630 1348 1759 1397 στη-

120 1423 360 1495 σάμενος.
421 1418 499 1477 Οὐ
556 1418 731 1479 πολὺς
784 1418 836 1473 ἐν
893 1418 1040 1492 μὶσῳ
1086 1419 1295 1491 καιρὸς,
1326 1418 1413 1472 καὶ
1447 1418 1474 1472 6
1507 1416 1761 1476 Κώνστας

118 1510 195 1571 είς
224 1509 440 1581 κώμους
488 1507 578 1561 καὶ
631 1508 793 1579 μέθας
846 1505 1231 1577 ἐναποκλίνας,
1278 1506 1369 1561 καὶ
1420 1503 1761 1564 ἀλλοκότους

116 1599 327 1673 ἐρώτων
352 1595 647 1672 διαγωγὰς,
682 1595 939 1672 ῥᾳθύμως
983 1598 1083 1666 τήν
1132 1595 1271 1666 ὅλην
1322 1595 1501 1670 ἀρχὴν
1550 1593 1765 1648 διεπέτ-

112 1708 251 1758 τευε,
305 1687 365 1742 τὸ
413 1692 512 1755 τῆς
578 1685 859 1761 βασιλείας
923 1686 1151 1759 μεγεθος
1211 1685 1593 1759 ἆξερχόμενος⁶
1644 1680 1765 1736 ἐπι..

116 1773 430 1833 ϐουλεύεται
487 1778 779 1851 τοιγαροῦν
856 1774 948 1828 καὶ
1033 1773 1191 1835 αὐτὸς
1247 1774 1396 1848 παρά
1450 1793 1598 1833 τινος
1653 1774 1761 1824 τῶν

1947 528 2032 582 10.
2064 525 2203 597 Ejus
2236 542 2471 597 quoque
2498 525 2754 598 populus
2804 526 3064 583 declinat
3112 530 3186 585 ad
3233 534 3522 599 Constane

1863 620 2005 682 tem,
2038 616 2131 670 cui
2162 616 2311 669 nihil
2344 616 2458 670 tale
2492 617 2773 688 cogitanti
2819 623 3005 672 totum
3040 620 3376 677 Occidentis
3406 625 3521 679 im—

1861 704 2091 775 perium
2124 705 2470 775 subjicitur;
2505 707 2622 759 Deo
2677 706 2906 761 scilicet
2955 708 3347 765 denuntiante
3397 729 3517 770 non

1862 793 2183 848 movendos
2245 794 2528 848 terminos
2588 801 2822 865 patrum
2877 812 3140 865 suorum,
3200 817 3392 871 neque
3442 802 3514 857 de

1863 883 2026 938 sulco
2059 884 2311 954 proximi
2347 883 2670 953 quidquam
2703 885 3157 942 detrahendum.
3191 889 3297 954 Qui
3350 892 3511 947 enim

1863 989 1998 1044 erga
2028 973 2362 1043 proximum
2399 973 2703 1043 improbus
2735 980 2841 1041 est,
2889 978 3142 1047 proprias
3187 978 3509 1050 perditioni

1862 1078 2067 1116 ausam
2126 1062 2368 1132 praebet,
2431 1079 2565 1116 cum
2619 1064 2721 1117 Dei
2781 1065 3050 1120 vindicta;
3120 1070 3507 1141 semetipsum

1864 1150 2193 1205 submittat.
2229 1150 2579 1205 nominatur
2608 1168 2744 1224 ergo
2778 1154 3068 1209 Constans
3116 1156 3177 1210 in
3210 1158 3508 1230 integrum

1865 1239 2200 1295 Occidentis
2234 1240 2570 1310 imperium,
2604 1240 2750 1296 duas
2792 1243 3168 1301 hazreditates
3216 1247 3276 1301 in
3328 1265 3512 1304 unam

1866 1329 2255 1400 conjungens,
2290 1335 2347 1383 et
2378 1346 2447 1383 ex
2469 1330 2753 1387 ambabus
2782 1334 3049 1403 partibus
3081 1353 3264 1390 unum
3286 1337 3514 1393 faciens

1865 1418 2203 1489 imperium.
2268 1420 2429 1473 Brevi
2488 1426 2622 1491 post
2669 1427 2931 1494 tempore
2992 1431 3049 1480 et
3097 1428 3385 1484 Constans
3440 1429 3516 1484 ad

1868 1510 2331 1565 comessationes
2364 1509 2673 1567 declinans
2720 1520 2777 1567 et
2822 1514 3135 1572 ebrietates
3186 1525 3243 1573 et
3286 1520 3516 1575 alienos

1868 1616 2123 1666 amores,
2156 1600 2415 1671 segniter
2463 1616 2529 1654 ac
2566 1603 2735 1671 quasi
2768 1606 3009 1659 tesseris
3042 1606 3253 1663 ludens
3281 1609 3520 1663 univer-

1870 1706 1995 1744 sam
2040 1688 2495 1743 administrabat
2548 1692 3000 1762 rempublicam,
3048 1696 3283 1767 imperii
3330 1699 3521 1768 maje-

1871 1783 2083 1835 statem
2114 1778 2487 1849 dedignatus.
2522 1780 2757 1834 Insidim
2807 1781 3009 1852 itaque
3052 1785 3103 1839 ei
3150 1792 3434 1856 parantur
3485 1803 3520 1842 a

117 1869 427 1941 στρατηγῶν
486 1867 664 1937 [348],
722 1862 1087 1937 Μαγνεντίου,
1144 1862 1234 1919 καὶ
1294 1862 1426 1934 μετὰ
1474 1868 1574 1930 τῆς
1607 1862 1763 1936 βασι-

1880 1867 2020 1923 duce
2051 1867 2331 1939 quodam,
2365 1869 2696 1941 Magnentio
2730 1872 3059 1941 nomine,et
3087 1889 3223 1928 cum
3266 1875 3518 1947 imperio

120 1954 268 2017 Λείας
322 1950 739 2029 προσαπόλλυσι
797 1951 886 2006 καὶ
940 1952 1003 2006 τὸ
1061 1954 1180 2024 ζῇν.
1233 1950 1438 2005 Τούτου
1478 1950 1763 2021 πεσόντος,

116 2049 303 2121 κρατεῖ
348 2044 447 2115 τῆς
504 2042 684 2118 ἀρχῆς
743 2042 772 2095 6
830 2042 1182 2115 Μαγνέντιος,
1246 2042 1365 2113 μεθ’
1421 2038 1483 2094 οὐ
1538 2043 1639 2105 τῆς
1666 2060 1763 2093 τυ-

118 2132 360 2210 ραννίδος
458 2126 894 2186 συναπελάὸοντο
970 2131 1303 2190 Νεποτιανὸς
1368 2128 1459 2184 καὶ
1526 2130 1764 2202 Βρεττα-

114 2228 269 2283 νίων.

193 2316 277 2371 ια’.
333 2316 517 2371 Ταῦτα
570 2310 756 2384 μαθὼν
844 2312 872 2365 6
957 2312 1333 2372 Κωνστάντιος
1389 2310 1449 2365 ἰκ
1503 2314 1608 2364 τῶν
1660 2314 1762 2377 τῆς

114 2402 356 2482 ἀδεΑοῆς
417 2405 782 2475 γραμμάτων,
851 2399 1057 2476 ἀπάρας
1126 2399 1186 2455 ἐκ
1266 2407 1367 2469 τῆς
1445 2398 1762 2469 Ἀνατολῆς,

112 2494 210 2548 καὶ
256 2492 390 2566 πρὸς
460 2491 560 2559 τήν
636 2489 901 2561 Ἑσπέραν
947 2491 1261 2565 γενόμενος,
1322 2490 1573 2543 συνάπτει
1631 2488 1766 2563 πρὸς

118 2583 459 2661 ἀμφοτέρους
518 2579 787 2653 πόλεμον,
863 2578 953 2633 καὶ
1028 2579 1165 2633 κατά
1214 2580 1413 2653 κράτος
1465 2583 1610 2647 νικᾷ,
1666 2580 1763 2631 τοῦ

120 2671 523 2745 Βρεττανίωνος
578 2669 717 2744 πρὸς
773 2668 934 2723 αὐτὸν
997 2668 1415 2728 ἀποκλίναντος·
1449 2666 1537 2721 ὅτε
1583 2666 1671 2721 καὶ
1702 2666 1765 2720 τὸ

120 2766 227 2817 τοῦ
276 2762 496 2834 σταυροῦ
548 2763 778 2831 σημεῖον
828 2757 1081 2833 μέγιστόν
1112 2778 1169 2811 τε
1198 2757 1288 2811 καὶ
1323 2753 1512 2819 δεινῶς
1548 2755 1767 2831 ἐκφανέν

118 2851 289 2919 ἅπαν,
321 2852 391 2912 ὡς
438 2849 899 2923 ὁπεραστράπτειν
954 2852 1033 2919 τῷ
1089 2846 1381 2918 πληκτικῷ
1425 2853 1525 2914 τῆς
1572 2845 1768 2920 αἳγλης

114 2946 223 3008 τῆς
278 2940 483 3014 ἡμέρας
539 2939 605 2993 τὸ
661 2942 796 3014 φῶς,
856 2936 944 2991 ἐπὶ
994 2941 1102 2991 τῶν
1161 2934 1556 3011 Ἱεροσολύμων
1610 2932 1763 3011 ὤφθη

115 3033 245 3107 περὶ
276 3032 465 3106 τρίτην
525 3027 665 3101 ὥραν
727 3026 961 3101 μάλιστα
1014 3033 1115 3096 τῆς
1174 3027 1406 3100 ἡμὲρας,
1445 3033 1545 3095 τῆς
1578 3026 1768 3097 ἑορτῆς

113 3127 223 3189 τῆς
284 3117 587 3193 λεγομένης
664 3122 1043 3185 Πεντηκοστῆς
1122 3114 1490 3186 ἐνεστηκυίας,
1575 3112 1765 3183 διῆκον

111 3211 229 3265 ἀπὸ
286 3212 381 3263 τοῦ
441 3207 672 3281 Κρανίου
731 3204 1031 3280 λεγομένου
1083 3204 1276 3273 τόπου,
1335 3202 1466 3279 ἄχρι
1524 3204 1613 3259 καὶ
1669 3208 1767 3259 τοῦ

104 3299 416 3361 Ἐλαιῶνος
445 3292 627 3371 ὅρους,
656 3294 773 3349 ὅθεν
809 3294 1054 3369 ὑπῆρχεν
1088 3295 1115 3348 6
1150 3294 1346 3368 Σωτὴρ
1370 3296 1471 3363 τήν
1493 3292 1765 3367 ἀνάληψιν

102 3388 505 3459 ποιησάμενος.
565 3388 762 3460 Κρατεῖ
814 3384 994 3438 τοίνυν
1052 3385 1150 3451 τῆς
1220 3380 1497 3457 βασιλείας
1553 3382 1766 3452 ἀπάσης

104 3474 517 3542 Κωνστάντιος,
572 3478 683 3529 τῶν
728 3476 827 3527 τοῦ
885 3470 1128 3547 μεγάλου
1188 3471 1586 3526 Κωνσταντίνου
1634 3472 1765 3526 υἱῶν

112 3566 291 3640 μόνος
321 3562 689 3641 ὑπολειφθείς.

188 3656 286 3730 ιβ’.
323 3653 599 3713 Ἀτενίσας
629 3649 720 3706 οὖν
748 3651 884 3726 πρὸς
914 3652 977 3705 τὸ
1035 3656 1135 3719 τῆς
1184 3649 1367 3725 ἀρχῆς
1396 3651 1648 3723 μέγεθος,
1679 3649 1767 3703 καὶ

104 3742 477 3820 εἷλιγγιάσας,
528 3742 604 3802 ὡς
655 3741 748 3796 ἅτε
799 3740 867 3809 δὴ
918 3739 1202 3814 ἄνθρωπος
1246 3738 1343 3807 ὢν,
1390 3739 1480 3793 καὶ
1517 3741 1591 3812 μὴ
1624 3734 1769 3812 ἔχων

99 3836 205 3889 τὸν
260 3833 320 3887 ἐκ
375 3836 471 3887 τοῦ
546 3832 734 3907 γένους
799 3830 947 3901 αὖτῷ
1029 3829 1435 3897 συνασπίζοντα·
1496 3825 1619 3883 οὕτε
1670 3828 1771 3902 γὰρ

105 3928 278 3996 αὐτῷ
308 3928 438 3984 παῖς
488 3920 750 3997 ἐγεγόνει,
811 3918 933 3976 οὔτε
990 3940 1075 3980 τις
1130 3923 1238 3972 τῶν
1274 3915 1520 3995 ἀδελφῶν
1553 3916 1774 3971 κατελέ-

101 4031 336 4069 Ι.ειπτο’
396 4011 485 4066 καὶ
537 4008 717 4071 δείσας
780 4012 853 4083 μή
912 4030 997 4071 τις
1060 4006 1205 4079 αὖτῷ
1245 4004 1407 4060 πάλιν
1442 4005 1769 4076 ἐπανασταίη

97 4104 385 4181 τύραννος
439 4100 575 4157 κατά
630 4108 729 4170 τῆς
789 4100 955 4155 αὐτοῦ
1017 4097 1292 4174 βασιλείας
1340 4097 1772 4169 ἐξανιστάμενος,

96 4196 408 4250 σκὲπτεται
465 4196 572 4246 τῶν
624 4194 900 4265 συγγενῶν
946 4210 1069 4244 τινα
1118 4181 1302 4243 λαϐεῖν
1339 4184 1650 4262 σῦγκληρον
1682 4187 1771 4241 καὶ

88 4290 213 4353 τῆς
303 4280 580 4356 βασιλείας
659 4280 1021 4348 ὑπασπιστήν.
1082 4280 1152 4335 ’Ὀ
1212 4274 1277 4345 δὴ
1335 4275 1423 4329 καὶ
1482 4277 1771 4346 πεποίηκε,

88 4370 336 4431 Γάλλον
385 4372 477 4424 τὸν
528 4366 827 4426 Ἰουλιανοῦ
878 4365 1108 4434 ἀδελφὸν
1179 4365 1415 4440 Καίσαρα
1461 4366 1775 4441 προστησά-

90 4479 307 4536 μενοςο
346 4458 561 4532 ἀνεψιὸς
616 4456 674 4512 δὶ
728 4458 866 4532 πρὸς
920 4455 1124 4530 πατρὸς
1179 4455 1205 4509 6
1264 4452 1477 4517 Γαλλος
1506 4454 1572 4523 ἦν
1606 4452 1770 4526 αὐτῷ·

84 4556 528 4612 Κωνσταντῖνος
576 4550 702 4624 γάρ,
756 4549 783 4603 6
840 4544 1058 4602 Γάλλου
1113 4545 1203 4599 καὶ
1240 4544 1541 4602 Ἰουλιανοῦ
1571 4546 1773 4619 πατὴρ,

1878 1958 2057 2013 simul
2090 1974 2325 2029 quoque
2373 1958 2552 2014 vitam
2598 1958 2836 2015 amittit.
2889 1962 3033 2016 Cum
3084 1962 3134 2017 is
3185 1964 3518 2033 cecidisset,

1874 2048 2124 2118 imperio
2156 2048 2379 2118 potitur
2411 2049 2799 2120 Magnentius,
2850 2066 2985 2105 cum
3031 2068 3147 2121 quo
3199 2053 3377 2108 simul
3428 2060 3522 2125 ty—

1872 2135 2187 2193 rannidem
2237 2136 2579 2192 invaserunt
2634 2138 2996 2208 Nepotianus
3047 2145 3105 2194 et
3155 2142 3519 2197 Brettanion.

1947 2317 2031 2370 11.
2068 2316 2199 2371 Haec
2230 2331 2363 2369 cum
2396 2314 2721 2386 accepisset
2765 2317 3143 2372 Constantius
3196 2334 3267 2374 ex
3300 2320 3522 2374 sororis

1874 2404 2111 2471 litteris,
2170 2409 2228 2457 et
2284 2420 2354 2458 ex
2402 2404 2642 2460 Oriente
2699 2404 2759 2457 in
2812 2405 3191 2462 Occidentem
3242 2407 3524 2478 venisset,

1875 2494 2081 2549 ambos
2129 2494 2313 2549 armis
2344 2493 2608 2548 adoritur
2665 2499 2724 2547 et
2778 2494 2829 2547 vi
2882 2494 3175 2563 devincit;
3231 2497 3529 2553 defecerat

1876 2585 2035 2639 enim
2062 2582 2138 2638 ad
2167 2584 2295 2653 ejus
2325 2589 2523 2653 partes
2557 2584 2919 2639 Brettanion.
2945 2586 3068 2649 Quo
3102 2586 3341 2657 quidem
3375 2591 3526 2642 tem-

1876 2690 2021 2745 pore
2053 2673 2284 2743 signum
2315 2672 2507 2727 crucis
2536 2672 2744 2743 ingens
2777 2677 3083 2743 totumque
3113 2676 3365 2730 mirifice
3386 2676 3527 2731 emi-

1877 2780 2039 2831 cans,
2098 2762 2244 2816 adeo
2298 2766 2362 2815 ut
2408 2761 2743 2815 admirabili
2794 2762 3110 2832 splendore
3161 2763 3277 2817 diei
3328 2763 3524 2819 lucem

1879 2856 2204 2923 superaret,
2226 2850 2647 2920 Hierosolymis
2680 2850 2862 2905 videri
2897 2851 3071 2922 coepit
3100 2853 3259 2907 circa
3288 2853 3524 2907 tertiam

1878 2942 2087 2996 horam
2119 2939 2260 3001 diei.
2295 2955 2427 2993 cum
2462 2945 2618 2994 esset
2646 2939 2862 2995 festum
2913 2941 3006 2996 cui
3057 2957 3278 2997 nomen
3311 2944 3525 2997 Pente-

1877 3035 2060 3096 coste,
2097 3028 2439 3100 pertingens
2482 3044 2517 3082 a
2561 3027 2690 3083 loco
2739 3029 2840 3099 qui
2872 3028 3091 3084 dicitur
3119 3029 3396 3086 Calvariaa
3427 3047 3529 3085 us-

1880 3136 1993 3192 que
2026 3118 2097 3175 ad
2126 3123 2389 3173 montem
2423 3118 2652 3185 Oliveti,
2686 3118 2845 3174 unde
2877 3120 2939 3173 in
2990 3119 3203 3174 caelum
3255 3119 3529 3176 ascendit

1879 3210 2160 3265 Salvator.
2207 3208 2555 3262 Universum
2607 3224 2742 3279 ergo
2774 3208 3090 3279 imperium
3122 3208 3350 3264 obtinet
3378 3210 3528 3264 Con-

1881 3299 2156 3366 stantius,
2191 3296 2355 3351 solus
2394 3301 2455 3351 et
2502 3297 2873 3351 Constantini
2921 3299 3119 3371 magni
3150 3298 3289 3355 ﬁliis
3322 3317 3531 3372 super-

1881 3394 2021 3443 stes.

1954 3660 2038 3710 12.
2074 3658 2219 3711 Cum
2247 3672 2383 3727 ergo
2432 3654 2839 3712 consideraset
2884 3656 3119 3727 imperii
3166 3657 3529 3730 magnitudi-

1882 3763 2020 3801 nem
2052 3751 2109 3801 et
2148 3762 2252 3817 pro
2304 3744 2711 3799 imbecillitate
2762 3746 3007 3800 humani
3051 3746 3273 3815 ingenii
3327 3748 3527 3802 animo

1882 3837 2217 3903 ﬂuctuaret,
2264 3850 2374 3888 nec
2413 3834 2658 3888 haberet
2701 3850 2769 3889 ex
2819 3851 2925 3888 suo
2974 3851 3188 3906 genere
3237 3836 3338 3907 qui
3389 3853 3527 3891 eum

1883 3923 2228 3979 defenderet
2267 3924 2479 3993 (neque
2513 3923 2671 3977 enim
2704 3923 2757 3977 ei
2786 3928 2961 3978 natus
2984 3923 3178 3979 fuerat
3208 3924 3388 3991 filius,
3418 3942 3530 3981 nec

1886 4013 2202 4084 quisquam
2232 4028 2301 4065 ex
2322 4010 2602 4066 fratribus
2633 4012 3043 4081 remanserat),
3079 4017 3136 4065 et
3178 4012 3414 4065 timeret
3452 4029 3526 4066 ne

1886 4104 1946 4158 in
1979 4118 2113 4157 eum
2155 4118 2361 4155 rursus
2411 4100 2628 4171 aliquis
2678 4102 3011 4171 insurgeret
3060 4106 3348 4171 tyrannus
3396 4101 3529 4171 ejus

1886 4189 2297 4246 auctoritatem
2332 4188 2660 4253 invasurus,
2694 4188 3013 4243 meditatus
3046 4193 3136 4242 est
3164 4203 3234 4241 ex
3264 4188 3529 4259 cognatis

1886 4281 2146 4351 aliquem
2176 4278 2443 4348 accipere
2474 4276 2843 4331 cohaaredem
2878 4281 2936 4329 et
2986 4275 3220 4347 imperii
3255 4276 3535 4331 defenso-

1884 4388 2032 4425 rem.
2094 4368 2256 4433 Quod
2306 4366 2482 4420 etiam
2532 4366 2672 4420 fecit
2721 4366 2951 4421 Gallum
2997 4364 3214 4421 Juliani
3265 4365 3528 4433 fratrem,

1886 4462 2175 4515 Caesarem
2218 4455 2656 4511 constituendo.
2719 4456 3011 4510 Patruelis
3061 4460 3258 4509 autem
3320 4461 3447 4509 erat
3492 4472 3525 4510 e

1887 4548 2252 4611 Gallusmam
2275 4545 2655 4598 Constantius
2677 4544 2774 4613 (7),
2807 4544 2955 4599 Galli
2994 4550 3052 4599 et
3098 4544 3313 4599 Juliani
3345 4550 3535 4615 pater,

3938 330 3949 485 ἢ

3940 490 3951 591 l

3949 598 3953 683 ι

3954 706 3955 779 ι

3952 814 3957 879 l

3956 922 3959 1030 ί

3971 1784 3975 1845 ι

3972 1892 3977 1979 l

3974 1992 3979 2067 ί

3983 2324 3985 2377 l

3986 2432 3987 2477 ι

86 4639 364 4717 ἀδελφὸς
412 4639 478 4705 ἧν
540 4635 939 4692 Κωνσταντίνου
996 4639 1092 4690 τοῦ
1154 4634 1418 4711 μεγάλου.
1452 4639 1650 4689 Τοῦτον
1684 4635 1765 4688 οὗη

1889 4638 2131 4691 fratrem
2181 4633 2472 4687 habuerat
2520 4634 2975 4688 Constantinum
3027 4636 3317 4705 Magnum.
3369 4634 3534 4689 Gallo

82 4734 152 4788 ἐν
218 4735 307 4801 τῷ
373 4731 519 4803 [349]
573 4728 791 4805 Σιρμίῳ
863 4726 1380 4802 προχειρισάμενος,
1441 4726 1670 4801 γυναῖκα
1726 4746 1765 4777 τι

1894 4726 2069 4796 igitur
2094 4722 2289 4777 Sirmii
2321 4722 2536 4776 Caesari
2569 4728 2764 4777 creato
2800 4739 3045 4777 uxorem
3080 4721 3243 4777 dedit
3269 4739 3535 4777 sororem

81 4821 265 4889 αὖτῷ
332 4818 578 4893 ζεύγνυσι
653 4818 752 4885 τὴν
827 4817 1019 4870 ἑαυτοῦ
1076 4812 1319 4892 ἀδελφὴν
1392 4814 1756 4875 Κωνστάντιος

1894 4831 2058 4870 suam
2095 4810 2491 4875 Constantius,
2525 4817 2591 4865 ut
2620 4828 2714 4866 res
2746 4812 2975 4867 cautior
3022 4817 3079 4866 et
3126 4812 3355 4866 firmior
3406 4828 3540 4867 eva-

81 4911 361 4970 ·ιτίστεως
414 4906 505 4962 καὶ
569 4901 927 4980 βεϐαιότητος
986 4906 1174 4980 χάριν
1206 4904 1295 4959 καὶ
1329 4901 1600 4978 ἄρχοντας
1637 4901 1765 4972 αὐτᾷ

1894 4904 2079 4959 deret.
2118 4900 2488 4971 Magistratus
2521 4916 2758 4970 quoque
2808 4900 2859 4954 ei
2891 4899 3163 4971 adjunxit
3214 4916 3363 4970 quos
3411 4900 3538 4971 ipse

82 4996 348 5054 δίδωσιν
408 4993 568 5056 αὐτὸς
621 4995 977 5063 καταστήσας’
1026 4993 1089 5047 οὐ
1135 4992 1235 5068 γὰρ
1287 4990 1473 5062 ἐκείνῳ
1515 5012 1574 5067 γε
1607 4988 1765 5067 ἐφεῖτι

1895 4992 2305 5063 designaverat
2324 4988 2465 5059 (non
2490 4990 2649 5043 enim
2684 4990 2847 5044 Gallo
2878 4988 3096 5044 licebat
3124 4988 3185 5043 id
3215 4988 3329 5043 sibi
3371 5004 3542 5043 assu-

81 5084 359 5158 Καίσαρί
422 5104 486 5158 γε
545 5078 680 5137 ὄντι’
745 5080 1047 5138 Θαλάσσιον
1112 5081 1205 5153 μὶν
1265 5077 1590 5140 ἀποστείλας
1624 5077 1757 5152 ἔπαρ

1896 5095 2079 5143 mere,
2131 5092 2265 5131 cum
2332 5081 2490 5130 esset
2560 5078 2797 5148 Caesar),
2875 5075 3243 5131 Thalassium
3299 5076 3543 5147 quidem

80 5198 212 5254 χον
277 5173 667 5252 πραιτωρίων’
730 5173 960 5228 Μόντιον
1018 5170 1096 5242 δὲ,
1173 5170 1257 5225 ἐπὶ
1312 5175 1420 5225 τῶν
1484 5168 1765 5246 βασιλικῶε

1900 5169 2182 5224 emittens
2240 5164 2585 5236 praefectum
2663 5166 2943 5237 praetorii,
3004 5167 3288 5221 Montium
3343 5171 3542 5222 autem

1744 5396 1965 5452 ΝΟΤΕ.

159 5611 255 5680 (7)
295 5610 374 5665 In
411 5610 617 5683 Graeco
640 5609 857 5683 legitur
879 5609 1307 5683 Κωνσταντῖνος.
1334 5605 1438 5661 sed
1460 5610 1765 5683 non‘recte

1946 5674 1959 5683 ‘
1974 5593 2293 5683 ’loultavdv.
2321 5595 2607 5683 Similiter
2627 5613 2699 5650 ex
2718 5595 2913 5683 verbis
2934 5596 3153 5683 Juliani
3172 5598 3233 5653 in
3258 5597 3554 5683 mitigat“,

85 5670 280 5743 Patet
321 5682 499 5755 enim
534 5698 605 5737 ex
636 5670 873 5755 iis‘fqum
903 5680 1247 5747 habentur§
1278 5683 1544 5755 7_versus
1577 5678 1792 5755 ﬁnem;
1904 5674 2003 5755 ubi
2035 5674 2566 5755 apostata‘pat'rem
2598 5684 2773 5755 suum
2806 5670 3220 5755 Constantium
3260 5676 3457 5727 vocat"
3490 5670 3552 5726 Ὀ

87 5740 99 5817 ξ
143 5798 167 5817 ,
220 5795 239 5810 .
292 5794 314 5811 .
374 5795 389 5809 .
438 5753 468 5807 6
502 5740 894 5813 Κωνστάντιος.
945 5794 958 5807 .
1004 5795 1018 5808 .
1064 5795 1077 5809 ,
1121 5791 1137 5807 .
1186 5740 1348 5823 γεννᾷ
1377 5747 1586 5804 Γάλλον
1616 5768 1673 5803 τε
1704 5747 1795 5802 καὶ
1904 5744 2003 5822 γὰρ
2036 5740 2165 5818 ἐμὸς
2197 5740 2379 5815 πατὴρ
2410 5740 2804 5801 Κωνστάντιος.
2842 5742 2992 5802 Enrr.
