4040 6204
593 403 735 461 1263
2110 405 2480 460 annuum.
3782 425 3880 485 ιω

591 528 923 586 rationibus
954 527 1355 600 imperatoriis
1392 529 1800 601 praspositum,
1851 545 2029 601 quem
2060 529 2207 584 etiam

2353 525 2714 601 πραγμάτων,
2765 526 2858 589 οὕς
2904 529 3268 606 κοιαίστωρας
3307 534 3481 597 αὐτοῖς
3544 538 3778 614 ὀνομάζειν
3820 552 3881 614 ei-

597 624 953 690 quasstorem
987 618 1287 689 appellare
1321 618 1533 685 solent,
1592 619 1889 690 simulque
1940 636 2075 674 eum
2130 618 2205 673 ad

2352 614 2470 689 λον,
2531 618 2644 689 ἅμα
2697 618 2787 673 καὶ
2844 619 3126 695 πατρίκιον
3188 624 3348 678 αὐτὸν
3402 633 3740 704 ποιησάμενος.
3774 608 3879 697 ’0ιᾶ

596 725 818 781 augens
849 709 1073 763 honore
1105 708 1358 779 patricii.
1393 710 1573 763 Porro
1608 710 1829 771 Gallus,
1862 714 1930 763 ut
1970 708 2070 779 qui
2104 713 2207 762 tun

2347 704 2580 799 Γάλλος,
2614 707 2688 769 ὡς
2716 706 2838 799 τότε
2867 710 3012 783 παρά
3057 714 3155 764 τοῦ
3205 718 3555 771 Κωνσταντίου
3582 725 3799 799 πεμφθεὶς
3821 728 3876 782 ἑπὲ

597 816 631 854 a
660 797 1003 853 Constantio
1035 796 1253 851 missus
1286 802 1443 851 esset
1472 797 1532 851 in
1568 798 1889 865 Orientem,
1918 797 2095 851 rebus
2135 814 2203 867 ge

2344 800 2444 863 τῆς
2477 794 2671 867 Ἑῲας,
2730 794 2911 872 εἷ’χετο
2970 803 3077 853 τῶν
3130 803 3476 876 πραγμάτων·
3525 806 3575 861 δν
3619 794 3777 867 αὐτίκα
3808 838 3875 888 με.

593 888 796 943 rendis
856 887 1120 940 intentus
1181 892 1325 941 erat.
1386 886 1550 951 Quod
1611 887 1872 958 primum
1935 886 2207 941 audiente

2347 884 2527 947 θόντες
2584 885 2637 939 οἱ
2690 887 2887 960 Ιίἑρσαι
2937 888 3380 965 κατωῤῥὸδησαν,
3436 896 3540 950 νὲον
3586 919 3635 952 τε
3675 884 3878 960 αὐτὸνκεί

594 978 789 1031 Persaa
820 976 1034 1030 timore
1073 975 1329 1046 correpti
1378 980 1552 1043 sunt;
1588 992 1842 1046 cumque
1875 975 2207 1045 accepissem

2345 974 2676 1049 θερμουργὸν
2738 974 2814 1037 εἷς
2870 976 2938 1030 τὰ
2994 972 3123 1053 ἔργα
3191 982 3496 1055 αυθόμενοι,
3548 986 3700 1043 οὐκέτι
3747 990 3879 1063 ἐποιήο

593 1064 766 1120 illum
792 1066 1074 1137 juvenem
1106 1071 1164 1120 et
1192 1082 1387 1119 acrem
1415 1065 1487 1119 ad
1521 1066 1775 1137 negotia,
1802 1064 2207 1119 incursionibu

2346 1083 2506 1116 σαντο
2562 1064 2660 1133 τήν
2722 1063 2805 1119 ἐπὶ
2858 1063 2985 1127 τοὺς
3036 1068 3343 1141 Ῥωμαίους
3386 1071 3619 1145 ἐξέλασιν.
3665 1080 3878 1154 Καὶὸμέν

592 1154 657 1210 in
690 1158 986 1210 Romanos
1025 1154 1401 1210 destiterunt.
1461 1154 1663 1209 Gallus
1714 1155 1912 1225 itaque
1944 1154 2207 1208 resideba

2343 1149 2393 1204 ἐν
2426 1155 2495 1225 τῇ
2542 1152 2855 1228 Ἀντιοχείᾳ
2901 1162 3001 1225 τῆς
3063 1158 3261 1232 Συρίας
3318 1160 3404 1230 ἦν’
3435 1168 3759 1231 Κωνστάντιος
3784 1149 3879 1227 alii;

590 1245 923 1300 Antiochiaa
946 1245 1127 1317 Syria)
1158 1262 1171 1311 ;
1203 1244 1580 1299 Constantius
1610 1250 1807 1299 autem
1836 1244 1897 1298 in
1927 1242 2207 1298 Occident

2339 1241 2699 1330 11:1"Eo1rép;
2786 1245 3013 1315 καθίστη
3097 1248 3164 1302 τὰ
3237 1249 3476 1326 πρᾶγμα.
3547 1255 3625 1309 καὶ
3694 1258 3790 1314 τότε
3837 1260 3877 1330 δή

590 1334 1025 1406 rempublicam
1051 1333 1567 1389 moderabatur.Et
1589 1340 1729 1388 tunc
1752 1333 2010 1388 maxima
2042 1333 2207 1403 quiet

2345 1327 2584 1421 μάλιστα
2619 1332 3176 1421 καθαρῷςηήσῦχασεν
3229 1339 3262 1407 ἡ
3315 1340 3583 1413 Ῥωμαίων
3623 1346 3762 1421 ἀρχῆ,
3788 1327 3877 1421 πρὸς

590 1424 899 1479 fruebatur
928 1426 1329 1479 Romanorum
1375 1424 1715 1495 imperium,
1746 1427 1950 1495 utpote
1983 1423 2141 1494 quod
2168 1423 2207 1478 ai

2340 1417 2665 1495 ἀμφοτέρων
2740 1420 3145 1497 φυλαττομένη.
3232 1428 3335 1483 Καὶ
3407 1433 3563 1486 ταῦτα
3628 1407 3714 1506 μὲν
3747 1407 3877 1492 τοῦτον

592 1512 884 1568 ambobus
916 1512 1333 1570 custodiretur.
1368 1514 1436 1568 Et
1466 1514 1591 1567 haec
1632 1512 1874 1583 quidem
1921 1513 2034 1567 hoc
2065 1512 2199 1567 mod

2340 1502 2471 1581 ἔσχε
2496 1508 2587 1563 τὸν
2619 1507 2846 1584 τρόπον.

592 1620 659 1659 se
688 1602 1005 1658 habebant.

665 1757 752 1811 13.
814 1755 1016 1811 Gallus
1064 1759 1284 1823 autem,
1336 1771 1470 1811 cum
1530 1772 1852 1827 purpuram
1910 1758 2207 1812 Caesaream

2349 1748 2503 1838 ΔΑιγ“.
2676 1746 2734 1805 δὲ
2789 1748 3003 1838 Γάλλος
3059 1759 3157 1809 τοῦ
3232 1756 3495 1833 Καίσαρος
3557 1761 3874 1838 ἀμφιασάμενος

590 1844 901 1908 induisset,
930 1844 1175 1916 jamque
1208 1844 1486 1916 coepisset
1515 1846 2078 1916 supremosimperii
2110 1863 2207 1918 gra

2338 1834 2655 1927 ἁλουργίδα,
2689 1839 2779 1893 καὶ
2817 1837 2928 1911 ἤδη
2958 1847 3066 1927 τιῖιν
3115 1846 3349 1918 πρώτων
3375 1851 3471 1912 τῆς
3506 1834 3746 1923 βασιλείας
3767 1834 3874 1927 ἀρξᾶη

586 1935 701 1991 dus
732 1934 1074 2001 ascendere,
1102 1951 1222 1989 non
1253 1935 1582 2005 permansit
1611 1936 1672 1989 in
1699 1935 1906 1990 eadem
1938 1937 2207 1990 sententi:

2343 1944 2501 1995 μενος
2529 1920 2824 1981 ἐπιϐαίνειν
2876 1924 3224 2004 ἀναϐαθμῶν,
3276 1935 3379 1989 οὐκ
3427 1920 3597 2008 ἔμενεν
3625 1937 3698 1993 ἐπὶ

589 2030 647 2080 et
677 2024 793 2079 ﬁde
820 2040 1000 2095 quam
1032 2023 1277 2078 dederat
1305 2024 1647 2078 Constantio
1676 2042 1689 2089 ;
1732 2025 1835 2078 sed
1860 2024 2117 2079 ferocem
2169 2044 2229 2082 se

584 2113 907 2185 praebebat,
950 2129 1059 2167 nec
1109 2113 1200 2167 sui
1250 2118 1605 2183 compotem,
1656 2118 1714 2167 et
1765 2114 1825 2167 in
1875 2114 1964 2168 ira
2009 2115 2230 2185 placari

585 2202 878 2256 nescium.
914 2204 1105 2256 Mente
1138 2202 1297 2255 enim
1330 2202 1567 2272 ineptus
1600 2206 1657 2255 et
1687 2202 1990 2257 voluntate
2021 2204 2227 2259 incon~

587 2290 1066 2357 stans,terminos
1096 2290 1523 2360 prmteribat,et
1551 2296 1788 2361 pactum
1812 2294 2232 2348 contemnebat

583 2379 739 2450 quod
761 2395 897 2433 cum
928 2379 1271 2433 Constantio
1294 2380 1615 2450 pepigerat,
1636 2380 1882 2435 nimiam
1911 2383 2228 2437 auctorita-

582 2474 703 2523 tem
727 2470 788 2523 in
819 2468 1164 2523 ordinandis
1196 2468 1373 2523 rebus
1422 2469 1734 2533 adhibens,
1761 2476 1819 2524 et
1846 2487 1981 2525 cum
2014 2488 2230 2544 magna

583 2557 830 2612 audacia
849 2561 1027 2627 atque
1051 2557 1387 2629 arrogantia
1404 2556 1642 2612 easdem
1666 2574 2051 2629 componens.
2073 2562 2227 2625 Quos

582 2646 744 2701 enim
776 2661 911 2699 cum
944 2645 1071 2715 ipso
1104 2645 1484 2716 magistratus
1516 2646 1793 2701 emiserat
1822 2648 2225 2717 Constantius,

579 2735 984 2806 imperialium
1017 2740 1075 2789 et
1091 2734 1355 2789 civilium
1373 2750 1570 2789 rerum
1595 2735 1827 2806 judices
1852 2738 2227 2808 constitutos,

582 2823 985 2878 Domitianum
1044 2838 1261 2894 nempe
1318 2824 1580 2894 praetorii
1650 2824 1989 2894 prafectum
2065 2827 2226 2896 (nam

576 2912 916 2967 Thalassius
948 2911 1220 2982 obierat),
1253 2917 1311 2966 et
1342 2917 1701 2982 quaastorem
1735 2913 2045 2970 Montium.
2087 2916 2227 2985 quia

580 3017 703 3056 non
728 3000 1087 3055 obediebant
1109 3016 1218 3055 nec
1242 3000 1643 3054 inserviebant
1662 3001 1888 3055 insanis
1918 3006 1975 3055 et
1996 3003 2228 3057 ell‘reni-

578 3091 690 3145 bus
722 3090 849 3161 ejus
875 3088 1360 3161 appetitionibus,
1392 3106 1527 3143 cum
1558 3089 1899 3144 mandasset
1940 3091 2225 3147 militibus

580 3180 754 3235 funes
805 3180 1047 3251 alligare
1093 3195 1296 3234 eorum
1352 3178 1625 3249 pedibus,
1677 3195 1783 3250 per
1829 3180 2021 3234 forum
2072 3181 2224 3235 trahi

2336 2016 2437 2077 τῆς
2466 2014 2692 2088 γνώμης
2742 2016 2831 2071 καὶ
2882 2018 3116 2084 πίστεως
3169 2025 3235 2090 ἧς
3292 2025 3430 2098 πρὸς
3481 2026 3567 2081 τὸν
3595 2031 3871 2085 Κωνπάντιον

2338 2100 2653 2176 ἐποιήσατο,
2686 2104 2832 2162 ἀλλά
2867 2109 3031 2183 βαρύς
3058 2130 3141 2175 τις
3194 2112 3262 2180 ἦν
3317 2114 3407 2169 καὶ
3440 2116 3707 2180 ἀκάθεκτος
3728 2120 3874 2186 καὶτὴν

2342 2190 2513 2282 δργῇν
2569 2192 2961 2268 ἀπαραίτητος·
3022 2202 3377 2273 φρονήματος
3448 2206 3545 2281 γὰρ
3600 2206 3781 2282 ἀκαίρου
3819 2210 3872 2261 καὶ

2340 2280 2548 2354 βουλῆς
2578 2282 2875 2356 ἀνωμάλου
2929 2283 3279 2361 δραξάμενος,
3344 2280 3565 2367 ὑπερέϐη
3609 2280 3717 2357 τοὺς
3750 2296 3868 2369 ερονς,

2334 2370 2424 2423 καὶ
2479 2372 2575 2433 τάς
2632 2377 2899 2444 συνθήκας
2948 2376 3229 2455 ἑφαύλισεν
3292 2380 3353 2443 ἃς
3399 2383 3529 2456 πρὸς
3571 2384 3649 2440 τὸν
3675 2386 3872 2442 lium-tav-

2331 2479 2449 2513 τιον
2481 2457 2794 2532 ἐποιήσατο,
2831 2464 3259 2542 βασιλικώτερον
3288 2475 3397 2525 τῶν
3444 2475 3738 2546 πραγμάτων
3762 2475 3871 2528 ἀπτό-

2340 2568 2521 2620 μενος,
2549 2550 2638 2603 καὶ
2676 2553 2810 2623 μετά
2834 2551 3052 2609 πολλοῦ
3097 2561 3195 2611 τοῦ
3245 2560 3474 2633 θράσους
3517 2562 3600 2616 καὶ
3625 2568 3706 2631 τῆς
3730 2560 3867 2630 ἀλαζο-

2335 2636 2443 2725 νείς
2520 2634 2959 2713 διαταττόμενος.
3036 2643 3182 2706 Τοὺς
3228 2646 3331 2721 γὰρ
3407 2650 3650 2725 ἄρχοντας
3705 2652 3774 2712 οῧς
3809 2652 3867 2704 ὠν

2334 2724 2479 2797 αὖτῷ
2510 2726 2813 2805 ἐπεπόμφει
2871 2731 3270 2805 Κωνστάντιος,
3325 2742 3431 2791 τῶν
3476 2724 3730 2813 βασιλικῶν
3751 2740 3864 2793 τελιεέ

2334 2815 2635 2871 πολιτικῶν
2685 2818 3019 2894 πραγμάτων
3074 2818 3233 2885 ὄντας
3285 2822 3576 2898 διαιτητάς,
3602 2830 3678 2883 τὸν
3700 2850 3743 2883 τε
3764 2850 3862 2901 πριιι-

2334 2902 2549 2977 τωρίων
2606 2901 2848 2982 ἔπαρχον
2903 2913 3227 2981 Δομετιανὸν
3279 2915 3333 2986 (ὁ
3384 2915 3482 2990 γάρ
3536 2914 3779 2977 Θαλάσσιος
3796 2914 3861 2969 ἐτε-

2332 2992 2562 3063 θνήκει),
2590 2994 2680 3047 καὶ
2729 2996 2820 3050 τὸν
2853 2994 2939 3050 ἐπὶ
2986 3002 3084 3052 τοῦ
3114 3001 3476 3075 κοιαίστωρος
3506 3006 3725 3073 Μόντιον,
3748 3002 3860 3057 διὰτὸ

2336 3082 2412 3153 μὴ
2447 3084 2759 3158 πειθαρχεῖν
2820 3085 3020 3148 αὐτοὺς
3075 3088 3166 3143 καὶ
3226 3089 3515 3167 ὑπουργεῖν
3555 3098 3655 3154 ταῖς
3699 3090 3862 3165 παρελεῖ-

2329 3191 2446 3245 γοις
2502 3174 2649 3245 [350]
2710 3173 2875 3229 αὐτοῦ
2932 3177 3019 3230 καὶ
3081 3178 3407 3245 ἀκαθὲκτοις
3460 3184 3654 3256 ὁρμαῖς,
3693 3181 3860 3255 σχοὶνονς

562 3268 765 3341 jussit,
800 3269 1125 3340 ambosque
1151 3268 1385 3335 occidit,
1429 3268 1583 3322 viros
1632 3269 1692 3322 in
1723 3269 1999 3341 gerendis
2030 3271 2207 3342 magi-

2328 3264 2448 3321 ταῖς
2476 3262 2830 3333 στρατιώταις
2875 3268 2982 3319 τῶν
3025 3264 3210 3322 ποδῶν
3262 3270 3438 3325 αὐτῶν
3486 3271 3856 3345 ἐξάψασθαιταρι·

571 3358 855 3414 stratibus
885 3358 1429 3430 praestantissimos,
1454 3363 1512 3412 et
1540 3359 1744 3427 quovis
1776 3358 1938 3413 lucro
1969 3364 2024 3413 et
2058 3376 2217 3414 emo-

567 3449 836 3504 lumento
875 3450 1145 3503 inventos
1196 3448 1553 3519 superiores.
1604 3449 1759 3513 Quos
1809 3465 1943 3503 cum
1976 3466 2215 3521 compo-

569 3538 787 3593 suisset
826 3537 1076 3593 civitatis
1133 3537 1468 3608 episcopus,
1519 3536 1774 3608 sepeliit,
1850 3538 2214 3610 singularem

566 3641 774 3681 eorum
804 3626 1080 3682 virtutem
1112 3627 1419 3683 reveritus.

634 3960 718 4016 14.
752 3961 867 4014 Nec
896 3976 991 4014 res
1024 3959 1125 4014 diu
1156 3959 1330 4015 latuit
1358 3960 1793 4028 Constantium,
1828 3960 1929 4030 qui
1977 3961 2208 4017 Gallum

556 4046 633 4104 ad
660 4064 722 4104 se
764 4050 1092 4105 accersivit.
1154 4049 1259 4103 Ille
1317 4066 1473 4116 vero,
1533 4066 1667 4104 cum
1728 4049 1906 4104 sciret
1964 4051 2207 4121 quidem

555 4155 619 4193 se
648 4154 768 4193 non
799 4138 993 4194 vocari
1026 4139 1100 4194 ad
1140 4139 1363 4195 bonum
1421 4138 1684 4209 aliquod,
1740 4155 1947 4193 rursus
2007 4146 2205 4195 autem

553 4228 839 4298 cogitaret
867 4228 1027 4298 qnod
1058 4228 1107 4283 si
1138 4227 1327 4282 nollet
1370 4243 1600 4299 parere,
1650 4232 1949 4298 oporteret
1975 4226 2203 4283 bellum

548 4316 746 4372 facere
795 4321 855 4371 et
900 4333 1066 4372 arma
1121 4316 1394 4388 protinus
1453 4315 1734 4370 adversus
1784 4316 2199 4372 Constantium

548 4406 834 4477 arripere,
862 4405 1039 4476 elegit
1069 4406 1265 4477 potius
1315 4422 1446 4475 qua)
1500 4405 1663 4477 pacis
1692 4409 1893 4471 erant;
1946 4410 2004 4459 et
2046 4422 2201 4477 praa-

545 4494 731 4551 missa
769 4511 950 4550 uxore
1000 4495 1075 4550 ad
1127 4493 1521 4566 mitigandum
1579 4494 2011 4564 Constantium,
2072 4495 2197 4567 ipse

546 4601 785 4655 quoque
821 4588 1030 4655 sponte
1063 4600 1169 4639 sua
1199 4583 1401 4639 adibat
1420 4583 1774 4654 periculum.
1808 4584 2196 4640 Constantina

2324 3348 2745 3424 κελευσάμενος,
2801 3351 2890 3408 ἐπὶ
2946 3357 3045 3423 τῆς
3102 3357 3307 3433 ἀγορᾶς
3357 3364 3568 3435 συρῆναι
3620 3359 3856 3436 προσέταξεν,

2322 3440 2411 3494 καὶ
2438 3440 2778 3517 ἀμφοτέρους
2826 3442 3159 3517 ἀπέκτεινεν,
3216 3446 3417 3525 ἄνδρας
3462 3451 3509 3506 ἐν
3549 3451 3760 3521 ἀξιώμασι
3781 3446 3855 3501 διι-

2319 3528 2651 3604 πρὲψαντας,
2679 3532 2767 3586 καὶ
2810 3534 3008 3596 παντὸς
3067 3534 3301 3612 κέρδους
3355 3541 3442 3595 καὶ
3499 3540 3741 3613 λήμματος
3763 3536 3851 3608 εὗρε-

2320 3619 2505 3682 θὲντας
2532 3618 2929 3697 ὑψηλοτέρους
2986 3622 3079 3687 οὓς
3138 3627 3165 3681 ὁ
3222 3635 3327 3697 τῆς
3381 3629 3583 3691 πόλεως
3611 3625 3849 3701 περιστείὶις

2316 3706 2614 3796 ἐπίσκοπος
2673 3706 2888 3786 ἔθαψεν,
2949 3712 3217 3781 αἲδεσθεὶς
3260 3720 3323 3775 τὸ
3384 3727 3481 3791 τῆς
3533 3722 3698 3796 ἀρετῆς
3736 3716 3846 3772 αὐτῶν

2315 3795 2728 3875 ἀνυπέρϐλητον
2739 3845 2752 3857 .

2387 3947 2468 4007 ιδ.
2503 3952 2564 4009 Ὀ
2596 3948 2653 4006 δὲ
2683 3955 3084 4026 Κωνστάντιος,
3117 3956 3310 4029 ἐπειδὴ
3361 3962 3579 4036 τάχιστα
3620 3956 3839 4015 ἐπύθετοτό

2312 4035 2541 4111 συμϐὰν,
2606 4044 2990 4117 μετάπεμπτον
3047 4047 3121 4109 ὡς
3181 4049 3368 4105 ἑαυτὸν
3426 4050 3636 4105 ἐποιεῖτο
3660 4049 3727 4101 τὸν
3752 4042 3837 4097 Γιλ-

2312 4126 2429 4186 λον.
2459 4131 2518 4187 Ὀ
2550 4128 2629 4201 δὲ,
2662 4129 2821 4194 εἰδὼς
2853 4134 2947 4207 μὶν
2990 4134 3065 4199 ὡς
3095 4136 3196 4191 οὐκ
3244 4138 3329 4193 ἐπ’
3358 4140 3535 4215 ἀγαθῷ
3559 4138 3761 4213 τυγχάνει
3781 4153 3837 4185 κί’
3915 4164 3917 4215 Δ

2311 4216 2600 4291 λούμενος,
2653 4220 2851 4277 ἐννοῶν
2900 4221 2958 4278 δὲ
3013 4225 3177 4281 πάλιν
3213 4229 3314 4297 ὡς,
3347 4230 3393 4284 εἲ
3445 4230 3515 4301 μή
3554 4229 3756 4303 βούλοιτο
3778 4223 3835 4274 ὑπ·

2307 4306 2544 4378 ακούειν,
2572 4307 2817 4381 πόλεμον
2850 4311 3057 4387 ἀνάγκη
3092 4321 3299 4385 ποιεῖν,
3340 4316 3479 4371 ’ὀπλα
3505 4316 3622 4390 πρὸς
3647 4312 3831 4368 Hunni"

2304 4417 2420 4451 τιον
2480 4398 2537 4452 ἐκ
2590 4403 2686 4453 τοῦ
2744 4398 2940 4465 εὒθέως
2993 4404 3286 4478 ἀράμενον,
3342 4406 3554 4483 αἷρεῖται
3608 4403 3763 4477 μᾶλλον
3794 4396 3829 4448 τὶ
3906 4444 3909 4507 γ

2340 4490 2367 4500 η’
2464 4486 2478 4506 9
2540 4490 2551 4507 Ι
2780 4489 2795 4507 ς
2892 4493 2901 4506 \
3148 4500 3170 4507 .-
3598 4494 3626 4507 .κ
3721 4491 3729 4507 ο
3800 4490 3803 4497 ¹

2302 4490 2401 4551 τῆς
2434 4486 2678 4563 εἰρήνης,
2706 4489 2797 4543 καὶ
2844 4493 2943 4559 τήν
3005 4500 3241 4567 γυναῖκα
3297 4494 3688 4570 προαποστείλας
3709 4490 3826 4552 ὡςτέν

2303 4575 2673 4632 Κωνστάντιον
2703 4577 3132 4653 ἐκμειλίξασθαι,
3167 4585 3257 4639 καὶ
3308 4585 3460 4648 αὐτὸς
3508 4585 3643 4656 ἀπῄει
3668 4579 3824 4647 αὐτόμα·

546 4654 682 4747 ergo
713 4654 913 4730 statim
944 4674 1209 4746 profecta
1238 4679 1347 4741 est,
1397 4680 1464 4729 ut
1508 4673 1672 4745 prior
1720 4679 1957 4729 uastaret
2003 4674 2191 4742 fratri,

2323 4681 2400 4727 ιος
2434 4664 2521 4719 ἐπὶ
2560 4667 2651 4721 τὸν
2703 4666 2973 4725 κίνδυνον.
3021 4677 3087 4729 Ἡ
3135 4674 3232 4744 μὶν
3285 4674 3373 4729 οὖν
3420 4671 3723 4732 Κωνσταντίνα
3742 4685 3821 4738 πρσ·

543 4764 793 4819 studens
822 4781 959 4820 eum
993 4764 1292 4837 placatum
1323 4763 1547 4831 efﬁcre,
1579 4780 1653 4818 ne
1686 4762 1829 4834 quid
1859 4763 2080 4817 funesti
2132 4764 2193 4818 in

540 4853 824 4909 maritum
847 4858 1154 4909 statueret.
1188 4853 1332 4908 Cum
1365 4857 1564 4908 autem
1602 4856 1874 4924 prompto
1922 4857 1979 4905 et
2009 4852 2189 4907 alacri

540 4943 741 4997 animo
770 4943 886 4997 iter
914 4942 1169 5009 iniisset,
1198 4942 1354 4996 inter
1384 4940 1647 4996 eundum
1680 4940 1890 4996 incidit
1919 4942 1980 4995 in
2030 4958 2190 4996 mor-

540 5030 705 5100 bum,
738 5038 797 5088 et
826 5032 1163 5104 Bithyniam
1196 5032 1485 5104 ingressa,
1514 5030 1574 5084 in
1608 5030 1865 5101 quadam
1899 5031 2028 5101 ejus
2070 5036 2191 5086 sta-

537 5122 700 5177 tione
731 5138 862 5193 quw
884 5121 1102 5177 dicitur
1133 5120 1495 5186 Gallicana,e
1517 5120 1633 5175 vita
1662 5119 1955 5175 discessit.
1989 5120 2187 5175 Gallus

536 5226 692 5279 vero,
725 5211 957 5266 etiamsi
992 5211 1366 5281 inopinatum
1400 5210 1557 5264 hunc
1588 5214 1863 5263 eventum
1913 5224 2187 5279 magnam

536 5298 649 5351 sibi
681 5299 1081 5356 calamitatem
1128 5303 1449 5371 reputaret,
1503 5298 1753 5352 ulterius
1800 5302 2001 5352 tamen
2050 5314 2188 5369 pro-

534 5403 769 5459 gressus
802 5394 908 5455 est,
942 5406 1064 5444 non
1112 5389 1407 5444 desistens
1457 5386 1527 5442 ab
1574 5387 1645 5441 iis
1694 5404 1825 5457 qua)
1877 5391 2183 5441 statuerat.

532 5477 851 5545 Postquam
883 5484 1079 5533 autem
1111 5479 1380 5550 pervenit
1409 5477 1482 5532 ad
1514 5477 1861 5531 Noricorum
1888 5476 2184 5532 civitatem

534 5579 667 5635 qum
694 5570 933 5619 vocatur
961 5567 1270 5638 Pytabion,
1322 5568 1437 5622 huc
1485 5566 1839 5632 Mediolano,
1889 5565 1991 5621 ubi
2044 5570 2184 5621 tunc

531 5654 913 5709 Constantius
944 5656 1172 5727 agebat,
1221 5657 1479 5713 mittitur
1520 5657 1637 5713 dux
1691 5655 2027 5725 Barbation,
2080 5655 2181 5727 qui

532 5741 763 5798 Gallum
795 5760 1059 5815 purpura
1088 5744 1407 5815 spoliatum
1437 5752 1494 5802 et
1519 5746 1591 5802 ad
1626 5744 2025 5801 conditionem
2059 5744 2181 5817 pri-

2300 4756 2428 4828 τὲρα
2458 4753 2743 4829 ἐξώρμησε
2786 4766 3143 4835 προεντυχεῖν
3190 4767 3271 4834 τῷ
3318 4760 3545 4841 ἀδελφῷ,
3583 4754 3817 4817 miniata-

2302 4854 2422 4907 σθαι
2455 4843 2614 4898 αὐτὸν
2664 4845 2796 4920 ὑπὲρ
2855 4852 2951 4901 τοῦ
3007 4847 3201 4925 ἀνδρὸς
3260 4848 3750 4925 προθυμουμένη,τοῧ
3770 4840 3814 4911 μέ

2298 4953 2349 4987 τι
2383 4931 2459 4995 εἷς
2490 4932 2649 4987 αὐτὸν
2705 4934 3096 5009 βουλεύσασθαι
3156 4941 3459 5011 ἀνήκεστον·
3488 4938 3643 5011 πολλῇ
3672 4934 3711 4989 δῖ
3732 4949 3812 4999 3.5“

2297 5023 2465 5094 θυμία
2495 5023 2615 5096 περὶ
2648 5024 2746 5093 τήν
2777 5022 3094 5102 ὁδοιπορίαν
3130 5030 3415 5104 χρωμένη,
3446 5030 3517 5093 εἰς
3542 5029 3719 5084 νόσοντε
3739 5018 3809 5073 ἔτει

2299 5134 2356 5167 σε
2417 5114 2611 5187 μεταξὺ
2670 5117 3035 5191 πορευομένη,
3110 5120 3199 5174 καὶ
3276 5120 3513 5184 Βιθυνίας
3560 5112 3741 5173 ἐπιϐἇπ.
3776 5104 3805 5157 έν

2297 5205 2521 5275 σταθμῷ
2570 5225 2675 5258 τινι
2732 5204 2936 5277 ταύτης
2993 5206 3316 5281 Γαλλικάνῳ
3357 5208 3605 5285 λεγομένῳ
3628 5201 3801 5285 afﬁxi“-

2295 5292 2356 5349 'O
2414 5289 2471 5347 δὲ
2526 5291 2739 5354 Γάλλὸς
2787 5294 2877 5347 καὶ
2934 5292 3095 5350 τοῦτο
3160 5278 3628 5372 παράδοξον-αὗτῷ
3668 5278 3797 5356 “Fab

2298 5380 2542 5457 μεγάλην
2598 5384 2882 5459 συμφορὰν
2939 5385 3330 5459 ποιησάμενος,
3388 5388 3525 5459 ’ὀμως
3570 5386 3657 5440 τοῖς
3681 5373 3793 5469 πξέῖξν

2292 5475 2400 5525 τῶν
2435 5467 2773 5545 δεδογμένων
2830 5471 2930 5527 οὐκ
2978 5472 3339 5547 ἐξιστάμενος.
3385 5476 3516 5530 Ἐπεξ
3543 5472 3587 5527 δὲ
3610 5464 3789 5531 tida-1;!"

2292 5580 2421 5621 κους
2473 5559 2691 5637 ἀφίκετο
2740 5558 2905 5615 πόλιν
2958 5565 3139 5620 αὐτῶν
3198 5560 3501 5619 Πυταὸιῶνα
3541 5551 3784 5624 καλουμένην

2293 5647 2515 5705 ἐνταῦθα
2572 5645 2640 5716 δὴ
2695 5647 2802 5704 ἀπὸ
2856 5649 3196 5709 Μεδιολάνου
3244 5654 3608 5725 καταπέμπεται
3644 5653 3780 5713 στρατη·

2290 5740 2390 5815 γὸς
2420 5732 2761 5814 Βαρϐατίων,
2805 5736 2929 5796 ἐκεῖ
2964 5745 3061 5797 τοῦ
3119 5740 3473 5800 Κωνσταντίου
3508 5741 3561 5795 τὸ
3596 5726 3781 5801 mm
