4040 6204
183 375 324 436 1265

1546 384 1608 436 Β.
1649 381 1953 436 ΔΒἸἙΜΙῙ
1995 381 2263 437 PASSIO.

3451 382 3601 459 1266

178 498 578 576 τυγχάνοντος⁶
610 502 670 567 ’ὸς
697 505 790 559 τὸν
823 502 1036 559 Γάλλον
1097 504 1404 580 ἀφαιρεῖται
1433 508 1535 574 τῆς
1565 499 1827 578 ἁλουργί-

1946 508 2138 560 vatam
2168 504 2475 561 redactum
2505 505 2568 562 in
2619 504 2881 562 insulam
2931 504 3252 577 quamdam
3290 507 3595 567 Dalmatia

185 586 302 659 δος,
332 590 422 645 καὶ
455 590 532 652 εἰς
582 588 807 663 ἰδιώτην
870 593 1286 666 μετασκευάσας,
1346 591 1612 667 ἐξόριστον
1671 592 1833 646 αὐτὸν

182 679 261 744 εἴς
291 702 413 737 τινα
439 688 607 752 νῆσον
640 689 739 753 τῆς
768 683 1079 758 Δαλματίας
1104 684 1417 755 κατέστησε.

256 840 404 911 [351]
451 842 527 897 ιε’.
586 842 692 892 Τοῦ
746 836 829 912 δὲξ
858 836 1075 895 Γάλλου
1107 839 1207 909 ξείς
1236 840 1335 908 τὴν
1388 845 1550 909 νῆσον
1584 836 1837 913 ἀπηγμέ-

180 948 302 994 νου,
337 928 391 981 οἱ
419 927 482 981 τὸ
535 933 635 982 πᾶν
698 927 781 982 ἐπ’
832 927 976 1001 αὐτῷ
1031 932 1410 1000 συντήσαντες,
1459 924 1720 990 Εὐσέϐιος
1780 925 1837 983 δὲ

180 1016 421 1087 μάλιστα
447 1016 514 1085 ἦν
545 1017 573 1070 ὁ
619 1016 879 1092 εὐνοῦχος
917 1019 944 1071 6
971 1019 1070 1085 τήν
1097 1022 1192 1073 τοῦ
1248 1017 1608 1093 πραιποσίτου
1664 1018 1833 1089 τιμὴν

176 1102 353 1180 ἔχων,
407 1105 497 1159 καὶ
560 1105 616 1159 οἱ
677 1104 767 1160 σὺν
830 1106 1001 1179 αὐτῷ,
1050 1107 1292 1162 πείθουσι
1353 1104 1729 1162 Κωνστάντιον
1758 1106 1835 1168 ὡς

180 1195 422 1269 τάχιστα
449 1194 541 1249 τὸν
576 1192 789 1250 Γάλλον
839 1197 1163 1267 ποιήσασθαι
1198 1196 1258 1253 ἐκ
1296 1193 1502 1252 ποδῶν.
1534 1196 1595 1253 Ὁ
1628 1192 1685 1250 δὲ
1713 1216 1836 1249 πει-

184 1283 330 1345 σθεὶς
390 1281 594 1356 πέμπει
652 1282 779 1346 τοὺς
831 1284 1227 1349 ἀποκτενόντας
1285 1284 1443 1340 αὐτόν
1480 1306 1493 1319 ι
1554 1284 1641 1339 καὶ
1719 1282 1828 1355 ἤδη

181 1372 391 1427 τούτων
426 1373 859 1449 ἀφικνουμένων,
898 1372 1064 1428 πάλιν
1094 1376 1122 1428 ὁ
1160 1375 1533 1436 Κωνστάντιος
1571 1373 1646 1436 εἷς
1679 1368 1831 1429 ἔλεον

182 1460 504 1535 μετεκλίθη,
536 1462 625 1516 καὶ
661 1461 860 1536 πέμπει
914 1461 1001 1517 διά
1055 1462 1271 1539 ταχέων
1314 1462 1511 1538 ἐτέρων
1567 1464 1832 1538 γραμμά-

174 1573 288 1606 των
343 1550 433 1605 τὸν
491 1548 704 1606 Γάλλον
761 1556 858 1606 τοῦ
913 1552 1115 1614 πάθους
1174 1551 1632 1625 ἀνακαλούμενος.
1667 1553 1727 1609 Ὀ
1776 1549 1833 1606 δὲ

174 1634 439 1702 Εὐσέϐιος
470 1640 559 1694 καὶ
620 1641 671 1695 οἱ
724 1639 815 1695 σὺν
875 1640 1022 1713 αὖτῷ
1069 1643 1316 1705 πείθουσι
1370 1643 1460 1695 τὸν
1520 1641 1833 1719 πεμφθέντα

170 1730 577 1804 Μαγιστριανὸν
637 1731 711 1803 μὴ
770 1729 1035 1806 πρότερον
1097 1731 1384 1799 ἑπιστῆναι
1441 1727 1719 1785 δεικνύντα
1766 1730 1829 1785 τὸ

166 1818 425 1893 γράμμα,
481 1818 607 1892 πρὶν
666 1816 728 1872 ἂν
782 1820 1011 1883 πύθοιτο
1039 1820 1129 1874 τὸν
1191 1818 1404 1875 Γάλλον
1457 1819 1825 1896 ἀνῃρημένον.

170 1906 423 1984 Ἐγένετο
452 1912 641 1975 ταῦτα,
681 1906 770 1962 καὶ
803 1909 830 1962 6
866 1906 1080 1973 Γάλλος
1134 1907 1428 1979 ἐτεθνήκει.
1485 1912 1544 1966 Ὀ
1582 1906 1638 1963 δέ
1671 1916 1826 1963 Κων-

171 1997 423 2058 στάντιος
452 1998 573 2071 περὶ
606 2001 723 2058 τοῖς
754 1996 1035 2073 πράγμασι
1080 1994 1275 2069 δείσας,
1338 1999 1414 2070 μή
1469 1998 1581 2072 οὐχ
1626 1998 1739 2060 οἶός
1772 2018 1831 2053 τε

171 2085 211 2159 ᾗ
246 2086 411 2159 μόνος
445 2086 659 2155 ἀπάσης
688 2085 821 2141 εἶναι
861 2093 961 2155 τῆς
996 2086 1173 2162 ἀρχῆς
1233 2084 1524 2162 ἐγκρατὴς,
1557 2084 1744 2148 ἄλλως
1771 2108 1830 2142 τε

168 2174 406 2230 καὶτῶν
455 2174 709 2230 Γαλατῶν
772 2175 999 2245 όξότατα
1052 2172 1119 2245 δὴ
1164 2176 1251 2229 καὶ
1318 2175 1483 2229 ὁπότε
1534 2187 1828 2251 προθυμη-

166 2269 312 2328 θεῖεν
344 2263 421 2325 εἷς
463 2265 558 2327 τὰς
614 2261 935 2341 τυραννίδας
983 2262 1361 2341 ἐγειρομένων,
1396 2262 1484 2319 διά
1530 2286 1589 2320 τε
1641 2265 1828 2338 σώμα-

163 2376 265 2417 τος
301 2354 458 2430 ἰσχὺν
491 2355 578 2409 καὶ
612 2354 1364 2433 κουφότηταζφρονημάτων,
1400 2353 1663 2429 μετέμελε
1706 2355 1830 2411 τότε

162 2448 260 2503 τὸν
296 2446 510 2503 Γάλλον
560 2447 855 2517 ὁπεξελὼνο
905 2447 997 2502 καὶ
1043 2445 1408 2521 λογισάμενος
1438 2447 1515 2508 ὡς
1539 2447 1603 2501 τὸ
1633 2467 1827 2521 συγγε-

165 2538 259 2599 νὲς
318 2541 414 2591 τοῦ
470 2536 681 2591 ὀθνείου
746 2537 834 2591 καὶ
892 2534 1226 2610 άλλογενοῦς
1275 2534 1636 2609 ἀοαλὲστερον
1696 2536 1826 2590 εἶναι

175 2631 377 2700 μακρῷ
414 2627 551 2701 πρὸς
577 2626 861 2682 κοινωνίαν
905 2633 1005 2696 τῆς
1039 2624 1337 2701 βασιλείας,
1390 2625 1685 2681 Ἰουλιανὸν
1734 2626 1825 2681 τὸν

171 2713 414 2792 ἀδελφὸν
438 2718 534 2770 τοῦ
566 2713 782 2771 Γάλλου
815 2714 875 2769 ἐκ
924 2721 1027 2784 τῆς
1061 2713 1267 2776 Ἰωνίας
1338 2716 1829 2788 μεταπεμψάμενος

168 2805 328 2877 ὲντῇ
361 2801 704 2877 Μεδιολάνῳ,
765 2803 1003 2879 Καίσαρα
1054 2800 1332 2874 ἀνέδειξεν,
1362 2802 1451 2857 καὶ
1509 2803 1607 2870 τὴν
1655 2800 1827 2857 ἀδελ-

172 2894 289 2970 φῆν
314 2892 579 2965 αὐτῷτὴν
613 2894 808 2948 ἑαυτοῦ
867 2892 1091 2963 Ἑλένην
1128 2892 1204 2956 εἷς
1258 2894 1435 2966 γάμον
1487 2889 1695 2961 ἐκδοὺς,
1732 2890 1827 2946 καὶ

164 2982 238 3037 τὰ
268 2983 436 3038 πιστά
491 2984 626 3055 πρὸς
680 2982 839 3037 αὐτὸν
888 2982 1279 3055 ποιησάμενος,
1335 2986 1526 3036 τοῦτον
1592 2982 1684 3055 μὲν
1746 2981 1827 3051 ἐξ·

167 3073 417 3147 ἐπεμψεν
450 3071 526 3134 είς
557 3073 652 3134 τάς
684 3070 923 3135 Γαλλίας
953 3070 1169 3147 φύλακα
1197 3078 1297 3140 τῆς
1337 3070 1512 3125 ἐκεῖσε
1547 3068 1829 3145 βασιλείας

164 3162 458 3235 ἐσόμενονο
492 3161 655 3224 αὐτὸς
686 3159 744 3216 δὲ
770 3160 846 3224 εἷς
892 3159 1203 3237 Ἰλλυριοὺς
1235 3159 1587 3238 ἀφικόμενος,
1640 3158 1695 3215 ἐν
1744 3164 1826 3232 τῷ

161 3251 392 3328 Σιρμίῳ
424 3250 631 3328 διῆγεν.

238 3405 331 3469 ις’.
391 3403 682 3478 Ἀκούσας,
743 3401 799 3459 δὲ
848 3408 1016 3459 ταῦτα
1047 3402 1129 3458 ὅτι
1188 3404 1240 3458 οἱ
1296 3404 1549 3480 πέραντοι
1606 3405 1823 3478 Ἴστρου

156 3489 439 3572 βάρϐαροι
474 3491 772 3567 μέλλουσιν
822 3491 1225 3568 ἐπιστρατεύειν
1268 3495 1337 3566 τῇ
1380 3497 1487 3547 τῶν
1533 3491 1819 3565 Ῥωμαίων

151 3585 339 3660 ἀρχῇ,
399 3583 609 3659 ἀπάρας
666 3582 771 3637 ἀπὸ
826 3587 923 3638 τοῦ
974 3582 1211 3655 Σιρμίου
1268 3582 1404 3654 πρὸς
1460 3581 1550 3635 τὸν
1609 3581 1817 3657 Ἴστρον

152 3668 350 3743 διέϐη,
381 3673 472 3728 καὶ
528 3672 665 3747 πρὸς
728 3672 863 3740 αὐτῇ
916 3675 984 3745 τῇ
1016 3670 1161 3746 ὅχθῃ
1223 3669 1422 3746 χρόνον
1485 3669 1584 3725 οὐκ
1632 3669 1817 3747 ὀλίγον

148 3764 426 3833 ποιήσας,
461 3760 576 3816 ἐπεὶ
625 3760 693 3815 τὰ
750 3765 855 3816 τῶν
918 3756 1203 3837 βαρϐάρων
1260 3760 1455 3834 ἠρέμει
1513 3761 1663 3832 [352]
1723 3781 1817 3814 συ-

147 3853 260 3923 στή
277 3871 438 3923 ματα,
472 3848 639 3905 πάλιν
693 3849 782 3904 ἐπὶ
829 3850 929 3918 τήν
992 3855 1207 3925 Θρηίκην
1239 3847 1495 3918 ἤλαυνεν⁸
1528 3847 1642 3902 ἐπεὶ
1675 3845 1733 3902 δὲ
1763 3846 1814 3903 ἐν

141 3938 449 4013 Ὀδρυσοῖς
506 3938 773 4015 ἐτύγχανε
850 3937 1084 4014 γεγονὼς
1121 3982 1135 4007 ,
1195 3935 1319 4001 ἔνθα
1382 3936 1544 3992 πόλιν
1631 3936 1817 3999 κτίσας

134 4026 478 4103 Ἀνδριανὸς
504 4029 531 4082 6
558 4027 812 4103 βασιλεὺς
835 4029 931 4097 τήν
958 4028 1148 4082 ἑαυτοῦ
1173 4024 1539 4081 καταλέλοιπε
1564 4026 1642 4097 τῷ
1660 4025 1816 4099 τόπῳ

136 4116 556 4197 προσηγορίαν,
588 4117 813 4172 ἐπύθετο
845 4115 982 4192 πρός
1010 4137 1157 4178 τινος
1208 4120 1314 4169 τῶν
1377 4114 1706 4182 ὲπισκοπων,
1738 4136 1813 4177 ως

129 4212 216 4267 ’τᾶ
286 4209 511 4282 σώματα
566 4212 675 4263 τῶν
729 4212 826 4262 τοῦ
878 4208 1115 4281 Χριστοῦ
1170 4204 1493 4261 ἀποστόλων
1557 4203 1811 4281 Ἀνδρέου

128 4300 242 4357 καὶ
284 4303 483 4369 Λουκᾷ,
515 4296 567 4352 ἐν
625 4294 829 4372 Ἀχαΐᾳ
882 4295 1195 4369 τεθαμμένα
1248 4296 1631 4370 τυγχάνουσιν,
1688 4295 1813 4350 ’Λν-

134 4386 323 4463 δρέου
360 4387 456 4459 μὲν
488 4385 540 4442 ἂν
575 4385 835 4459 Πάτραις,
871 4388 1055 4439 Λουκᾶ
1094 4380 1151 4438 δέ
1178 4382 1230 4438 έν
1264 4378 1473 4453 Θήϐαις
1505 4390 1603 4453 τῆς
1629 4390 1807 4438 Βοιω-

126 4476 300 4538 τίας.
357 4474 446 4538 Ὠς
507 4472 598 4528 οὖν
656 4473 884 4543 ἤκουσεν
928 4474 956 4528 6
993 4471 1248 4549 βασιλεὺς
1307 4476 1473 4527 ταῦτα
1528 4474 1810 4528 Κωνστάν-

122 4586 297 4634 τιος,
329 4563 471 4634 ἥσθη
497 4584 557 4618 τε
584 4567 662 4636 τῷ
692 4563 848 4639 λόγῳ
876 4562 967 4617 καὶ
1014 4561 1101 4618 ἐπὶ
1137 4561 1272 4636 μέγα
1302 4556 1519 4633 ἐϐόησε,
1551 4561 1640 4616 καὶ
1674 4562 1809 4636 πρὸς

120 4656 287 4717 τοὺς
312 4653 580 4731 παρόντας
636 4655 790 4732 φησί.
849 4651 1122 4709 Καλέσατέ
1184 4674 1276 4727 μοι
1334 4654 1643 4726 ’Λρτέμιον;
1703 4658 1808 4707 Τοῦ

132 4745 212 4801 δὲ
242 4742 420 4819 τάχος
452 4743 915 4819 παραγενομένου,
965 4740 1257 4817 Συγχαίρω
1307 4761 1413 4806 σοι,
1444 4737 1568 4815 ἔφη,
1602 4738 1811 4815 ἀνδρῶν

134 4833 415 4890 ἁπάντων
473 4830 874 4910 θεοφιλέστατε.
929 4831 991 4887 Ὁ
1024 4827 1081 4884 δὲ
1128 4828 1264 4905 πρὸς
1321 4828 1496 4883 αὐτόν·
1558 4829 1660 4885 Καὶ
1694 4827 1811 4901 εἷής

134 4944 257 4999 μοι
288 4922 652 4997 κεχαρμένος,
689 4921 733 4975 ὦ
769 4918 1012 4997 βασιλεῖ’),
1046 4916 1135 4974 διά
1179 4918 1400 4985 παντὸς,
1446 4917 1537 4973 καὶ
1598 4920 1810 4991 μήποτέ

118 5033 203 5068 σε
238 5014 352 5067 τῶν
384 5009 649 5086 ὀχληρῶν
678 5031 730 5065 τι
758 5006 1151 5083 καταλήψεται.
1204 5006 1308 5063 Καὶ
1341 5008 1369 5062 6
1406 5006 1679 5082 βασιλεὺςι
1705 5016 1808 5078 Ζη-

106 5108 264 5165 τεῖς
298 5099 357 5156 δέ
406 5122 459 5155 τι
517 5098 975 5178 χαριωδέστερον,
1032 5101 1076 5154 ὦ
1106 5098 1278 5177 φίλων
1313 5096 1515 5173 ἄριστε,
1548 5106 1646 5169 τῆς
1698 5105 1805 5155 τῶν

112 5194 426 5265 σωμάτων
456 5194 564 5245 τῶν
596 5195 695 5246 τοῦ
726 5191 960 5266 Χριστοῦ
991 5188 1311 5245 ἀποστόλων
1359 5187 1616 5264 εὗρέσεως
1650 5212 1664 5257 ;
1708 5189 1806 5244 Καὶ

105 5286 157 5340 ὁ
205 5282 388 5357 μέγας
416 5278 730 5355 ⁸Αρτέμιος’
766 5278 859 5342 Τίς
888 5279 979 5334 καὶ
1029 5277 1210 5348 πόθεν,
1246 5280 1290 5332 ὢ
1322 5274 1575 5343 δέσποτα,
1609 5279 1636 5332 ὁ
1671 5283 1803 5333 τοῦ-

98 5393 238 5428 τον
271 5372 413 5442 ἡμῖν
443 5370 533 5425 τὸν
570 5369 837 5444 Θησαυρὸν
867 5368 1177 5444 φανερώσας
1207 5367 1268 5422 τὸ
1315 5368 1555 5441 τήμερον
1591 5387 1604 5435 ς
1640 5368 1740 5424 Καῖ
1775 5369 1802 5422 6

88 5461 545 5521 Κωνστᾶντιος.
605 5459 667 5515 Ὀ
715 5464 813 5527 τῆς
872 5454 1102 5531 Ἀχαΐας
1160 5454 1453 5519 ἐπίσκοπος
1492 5455 1521 5509 ὁ
1556 5459 1647 5509 νῦν
1704 5454 1800 5534 ἐφ-

92 5548 352 5624 ορεύων
385 5549 439 5605 ἐν
470 5550 728 5627 Πάτραις·
770 5546 897 5604 ἀλλ’
930 5546 1107 5621 ἄπιθι,
1139 5544 1346 5623 ἀνδρῶν
1377 5542 1582 5622 ἄριστε,
1613 5546 1704 5602 καὶ
1735 5548 1798 5603 τὸ

77 5640 317 5715 τάχος
374 5637 428 5695 ἂν
484 5636 1050 5695 Κωνσταντινουπόλει
1129 5638 1229 5708 τὴν
1309 5634 1516 5692 τουτων
1602 5632 1795 5693 ἄνοδον

74 5727 404 5804 ποίησον.

1949 596 2211 652 exsulem
2240 596 2539 670 relegavit.

2020 933 2102 986 15.
2134 930 2297 985 Gallo
2330 931 2389 984 in
2418 930 2675 986 insulam
2708 931 2932 998 abacto,
2986 931 3084 1002 qui
3137 947 3313 985 omne
3364 930 3591 987 crimen

1946 1017 2228 1073 adversus
2256 1035 2389 1073 eum
2422 1019 2841 1091 congerebant,
2874 1020 3127 1075 maxime
3177 1025 3377 1075 autem
3406 1022 3593 1077 Euse-

1944 1107 2077 1162 bius
2110 1109 2437 1177 eunuchus,
2484 1109 2786 1180 praepositi
2847 1109 3130 1180 dignitate
3162 1109 3499 1181 insignitus,
3533 1113 3593 1164 et

1944 1197 2044 1267 qui
2070 1196 2142 1252 ab
2176 1197 2386 1252 iisdem
2430 1198 2696 1269 partibus
2742 1198 2997 1265 stabant,
3031 1198 3393 1270 persuadent
3440 1200 3591 1253 Con-

1945 1287 2160 1341 stantio
2194 1291 2259 1341 ut
2277 1288 2719 1358 quamprimum
2752 1288 2984 1343 Gallum
3006 1287 3079 1342 de
3100 1288 3297 1343 medio
3331 1287 3586 1342 tolleret.

1943 1378 2262 1429 Persuasus
2293 1374 2393 1430 ille
2428 1375 2609 1430 mittit
2640 1376 2739 1446 qui
2772 1393 2908 1432 eum
2948 1377 3330 1431 interficiant.
3364 1377 3589 1442 Quibus

1935 1463 2060 1534 jam
2093 1463 2393 1535 profectis,
2429 1466 2809 1520 Constantius
2853 1482 3058 1521 rursus
3104 1470 3370 1521 movetur
3407 1467 3591 1521 mise-

1942 1553 2215 1621 ricordia,
2250 1554 2548 1625 mittitque
2582 1555 2857 1609 ocissime
2906 1556 3124 1610 alteras
3171 1554 3421 1619 litteras,
3456 1556 3590 1626 qui-

1940 1641 2051 1695 bus
2073 1642 2272 1696 Gallus
2301 1659 2333 1697 a
2365 1643 2654 1714 supplicio
2686 1643 2992 1699 liberatur.
3035 1644 3323 1698 Eusebius
3363 1649 3582 1709 autem,

1940 1735 1999 1785 et
2028 1731 2127 1801 qui
2158 1748 2293 1786 cum
2325 1747 2393 1787 eo
2425 1737 2614 1799 erant,
2646 1733 3008 1804 persuadent
3055 1732 3450 1805 Magistriano,
3484 1732 3587 1803 qui

1939 1821 2287 1877 mittebatur
2344 1839 2418 1876 ne
2477 1823 2642 1893 prius
2703 1822 3018 1877 desisteret
3068 1822 3141 1877 ad
3186 1823 3586 1878 ostendendas

1938 1911 2189 1978 litteras,
2223 1928 2400 1983 quam
2433 1911 2665 1965 audiret
2694 1911 2924 1965 Gallum
2968 1910 3150 1965 fuisse
3182 1911 3584 1966 interfectum.

1940 2001 2073 2056 Haec
2104 2001 2257 2056 facta
2278 2006 2419 2056 sunt
2442 2000 2581 2055 etde
2614 2000 2776 2055 Gallo
2799 2006 3184 2072 sumpserunt
3204 2000 3584 2072 supplicium.

1941 2090 2320 2145 Constantius
2343 2090 2414 2145 de
2446 2089 2623 2144 rebus
2652 2089 2908 2160 publicis
2939 2090 3250 2159 sollicitus,
3276 2090 3431 2161 quod
3463 2105 3587 2145 non

1939 2186 2139 2250 posset
2193 2180 2353 2235 solus
2412 2180 2592 2234 totius
2649 2179 2883 2251 imperii
2942 2180 3205 2251 regimen
3263 2196 3586 2246 assumere,

1938 2269 2269 2339 praesertim
2310 2284 2445 2323 cum
2499 2267 2715 2322 Galatas
2762 2268 3210 2339 promptissime
3241 2273 3300 2323 et
3346 2268 3587 2338 quando

1939 2359 2158 2414 vellent
2187 2359 2260 2413 ad
2311 2358 2667 2413 seditionem
2724 2359 3139 2424 incitarentur,
3180 2364 3304 2414 tum
3345 2364 3591 2430 propter

1939 2450 2203 2519 corporis
2233 2450 2404 2513 vires,
2440 2454 2565 2503 tum
2613 2452 2857 2520 propter
2896 2448 3079 2503 animi
3110 2448 3429 2515 levitatem,
3456 2448 3587 2519 jam

1940 2537 2267 2593 ducebatur
2291 2538 2638 2609 paenitentia
2667 2536 2825 2608 quod
2844 2537 3075 2593 Gallum
3093 2538 3283 2609 capite
3314 2537 3590 2594 damnas-

1938 2632 2045 2681 set.
2080 2628 2314 2698 Etzcum
2345 2631 2678 2699 reputasset
2734 2626 3207 2699 consanguineos
3240 2642 3368 2682 esse
3402 2632 3587 2681 exter-

1937 2716 2031 2770 nis
2063 2722 2121 2769 et
2150 2716 2364 2771 alienis
2394 2716 2569 2787 longe
2601 2716 2848 2770 tutiores
2878 2716 2951 2770 ad
2981 2716 3217 2786 imperii
3241 2716 3585 2770 societatem

1934 2803 2259 2869 lulianum,
2312 2804 2556 2859 fratrem
2613 2804 2803 2869 Galli,
2858 2820 2926 2857 ex
2973 2803 3141 2857 Ionia
3183 2802 3581 2858 Mediolanum

1937 2894 2309 2960 accersitum,
2371 2894 2662 2948 Caesarem
2694 2892 2948 2957 creavit;
3008 2908 3262 2963 cumque
3319 2908 3585 2946 sororem

1938 2998 2106 3037 suam
2150 2982 2433 3037 Helenam
2480 2983 2531 3037 ei
2580 2982 2963 3037 matrimonio
3003 2981 3322 3052 junxisset,
3368 2985 3426 3035 et
3456 2981 3584 3052 ejus

1937 3071 2114 3126 ﬁdem
2172 3072 2518 3143 accepisset,
2548 3088 2682 3125 eum
2736 3070 2976 3142 quidem
3006 3070 3068 3124 in
3118 3070 3336 3125 Gallias
3397 3070 3583 3138 misit,

1936 3164 2058 3218 illic
2091 3163 2399 3219 custodem
2448 3163 2682 3234 imperii
2741 3162 3054 3217 futurum:
3088 3161 3215 3233 ipse
3274 3165 3475 3216 autem
3522 3161 3585 3216 in

1854 3244 1897 3310 C
1940 3252 2243 3324 Illyricum
2272 3253 2516 3308 veniens
2548 3251 2798 3324 degebat
2828 3252 3048 3306 Sirmii.

2004 3410 2088 3462 16.
2124 3408 2235 3462 Sed
2282 3424 2418 3463 cum
2466 3406 2788 3463 audivisset
2840 3405 3130 3462 Barbaros
3174 3406 3275 3478 qui
3330 3405 3584 3479 agebant

1929 3501 2092 3551 trans
2114 3496 2471 3565 Danubium,
2496 3496 2775 3551 ducturos
2800 3512 2927 3551 esse
2946 3495 3271 3551 exercitum
3301 3497 3580 3551 adversus

1929 3588 2330 3641 Romanorum
2360 3586 2698 3657 imperium,
2746 3584 3043 3657 profectus
3073 3585 3286 3640 Sirmio
3315 3585 3475 3640 venit
3503 3585 3579 3641 ad

1929 3675 2286 3741 Danubium,
2308 3680 2366 3730 et
2386 3674 2461 3730 ad
2481 3676 2672 3746 ipsam
2690 3675 2880 3746 ripam
2904 3680 3138 3745 tempus
3159 3691 3280 3730 non
3299 3676 3578 3745 exiguum

1927 3770 2348 3833 commoratus,
2382 3764 2483 3819 ubi
2506 3764 2655 3819 vidit
2684 3764 3078 3819 Barbarorum
3108 3771 3333 3820 turmas
3363 3764 3495 3819 loco
3514 3782 3576 3820 se

1925 3870 2045 3909 non
2079 3870 2332 3923 movere,
2367 3870 2574 3909 rursus
2619 3870 2857 3908 cursum
2890 3853 3105 3908 direxit
3134 3854 3197 3909 in
3244 3855 3574 3910 Thraciam.

1925 3945 2245 4015 Postquam
2292 3944 2449 4016 apud
2506 3943 2767 3999 Odrusos
2820 3944 3100 4012 devenit,
3163 3961 3415 4016 quorum
3472 3961 3577 4000 rex

1922 4033 2220 4089 Adrianus
2244 4034 2462 4089 civitati
2497 4050 2531 4089 a
2562 4051 2624 4089 se
2656 4034 2962 4089 aediﬁcatae
2996 4050 3215 4089 nomen
3246 4051 3417 4088 suum
3450 4034 3572 4089 im-

1921 4129 2221 4193 posuerat,
2255 4123 2463 4178 didicit
2492 4140 2526 4178 a
2551 4123 2806 4194 quodam
2838 4124 3115 4194 episcopo
3138 4138 3386 4193 corpora
3410 4122 3573 4176 Chri-

1922 4213 1995 4266 sti
2028 4212 2432 4283 apostolorum
2462 4213 2710 4267 Andreae
2743 4218 2801 4267 et
2831 4213 2997 4267 Luca:
3028 4211 3091 4264 in
3123 4211 3308 4265 Achia
3337 4210 3569 4281 sepulta

1911 4302 2134 4373 jacere,
2168 4302 2417 4356 Andrea)
2459 4302 2699 4372 quidem
2731 4300 2941 4367 Patris,
2975 4301 3141 4354 Luca:
3191 4304 3390 4354 autem
3416 4299 3568 4353 The-

1918 4390 2009 4444 bis
2032 4391 2285 4445 Bmotiaa.
2312 4391 2448 4454 Qua:
2470 4394 2537 4443 ut
2557 4389 2779 4443 audivit
2809 4388 3131 4459 imperator
3160 4388 3562 4454 Constantius,

1917 4479 2153 4534 laetatus
2187 4484 2276 4533 est
2306 4478 2538 4547 nuntio,
2570 4482 2628 4531 et
2675 4477 3024 4532 exclamavit
3065 4494 3202 4531 voce
3239 4493 3473 4549 magna,
3507 4480 3567 4531 et

1917 4567 2248 4623 astantibus
2307 4566 2501 4621 dixit:
2563 4568 2771 4621 Vocate
2816 4566 2962 4621 mihi
3029 4566 3359 4621 Artemium
3392 4608 3405 4621 .
3460 4566 3566 4620 Cui

1921 4657 2121 4711 statim
2151 4655 2429 4728 prassenti
2456 4670 2469 4709 :
2504 4656 2893 4728 Congratulor
2920 4656 3049 4725 tibi,
3074 4655 3290 4726 inquit,
3320 4656 3408 4709 vir
3436 4672 3568 4711 om-

1922 4747 2088 4801 nium
2144 4746 2576 4819 religiossime.
2636 4746 2963 4819 Respondit
3018 4746 3368 4802 Artemius:
3426 4746 3564 4800 Mihi

1920 4841 2206 4908 perpetuo
2228 4836 2468 4907 laeteris,
2486 4836 2828 4908 imperator,
2851 4854 2961 4892 nec
2984 4836 3308 4907 quidquam
3329 4836 3566 4891 molesti

1919 4942 2183 4997 unquam
2243 4931 2299 4981 te
2366 4926 2850 4998 comprehendat.
2922 4927 3250 4991 Imperator
3314 4931 3565 4984 autem:

1918 5016 2220 5080 Qumrisne
2252 5015 2478 5085 aliquid
2501 5015 2848 5087 jucundius,
2882 5033 2915 5071 ο
2946 5015 3267 5071 amicorum
3315 5016 3560 5087 optime,

1918 5104 2257 5159 inventione
2282 5120 2596 5175 corporum
2618 5104 2833 5159 Christi
2858 5104 3300 5176 apostolorum?
3320 5105 3560 5177 Magnus

1916 5210 2049 5247 vero
2095 5193 2430 5247 Artemius:
2481 5193 2621 5258 Quis
2666 5197 2725 5246 et
2754 5193 2932 5262 unde,
2966 5194 3181 5264 inquit,
3221 5194 3382 5249 hunc
3432 5195 3561 5249 the-

1917 5299 2156 5338 saurum
2202 5282 2373 5337 nobis
2423 5283 2598 5337 hodie
2651 5283 2927 5338 revelavit
2955 5284 2982 5338 ?
3028 5286 3097 5338 Et
3130 5284 3558 5342 Constantius:

1913 5372 2149 5427 Achaiae
2183 5370 2516 5443 episcopus,
2552 5372 2652 5443 qui
2691 5389 2850 5428 nunc
2880 5372 3163 5444 prmsidet
3202 5375 3412 5430 Patris.
3447 5374 3560 5430 Sed

1910 5462 2076 5529 vade,
2110 5461 2368 5515 virorum
2412 5461 2653 5532 optime,
2688 5479 2873 5534 eaque
2915 5463 3044 5519 sine
3073 5480 3241 5520 mora
3270 5465 3559 5521 Constan-

1909 5549 2223 5623 tinopolim
2245 5556 2506 5621 exporta-
