4040 6204
224 363 392 435 ⁷1269

1604 393 1660 447 Β.
1703 391 2009 447 ΔΒἸἚΜΠ
2050 393 2321 449 PASSIO.

3501 393 3663 452 ’1270

251 498 498 573 δήλωταί
559 526 652 577 μοι
696 507 786 562 καὶ
835 505 1088 585 πρόσθεν,
1150 507 1313 579 ἡνίκα
1363 511 1456 567 τὸν
1512 509 1637 587 περὶ
1688 510 1888 567 τούτων

2012 514 2086 570 de
2112 515 2186 572 iis
2216 514 2601 573 instituebam
2633 532 2991 585 sermonem,
3042 515 3119 572 ad
3165 517 3494 575 custodiam
3546 521 3659 577 Oc-

249 589 554 665 ἐποιούμην
590 593 778 670 λόγον,
828 594 918 651 ἐπὶ
968 595 1186 675 φυλακῇ
1233 603 1343 655 τῶν
1374 600 1671 674 Ἐσπερίων
1704 599 1779 662 είς
1807 600 1901 663 τὰς

248 678 490 743 Γαλλίας
545 683 647 737 ὑπὸ
696 685 793 739 τοῦ
844 687 1233 743 Κωνσπαντίου
1295 692 1494 763 Καῖσαρ
1530 687 1898 764 ἀποδειχθεὶς,

246 768 407 831 αὐτὸς
440 769 529 825 ἐπὶ
559 769 754 828 πλεῖον
813 773 865 828 ἐν
924 779 1003 847 τῷ
1057 780 1154 831 τοῦ
1195 775 1457 853 Καίσαρος
1488 778 1735 851 σχήματι
1770 777 1897 832 εἶναι

250 860 325 933 μή
368 858 772 936 ἀνασχόμενος,
801 863 862 917 τό
910 886 969 920 τε
1001 863 1245 938 διάδημα
1292 866 1643 941 περιτίθεται,
1673 866 1770 921 καὶ
1796 873 1897 935 τῆς

249 948 502 1022 μείζονος
552 949 878 1015 ἀνθάπτεται
931 954 1232 1029 βασιλείας.
1294 956 1446 1012 Ἐπεὶ
1492 954 1549 1010 δὲ
1574 951 1898 1011 ἀντελάϐετο

241 1044 347 1093 τῶν
402 1038 760 1115 πραγμάτων,
818 1041 998 1098 οὐκέτι
1053 1044 1247 1119 μικρόν
1310 1042 1465 1101 οὐδὲν
1516 1045 1728 1117 ἐνενόει,
1772 1043 1899 1100 οὐδὲ

242 1125 563 1200 διαμελλειν
596 1129 893 1206 ἐγίγνωσκε
947 1130 1078 1188 δεῖν’
1141 1133 1286 1190 ἀλλά
1314 1136 1414 1203 τὴν
1450 1135 1722 1210 Εὐρώπην
1760 1135 1897 1197 τὲως

245 1219 333 1295 ὑφ’
364 1217 539 1291 ἐαυτῷ
569 1222 901 1291 ποιήσασθαι
932 1226 1103 1277 πᾶσαν
1150 1221 1354 1279 ἐθέλων
1386 1224 1560 1295 ὁπόση
1594 1222 1899 1297 Ῥωμαίοις

244 1305 532 1377 ὑπακούει,
588 1312 668 1381 τῷ
725 1314 938 1384 στρατῷ
993 1314 1388 1385 συνταξάμενος
1459 1309 1549 1367 διὰ
1606 1317 1895 1389 Γερμανῶν

241 1394 331 1450 ἐπὶ
360 1396 453 1451 τὸν
485 1402 694 1471 Ἵστρον
729 1396 952 1473 ἐχώρει,
1010 1401 1101 1455 καὶ
1157 1408 1258 1472 τῆς
1310 1402 1477 1477 πέραν
1521 1397 1695 1478 ὄχθης
1725 1396 1895 1457 λαϐό-

244 1507 428 1561 μενος,
463 1485 553 1542 διὰ
576 1492 682 1543 τῶν
716 1488 925 1561 ἐκείνης
982 1492 1208 1567 χωρίων
1256 1491 1513 1563 ⁴ἤλαυνεν·
1550 1493 1898 1570 ἀμφοτέρους

237 1576 367 1639 τοὺς
403 1577 686 1653 ὑπάρχους
718 1575 1015 1650 διαλαθὼν,
1071 1583 1161 1637 τὸν
1210 1603 1268 1637 τε
1321 1587 1432 1638 τῶν
1481 1580 1728 1640 Ἰταλιῶν
1759 1584 1898 1635 Ταΰ-

240 1685 335 1739 ρον
369 1665 515 1722 οὕτω
545 1665 884 1741 καλούμενον
917 1671 1008 1725 καὶ
1060 1673 1153 1727 τὸν
1209 1671 1500 1748 Ἰλλυριῶν
1538 1672 1896 1747 Φλορέντιον.

202 1758 390 1831 '[355]
422 1756 574 1813 Ἐπεὶ
612 1754 669 1811 δὲ
716 1760 852 1814 κατά
902 1760 1137 1825 Παίονας
1190 1760 1424 1836 ἐγένετο,
1460 1756 1652 1825 διαϐὰς
1682 1761 1766 1815 ἐπὶ
1802 1760 1896 1823 θάς

233 1866 367 1921 τερα
397 1846 487 1900 τὸν
519 1846 791 1920 ποταμὸν,
825 1847 1019 1904 αὐτίκα
1068 1851 1170 1919 τὴν
1212 1871 1269 1904 τε
1321 1848 1603 1923 Ἰλλυρίδα
1629 1856 1773 1905 πᾶσα
1806 1839 1896 1927 ὑφ’

234 1910 415 2008 ἐαυτῷ
445 1943 553 2011 γῆς
596 1910 732 2011 εἶχε,
780 1910 875 1992 ’καὶ
920 1939 1017 2001 τὰς
1055 1910 1315 2013 Ἰταλίας,
1361 1940 1451 1995 καὶ
1481 1910 1549 1995 τὰ
1599 1940 1768 2016 μέχρι
1799 1910 1897 1994 τόῦ
1926 1910 1973 1975 Β

232 2024 492 2101 ἑσπερίου
546 2025 788 2082 ὠκεανοῦ
847 2026 1132 2101 σύμπαντα
1188 2024 1312 2100 ἔθνη
1370 2028 1546 2085 ὁπόσα
1601 2036 1702 2099 τῆς
1754 2030 1894 2085 Ῥω-

238 2114 421 2190 μαίων
451 2110 861 2190 ἔπικρατήσεως
891 2116 982 2187 ἦν.

304 2247 371 2299 κ’.
401 2241 463 2298 Ὁ
495 2238 552 2295 δὶ
583 2240 959 2305 Κωνστάντιος
1014 2246 1183 2298 ταῦτα
1241 2240 1330 2298 διὰ
1382 2246 1490 2299 τῶν
1549 2242 1892 2320 γραμμάτων

234 2331 454 2405 μαθὼν,
485 2329 762 2405 ἐταράχθη
820 2352 879 2387 τε
932 2330 1113 2406 ὣσπερ
1160 2332 1250 2387 καὶ
1304 2331 1447 2396 εῗκὸς
1503 2333 1594 2403 ἧν,
1647 2331 1891 2409 καὶπερὶ

222 2426 337 2489 τῆς
395 2418 1031 2483 Κωνσταντινουπόλεως
1094 2420 1330 2494 μάλιστα
1383 2419 1564 2484 δείσας
1614 2422 1715 2495 μή,
1757 2422 1889 2498 ὅπερ

225 2507 486 2571 κάκεῖνος
518 2506 778 2564 διενοεῖτο
810 2509 1077 2587 φθάσειεν,
1109 2510 1277 2579 αὐτὴν
1319 2510 1407 2589 ὑφ’
1437 2510 1621 2566 ἑαυτὸν
1654 2511 1893 2581 ποιησά-

234 2618 421 2671 μενος,
453 2597 708 2673 ἠπείγετο
741 2596 832 2653 οὗν
863 2600 999 2655 κατὰ
1049 2601 1110 2655 τὸ
1157 2597 1380 2657 δυνατὸν
1426 2594 1888 2673 προκαταλαϐεῖν.

231 2690 330 2745 Ἐν
359 2688 471 2761 ’ὁσῳ
504 2686 562 2742 δὲ
607 2688 635 2742 ὁ
681 2689 908 2763 στρατὸς
956 2689 1102 2761 αὐτῷ
1150 2687 1467 2765 συνελέγετο
1500 2689 1635 2744 κατά
1661 2690 1756 2751 τὰς
1787 2688 1890 2744 πό-

232 2774 358 2838 λεις
404 2783 504 2846 τῆς
542 2777 717 2850 Ἑῴας
772 2775 1182 2851 ἐσκιδασμένος,
1240 2777 1330 2832 καὶ
1388 2774 1619 2850 ἔμελλεν
1670 2776 1888 2850 ἐξαρτύ-

228 2868 386 2921 εσθαι
418 2866 494 2931 ὡς
535 2867 672 2943 πρὸς
719 2868 987 2938 τοσαύτην
1038 2864 1187 2935 ὁδὸν,
1236 2866 1487 2939 σημαίνει
1518 2870 1633 2928 τοῖς
1668 2864 1889 2920 ἐπισκό-

224 2977 362 3018 ποις
396 2954 473 3020 sic
498 2958 597 3026 τὴν
638 2955 869 3015 Νίκαιαν
926 2956 1083 3012 αὐτὸν
1146 2956 1222 3018 ὡς
1270 2954 1353 3011 ὅτι
1405 2956 1637 3030 τάχιστα
1686 2961 1885 3032 φθῆναι

225 3046 735 3124 προαφικομένους·
811 3045 1043 3120 ἐμελέτα
1113 3046 1217 3121 γὰρ
1295 3043 1547 3119 δευτέραν
1623 3043 1675 3097 ἐν
1748 3043 1884 3118 αὐτῇ

222 3140 601 3213 συγκροτῆσαι
635 3134 885 3209 σύνοδον,
917 3136 1064 3212 παρά
1117 3140 1224 3190 τῶν
1286 3130 1557 3190 δυσσεόῶν
1591 3136 1882 3210 Ἀρειανῶν

218 3226 368 3282 κατᾶ
421 3231 523 3282 τοῦ
582 3228 881 3301 ὸμοουσίου
938 3224 1436 3302 παροτρυνόμενος.
1495 3225 1644 3282 Ἐπεὶ
1699 3222 1756 3279 δὲ
1784 3227 1883 3295 τὴν

222 3314 489 3374 Κιλικίαν
521 3284 810 3387 διεξελθὼν
871 3314 948 3378 είς
1002 3284 1097 3377 τὰς
1119 3284 1129 3302 ⁵
1153 3284 1345 3389 Μόιίνου
1376 3284 1717 3387 καλουμένας
1747 3284 1886 3389 κρη-
1916 3284 1959 3349 C

218 3427 327 3467 νας
356 3404 600 3483 ἀφίκετο,
634 3404 878 3469 ἀσθένειά
923 3424 1007 3467 τις
1062 3403 1209 3476 αὖτῷ
1265 3403 1585 3474 ἐξαπιναίως
1615 3403 1885 3478 προσέπε-

221 3513 360 3569 γσε,
386 3494 478 3548 καὶ
509 3493 620 3568 οὐχ
647 3495 765 3555 οἷός
792 3514 851 3548 τε
879 3492 946 3562 ἧν
979 3489 1055 3549 ἔτι
1104 3492 1167 3548 τὸ
1220 3492 1409 3567 πρόσω
1450 3498 1674 3568 χωρεῖν.
1706 3493 1794 3554 Ὠς
1828 3490 1885 3547 δὲ

223 3583 433 3653 ἣσθετο
466 3582 688 3661 φαύλως
716 3579 861 3657 ἔχων
892 3579 1002 3653 ἤδη
1034 3582 1122 3637 καὶ
1156 3582 1254 3637 οὐκ
1284 3582 1343 3636 ἃν
1390 3580 1750 3658 βιωσόμενος,
1782 3582 1880 3650 τὴν

220 3672 502 3749 ταχίστην
557 3673 650 3727 τὸν
708 3672 1046 3747 ’Λντιοχείας
1118 3670 1413 3726 ἐπίσκοπον
1475 3670 1882 3745 μεταπέμπεται

222 3762 499 3836 Εύζώϊον,
529 3763 618 3819 καὶ
672 3762 817 3834 αὖτῷ
851 3761 1102 3838 βαπτίσαι
1163 3761 1323 3817 αὐτὸν
1355 3760 1651 3837 ἐπιτρέπειο
1689 3762 1882 3838 βαπτι-

220 3853 468 3925 σάμενος
500 3850 557 3907 δὲ
588 3852 675 3907 καὶ
712 3852 904 3927 μικρὸν
964 3846 1232 3920 ἐπιϐιοὺς,
1286 3850 1471 3906 αὐτόθι
1502 3848 1791 3923 προλείπει
1820 3851 1883 3905 τὸ

220 3946 355 4017 ζῇν,
393 3942 716 4017 βασιλεύσας
766 3942 834 3996 τὰ
887 3940 1173 4014 σύμπαντα
1228 3936 1320 4011 ἔτη
1371 3940 1789 4015 τεσσαράκοντα,
1819 3940 1885 3995 τὰ

222 4032 328 4108 μὶν
361 4032 565 4105 ἡμίσεα
600 4031 733 4106 μετά
760 4035 856 4087 τοῦ
886 4032 1109 4107 πατρὸς,
1166 4031 1233 4085 τὰ
1290 4028 1346 4085 δὲ
1393 4028 1660 4086 ἐπίλοιπα
1694 4029 1881 4103 μόνος.

221 4120 411 4179 Αὐτὸν
444 4119 501 4177 δὲ
530 4124 565 4192 ἡ
601 4121 849 4196 στρατεία
892 4118 1303 4198 ὀλοφυραμένη,
1333 4119 1423 4175 καὶ
1452 4120 1519 4174 τά
1547 4119 1884 4193 νομιζόμενα

217 4211 317 4267 ἐπ’
375 4210 521 4284 αύτῷ
571 4210 853 4279 τελέσασα,
915 4208 1143 4285 λάρνακι
1197 4214 1387 4264 τοῦτον
1448 4207 1713 4283 ἐνέθεσαν,
1768 4213 1881 4271 τοῖς

220 4298 485 4356 εἲωθόσιν
540 4300 618 4364 είς
671 4301 736 4356 τὸ
796 4298 1071 4375 διαρκέσαι
1130 4300 1473 4361 σκευάσαντες
1526 4300 1618 4353 τὸν
1673 4299 1881 4374 νεκρὸν,

218 4389 323 4446 καὶ
357 4390 435 4452 εἷς
463 4390 784 4466 ἁρμαμάξαν
834 4388 1135 4462 ἐνθέμενοι,
1186 4387 1438 4462 ἐκόμιζον
1471 4388 1556 4443 ἐπὶ
1588 4389 1687 4457 τὴν
1723 4394 1881 4444 Κων-

222 4478 710 4551 σταντινούπολιν,
756 4479 849 4534 σὺν
925 4484 1043 4541 τοῖς
1123 4477 1346 4540 οἰκείοις
1416 4473 1631 4533 ἔκαστοι
1682 4472 1884 4540 ὅπλοις

226 4568 387 4640 αὐτῷ
416 4567 764 4643 ἐφεπόμενοι,
806 4570 894 4624 καὶ
954 4569 1093 4624 κατά
1140 4569 1231 4623 τὸν
1283 4568 1447 4623 αὐτὸν
1476 4568 1683 4642 κόσμον
1717 4568 1878 4643 ὅνπερ

2009 604 2263 663 cidentis
2294 607 2356 661 in
2403 607 2606 663 Galliis
2636 624 2670 663 a
2709 607 3055 663 Constantio
3101 607 3297 662 Cassar
3339 606 3656 666 denuntia-

2007 699 2123 762 tus,
2160 694 2402 764 diutius,
2436 696 2497 750 in
2546 696 2751 751 habitu
2799 696 3049 752 Caesaris
3101 712 3480 769 perseverare
3529 714 3652 753 non

2005 783 2227 854 ferens,
2256 784 2440 840 cinxit
2468 791 2645 858 caput
2675 786 3007 843 diademate
3042 792 3099 841 et
3122 785 3195 842 ad
3228 802 3528 841 summum
3551 787 3660 841 im-

2007 874 2240 945 perium
2270 874 2556 930 ascendit.
2608 877 2926 947 Postquam
2972 881 3170 931 autem
3216 874 3365 930 illud
3405 891 3657 945 usurpa-

2007 970 2186 1032 verat,
2228 966 2381 1021 nihil
2420 967 2547 1039 jam
2592 984 2837 1040 parvum
2892 967 3221 1039 reputabat,
3281 983 3476 1038 neque
3534 966 3655 1022 exi-

2008 1055 2287 1110 stimabat
2314 1056 2715 1112 cunctandum
2743 1073 2893 1113 esse.
2928 1057 3040 1112 Sed
3064 1062 3247 1113 totam
3278 1073 3411 1127 qua
3442 1059 3656 1113 Roma-

2006 1143 2102 1198 nis
2134 1143 2334 1199 obedit
2360 1146 2656 1217 Europam
2677 1146 2839 1201 illico
2870 1147 2933 1201 in
2964 1161 3132 1201 suam
3155 1145 3359 1201 volens
3388 1144 3656 1217 redigere

2007 1238 2385 1304 potestatem,
2418 1234 2709 1290 instructo
2742 1235 3024 1305 exercitu,
3056 1252 3163 1306 per
3210 1234 3534 1289 Germanos
3582 1234 3655 1288 ad

2009 1323 2342 1379 Danubium
2382 1326 2676 1395 perrexit;
2711 1330 2771 1381 et
2812 1342 2945 1381 cum
2974 1324 3323 1380 ulteriorem
3351 1322 3539 1395 ripam
3568 1327 3656 1379 at-

2007 1411 2255 1484 tigisset,
2290 1429 2395 1483 per
2424 1413 2554 1469 loca
2583 1413 2745 1470 illius
2775 1412 3030 1469 ducebat
3059 1412 3403 1477 exercitum,
3448 1410 3655 1467 ambos

2007 1500 2319 1572 praafectos
2350 1502 2562 1570 latens,
2614 1503 2796 1558 Italiaa
2846 1503 3073 1557 scilicet
3116 1504 3394 1569 Taurum,
3447 1506 3514 1557 ut
3560 1518 3655 1556 vo-

2008 1591 2273 1660 cabatur,
2306 1597 2365 1647 et
2393 1592 2612 1665 Illyrici
2637 1594 3024 1650 Florentium.
3066 1596 3389 1663 Postquam
3421 1592 3656 1648 devenit

2008 1680 2081 1734 ad
2130 1682 2395 1749 Paaones,
2443 1682 2747 1737 traductus
2800 1683 3047 1748 (lumen,
3110 1682 3310 1737 statim
3359 1682 3651 1754 integram

2006 1770 2270 1842 Illyriam
2305 1771 2723 1843 sibijsubjecit,
2772 1789 3005 1827 necnon
3054 1771 3305 1839 Italiam,
3356 1776 3414 1826 et
3462 1787 3649 1841 usque

2006 1859 2079 1915 ad
2111 1860 2410 1915 Oceanum
2442 1861 2869 1917 occidentalem
2900 1862 3206 1917 universas
3227 1865 3451 1934 gentes,
3475 1865 3653 1932 quot-

2006 1953 2151 2021 quot
2180 1955 2354 2005 erant
2376 1950 2612 2022 imperii
2639 1953 3063 2008 Romanorum.

2070 2243 2158 2295 20.
2192 2242 2337 2296 Cum
2368 2241 2494 2297 haec
2518 2257 2625 2312 per
2652 2241 2883 2296 litteras
2911 2239 3220 2296 didicisset
3245 2238 3647 2306 Constantius,

2000 2345 2117 2401 qua
2146 2347 2253 2401 par
2282 2335 2409 2385 erat
2437 2330 2889 2386 conturbatione
2932 2330 3281 2402 perstrictus
3324 2328 3454 2397 fuit,
3489 2333 3548 2384 et
3576 2329 3647 2383 de

1997 2420 2511 2492 Constantinopoli
2560 2420 2882 2476 admodum
2938 2420 3158 2475 timens
3206 2435 3304 2485 ne,
3353 2418 3513 2490 quod
3544 2417 3645 2472 ille

1998 2509 2196 2565 animo
2229 2510 2541 2582 cogitabat,
2576 2510 2848 2582 ea‘prior
2892 2509 3203 2581 potiretur,
3254 2509 3394 2563 totis
3423 2507 3645 2562 viribus

1995 2597 2317 2653 festinabat
2346 2616 2475 2653 eam
2515 2616 2949 2671 praeoccupare.
3002 2598 3247 2654 Interim
3296 2597 3438 2653 dum
3469 2596 3542 2652 ab
3576 2612 3643 2651 eo

1997 2687 2386 2758 colligebatur
2451 2688 2745 2743 exercitus
2825 2688 3125 2759 dispersus
3204 2703 3312 2757 per
3377 2685 3643 2741 civitates

1997 2778 2272 2845 Orientis,
2335 2784 2393 2834 et
2438 2780 2565 2850 ipse
2624 2795 2686 2833 se
2743 2779 2991 2850 parabat
3047 2777 3121 2833 ad
3180 2782 3405 2832 tantam
3461 2777 3641 2842 viam,

1996 2866 2299 2923 mandavit
2339 2867 2632 2939 episcopis
2689 2874 2754 2923 ut
2806 2869 3059 2923 Nicaeam
3120 2883 3299 2938 quam
3356 2865 3645 2921 citissime

1996 2973 2133 3012 eum
2163 2957 2577 3029 praevenirent.
2622 2956 2974 3012 Intendebat
3022 2956 3183 3011 enim
3233 2954 3555 3011 secundam
3582 2954 3647 3009 in

1996 3062 2064 3101 ea
2094 3046 2713 3119 civitatelcongregare
2755 3046 3071 3119 synodum,
3121 3045 3194 3101 ab
3226 3045 3425 3116 impiis
3474 3044 3646 3100 Aria-

1994 3137 2089 3191 nis
2121 3136 2400 3191 adversus
2431 3135 3109 3192 consubstantialitatem
3158 3135 3467 3191 excitatus.
3497 3135 3644 3189 Cum

1997 3242 2154 3295 vero,
2182 3225 2537 3281 transmissa
2584 3226 2809 3294 Cilicia,
2863 3224 2940 3281 ad
2988 3224 3193 3296 Mapsi,
3245 3229 3312 3279 ut
3338 3227 3643 3291 vocantur,

1997 3317 2190 3371 fontes
2222 3314 2606 3387 pervenisset,
2660 3316 2855 3371 subita
2904 3314 3075 3370 illum
3123 3314 3442 3370 infirmitas
3470 3314 3643 3369 inva-

1995 3407 2091 3475 sit,
2123 3423 2234 3461 nec
2264 3411 2498 3479 poterat
2526 3406 2777 3461 ulterius
2824 3403 3120 3478 progredi.
3174 3406 3249 3459 At
3293 3403 3397 3459 ubi
3455 3403 3644 3458 sensit

1995 3513 2056 3552 se
2080 3497 2208 3568 jam
2256 3495 2412 3551 male
2462 3495 2705 3563 habere,
2755 3511 2867 3551 nec
2914 3494 3115 3549 forsan
3162 3493 3459 3549 victurum
3508 3510 3637 3549 esse

1995 3586 2272 3657 amplius,
2334 3602 2513 3657 quam
2570 3584 2854 3640 citissime
2905 3584 3232 3639 Antiochia:
3292 3585 3639 3656 episcopum

1994 3676 2271 3731 Euzoium
2329 3674 2654 3743 accersivit,
2719 3679 2776 3728 et
2832 3673 2903 3728 ab
2980 3690 3047 3729 eo
3105 3672 3276 3744 petiit
3331 3671 3637 3744 baptizari.

1992 3767 2063 3820 Et
2090 3769 2226 3837 post
2256 3769 2596 3835 susceptum
2626 3762 2989 3835 baptismum
3046 3778 3259 3833 parum
3313 3766 3639 3834 superstes,

1995 3872 2063 3911 eo
2094 3855 2223 3910 loco
2257 3870 2287 3909 e
2318 3853 2436 3909 vita
2465 3852 2738 3922 excessit,
2793 3868 2928 3907 cum
2976 3851 3329 3925 imperasset
3374 3851 3638 3924 integros

1994 3944 2387 4017 quadraginta
2415 3959 2625 4011 annos,
2658 3941 2862 4015 viginti
2896 3941 3137 4012 quidem
3169 3957 3304 3996 cum
3336 3946 3523 4012 patre,
3548 3945 3640 3996 re-

1992 4035 2188 4107 liquos
2242 4038 2441 4088 autem
2497 4032 2677 4087 solus.
2753 4033 3015 4102 Cumque
3096 4047 3233 4085 eum
3307 4029 3641 4085 deﬂevisset

1995 4125 2286 4180 exercitus
2318 4128 2376 4178 et
2404 4122 2570 4194 justa
2615 4122 2667 4177 ei
2714 4121 2971 4188 fecisset,
3022 4119 3215 4174 loculo
3266 4119 3643 4173 incluserunt

1994 4214 2240 4270 cadaver
2278 4211 2643 4268 aromatibus
2691 4211 3000 4266 conditum
3046 4226 3175 4279 quas
3224 4207 3491 4263 adhiberi
3545 4223 3639 4261 so-

1992 4304 2118 4359 lent
2147 4303 2220 4358 ad
2242 4301 2751 4357 conservationem
2777 4317 2791 4365 ;
2816 4298 3031 4354 deinde
3058 4296 3257 4352 currui
3289 4295 3638 4367 impositum

1992 4392 2261 4446 tulerunt
2289 4388 2884 4461 Constantinopolim,
2931 4404 3065 4443 cum
3114 4385 3371 4458 propriis
3419 4383 3637 4457 singuli

1991 4482 2174 4537 armis
2207 4484 2546 4550 sequentes,
2580 4483 2637 4534 et
2668 4478 2729 4532 in
2760 4477 2974 4533 eodum
2996 4482 3210 4532 ornatu
3240 4492 3417 4548 quem
3448 4490 3641 4530 unus-

1992 4570 2264 4642 quisque,
2297 4568 2438 4623 dum
2470 4567 2595 4640 ipse
2628 4567 2864 4635 viveret,
2919 4565 3027 4621 sub
3059 4565 3406 4622 ductoribus
3454 4563 3638 4619 habe-

224 4659 324 4715 καὶ
390 4661 591 4727 ζῶντος
650 4657 755 4713 ὑπὸ
802 4662 921 4721 τοῖς
979 4656 1216 4733 ἡγεμόσι
1274 4655 1591 4733 τεταγμένοι
1650 4655 1888 4733 έτύγχα-
1918 4659 1964 4725 D
1995 4660 2113 4716 bat.

226 4769 325 4805 νον
335 4790 351 4806 ο

307 4948 460 5021 [356]
512 4947 611 5004 κα’.
668 4948 832 5005 Οὗτοι
894 4946 988 5019 μὶν
1047 4942 1135 5000 διὰ
1181 4946 1281 5014 τὴν
1315 4944 1883 5002 Κωνσταντινούπολιν

228 5036 391 5111 εἶχον
425 5034 639 5113 ἄγοντες
683 5037 775 5092 τὸν
823 5035 1031 5110 νεκρὸν,
1080 5035 1171 5088 καὶ
1216 5033 1507 5097 Ἰουλιανὸς
1540 5034 1887 5109 συνομάρτη-

228 5146 322 5182 σεν
355 5125 416 5181 ἐκ
441 5130 547 5181 τῶν
607 5125 894 5202 Ἰλλυριῶν
954 5124 1305 5201 ἀφικόμενος,
1359 5124 1448 5179 καὶ
1491 5122 1601 5194 ἤδη
1652 5120 1886 5198 βεϐαίως

233 5215 386 5274 ἔχων
416 5217 515 5286 τὴν
575 5221 744 5271 πᾶσαν
807 5213 1108 5291 βασιλείαν,
1167 5211 1389 5277 οὐδενὸς
1438 5213 1595 5269 αὐτὸν
1631 5216 1764 5287 μετά
1791 5214 1883 5270 τὸν

239 5306 621 5364 Κωνσταντίου
703 5306 922 5370 θάνατον
1010 5303 1396 5373 ἐναντιωθῆναι
1481 5304 1884 5376 τολμήσαντος.

234 5396 624 5471 Κομιζομένου
656 5394 713 5452 δὲ
740 5399 837 5451 τοῦ
883 5398 1076 5469 νεκροῦ
1126 5392 1212 5447 ἐπὶ
1243 5397 1320 5464 τῷ
1351 5397 1453 5466 νεῷ
1481 5398 1589 5449 τῶν
1618 5395 1887 5449 Ἀποστό-

235 5481 377 5553 λων,
402 5480 494 5537 ’ίνα
524 5504 624 5557 περ
686 5482 845 5538 αὐτὸν
898 5482 1222 5551 καταθήσειν
1281 5479 1516 5551 πλησίον
1557 5487 1653 5537 τοῦ
1684 5484 1886 5559 πατρὸς

230 5570 501 5646 ἔμελλον,
533 5573 694 5635 αὐτὸς
725 5574 913 5649 ⁹ἡγεῖτο
944 5578 1044 5641 τῆς
1075 5569 1296 5642 κλίνης,
1319 5570 1381 5625 τὸ
1404 5569 1647 5645 διάδημα
1675 5580 1773 5641 τῆς
1800 5594 1886 5629 κε-

223 5661 416 5742 φαλῆς
443 5663 741 5738 περιελών.
772 5660 921 5719 Ἐπεὶ
972 5659 1032 5716 δε
1080 5658 1281 5734 ἔθαψαν
1336 5659 1519 5734 αὐτὸν,
1572 5660 1659 5717 ἐπὶ
1688 5662 1755 5718 τὰ
1789 5663 1884 5739 βα-

229 5750 416 5809 σιλεια
458 5750 569 5825 ἤδη
628 5751 1137 5828 ἀπαλλαττόμενος,
1188 5750 1251 5805 τό
1306 5770 1364 5806 τε
1393 5748 1635 5826 διάδημα
1665 5750 1883 5818 ἐπέθετο

2069 4948 2154 5001 21.
2189 4946 2381 5016 Atque
2412 4944 2452 5001 ii
2484 4942 2725 5016 quidem
2746 4940 3323 5013 Constantinopolim
3351 4945 3642 4998 venerunt

2002 5032 2286 5091 ducentes
2317 5051 2551 5106 corpus.
2583 5034 2752 5088 Venit
2779 5036 2839 5088 et
2864 5032 3132 5088 Julianus
3163 5048 3234 5087 ex
3260 5031 3464 5103 Illyria
3500 5048 3639 5103 pro-

1998 5124 2209 5195 fectus,
2233 5124 2481 5195 jamque
2529 5122 2781 5178 firmiter
2828 5127 3041 5177 tenens
3079 5122 3422 5177 universum
3452 5120 3643 5192 impe-

1999 5215 2177 5279 rium,
2235 5213 2477 5268 nemine
2529 5218 2663 5285 post
2717 5211 3044 5266 Constantii
3093 5211 3319 5266 obitum
3386 5227 3537 5285 auso
3590 5209 3643 5265 ei

2000 5320 2351 5375 repugnare.
2401 5304 2546 5357 Cum
2595 5302 2849 5357 ferretur
2897 5300 3158 5355 defuncti
3203 5318 3417 5372 corpus
3448 5284 3641 5356 ad‘ec-

2000 5393 2241 5448 clesiam
2271 5392 2711 5464 Apostolorum,
2760 5390 2861 5446 ubi
2901 5390 3071 5462 juxta
3116 5395 3346 5461 patrem
3390 5395 3518 5446 erat
3546 5395 3644 5447 tu-

1998 5483 2374 5552 mulandum,
2431 5483 2580 5553 ipse,
2631 5481 2920 5547 Julianus,
2972 5479 3241 5553 deposito
3287 5480 3642 5547 diademate,

1998 5572 2220 5628 lectum
2268 5571 2659 5645 praecedebat.
2721 5572 3041 5641 Postquam
3094 5587 3229 5626 vero
3276 5571 3643 5643 sepelierunt

1998 5668 2321 5731 mortuum,
2345 5662 2407 5719 in
2436 5662 2726 5737 palatium
2768 5660 2978 5729 redux,
3027 5666 3087 5717 et
3133 5660 3467 5718 diademate
3509 5676 3642 5716 rur-

1998 5770 2099 5812 sus
2130 5754 2307 5827 capiti
2336 5753 2637 5827 imposito,
2678 5768 2879 5810 rerum
2925 5751 3285 5825 potiebatur,
3330 5752 3490 5809 solus
3511 5749 3639 5821 jam
