4040 6204
504 360 639 418 1274

2024 363 2395 418 ΔΒΠΒΝΒΔ.

3538 45 3941 147 ,π

3708 366 3812 420 1272

505 486 847 546 universum
878 489 1282 543 Romanorum
1314 487 1634 558 imperium
1683 486 1951 557 adeptus.
2002 488 2143 542 Con-

2267 486 2442 555 αὖθις,
2470 487 2560 539 καὶ
2618 488 2725 541 τῶν
2784 488 3128 562 πραγμάτων
3179 484 3439 561 ἐγκρατὴς
3463 488 3546 557 ἦν,
3573 487 3711 559 μόνος
3733 486 3815 558 ἤδη

509 577 725 632 stantio
746 577 923 648 igitur
954 593 983 630 e
1009 576 1204 632 medio
1227 576 1550 643 sublato,in
1574 577 2006 647 superstites,et
2033 592 2159 631 ma-

508 667 665 721 xime
696 682 797 720 eos
829 666 927 735 qui
962 683 1033 720 ex
1065 666 1286 719 invidia
1331 682 1569 719 causam
1604 665 1979 735 praabuerant
2009 665 2157 719 Galli

508 754 839 822 occidendi,
896 755 1193 810 furentem
1276 754 1427 809 iram
1486 754 1757 825 explevit.
1815 756 1857 807 E
1915 753 2156 824 vestigio

508 844 751 914 quidem
782 844 1099 899 Eusebium
1127 846 1511 916 praepositum
1545 846 1734 915 capite
1767 842 2158 916 plectit,quod

506 934 801 1004 praacipue
873 933 1172 989 videretur
1249 935 1371 989 suis
1447 934 1764 989 calumniis
1841 932 2157 988 occisionis

507 1023 656 1077 Galli
687 1040 925 1078 causam
956 1025 1275 1095 peperisse.
1306 1026 1556 1080 Paulum
1582 1031 1781 1081 autem
1806 1025 2155 1095 Hispanum,

506 1112 607 1183 qui
639 1112 795 1167 inter
825 1113 1048 1168 scribas
1082 1114 1457 1185 imperatoris
1519 1114 1994 1185 computabatur,
2036 1113 2157 1182 igni

504 1201 704 1267 tradit,
736 1208 939 1274 utpote
972 1204 1073 1274 qui
1105 1204 1311 1260 multis
1344 1204 1698 1259 criminibus
1749 1202 1977 1258 Gallum
2010 1219 2157 1259 one-

504 1297 712 1346 rasset.
764 1292 985 1347 Ambos
1039 1293 1475 1348 Chalcedonem
1534 1293 1716 1360 misit,
1790 1298 1847 1346 et
1903 1292 2026 1346 illic
2083 1292 2154 1345 de

504 1386 756 1451 utroque
832 1400 1004 1437 suum
1080 1382 1335 1454 sumpsit
1408 1382 1785 1454 supplicium.
1857 1381 2159 1436 Interfecit

506 1470 674 1524 etiam
714 1469 1129 1538 Gaudentium,
1180 1471 1392 1527 ducem
1452 1471 1745 1525 exercitus
1805 1470 2037 1537 Africae,
2098 1475 2157 1524 et

506 1559 656 1613 alios
686 1558 995 1629 quosdam,
1030 1560 1371 1631 quicunque
1404 1560 1609 1631 quovis
1636 1559 1812 1615 modo
1863 1560 2027 1615 Gallo
2060 1560 2156 1614 in-

509 1647 890 1717 sultaverant,

576 1946 667 1999 22.
702 1943 815 2000 Sed
846 1945 980 2000 illos
1008 1944 1245 2016 quidem
1279 1962 1385 2017 per
1424 1946 1652 2001 litteras
1699 1946 1945 2017 punivit.
1978 1945 2149 2000 Chri-

506 2034 581 2089 sti
608 2040 807 2090 autem
836 2041 1158 2106 martyrem
1191 2041 1247 2089 et
1276 2052 1628 2107 generosum
1661 2037 1943 2091 athletam
1975 2038 2148 2091 Arte-

505 2123 691 2179 mium
723 2124 849 2196 ipse
880 2142 988 2195 per
1018 2126 1423 2196 semetipsum,
1458 2142 1721 2195 praesens
1769 2132 2148 2197 praesentem,

505 2212 833 2268 Antiochiae
865 2218 1109 2284 propter
1124 2214 1339 2268 Christi
1366 2214 1803 2270 confessionem
1825 2216 2149 2270 inhumane

504 2302 721 2373 puniit,
765 2308 823 2357 et
870 2318 939 2357 ea
986 2319 1165 2373 quam
1213 2303 1471 2359 habebat
1517 2304 1791 2375 spoliavit
1838 2310 2148 2375 potestate,

505 2409 627 2447 non
657 2392 856 2448 ferens
885 2394 1073 2464 ipsius
1100 2394 1163 2449 in
1194 2394 1492 2465 loquendo
1522 2395 1855 2450 libertatem
1904 2402 1963 2451 et
2008 2413 2153 2451 con-

506 2482 807 2537 stantiam.
837 2482 1106 2537 Julianus
1138 2484 1319 2549 enim,
1350 2489 1417 2538 ut
1445 2484 1565 2538 dixi
1593 2485 1737 2556 jam,
1770 2502 1905 2539 cum
1937 2487 2151 2540 Roma-

508 2589 722 2628 norum
782 2573 1096 2629 invasisset
1142 2574 1479 2645 imperium,
1537 2576 1905 2629 restituendo
1960 2576 2153 2645 genti-

506 2661 679 2716 lismo
706 2662 962 2717 maxime
992 2662 1285 2719 studebat.
1338 2664 1528 2718 Missis
1586 2664 1785 2734 itaque
1832 2664 1893 2718 in
1941 2681 2149 2720 omnes

504 2755 703 2821 partes
747 2750 983 2817 litteris,
1034 2752 1216 2822 jussit
1262 2751 1507 2807 deorum
1565 2753 1788 2823 templa
1836 2758 1895 2807 et
1940 2754 2150 2809 altaria

505 2839 667 2894 omni
697 2838 1075 2895 festinatione
1105 2858 1173 2896 ac
1205 2842 1399 2896 studio
1452 2842 1838 2909 reaedificari;
1876 2848 1932 2897 et
1964 2861 2144 2914 quos-

500 2944 734 2999 cunque
766 2928 1032 2985 redditus
1064 2930 1331 2985 ecclesiis
1370 2931 1763 2987 attribuerant
1811 2932 2146 2987 Constanti-

500 3033 612 3072 nus
625 3025 1079 3091 magnus,atque
1102 3021 1151 3091 ej
1162 3037 1231 3075 us
1250 3020 2073 3089 filiusConstantius,abstu1it
2089 3027 2147 3077 et

500 3108 797 3164 idolorum
829 3111 1067 3182 templis
1098 3111 1556 3178 dedicavit;dum
1584 3112 1762 3167 simul
1792 3130 1897 3184 pro
1922 3114 2145 3185 episco-

2266 576 2364 644 τὴν
2423 574 2559 646 ὃλην
2617 580 2725 630 τῶν
2779 576 3070 650 Ῥωμαίων
3133 575 3405 652 βασιλείαν
3453 575 3816 649 ὑποζωσάμενος.

2270 664 2419 721 Ἐπεὶ
2451 665 2542 718 οὗν
2577 665 2605 719 ὁ
2636 665 3006 728 Κωνστάντιος
3055 664 3114 719 ἐκ
3160 663 3340 720 ποδῶν
3370 665 3457 734 ἦν,
3486 665 3557 727 εἷς
3582 664 3695 727 τοὺς
3722 667 3822 719 ὑπο-

2268 753 2651 826 λειπομένους,
2685 754 2773 809 καὶ
2816 753 3052 827 μάλιστα
3079 759 3160 826 τῷ
3206 754 3380 831 φθόνῳ
3406 754 3499 821 τὴν
3528 752 3674 807 αἲτίαν
3694 774 3821 827 παρτ-

2268 844 2574 917 σχομένους
2620 851 2719 913 τῆς
2773 843 3095 919 ἀναιρέσεως
3145 843 3382 912 Γάλλου,
3414 843 3629 917 ἀνέψυχε
3667 844 3717 897 τὸ
3742 845 3820 911 ζέεν

2265 939 2361 1001 τῆς
2393 932 2589 1007 ὀργῆς·
2654 934 2741 987 καὶ
2802 932 2994 987 αὐτίκα
3051 927 3304 989 Εὑσέῦιον
3362 932 3452 1005 μὶν
3482 932 3565 986 τὸν
3594 932 3822 1004 ngat-1:63:-

2263 1042 2357 1075 τον
2412 1028 2511 1091 τῆς
2560 1024 2807 1098 κεφαλῆς
2864 1024 3194 1100 ἀφαιρεῖται,
3253 1018 3390 1075 διότι
3455 1022 3548 1090 τὴν
3598 1020 3745 1094 ἀρχήν
3787 1043 3824 1075 τε

2265 1111 2506 1189 ἐφαίνετο
2537 1111 2595 1167 ἐκ
2623 1117 2732 1167 τῶν
2764 1112 2957 1167 ἑαυτοῦ
2989 1106 3263 1166 διαϐολῶν
3297 1110 3387 1165 τὸν
3424 1110 3614 1164 ἅπαντα
3636 1114 3702 1181 τῷ
3725 1116 3753 1163 Γ
3758 1108 3825 1163 αλ-

2265 1198 2348 1273 λῳ
2376 1202 2536 1278 φόνον
2584 1203 3072 1277 συγκερασάμενος.
3130 1198 3345 1255 Παῦλον
3379 1196 3434 1254 δὲ
3460 1199 3547 1254 τὸν
3576 1198 3751 1253 Σπανὸν
3774 1199 3824 1260 εἱς

2260 1291 2388 1352 τοὺς
2424 1291 2765 1367 ὑπογραφέας
2822 1295 2922 1345 τοῦ
2984 1290 3253 1365 βασιλέως
3282 1286 3538 1345 τελοῦντα
3561 1288 3673 1361 πυρὶ
3697 1308 3825 1360 παρα-

2264 1375 2504 1449 δίδωσιν,
2537 1380 2613 1443 ὡς
2640 1378 2827 1434 πολλά
2857 1376 2924 1448 δὴ
2962 1377 3108 1451 μάλα
3144 1382 3224 1450 τῷ
3272 1376 3470 1450 Γάλλῳ
3500 1376 3827 1450 έμπικρανάμε-

2264 1489 2375 1526 νον.
2418 1468 2664 1533 Τούτους
2724 1469 2817 1542 μὶν
2883 1469 3225 1546 ἀμφοτέρους
3280 1466 3358 1529 εἰς
3414 1469 3508 1535 τήν
3561 1463 3828 1536 Χαλκηδόνα

2264 1554 2598 1631 διαπέμψας,
2657 1557 2768 1612 ἐκεῖ
2821 1562 2891 1631 τῇ
2950 1557 3125 1629 οἰκείᾳ
3198 1554 3322 1631 δίκῃ
3380 1557 3566 1631 ὑπάγει
3618 1555 3826 1629 λκάτιρον·

2260 1644 2471 1702 ἀνεῖλεν
2501 1645 2559 1701 δὲ
2590 1648 2681 1702 καὶ
2740 1644 3057 1702 Γαυδέντιον
3117 1646 3419 1722 στρατηγὸν
3473 1652 3568 1714 τῆς
3610 1646 3828 1720 Ἀφρικῆς,

2260 1738 2349 1793 καὶ
2382 1736 2591 1802 ἄλλους
2627 1738 2801 1809 τινας,
2857 1738 3049 1795 ὁπόσοι
3101 1759 3153 1793 τι
3202 1738 3279 1801 εἰς
3324 1738 3483 1792 αὑτὸν
3517 1737 3831 1810 mummiu-

2182 1866 2230 1931 Β
2262 1850 2379 1885 σαν.

2331 1942 2433 2004 κδ’.
2475 1944 2655 2003 Ἀλλᾶ
2700 1946 2928 2010 τούτους
2984 1947 3078 2019 μὶν
3128 1942 3216 2000 διὰ
3255 1943 3591 2020 γραμμάτων
3616 1939 3827 1997 ὶκόλασεν·

2258 2036 2351 2091 τὸν
2386 2033 2443 2090 δὲ
2487 2040 2585 2091 τοῦ
2633 2040 2873 2111 Χριστοῦ
2930 2035 3175 2112 μάρτυρα
3229 2034 3323 2089 καὶ
3374 2037 3609 2108 γενναῖον
3644 2031 3827 2101 ἀθλητήν

2262 2129 2545 2203 Ἀρτέμιον
2582 2128 2740 2191 αὐτὸς
2774 2126 2845 2183 δι’
2902 2127 3092 2182 ἑαυτοῦ
3149 2125 3199 2181 ἐν
3259 2124 3565 2200 Ἀντιοχείᾳ
3591 2123 3743 2197 παρὼν
3766 2122 3825 2176 κεί

2262 2219 2523 2293 παρόντα,
2581 2214 2672 2272 διὰ
2724 2218 2823 2287 τὴν
2880 2216 2956 2281 εἷς
3012 2217 3241 2293 Χριστὸν
3287 2212 3584 2290 ὁμολογίαν
3610 2211 3829 2282 ἀπανθρώ-

2263 2328 2380 2368 πως
2435 2306 2713 2379 ἐκόλασεν,
2768 2306 2858 2362 καὶ
2913 2313 3015 2376 τῆς
3073 2305 3355 2379 παρούσης
3393 2302 3547 2358 αὑτὸν
3578 2302 3827 2376 ammte...

2264 2417 2350 2451 σεν
2410 2396 2674 2467 ἐξουσίας,
2726 2397 2802 2468 μή
2855 2397 3031 2473 φέρων
3084 2396 3184 2463 τὴν
3243 2393 3411 2448 αὑτοῦ
3457 2391 3725 2469 παρῥησίαν
3767 2394 3828 2445 καὶ

2264 2482 2527 2540 ἔνστασιν.
2560 2486 2620 2541 Ὀ
2650 2484 2753 2561 γὰρ
2788 2483 3107 2555 Ἰουλιανὸς,
3139 2483 3214 2544 ὡς
3264 2479 3590 2552 δεδήλωται,
3618 2481 3737 2553 [35η
3759 2480 3827 2546 τὴν

2261 2578 2370 2628 τῶν
2425 2573 2710 2647 Ῥωμαίων
2770 2572 3047 2647 βασιλείαν
3106 2573 3549 2645 ὑποζωσάμενος,
3603 2566 3827 2635 ἒσποῦξιζε

2265 2664 2502 2736 μάλιστα
2555 2664 2646 2718 τὸν
2724 2661 3098 2735 Ἐλληνισμὸν
3185 2660 3537 2734 ἐπανορθοῦν.
3612 2659 3826 2730 Πανταχοῦ

2259 2754 2438 2807 τοίνυν
2498 2753 2794 2828 γράμματα
2852 2750 3325 2824 διαπεμπόμενος,
3369 2748 3572 2805 ἐκέλευε
3596 2748 3653 2802 τὰ
3675 2746 3825 2801 τούτων

2257 2843 2457 2917 τεμένη
2490 2846 2579 2899 καὶ
2608 2843 2737 2906 τοὺς
2791 2842 3015 2918 βωμοὺς
3065 2842 3281 2913 ἀνιστᾷν
3319 2839 3455 2914 μετά
3481 2836 3680 2906 πολλῆς
3707 2857 3824 2889 σπου-

2260 2932 2360 3004 δῆς
2408 2955 2466 2989 τε
2522 2936 2612 2989 καὶ
2668 2934 2992 3007 προθυμίας·
3046 2931 3135 2987 καὶ
3191 2931 3326 2993 ὅσας
3358 2932 3387 2985 ὁ
3422 2930 3577 3004 μέγας
3614 2928 3822 2984 Κωνστιν-

2255 3029 2409 3086 τῖνος
2438 3030 2556 3087 ταῖς
2604 3022 2919 3093 ἐκκλησίαις
2962 3019 3264 3098 προσόδους
3314 3018 3567 3091 ἀπένειμε
3588 3016 3665 3071 καὶ
3690 3017 3712 3070 ὁ
3734 3016 3820 3068 τοῦ·

2258 3136 2353 3169 του
2409 3115 2525 3177 υἱὸς
2598 3114 2991 3181 Κωνστάντιος,
3070 3110 3270 3173 ταύτας
3329 3106 3564 3186 ἀφελὼν,
3612 3110 3706 3167 τοῖς
3744 3108 3816 3158 τῶν

498 3198 979 3271 pis,presbyteris
1002 3205 1060 3255 et
1078 3201 1343 3255 diaconis
1366 3202 1673 3257 constituit
1693 3202 1961 3270 aedituos,
1993 3210 2137 3257 tem-

2254 3202 2524 3276 δαιμόνων
2552 3209 2703 3265 ναοῖς
2754 3198 3068 3277 ἀφιέρωσεν·
3120 3200 3230 3254 ἀντ’
3282 3200 3586 3253 ἐπισκόπων
3610 3196 3683 3251 καὶ
3708 3213 3819 3266 πρεε-

500 3286 735 3357 plorum
769 3289 1066 3360 custodes,
1100 3307 1462 3361 aspersores,
1497 3292 1819 3357 sacriﬁcos,
1853 3293 2149 3362 caneplio-

502 3378 781 3448 ros(8),et
811 3396 1182 3451 quaecunque
1224 3381 1532 3452 gentilium
1565 3381 1869 3453 nugacitas
1900 3381 2155 3453 imponit

506 3466 772 3521 nomina.
806 3468 939 3523 Haac
971 3468 1149 3540 igitur
1189 3475 1247 3523 et
1293 3470 1411 3524 alia
1460 3469 1681 3524 ﬁebant
1723 3470 2149 3525 Constantino-

503 3555 648 3626 poli.

576 3763 663 3814 23.
697 3763 836 3816 Post
876 3762 1003 3816 haac
1050 3766 1248 3817 autem
1297 3781 1431 3819 cum
1480 3764 1685 3819 matris
1734 3782 1853 3819 sua)
1902 3766 2145 3821 fratrem

503 3851 768 3920 haberet,
799 3851 1097 3906 Julianum
1128 3855 1391 3921 nomine,
1438 3855 1560 3925 qui,
1612 3861 1675 3909 ut
1723 3856 1876 3926 apud
1922 3857 2145 3927 princi-

498 3960 633 4014 pem
665 3943 853 4016 gratia
882 3943 1139 4012 ﬂoreret,
1192 3945 1585 4000 Christianam
1632 3947 1980 4019 religionem
2029 3947 2141 4002 ab-

488 4035 793 4105 juraverat
822 4038 876 4088 et
909 4051 1182 4105 magnam
1214 4051 1318 4103 pro
1368 4036 1707 4107 gentilismo
1760 4036 2139 4091 sedulitatem

494 4123 864 4193 ostendebat,
900 4124 1069 4179 illum
1102 4124 1298 4179 emisit
1326 4125 1583 4181 Orientis
1614 4132 1925 4195 rectorem,
1961 4143 2138 4197 quem

492 4219 701 4268 vocant
730 4214 1030 4281 comitem,
1063 4215 1233 4285 eique
1266 4215 1565 4270 mandavit
1602 4222 1668 4269 ut
1714 4233 1809 4270 res
1858 4216 2137 4271 ecclesia-

497 4304 673 4358 sticas
704 4308 938 4358 vexaret
967 4309 1025 4358 et
1053 4303 1440 4375 disperderet,
1474 4303 1543 4359 ad
1579 4305 1981 4375 gentiliSmum
2022 4323 2135 4360 au-

490 4398 609 4447 tem
640 4394 860 4464 ubique
892 4393 1225 4465 augendum
1258 4399 1315 4447 et
1345 4393 1745 4448 extollendum
1769 4394 1918 4448 nihil
1948 4395 2133 4448 inten-

489 4486 675 4537 tatum
703 4483 1086 4553 relinqueret.
1120 4484 1264 4537 Cum
1298 4499 1433 4553 ergo
1466 4482 1575 4537 iste
1628 4484 1995 4538 Antiochiam
2025 4502 2131 4538 ve-

2258 3288 2495 3368 ϐυτέρων
2550 3292 2639 3348 καὶ
2728 3289 2991 3346 διακόνων
3076 3293 3419 3361 καταστήσας
3478 3288 3721 3358 ζακόρους,
3758 3283 3815 3336 καὶ

2254 3384 2582 3457 νεωκόρους,
2613 3382 2703 3436 καὶ
2738 3382 2949 3457 ῥάντας,
3007 3381 3094 3435 καὶ
3156 3380 3347 3451 θύτας,
3400 3380 3488 3433 καί
3534 3374 3816 3448 κανηφόρους.

2253 3473 2342 3527 καὶ
2375 3472 2501 3535 ὅσας
2532 3474 2560 3527 ὁ
2589 3470 2918 3542 Ἐλληνικὸς
2944 3471 3106 3531 ὕθλος
3135 3468 3463 3547 ἐπιφημίζει
3490 3460 3816 3543 προσωνυμία

2250 3566 2418 3617 ταῦτα
2450 3563 2545 3635 μὲν
2591 3560 2683 3616 οὖν
2732 3562 2820 3616 καὶ
2869 3557 3027 3636 ’ἕτερα
3084 3556 3436 3632 διεπράττετο
3463 3557 3589 3611 κατᾶ
3612 3555 3693 3622 τὴν
3714 3554 3815 3607 Κων-

2252 3650 2721 3708 σταντινοὺπολιν.

2320 3770 2425 3845 κγ’.
2485 3769 2636 3827 Μετά
2688 3767 2743 3823 δὲ
2791 3772 2957 3824 ταῦτα
3012 3767 3222 3841 μητρὸς
3283 3764 3449 3821 αὑτοῦ
3491 3761 3693 3838 ἀδελφὸν
3711 3755 3811 3830 ’ἔχων

2249 3856 2543 3915 Ἰουλιανὸν
2569 3856 2831 3930 τοῦνομα,
2862 3858 2961 3925 τὴν
2999 3860 3101 3911 τοῦ
3150 3856 3570 3929 Χριστιανισμοῦ
3597 3847 3810 3925 Θρησκείαν

2248 3949 2699 4023 ἀπαρνησαμενον
2752 3945 2840 4001 διὰ
2891 3946 2991 4015 τὴν
3044 3945 3254 4000 ἐκείνου
3313 3945 3497 4019 χάριν,
3542 3940 3621 3995 καὶ
3653 3935 3809 3999 πολλὴν

2250 4037 2380 4112 ὑπὲρ
2437 4040 2533 4091 τοῦ
2598 4034 2975 4108 Ἑλληνισμοῦ
3057 4032 3372 4107 προθυμίαν
3432 4026 3809 4098 ἐπιδεικνύμενον.

2247 4124 2487 4201 ἄρχοντα
2540 4128 2639 4195 τῆς
2697 4124 2864 4197 Ἐῲας
2924 4125 2983 4178 ὃν
3041 4122 3275 4178 καλοῦσι
3328 4120 3539 4192 κόμητα
3565 4117 3808 4186 ἐξέπεμψενν

2245 4214 2617 4287 ἐντειλάμενος
2702 4215 2767 4269 τὰ
2855 4214 2950 4286 μὲν
3036 4216 3145 4266 τῶν
3230 4210 3533 4280 ἐκκλησιῶν
3584 4205 3808 4280 πράγματα

2241 4309 2437 4360 κακοῦν
2494 4326 2553 4360 τε
2608 4306 2695 4360 καὶ
2775 4302 3124 4380 διαφθείρειν,
3184 4305 3466 4377 πανναχοῦ
3534 4296 3585 4352 δὲ
3631 4294 3703 4348 καὶ
3749 4287 3806 4342 Bri

2240 4395 2418 4465 πάσης
2450 4392 2592 4455 ἰδέας
2637 4394 2729 4448 τὸν
2781 4391 3154 4465 Ἐλληνισμὸν
3209 4388 3383 4463 αὔξειν
3413 4409 3467 4443 τε
3495 4386 3576 4441 καὶ
3610 4380 3803 4453 ἐπαίρειν.

2239 4485 2298 4541 '0
2334 4482 2389 4538 δὲ
2421 4484 2751 4561 ἀφικόμενος
2808 4481 2861 4537 ἐν
2919 4480 3258 4556 Ἀντιοχείᾳ,
3294 4479 3539 4554 ἐπειρᾶτο
3568 4474 3709 4547 μείζω
3729 4472 3800 4521 τῶν

487 4572 693 4638 nisset,
742 4572 1065 4627 conabatur
1108 4572 1386 4643 operibus
1436 4572 1607 4643 plura
1658 4574 1901 4643 exsequi
1950 4590 2127 4643 quam

2254 4573 2637 4648 ἐντεταλμένων
2694 4580 2812 4636 τοῖς
2866 4572 3051 4649 ἔργοις
3108 4572 3412 4649 φαίνεσθαι,
3460 4568 3542 4623 καὶ
3582 4562 3639 4631 δή
3680 4578 3799 4633 πΡ⁰⁵’

484 4679 614 4732 qua)
648 4668 816 4718 erant
845 4664 904 4717 in
953 4662 1269 4717 mandatis.
1325 4663 1603 4718 Ecclesiis
1649 4664 1889 4734 quidem
1939 4664 2132 4719 aufert

483 4758 696 4806 cuncta
750 4752 1034 4823 pretiosa,
1092 4768 1228 4806 vasa
1276 4768 1489 4823 nempe
1548 4758 1827 4824 argentea
1858 4758 1916 4806 et
1947 4770 2125 4807 aurea

482 4856 547 4895 ac
579 4842 768 4896 serica
797 4841 1184 4910 vestimenta;
1219 4841 1363 4911 quin
1413 4842 1590 4897 etiam
1636 4842 1791 4913 ipsas
1841 4841 2122 4896 ecclesias

479 4930 721 4997 claudit,
754 4948 827 4985 ne
859 4932 991 5001 quis
1022 4931 1202 4985 intret
1230 4931 1517 4985 orationis
1550 4948 1746 4997 causa,
1779 4932 1935 4985 fores
1967 4931 2121 4986 claua

480 5020 616 5074 stris
646 5021 1027 5090 vectibusque
1067 5019 1407 5075 occludens.
1462 5022 1529 5074 Et
1573 5021 1698 5075 haec
1743 5021 1983 5090 quidem
2035 5021 2119 5076 fa-

477 5110 669 5166 ciebat
696 5113 757 5167 in
807 5112 1037 5167 civitate
1081 5112 1453 5166 Antiochena
1501 5111 1757 5165 Orientis
1786 5112 2119 5182 praefectus.

2239 4670 2470 4740 αιρεῖται
2525 4664 2620 4737 μὲν
2670 4666 2855 4718 πασῶν
2910 4667 3017 4717 τῶν
3078 4659 3387 4729 ἐκκλησιῶν
3440 4656 3626 4711 ἅπαντα
3647 4651 3701 4706 τὰ
3721 4666 3797 4701 κει-

2236 4754 2435 4825 μήλια,
2468 4754 2566 4809 ὅσα
2626 4753 2679 4807 ἐν
2740 4750 2964 4827 ἀργύρῳ
3020 4770 3077 4805 τε
3131 4750 3221 4803 καὶ
3282 4751 3473 4824 γρυσῷ
3499 4744 3580 4798 καί
3615 4744 3795 4827 ar,ng

2237 4844 2510 4919 ὑφάσμασι
2560 4840 2811 4913 διετέλει,
2857 4838 3136 4896 ἀποκλείει
3186 4836 3244 4893 δὲ
3285 4838 3377 4892 καὶ
3423 4837 3515 4898 τὰς
3552 4822 3791 4919 iuxta-{13,

2229 4937 2326 4986 τοῦ
2360 4935 2589 5004 μήτινα
2639 4931 2914 5003 εἰσφοιτᾷν
2971 4928 3022 4985 ἐν
3084 4928 3274 4992 αὑταῖς
3322 4926 3489 5001 εὐχῆς
3514 4913 3788 4985 ἓνεκάνκλε⁹

2232 5032 2333 5095 θρα
2362 5020 2450 5075 καὶ
2485 5019 2735 5095 μοχλοὺς
2785 5025 2905 5081 τοῖς
2952 5017 3198 5073 πυλῶσιν
3249 5011 3541 5072 ἐπιϐαλών.
3571 5006 3786 5095 ﬁniuit!

2234 5110 2326 5181 μὲν
2354 5112 2488 5166 κατὰ
2516 5112 2615 5180 τὴν
2659 5109 2952 5183 Ἀντιόχου
3010 5107 3173 5163 πόλιν
3206 5108 3235 5161 ὁ
3264 5112 3363 5175 τῆς
3392 5100 3636 5167 ἀνατολῆς
3658 5094 3783 5168 ἄθλων

2230 5197 2531 5275 εἷργάζετο.

2058 5452 2280 5507 NOTAE.

644 5653 763 5708 Vox
794 5652 915 5739 illa,
942 5669 1010 5708 ex
1031 5654 1180 5739 κείνη.
1201 5661 1262 5738 et
1290 5657 1436 5739 φέρω
1467 5659 1815 5731 composita,
1837 5660 1991 5739 viros
2020 5659 2113 5739 vel

464 5725 751 5791 mulieres
781 5725 1056 5798 designat
1084 5728 1186 5799 qui
1233 5725 1391 5786 intra
1430 5725 1807 5803 paganorum»
1828 5732 2110 5789 solemni-

2223 5663 2502 5731 tatesiea
2554 5675 2686 5731 quas
2735 5659 2850 5715 diis
2896 5660 3202 5717 offerenda
3254 5663 3418 5715 erant
3468 5655 3522 5711 in
3565 5643 3765 5707 canistris

2219 5730 2556 5806 portabant.
2574 5730 2739 5791 Enn.
