4040 6204
537 308 677 402 i275

2046 326 2417 400 Annium.

3716 338 3825 418 ’ωδ

536 475 689 527 stata
717 469 1062 527 existimans
1091 469 1303 526 Christi
1336 474 1658 543 martyrem
1707 467 1999 526 incultum
2049 486 2176 527 esse

2298 488 2408 522 τινα
2436 465 2528 523 τὸν
2555 471 2650 523 τοῦ
2692 470 2925 545 Χριστοῦ
2970 467 3236 549 μάρτυρα,
3291 470 3377 527 xui
3431 480 3520 543 τῆς
3568 475 3825 553 Ἑλληνικῆς

543 560 884 633 quempiam
913 566 971 615 et
997 560 1234 632 gentilis
1286 560 1638 615 eruditionis
1697 566 2017 632 expertem,
2053 560 2189 614 irri-

543 649 690 704 dens
737 649 883 704 dixit
932 650 983 705 ei
1038 665 1051 703 :
1104 649 1272 721 Ergo,
1334 649 1562 717 infelix,
1595 649 1863 705 Christus
1912 655 2048 704 tuus
2097 648 2187 703 bis

542 739 655 793 fuit
683 737 1051 812 generatus?
1084 740 1153 793 Et
1211 739 1259 794 si
1308 738 1549 809 quidem
1604 739 1665 794 in
1724 740 1833 794 hoc
1890 737 2185 811 gloriaris,

547 832 686 882 sunt
711 833 769 883 et
789 828 945 900 apud
975 828 1207 883 Graecos
1236 828 1343 882 viri
1384 827 1829 899 sapientissimi,
1853 844 1973 883 non
1994 827 2185 882 solum

545 915 637 970 bis
666 916 765 971 sed
808 917 984 971 etiam
1018 921 1106 971 ter
1152 917 1437 989 generati.
1472 918 1793 973 Mercurius
1854 917 2035 984 enim,
2086 916 2187 987 qui

545 1005 1000 1077 cognominatur
1023 1006 1460 1080 Trismegistus,
1494 1007 1754 1062 tervenit
1783 1007 1844 1062 in
1874 1005 2186 1075 mundum,

543 1094 825 1165 suiipsius
880 1096 1175 1165 conscius,
1234 1102 1299 1152 ut
1346 1096 1497 1151 sacri
1579 1097 1707 1168 ejus
1767 1114 1834 1152 ac
1881 1095 2186 1151 mirabiles

539 1183 807 1239 referunt
852 1184 1013 1255 libri,
1075 1190 1131 1240 et
1179 1184 1399 1241 idcirco
1457 1185 1869 1259 Trismegistus
1924 1190 2184 1240 vocatur.

542 1272 729 1327 Simili
771 1274 945 1329 modo
1001 1275 1383 1347 Pythagoras,
1434 1275 1719 1330 Mercurio
1770 1279 1939 1329 aetate
1989 1278 2188 1344 poste-

539 1360 683 1430 rior,
718 1362 843 1434 ipse
875 1380 1108 1435 quoque
1142 1370 1230 1418 ter
1258 1364 1419 1419 venit
1464 1363 1539 1419 ad
1582 1364 1781 1431 vitam,
1832 1363 2023 1434 primo
2056 1361 2190 1433 qui-

540 1450 675 1505 dem
716 1452 1031 1508 nauclerus
1061 1454 1383 1525 :Egyptius,
1417 1453 1554 1509 dein
1585 1453 1935 1524 Euphorbus
1966 1452 2037 1507 de
2071 1469 2185 1522 quo

539 1540 698 1610 apud
760 1542 1097 1612 Homerum,
1160 1548 1460 1615 postremo
1519 1547 1718 1598 autem
1804 1542 2185 1615 Pythagoras,

488 1650 497 1655 δ
536 1628 865 1685 Mnesarchi
900 1632 1080 1701 filius,
1115 1632 1367 1687 Samius.

606 1795 697 1848 27.
732 1790 803 1849 Et
830 1799 1056 1867 martyr
1085 1795 1341 1851 irridens
1390 1812 1577 1869 nugas
1627 1812 1732 1851 seu
1784 1795 1982 1867 potius
2030 1794 2183 1850 face-

540 1883 655 1939 tias
687 1884 903 1939 eruditi
933 1885 1309 1956 imperatoris
1328 1890 1503 1957 atque
1536 1886 1853 1957 impiorum
1872 1884 2182 1959 gentilium

544 1972 962 2043 deliramenta,
998 1974 1331 2046 suspicatus
1359 1990 1495 2030 vero
1528 1980 1846 2047 tyrannum
1868 1975 1961 2029 his
1991 1973 2183 2030 verbis

542 2061 758 2117 Christi
817 2063 1262 2135 generationem
1333 2063 1720 2119 deridendam
1780 2064 2043 2135 praebere
2097 2079 2190 2117 vo-

541 2150 748 2219 luisse,
812 2170 1011 2208 severe
1061 2153 1411 2224 fortiterque
1462 2154 1776 2224 reposuit:
1821 2152 2191 2224 Oportuisset

540 2239 633 2294 vel
654 2239 728 2294 ab
783 2239 954 2295 initio
982 2258 1092 2297 nec
1132 2242 1496 2312 respondere
1553 2242 1685 2309 tibi,
1744 2241 2184 2308 scelestissime,

537 2342 649 2384 nec
680 2329 1079 2401 qualicunque
1110 2330 1457 2386 defensione
1499 2336 1553 2386 te
1603 2330 1831 2403 dignari
1865 2349 1880 2398 ;
1914 2330 2018 2387 sed
2047 2348 2189 2402 pro-

541 2422 678 2489 pter
733 2424 1027 2475 astantem
1093 2420 1351 2491 turbam,
1405 2420 1545 2491 quia
1592 2420 1663 2475 de
1748 2420 1962 2475 Christi
2015 2436 2187 2492 grege

530 2506 811 2578 plerique
870 2513 1027 2576 sunt,
1097 2508 1217 2564 dixi
1274 2525 1646 2580 quaecunque
1714 2509 1853 2577 dixi,
1916 2514 1974 2563 et
2029 2526 2189 2564 nunc

540 2615 730 2671 pauca
777 2600 991 2668 dicam,
1030 2600 1102 2655 de
1134 2616 1339 2656 eorum
1371 2600 1560 2656 salute
1593 2600 1904 2656 sollicitus.
1956 2600 2193 2655 Scilicet

542 2688 840 2743 Christum
862 2690 935 2745 ab
956 2690 1075 2745 alto
1108 2695 1445 2761 repetentes
1476 2689 1680 2744 multis
1698 2695 1833 2745 ante
1865 2690 2190 2761 generatio-

540 2776 718 2833 nibus
748 2778 1053 2851 propheta;
1108 2780 1676 2851 praanuntiaverunt,
1727 2779 2031 2849 multaque
2092 2795 2192 2833 oc-

542 2872 793 2922 currunt
821 2868 1108 2923 adventus
1140 2869 1268 2940 ejus
1300 2868 1644 2923 testimonia
1671 2868 1733 2922 in
1766 2868 1978 2923 vestris
2012 2867 2190 2923 etiam

542 2956 800 3011 oraculis
830 2961 888 3012 et
917 2957 977 3011 in
1029 2956 1197 3012 libris
1250 2957 1577 3030 Sibyllinis.
1646 2960 1716 3012 Et
1756 2955 2189 3012 incarnationis

532 3045 674 3117 [ejus
700 3060 878 3102 causa
907 3046 1019 3101 fuit
1048 3047 1211 3102 salus
1276 3052 1336 3101 et
1387 3047 1684 3119 reparatio
1719 3047 1980 3102 hominis
2013 3045 2185 3118 lapsi.

545 3136 691 3190 Cum
721 3137 882 3191 enim
912 3136 1172 3193 venisset
1228 3138 1289 3192 in
1321 3142 1562 3207 terram,
1614 3154 1854 3193 omnem
1910 3137 2186 3193 morbum

546 3226 793 3297 expulit,
828 3231 887 3282 et
914 3227 1073 3298 quod
1121 3227 1476 3297 mirabilius,
1511 3228 1686 3284 verbo
1709 3234 1973 3283 mortuos
1999 3228 2186 3283 susci-

545 3316 689 3369 tavit
712 3315 964 3372 fetentes
1006 3317 1211 3389 ;quod
1264 3334 1397 3372 vero
1454 3318 1722 3373 omnium
1772 3318 2027 3373 maxime
2076 3323 2195 3372 stu-

544 3404 809 3477 pendum
868 3410 976 3475 est,
1054 3423 1158 3478 pro
1219 3407 1427 3462 mundi
1482 3407 1671 3463 salute
1738 3423 1947 3479 passus
2001 3407 2192 3462 crucis

545 3498 933 3565 tormentum,
963 3497 1289 3552 resurrexit
1345 3497 1521 3552 tertia
1566 3497 1661 3552 die
1716 3514 1750 3553 a
1796 3497 2068 3564 mortuis,
2127 3500 2195 3551 ut

550 3588 848 3639 testantur
896 3585 1205 3657 quingenti
1262 3585 1557 3654 homines,
1612 3586 1904 3641 militibus
1957 3602 2191 3657 quoque

549 3674 1019 3729 custodientibus
1051 3676 1412 3747 sepulcrum,
1435 3694 1509 3732 ne
1541 3677 1755 3732 rimam
1783 3677 2077 3732 inveniret
2093 3676 2194 3748 qui

551 3762 730 3817 vellet
793 3763 921 3835 ejus
970 3766 1467 3822 resurrectionem
1508 3766 1881 3823 calumniari.
1938 3769 2008 3821 Et
2057 3783 2193 3821 cum

553 3852 907 3908 surrexisset
936 3869 971 3909 a
1000 3855 1271 3925 mortuis,
1298 3856 1456 3911 visus
1487 3861 1578 3911 est
1632 3872 1665 3911 a
1713 3855 2021 3927 discipulis
2072 3856 2195 3911 suis

548 3957 659 4013 per
685 3941 945 4015 integros
977 3942 1103 3998 dies
1134 3944 1524 4017 quadraginta
1554 3961 1688 4001 cum
1728 3946 1849 4000 illis
1871 3961 2194 4001 conversa-

548 4034 646 4085 tus
676 4048 690 4099 ;
725 4036 784 4087 et
807 4031 1142 4088 videntibus
1174 4037 1352 4105 atque
1394 4035 1817 4106 aspicientibus
1869 4035 2036 4106 ipsis.
2070 4034 2197 4091 ele-

542 4123 715 4173 vatus
760 4124 848 4173 est
900 4120 963 4175 in
1011 4120 1247 4189 ccelum,
1300 4120 1620 4178 demittens
1677 4123 1737 4177 in
1784 4138 1884 4177 eos
1944 4122 2195 4194 Spiritus

544 4208 737 4266 sancti
760 4209 982 4265 donum
1011 4215 1069 4265 et
1086 4211 1362 4265 virtutem
1393 4228 1406 4266 :
1439 4212 1521 4267 ita
1549 4216 1615 4266 ut
1643 4217 1701 4267 et
1729 4212 2197 4284 alienigenarum

546 4298 768 4371 linguis
797 4298 1204 4370 loquerentur,
1236 4316 1346 4355 nec
1367 4316 1515 4372 opus
1531 4299 1821 4356 haberent
1848 4302 2194 4373 interprete.

553 4388 930 4460 Loquebatur
958 4389 1117 4445 enim
1150 4390 1211 4445 in
1260 4390 1346 4445 eis
1373 4390 1625 4461 Spiritus
1673 4396 1935 4460 sanctus,
1994 4391 2078 4446 ita
2132 4396 2198 4446 ut

554 4481 612 4533 et
630 4477 830 4534 futura
849 4479 1263 4551 praeviderent,
1297 4484 1355 4535 et
1390 4480 1816 4552 prophetarent
1846 4496 1976 4553 quas
2012 4497 2195 4536 even-

552 4572 685 4624 tura
707 4573 923 4624 essent.
957 4569 1063 4634 Qui
1140 4568 1382 4639 quidem
1447 4569 1667 4642 egressi
1727 4570 2201 4641 prmdicaverunt
2234 4583 2276 4649 ι)

552 4675 687 4713 cum
718 4658 959 4731 ubique,
984 4658 1135 4713 nihil
1174 4675 1373 4714 secum
1405 4658 1664 4714 ferentes
1720 4664 1937 4730 printer
2006 4660 2194 4715 solam

551 4747 683 4819 ejus
705 4748 1065 4804 invisibilem
1095 4749 1409 4816 virtutem;
1432 4764 1552 4803 non
1583 4748 1878 4821 clypeum,
1912 4766 2033 4805 non
2062 4750 2200 4805 lan-

552 4853 744 4907 ceam,
775 4854 897 4893 non
926 4837 1189 4910 gladium
1209 4841 1505 4904 tenentes,
1557 4837 1661 4893 sed
1712 4837 1879 4907 nudi,
1938 4839 2200 4895 inermes

560 4930 619 4981 et
647 4941 942 4997 pauperes
970 4925 1261 4982 mundum
1294 4930 1581 4998 ceperunt
1633 4927 1999 4995 universum,
2047 4944 2201 4983 mor-

554 5017 687 5069 tuos
728 5014 1073 5081 excitantes,
1131 5014 1401 5087 leprosos
1447 5014 1828 5082 mundantes,
1907 5016 2202 5072 daemonia

556 5102 884 5173 ejicientes.
909 5104 979 5159 Et
1022 5104 1147 5159 haac
1178 5104 1428 5176 quinam
1482 5104 1799 5160 fecerunt?
1844 5106 2198 5172 Piscatores,

555 5192 831 5252 homines
863 5195 1052 5269 ignari
1083 5195 1419 5252 litterarum
1450 5201 1507 5251 et
1537 5195 1855 5252 mundanae
1894 5196 2199 5268 sapientia;

559 5290 842 5341 exsortes.

625 5517 1048 5585 28.Quosvero
1105 5521 1232 5594 ipse
1280 5520 1584 5590 induxisti,
1646 5519 1925 5577 deridens
1985 5522 2201 5579 Christi

557 5608 1022 5682 generationem,
1045 5611 1200 5666 viros
1222 5611 1520 5683 sapientes
1563 5615 1620 5666 et
1649 5610 1903 5679 divinos,
1936 5618 2003 5669 ut
2024 5612 2199 5670 modo

557 5717 660 5759 eos
691 5698 931 5772 vocasti,
963 5699 1197 5757 etiamsi
1224 5699 1500 5759 daremus
1518 5718 1653 5758 vera
1676 5701 1860 5760 fuisse
1894 5703 2021 5762 haec
2051 5704 2200 5762 deli-

2298 557 2489 634 σοφίας
2567 559 2864 634 ἀμέτοχον,
2948 557 3323 635 διαχλευάζων
3394 559 3487 639 ἔφη
3533 567 3647 640 πρὸς
3694 571 3820 625 αὖτὸνο

2298 650 2533 719 Οὐκοῦν,
2567 646 2611 703 ὦ
2640 648 2983 725 ταλαίπωρε,
3017 652 3044 705 6
3102 651 3339 727 Χριστός
3371 674 3458 708 σου
3499 650 3570 718 δὶς
3620 658 3701 732 ἄρα
3722 664 3824 735 γεγξ.

2296 759 2453 807 νηται
2492 757 2503 807 ;
2538 738 2636 792 Καὶ
2679 739 2723 793 εἰ
2775 738 2863 794 ἐπὶ
2906 740 3084 814 τούτῳ
3139 741 3450 815 κομπάζεις,
3504 744 3591 797 εἰσὶ
3631 747 3703 799 καὶ
3744 756 3822 817 παρ’

2297 827 2562 899 Ἕλλησιν
2596 826 2785 903 ἄνδρες
2817 831 3124 906 σοφώτατοι
3159 830 3219 886 οὐ
3257 831 3415 905 μόνον
3449 829 3524 894 δὶς
3553 839 3823 908 γεννηθεντις,

2297 915 2441 972 ἀλλὰ
2497 918 2585 972 καὶ
2633 918 2772 995 τρίς·
2832 919 2862 974 6'
2937 941 2997 975 τε
3052 921 3156 994 γὰρ
3204 922 3413 993 Ἐρμῆς
3461 922 3487 976 6
3536 927 3825 1002 Τρισμὲγιστις

2296 1006 2753 1082 ἐπικαλούμενος,
2784 1008 2969 1085 τρίτον
3013 1011 3181 1080 ἦλθεν
3237 1009 3290 1065 ἐν
3338 1012 3538 1085 κόσμῳ,
3567 1012 3719 1070 ἑαυτὸν
3757 1016 3831 1073 ἐπι-

2295 1096 2478 1173 γνους,
2506 1100 2686 1162 καθὼς
2726 1101 2781 1154 αἱ
2828 1100 2969 1176 ἱεραὶ
3026 1100 3193 1156 αὐτοῦ
3257 1101 3347 1155 καὶ
3406 1103 3663 1175 θαυμάσιαι
3708 1102 3832 1178 βίϐλοι

2298 1183 2698 1262 διαγορεῦουσι,
2722 1187 2810 1243 καὶ
2861 1186 2951 1244 διὰ
3006 1193 3166 1245 τοῦτο
3222 1188 3595 1268 Τρισμέγιστος
3646 1191 3835 1267 ὀνομάζε.

2294 1296 2403 1335 ται.
2436 1277 2680 1349 Ὁμοίως
2714 1276 2772 1333 δὲ
2799 1278 2889 1333 καὶ
2923 1281 3244 1355 Πυθαγόρας
3267 1282 3415 1353 [360]
3459 1281 3484 1335 6
3535 1280 3702 1337 τούτου
3727 1306 3834 1355 μετα-

2294 1366 2626 1442 γενὲστερος,
2657 1366 2747 1423 xui
2782 1367 2944 1431 αὐτὸς
2964 1370 3147 1447 τρίτον
3188 1369 3355 1439 ἦλθεν
3382 1367 3431 1424 ἐν
3492 1370 3604 1445 βίῳ·
3651 1374 3835 1447 πρότερον

2300 1458 2395 1540 μὲν
2419 1456 2721 1532 Αἲγύπτιος
2742 1460 2986 1535 γεγονὼς
3018 1459 3355 1538 ναύκληρος,
3415 1457 3583 1516 ἔπειτα
3624 1460 3665 1516 δ’
3693 1462 3839 1540 E39;-

2297 1539 2394 1608 6ος
2428 1547 2456 1600 6
2490 1547 2577 1625 ὑφ’
2605 1548 2855 1624 Ὁμήρου
2918 1550 3422 1623 μνημονευόμενος,
3454 1549 3658 1627 ἔσχατον
3706 1539 3837 1607 Silla-

2298 1639 2532 1712 θαγόρας
2553 1637 2895 1713 Μνησάρχου
2916 1638 3053 1706 υἱὸς,
3074 1639 3301 1713 Σάμιος.

2366 1744 2464 1813 κζ’.
2501 1743 2605 1801 Καὶ
2651 1745 2679 1800 ὁ
2734 1747 2941 1821 μάρτυς
2998 1745 3366 1822 καταγελάσας
3415 1753 3521 1803 τῶν
3566 1748 3839 1825 ληρημάτιυν,

2215 1842 2261 1909 Β
2297 1830 2511 1906 μᾶλλον
2555 1831 2613 1889 δὲ
2675 1837 3079 1909 κομψευμάτων
3127 1841 3224 1892 τοῦ
3281 1842 3452 1916 σοφοῦ
3507 1838 3747 1915 βασιλέως,
3786 1840 3839 1892 καὶ

2295 1930 2395 1993 τῆς
2420 1928 2527 1978 τῶν
2588 1920 2797 1980 ἀσεϐῶν
2857 1924 3142 1997 Ἑλλήνων
3202 1926 3569 2005 μωρολογίας,
3619 1928 3842 1998 ὑπονοήσας

2298 2010 2355 2067 δὲ
2382 2013 2474 2067 τὸν
2504 2012 2759 2090 τύραννον
2792 2016 2890 2083 τήν
2938 2019 3035 2070 τοῦ
3080 2021 3320 2090 Χριστοῦ
3377 2018 3608 2091 γὲννησιν
3659 2014 3728 2071 διὰ
3763 2037 3843 2070 τωο

2295 2103 2425 2158 τωνὶ
2458 2107 2566 2157 τῶν
2598 2101 2859 2179 ῥημάτων
2894 2102 3181 2179 χλευάζειν
3236 2105 3591 2181 πειρώμενον,
3637 2103 3719 2184 ἔφη
3754 2104 3842 2178 πρὸς

2299 2188 2456 2246 αὐτὸν
2547 2192 2683 2265 μετὰ
2736 2189 2964 2263 πολλῆς
3021 2192 3321 2264 αὐστηρίας
3396 2195 3486 2249 καὶ
3532 2195 3841 2270 γεπαιότητιτ

2296 2277 2451 2339 ’Ἔδει
2506 2284 2606 2351 τὴν
2667 2282 2848 2358 ἀρχὴν
2915 2280 3056 2356 μηδὲ
3097 2283 3493 2358 ἀποκρίνασθαί
3539 2306 3635 2351 σοι,
3680 2303 3845 2358 παρανο-

2303 2370 2535 2443 μώτατε,
2599 2369 2739 2445 μηδὲ
2793 2378 2893 2442 τῆς
2946 2372 3161 2428 οίασοῦν
3241 2372 3544 2450 ἀπολογίας
3606 2373 3846 2442 καταξιῶσιί

2299 2478 2375 2513 σε’
2405 2457 2463 2514 ά)
2480 2459 2550 2515 λὰ
2580 2456 2668 2515 διὰ
2688 2461 2778 2515 τὸν
2811 2466 3132 2536 παρεστῶτα
3160 2458 3360 2538 ὄχλον,
3411 2463 3491 2518 ὅτι
3544 2469 3631 2531 τῆς
3665 2465 3741 2516 τοῦ
3762 2462 3847 2531 Χρι-

2299 2552 2428 2602 στοῦ
2459 2548 2701 2622 ποίμνης
2735 2550 2785 2605 οἱ
2818 2549 3071 2614 πλείονες
3124 2550 3299 2607 αὐτῶν
3355 2552 3710 2627 τυγχάνουσιν,
3752 2549 3846 2605 sim

2299 2637 2501 2713 ὅσαπερ
2551 2639 2721 2707 εἶπον,
2773 2640 2861 2693 xui
2913 2643 3005 2694 νῦν
3056 2639 3139 2695 ἐπ’
3188 2640 3383 2717 ὀλίγον
3430 2641 3556 2716 ἐρῶ,
3603 2647 3687 2709 τῆς
3730 2639 3845 2692 αὐτῶν

2298 2724 2605 2800 κηδόμενος
2661 2750 2953 2804 σωτηριας·
3016 2731 3099 2785 ὅτι
3156 2731 3247 2786 τὸν
3308 2732 3541 2805 Χριστὸν
3600 2728 3759 2784 ἄνωθεν
3794 2726 3849 2781 ν.πῖ

2298 2815 2404 2881 πρὸ
2462 2813 2690 2871 πολλῶν
2757 2822 2956 2891 γενεῶς
3011 2818 3062 2871 οἱ
3120 2825 3403 2897 προφῆται
3458 2815 3850 2893 προκατήγγειλεν,

2296 2904 2387 2960 καὶ
2442 2902 2629 2960 πολλὰ
2673 2912 2776 2975 τῆς
2825 2906 3123 2982 παρουσίας
3182 2907 3354 2963 αὐτοῦ
3409 2908 3477 2963 τὸ.
3533 2907 3754 2983 μαρτύρια
3788 2904 3853 2958 κάκ

2296 2984 2409 3049 τῶν
2437 2997 2564 3071 παρ’
2597 2994 2726 3069 ὑμῖν
2748 3001 3022 3071 χρησμῶν
3081 2997 3170 3054 καὶ
3222 3002 3335 3053 τῶν
3399 2993 3708 3054 Σιϐυλλείων
3733 3016 3852 3070 γραμ-

2303 3083 2508 3155 μάτων.
2544 3083 2648 3140 Καὶ
2691 3090 2791 3154 τῆς
2848 3083 3309 3161 ὲνανθρωπήσεως
3372 3087 3534 3142 αὐτοῦ
3576 3088 3609 3157 ἡ
3652 3084 3760 3140 αἰτία
3794 3082 3850 3136 ἐπὶ

2303 3173 2551 3248 σωτηρίᾳ
2580 3173 2668 3227 καὶ
2725 3173 3022 3245 ἀνακλήσει
3078 3182 3180 3246 τῆς
3223 3181 3337 3231 τῶν
3386 3176 3663 3253 ἀνθρώπων
3708 3172 3852 3228 ἐκπτώ-

2301 3282 2437 3322 σεως
2466 3260 2703 3337 γέγονεν·
2736 3262 2907 3320 ἐλθὼν
2955 3264 3058 3340 γὰρ
3082 3265 3169 3319 ἐπὶ
3222 3272 3327 3335 τῆς
3388 3274 3516 3341 γῆς,
3571 3271 3711 3320 πᾶσαν
3746 3261 3849 3315 νόσον

2295 3351 2567 3423 ἀπήλασε,
2597 3354 2689 3408 καὶ
2722 3355 2784 3409 τὸ
2844 3352 3275 3432 παραδοξότερον
3333 3359 3427 3413 xui
3477 3357 3662 3435 ῥήματι
3702 3352 3853 3425 νεκροὺς

2295 3440 2515 3517 ἤγειρεν
2549 3438 2848 3514 όδωδότας,
2876 3445 3055 3499 καὶτὸ
3086 3442 3152 3514 δὴ
3210 3447 3435 3501 πάντων
3484 3445 3849 3519 θαυμασιώτερον,

2298 3532 2429 3604 ὑπὲρ
2458 3540 2561 3603 τῆς
2590 3538 2689 3588 τοῦ
2709 3535 2921 3607 κόσμου
2956 3534 3229 3611 σωτηρίας
3285 3537 3480 3600 παθὼν
3531 3538 3589 3592 τὸ
3640 3534 3712 3589 διὰ
3746 3552 3849 3585 παν-

2299 3619 2399 3698 ροῦ
2429 3624 2623 3691 πάθος,
2681 3622 2874 3695 ἀνέστη
2932 3627 3231 3701 τριήμερος
3291 3624 3357 3681 ἐκ
3410 3631 3516 3682 τῶν
3570 3625 3736 3699 νεκρῶν
3784 3617 3848 3674 ὑπὸ

2302 3711 2532 3787 μάρτυσι
2581 3713 2982 3783 πεντακοσίοις,
3005 3714 3095 3769 xui
3155 3721 3507 3788 στρατιωτῶν
3564 3712 3849 3794 Ῡρουροῦντων

2299 3801 2462 3857 αὐτοῦ
2491 3802 2584 3857 τὸν
2612 3804 2806 3881 τάφον,
2832 3801 2924 3859 ’ίνα
2957 3804 3034 3877 μὴ
3064 3808 3174 3880 σχῇ
3208 3806 3401 3881 χώραν
3434 3807 3463 3861 6
3508 3807 3599 3874 τήν
3652 3804 3851 3857 ἀνάστασιν

2299 3892 2466 3946 αὐτοῦ
2525 3899 2926 3970 συκοφωτῆσαι
2990 3893 3361 3968 βουλόμενοςο

2297 3985 2405 4036 τῶν
2440 3986 2665 4058 νεκρῶν,
2710 3980 2867 4061 ὤφθη
2924 3987 3045 4047 τςῖς
3104 3989 3379 4056 μαθηταῖς
3437 3984 3592 4039 αὐτοῦ
3641 3982 3709 4057 ἐφ’
3752 3976 3853 4032 ὅλαις

2297 4069 2691 4144 τεσσαράκοντα
2746 4070 2979 4145 ἡμέραις
3041 4075 3158 4145 μετ’
3211 4073 3391 4130 αὐτῶν
3453 4067 3854 4145 συναναπρεξόμεο

2304 4182 2488 4234 μενος,
2518 4159 2608 4215 xui
2638 4160 2895 4236 ὁρώντων
2956 4160 3115 4217 αὐτὸν
3169 4161 3259 4218 καὶ
3322 4164 3623 4240 βλεπόντων
3650 4157 3849 4231 belli?“

2302 4251 2379 4315 εἷς
2407 4251 2536 4314 τοὺς
2590 4251 2877 4327 οὐρανοὺς,
2940 4251 3329 4323 ἐξαποστείλας
3387 4257 3533 4329 [361]
3589 4252 3741 4310 αὐτοῖς
3790 4246 3853 4311 τὴν

2298 4344 2396 4395 τοῦ
2426 4338 2584 4415 ἁγίου
2619 4340 2928 4415 Πνεύματος
2962 4338 3165 4416 δωρεάν
3210 4364 3268 4398 τε
3324 4343 3418 4398 xui
3474 4341 3699 4416 δύναμιν·
3746 4336 3853 4390 ὥστε·

2300 4428 2390 4484 καὶ
2446 4425 2722 4504 γλώσσαις
2779 4428 3096 4505 ἀλλογενῶν
3172 4432 3617 4511 ἀποφθέγγεσθαι,
3686 4425 3754 4483 καὶ
3804 4422 3850 4495 Pi.

2303 4516 2449 4594 ἔχειν
2484 4517 2670 4593 χρείαν
2702 4522 2800 4574 τοῦ
2830 4518 3249 4594 ἐρμηνεῦοντος,
3284 4520 3473 4578 ἐλάλει
3504 4519 3598 4597 γάρ
3654 4519 3695 4573 ἐν
3731 4514 3852 4570 αὗτοῗς

2305 4608 2369 4663 τὸ
2402 4613 2621 4682 Πνεῦμα
2648 4609 2710 4664 τὸ
2741 4607 2916 4683 ἅγιον,
2953 4608 3091 4665 ὣστε
3124 4611 3213 4665 καὶ
3268 4611 3338 4666 τὰ
3395 4610 3580 4688 πόρρω
3612 4600 3851 4684 προὸλέτειν

2306 4695 2396 4752 xui
2446 4698 2808 4773 προφητεύειν
2864 4698 2933 4754 τά
2991 4697 3285 4773 μέλλοντα.
3364 4700 3573 4763 Οἳτινες
3620 4694 3850 4768 ἐξελθόντας

2308 4786 2569 4864 ἐκήρυξαν
2622 4786 2782 4842 αὐτὸν
2860 4789 3161 4862 πανταχοῦ,
3230 4787 3403 4864 μηδὲν
3479 4777 3847 4866 ἐπιφερόμενοιῆ

2313 4877 2485 4951 μόνην
2511 4879 2613 4947 τὴν
2643 4877 2810 4935 αὐτοῦ
2842 4879 3068 4955 ἀόρατον
3121 4878 3376 4955 δύναμιν,
3437 4882 3535 4937 οὐκ
3585 4875 3760 4943 ἀσπίδα,
3794 4868 3847 4925 ιιπῖ

2312 4965 2465 5042 δόρυ,
2488 4968 2585 5043 ,καὶ
2618 4968 2770 5047 ξὶφος
2798 4970 3151 5042 κατέχοντες,
3183 4968 3332 5027 ἀλλᾶ
3354 4972 3572 5047 γυμνοὶ,
3600 4969 3676 5024 καὶ
3700 4961 3846 5022 ἄοπλα.

2309 5058 2395 5111 καὶ
2429 5058 2679 5129 πένητες,
2712 5056 2882 5114 πάντα
2937 5059 3028 5115 τὸν
3082 5060 3287 5133 κόσμον
3338 5059 3654 5135 ἐζώγρησαν,
3700 5047 3847 5119 νειῳοῦς

2313 5145 2631 5222 ἐγείροντες,
2689 5146 2927 5223 λεπροὺς
2984 5150 3393 5225 καθαρίζοντες,
3450 5147 3679 5221 δαιμόνια
3714 5135 3845 5195 ἐκϐάλ-

2312 5234 2520 5298 λοντες.
2555 5237 2660 5292 Καὶ
2689 5241 2856 5293 ταῦτα
2885 5237 3071 5308 τίνεςς
3108 5237 3302 5309 ἁλιεῖς,
3343 5241 3432 5294 xui
3468 5226 3843 5313 ἀγράμειιιτοιτκίΞ

2308 5333 2408 5396 τῆς
2439 5328 2534 5381 τοῦ
2554 5326 2767 5401 κόσμου
2798 5327 2988 5407 σοφίας
3022 5328 3309 5405 ἀμέτοχοι.

3444 3895 3531 3951 xui
3600 3891 3780 3949 ἀναστὰς
3818 3887 3853 3939 ἐκ

2379 5524 2482 5595 νη“.
2510 5521 2618 5586 Οῦς
2648 5519 2705 5579 δὲ
2740 5524 2901 5589 αὐτὸς
2951 5526 3369 5603 παρεισήγαγες,
3425 5522 3742 5601 ἐπικερτομεῖν

2306 5618 2404 5670 τοῦ
2433 5616 2669 5688 Χριστοῦ
2699 5614 2978 5690 γέννησιν,
3008 5602 3213 5692 ἄνδρας
3260 5602 3457 5692 άοφούς
3511 5636 3564 5671 τε
3611 5611 3683 5667 καὶ
3718 5602 3835 5692 θωλέ.

2306 5724 2456 5778 τους,
2484 5686 2563 5766 Ἵὼς
2584 5706 2674 5759 νῦν
2713 5686 2972 5780 εἴρηκας,
3032 5703 3078 5762 εί
3106 5686 3219 5763 ’καὶ
3269 5686 3494 5779 δοίημεν
3544 5701 3714 5773 ἆληθὶς
