4040 6204
245 350 389 433 127‘)
1617 380 1676 434 ε.
1717 362 2019 433 sarem
2056 372 2327 430 passm.
3523 344 3666 434 “1275‘;

245 500 373 552 σθαι
419 501 582 552 τοῦτο
633 499 695 553 τὸ
755 499 1161 577 παραλήρημα,
1209 498 1263 555 τί
1309 502 1656 577 γεννηθέντες
1705 495 1789 560 δίς
1845 518 1904 553 τι

2019 503 2307 566 ramenta,
2342 497 2485 570 quid
2524 497 2638 565 bis,
2672 502 2729 553 et
2759 502 2864 567 ter,
2900 502 2959 554 et
2988 502 3197 570 quater
3220 500 3402 569 geniti
3434 503 3660 559 mundo

242 586 341 642 καὶ
370 586 488 663 τρῖς
536 589 623 641 καὶ
685 590 934 665 τετράκις
980 591 1071 645 τὸν
1122 590 1336 664 κόσμον
1395 588 1710 664 ὠφέλησαν,
1742 588 1777 657 ἢ
1815 585 1906 659 μέ-

2019 586 2487 658 profuerunt,vel
2518 587 2674 658 quod
2708 592 2937 659 partem
2969 588 3098 660 ejus
3130 604 3365 660 parvam
3398 595 3499 644 aut
3537 593 3661 645 mi-

246 694 350 747 ρος
379 674 432 729 τί
461 680 570 728 τῶν
597 679 694 729 τοῦ
743 677 955 749 κόσμου
1014 678 1208 750 μικρὸν
1236 678 1270 747 ἢ
1305 675 1597 752 ἐλάχιστον
1634 696 1646 745 ;
1696 675 1820 743 Τίς,
1854 673 1906 727 ἐκ

2019 676 2490 741 nimam?Quisin
2515 677 2574 730 in
2592 677 2860 731 Mercurii
2877 682 2935 731 et
2958 678 3300 749 Pythagora:
3323 676 3493 731 libris
3514 697 3665 733 mor-

245 764 359 816 τῶν
407 757 617 837 βίϐλων
673 764 876 837 Ἑρμοῦ
926 785 982 819 τε
1030 765 1121 819 καὶ
1173 765 1517 841 Πυθαγόρου,
1559 784 1785 839 νεκρους
1832 760 1906 834 ἐξ·

2019 771 2148 821 tuos
2171 766 2487 821 suscitasse
2507 765 2743 838 legitur,
2769 772 2871 820 aut
2892 766 3158 837 leprosos
3188 766 3530 834 mundasse,
3566 774 3667 822 aut

246 850 566 920 ανέστησεν,
617 852 652 921 ἢ
708 850 945 927 λεπροὺς
1006 852 1344 926 ἐκαθάρισεν,
1394 855 1428 925 ἢ
1484 851 1749 925 δαίμονας
1806 850 1906 904 ἀτε⁴

2019 856 2314 925 expulisse
2343 855 2886 927 dmmones,quibus
2910 873 3007 910 vos
3031 856 3317 911 honorem
3342 856 3667 926 praestatis?

242 936 478 1009 ἤλασεν,
510 938 602 1000 οὒς
636 938 791 1012 ὑμεῖς
845 940 1208 1015 θεραπεύετε,
1263 939 1427 995 Ἀλλ’
1473 944 1687 1016 Ἐρμῆς
1753 939 1845 1011 μὶν
1883 937 1906 991 ὁ

2019 945 2337 999 Mercurius
2366 944 2629 1015 quidem,
2653 945 3070 1017 Trismegistus
3104 962 3136 1000 a
3166 944 3331 1000 vobis
3362 945 3665 1017 cognomi-

248 1028 516 1103 μέγιστος
578 1028 665 1106 ὕφ’
725 1029 878 1102 ὑμῶν
965 1030 1507 1106 προσαγορευόμενος
1545 1074 1558 1099 ,
1610 1028 1906 1103 Αἰγύπτιος

2019 1038 2213 1100 natus,
2247 1032 2358 1087 fuit
2381 1032 2557 1087 homo
2588 1034 2889 1105 Egyptius
2922 1039 2980 1087 et
3007 1034 3410 1105 Egyptiorum
3432 1034 3662 1106 legibus

238 1117 463 1193 γέγονεν
523 1113 832 1193 ἅνθρωπος,
863 1120 953 1173 καὶ
1014 1125 1131 1181 τοῖς
1172 1119 1484 1190 Αἲγυπτίων
1534 1120 1730 1192 νόμοις
1777 1139 1906 1193 τρα-

2019 1121 2344 1178 institutus.
2379 1122 2486 1187 Qui
2519 1139 2651 1177 cum
2706 1123 2969 1179 duxisset
3002 1122 3497 1190 uxorem,liberos
3528 1141 3663 1195 pro-

243 1208 371 1281 φεὶς
411 1212 641 1282 γυναῖκα
689 1229 747 1262 τε
799 1208 1009 1283 γήμας,
1058 1206 1259 1273 παῖδας
1317 1208 1625 1278 ἐτέκνωσεν,
1682 1209 1754 1262 ὧν
1815 1209 1906 1262 τὸν

2019 1211 2246 1283 creavit.
2270 1227 2521 1283 quorum
2567 1212 3026 1284 primogenitum
3071 1213 3175 1267 Tat
3204 1211 3556 1278 nominant;
3589 1212 3663 1268 ad

240 1291 640 1372 πρεσϐύτερον,
684 1298 792 1352 Tir
850 1296 1203 1372 ὀνομάζουσι,
1261 1298 1399 1374 πρὸς
1459 1299 1517 1353 ’όν
1577 1297 1736 1359 αὐτός
1791 1293 1906 1352 δια-

2019 1300 2170 1356 hunc
2199 1300 2324 1371 ipse
2355 1301 2621 1372 loquitur
2660 1301 2831 1372 eique
2883 1319 3021 1356 suos
3072 1317 3377 1357 sermones
3408 1301 3662 1370 dedicat,

2013 1406 2248 1445 necnon
2298 1391 2607 1461 Esculapio
2642 1407 2710 1445 ex
2744 1392 3059 1462 Epidauro,
3117 1393 3216 1462 qui
3244 1392 3387 1447 artis
3417 1391 3662 1447 medicin

2012 1484 2219 1536 auctor
2248 1497 2282 1535 a
2306 1479 2470 1534 vobis
2501 1480 2879 1551 perhibetur;
2915 1482 3010 1535 cui
3052 1482 3230 1536 etiam
3281 1498 3470 1549 suam,
3527 1498 3659 1553 quae

2012 1570 2095 1625 sic
2124 1569 2682 1641 sonat,theologiam
2716 1570 2989 1641 explicat:
3026 1572 3209 1625 Deum
3242 1570 3481 1641 quidem
3513 1588 3659 1626 con-

237 1383 464 1461 λέγεται
517 1387 605 1441 καὶ
662 1386 795 1451 τοὺς
846 1388 1037 1443 έαυτοῦ
1096 1386 1297 1465 λόγους
1352 1390 1605 1468 ἆφοσιοῖ,
1665 1387 1802 1462 πρός
1851 1409 1909 1443 τε

237 1476 341 1532 τὸν
401 1475 451 1547 ἐξ
501 1472 831 1552 Ἐπιδαύρου
902 1477 1242 1549 Ἀσκλήπιον
1307 1480 1401 1533 τὸν
1464 1478 1910 1552 προκατάρξαντα

243 1569 370 1621 κατ’
404 1568 543 1639 ὑμᾶς
584 1574 683 1637 τῆς
739 1569 992 1644 ἰατρικῆς
1046 1567 1379 1643 ἐπιστήμης.
1430 1569 1491 1631 ’ὀς
1535 1568 1623 1624 καὶ
1650 1569 1751 1635 τήν
1784 1567 1907 1622 ἔαυ-

241 1660 350 1711 τοῦ
383 1657 667 1734 θεολογίαν
722 1655 973 1733 διασαφεῖ
1021 1655 1255 1734 ἔχουσαν
1306 1658 1499 1721 οὕτως·
1535 1661 1663 1713 Θεὸν
1717 1664 1906 1727 νοῆσαι

2019 1661 2207 1732 cipere
2237 1658 2707 1729 difﬁcile,eloqui
2739 1666 2936 1715 autem
2968 1659 3465 1730 impossibile.Est
3494 1659 3657 1715 enim

251 1746 355 1819 μὶν
415 1744 681 1821 χαλεπὸν,
742 1749 939 1824 φράσαι
994 1744 1051 1803 δὲ
1102 1746 1383 1803 ἀδύνατον·
1436 1744 1548 1802 ἔστι
1599 1747 1700 1824 γὰρ
1758 1766 1906 1821 τρισ-

2019 1749 2073 1804 in
2107 1749 2261 1804 trina
2292 1748 2589 1821 hypostati
2633 1749 2985 1816 consistens,
3032 1747 3465 1819 inexplicabilis
3517 1748 3658 1804 sub-

244 1836 579 1908 οπόστατος,
610 1835 1012 1911 ἆνερμήνευτος
1052 1837 1209 1894 ούσία
1238 1837 1327 1893 καὶ
1361 1838 1541 1915 φύσις,
1574 1837 1671 1892 οῦκ
1702 1833 1905 1912 ἔχουσα

2019 1839 2263 1895 strantia
2295 1842 2353 1893 et
2381 1842 2749 1909 natura,quae
2781 1838 2932 1892 nihil
2961 1837 3175 1893 habeat
3199 1837 3354 1908 apud
3376 1838 3656 1892 mortales

243 1924 399 1999 παρα
432 1925 652 2002 βροτοῖς
713 1923 1055 1999 ἐξομοίωσιν
1110 1924 1207 1989 οῦς
1242 1924 1299 1981 δὲ
1329 1926 1483 1990 θεοὺς
1540 1926 1899 1999 ὀνομάζουσιν

2019 1930 2103 1985 sui
2129 1928 2623 1992 consimile.Quos
2650 1932 2846 1982 autem
2871 1927 3011 1982 deos
3034 1927 3654 1994 nominanihomines,

240 2010 726 2095 avo‘Ownor[362]
777 2014 922 2070 πολὺ
979 2016 1040 2070 τὸ
1078 2012 1323 2088 μυθῶδες
1373 2015 1461 2071 καὶ
1522 2014 1785 2093 σφαλερὸν
1820 2014 1901 2095 ἐφ’

2019 2020 2055 2074 ii
2104 2018 2321 2073 multas
2355 2016 2584 2072 fabulas
2630 2017 2965 2089 multosque
3000 2033 3228 2073 errores
3260 2016 3333 2072 ad
3366 2033 3427 2071 se
3458 2022 3658 2072 traxe-

239 2103 475 2169 ἑαυτοὺς
532 2092 903 2160 ίπεσπάσαντο
936 2120 951 2136 ’
1028 2104 1117 2159 καὶ
1178 2106 1304 2181 περὶ
1356 2111 1456 2175 τῆς
1513 2092 1611 2159 τοῦ
1667 2092 1902 2178 Χριστοῦ

2019 2112 2171 2165 runt.
2216 2106 2491 2173 Quinimo
2547 2106 2618 2161 de
2668 2106 2883 2161 Christi
2934 2106 3186 2161 adventu
3238 2105 3363 2178 ipse
3423 2116 3659 2178 qquue

245 2191 539 2263 ἐλεύσεως,
588 2196 676 2249 καὶ
724 2194 888 2258 αὐτὸς
936 2191 1180 2269 ἄμυὸράν
1231 2216 1351 2250 τινα
1398 2193 1732 2269 προφητείαν
1785 2190 1903 2248 δια-

2019 2198 2329 2253 obscuram
2361 2196 2679 2267 quamdam
2713 2196 3087 2267 prophetiam
3123 2194 3507 2266 refert,quam
3537 2212 3659 2251 non

241 2282 487 2359 γορεύει,
522 2282 620 2338 ούκ
650 2283 700 2354 ἐξ
758 2284 969 2350 ἑαυτοῦ,
1031 2281 1177 2338 ’ἀλλ’
1236 2284 1296 2339 ἐκ
1347 2290 1455 2355 τῆς
1482 2278 1749 2360 Ἐϐραίων
1781 2285 1901 2339 θεο-

2019 2303 2085 2343 ex
2117 2286 2311 2359 seipso
2336 2284 2439 2341 sed
2463 2302 2532 2340 ex
2563 2284 2941 2340 Hebrworum
2974 2285 3269 2356 theologia
3298 2285 3515 2341 hausit.
3548 2283 3661 2339 Sed

246 2372 445 2449 λογίας
501 2375 701 2447 ταύτην
763 2374 1202 2451 ὶπαρῥυσάμενος
1237 2417 1252 2433 .
1316 2373 1488 2434 Ἀλλᾶ
1542 2374 1595 2430 τί
1648 2398 1743 2450 μοι
1794 2381 1899 2431 τῶν

2019 2376 2158 2449 quid
2188 2375 2335 2431 mihi
2385 2391 2520 2429 cum
2568 2374 2861 2445 corruptis
2913 2377 2971 2428 et
3016 2372 3339 2428 fetentibus
3386 2374 3660 2428 Mercurii

232 2450 473 2541 ‘aanpﬂw
504 2485 564 2519 τε
613 2465 702 2518 καὶ
757 2450 1045 2519 ὀδωδότων
1078 2467 1284 2538 Ἑρμοῦ
1340 2464 1599 2541 ῥημάτων
1630 2469 1737 2520 τῶν
1772 2466 1903 2541 παρ’

2019 2466 2226 2533 verbis,
2262 2482 2391 2537 qua)
2424 2481 2457 2519 a
2483 2462 2643 2518 vobis
2693 2464 2752 2518 in
2793 2462 3018 2517 honore
3047 2462 3359 2529 habentur,
3393 2462 3661 2533 quamvis

254 2554 388 2627 ὑμῖν
447 2555 800 2628 τιμωμένων,
855 2551 960 2625 ἤδη
1022 2553 1127 2627 πρὸ
1187 2552 1405 2610 πολλοῦ
1446 2555 1761 2622 σεσηπότων
1810 2555 1900 2608 καὶ

2019 2555 2243 2627 jamdiu
2274 2554 2510 2628 putrida
2541 2554 2660 2609 sint
2690 2558 2748 2608 et
2790 2551 3147 2624 antiquata?
3192 2554 3317 2607 Non
3369 2553 3528 2607 enim
3574 2552 3663 2606 fas

252 2642 724 2720 ἀπεῤῥυηκότων;
787 2640 923 2698 Οῦδὶ
977 2645 1077 2718 γάρ
1136 2642 1285 2699 ἆσιον
1344 2644 1468 2718 περὶ
1523 2649 1629 2699 τῶν
1684 2646 1898 2713 ζώντων

2019 2650 2106 2700 est
2136 2647 2291 2699 circa
2324 2644 2481 2699 vivos
2522 2643 2886 2715 interrogare
2919 2647 3208 2710 mortuos,
3241 2657 3376 2695 cum
3409 2639 3661 2697 habeam

252 2732 459 2808 ίρωτᾷν
487 2733 613 2795 τοὺς
650 2731 899 2809 νεκροὺς,
931 2729 1076 2807 ἔχων
1130 2731 1190 2789 ἐκ
1233 2737 1338 2788 τῶν
1391 2732 1661 2810 θεοσὸφων
1697 2730 1898 2808 λογίων

2019 2749 2087 2788 ex
2134 2733 2349 2788 divinis
2400 2732 2653 2802 eloquiis
2703 2731 2992 2785 veridicos
3045 2735 3243 2799 testes,
3293 2729 3395 2800 qui
3444 2729 3662 2784 Christi

240 2822 379 2885 τοὺς
411 2821 639 2892 ἀληθεῖς
688 2821 962 2897 μάρτυρας
1006 2821 1086 2891 'io,
1119 2823 1216 2891 τήν
1260 2822 1493 2899 Χριστοῦ
1518 2821 1812 2898 παρουσίαν
1844 2842 1903 2876 τε

2019 2823 2397 2896 praesentiam
2427 2837 2494 2877 ac
2526 2820 2893 2876 divinitatem
2921 2819 3489 2890 pramuntiaverunt.

244 2910 343 2967 καὶ
379 2910 610 2982 θεότητα
648 2909 1151 2987 προκατήγγειλαν.

2087 3061 2175 3113 29.
2211 3056 2567 3129 Pythagoras
2599 3060 2817 3121 autem,
2872 3058 3045 3109 sectae
3093 3052 3312 3107 Italicae
3356 3051 3655 3123 princeps,

2017 3147 2161 3219 quid
2191 3147 2413 3220 grande
2445 3152 2503 3201 et
2532 3143 2969 3211 admirandum,
3004 3148 3093 3198 ter
3122 3142 3183 3196 in
3214 3142 3394 3196 vitam
3442 3140 3658 3212 produ-

2016 3238 2371 3305 ctus,eﬂecit
2388 3238 2416 3293 Ἰ
2436 3238 2581 3292 Num
2610 3236 2767 3307 quia,
2801 3251 2935 3289 cum
2957 3233 3242 3305 Olympia:
3264 3236 3440 3298 esset,
3467 3236 3535 3285 ut
3560 3246 3661 3285 vos

2017 3328 2236 3395 dicitis,
2270 3343 2516 3383 aureum
2539 3342 2713 3381 suum
2735 3325 2928 3379 femur
2949 3321 3348 3378 Hellanodicis
3379 3319 3662 3375 ostendit.

2018 3417 2119 3473 Vel
2151 3416 2309 3488 quod
2340 3416 2487 3471 dixit
2518 3414 2589 3470 de
2620 3415 2764 3469 bove
2819 3414 2919 3485 qui
2962 3412 3213 3484 jamjam
3262 3407 3663 3464 immolandus

2018 3506 2357 3578 mugiebat:
2390 3505 2509 3559 Viri
2546 3504 2693 3560 mihi
2743 3502 3098 3568 charissimi,
3152 3499 3413 3555 animam
3462 3496 3665 3566 habet,

2017 3603 2077 3653 et
2092 3614 2198 3668 per
2219 3596 2505 3667 mugitum
2530 3594 2855 3649 salutatme
2870 3591 3222 3646 infelix?Seu
3240 3605 3373 3644 cum
3396 3586 3663 3657 aquilatu

2018 3686 2272 3742 sublime
2290 3685 2595 3739 volantem
2623 3699 2729 3754 per
2749 3680 3349 3748 incantationem(7-8)
3366 3677 3426 3732 in
3442 3680 3662 3730 terram

309 3075 419 3139 κθ’.
480 3073 796 3151 Πυθαγόρας
851 3071 908 3130 δὲ
964 3076 991 3130 ὁ
1043 3082 1144 3146 τῆς
1197 3073 1471 3146 Ἰταλικῆς
1525 3075 1786 3152 κατάρξας
1818 3076 1901 3131 αἱ·

244 3162 501 3240 ρέσεως,
557 3164 609 3219 τί
671 3165 808 3239 μέγα
864 3164 954 3219 καὶ
1018 3165 1324 3238 θαυμαστὸν
1386 3164 1434 3220 ἐν
1492 3164 1572 3238 τῷ
1632 3165 1738 3241 βίῳ
1782 3165 1902 3239 τρὶς

238 3255 553 3330 παραχθεὶς
586 3254 946 3331 ἀπειργάσατο
984 3282 999 3324 ;
1048 3256 1083 3323 ἢ
1112 3253 1195 3309 ὅτι
1247 3254 1297 3309 ἐν
1352 3255 1633 3329 Ὀλυμπίᾳ
1675 3255 1904 3332 γενόμε-

236 3364 360 3413 νος,
390 3343 463 3405 ὡς
498 3342 656 3415 ὑμεῖς
714 3343 961 3421 φάσκετε,
1024 3348 1258 3419 χρυσοῦν
1317 3346 1410 3399 τὸν
1473 3345 1667 3399 ἑαυτοῦ
1728 3346 1909 3419 μηρὸν

230 3430 668 3495 Ἐλλανοδίκαις
732 3430 1019 3503 ὑπέδειξε;
1074 3433 1161 3487 καὶ
1199 3433 1328 3509 βοῦν
1384 3431 1596 3487 θύεσθαι
1636 3431 1913 3507 μέλλοντα

253 3522 677 3594 μυκησάμενον.
714 3520 961 3599 ’Δνδρὸς,
994 3520 1117 3600 ἔφη,
1152 3524 1338 3598 ψυχὴν
1372 3521 1492 3596 ἐμοὶ
1529 3523 1792 3600 φιλτάτου
1822 3523 1913 3578 κέ-

240 3631 475 3681 κτηται,
508 3612 598 3665 καὶ
631 3609 720 3666 διά
747 3615 843 3666 τοῦ
878 3613 1200 3685 μυκήματος
1240 3612 1629 3688 προσαγορεύει
1666 3633 1731 3683 με
1754 3612 1781 3666 ὁ
1807 3631 1911 3666 τα-

247 3698 587 3775 λαίπωρος;
622 3700 709 3756 καὶ
744 3701 893 3755 ἀετὸν
954 3699 1004 3756 ἰν
1064 3700 1188 3775 ὕψει
1242 3702 1562 3774 πετόμενον,
1596 3699 1667 3755 δι’
1696 3697 1913 3774 έπῳδης

248 3795 582 3845 καταπεσεῖν
632 3788 717 3844 ἐπὶ
767 3797 869 3865 γῆς
920 3790 1189 3860 πεποίηκε
1225 3810 1237 3859 ;
1291 3792 1471 3848 Ταῦτα
1502 3791 1529 3845 ὁ
1558 3790 1679 3866 τρὶς
1718 3810 1910 3864 γεννηο

248 3881 374 3943 θεῖς
434 3880 864 3957 έθαυματούργει
924 3882 976 3936 ἐν
1031 3882 1315 3956 Ὀλυμπίᾳ
1369 3882 1696 3958 γενόμενος,
1758 3881 1909 3953 3020-

250 3975 446 4045 μανῶν
505 3971 592 4025 καὶ
654 3971 1115 4047 φαντασιούμενος
1150 3969 1544 4047 ὁτρισςὶθλιος⁸
1610 3972 1636 4027 ὁ
1694 3973 1791 4041 τὴν
1823 3991 1908 4025 τε-

239 4058 486 4131 τρακτὺν
541 4060 703 4135 ὅρκον
756 4059 1069 4133 τιθέμενος,
1123 4061 1212 4115 καὶ
1264 4060 1462 4131 ταύτην
1519 4061 1741 4137 φάσκων
1798 4081 1909 4131 πη-

239 4149 356 4225 γῆν
416 4149 636 4204 ἆεννάου
690 4148 932 4227 φύσεως·
996 4149 1024 4204 ό
1080 4148 1207 4211 τοὺς
1267 4148 1510 4221 κυάμους
1566 4144 1857 4223 σεϐόμενος
1894 4194 1907 4220 ,

240 4238 330 4292 δι’
371 4236 463 4300 οῦς
513 4237 602 4292 καὶ
660 4236 913 4293 ἀπώλετο
976 4239 1109 4311 μετᾶ
1164 4242 1271 4293 τῶν
1331 4240 1498 4292 αὐτοῦ
1550 4238 1774 4313 ἑταίρων
1807 4238 1909 4293 ὑπὸ

235 4330 361 4382 τῶν
418 4324 759 4402 Ταραντίνων
851 4324 1316 4399 συνελαυνόμενος
1351 4345 1363 4358 ·
1430 4327 1506 4400 μὴ
1572 4326 1910 4403 βουλόμενος
2013 4324 2075 4370 in
2110 4324 2354 4369 exulum
2388 4324 2584 4403 acuis:
2612 4324 2753 4365 nam
2785 4324 2918 4362 cum
2967 4324 3209 4403 noue};

235 4415 356 4493 γὰρ
406 4416 495 4470 τὸν
548 4416 717 4471 τόπον
776 4422 1014 4486 πατῆσαι
1078 4415 1128 4470 ἐν
1159 4416 1204 4488 ᾧ
1236 4416 1291 4469 οἳ
1323 4415 1525 4489 κύαμοι
1582 4416 1906 4491 ἐσπαρμένοι

2019 4404 2211 4458 locum
2244 4402 2303 4456 in
2348 4416 2464 4472 quo
2508 4398 2657 4453 fabae
2703 4413 2919 4468 sparsa)
2971 4397 3161 4459 erant,
3196 4390 3542 4446 interfectus
3575 4392 3664 4443 est

242 4526 576 4581 ετυγχανου,
636 4505 795 4568 αὐτὸς
856 4506 991 4579 μετᾶ
1048 4510 1157 4561 τῶν
1218 4504 1443 4581 ἑταίρων
1503 4504 1595 4560 καὶ
1652 4511 1906 4580 μαθητῶν

2019 4510 2151 4548 cum
2184 4490 2390 4547 amicis
2423 4506 2490 4545 ac
2521 4486 2847 4558 discipulis,
2901 4489 2959 4541 et
3004 4486 3385 4539 inimicorum
3414 4494 3657 4534 suorum

235 4597 725 4674 κατασφὰττεται,
782 4593 871 4649 καί
938 4599 1044 4649 τῶν
1114 4594 1324 4672 ἐχθρῶν
1387 4594 1585 4671 γίνεται
1659 4596 1902 4670 παρανάο

2019 4583 2206 4637 factus
2228 4585 2317 4635 est
2335 4577 2554 4651 prmda.
2584 4578 2820 4631 Theano
2851 4580 3071 4641 autem,
3107 4572 3235 4644 ejus
3283 4586 3433 4625 uxor
3481 4572 3540 4621 et
3569 4567 3659 4621 di-

2018 3774 2282 3846 dejecit?
2313 3774 2447 3829 Huic
2488 3778 2575 3827 ter
2624 3773 2858 3842 genitus
2906 3769 3207 3825 mirabilia
3254 3771 3531 3839 operatus
3576 3769 3666 3819 est

2017 3864 2324 3935 Olympiae,
2356 3864 2568 3918 insano
2599 3861 2799 3935 glorias
2831 3875 3032 3916 amore
3063 3864 3269 3930 captus
3302 3862 3359 3911 et
3386 3854 3665 3911 inanibus

2014 3954 2342 4010 visionibus
2375 3952 2712 4008 miserrime
2743 3950 3006 4005 delusus.
3034 3948 3140 4013 Qui
3173 3946 3399 4002 scilicet
3428 3948 3662 4015 quater-

2016 4045 2258 4099 nienem
2274 4041 2699 4115 jusjurandum
2721 4036 3133 4103 constituebat,
3153 4035 3355 4091 dicens
3374 4049 3507 4089 eum
3532 4048 3663 4088 esse

2013 4134 2241 4189 fontem
2274 4132 2641 4187 inexhaustae
2672 4136 2919 4184 naturas.
2950 4127 3057 4192 Qui
3079 4125 3245 4180 fabas
3274 4122 3663 4190 colebat,pro-

2015 4230 2147 4296 pter
2168 4240 2315 4295 quas
2343 4222 2520 4294 periit
2540 4237 2673 4276 cum
2698 4216 3091 4274 familiaribus
3133 4213 3254 4269 suis
3277 4229 3311 4267 a
3328 4209 3661 4265 Tarentinis

2013 4316 2075 4370 in
2110 4314 2354 4369 exilium
2388 4317 2575 4367 actus.
2611 4311 2753 4365 Nam
2785 4323 2918 4362 cum
2967 4304 3155 4360 nollet
3186 4301 3433 4373 pedibus
3470 4304 3659 4354 terere

234 4683 436 4757 λωμα·
496 4691 679 4740 Θεανω
738 4681 794 4739 δὶ
850 4686 884 4753 ἡ
940 4683 1135 4739 τούτου
1182 4685 1395 4759 γαμετὴ
1453 4683 1543 4738 καὶ
1607 4685 1901 4759 μαθήτρια,

242 4775 331 4850 μὴ
362 4771 595 4830 θέλουσα
633 4775 735 4843 τήν
792 4772 963 4828 αἰτίαν
1021 4779 1318 4846 κατειπεῖν,
1370 4771 1439 4827 δι’
1470 4772 1537 4841 ἢν
1568 4773 1661 4828 τὸν
1690 4772 1900 4847 κύαμον

237 4862 351 4920 οὐκ
379 4862 637 4933 ἐσθίουσι,
678 4864 779 4933 τήν
827 4862 1077 4939 γλῶσσαν
1139 4862 1468 4937 ἔκτμηθεῖσα
1495 4862 1785 4938 πρότερον,
1810 4863 1901 4918 καὶ

238 4951 419 5021 αὐτὴν
451 4949 928 5028 προσαπόλλυται.

316 5112 391 5171 λ’.
450 5118 632 5170 Ταῦτα
677 5118 787 5169 τῶν
844 5118 951 5168 σῶν
1026 5108 1346 5191 φιλοσόφων
1399 5112 1465 5168 τὰ
1512 5114 1902 5189 προτερήματα

242 5208 361 5259 τῶν
386 5201 468 5266 δὶς
513 5206 665 5278 [363]
722 5204 809 5259 καὶ
860 5203 982 5279 τρὶς
1039 5203 1429 5279 γεννηθέντων,
1475 5201 1550 5266 ὡς
1582 5202 1740 5265 αὐτὸς
1772 5202 1903 5278 ἐρη-

230 5293 522 5368 τόριυσας’
581 5295 806 5348 κάκεῖνα
861 5296 958 5347 τοῦ
1016 5292 1152 5366 ἐμοῦ
1210 5294 1449 5365 Χριστοῦ
1505 5291 1593 5346 ἐπὶ
1658 5292 1903 5367 σωτηρίᾳ

233 5384 332 5439 καὶ
380 5381 676 5454 ἀνακλήσει
727 5386 823 5437 τοῦ
870 5386 980 5437 τῶν
1030 5380 1327 5459 ἀνθρώπων
1377 5382 1569 5457 γένους
1620 5383 1687 5436 τὰ
1733 5402 1901 5457 τερα-

2014 4670 2261 4741 scipula,
2296 4668 2509 4723 nolens
2540 4682 2780 4723 causam
2812 4664 3075 4737 proferre
3106 4679 3214 4717 cur
3230 4660 3396 4716 fabas
3415 4673 3536 4713 non
3559 4672 3659 4712 co-

2011 4759 2341 4825 mederent,
2387 4759 2516 4831 ipsa
2562 4771 2822 4829 quoque,
2872 4755 3075 4827 lingua
3122 4752 3287 4825 prius
3328 4751 3660 4821 amputata,

2013 4850 2261 4907 interiit.

2078 5116 2165 5170 30.
2202 5115 2336 5171 Haac
2366 5112 2611 5186 quidem
2641 5117 2779 5168 sunt
2808 5110 3112 5183 privilegia
3162 5110 3655 5183 philosOphorum

2007 5209 2267 5273 tuorum,
2302 5205 2402 5276 qui
2434 5204 2526 5259 bis
2558 5208 2616 5258 et
2638 5208 2746 5270 ter,
2775 5207 2840 5256 ut
2870 5203 2995 5273 ipse
3030 5202 3285 5257 oratorie
3308 5202 3651 5274 exposuisti,

2005 5295 2268 5367 generati
2299 5294 2536 5359 fuerun,
2570 5292 2675 5346 illa
2703 5295 2903 5346 autem
2932 5290 3147 5345 Christi
3180 5291 3295 5345 mei
3320 5306 3425 5362 pro
3463 5290 3653 5347 salute

2009 5389 2068 5442 et
2095 5384 2468 5456 reparatione
2499 5380 2811 5436 hominum
2842 5380 3075 5452 generis
3105 5380 3411 5437 miracula.
3436 5381 3655 5453 Pytha-

1868 5564 2091 5619 NOTAE.

340 5718 455 5805 ⁵738)
484 5732 699 5790 Textus
731 5733 967 5790 Gnaeus
994 5716 1290 5790 habebat:
1318 5726 1389 5787 δι’
1420 5728 1651 5804 σποόῖς,
1685 5731 1842 5806 quod
1872 5732 1906 5789 ἱι

2024 5732 2036 5753 ⁹
2066 5726 2269 5797 ἰποδῆς
2296 5735 2526 5789 mutare
2556 5729 2793 5788 obvium
2818 5734 2962 5788 erat.
