4040 6204
454 308 594 368 1279

1973 316 2337 373 ΔΒΒΕΝΟΔ.

3662 316 3775 391 1280

457 452 628 509 goras
656 439 714 491 et
741 435 1062 493 Mercurius
1111 437 1423 495 hominum
1472 440 1705 497 animas
1747 441 1821 497 ad
1878 440 2096 496 inferni

2224 439 2589 515 εουργήματα.
2661 439 2767 494 Καὶ
2823 434 3141 514 Πυθαγόρας
3202 436 3295 509 μὶν
3345 437 3429 492 xui
3479 438 3661 513 Ἑρμῆς
3704 440 3781 504 τὰς

458 526 817 598 profundum
844 526 1186 595 detrudunt,
1219 545 1325 599 per
1355 529 1490 584 illos
1523 548 1669 601 quas
1717 531 2105 586 introducunt

459 616 1006 688 transmigrationes
1039 621 1096 671 et
1127 618 1599 675 transfusiones:
1648 637 1808 675 nunc
1859 620 2103 691 quidem

459 706 689 760 animas
718 706 779 760 in
818 710 982 760 muta
1030 705 1312 763 animalia
1360 714 1418 762 et
1464 708 1620 765 feras
1669 710 2101 776 transmittunt,

458 811 617 849 nunc
651 800 847 849 autem
880 794 1119 850 easdem
1153 796 1213 850 in
1242 796 1434 867 pisces
1468 805 1525 853 et
1553 799 1787 870 plantas
1820 816 1925 870 per
1956 798 2103 853 alios

460 883 748 955 quosdam
780 884 1011 940 orbicos
1046 891 1240 941 motus
1272 892 1330 942 et
1350 888 1607 943 ambitus
1638 890 1881 944 trahunt
1901 905 1968 943 ac
1993 888 2107 942 dis-

458 978 732 1044 pergunt.
764 975 868 1028 Ast
895 975 1182 1042 Christus,
1214 982 1278 1031 ut
1307 978 1461 1032 Deus
1500 995 1670 1033 verus
1715 982 1774 1033 et
1824 984 2103 1046 mternus,

463 1064 721 1118 animam
754 1062 893 1118 fecit
924 1063 1320 1121 immortalem
1353 1072 1412 1121 et
1442 1068 1591 1122 senii
1642 1072 1964 1139 expertem,
2014 1067 2108 1121 di-

462 1152 618 1219 vino,
660 1152 761 1223 qui
816 1152 928 1207 fuit
965 1153 1038 1209 ab
1094 1155 1284 1225 initio,
1330 1157 1550 1227 Spiritu
1601 1162 1659 1211 et
1700 1156 2106 1212 insufﬂatione

462 1241 837 1311 viviﬁcatam,
865 1243 1101 1313 quando
1134 1262 1347 1317 nempe
1379 1246 1636 1317 primum
1669 1246 1987 1301 fabricatus
2019 1250 2108 1301 est

464 1332 792 1401 hominem,
824 1338 889 1388 ut
919 1334 1101 1389 divini
1133 1341 1191 1390 et
1219 1337 1320 1407 qui
1349 1337 1511 1391 omni
1535 1337 1871 1409 suspicione
1904 1341 2110 1393 carent

467 1422 682 1494 Moysis
712 1422 977 1478 referunt
1005 1424 1164 1479 libri.
1199 1425 1445 1497 Lapsam
1493 1444 1627 1481 vero
1672 1444 1809 1482 cum
1861 1442 2107 1498 corpore

468 1511 1054 1582 perinobedientiam
1071 1514 1549 1587 etdeceptionem
1568 1516 1797 1571 exitiasi
1812 1516 2107 1585 draconis,

470 1617 818 1673 progressus
841 1601 901 1655 in
925 1606 1143 1657 terram
1181 1607 1240 1658 et
1283 1604 1346 1659 in
1391 1620 1460 1659 ea
1497 1610 1899 1671 conversatus,
1930 1604 2111 1659 viam-

469 1706 584 1761 que
616 1690 825 1745 salutis
855 1690 1030 1746 nobis
1061 1692 1382 1748 ostendens
1412 1710 1518 1765 per
1547 1694 1905 1767 baptismum
1936 1699 1995 1749 et
2024 1711 2113 1749 re-

2208 532 2316 584 τῶν
2375 527 2670 604 ἀνθρώπων
2723 527 2906 603 ψυχὰς
2959 526 3035 590 εἷς
3092 527 3182 581 τὸν
3241 521 3369 597 ᾅδου
3420 528 3636 599 πυθμένα
3679 550 3781 584 κατ-

2211 618 2425 693 ἀγουσι,
2487 619 2940 693 μετεμψυχώσεις
2999 613 3066 687 δή
3115 637 3263 678 τινας
3314 616 3399 671 xui
3448 618 3783 691 μεταγγισμοῦς

2211 706 2654 783 παρεισάγοντες·
2713 708 2846 761 ποτὶ
2898 706 2992 779 μὲν
3045 704 3121 767 εἷς
3180 703 3350 781 ἄλογα
3406 710 3508 774 ζῶα
3553 706 3632 760 xui
3659 708 3781 781 θηρία

2211 798 2408 859 ταύτας
2465 791 2958 870 μετεμϐιϐάζοντες
2990 840 3003 865 ,
3064 796 3196 849 ποτὶ
3253 791 3308 848 δὲ
3360 792 3431 858 εἷς
3484 793 3673 869 ἰχθύας,
3719 796 3785 850 καὶ

2214 885 2369 964 φυτὰ,
2404 886 2493 940 καὶ
2526 884 2697 947 ἄλλας
2741 884 2894 946 τινᾶς
2937 881 3398 952 ἐπανακυκλήσεις
3443 887 3525 937 καί
3552 882 3785 957 περιόδους

2213 978 2586 1037 κατασπῶντες
2637 973 2799 1036 αὐτὰς
2854 973 2944 1028 καὶ
2995 971 3469 1049 ἆπορῥαπίζοντες.
3522 972 3577 1029 Ὀ
3616 969 3665 1025 δὲ
3687 974 3787 1047 Χρι-

2216 1065 2339 1128 στὸς
2366 1064 2499 1127 καθὸ
2530 1064 2657 1125 Θεὸς
2691 1064 2955 1139 ὑπάρχων
3004 1060 3220 1133 ἀληθὴς
3263 1060 3353 1116 καὶ
3399 1059 3617 1128 αἶώνίος,
3645 1062 3791 1114 ἀθάνα-

2213 1177 2305 1211 τον
2326 1156 2509 1231 ψυχὴν
2560 1154 2651 1210 καὶ
2709 1152 2899 1230 ἆγήρω
2947 1154 3349 1214 κατασκευάσας
3401 1156 3475 1224 τῷ
3529 1150 3609 1205 ἀπ’
3649 1150 3787 1226 ἀρχῆς

2218 1246 2486 1319 Ηνεύματι
2548 1245 2677 1317 θείῳ
2738 1245 2829 1299 καὶ
2888 1242 3242 1321 ἐμφυσήματι
3278 1287 3293 1311 ,
3353 1243 3439 1296 ὅτε
3492 1242 3575 1295 τὸν
3621 1246 3790 1313 πρῶτον

2217 1333 2308 1404 ἐδη
2325 1336 2616 1409 μιοῦρησεν
2677 1335 2981 1407 ἄνθρωπον,
3016 1334 3092 1395 ὡς
3137 1333 3191 1387 αἱ
3222 1334 3361 1387 θεῖαι
3412 1331 3495 1385 καὶ
3528 1325 3794 1399 ἀδιάϐλητοι

2214 1429 2311 1479 τοῦ
2362 1422 2637 1486 Μωυσέως
2699 1420 3079 1499 διαγορεύουσι
3142 1416 3332 1496 βίϐλοι
3369 1465 3382 1491 ,
3450 1419 3534 1474 καὶ
3584 1423 3793 1473 πεσοῦσαν

2220 1515 2355 1589 μετὰ
2381 1517 2478 1569 τοῦ
2508 1513 2763 1585 σώματος
2823 1509 2913 1565 διὰ
2941 1518 3043 1580 τῆς
3072 1516 3359 1586 παρακοῆς
3387 1508 3473 1563 καὶ
3500 1510 3589 1576 τῆς
3634 1507 3797 1577 ἀπάτης

2216 1608 2312 1658 τοῦ
2360 1601 2715 1679 ψυχοφθὸρου
2765 1598 3080 1677 δράκοντος,
3138 1596 3311 1653 ἐλθὼν
3360 1597 3445 1652 ἐπὶ
3491 1602 3585 1673 γῆς
3609 1597 3685 1649 καὶ
3722 1616 3797 1649 πο-

2220 1692 2623 1766 λιτευσάμενος,
2656 1691 2747 1746 καὶ
2789 1687 3045 1765 ὑροδεξας
3090 1691 3226 1761 ἡμῖν
3277 1684 3403 1742 ὁδὸν
3452 1684 3693 1760 σωτηρίας
3734 1681 3799 1737 διὲ

468 1780 899 1836 surrectionem
931 1798 1097 1837 suam
1139 1799 1173 1837 a
1214 1784 1483 1851 mortuis,
1536 1802 1606 1839 ex
1635 1784 1852 1840 inferni
1882 1784 2110 1856 abyssis

2224 1788 2315 1839 τοῦ
2367 1782 2741 1857 βαπτίσματος
2792 1780 3013 1849 καὶτῆς
3062 1778 3121 1833 ἐκ
3165 1782 3372 1852 νεκρῶν
3426 1775 3578 1830 αὐτοῦ
3628 1774 3799 1828 ἀναστά-

2418 1870 2433 1880 ς
2541 1874 2566 1880 ..
2703 1873 2731 1880 ρ.
2783 1867 2846 1880 ηδ
3060 1879 3066 1880 ,
3134 1869 3146 1880 ι
3351 1864 3366 1880 9
3489 1864 3503 1880 θ
3632 1862 3643 1880 1
3766 1860 3777 1880 Ι

471 1868 532 1925 in
563 1870 776 1926 caelum
798 1869 1051 1928 reduxit.
1076 1873 1143 1925 Et
1166 1872 1382 1928 iterum
1404 1873 1647 1928 veniens
1665 1873 1938 1945 judicare
1958 1872 2112 1927 vivos

469 1964 527 2015 et
554 1966 840 2029 mortuos,
873 1961 1251 2017 resuscitabit
1297 1979 1544 2034 corpora
1583 1980 1767 2034 eaque
1800 1961 2114 2017 animabus

468 2048 810 2121 conjunget,
843 2054 902 2105 et
932 2049 1141 2105 reddet
1170 2051 1492 2123 unicuique
1538 2052 1869 2108 secundum
1932 2068 2114 2125 opera

471 2154 597 2193 sua.

539 2316 629 2373 81.
664 2318 797 2373 Haec
827 2334 963 2373 cum
993 2317 1442 2391 phi1030phatus
1484 2319 1696 2375 fuisset
1723 2324 1968 2392 martyr,
2000 2319 2121 2375 ini-

475 2424 630 2479 quus
661 2412 719 2461 et
769 2412 1038 2479 apostata
1082 2407 1351 2463 Julianus
1408 2408 1591 2464 dixit:
1643 2409 1961 2476 Videtisne,
2006 2410 2114 2464 viri

474 2497 721 2552 Romani
754 2503 812 2552 et
860 2498 1064 2565 Graeci,
1114 2498 1273 2553 hunc
1318 2498 1636 2553 scelestum
1686 2503 1745 2552 et
1800 2515 2115 2554 exsecran-

473 2587 639 2653 dum,
672 2593 895 2659 quanta
925 2605 996 2643 ex
1027 2589 1242 2643 Graacis
1267 2588 1601 2660 disciplinis
1634 2589 1693 2644 in
1725 2595 1990 2645 nostram
2022 2607 2117 2645 re-

471 2677 755 2750 ligionem
788 2677 1064 2733 elluderit
1110 2679 1516 2751 nugamenta?
1564 2680 1677 2733 Per
1732 2680 1919 2736 solem
1968 2680 2116 2735 mihi

476 2768 915 2835 charissimum,
942 2769 1094 2823 sicut
1115 2786 1324 2824 aurum
1355 2768 1679 2842 fulgentem
1710 2776 1886 2841 atque
1916 2771 2119 2827 omnia

477 2862 814 2925 ornantem,
847 2874 966 2912 non
996 2858 1189 2929 patiar
1228 2857 1508 2930 deinceps
1540 2861 1873 2914 Graacorum
1899 2860 2121 2915 doctri—

473 2947 568 3002 nis
617 2947 1039 3019 impiissimum
1098 2948 1571 3004 Christianorum
1622 2966 1807 3021 genus
1864 2950 2111 3011 erudiri.

472 3038 618 3092 Ecce
637 3036 796 3091 enim
820 3054 1001 3092 sacraa
1023 3036 1365 3110 dogmatum
1386 3038 1777 3093 institutionis
1798 3055 1978 3094 causa
2008 3039 2118 3093 iste

474 3126 795 3198 particeps,
810 3126 951 3181 licet
970 3144 1091 3181 non
1112 3132 1270 3182 recte
1293 3132 1352 3182 et
1370 3127 1567 3198 plane,
1591 3127 1809 3183 multas
1831 3133 2031 3183 tamen
2062 3132 2122 3183 et

2224 1893 2382 1943 σεως,
2414 1870 2473 1926 ἐκ
2499 1874 2608 1927 τῶν
2637 1873 2734 1925 τοῦ
2782 1867 2915 1940 ’ᾲδου
2972 1869 3259 1941 πυθμένων
3324 1864 3401 1928 εἷς
3452 1862 3682 1937 οὐρανοὺς
3704 1860 3801 1917 ταῦ-

2220 1984 2319 2033 την
2352 1961 2708 2038 ἐπανήγαγεν·
2739 1958 2828 2014 καὶ
2876 1956 3043 2013 πάλιν
3090 1956 3397 2033 ἐρχόμενος
3438 1958 3603 2029 κρῖναι
3648 1956 3802 2021 ζῶντας

2219 2050 2311 2105 κιοὶ
2369 2049 2615 2126 νεκροὺς,
2675 2047 3020 2122 ἐξαναστήσει
3075 2047 3142 2101 τὰ
3201 2046 3451 2117 σώματα,
3497 2041 3581 2096 καὶ
3632 2040 3802 2113 συνάψει

2220 2145 2339 2203 ταῖς
2398 2139 2600 2195 ἑαυτῶν
2654 2141 2859 2214 ψυχαῖς
2892 2182 2909 2209 ,
2965 2133 3054 2191 xui
3126 2126 3402 2190 ἀποδώσει
3471 2132 3659 2203 ἑκάστῳ
3702 2126 3805 2184 κατὰ

2222 2229 2291 2285 τὰ
2318 2228 2446 2305 ἔργα
2474 2228 2660 2287 αὐτοῦ.

2295 2316 2399 2374 λα’.
2446 2320 2629 2375 Ταῦτα
2682 2319 2784 2371 τοῦ
2845 2315 3117 2389 μάρτυρος
3169 2306 3801 2391 φιλοσοφήσαντος,ὁπαο

2226 2410 2465 2484 ράνομος
2519 2407 2609 2461 καὶ
2667 2405 2979 2473 ἀποστάτης
3055 2401 3156 2481 ἔφη
3216 2398 3563 2460 Ἰουλιανός⁸
3613 2398 3803 2471 Ὁρὶτε,

2224 2496 2412 2574 ἄνδρες
2432 2498 2701 2570 Ῥωμαῖοι
2721 2495 2813 2550 καὶ
2843 2492 3139 2563 Ἕλληνες,
3160 2490 3380 2546 τουτονῖ
3400 2489 3489 2543 τὸν
3519 2484 3805 2557 παλαμναῖον

2223 2572 2654 2662 καὶὝὰλιτήριον,
2713 2584 2881 2639 πόσον
2936 2582 2994 2637 ἐκ
3048 2586 3155 2636 τῶν
3204 2578 3549 2648 Ἑλληνικῶν
3601 2572 3806 2648 μαθημά-

2223 2699 2330 2732 των
2386 2678 2521 2732 κατᾶ
2575 2682 2677 2745 τῆς
2709 2675 2979 2746 ἡμετερας
3033 2669 3347 2747 ἑσχεδίασεν
3409 2666 3563 2723 ῧθλον
3595 2683 3609 2735 ;
3644 2664 3719 2721 Mi
3740 2662 3804 2716 τὸν

2227 2768 2350 2842 ἐμοὶ
2384 2764 2846 2844 προσφιλέστατον
2903 2762 3064 2832 ἥλιον
3109 2762 3203 2815 τὸν
3236 2763 3519 2835 χουσαυγῆ
3548 2756 3629 2810 xui
3654 2751 3807 2827 παγχό-

2226 2840 2615 2933 σμιον,”οὐκὲτι
2659 2854 2914 2926 ἀνέξομαι
2973 2856 3090 2913 τοῖς
3147 2847 3441 2919 Ἑλλήνων
3503 2840 3808 2933 μαθήμασᾼιᾳτο

2228 2926 2570 3023 ὶξριστιανῶν
2632 2944 2936 2998 ἀθεώτατον
3007 2936 3421 3002 ἐκπαιδεῦεσθαι
3500 2936 3677 3010 γένος·
3726 2926 3809 2983 ἰδοὺ

2227 3018 2328 3113 γαρ
2359 3043 2461 3105 τῆς
2493 3036 2643 3109 ἱερᾶς
2669 3033 2778 3088 τῶν
2811 3031 2993 3106 λόγων
3039 3026 3288 3089 παιδείας
3339 3025 3431 3082 καὶ
3489 3022 3634 3084 οὗτος
3660 3020 3683 3074 ὁ
3706 3018 3810 3113 κύων

2235 3107 2583 3201 μεταλαϐὼν,
2614 3121 2711 3177 κᾶν
2772 3119 2919 3194 [364]
2972 3121 3075 3175 οὐκ
3119 3117 3203 3173 ἐπ’
3263 3115 3476 3181 εὐθείας
3505 3113 3589 3169 xui
3631 3107 3809 3201 ὁμαλοῦ,

471 3215 831 3287 injucundas
854 3216 1111 3288 ineptias
1131 3217 1341 3272 effudit
1361 3217 1517 3273 circa
1537 3218 1785 3273 istorum
1816 3234 2117 3274 sacrorum

2229 3187 2356 3271 ἁλλ’
2388 3213 2542 3288 ὅμως
2568 3187 2800 3280 ’πολλὴν
2857 3187 2980 3265 τίνα
3036 3207 3125 3263 καί
3173 3208 3383 3281 ἀτερπῆ
3445 3203 3566 3279 περὶ
3592 3202 3673 3269 τήν
3700 3200 3810 3288 incf

471 3321 540 3360 ac
572 3305 930 3378 sapientium
976 3306 1232 3362 virorum
1281 3307 1616 3363 historiam.
1647 3309 1735 3362 Ita
1762 3307 1996 3363 locutus
2018 3308 2119 3379 ju-

470 3394 571 3450 bet
596 3402 917 3467 martyrem
938 3396 1249 3451 lictoribus
1275 3396 1425 3451 tradi
1448 3397 1522 3452 ad
1544 3398 1899 3470 quingentas
1928 3414 2119 3469 usque

471 3485 673 3558 plagas
693 3485 1246 3557 vapulaturum.Qui
1269 3486 1579 3558 abreptum
1602 3487 1772 3542 illum
1792 3488 2120 3543 inhumane

473 3575 673 3647 ﬂagris
703 3574 1029 3631 caadebant.
1063 3578 1133 3630 Et
1178 3594 1371 3647 prmco
1417 3576 1751 3632 clamabat:
1802 3578 1913 3633 Fac
1959 3578 2121 3649 quod

471 3664 594 3719 vult
622 3664 1180 3736 imperator,desine
1212 3666 1468 3721 absurda
1488 3666 1743 3737 loqui,et
1770 3666 2121 3722 liberaberis

474 3769 509 3807 a
540 3753 966 3825 castigantibus
999 3759 1073 3809 te.
1126 3756 1342 3826 Martyr
1387 3762 1585 3811 autem
1629 3756 1864 3811 fortiter
1905 3756 2121 3811 tolera-

475 3842 578 3897 bat
613 3842 755 3897 dum
811 3843 1229 3917 ﬂagellaretur,
1290 3850 1494 3902 tacens
1551 3851 1609 3902 et
1663 3846 1909 3901 omnino
1969 3845 2121 3900 nihil

475 3931 804 4003 proferens.

545 4114 634 4168 32.
668 4110 891 4167 Deinde
920 4112 1211 4183 Julianus,
1244 4114 1433 4170 oculis
1467 4114 1529 4169 in
1552 4114 1767 4170 Christi
1799 4118 2122 4186 martyrem

476 4200 796 4255 Macarium
850 4201 1157 4273 conjectis,
1210 4201 1294 4256 sic
1346 4218 1481 4255 eum
1526 4201 1819 4256 allocutus
1866 4206 1995 4256 est:
2040 4202 2123 4255 Tu

473 4290 615 4360 quid
651 4290 799 4345 dicis
829 4296 885 4346 te
940 4290 1148 4361 teipso,
1179 4289 1539 4346 miserabilis
1582 4290 1984 4345 homuncule?
2011 4291 2127 4344 Re-

479 4378 721 4451 spondit
750 4380 1069 4435 Macarius:
1093 4382 1175 4435 Tu
1205 4380 1331 4451 ipse
1354 4380 1538 4436 miser
1552 4396 1613 4436 es
1637 4385 1695 4435 et
1724 4380 1993 4435 omnium
2025 4380 2127 4434 ho-

478 4469 711 4524 minum
740 4468 1209 4539 infelicissimus,
1242 4469 1408 4525 canis
1439 4469 1674 4525 sordide
1707 4474 1765 4524 et
1792 4468 2120 4536 immunde;

2226 3307 2344 3379 ρίαν
2405 3300 2752 3377 μωρολογίαν
2812 3296 3065 3373 κατέχεεν
3129 3302 3237 3352 τῶν
3300 3295 3465 3371 ἱερῶν
3517 3290 3698 3347 ἐκείνων
3742 3282 3810 3339 καὶ

2226 3376 2541 3473 φιλοσόφων
2592 3388 2825 3465 ἀνδρῶν.
2888 3392 3066 3446 Ταῦτα
3119 3385 3313 3455 εἰπὼν,
3345 3381 3553 3440 κελεύει
3604 3376 3811 3473 rev-pip-

2224 3463 2359 3559 τυρα
2386 3463 2506 3545 τοῖς
2538 3463 2764 3554 δημίοις
2793 3476 3188 3552 παραδοθῆναι,
3230 3473 3325 3529 καὶ
3389 3472 3660 3547 μαστιγοῦν
3686 3463 3810 3559 ἔχρι-

2225 3557 2588 3630 πεντακοσίων
2629 3567 2881 3644 πληγῶν.
2935 3567 3003 3624 Οἱ
3056 3562 3114 3620 δὲ
3162 3559 3427 3625 λαϐόντες
3466 3564 3642 3630 ἢκιζον
3682 3557 3808 3610 ἀπιν-

2227 3663 2460 3737 θρώπως
2498 3664 2615 3721 ταῖς
2672 3656 2906 3731 μάστιξι·
2964 3656 3055 3710 καὶ
3115 3655 3144 3708 ὁ
3199 3652 3372 3727 κήρυξ
3428 3647 3570 3707 ἐϐόα·
3625 3644 3806 3737 [isiussi

2222 3734 2285 3808 τδ
2314 3754 2412 3806 τοῦ
2465 3746 2732 3825 βασιλέως
2789 3743 3030 3817 θέλημα,
3090 3747 3290 3799 παῦσαι
3351 3746 3457 3796 τῶν
3496 3734 3807 3813 μωπολογιῶν

2224 3840 2311 3903 κςὶ
2358 3823 2729 3912 ἀπαλλαγήσῃ
2776 3839 2885 3890 τῶν
2931 3831 3278 3902 κολαζόντων
3331 3851 3409 3886 σε.
3459 3829 3517 3885 Ὀ
3563 3823 3616 3880 δὲ
3654 3824 3810 3897 μάρτυς

2228 3930 2501 4007 ἐκαρτέρει
2532 3927 2891 4000 τυπτόμενος,
2924 3927 3147 3979 σιωπῶν
3200 3922 3290 3977 καὶ
3329 3918 3496 3996 μηδὲν
3527 3916 3661 3977 δλως
3683 3924 3810 3992 φθεγ-

2225 4022 2478 4098 γόμενος.

2300 4108 2410 4186 λβ’.
2463 4107 2734 4171 Ἀτενίσας
2791 4103 2849 4160 δὲ
2877 4104 3016 4181 πρὸς
3046 4105 3139 4159 τὸν
3194 4107 3292 4157 τοῦ
3342 4103 3573 4176 Χριστοῦ
3620 4096 3813 4186 puere?!

2227 4183 2528 4273 Μακάριον,
2578 4191 2678 4274 ἔφη
2725 4196 2862 4271 πρὸς
2911 4192 3092 4249 αὐτόν·
3151 4192 3224 4247 Σὺ
3256 4191 3311 4246 τί
3343 4191 3516 4265 λὲγεις
3560 4183 3671 4274 περὶ
3698 4200 3812 4274 σεαυ-

2225 4294 2345 4359 τοῦ,
2403 4286 2753 4363 ταλαίπωρον
2809 4283 3236 4357 ἀνθρωπάριον;
3293 4278 3565 4354 Μακάριος
3616 4269 3720 4351 ἔφη·
3759 4268 3812 4321 Σὺ

2230 4381 2277 4434 εἴ
2329 4377 2680 4453 ταλαίπωρος
2736 4376 2828 4431 καὶ
2878 4373 3093 4429 πάντων
3151 4369 3453 4446 ἀνθρώπων
3510 4363 3810 4453 ἀθλιώτερος,

2227 4468 2373 4525 κύων
2426 4446 2629 4544 ῥυπαρὶ
2674 4464 2764 4521 xui
2821 4464 3105 4537 ἀκάθαρτε·
3164 4459 3270 4535 ἐγὼ
3331 4457 3389 4513 δὲ
3443 4461 3521 4529 τῷ
3549 4446 3811 4523 ὅντιμαιιά·

478 4574 583 4629 ego
612 4576 748 4614 vero
779 4558 976 4629 reipsa
1003 4558 1210 4614 beatus
1259 4576 1414 4626 sum,
1448 4559 1565 4614 imo
1609 4559 1989 4615 beatissimus
2023 4560 2116 4631 (9),

2229 4557 2344 4636 ριός
2403 4556 2517 4630 εἶμι
2564 4554 2654 4610 καὶ
2709 4554 3188 4627 τρισμακάριστος,
3245 4548 3382 4603 κατᾶ
3435 4546 3531 4614 τήν
3586 4557 3807 4636 προσωνυ-

471 4648 644 4720 juxta
674 4665 893 4705 nomen
921 4665 1119 4704 meum
1146 4650 1282 4717 (10),
1330 4649 1471 4721 quia
1499 4648 1599 4704 ubi
1649 4649 1947 4705 Christum
1979 4666 2121 4704 con-

481 4738 672 4809 ﬁteor,
703 4738 883 4794 adoro
915 4738 1018 4794 Dei
1050 4738 1264 4793 Filium
1294 4738 1588 4794 viventem
1622 4743 1680 4793 et
1698 4743 2007 4794 aeternum.
2042 4738 2125 4791 Tu

478 4830 677 4883 autem
707 4828 902 4899 ipsum
931 4827 1241 4899 abjurasti,
1274 4827 1587 4883 adhaerens
1630 4827 1864 4883 diabolo
1910 4831 1968 4881 et
2019 4842 2129 4882 an-

478 4917 625 4989 gelis
656 4917 806 4988 ejus,
839 4916 1155 4972 homicidis
1187 4922 1244 4973 et
1274 4917 1525 4988 impuris
1576 4916 1904 4988 spiritibus,
1937 4915 2037 4987 qui
2071 4921 2126 4969 te

481 5008 659 5062 etiam
699 5007 953 5062 invitum
997 5007 1058 5061 in
1106 5006 1304 5079 ignem
1354 5012 1643 5061 mternum
1690 5006 2027 5078 projicient.
2059 5008 2130 5061 Et

488 5099 771 5168 Apostata
800 5113 813 5153 :
848 5096 1052 5166 Video,
1079 5097 1298 5169 inquit,
1331 5096 1490 5167 quod
1521 5097 1673 5151 mori
1718 5096 1921 5168 cupias
1967 5100 2026 5150 et
2054 5095 2129 5151 ad

475 5186 847 5243 iracundiam
882 5204 976 5243 me
1016 5187 1255 5243 studeas
1281 5202 1621 5259 provocare,
1667 5191 1732 5241 ut
1773 5187 1887 5242 cito
1934 5192 1990 5241 te
2021 5202 2129 5241 au-

474 5274 680 5334 feram.
710 5279 838 5333 Non
867 5282 1068 5334 tamen
1098 5280 1166 5332 ut
1205 5275 1567 5349 sperasti,ita
1613 5277 1716 5331 ﬁet
1745 5275 1875 5345 tibi,
1906 5273 2133 5347 impiis-

2236 4625 2364 4722 μίαν
2398 4625 2524 4721 μου,
2556 4644 2639 4700 ὅτι
2685 4625 2776 4698 τδν
2829 4625 3057 4717 Χριστὸν
3114 4637 3411 4713 ὁμολογῶν
3453 4633 3712 4722 προσκυνῷ
3740 4625 3805 4722 τξν

2232 4716 2366 4792 ἐῢεοῦ
2396 4716 2522 4790 Ϋὶὸν
2553 4734 2643 4788 τὸν
2687 4716 2887 4801 ζῶντα
2918 4728 3007 4785 xui
3056 4728 3408 4805 προαιώνιον.
3468 4722 3623 4782 Αὐτὸς
3648 4717 3695 4773 δὶ
3716 4716 3805 4769 τοδ⁸

2230 4844 2328 4881 τον
2359 4824 2660 4900 ἀπηρνήσω
2708 4816 3151 4896 προσκολληθεὶς
3196 4822 3275 4891 τῷ
3323 4811 3565 4886 διαϐόλῳ
3601 4806 3690 4900 καὶ.
3721 4805 3805 4860 τοῖς

2234 4913 2489 4990 ἀγγέλοις
2549 4910 2714 4967 αὐτοῦ
2778 4913 2895 4971 τοῖς
2953 4907 3229 4983 ὀλεθρίοις
3279 4926 3337 4962 τε
3392 4904 3481 4959 xui
3548 4894 3807 4991 ἀκαθάρτοιξ

2236 4986 2511 5077 δαίμοσιν,
2543 4998 2596 5055 o'i
2650 5020 2708 5055 σε
2765 4999 2857 5054 καὶ
2915 4996 3015 5053 οὐκ
3067 4994 3322 5060 ἐθέλοντα
3369 4997 3451 5064 τῷ
3508 4986 3689 5058 αἶωνίῳ
3712 4986 3804 5051 πυρί

2235 5090 2716 5168 παραπέμψουσιν.
2768 5086 2875 5145 Καὶ
2924 5087 2953 5142 ὁ
2985 5080 3330 5159 Παραὸατης·
3391 5078 3526 5139 Οἶδα
3572 5080 3646 5168 ὅτι
3691 5084 3803 5165 0M.-

2236 5163 2330 5254 τᾷξ
2368 5163 2467 5237 καὶ.
2513 5163 2650 5256 πρὸς
2708 5178 2878 5253 ὀργὴν
2939 5174 3156 5245 κινῆσαί
3219 5195 3283 5248 με
3338 5168 3595 5237 σπεύδεις,
3626 5163 3701 5256 ἵνα
3738 5163 3805 5210 τά·

2243 5292 2397 5349 χειον
2430 5254 2757 5342 ἐξαναλώσω
2813 5286 2892 5323 σε·
2947 5263 3073 5322 ἀλλ’
3124 5262 3233 5339 οὐχ
3282 5264 3355 5327 ὡς
3393 5261 3555 5321 αὐτὸς
3603 5254 3803 5324 ἤλπισαν

2065 5424 2109 5477 Ν
2115 5423 2287 5479 ΟΤᾹΞ.

547 5540 891 5626 l(9)hLegi_tur
919 5541 982 5596 in
1013 5547 1185 5626 textu.
1207 5545 1405 5626 (Ξῖ-φοῦ
1432 5559 1465 5626 ς.
1492 5539 1974 5626 τρισμακάριστος.
2009 5539 2122 5623 sed

474 5614 558 5683 τρὶ
571 5632 611 5694 ς.
626 5614 751 5683 (ter)
782 5614 843 5666 in
874 5614 1221 5694 compositis
1252 5614 1541 5687 adjective
1573 5614 1667 5669 cui
1705 5614 1977 5685 jungitur
2005 5614 2124 5669 vim

476 5684 644 5741 addit
682 5682 1047 5760 superlatm.
1079 5686 1231 5742 Emr.

2303 5538 2417 5609 (10)
2447 5532 2729 5610 Μακάριος
2752 5535 2909 5592 enim
2944 5531 3469 5610 signiﬁcat_b_eatu§:
3500 5519 3797 5610 ῌοξθίαξιίῗ

2232 5595 2371 5666 men
2400 5595 2755 5681 μακαριστος,
2789 5595 3215 5681 (ιιιειωξοοεω
3254 5598 3607 5681 hicadhibet
3630 5595 3794 5681 audet“:

2231 5659 2825 5754 ﬁibﬁié‘éiéh‘iii’ciré
2841 5659 2989 5750 Eii:
3017 5659 3251 5735 habetur
3268 5675 3413 5748 felix
3438 5689 3528 5731 seu
3557 5659 3793 5727 beatus.ln.
