4040 6204
222 399 360 462 1281

1565 390 1625 442 Β.
1664 388 1968 444 ΔΗΤΕΜΠ
2006 389 2280 443 PASSIO.

3486 392 3626 447 1282

228 526 406 589 οὕτως
436 521 582 578 ἔσται
617 540 724 589 σοι,
755 512 1091 573 ἀσεϐέστατε.
1124 517 1303 571 Τοῦτο
1363 510 1420 568 δὶ
1470 515 1685 588 πρῶτον
1738 513 1871 566 ἀπο·
1904 543 1918 587 Α

2029 514 2156 569 ime.
2192 515 2301 571 Sed
2334 517 2445 571 hoc
2475 517 2733 589 primum
2762 517 3080 590 responde,
3130 521 3190 571 et
3235 516 3432 574 indica
3457 522 3632 591 quid-

229 615 419 693 κρίνου
451 612 542 667 καὶ
574 607 813 678 δίδασκε,
850 607 902 661 τί
960 606 1022 660 τὸ
1075 602 1230 677 δόξαν
1257 601 1879 693 μῦμῖν,ᾐῶῗπαμμίαροι,

231 688 313 761 ὅτι
352 700 497 777 μηδὲ
549 704 675 773 μιᾶς
729 717 874 758 τινος
930 695 1171 769 ἐξουσίας
1228 690 1264 762 ἤ
1324 691 1470 767 παρά
1520 688 1789 767 βασιλέως
1845 689 1881 758 ἢ

228 794 377 869 παρά
425 809 573 851 τινος
634 791 743 842 τῶν
802 784 1087 860 ἀρχόντων
1151 779 1562 859 μετειληφότες,
1612 779 1773 834 παντί
1826 800 1883 834 τε

349 882 635 953 πανταχοῦ
668 872 1073 950 διατρέχοντες,
1123 874 1218 935 τὰς
1277 875 1384 926 τῶν
1443 868 1693 945 μεγάλων
1747 871 1881 924 θεῶν

228 969 468 1031 σπονδάς
514 989 574 1022 τε
625 965 715 1020 καὶ
776 964 960 1025 Θυσίας
1020 960 1332 1036 ἀνατρέπειν
1393 957 1740 1028 σπουδάζετε,
1804 955 1887 1012 δι-

238 1061 530 1120 δάσκοντες
587 1054 649 1111 ἂν
725 1053 853 1116 τοὺς
913 1052 1253 1128 ἀνθρώπους,
1327 1050 1551 1111 τούτους
1616 1050 1690 1122 μὴ
1753 1049 1886 1102 εἴναι

237 1150 414 1222 θεοὺς,
454 1144 595 1222 μηδὲ
626 1150 876 1219 σωτῆρας
922 1148 1021 1211 τῆς
1079 1139 1431 1213 οἰκουμένης,
1488 1138 1577 1192 καὶ
1634 1140 1730 1192 τοῦ
1787 1136 1885 1191 ἀν-

238 1237 513 1317 θρωπείου
542 1234 731 1311 γένους
759 1226 1067 1307 προνοητᾶς
1116 1249 1174 1283 τε
1230 1227 1319 1282 καὶ
1370 1230 1519 1301 [365]
1577 1223 1885 1299 κηδεμόνας

237 1314 635 1406 τυγχάνοντας,
669 1322 760 1384 οῧς
795 1324 829 1390 ἡ
862 1321 951 1374 ἀπ’
1010 1319 1208 1380 αἰῶνος
1265 1318 1360 1372 παὶ
1416 1314 1617 1381 ἄνωθεν
1682 1337 1887 1392 πατρο-

238 1400 552 1496 παράδοτος
606 1417 716 1468 τῶν
770 1408 1069 1484 ἀνθρώπων
1125 1408 1401 1478 συνήθεια,
1462 1400 1633 1461 σέϐειν
1690 1426 1749 1460 τε
1797 1404 1886 1460 καὶ

238 1493 567 1584 προσκυνεῖν
623 1495 1026 1576 παραδέδωκεν
1082 1497 1172 1551 τὸν
1232 1493 1290 1550 δὲ
1347 1494 1581 1570 Χριστὸν
1613 1495 1742 1569 χθὲς
1792 1499 1889 1550 τοῦ

1990 620 2129 657 nam
2161 603 2323 658 vobis
2352 605 2541 659 visum
2575 606 2668 675 sit,
2700 605 3069 674 exsecrandi,
3100 610 3166 659 ut
3194 604 3363 659 nulla
3393 607 3510 661 sive
3559 610 3631 663 ab

1992 693 2497 764 imperatore,sive
2520 712 2554 749 a
2570 696 2851 766 quopiam
2875 696 3219 768 magistratu
3244 695 3487 749 licentia
3512 714 3638 753 mu-

1992 782 2125 846 niti,
2160 782 2379 853 ubique
2413 784 2777 852 discurratis,
2814 790 2872 840 et
2901 800 3251 857 magnorum
3284 783 3530 839 deorum
3562 787 3642 840 ri-

1995 876 2089 926 tus
2114 877 2171 925 et
2191 871 2482 927 sacrificia
2510 877 2770 928 evertere
2789 872 3111 939 conemini,
3140 872 3419 928 docentes
3451 874 3642 928 homi-

1995 976 2102 1014 nes
2130 976 2229 1015 eos
2262 977 2382 1015 non
2415 977 2543 1015 esse
2562 960 2702 1016 deos
2724 978 2917 1033 neque
2951 966 3276 1018 servatores
3308 962 3645 1027 mundi,aut

1995 1049 2257 1104 humano
2290 1050 2491 1122 generi
2523 1050 2831 1122 providere
2864 1051 3250 1122 ejusdemque
3282 1068 3485 1123 gerere
3536 1069 3641 1107 cu-

1995 1155 2143 1209 ram,
2180 1155 2329 1209 quos
2360 1139 2431 1193 ab
2464 1157 2582 1195 aavo
2620 1144 2677 1195 et
2708 1141 2911 1195 multis
2942 1146 3098 1195 retro
3132 1140 3366 1196 saeculis
3397 1158 3431 1196 a
3460 1143 3642 1213 patri-

1996 1226 2106 1282 bus
2123 1228 2385 1298 profecta
2407 1229 2749 1283 mortalium
2771 1229 3135 1284 consuetudo
3156 1230 3645 1286 reverendostra-

1998 1318 2149 1373 didit
2174 1325 2231 1374 et
2262 1319 2616 1390 adorandos;
2643 1321 2939 1376 Christum
2972 1327 3191 1389 autem,
3224 1322 3325 1392 qui
3356 1322 3483 1376 heri
3516 1339 3644 1378 esse

1999 1409 2192 1481 coepit,
2226 1425 2337 1465 nec
2369 1410 2622 1466 multum
2669 1417 2803 1467 ante
2852 1416 3118 1466 nostram
3170 1416 3425 1482 aatatem,
3458 1414 3645 1468 Deum

2000 1499 2430 1570 sempiternum
2462 1505 2520 1555 et
2557 1517 2754 1572 regem
2802 1501 3215 1555 universorum
3263 1502 3649 1573 praedicatis?

240 1599 377 1654 εἶναι
410 1593 730 1669 ἀρξάμενον,
753 1587 844 1643 καὶ
874 1587 936 1642 οὑ
984 1585 1090 1661 πρὸ
1140 1583 1356 1640 πολλοῦ
1385 1590 1485 1654 τῆς
1541 1584 1810 1659 ἡμετέρας
1868 1591 2075 1660 γενεᾶς,
2136 1586 2264 1641 Θεὸν
2324 1587 2655 1663 προαιώνιον
2713 1586 2802 1643 καὶ
2864 1585 3092 1662 βασιλέα
3141 1591 3247 1641 τῶν
3308 1587 3452 1643 ὅλων
3514 1590 3645 1644 ἀνα-

236 1685 539 1760 κηρύττετε
566 1701 581 1751 ;

319 1773 413 1849 λγ.
448 1770 549 1826 Καὶ
609 1769 637 1823 ὁ
695 1767 994 1841 Μακάριος
1057 1764 1173 1822 Οὐκ
1222 1761 1495 1839 ἠρκέσθης
1549 1768 1670 1826 ταῖς
1728 1762 1970 1839 Εὖγε-Β

240 1866 368 1919 νίου
410 1864 603 1939 σοφαῖς
663 1854 1017 1928 ἀποδείξεσιν,
1078 1855 1123 1907 ὦ
1183 1852 1636 1928 παρανομώτατε,
1694 1851 1779 1907 ὅτι
1832 1854 1902 1908 τὰ

246 1954 390 2009 αὐτὰ
418 1950 510 2006 καὶ
568 1947 692 2025 περὶ
749 1950 856 2001 τῶν
913 1944 1088 1999 αὐτῶν
1149 1943 1227 1997 ἀεὶ
1280 1940 1522 2018 ἐρωτᾷςς
1582 1943 1733 2011 Πλὴν
1793 1940 1903 2016 ἐγώ

246 2040 435 2098 σοιτᾶ
468 2038 603 2094 αύτά
657 2035 746 2091 καὶ
805 2032 930 2109 περί
977 2037 1085 2087 τῶν
1146 2031 1320 2086 αὐτῶν
1382 2030 1715 2106 ὁμοτρόπως
1769 2031 1904 2087 ἀπο-

242 2132 614 2209 κριθήσομαι,
648 2125 730 2181 ὅτι
763 2124 995 2197 Χριστὸς
1042 2120 1101 2176 ὅν
1135 2120 1197 2175 σὺ
1247 2119 1535 2196 χλευάζεις
1582 2121 1671 2175 καὶ
1720 2118 1904 2175 διασύ-

250 2208 369 2299 ρεις
427 2214 717 2294 ἐπιγελῶν,
777 2213 951 2274 οὓτως
1035 2208 1484 2286 παρακελεύεται.
1573 2212 1738 2265 Εἶπεν
1799 2208 1903 2285 γάρ

254 2297 401 2389 πρὸς
455 2306 584 2371 τοὺς
640 2302 817 2380 ἱεροὺς
872 2300 1037 2357 αὐτοῦ
1096 2299 1365 2373 μαθητάςο
1425 2298 1783 2389 Πορευθέντες
1831 2297 1907 2361 είς

253 2385 353 2458 τδν
414 2398 621 2470 κόσμον
682 2397 909 2458 ἅπαντα,
964 2391 1332 2464 μαθητεύσατε
1386 2388 1560 2444 πάντα
1608 2389 1675 2443 τὰ
1757 2385 1907 2458 ἔθνη,

260 2489 618 2568 βαπτίζοντες
646 2484 841 2546 αὐτοὺς
900 2482 976 2544 εἷς
1030 2481 1093 2536 τὸ
1152 2476 1322 2553 ὄνομα
1378 2482 1476 2533 τοῦ
1536 2478 1764 2551 Πατρὸς,
1820 2476 1910 2532 καὶ

256 2564 360 2635 τοῦ
416 2578 569 2647 ἴὶοὖ,
625 2574 715 2628 καὶ
766 2576 863 2627 τοῦ
921 2571 1080 2646 ἁγίου
1138 2567 1474 2641 Πνεύματος,
1562 2564 1912 2627 διδάσποντες

266 2667 465 2730 αὐτοὺς
565 2667 752 2738 τηρεῖν
857 2661 1030 2715 πάντα
1132 2658 1231 2713 ὑσα
1333 2656 1685 2729 ἐνετειλάμην
1760 2657 1912 2729 ὑμῖν,

268 2758 480 2836 φεύγειν
512 2776 572 2811 τε
596 2754 703 2809 ἀπὸ
732 2756 840 2807 τῶν
902 2749 1143 2825 ματαίων
1193 2745 1463 2815 εἰδώλων,
1523 2746 1613 2802 καὶ
1670 2744 1913 2819 ἐπιστρέ-

266 2833 390 2927 (pem
423 2844 508 2900 έπὶ
540 2844 668 2899 Θεὸν
706 2846 901 2911 ζῶντα,
934 2839 993 2901 ὅς
1041 2833 1214 2893 ἔκτισε
1259 2837 1350 2891 τὸν
1400 2834 1626 2912 οὐρανὸν
1676 2834 1767 2889 καὶ
1817 2836 1916 2903 τήν

263 2920 399 3013 γῆν.
437 2936 500 2990 Οἱ
531 2933 633 3008 γὰρ
667 2930 778 2995 θεοί
809 2950 927 2997 σου,
960 2927 1053 2992 οὕς
1102 2926 1258 2988 αὐτὸς
1307 2928 1653 3013 προσκυνεῖς,
1716 2920 1915 3013 δαιμό-

263 3009 378 3081 νων
412 3024 513 3079 εἶσὶ
549 3019 867 3093 πλάσματα,
900 3017 989 3072 καὶ
1052 3016 1235 3088 μύθων
1297 3012 1586 3088 εύρέματα,
1643 3010 1732 3067 καῖ
1800 3009 1918 3066 δια-

2073 1769 2161 1826 33.
2195 1767 2283 1822 Ad
2313 1768 2439 1823 haec
2480 1768 2787 1823 Macarius:
2824 1770 2948 1823 Non
2982 1784 3116 1841 ergo
3149 1769 3511 1824 suffecerunt
3540 1768 3649 1825 tibi

2011 1860 2309 1930 sapientes
2339 1860 2581 1931 Eugenii
2614 1860 3171 1928 demonstrationes,
3208 1860 3649 1929 scelestissime,

2010 1950 2150 2021 quia
2171 1949 2377 2005 eadem
2401 1956 2459 2004 et
2479 1950 2550 2005 de
2576 1950 2785 2006 iisdem
2812 1968 3047 2023 semper
3077 1951 3402 2024 interrogas
3420 1953 3447 2007 ‘2
3476 1952 3654 2023 Equi-

2009 2038 2145 2094 dem
2175 2039 2278 2093 tibi
2304 2039 2513 2095 eadem
2535 2040 2605 2094 de
2628 2040 2839 2095 iisdem
2884 2056 2952 2095 ac
2977 2040 3184 2096 eodem
3208 2058 3322 2112 quo
3354 2046 3416 2096 tu
3446 2040 3655 2096 ordine

2008 2127 2494 2199 respondebo,ita
2515 2127 2765 2199 jubente
2787 2129 3039 2197 Christo,
3074 2146 3250 2200 quem
3282 2134 3346 2185 tu
3376 2130 3657 2185 deriden-

2013 2216 2155 2271 dum
2213 2216 2442 2286 praebes
2501 2221 2560 2271 et
2620 2217 2923 2272 irridendo
2979 2217 3225 2273 laceras.
3286 2218 3443 2273 Dixit
3494 2219 3655 2273 enim

2014 2304 2234 2360 sanctis
2257 2304 2565 2376 discipulis
2587 2306 2729 2361 suis:
2758 2309 2961 2361 Euntes
2995 2308 3057 2361 in
3101 2306 3393 2362 mundum
3422 2308 3659 2363 univer-

2015 2411 2168 2459 sum,
2201 2394 2388 2449 docete
2418 2412 2597 2450 omnes
2639 2402 2844 2464 gentes,
2873 2396 3212 2467 baptizantes
3242 2412 3327 2452 eos
3352 2399 3411 2451 in
3442 2400 3662 2453 nomine

2016 2482 2221 2552 Patris,
2247 2490 2297 2537 et
2320 2483 2471 2553 Filii,
2500 2490 2549 2538 et
2577 2486 2818 2555 Spiritus
2847 2488 3047 2553 sancti,
3079 2486 3331 2541 docentes
3361 2503 3448 2541 eos
3477 2490 3661 2543 omnia

2016 2588 2353 2643 quaecunque
2394 2574 2655 2627 mandavi
2699 2575 2847 2629 vobis
2876 2574 2918 2643 2,
2969 2580 3027 2629 et
3067 2574 3269 2647 fugere
3298 2592 3447 2631 vana
3477 2577 3659 2631 simu-

2015 2662 2196 2729 lacra,
2229 2667 2288 2715 et
2318 2663 2576 2717 converti
2600 2662 2673 2717 ad
2698 2664 2881 2718 Deum
2912 2664 3126 2733 vivum,
3156 2664 3255 2734 qui
3285 2664 3425 2718 fecit
3445 2666 3659 2721 cmlum

2019 2756 2078 2805 et
2110 2755 2349 2805 terram.
2384 2751 2471 2805 Dii
2506 2750 2661 2804 enim
2698 2752 2802 2818 tui,
2836 2769 2985 2821 quos
3015 2753 3140 2822 ipse
3171 2751 3402 2821 adoras,
3436 2753 3659 2808 daemo-

2021 2856 2165 2894 num
2184 2844 2324 2892 sunt
2344 2839 2713 2910 figmenta,et
2736 2840 2974 2895 inventa
3003 2839 3360 2907 fabularum,
3381 2846 3440 2896 et
3460 2842 3663 2897 diabo-

2018 2928 2149 2983 licaa
2175 2928 2536 2998 operationis
2565 2927 2740 2982 fetus.
2775 2930 2854 2984 De
2880 2930 2973 2984 his
3005 2929 3163 2984 enim
3196 2930 3340 2985 dicit
3368 2931 3670 3003 Scriptura

2022 3022 2261 3073 nostra:
2299 3019 2405 3085 Dii,
2438 3020 2535 3087 qui
2567 3017 2758 3073 caelum
2789 3026 2841 3073 et
2873 3026 3075 3074 terram
3104 3036 3213 3073 non
3241 3023 3512 3090 fecerunt,
3538 3038 3669 3092 per-

262 3112 508 3183 6ολικῆς
560 3108 825 3186 ἐνεργείας
883 3107 1299 3183 κυοφορηματα·
1339 3189 1345 3191 Δ
1382 3102 1530 3177 λέγει
1586 3102 1717 3191 ,γὰρ
1793 3100 1918 3191 περί

2029 3114 2153 3162 eant
2184 3105 2225 3159 ³.
2262 3105 2374 3162 Sed
2404 3106 2521 3161 alia
2553 3124 2788 3178 quoque
2832 3108 2948 3175 lex,
2999 3109 3327 3180 imperialis
3368 3127 3604 3182 nempe,
3636 3128 3672 3166 a

270 3203 518 3271 αύτῶνὴ
550 3201 791 3273 ἡμετέρα
838 3197 1046 3274 Γραφή.
1108 3194 1230 3249 Θεοὶ
1287 3189 1346 3247 οἷ’
1394 3192 1487 3246 τὸν
1544 3189 1770 3265 οὐρανὸν
1827 3189 1915 3243 καὶ

264 3297 375 3363 τὴν
433 3297 534 3367 γῆν
599 3287 697 3342 ούκ
776 3285 1036 3356 ἐποίησαν
1112 3276 1522 3337 ἀπολέσθωσαν.
1602 3278 1779 3336 Ἀλλά
1828 3278 1919 3332 καὶ

266 3383 445 3457 νόμος
478 3378 672 3440 αὐτοὺς
725 3372 906 3451 ἕτερος
950 3371 1237 3450 βασιλικὸς
1297 3372 1325 3426 ὁ
1383 3370 1528 3445 παρά
1584 3368 1922 3424 Κωνσταντί-

267 3496 371 3529 νου
399 3476 496 3526 τοῦ
529 3473 624 3525 σοῦ
647 3470 938 3543 συγγενοῦς
995 3463 1249 3531 ἐκτεθεὶς,
1297 3457 1555 3517 ἐκϐάλλει
1607 3466 1707 3529 τῆς
1754 3479 1926 3533 προσ-

268 3564 579 3633 κυνήσεως,
638 3557 727 3613 καὶ
784 3554 1042 3611 καταλύει
1100 3551 1276 3607 αὐτῶν
1333 3550 1399 3606 τὰ
1476 3544 1806 3622 σεϐάσματα’
1866 3546 1924 3609 ὅς

277 3654 356 3715 εἷς
393 3650 631 3725 Χριστὸν
659 3645 973 3713 πιστεύσας,
1004 3646 1071 3699 τά
1100 3648 1209 3698 τῶν
1265 3638 1512 3697 εἰδώλων
1548 3640 1745 3713 τεμένη
1794 3660 1926 3693 κατ-

277 3745 528 3819 έστρεψε,
559 3740 651 3795 καί
679 3738 776 3801 τὰς
833 3735 1249 3812 προσαγομένας
1307 3731 1493 3793 αὐτοῖς
1538 3730 1722 3794 θυσίας
1760 3726 1933 3819 *διαρέ

277 3817 461 3910 ῥήδην
494 3829 785 3885 ἀπέπαυσε.
839 3827 904 3883 Τί
956 3824 1134 3879 τοίνυν
1182 3819 1499 3895 ἀδικοῦμεν,
1534 3821 1578 3874 ὧ
1630 3817 1934 3895 βασιλεῦ,ἅ

276 3923 417 3986 Θεὸς
445 3918 762 3995 προσέταξε,
820 3916 910 3970 καὶ
978 3911 1235 3989 βασιλεὺς
1289 3912 1455 3986 μέγας
1511 3910 1934 3982 νενομοθέτηκε,

274 4009 641 4085 κρατύνοντες
700 4004 789 4060 καὶ
839 4001 1319 4072 διαυθεντίζοντες,
1370 3999 1401 4054 ἅ
1456 3998 1513 4054 δὲ
1569 4001 1604 4069 ἡ
1659 4003 1767 4054 τῶν
1822 4018 1935 4051 πα-

2028 3196 2416 3251 Constantino
2436 3198 2878 3269 consanguineo
2903 3202 2999 3251 tuo
3031 3197 3172 3263 lata,
3200 3197 3545 3254 adoratione
3571 3216 3672 3255 eos

2030 3285 2310 3353 excludit,
2343 3291 2400 3339 et
2428 3284 2695 3340 dissolvit
2725 3303 2929 3341 eorum
2962 3287 3208 3342 cultum.
3252 3289 3675 3344 Constantinus

2034 3376 2216 3438 enim,
2244 3375 2458 3429 Christi
2501 3376 2615 3430 ﬁde
2667 3382 2961 3448 suscepta,
2995 3376 3291 3432 idolorum
3325 3378 3545 3449 templa
3573 3377 3676 3432 de-

2035 3465 2269 3531 struxit,
2304 3470 2361 3519 et
2390 3481 2521 3534 quae
2551 3465 2635 3519 eis
2689 3465 3093 3521 offerebantur
3140 3466 3448 3523 sacriﬁciis
3479 3472 3681 3539 aperte

2038 3554 2219 3610 ﬁnem
2241 3554 2544 3625 imposuit.
2570 3554 2718 3620 Quid
2747 3572 2882 3628 ergo
2905 3557 3044 3611 mali
3061 3557 3311 3629 agimus,
3338 3558 3683 3629 imperator,

2041 3644 2089 3698 si
2122 3660 2252 3714 quae
2292 3645 2447 3699 Deus
2478 3645 2779 3700 mandavit
2809 3651 2867 3700 et
2912 3663 3162 3718 magnus
3204 3648 3529 3718 imperator
3556 3648 3684 3721 lege

2043 3734 2291 3788 sancivit
2313 3735 2649 3790 stabilimus
2693 3739 2751 3789 et
2771 3752 2805 3790 a
2835 3736 3172 3806 suspicione
3196 3735 3473 3791 falsitatis
3495 3736 3685 3791 vindi-

2044 3839 2268 3890 camus,
2310 3841 2439 3894 quae
2488 3830 2688 3880 autem
2734 3831 3020 3893 veterum,
3052 3831 3116 3880 ut
3170 3826 3390 3896 dixisti,
3422 3827 3685 3882 vivorum

2044 3912 2391 3983 insipientia
2430 3930 2498 3968 ex
2554 3914 2890 3969 daemonum
2944 3915 3384 3971 machinatione
3442 3916 3687 3984 invenit,

2049 4001 2432 4058 eliminamus
2460 4008 2517 4059 et
2545 4003 2931 4075 prohibemus
2952 4004 2980 4058 ?

272 4100 481 4169 λαιῶν,
538 4097 611 4160 ὠς
670 4092 830 4169 ἔφης,
888 4091 1096 4168 ἀνδρῶν
1149 4089 1303 4146 ἄνοια
1356 4089 1416 4144 ἐκ
1468 4095 1568 4159 τῆς
1638 4092 1745 4143 τῶν
1802 4085 2078 4160 δαιμόνων
2139 4090 2328 4167 ἐφεῦρε
2388 4090 2822 4167 μηχανουργίας,
2883 4090 3283 4169 ἐξαφανίζοντες
3341 4091 3432 4145 καὶ
3492 4089 3689 4146 διακω-

274 4192 664 4351 λυῖἔθῐὲἷ,λδ’.
727 4272 829 4330 Καὶ
889 4271 917 4325 ὁ
968 4264 1318 4341 Παραϐάτης·
1383 4263 1560 4323 Ἀλλὰ
1644 4268 1934 4322 Κωνσταν-

262 4374 455 4435 τῖνος,
492 4364 857 4440 οἷκτρότατοι,
895 4358 1214 4434 νεωτερίςας
1269 4354 1357 4411 διὰ
1399 4356 1493 4418 τὰς
1526 4353 1934 4431 προσπεσούσας

2119 4270 2206 4323 34.
2265 4269 2590 4341 Respondit
2629 4272 2948 4340 Apostata:
2998 4268 3110 4325 Sed
3160 4269 3604 4335 Constantinus,
3661 4284 3693 4322 o

2048 4359 2391 4425 miserrimi,
2442 4376 2577 4413 cum
2626 4359 2965 4414 innovasset
3014 4359 3286 4429 quaadam
3326 4363 3566 4430 propter
3597 4374 3696 4412 eas

268 4458 431 4528 αὐτῷ
465 4451 874 4528 ἀνοσιουργίας,
904 4448 1109 4519 ἀπέστη
1139 4450 1248 4501 τῶν
1283 4447 1439 4515 θεῶν,
1488 4444 1576 4521 ὕφ’
1634 4443 1783 4516 ὑμῶν
1829 4447 1918 4497 τῶε

2049 4465 2196 4519 quas
2227 4447 2433 4502 didicit
2462 4447 2819 4519 impietates,
2853 4465 2887 4503 a
2934 4449 3047 4503 diis
3080 4447 3317 4515 defecit,
3349 4448 3631 4519 deceptus
3662 4462 3697 4502 δ.

272 4542 603 4602 Γαλιλαίων
637 4538 1012 4613 ἐξαπατηθεὶς,
1041 4538 1133 4592 ἅτε
1163 4534 1230 4605 δὴ
1260 4531 1503 4595 παιδείας
1533 4533 1829 4607 ἀμέτοχος,
1851 4532 1941 4586 καὶ

286 4636 437 4710 μήτε
466 4638 583 4694 τοῖς
616 4632 950 4703 Ῥωμαϊκοῖς
984 4627 1202 4700 νόμοις,
1246 4626 1388 4698 μήτε
1432 4627 1551 4685 τοῖς
1592 4620 1945 4710 Ἑλληνικοῖς

275 4708 463 4781 ἰέθεσιν
492 4717 848 4795 έμπεδωθείς·
914 4714 1025 4790 ἔγὼ
1075 4714 1153 4787 δὲ,
1189 4714 1232 4769 ὦ
1266 4712 1465 4781 ἀνόσιε,
1525 4714 1624 4781 τῆς
1674 4708 1944 4781 Ἐλληνι-

272 4816 386 4882 κῆς
435 4833 494 4867 τε
548 4812 641 4866 καὶ
700 4810 1017 4882 Ῥωμαῖκῆς
1067 4801 1313 4865 παιδείας
1378 4799 1540 4878 ἄκρον
1600 4796 1947 4873 ἐπειλημμέ-

277 4923 406 4970 νος,
438 4901 526 4956 καὶ
557 4904 675 4961 ταῖς
721 4902 828 4952 τῶν
881 4893 1129 4950 παλαιῶν
1182 4889 1385 4966 ἀνδρῶν
1448 4889 1783 4964 θεολογίαις,
1825 4891 1949 4964 Ἑρ-

282 4995 401 5069 μοῦ
429 4988 486 5045 τέ
535 5010 679 5067 φημι
740 4986 829 5041 καὶ
886 4982 1132 5061 Ὀρφέως
1190 4980 1281 5036 καὶ
1341 4978 1659 5069 Πλάτωνος,
1716 4978 1947 5049 ἐξησκη-

284 5066 478 5156 μένος,
512 5066 617 5154 ούχ
646 5078 844 5146 ἣκιστα
903 5071 961 5128 δὲ
1016 5070 1105 5127 καὶ
1161 5075 1280 5134 ταῖς
1336 5066 1662 5127 Ἰουδαϊκαῖς
1714 5070 1949 5146 Γραφαῖς

282 5166 683 5241 ἐξωμιληκὼς,
712 5164 801 5220 καὶ
840 5165 940 5233 τήν
995 5160 1202 5215 τούτων
1258 5157 1537 5235 τερθρείαν
1595 5159 1949 5229 πεπατηκὼς,

281 5256 462 5317 πάλιν
494 5254 579 5312 ἐπὶ
631 5256 695 5311 τὸ
750 5248 1233 5328 πατροπαράδοτον
1290 5248 1379 5304 καὶ
1435 5247 1801 5323 ἀρχαιότατον
1859 5247 1950 5302 καὶ

285 5346 549 5426 θεοφιλὲς
575 5344 702 5408 τοὺς
746 5344 1067 5419 ἀνθρώπους
1119 5336 1239 5405 ἔθος
1300 5360 1358 5394 τε
1414 5337 1507 5393 καὶ
1568 5333 1726 5400 σέϐας
1779 5339 1955 5411 μένειν

287 5436 713 5509 διακελεύομαι,
746 5434 781 5504 ἢ
812 5438 932 5495 ταῖς
982 5436 1091 5486 τῶν
1150 5426 1492 5485 ἀπαιδεύτων
1552 5426 1642 5482 καὶ
1701 5448 1952 5503 νεωτερι-

291 5530 506 5602 ζόντων
535 5525 743 5589 ἀνοίαις
774 5522 1116 5580 ἀκολουθεῖν·
1174 5519 1321 5576 ἀλλά
1367 5521 1679 5596 ἀπογυμνοι
1725 5531 1835 5585 σθω
1866 5520 1957 5575 καὶ

375 5747 400 5783 ⁸
429 5746 628 5803 Matth.
661 5758 858 5814 xxvm,
895 5744 985 5813 l9,
1009 5740 1099 5799 20.
1176 5739 1198 5774 ³
1227 5738 1442 5795 Jerem.
1482 5753 1540 5807 π,
1575 5739 1662 5794 11.

2049 4537 2214 4591 vobis
2242 4537 2588 4601 Galilmis,ut
2620 4538 2720 4608 qui
2753 4543 2910 4592 esset
2940 4538 3135 4593 omnis
3162 4537 3443 4592 doctrinas
3468 4552 3701 4607 expers,

2051 4642 2243 4697 neque
2277 4627 2678 4681 Romanorum
2708 4626 2937 4699 legibus
2971 4632 3029 4681 et
3070 4628 3405 4682 Grmcorum
3437 4624 3704 4681 moribus

2054 4716 2429 4771 informatus.
2488 4718 2603 4789 Ego
2660 4734 2815 4781 vero,
2877 4717 3080 4789 impie,
3130 4717 3231 4788 qui
3281 4717 3353 4771 ad
3400 4730 3701 4771 summum

2057 4808 2269 4861 Graeca:
2302 4811 2361 4861 et
2388 4809 2666 4861 Romana:
2698 4806 3051 4861 eruditionis
3076 4806 3339 4878 perveni,
3370 4810 3428 4859 et
3456 4805 3518 4859 in
3548 4808 3702 4858 veteo

2057 4913 2191 4951 rum
2240 4896 2499 4950 virorum
2548 4896 2882 4969 theologiis,
2936 4894 3213 4951 videlicet
3254 4893 3547 4961 Mercurii,
3598 4893 3706 4948 Or-

2060 4985 2197 5057 phei
2257 4989 2314 5039 et
2360 4985 2648 5053 Platonis,
2703 4984 3056 5041 exercitatus
3117 5001 3271 5053 sum,
3327 4988 3385 5039 et
3433 4980 3706 5038 Judaicas

2062 5074 2393 5146 Scripturas
2468 5074 2645 5147 plane
2716 5074 2980 5147 cognitas
3050 5074 3264 5139 habeo,
3345 5071 3707 5129 conculcatis

2061 5164 2274 5218 horum
2306 5163 2703 5235 nugamentis,
2730 5163 2912 5235 jubeo
2946 5164 3219 5219 homines
3268 5162 3341 5218 ad
3391 5177 3619 5218 morem
3651 5165 3711 5216 et

2061 5253 2288 5309 cultum
2347 5268 2382 5307 a
2427 5252 2694 5324 patribus
2743 5253 3048 5316 traditum,
3108 5252 3597 5325 antiquissimum
3653 5254 3712 5305 et

2066 5342 2180 5397 diis
2209 5341 2611 5414 gratissimum
2651 5359 2857 5399 rursus
2912 5359 2974 5397 se
3022 5348 3271 5411 vertere,
3303 5343 3501 5414 potius
3533 5355 3713 5412 quam

2066 5431 2442 5487 indoctorum
2492 5449 2560 5487 ac
2607 5437 2955 5488 novatorum
3006 5432 3260 5503 ineptias
3292 5431 3484 5503 sequi.
3515 5429 3626 5485 Sed
3657 5432 3715 5483 et

2068 5521 2177 5577 iste
2210 5527 2459 5577 exuatur
2485 5527 2643 5578 veste
2683 5539 2809 5590 sua,
2864 5523 3084 5595 fiatque
3131 5522 3452 5596 ﬂagrorum
3482 5517 3712 5592 experi-
