4040 6204
508 298 647 357 1283

2027 295 2397 361 ADDBNDA.

3686 316 3794 399 (es;

502 427 688 484 menti
719 425 1034 500 particeps,
1064 429 1130 479 ut
1155 423 1247 479 vel
1279 440 1347 479 ex
1374 424 1486 478 hoc
1518 421 1844 495 sapientior
1882 422 2120 478 effectus

2232 480 2235 487 ι
2266 418 2427 516 οὗτος
2453 426 2551 516 τῇς
2581 420 2926 516 ἀμπεχόνης,
2958 423 3050 484 καὶ
3076 433 3185 516 τῆς
3240 432 3342 484 τῶν
3388 432 3621 510 μαστίγων
3660 441 3803 516 πείρας

502 517 722 574 nostris
746 516 975 591 legibus
1007 514 1185 571 etiam
1217 513 1434 568 invitus
1466 528 1527 567 se
1561 512 1891 567 submittat.

569 789 659 841 35.
693 787 838 841 Cum
878 784 1057 856 igitur
1109 787 1399 854 martyres
1443 781 1766 837 inhumane
1817 781 2153 837 cruciaren-

501 880 595 931 tur
627 880 685 931 et
713 873 1074 948 gravissimis
1102 872 1612 928 contunderentur
1642 871 2158 938 verberibus,bea—

496 969 591 1019 tus
623 968 681 1017 et
718 963 849 1034 pius
884 963 1204 1027 Artemius,
1241 961 1357 1015 dux
1389 965 1447 1015 et
1477 960 1802 1033 augustalis
1830 960 1939 1031 (11)
1973 962 2153 1015 totius

496 1053 744 1125 Egypti,
777 1056 842 1107 ut
874 1068 1051 1123 supra
1074 1052 1398 1106 indicatum
1433 1056 1540 1117 est,
1575 1067 1609 1104 a
1638 1050 1985 1105 Constantio
2019 1066 2155 1103 con-

497 1141 759 1209 stitutus,
794 1142 973 1196 etiam
1002 1147 1243 1213 propter
1273 1145 1495 1195 rectam
1529 1144 1587 1194 et
1617 1140 1906 1211 integram
1939 1138 2149 1210 agendi

438 1260 441 1265 ~
494 1230 788 1287 rationem
816 1248 1013 1286 rerum
1047 1232 1107 1285 in
1137 1231 1303 1302 Syria
1340 1229 1733 1302 gerendarum
1783 1228 2149 1299 procuratio-

496 1338 633 1375 nem
657 1325 983 1392 acceperat.
1000 1321 1143 1375 Cum
1172 1336 1306 1392 ergo
1330 1318 1724 1390 imperatoria
1748 1320 2147 1372 Romanorum

491 1410 733 1465 familiai
767 1409 1180 1464 devotissimus
1212 1413 1387 1475 esset,
1422 1412 1480 1461 et
1506 1407 1829 1462 audivisset
1846 1407 2146 1462 Iulianum

493 1498 744 1571 imperio
775 1499 1031 1570 potitum
1065 1498 1138 1553 ad
1178 1498 1482 1552 Persicum
1532 1512 1849 1568 properare
1893 1495 2143 1565 bellum,

490 1587 748 1659 acceptis
781 1603 1015 1658 quoque
1039 1586 1255 1641 litteris
1277 1585 1491 1656 quibus
1507 1584 1831 1656 jubebatur
1851 1601 1983 1640 cum
2007 1585 2143 1639 uni-

485 1693 652 1737 verso
685 1676 947 1731 exercitu
990 1675 1372 1731 Antiochiam
1414 1674 1681 1742 tendere,
1714 1674 1774 1728 in
1807 1674 2025 1729 dictam
2058 1675 2143 1730 ci-

2266 507 2320 563 ἐν
2354 510 2561 583 μεθέξει
2614 512 2868 589 γενέσθω·
2930 516 3007 581 ὡς
3064 514 3123 571 ἄν
3183 516 3243 573 ἒκ
3295 521 3471 576 τούτου
3521 507 3800 601 adoptivis-re}

2268 618 2360 675 ρος
2383 602 2645 693 γεγονῲς,
2674 609 2792 668 τοῖς
2821 607 3118 683 ἡμετέροις
3146 607 3337 682 νόμοις
3363 610 3443 665 καὶ
3489 616 3554 685 μὴ
3603 616 3804 693 βουλὸμι·

2264 709 2357 751 νος
2396 690 2741 767 ὑποκύψειεν.

2338 776 2433 836 λέ.
2489 781 2709 838 Τούτων
2763 784 2939 839 τοίνυν
2999 785 3373 862 ἀπανθρώπως
3442 798 3804 868 τιμωρουμὲνων,

2264 865 2543 942 αἰκισμοῖς
2592 892 2650 926 τε
2712 873 3037 948 βαρυτάτοις
3086 872 3481 951 ἀλγυνομὲνων,
3535 865 3806 957 animo;

2262 955 2352 1009 καὶ
2387 953 2613 1027 εὐσεϐὴς
2646 961 2953 1033 Ἀρτέμιος,
3014 964 3088 1024 ὡς
3143 963 3560 1040 προδεδήλωται,
3603 968 3703 1042 δοῦξ
3727 953 3805 1028 ’καὶ

2262 1044 2667 1120 Αύγουστάλιος
2700 1050 2800 1104 ὑπὸ
2834 1052 3216 1109 Κωναταντίου
3245 1061 3344 1124 τῆς
3397 1056 3641 1133 Λῖγύπτου
3679 1076 3805 1131 πάσης

2259 1136 2630 1207 κατασταθεὶς,
2661 1139 2752 1193 καὶ
2803 1137 2893 1195 διὰ
2947 1142 3046 1211 τήν
3105 1141 3275 1215 ἀρθὴν
3334 1143 3483 1199 αὐτοῦ
3531 1148 3607 1201 καὶ
3656 1148 3810 1222 ἀμίμη-

2259 1244 2348 1277 τον
2382 1225 2572 1300 πρᾶξιν
2606 1224 2908 1303 ἐπιτροπὴν
2940 1226 3070 1305 ἔσχε
3096 1230 3187 1285 καὶ
3243 1237 3349 1287 τῶν
3387 1241 3479 1304 τῆς
3526 1237 3692 1311 Συρίας
3728 1240 3810 1293 ἐπι-

2258 1311 2540 1385 μελεῖσθαι
2590 1317 2948 1393 πραγμάτων
3009 1319 3084 1380 ὡς
3145 1319 3400 1397 ὑπάρχων
3452 1324 3533 1377 οὖν
3604 1337 3809 1391 meome-

2259 1402 2420 1473 μένος
2452 1407 2519 1478 τῇ
2551 1409 2657 1460 τῶν
2717 1407 3004 1480 Ῥωμαίων
3062 1407 3335 1484 βασιλείᾷ,
3382 1409 3468 1467 καί
3523 1414 3712 1476 ἆκνύσας
3752 1416 3809 1471 ὅτι

2253 1490 2556 1559 Ἰουλιανὸς
2589 1490 2963 1571 βεϐασίλευκε,
2994 1499 3085 1553 καὶ
3118 1499 3254 1575 πρὸς
3313 1501 3401 1556 τὸν
3448 1504 3677 1579 Περσικὸν
3719 1528 3812 1562 κατ-

2255 1581 2527 1657 επείγεται
2557 1584 2829 1660 πόλεμον,
2880 1589 3180 1663 γράμματά
3235 1611 3294 1645 τε
3341 1588 3606 1664 δεξάμενος
3645 1594 3700 1648 τὰ
3740 1618 3813 1649 πα-

2252 1670 2655 1746 ρακελευόμενα
2711 1675 2845 1748 μετὰ
2911 1678 3116 1739 παντὸς
3192 1683 3292 1733 τοῦ
3362 1681 3717 1756 στρατεύματος
3759 1685 3812 1745 εἷς

481 1765 723 1821 vitatem
748 1765 920 1837 juxta
951 1764 1233 1820 mandata
1264 1780 1323 1819 se
1356 1764 1627 1830 contulit,
1665 1769 1723 1818 et
1752 1780 1885 1819 cum
1919 1780 1985 1818 eo
2018 1781 2120 1835 quc

2251 1760 2597 1837 Ἀντιόχειαν
2630 1765 2963 1836 ἧκειν,κατά
3010 1766 3073 1822 τὸ
3129 1769 3409 1832 κεκευσοὶν
3465 1768 3597 1842 αύτῷ
3641 1775 3813 1847 παρεγὲ-

481 1870 589 1926 par
622 1860 748 1910 erat
776 1860 1063 1927 apparatu
1097 1860 1155 1909 et
1202 1853 1482 1909 satellitio
1533 1853 1721 1908 astitit
1767 1853 2133 1925 imperatori,

484 1960 591 2017 pro
629 1942 910 1999 tribunali
946 1942 1199 2011 sedenti,
1235 1942 1471 2013 quando
1502 1941 1572 1997 de
1606 1941 1825 1997 sanctis
1861 1942 2135 2013 martyri-

483 2033 594 2088 bus
646 2033 969 2088 sceleratus
1020 2032 1276 2087 habebat
1328 2032 1742 2102 quaestionem.
1794 2032 1896 2086 Cui
1944 2032 2132 2089 dixit:

481 2123 619 2187 Qum
644 2127 699 2176 te
723 2138 901 2177 causa
931 2121 1628 2193 impellit,imperator,ut
1655 2126 1773 2176 tam
1807 2121 2133 2178 inhumane

479 2211 634 2266 vires
666 2216 903 2266 sanctos
937 2216 994 2265 et
1024 2212 1141 2265 Deo
1175 2216 1553 2265 consecratos
1604 2214 1883 2280 torqueas
1932 2216 1988 2266 et
2035 2229 2134 2266 co-

476 2317 578 2375 gas
613 2300 792 2355 ﬁdem
824 2316 989 2354 suam
1035 2298 1309 2370 abjurare
1332 2299 1361 2354 ?
1388 2300 1547 2354 Scias
1582 2300 1761 2371 igitur
1792 2299 1949 2370 quod
1981 2305 2039 2355 et
2069 2306 2131 2356 tu

474 2390 651 2445 homo
685 2390 787 2456 sis,
822 2389 1036 2444 iisdem
1069 2388 1372 2443 doloribus
1423 2388 1711 2443 obnoxius
1742 2389 2130 2461 ejusdemque

470 2484 700 2535 natura;
734 2478 1127 2533 afﬂictionum
1168 2478 1484 2549 particeps,
1538 2478 1769 2533 etiamsi
1814 2480 1968 2534 Deus
2016 2481 2127 2535 im-

475 2576 811 2643 peratorem
844 2576 898 2625 te
930 2570 1340 2637 constituerit;
1376 2569 1424 2623 si
1468 2569 1643 2625 modo
1695 2586 1727 2624 a
1772 2571 1889 2625 Deo
1939 2570 2126 2642 impe-

472 2661 627 2715 rium
661 2664 849 2727 tenes,
900 2675 1011 2713 nec
1042 2658 1240 2730 potius
1270 2656 1411 2713 mali
1445 2658 1721 2730 princeps
1749 2663 1807 2714 et
1838 2660 2125 2717 scelestus

471 2748 764 2817 diabolus,
795 2749 947 2803 sicut
977 2748 1119 2803 olim
1168 2747 1273 2802 Job
1318 2746 1704 2821 affligendum
1736 2750 1908 2820 petiit
1938 2755 1995 2803 et
2021 2766 2123 2805 ac-

474 2839 652 2911 cepit,
682 2839 763 2893 ita
792 2842 849 2893 et
879 2842 934 2893 te
963 2837 1243 2893 adversus
1294 2854 1401 2893 nos
1450 2838 1702 2909 petitum
1735 2839 1966 2910 accepit
1996 2857 2126 2896 sce-

466 2927 882 2996 leratissimus,
912 2932 978 2981 ut
1006 2926 1226 2981 cribret
1255 2926 1469 2981 Christi
1504 2926 1765 2981 triticum
1804 2932 1865 2983 at
1913 2945 2120 2999 super-

465 3018 720 3073 seminet
748 3018 982 3072 zizania.
1018 3016 1128 3071 Sed
1161 3016 1221 3071 in
1252 3032 1467 3071 vanum
1499 3014 1768 3084 laborat;
1803 3034 1923 3072 non
1957 3019 2117 3073 enim

466 3106 674 3163 eadem
725 3122 843 3178 qua
894 3105 1037 3160 olim
1085 3105 1304 3178 gaudet
1350 3104 1635 3176 potentia.
1686 3107 1829 3160 Nam
1883 3123 1952 3161 ex
2000 3124 2115 3178 quo

462 3196 730 3252 Christus
782 3195 947 3250 venit
994 3200 1052 3249 et
1098 3195 1159 3249 in
1210 3200 1407 3249 erecta
1451 3211 1624 3250 cruce
1674 3195 1963 3251 exaltatus
2005 3202 2115 3266 est,

462 3286 677 3342 cecidit
705 3284 1046 3341 daemonum
1080 3283 1837 3355 supercilium,conculcata
1854 3290 1943 3339 est
1967 3284 2121 3357 ipso-

459 3393 590 3431 rum
625 3375 910 3448 potentia,
946 3379 1143 3447 spreta
1175 3378 1313 3429 sunt
1342 3373 1929 3430 machinamenta.Ne
1952 3373 2119 3430 falla-

458 3464 541 3520 ris
574 3482 730 3538 ergo,
768 3465 1109 3536 imperator,
1160 3478 1304 3517 neve
1357 3461 1727 3517 daemonibus
1773 3463 2114 3535 gratificans

459 3553 930 3608 Christianorum
961 3568 1168 3624 genus,
1198 3551 1355 3622 quod
1388 3552 1541 3605 Deus
1583 3550 1862 3617 custodit,
1912 3567 2112 3622 perse-

457 3640 679 3712 quaris.
715 3640 883 3695 Disce
917 3639 1098 3709 igitur
1123 3638 1403 3694 invictam
1440 3654 1568 3692 esse
1599 3643 1777 3709 atque
1809 3638 2114 3710 insupera-

452 3727 636 3783 bilem
658 3728 871 3782 Christi
905 3728 1179 3782 virtutem
1219 3731 1276 3781 et
1322 3726 1671 3797 potentiam.
1724 3726 1876 3781 Illud
1907 3732 2107 3782 autem

451 3817 628 3888 plane
656 3816 762 3871 tibi
796 3831 1145 3888 persuasum
1188 3822 1278 3870 est
1307 3833 1377 3871 ex
1427 3815 1686 3871 oraculis
1735 3832 1866 3887 qua;
1897 3815 2102 3871 Oriba-

457 3907 602 3977 sius,
634 3906 901 3962 medicus
948 3912 1006 3961 et
1054 3910 1333 3977 quastor,
1385 3905 1455 3960 ab
1499 3904 1772 3977 Apolline
1824 3905 2100 3977 Delphico

452 3995 667 4051 attulit.
705 3994 1018 4067 Equidem,
1055 3999 1110 4050 te
1142 3994 1321 4050 etiam
1362 3995 1565 4065 invito,
1620 4010 1974 4065 responsum
2004 4012 2101 4050 re-

450 4084 663 4141 citabo.
702 4085 792 4141 Sic
825 4085 983 4141 enim
1012 4084 1225 4139 habet:

2245 1869 2365 1904 νετο
2398 1848 2449 1903 ἐν
2481 1851 2819 1926 Ἀντιοχείᾳ,
2853 1852 2943 1908 καὶ
2980 1854 3114 1925 μετὰ
3163 1862 3267 1925 τῆς
3317 1856 3668 1933 προσηκούσης
3705 1860 3809 1932 αύτῷ

2241 1945 2414 2011 τιμῆς
2452 1960 2511 1994 τε
2568 1940 2659 1995 καὶ
2719 1938 3067 2020 δορυφορίας,
3126 1947 3473 2020 παρειστήκει
3534 1951 3603 2019 τῷ
3653 1948 3813 2022 βασιλιῖ

2242 2027 2329 2081 επὶ
2363 2028 2459 2083 τοῦ
2526 2030 2795 2104 βήματος,
2854 2031 2942 2087 ὅτε
2999 2033 3100 2101 τήν
3153 2038 3264 2088 τῶν
3322 2034 3487 2109 ἁγίων
3541 2040 3667 2110 [367]
3713 2059 3811 2112 μαρ-

2240 2116 2417 2192 τύρων
2480 2118 2508 2173 6
2570 2123 2890 2195 παράνομος
2950 2121 3190 2177 ἐποιεῖτο
3249 2121 3501 2193 ἐξέτασιν
3554 2124 3633 2179 καὶ
3696 2124 3815 2203 emit)

2242 2207 2378 2282 πρὸς
2407 2207 2590 2265 αὐτόν.
2625 2210 2690 2264 Ὠ
2736 2210 2981 2285 βασιλεῦ,
3043 2209 3131 2266 διὰ
3184 2211 3239 2266 τί
3292 2212 3461 2275 οὕτως
3516 2212 3814 2289 ἀπανθρώπως

2241 2293 2435 2372 ἓνδρας
2465 2297 2653 2373 ἁγίους
2680 2300 2768 2354 καὶ
2802 2304 2881 2373 τῷ
2921 2304 3038 2372 Θεῷ
3095 2302 3501 2377 ἀφιερωμένους
3539 2302 3715 2378 αἷκίζῃ,
3750 2304 3813 2357 καὶ

2238 2385 2551 2462 ἀναγκάζεις
2602 2387 2851 2463 ἐξάρνους
2908 2388 3150 2462 γενέσθαι
3208 2397 3309 2459 τῆς
3367 2390 3557 2446 ἑαυτῶν
3609 2393 3811 2459 ninam;

2235 2477 2471 2550 γίκωσκε
2498 2476 2678 2532 τοίνυν
2713 2476 2796 2532 ὅτι
2849 2477 2939 2533 καὶ
3001 2479 3164 2541 αὐτὸς
3221 2478 3505 2557 ἅνθρωπος
3535 2482 3580 2535 εἴ
3601 2481 3809 2553 ὁμοιοπα-

2237 2566 2357 2635 θὴς,
2392 2565 2481 2620 καὶ
2528 2570 2629 2631 τῆς
2672 2568 2845 2637 αὐτῆς
2904 2567 3113 2646 φύσεως
3168 2574 3278 2624 τῶν
3336 2570 3650 2642 παθημάτων
3696 2592 3809 2642 μετε-

2236 2653 2485 2729 σχηκώςο
2542 2654 2629 2708 καῖ
2661 2654 2709 2709 εἴ
2740 2655 2871 2716 Θεός
2936 2677 2992 2711 σε
3047 2656 3276 2731 βασιλέα
3328 2659 3653 2728 κατέστησεν,
3679 2659 3715 2712 εἰ
3742 2658 3813 2734 ἄρα

2232 2763 2292 2818 γε
2318 2741 2379 2798 ἐκ
2409 2747 2543 2797 Θεοῦ
2570 2745 2633 2798 τὸ
2671 2743 2949 2818 βασίλειον
2984 2740 3155 2820 ἔχεις,
3189 2748 3279 2801 καὶ
3340 2749 3417 2818 μὴ
3469 2747 3729 2823 ἂρχὲκακος
3750 2748 3813 2801 καὶ

2232 2833 2476 2906 πονηρὸς
2535 2828 2795 2896 διάϐολος
2854 2835 3035 2908 ὥσπερ
3087 2836 3178 2890 τὸν
3241 2830 3372 2893 Ἰὼϐ
3448 2836 3709 2911 ἐξῃτήσατο
3748 2836 3811 2889 καὶ

2232 2915 2449 2992 ἔλαϐεν,
2510 2920 2681 2984 οὕτως
2728 2922 2817 2977 καὶ
2905 2924 2963 2977 σὲ
3018 2926 3137 2979 καθ’
3221 2926 3391 2997 ἡμῶν
3470 2925 3815 2998 ἐξαιτησάμενος

2231 3007 2455 3087 εἴληφεν
2490 3011 2517 3064 6
2553 3010 2942 3087 παμπόνηρος,
2973 3012 3064 3067 ἳνα
3094 3015 3311 3088 σινιάσῃ
3366 3015 3458 3069 τὸν
3503 3020 3594 3070 τοῦ
3636 3018 3811 3088 Χριστοῦ

2232 3103 2401 3169 σῖτον,
2429 3099 2516 3153 καὶ
2546 3099 2831 3175 ἐπισπείρῃ
2865 3103 3095 3171 ζιζάνια’
3160 3100 3293 3157 ἀλλ’
3348 3103 3427 3166 εἷς
3482 3106 3641 3177 μάτην
3690 3104 3812 3158 αὖτοῦ

2228 3188 2288 3241 τὸ
2322 3186 2648 3263 ἐγχείρημα·
2684 3188 2860 3245 ούκέτι
2892 3191 2993 3266 γὰρ
3027 3191 3174 3264 αὐτῴ
3207 3191 3376 3267 ἰσχὺς
3434 3195 3505 3255 ὡς
3550 3194 3630 3247 καὶ
3669 3193 3811 3267 πρότε-

2229 3298 2344 3353 ρον.
2379 3281 2499 3357 Ἀφ’
2531 3281 2591 3335 οὗ
2621 3281 2725 3358 γάρ
2755 3280 2894 3350 ἦλθε
2941 3283 3174 3359 Χριστὸς
3232 3284 3327 3338 καὶ
3386 3283 3646 3360 κατεπάγη
3695 3304 3813 3337 σταυ-

2227 3368 2322 3443 ρὸς
2366 3370 2454 3425 καὶ
2520 3371 2713 3445 ὑψώθη
2776 3372 3007 3445 Χριστὸς
3052 3371 3106 3427 ἐν
3165 3372 3340 3446 αὐτῷ,
3397 3373 3809 3441 πέπωκενὴτῶν

2226 3456 2497 3533 δαιμόνων
2528 3458 2714 3539 ὀφρὺς,
2746 3460 2837 3516 καὶ
2889 3463 3341 3533 καταπεπάτηται
3373 3465 3409 3533 ἡ
3438 3462 3633 3518 τούτων
3675 3460 3809 3536 ἰσχὺς,

2220 3549 2310 3603 καί
2367 3550 2839 3627 καταπεφρόνηται
2916 3551 2984 3606 τὰ
3065 3549 3277 3606 τούτων
3360 3555 3704 3629 τεχνάσματα·
3750 3551 3803 3621 μή

2220 3636 2312 3692 οὗν
2345 3638 2556 3709 ἀπατῶ,
2592 3638 2838 3715 βασιλεῖ’),
2876 3637 3017 3713 μηδὲ
3044 3645 3162 3703 τοῖς
3196 3638 3424 3714 δαίμοσι
3481 3642 3801 3718 χαριζόμενος,

2216 3726 2277 3780 τὸ
2307 3732 2415 3781 τῶν
2475 3729 2812 3804 Χριστιανῶν
2868 3728 3268 3806 θεοφρούρητον
3329 3729 3494 3786 δίωκε
3547 3733 3697 3805 γένος·
3743 3728 3807 3801 γί-

2214 3835 2387 3870 νωσκε
2411 3816 2614 3886 τοίνυν,
2666 3818 2740 3878 ὡς
2772 3819 2806 3886 ἡ
2839 3821 2935 3872 τοῦ
2995 3819 3235 3892 Χριστοῦ
3286 3820 3541 3891 ἀνίκητος
3585 3819 3663 3873 καὶ
3706 3817 3806 3886 ἀήτ-

2211 3924 2374 3974 τητος
2409 3905 2641 3982 ὑπάρχει
2676 3905 2835 3981 ἰσχύς
2863 3928 2923 3961 τε
2947 3908 3037 3961 καὶ
3089 3905 3347 3981 δύναμις·
3402 3911 3605 3971 πάντως
3658 3906 3703 3963 δὲ
3740 3904 3805 3959 καὶ

2210 3990 2368 4055 αὐτὸς
2399 3998 2561 4049 τοῦτο
2620 3993 3141 4072 πεπληροφόρησαι,
3202 3995 3255 4069 ἐξ
3312 3999 3388 4052 ὧν
3453 4018 3533 4051 σοι
3592 3997 3804 4071 χρησμῶν

2209 4077 2522 4157 Ὀριϐάσιος
2552 4082 2580 4136 6
2613 4082 2795 4158 ἰατρὸς
2828 4084 2917 4138 καὶ
2948 4084 3253 4160 κοιαίστωρ
3296 4087 3445 4161 παρὰ
3487 4091 3577 4141 τοῦ
3622 4085 3665 4140 ἐν
3708 4081 3806 4137 Δελ-

446 4180 571 4251 φοῖς
607 4172 966 4237 Ἀπόλλωνος
1023 4173 1332 4247 κεκόμικεν.
1396 4174 1535 4248 Ἐγὼ
1595 4168 1651 4227 δὲ
1709 4192 1791 4226 σοι
1856 4171 1947 4226 καὶ
2003 4173 2094 4227 τὸν
2148 4173 2423 4247 χρησμὸν,
2484 4170 2582 4228 κάν
2638 4174 2721 4247 ,μὴ
2785 4173 2981 4249 βούλῃ,
3037 4173 3521 4252 ἐπαναγνώσομαι’
3578 4172 3681 4251 ἔχει
3727 4172 3800 4245 γάρ

446 4262 643 4326 οὕτως·

440 4384 616 4440 Dicite
641 4383 999 4452 imperatori:
1029 4382 1231 4436 Diruta
1262 4386 1336 4435 est
1362 4380 1737 4450 pulcherrima
1769 4380 1919 4436 aula.

2212 4375 2413 4452 ῌῖξπατε
2467 4382 2548 4449 τῷ
2575 4376 2847 4452 Δβασιλεῖ·
2905 4378 3089 4452 Χαμαὶ
3155 4380 3286 4437 πέσε
3367 4378 3644 4452 δαῖὃσιλοςΔ
3681 4374 3803 4431 αύλῶ

442 4456 615 4509 Desii!
666 4444 897 4510 Pitazbus
956 4453 1154 4507 habere
1211 4444 1453 4516 domum,
1516 4458 1566 4506 et
1642 4452 2101 4527 aptamuvatibus

2232 4448 2402 4505 )ύκέτι
2456 4444 2661 4511 Φοῖϐος
2716 4445 2833 4525 ἔχει
2892 4444 3159 4519 καλύϐαν,
3222 4452 3285 4506 ού
3351 4450 3573 4526 μάντιδα
3625 4447 3808 4527 δάφνην,

1854 4523 2073 4577 laurum

441 4597 509 4651 Et
536 4600 748 4665 fontem
779 4596 1125 4667 loquentem;
1163 4596 1370 4649 siccata
1420 4600 1499 4649 est
1548 4602 1599 4649 et
1640 4595 1793 4649 unda
1831 4524 2095 4664 [ίόῑέίιὲηῃόί

512 4705 599 4760 36.
638 4705 769 4759 Hac
792 4719 926 4759 cum
951 4702 1272 4758 audivisset
1286 4701 1555 4756 Julianus
1579 4718 1647 4755 ex
1669 4718 1770 4755 ore
1794 4703 2091 4772 martyris,

441 4798 680 4866 stupore
711 4794 971 4850 maximo
1002 4796 1310 4864 correptus
1357 4797 1466 4853 est.
1513 4796 1569 4846 et
1597 4791 1686 4845 ira
1715 4791 2095 4847 vehementer

436 4883 718 4939 incitatus
740 4882 814 4940 ad
845 4883 1034 4938 instar
1063 4882 1321 4937 flammas
1352 4880 1775 4953 ignis,quando
1795 4880 2088 4951 sufflatur,

434 4979 494 5028 et
522 4990 674 5029 nova
729 4974 782 5030 ei
837 4972 1089 5028 materia
1141 4970 1476 5044 subjicitur,
1538 4987 1756 5043 magna
1813 4977 1872 5025 et
1918 4978 2092 5029 acuta

431 5081 571 5119 voce
603 5062 985 5119 exclamavit:
1016 5061 1157 5128 Quis
1197 5066 1256 5116 et
1285 5059 1444 5115 unde
1477 5065 1568 5115 est
1597 5059 1708 5115 iste
1740 5059 2084 5130 sceleratus,

434 5151 536 5223 qui
569 5157 689 5207 tam
721 5151 1100 5208 temerariam
1129 5149 1302 5205 nobis
1333 5166 1439 5221 pro
1465 5149 1750 5204 tribunali
1782 5155 1943 5206 tanto
1968 5167 2086 5205 ver-

434 5242 646 5297 borum
678 5243 876 5299 sonitu
904 5242 1156 5315 protulit
1185 5240 1537 5296 concionem
1565 5238 1594 5294 ?
1626 5240 1951 5311 Respondit
1981 5259 2083 5298 co-

435 5330 579 5385 hors
609 5332 906 5387 militum:
958 5334 1087 5387 Dux
1139 5335 1229 5386 est
1273 5329 1669 5398 Alexandriaa,
1722 5329 1979 5386 domine.
2014 5333 2084 5387 Et

2210 4591 2285 4645 Οὐ
2344 4590 2516 4665 παγὰν
2578 4589 2901 4663 λαλὲουσαν,
2964 4589 3229 4649 ἁπὲσϐετο
3287 4597 3383 4649 καὶ
3442 4592 3605 4650 λάλον
3674 4587 3802 4661 ὕδωρ.

2277 4707 2375 4771 λς’.
2416 4713 2590 4764 Ταῦτα
2649 4709 2883 4772 ἀκούσας
2941 4711 2968 4766 6
3025 4712 3329 4775 Ἰουλιανὸς
3380 4713 3525 4787 παρᾶ
3561 4715 3648 4766 τοῦ
3696 4708 3799 4780 pip-

2201 4818 2385 4871 τυρος,
2419 4793 2693 4871 ἔκθαμϐος
2728 4798 2875 4862 ὅλως
2908 4799 3139 4874 ἐγένετο,
3173 4800 3262 4855 καὶ
3296 4801 3391 4856 τὸν
3426 4802 3590 4875 θυμὸν
3638 4796 3799 4871 μᾶλλον

2202 4886 2408 4965 ἒγείρας
2439 4888 2568 4943 ὡσεί
2612 4886 2791 4966 φλόγα
2846 4890 3017 4963 πυρὸς
3072 4889 3571 4968 ἆναρῤιπιζομὲνης
3622 4886 3695 4943 καὶ
3728 4884 3797 4937 κά-

2197 4988 2367 5041 τωθεν
2442 4976 2581 5047 ὕλης
2653 4978 2805 5040 τινὸς
2890 4981 3036 5052 [368]
3128 4979 3576 5056 ὑποστρεφούσης
3652 4974 3796 5041 αὐτήν,

2200 5068 2341 5141 μέγα
2369 5087 2429 5122 τε
2458 5066 2546 5121 καὶ
2579 5064 2899 5143 διαπρύσιον
2962 5061 3275 5138 ἀνεϐόησεν·
3339 5069 3433 5130 Τίς
3483 5067 3632 5130 πόθεν
3681 5064 3796 5118 οὗτος

2196 5156 2223 5210 6
2257 5154 2569 5231 ἀλιτήριος,
2592 5156 2621 5211 6
2650 5156 2919 5227 τοσαύτην
2952 5158 3088 5229 ἡμῖν
3123 5155 3214 5212 ἰπὶ
3239 5160 3340 5212 τοῦ
3396 5157 3635 5235 βήματος
3670 5167 3789 5207 κατι·

2194 5238 2483 5317 ϐομϐήσας
2515 5244 2908 5323 δημηγορίαν;
2950 5246 3015 5303 Ἣ
3055 5245 3204 5317 τάξις
3251 5241 3382 5326 ἔφη.
3432 5238 3493 5304 Ὁ
3539 5242 3649 5316 δούξ
3686 5240 3789 5326 ἐστιν

2190 5326 2631 5411 ’Δλεξανδρείας,
2672 5318 2717 5388 ὦ
2752 5318 3024 5391 Ἑέσποτα.
3084 5335 3182 5390 Καὶ
3234 5334 3262 5388 ὃ
3290 5318 3599 5410 τβασιλεύςο
3652 5318 3788 5403 ’Δρέ-

2031 5511 2255 5568 NOTAE.

495 5636 608 5710 (11)
634 5636 752 5692 Ηοο
781 5637 1025 5694 nomine
1056 5636 1479 5709 designabatur
1496 5634 1822 5709 praefectus
1848 5635 2121 5710 (Egyptii,
2145 5653 2275 5710 qua;
2298 5638 2558 5725 dignitas
2581 5640 2854 5727 instituta
2884 5645 3015 5723 erat
3050 5658 3086 5698 δ.
3116 5644 3343 5725 Οφεαιιο
3373 5642 3643 5727 Augusto.
3670 5635 3781 5687 EDIT-
