4040 6204
220 353 365 413 1285

1579 356 1638 412 Β.
1682 355 1987 412 ΔΒΤΕΜΙΙ
2028 357 2288 423 PASSIO.

3490 362 3633 431 1286

222 501 377 555 μιος,
408 479 576 549 εἶπεν,
624 479 657 533 6
700 477 986 554 ἀλιτήριος
1044 478 1073 532 6
1129 482 1207 550 τῷ
1244 476 1363 553 ἐμῷ
1395 476 1613 557 ἀδελφῷ
1647 481 1867 534 θάνατον

1987 480 2341 553 imperator:
2376 484 2696 553 Artemius,
2746 484 2962 557 inquit,
3015 484 3338 545 sceleratus
3382 490 3484 549 ille
3522 490 3634 565 qui

220 568 419 646 πικρὸν
451 569 855 643 κερασὲμενοςς
904 567 1033 639 Ναὶ,
1089 567 1246 645 φησὶ,
1298 567 1548 645 κράτιστε
1583 567 1874 643 βασιλέων,

220 656 387 720 αὐτὸς
445 656 579 713 ἐστι.
640 655 744 711 Καὶ
805 653 1117 717 Ἰουλιανός·
1190 655 1356 729 Χάριν
1433 653 1708 736 ἐποφείλω
1762 661 1879 721 τοῖς

220 745 515 811 ἀθανάτοις
547 746 690 807 θεοῖς
719 746 810 799 καὶ
869 749 950 818 τῷ
1008 743 1251 818 δαφναίῳ
1289 743 1633 819 Ἀπόλλωνι,
1664 744 1745 801 ὅτι
1782 767 1877 818 μοι

216 836 316 891 τὸν
374 833 647 908 ἀλάστορα
704 831 1014 907 αὐτόμολον
1072 834 1162 889 καὶ
1219 833 1649 910 αὖτεπάγγελτον
1694 833 1877 912 ἐφανὲ-

218 944 427 1002 ρωσανο
490 922 579 979 καὶ
640 941 825 998 φησιν·
890 925 1296 995 Ἀποζωσθητω
1350 928 1448 979 τοῦ
1507 924 1790 999 ἀξώματος
1849 924 1876 977 6

218 1014 574 1088 παμμίαρος,
627 1013 718 1067 καὶ
772 1014 871 1082 τήν
934 1016 1109 1083 ζώνην
1162 1013 1530 1088 ἀφαιρεθήτω,
1589 1011 1744 1085 δίκην
1768 1016 1876 1068 τῶν

215 1102 427 1177 ἀρτίως
459 1101 605 1174 αὖτῷ
634 1099 1043 1174 τολμηθέντων·
1108 1102 1237 1176 ὑπὲρ
1300 1099 1357 1158 δὲ
1411 1108 1511 1171 τῆς
1544 1109 1754 1178 σφαγῆς
1782 1105 1879 1156 τοῦ

218 1194 362 1267 ἐμοῦ
409 1189 654 1271 ἀδελφοῦ
708 1192 799 1246 καὶ
851 1196 949 1246 τοῦ
1006 1191 1259 1265 αἳματος,
1316 1188 1501 1269 αὔριον
1562 1192 1709 1265 αὐτῷ
1745 1194 1877 1247 θεῶν

223 1279 588 1360 βουλομένων
638 1280 922 1356 προσοίσω
968 1282 1068 1350 τήν
1119 1278 1297 1351 δίκην·
1334 1281 1395 1335 οὐ
1445 1283 1548 1358 γάρ
1590 1280 1752 1358 ἐνίγε
1783 1281 1880 1335 αὖ-

215 1374 323 1428 τὸν
370 1368 695 1442 ἂξαναλώσω
753 1372 985 1444 θανάτῳ,
1045 1369 1190 1425 ἀλλά
1252 1370 1465 1446 μυρίοις
1510 1370 1600 1426 καὶ
1651 1372 1799 1435 ὅσοις
1829 1372 1881 1425 οἱ

222 1458 557 1539 ἀνδροφόνοι
618 1460 890 1535 ὑπόχρεοι
948 1462 1360 1532 καθεστήκασιν·
1422 1458 1482 1515 οὐ
1538 1462 1639 1537 γάρ
1697 1464 1884 1515 κοινοῦ

223 1572 299 1627 γε
327 1547 545 1625 ἀνδρὸς,
608 1547 754 1604 ἀλλά
819 1548 1091 1625 βασιλέως
1148 1552 1285 1624 αἷμα
1339 1549 1570 1628 ἐξέχεεν,
1601 1550 1688 1605 καὶ
1716 1555 1885 1619 ταῦτα

221 1636 403 1713 μηδὲν
436 1639 571 1715 πρὸς
601 1637 764 1694 αἱ)τοῦ
794 1638 1078 1701 πεπονθὼς
1111 1636 1318 1697 ἄδικον.

302 1817 405 1888 λζ’.
438 1821 623 1876 Ταῦτα
643 1822 810 1873 τοῦτα
843 1811 1111 1893 βασιλέως
1133 1816 1437 1874 Ἰουλιανοῦ
1464 1815 1530 1889 δη
1542 1820 1886 1895 μηγορήσαν-

216 1928 346 1980 τος,
380 1908 721 1982 ἀνάρπαστος
776 1907 878 1961 ὑπὸ
926 1910 1031 1961 τῶν
1068 1905 1385 1985 δορυφόρων
1420 1909 1447 1963 6
1480 1908 1629 1983 ἅγιος
1658 1908 1885 1985 γίνεται,

220 1998 321 2052 καὶ
379 2003 481 2067 τῆς
544 1994 719 2067 ζώνης
811 1997 946 2071 μετά
1026 2001 1124 2051 τοῦ
1182 1997 1491 2069 ἀξιώματος
1553 1996 1884 2074 ἀφαιρεθεὶς,

223 2090 437 2161 γυμνὸς
472 2086 558 2141 ἐπὶ
587 2090 689 2141 τοῦ
744 2086 989 2160 βήματος
1034 2086 1223 2141 ἳστατο
1263 2086 1352 2140 γαὶ
1382 2091 1489 2141 τῶν
1525 2083 1737 2159 δημίων
1768 2093 1888 2149 ταῖς

231 2177 395 2252 χερσί
427 2174 773 2248 παρεδίδοτο·
819 2176 872 2231 οἱ
922 2173 1002 2245 δὲ,
1052 2175 1302 2250 σχοίνους
1351 2180 1459 2230 τῶν
1488 2180 1689 2250 χειρῶν
1718 2177 1885 2232 αὐτοῦ

228 2266 326 2320 καὶ
380 2262 565 2319 ποδῶν
646 2262 993 2338 ἐξαψάμενοι,
1071 2260 1421 2317 διατείνουσιν
1477 2262 1537 2318 ἐκ
1588 2261 1883 2338 τεσσάρων,

226 2352 325 2408 καὶ
384 2355 483 2424 τήν
537 2373 597 2407 τε
650 2352 885 2429 γαστέρα
939 2352 1027 2406 καὶ
1085 2352 1178 2406 τὸν
1237 2351 1405 2405 νῶτον
1465 2355 1561 2405 τοῦ
1614 2349 1886 2426 μάρτυρος

221 2448 348 2504 τοῖς
388 2441 703 2518 βουνεῦροις
737 2438 963 2496 ἔτυπτον
1020 2439 1109 2495 ἐπὶ
1161 2444 1447 2515 τοσοῦτον,
1478 2438 1617 2495 ὥστε
1647 2439 1882 2511 ἀλλάξαι

220 2533 388 2588 αὐτὸν
426 2532 592 2608 ζυγὰς
642 2531 924 2605 τέσσαρας.
979 2530 1083 2586 Καὶ
1136 2530 1202 2600 ἦν
1261 2528 1392 2585 ἰδεῖν
1455 2529 1608 2601 ξένην
1638 2530 1760 2584 τινά
1790 2531 1880 2585 καὶ

224 2623 335 2678 οὐκ
391 2620 735 2693 ἀνθρωπίνην
800 2621 1106 2695 ὑπομονήνο
1162 2619 1223 2674 οὐ
1279 2621 1381 2695 γὰρ
1441 2621 1760 2694 στεναγμὸς,
1816 2620 1878 2674 οὐ

232 2711 418 2789 φωνὴ,
450 2709 508 2765 οὖ
530 2708 801 2782 σκυλμὸς,
834 2710 937 2764 οὐκ
991 2707 1130 2764 ἄλλο
1188 2729 1240 2762 τι
1292 2712 1399 2763 τῶν
1443 2707 1541 2762 ὅσα
1570 2709 1873 2783 πάσχουσιν

228 2802 512 2877 ἂνθρωποι
571 2798 825 2875 βασάνοις
892 2798 1283 2871 ἐξεταζόμενοι,
1342 2798 1468 2873 παρ’
1541 2796 1704 2851 αὐτοῦ
1757 2796 1876 2852 ἀνε-

220 2891 499 2964 πέμπεσο’
555 2887 684 2944 ἀλλ’
741 2889 1003 2962 ἅτρεπτός
1070 2909 1154 2950 τις
1223 2890 1312 2943 καὶ
1370 2885 1741 2953 ἀναλλοίωτος
1799 2891 1877 2960 τῷ

214 2982 513 3054 προσώπῳ
570 2976 937 3057 κατεφαίνετο.
986 2978 1051 3035 Ἠ
1107 2980 1178 3054 γῆ
1212 2974 1269 3031 δὲ
1322 2980 1419 3030 τοῖ’)
1477 2975 1706 3049 αἳματος
1752 2974 1874 3030 ἐπε-

217 3067 525 3145 πλήρωτο,
577 3068 667 3123 καὶ
700 3069 728 3122 6
788 3066 991 3143 μάρτυς
1047 3066 1121 3128 ὡς
1182 3063 1356 3121 ἄλλου
1389 3067 1531 3139 [369]
1566 3066 1876 3141 πάσχοντος

214 3158 568 3235 ὲγνωρίζετο·
623 3157 760 3213 ὥστε
816 3154 1085 3229 θαυμάσαι
1145 3156 1348 3231 πάντας
1401 3154 1528 3218 τοὺς
1580 3160 1869 3230 παρεστῶ-

208 3268 341 3317 τας,
374 3248 461 3301 καὶ
496 3246 654 3301 αὐτὸν
711 3246 804 3300 τὸν
862 3246 1139 3317 ἀλάστορα
1188 3244 1484 3301 Ἰουλιανὸν
1533 3242 1869 3320 ἐκπλαγῆναι
1903 3224 1945 3292 CI

215 3336 313 3391 ἐπὶ
373 3340 452 3408 τῷ
509 3337 643 3408 ξενῳ
700 3336 949 3408 θεάματι.
1010 3335 1109 3388 Καὶ
1162 3331 1372 3389 κελεύει
1430 3333 1587 3389 αὐτὸν
1627 3333 1876 3399 ἀνεθέντα

215 3426 312 3482 ἐπὶ
346 3426 446 3494 τὴν
481 3424 727 3504 φυλακήν
756 3424 1073 3499 ἀπαχθῆναι
1127 3423 1261 3497 μετά
1298 3428 1406 3479 τῶν
1440 3421 1649 3479 λοιπῶν
1683 3422 1874 3501 ἁγίων,

215 3516 562 3593 σκεψόμενος
617 3519 733 3577 πῶς
793 3514 882 3569 καὶ
935 3515 1045 3569 τίνι
1094 3513 1284 3590 τρόπῳ
1332 3515 1423 3569 καὶ
1473 3514 1617 3587 ποίῳ
1656 3516 1875 3586 θανάτῳ

208 3614 322 3677 τῆς
360 3608 641 3681 παρούσης
676 3610 820 3675 ζωῆς
854 3602 1152 3681 ἐξαφανίσει
1183 3602 1311 3667 τοὺς
1346 3603 1642 3679 μάρτυρας.

294 3696 409 3766 λη’.
466 3696 531 3753 Οἱ
592 3695 685 3767 μὲν
748 3694 839 3748 οὗν
898 3698 995 3748 τοῦ
1053 3693 1289 3769 Χριστοῦ
1350 3692 1616 3768 μάρτυρες
1655 3692 1743 3748 ἐπὶ
1773 3694 1875 3763 τήν

213 3784 483 3861 φυλακὴν
556 3783 893 3860 ἀπαγόμενοι
996 3778 1260 3856 ἔψαλλον
1366 3779 1748 3855 Ἐδοκίμασας,
1846 3784 1874 3838 ὁ

213 3876 385 3944 Θεὸς,
467 3872 751 3949 ἐπύρωσας
808 3873 956 3945 ἡμᾶς
1040 3871 1115 3934 ὡς
1164 3876 1426 3945 πυροῦται
1478 3873 1541 3926 τὸ
1598 3870 1878 3946 ἀργύριον·

215 3966 517 4039 εἰσήγαγες
563 3966 714 4036 ἡμᾶς
773 3963 849 4024 εἷς
906 3962 1003 4029 τὴν
1063 3959 1292 4036 παγίδα,
1351 3956 1475 4025 ἔθου
1536 3960 1750 4034 θλίψεις
1786 3960 1876 4016 ἐπὶ

212 4054 318 4109 τὸν
382 4057 552 4108 νῶτον
606 4054 784 4124 ἡμῶν,
866 4045 1190 4112 ἐπεϐίϐασας
1262 4050 1580 4125 ἀνθρώπους
1639 4048 1726 4104 ἐπὶ
1777 4050 1875 4112 τάς

210 4140 468 4221 κεφαλὰς
525 4144 708 4214 ἡμῶν·
770 4138 950 4195 λείπεν
1029 4138 1121 4194 οὖν
1175 4140 1238 4194 τὸ
1297 4136 1532 4204 διελθεῖν
1581 4140 1728 4213 ἡμᾶς
1787 4137 1877 4194 διὰ

207 4234 396 4309 πυρός
451 4252 507 4286 τε
559 4229 649 4285 καὶ
707 4227 921 4299 ὕδατος,
983 4230 1131 4291 ὅπως
1199 4227 1274 4290 εἰς
1333 4229 1616 4303 ἀναψυχήν
1674 4229 1872 4305 ἀγάγῃς

204 4326 393 4395 ἡμᾶς.
427 4320 529 4378 Καὶ
577 4326 675 4389 τῆς
721 4319 895 4393 εὐχῆς
936 4318 1348 4393 πληρωθείσης,
1404 4313 1560 4392 ἔλεγε
1590 4322 1725 4393 πρὸς
1754 4318 1873 4372 ἑαυ-

199 4413 307 4468 τὸν
375 4411 403 4465 6
465 4409 629 4484 μὲγας
715 4409 1029 4482 ⁸Αρτὲμιος’
1110 4403 1251 4463 Ἰδοὺ
1330 4406 1431 4483 γὰρ
1488 4407 1554 4460 τά
1609 4406 1873 4480 στίγματα

205 4505 316 4557 τοῦ
360 4501 596 4573 Χριστοῦ
652 4496 704 4551 ἐν
761 4501 842 4569 τῷ
890 4495 1101 4569 σώματί
1154 4516 1248 4549 σου
1300 4494 1657 4571 κεχάρακται⁶
1693 4494 1867 4550 λείπει

1987 571 2155 627 fratri
2189 590 2319 629 meo
2351 576 2662 631 accerbam
2691 580 2945 632 mortem
2992 578 3357 648 procuravit?
3386 581 3492 648 Ita,
3538 600 3635 638 re-

1989 662 2227 732 spondit
2256 665 2488 733 cohors,
2523 666 2746 737 Optime
2782 666 3124 738 imperator,
3157 665 3281 737 ipse
3316 672 3423 724 est.
3475 671 3634 727 Tunc

1996 751 2285 808 Julianus:
2317 754 2543 810 Gratias
2575 755 2759 811 debeo
2781 755 2893 811 diis
2926 756 3383 826 immortalibus,
3418 763 3477 813 et
3504 776 3632 814 ma-

1986 839 2144 894 xime
2174 842 2437 912 Apollini
2468 843 2787 915 Daphnaao,
2846 843 3005 915 quod
3057 844 3209 899 nihil
3261 844 3634 901 ostenderint

1988 927 2238 999 impium
2274 948 2379 986 sua
2410 938 2619 1003 sponte
2665 933 3000 987 venientem
3050 939 3107 987 et
3155 934 3636 992 manifestantem

1991 1018 2272 1091 seipsum.
2306 1022 2375 1075 Et
2406 1021 2585 1077 dicit:
2633 1023 2929 1095 Spolietur
2977 1023 3260 1097 dignitate
3316 1041 3423 1081 sua
3471 1042 3639 1082 exse-

1990 1111 2331 1178 crandus,et
2362 1113 2597 1185 cingulo
2630 1119 2877 1171 exuatur
2908 1114 2969 1169 in
3003 1131 3236 1185 pmnam
3269 1132 3473 1171 eorum
3507 1133 3640 1188 qum

1989 1199 2166 1255 modo
2198 1218 2378 1257 ausus
2409 1208 2499 1257 est
2526 1204 2812 1274 proferre.
2847 1205 2927 1258 De
2955 1204 3113 1259 caede
3144 1208 3345 1260 autem
3395 1222 3464 1260 ac
3512 1223 3643 1263 san-

1989 1290 2166 1362 guine
2197 1290 2395 1347 fratris
2424 1293 2541 1348 mei
2573 1310 2723 1363 cras,
2755 1294 2869 1348 diis
2902 1294 3255 1362 volentibus,
3286 1312 3489 1366 poenas
3535 1295 3644 1353 da-

1991 1379 2097 1434 bit.
2132 1382 2362 1437 Etenim
2392 1399 2514 1439 non
2563 1399 2682 1439 una
2714 1400 2847 1437 eum
2894 1389 3082 1439 morte
3131 1401 3501 1451 consumam,
3535 1385 3640 1441 sed

1993 1467 2281 1537 millibus,
2314 1474 2605 1539 quotquot
2633 1470 2951 1527 homicidis
2973 1471 3160 1544 inﬂigi
3184 1472 3381 1529 solent
3408 1491 3422 1541 ;
3458 1474 3639 1544 siqui:-

1994 1556 2129 1612 dem
2150 1574 2271 1613 non
2301 1558 2407 1613 viri
2439 1561 2795 1628 communis,
2830 1560 2935 1616 sed
2977 1560 3356 1633 imperatoris
3402 1562 3643 1635 sangui-

1994 1662 2134 1701 nem
2165 1646 2459 1717 effuderit,
2487 1649 2717 1707 nullam
2749 1655 2949 1706 tamen
2979 1650 3051 1705 ab
3101 1667 3168 1705 eo
3199 1650 3483 1724 injuriam
3513 1668 3641 1724 pas-

1994 1752 2118 1791 8118.

2068 1826 2153 1882 37.
2183 1827 2284 1882 His
2323 1827 2517 1883 verbis
2568 1828 2639 1883 ab
2688 1828 3045 1900 imperatore
3087 1828 3321 1887 Iuliano
3372 1829 3644 1901 prolatis,

1994 1915 2289 1986 arripiunt
2318 1917 2606 1972 satellites
2636 1922 2928 1986 sanctum,
2971 1918 3072 1989 qui
3114 1918 3348 1991 cingulo
3380 1934 3514 1974 cum
3547 1918 3645 1981 die

1991 2003 2213 2074 gnitate
2241 2004 2547 2077 spoliatus,
2592 2006 2789 2061 nudus
2838 2007 3067 2062 sistitur
3112 2023 3218 2078 pro
3269 2008 3552 2064 tribunali
3584 2011 3643 2067 et

1992 2092 2271 2148 lictorum
2301 2095 2574 2149 manibus
2605 2096 2877 2150 traditur.
2913 2097 2979 2150 Hi
3011 2102 3208 2152 autem
3239 2097 3413 2154 funes
3457 2097 3644 2154 mani-

1991 2181 2102 2236 bus
2132 2188 2191 2237 et
2221 2183 2473 2253 pedibus
2502 2185 2782 2257 martyris
2804 2185 3115 2255 alligantes
3170 2203 3204 2240 a
3235 2192 3490 2259 quatuor
3507 2205 3646 2259 par—

1991 2271 2150 2325 tibus
2183 2288 2321 2327 eum
2355 2273 2700 2341 extendunt,
2734 2280 3119 2346 ventremque
3169 2280 3226 2330 et
3256 2280 3484 2348 tergum
3514 2276 3644 2349 ejus

1990 2360 2136 2415 adeo
2165 2361 2344 2416 boum
2373 2364 2573 2419 nervis
2600 2364 2931 2432 verberant,
2952 2370 3017 2420 ut
3036 2364 3096 2419 in
3119 2364 3400 2421 caedendo
3435 2370 3647 2438 quater

1989 2449 2439 2507 alternarint.Et
2466 2453 2662 2509 videre
2694 2460 2821 2510 erat
2850 2455 3159 2510 insolitum
3182 2455 3502 2526 quamdam
3529 2472 3641 2515 nec

1988 2541 2313 2597 humanam
2344 2544 2850 2614 patientiam.Non
2882 2545 3041 2600 enim
3071 2546 3346 2618 gemitus,
3367 2562 3485 2601 non
3507 2563 3635 2616 vox,

1988 2649 2108 2686 non
2140 2632 2580 2705 singultus,non
2602 2634 2765 2689 aliud
2788 2635 3113 2706 quidquam
3147 2652 3351 2690 eorum
3382 2653 3512 2699 quae
3544 2652 3636 2692 ac-

1986 2720 2179 2775 cidere
2212 2722 2409 2778 solent
2437 2723 2779 2779 hominibus
2810 2724 2910 2779 ubi
2963 2730 3257 2780 tormenta
3301 2726 3629 2796 perferunt,

1984 2809 2057 2865 ab
2086 2810 2212 2881 ipso
2247 2810 2645 2866 emittebatur.
2674 2814 2851 2866 Terra
2899 2813 3140 2883 quidem
3185 2828 3392 2868 cruore
3422 2814 3632 2885 opple-

1983 2898 2195 2963 batur;
2230 2898 2508 2969 martyris
2538 2916 2677 2955 vero
2709 2900 2895 2971 frons,
2929 2917 2996 2956 ac
3044 2901 3092 2955 si
3123 2900 3277 2955 alius
3306 2906 3629 2973 pateretur,

1982 2986 2337 3041 cernebatur
2368 2994 2733 3058 exporrecta,
2788 2989 2867 3043 ita
2917 2994 2983 3043 ut
3029 2989 3389 3044 mirarentur
3421 3006 3631 3046 omnes

1982 3077 2457 3145 circumstantes,
2494 3083 2552 3132 et
2581 3078 2707 3149 ipse
2748 3078 3013 3134 nefarius
3062 3079 3332 3135 Julianus
3363 3079 3632 3136 inaudito

1983 3166 2250 3240 prodigio
2283 3172 2785 3223 consternaretur.
2818 3168 2992 3223 Jubet
3035 3168 3273 3223 tandem
3300 3168 3631 3223 relaxatum

1985 3271 2120 3309 cum
2151 3255 2399 3326 reliquis
2429 3256 2649 3311 sanctis
2679 3256 2739 3311 in
2771 3256 3102 3313 custodiam
3131 3256 3288 3325 duci,
3320 3256 3635 3312 meditatu-

1981 3362 2082 3399 rus
2115 3344 2498 3415 quomodo,et
2527 3346 2743 3416 quibus
2775 3346 3223 3412 cruciatibus,et
3272 3363 3388 3418 quo
3419 3346 3629 3401 mortis

1981 3449 2194 3505 genere
2225 3433 2404 3490 vitam
2433 3434 2694 3490 auferret
2721 3436 3102 3506 martyribus.

2055 3707 2140 3759 38.
2175 3705 2390 3761 Christi
2422 3722 2557 3778 ergo
2590 3711 2900 3779 martyres,
2933 3706 3075 3761 dum
3106 3706 3167 3760 in
3200 3722 3497 3761 carcerem
3530 3706 3634 3761 du-

1982 3794 2289 3860 cebantur,
2348 3795 2723 3867 psallebant:
2793 3796 3045 3851 Probast-i
3101 3811 3217 3861 nos,
3263 3801 3443 3850 Deus:
3504 3797 3632 3866 igne

1981 3901 2080 3940 nos
2136 3886 2491 3949 examinasti,
2560 3887 2699 3940 sicut
2757 3887 3107 3939 examinatur
3159 3891 3469 3955 argentum.
3529 3887 3628 3940 In-

1981 3975 2194 4029 duxisti
2223 3991 2319 4029 nos
2350 3977 2407 4028 in
2437 3974 2948 4045 Iaqueum,posuisti
2978 3974 3363 4029 tribulationes
3392 3977 3447 4028 in
3470 3960 3630 4031 dorso

1980 4069 2206 4118 nostro:
2290 4065 2599 4134 imposuisti
2655 4064 2898 4118 homines
2952 4080 3116 4133 super
3172 4062 3361 4132 capita
3418 4070 3625 4119 nostra.

1981 4154 2184 4206 Restat
2241 4152 2419 4224 igitur
2476 4158 2561 4218 ut,
2644 4157 2958 4224 postquam
3044 4153 3453 4205 transiverimus
3521 4167 3629 4221 per

1980 4245 2161 4312 ignem
2192 4250 2244 4297 et
2274 4260 2496 4313 aquam,
2531 4244 2726 4297 educas
2771 4259 2865 4297 nos
2896 4241 2956 4296 in
3004 4243 3377 4310 refrigerium.
3412 4240 3454 4294 ⁴.
3497 4261 3525 4290 ››
3559 4243 3628 4295 Et

1980 4332 2277 4403 completa
2306 4331 2593 4398 oratione,
2628 4330 2862 4385 dicebat
2892 4330 3047 4401 apud
3092 4347 3151 4385 se
3185 4346 3434 4402 magnus
3465 4333 3628 4387 Arte-

1978 4421 2167 4475 mius:
2200 4423 2346 4475 Ecce
2372 4421 2643 4492 stigmata
2665 4418 2880 4474 Christi
2906 4418 2965 4473 in
2989 4435 3234 4490 corpore
3266 4424 3366 4474 tuo
3401 4419 3626 4475 inscul—

1977 4516 2077 4582 pta
2110 4516 2268 4577 sunt,
2303 4515 2485 4563 restat
2514 4509 2690 4582 igitur
2717 4514 2777 4562 ut
2812 4514 2869 4563 et
2910 4510 3101 4580 ipsam
3131 4508 3394 4563 animam
3426 4509 3624 4564 tradas

206 4591 311 4648 οὖν
342 4589 434 4646 ’ἶνα
462 4590 549 4646 καὶ
600 4589 767 4657 αὐτὴν
821 4588 918 4657 τήν
974 4588 1159 4662 ψυχὴν
1210 4584 1575 4663 προσαποδῷς
1610 4587 1744 4661 μετὰ
1771 4590 1868 4641 τοῦ

1987 4616 2110 4654 sum
2130 4598 2360 4669 reliquo
2378 4598 2763 4672 sanguine.Et
2784 4597 3191 4669 propheticum
3205 4597 3365 4653 illum
3386 4597 3622 4654 verbum

204 4681 516 4738 ἒπιλοίπου
572 4701 667 4734 σου
725 4676 976 4751 α’ίματοςο
1036 4676 1126 4731 καὶ
1179 4676 1242 4731 τὸ
1299 4677 1638 4753 προφητικὸν
1691 4675 1862 4732 ἐκεῖνο

205 4771 411 4847 λόγιον
498 4767 899 4842 ἐνθυμούμενος
984 4763 1186 4842 ἔλεγεν·
1264 4762 1402 4819 Ἰδοὺ
1491 4761 1700 4819 δέδωκα
1770 4766 1861 4821 τὸν

198 4860 388 4917 νῶτόν
450 4875 557 4934 μου
617 4857 695 4920 εἲς
777 4857 1060 4931 μάστιγας,
1136 4855 1223 4910 καὶ
1302 4855 1396 4916 τὰς
1454 4853 1701 4929 σιαγόνας
1759 4876 1865 4930 μου

197 4950 283 5012 εἷς
348 4948 679 5025 ῥαπίσματα·
759 4943 905 5001 ἀλλά
988 4945 1043 5000 τί
1119 4943 1501 5020 περισσότερον
1574 4949 1671 4999 τοῦ
1728 4943 1864 5019 ἐμοῦ

200 5039 488 5096 Δεσπότου
521 5037 824 5113 ὑπήνεγκας
880 5035 907 5089 6
965 5032 1218 5105 ἀνάξιοςς
1277 5034 1539 5095 Κάκεῖνος
1568 5036 1861 5107 κατεξάνθη

192 5136 329 5191 ταῖς
393 5128 626 5201 μάστιξι’
714 5125 965 5181 κάκείνου
1048 5125 1108 5179 τὸ
1193 5124 1488 5199 πρόσωπον
1555 5124 1867 5202 ῥαπίσματα

196 5216 530 5289 κατεδέξατο
587 5218 678 5272 καὶ
736 5213 1141 5294 κολαφίσματα,
1218 5214 1307 5269 καὶ
1386 5214 1603 5290 πυγμᾶς
1661 5217 1862 5289 ὑπέστη

200 5308 279 5365 δι’
312 5310 450 5363 ’ὀΛου
501 5312 595 5362 τοῦ
656 5304 933 5381 σώματος,
992 5303 1271 5369 ἀκάνθινον
1327 5303 1548 5381 ἐφόρεσε
1586 5304 1866 5385 στέφανον,

270 5491 297 5525 ⁵
329 5488 489 5545 Psal.
523 5504 643 5543 va.
686 5490 769 5544 10.

1976 4687 2437 4743 meditabundus
2459 4687 2965 4759 proferebatzEcce
2997 4687 3132 4741 dedi
3159 4687 3399 4742 dorsum
3422 4702 3625 4743 meum

1976 4778 2037 4831 in
2062 4776 2314 4849 ﬂagella,
2350 4781 2407 4831 et
2445 4793 2625 4849 genas
2653 4792 2815 4833 meas
2847 4776 2919 4831 ad
2950 4775 3152 4847 alapas
3174 4777 3300 4847 (12).
3334 4775 3445 4831 Sed
3478 4776 3624 4848 quid

1975 4866 2232 4937 amplius
2263 4866 2600 4922 sustinuisti
2630 4883 2806 4938 quam
2839 4883 2969 4937 quea
3002 4867 3288 4921 Dominus
3318 4882 3506 4931 meus,
3539 4866 3626 4921 in-

1975 4956 2150 5029 digne
2173 4956 2200 5011 ?
2219 4958 2347 5029 Ipse
2372 4973 2608 5028 quoque
2636 4956 2993 5011 dilaceratus
3013 4955 3124 5009 fuit
3144 4955 3415 5028 ﬂagellis;
3436 4955 3622 5027 ipsius

1976 5061 2210 5117 quoque
2242 5045 2435 5099 vultus
2468 5045 2670 5117 alapas
2724 5044 2984 5117 suscepit
3027 5050 3085 5100 et
3113 5045 3393 5116 colaphos
3421 5061 3435 5113 ;
3468 5044 3620 5100 ictus

1976 5134 2258 5189 sustinuit
2286 5135 2345 5188 in
2389 5140 2510 5190 toto
2559 5151 2825 5205 corpore,
2883 5134 3151 5205 spineam
3182 5133 3435 5204 portavit
3463 5150 3625 5188 coro-

1975 5240 2137 5290 nam,
2169 5240 2500 5295 manusque
2551 5240 2583 5278 a
2624 5229 2785 5297 tergo
2835 5224 3153 5293 revinctus,
3185 5222 3379 5278 nudus
3428 5222 3622 5278 cruci-

1980 5312 2131 5367 fixus
2158 5317 2249 5367 est
2272 5317 2515 5384 propter
2544 5328 2742 5367 meum
2770 5316 3080 5384 peccatum
3128 5328 3440 5384 meamque
3470 5326 3624 5386 prm-

1807 5580 2033 5641 NOTAE.
2068 5560 2085 5592 ‘

268 5706 387 5780 (42)
413 5702 648 5765 Alludit
673 5706 916 5765 sanctus
944 5700 1020 5760 ad
1036 5701 1259 5759 locum
1311 5700 1501 5772 Isaia),
1527 5719 1578 5762 ι..
1600 5707 1669 5761 6:
1704 5708 1915 5778 Corpus
1968 5724 2145 5768 meum
2174 5708 2307 5767 dedi
2327 5711 2783 5781 percutimtibus,
2814 5717 2866 5769 et
2895 5726 3062 5783 genas
3096 5726 3243 5771 meas
3270 5708 3616 5792 vellmuibus;
