4040 6204
147 328 296 385 1289

126 831 302 883 ματος
334 813 361 867 ὁ
391 814 693 889 παμπόνηρ
708 837 788 878 ος.

202 901 314 970 μα’.
350 900 455 956 Καὶ
489 900 572 955 ὅτι
601 905 700 971 τῆς
737 907 1008 981 ἡμετέρας
1058 915 1242 983 γενεᾶς
1301 911 1410 967 ἐστι
1475 914 1687 987 μᾶλλον
1746 920 1780 987 ἡ

124 986 386 1059 βασιλεία
417 988 703 1065 ἁρμόδιος·
740 994 767 1047 6
820 995 923 1069 γὰρ
983 995 1115 1069 ἐμὸς
1172 1002 1354 1076 πατὴρ
1414 986 1780 1068 Κώνσταντιος

116 1075 181 1130 ἐκ
242 1084 341 1146 τῆς
399 1080 740 1153 Μαξιμιανοῦ
810 1085 1075 1160 Θυγατρὸς
1159 1075 1446 1164 Θεοδώρας
1499 1093 1779 1168 γεγένηται

115 1169 202 1235 τῷ
261 1165 379 1239 ἐμῷ
435 1169 644 1241 πάππῳ
694 1172 1026 1230 Κώνσταντι.
1115 1178 1173 1234 Ὀ
1257 1175 1315 1233 δὲ
1369 1165 1775 1247 Κωνσταντῖνος

112 1252 170 1326 ἐξ
206 1255 432 1327 Ἐλένης
459 1257 607 1331 αύτῷ
664 1256 854 1336 γέγονε
910 1264 1127 1341 φαύλης
1183 1269 1330 1323 τινὸς
1386 1272 1642 1345 γυναικὸς
1683 1274 1773 1328 καὶ

104 1346 228 1396 τῶν
309 1345 676 1419 χαμαιτύπων
765 1347 918 1404 οὐδὲν
1006 1349 1388 1430 διαφερούσης’
1446 1359 1534 1412 καὶ
1604 1364 1773 1415 ταῦτα

105 1433 292 1503 μήπω
320 1434 569 1509 γεγονότι
602 1436 847 1513 Καίσαρι,
876 1438 1003 1495 ἀλλ’
1057 1441 1110 1496 ἐν
1170 1441 1396 1500 ἰδιώτου
1443 1448 1769 1522 τυγχάνοντι

102 1522 385 1595 σχήματι.
446 1524 507 1581 Ὀ
564 1526 745 1580 τοίνυν
803 1534 1207 1594 Κωνσταντῖνος
1265 1535 1563 1607 θρασύτητι
1621 1538 1769 1611 γνώ-

105 1630 225 1681 μης
272 1613 423 1685 [372]
474 1615 574 1682 τήν
630 1615 904 1689 βασιλείαν
970 1619 1276 1696 ἀφήρπασε,
1332 1622 1421 1677 καὶ
1479 1626 1570 1680 τὸν
1632 1625 1762 1699 ἐμὸν

100 1700 316 1775 πατέρα
354 1701 445 1756 καὶ
502 1703 632 1766 τοὺς
679 1704 876 1760 τούτου
935 1705 1203 1779 ἀδελφοὺς
1252 1712 1595 1788 ἀμφοτέρους
1646 1714 1761 1771 ἀδίο

97 1809 221 1850 κως
252 1788 550 1846 ἀπέκτεινε’
584 1792 736 1847 καὶὸ
782 1794 981 1850 τούτου
1039 1799 1155 1859 υἱὸς
1213 1801 1609 1872 Κωνστάντιος,
1666 1806 1759 1861 τὸν

103 1875 277 1932 αὐτοῦ
305 1880 510 1953 πατέρα
541 1882 946 1956 μιμησάμενος,
968 1885 1059 1940 τὸν
1120 1887 1251 1959 έμδν
1308 1888 1542 1966 ἀδελφὼ
1591 1894 1758 1972 πεφό-

103 1986 286 2034 νευκε,
319 1968 607 2024 καὶταῦτα
638 1970 825 2044 ὅρκοις
881 1975 1017 2046 πρὸς
1077 1976 1239 2031 αὐτὸν
1299 1977 1756 2056 φρικωδεστάτοις

105 2056 685 2132 χρησάμενον.Ἦμᾶς
740 2081 800 2115 τε
853 2061 1048 2126 αὐτοὺς
1097 2063 1143 2119 εἰ
1202 2066 1278 2137 μή
1339 2073 1471 2131 θεῶν
1524 2072 1758 2144 προνοίᾳ

102 2148 546 2219 περιεσώθημεν,
595 2150 658 2203 τὸ
740 2150 871 2206 αὐτὸ
926 2146 1199 2221 ἠϐούλετο
1258 2152 1469 2229 δρᾶσαι·
1526 2158 1652 2215 ἀλλ’
1701 2162 1753 2215 οἱ

102 2234 215 2297 θεοὶ
249 2232 612 2305 διεκώλυσαν,
644 2236 871 2312 αύτοψεί
930 2261 1023 2313 μοι
1080 2242 1179 2310 τὴν
1241 2245 1511 2320 σωτηρίαν
1574 2248 1750 2320 μηνύο

96 2342 307 2391 σαντες,
338 2322 417 2386 εἷς
460 2324 551 2385 οὕς
607 2326 719 2399 ἐγὼ
769 2327 1119 2402 τεθαρῥηκὼν
1178 2332 1270 2386 τὸν
1328 2333 1751 2408 Χριστιανισμὸν

90 2410 469 2485 ὲξωμοσάμην
496 2413 586 2468 καὶ
613 2416 749 2488 πρὸς
769 2416 861 2470 τὸν
892 2417 1145 2489 Ἕλληνα
1200 2420 1318 2495 βίον
1369 2422 1656 2479 ἀπέκλινα’
1691 2425 1748 2480 εὗ

87 2497 281 2569 εἰδὼς,
316 2500 391 2561 ὡς
424 2502 452 2555 6
482 2505 589 2555 τῶν
620 2500 907 2574 Ἑλλήνων
940 2504 1029 2559 καὶ
1051 2506 1339 2579 Ῥωμαίων
1381 2510 1746 2585 ἀρχαιότατος

90 2588 214 2663 βίος
244 2587 440 2652 καλοῖς
463 2585 604 2654 ἔθεσι
644 2592 736 2646 καὶ
764 2594 961 2665 νόμοις
991 2598 1361 2670 χρησάμενος,
1394 2599 1547 2662 θεοὺς
1576 2621 1750 2677 προσ-

86 2678 351 2753 αγορεύει
380 2679 512 2742 τοὺς
533 2681 595 2735 τὸ
625 2684 816 2737 πιστὸν
848 2682 909 2739 ἐκ
936 2689 1045 2740 τῶν
1070 2688 1403 2762 πραγμάτων
1424 2684 1671 2764 ἔχοντας.

168 2769 287 2842 μβ.
318 2770 414 2831 Τίς
445 2770 544 2845 γὰρ
569 2773 670 2841 τήν
702 2773 931 2847 γνώμην
964 2771 1302 2852 ἀμφίϐολος,
1328 2777 1490 2847 ἣλιον
1525 2781 1743 2854 βλέπων

86 2856 140 2911 ἰν
237 2856 451 2931 οὐρανῷ
529 2857 859 2916 διππεύοντα
919 2862 1010 2917 καὶ
1066 2863 1303 2936 σελήνην
1366 2866 1446 2945 ἐφ’
1503 2865 1748 2942 ἅρματος

86 2956 480 3021 χρυσπτὺγου
507 2949 954 3023 ταυροπολοῦσαν
992 2971 1005 3020 ;
1039 2952 1067 3005 6
1103 2954 1196 3025 μὶν
1227 2954 1327 3027 γὰρ
1387 2956 1485 3024 τὴν
1533 2957 1743 3033 ἡμέραν

82 3037 317 3111 φαεινήν
368 3036 745 3111 ἀπεργάζεται,
805 3039 895 3093 καὶ
953 3040 1085 3103 τοὺς
1144 3042 1462 3117 ἀνθρώπους
1514 3045 1598 3100 ἐπ’
1655 3042 1746 3122 ἔρ-

78 3144 182 3196 γον
218 3122 496 3198 ἐγείρενὴ
531 3123 715 3195 δὲτὴν
770 3127 934 3184 νύκτα
992 3128 1404 3207 λαμπαδουχεῖ,
1468 3137 1559 3188 καὶ
1613 3136 1743 3200 τοὺς

76 3213 312 3287 ἀστέρας
367 3214 809 3291 καταφαιδρύνει,
861 3217 950 3271 καὶ
1008 3224 1126 3280 ταῖς
1202 3220 1497 3296 ἀγρύπνοις
1557 3246 1737 3300 φωτο-
1770 3208 1812 3275 C

74 3296 327 3367 ϐολίαις,
415 3304 617 3358 ὑπνοῦν
695 3304 822 3367 τοὺς
880 3305 1200 3381 ἀνθρώπους
1289 3311 1736 3384 παρακελεύεται.

68 3391 263 3447 Ταῦτα
308 3389 662 3466 θεολογοῦσιν
719 3393 990 3465 Ἕλληνες
1050 3398 1142 3451 καὶ
1201 3398 1493 3472 Ῥωμαῖοι,
1555 3401 1737 3475 Ἀρτέ-

74 3500 196 3551 μιε,
248 3480 341 3534 καὶ
398 3481 498 3536 οὐκ
554 3480 781 3555 ἀδίκως,
844 3483 988 3539 ἀλλά
1057 3482 1373 3559 πρεπόντως
1451 3489 1542 3544 καί
1605 3490 1743 3563 μετά

74 3566 302 3624 δικαίου
331 3573 429 3624 τοῦ
459 3571 743 3644 κρίματος.
777 3572 841 3629 Τί
880 3572 983 3648 γὰρ
1028 3571 1196 3643 ἡλίου
1254 3576 1687 3654 τηλαυγέστερον
1721 3598 1735 3650 ;

77 3656 116 3727 ἦ
150 3658 206 3712 τί
233 3655 474 3729 σελήνης
507 3658 943 3736 αὐγοειδέστερον
981 3681 994 3729 ;
1054 3661 1089 3731 ἢ
1136 3663 1189 3718 τί
1236 3669 1335 3719 τοῦ
1394 3671 1573 3741 χοροῦ
1627 3672 1736 3722 τῶν

82 3748 333 3821 ἀστέρων
410 3746 671 3824 ἡδύτερόν
754 3771 813 3804 τε
896 3752 986 3805 καὶ
1032 3750 1454 3829 εὐπρεπέστερον
1500 3776 1514 3825 ;
1563 3761 1738 3812 Ταῦτα

76 3837 269 3892 τοίνυν
302 3836 574 3906 Έλληνες
657 3841 745 3894 καὶ
828 3841 1096 3913 Ῥωμαῖοι
1184 3844 1486 3913 θειαζουσίν
1534 3867 1593 3901 τε
1646 3847 1737 3902 καὶ

81 3923 369 3998 σέϐουσιν,
400 3929 487 3983 καὶ
520 3930 658 4004 πρὸς
687 3930 825 3985 αὖτά
869 3933 966 3993 τὰς
999 3933 1201 3987 ἑαυτῶν
1258 3932 1488 3999 ἐλπίδας
1544 3934 1731 3992 ἐναπε·

78 4018 389 4093 κρέμασαν·
422 4020 511 4073 καὶ
569 4019 662 4075 τὸν
723 4021 815 4092 μὲν
873 4019 1034 4090 ἥλιον
1094 4023 1423 4079 Ἀπόλλωνα
1460 4045 1741 4102 προσαγο-

74 4105 356 4179 ρεύουσιν,
388 4109 489 4176 τήν
516 4105 574 4163 δὶ
630 4108 867 4179 σελήνην
925 4111 1206 4186 Ἄρτεμιν,
1261 4112 1351 4167 καὶ
1407 4113 1539 4176 τοὺς
1581 4115 1734 4191 μεγίο

72 4216 245 4256 στους
278 4200 385 4250 τῶν
434 4196 670 4272 ἀστέρων
741 4197 833 4260 οὕς
890 4200 1393 4275 προσαγορεύουσιν
1449 4201 1736 4279 πλανῂτας

64 4284 208 4349 τοὺς
237 4285 334 4347 τάς
378 4286 511 4341 ἒπτά
570 4286 741 4356 ζώνας
797 4287 892 4349 τὰς
954 4286 1239 4363 οὐρανίους
1297 4289 1615 4366 ἐπέχοντας,
1675 4294 1733 4348 ὅν

72 4377 181 4447 μὲν
216 4374 449 4449 Κρόνον,
479 4374 536 4429 δν
569 4372 626 4431 δὲ
656 4376 770 4446 Δία,
804 4375 862 4430 δν
910 4375 968 4431 δὶ
1026 4380 1253 4452 Ἑρμῆν,
1312 4379 1369 4434 ὅν
1428 4378 1485 4435 δὲ
1540 4383 1732 4457 Ἀρεα,

68 4464 133 4517 ὅν
174 4460 234 4516 δὶ
296 4460 622 4540 Ἀφροδίτην
676 4464 1141 4537 κατονομάζουσιν
1195 4468 1365 4540 [373].
1423 4467 1591 4525 Οὗτοι
1629 4472 1730 4545 γὰρ

1524 351 1585 404 8.
1629 353 1934 411 ΑΒΤΕΜῙΙ
1972 358 2244 418 PASSIO.

132 460 343 524 νευται,
405 456 495 510 καὶ
554 457 629 520 ὡς
684 456 878 536 φθόνος
932 463 1091 520 αὐτὸν
1139 471 1548 544 κατειργάσατο,
1609 474 1698 527 καὶ
1757 477 1785 531 6

128 545 353 598 πάντων
384 544 692 619 ἀνθρώπων
724 548 1087 617 ἀνοσιώτατος
1128 557 1157 610 6
1189 558 1453 634 εὐνοῦχος
1504 559 1789 635 Εὐσέϐιος,

126 633 158 687 6
212 635 315 702 τὴν
374 639 472 689 τοῦ
526 639 889 710 πραιποσίτου
951 642 1096 715 ἀξίαν
1154 651 1337 711 κακῶς
1411 646 1788 725 ἐνδυσάμενος,

122 719 228 776 κᾶν
261 723 361 778 οὐκ
392 724 657 798 ἀρκοῦσαν
691 724 893 784 δέδωκε
925 732 1024 800 τήν
1085 730 1243 804 δίκην
1296 740 1393 791 τοῦ
1423 737 1792 816 ἀνοσιουργή-

1815 484 1865 548 Α
1897 478 2110 537 fecisse
2143 484 2430 546 invidiam
2464 497 2521 549 et
2548 499 2824 555 omnium
2864 502 3175 567 hominum
3208 517 3560 581 Scelestissi-

1903 584 2065 625 mum
2102 574 2422 639 Eusebium
2456 587 2819 658 ennuchum,
2854 593 2953 661 qui
2980 602 3281 668 praapositi
3310 574 3555 678 dignita-

1904 661 2022 712 tem
2055 677 2368 733 perperam
2402 669 2616 741 induit,
2650 692 2759 731 nec
2793 684 2989 737 tamen
3021 702 3127 755 pro
3177 690 3400 748 scelere
3433 700 3553 753 suf-

1900 746 2205 806 ficientem
2234 771 2470 824 poenam
2505 762 2669 818 dedit
2697 766 2783 821 vir
2813 772 3237 841 nequissimus.

1962 926 2049 979 41.
2084 930 2264 1001 Eque
2298 936 2669 1005 exploratum
2704 943 2887 1001 habes
2935 949 3009 1004 ad
3058 960 3325 1012 nostrum
3357 978 3546 1033 genus

1891 1016 2077 1085 magis
2108 1021 2407 1088 pertinere
2438 1026 2779 1099 imperium.
2815 1037 2988 1092 Pater
3017 1042 3177 1098 enim
3200 1062 3369 1103 meus
3396 1052 3544 1106 Con-

1889 1104 2142 1161 stantius
2173 1126 2242 1163 ex
2274 1112 2601 1186 Theodora,
2652 1122 2992 1182 Maximiani
3041 1130 3185 1200 ﬁlia,
3220 1144 3395 1194 natus
3450 1148 3542 1196 est

1886 1204 1991 1245 avo
2022 1210 2154 1250 meo
2186 1198 2955 1271 Constanti,Constantinus
2978 1224 3177 1275 autem
3195 1240 3265 1278 ex
3289 1226 3539 1301 Helena,

1886 1279 1979 1301 -.ZI.'
2023 1299 2047 1301 ς
2082 1300 2113 1301 νγ
2153 1285 2166 1301 ἱ
2399 1291 2435 1301 ’⁵

3325 1279 3390 1281 "’
3410 1279 3536 1301 '“wl

1882 1279 1981 1333 vili
2014 1285 2270 1352 quadam
2302 1291 2542 1349 muliere
2602 1313 2669 1352 ac
2726 1306 3142 1364 meretricibus
3203 1313 3536 1389 simillima,

1882 1367 1894 1389 ἔ
1913 1368 2019 1389 ,Ι--Α
2041 1387 2049 1389 λ
2132 1374 2147 1389 1
2179 1376 2188 1385 '
2366 1380 2379 1389 ‘
2533 1386 2559 1389 “

3327 1367 3536 1389 "—"—"l

1880 1367 2059 1440 idque
2090 1374 2189 1428 ubi
2222 1380 2488 1436 nondum
2522 1386 2716 1442 Caesar
2745 1398 2978 1449 creatus
3005 1396 3065 1450 in
3114 1401 3322 1469 privati
3346 1406 3539 1462 homi-

1879 1457 1973 1512 nis
2026 1463 2366 1523 conditione
2427 1474 2789 1533 versabatur.
2852 1482 3278 1545 Constantinus
3347 1494 3535 1566 igitur

1877 1549 2267 1609 consiliorum
2300 1573 2544 1615 suorum
2575 1565 2825 1623 audacia
2854 1569 3172 1642 imperium
3196 1586 3528 1654 usurpavit,

1878 1640 1935 1688 et
1964 1643 2193 1706 patrem
2226 1660 2426 1702 meum
2465 1651 2790 1725 ambosque
2838 1640 2970 1729 ejus
3025 1662 3239 1721 fratres
3299 1670 3523 1742 injuste

1874 1724 2108 1781 occidit.
2138 1729 2350 1787 Postea
2388 1724 2787 1811 Constantius,
2809 1724 3262 1809 Constantinum
3296 1724 3527 1829 patrem

1877 1828 2050 1869 suum
2083 1816 2369 1890 imitatus,
2401 1824 2643 1883 fratrem
2676 1848 2875 1889 meum
2935 1838 3252 1913 interfecit,
3287 1849 3380 1902 cui
3434 1855 3520 1905 ta-

1874 1916 2011 1957 men
2068 1906 2433 1968 horreudum
2482 1916 2907 1989 jusjurandum
2963 1927 3229 1988 dederat.
3284 1936 3350 1990 In
3410 1954 3521 1993 nos

1862 2005 2122 2063 quoque,
2158 1998 2271 2053 nisi
2306 2000 2557 2059 deorum
2600 2011 2970 2079 providentia
3027 2023 3239 2076 servati
3296 2024 3521 2082 fuisse-

1860 2094 2013 2148 mus,
2038 2083 2197 2139 idem
2229 2089 2657 2163 meditabatur;
2691 2099 2794 2153 sed
2826 2101 2906 2155 dii
2934 2106 3391 2182 prohibuerunt,
3427 2133 3514 2171 sa~

1857 2166 2042 2223 lutem
2074 2188 2108 2225 a
2138 2189 2199 2227 se
2231 2177 2555 2245 profectam
2584 2185 2728 2238 mihi
2753 2166 3065 2248 manifesto
3099 2166 3503 2259 ostendentes.

1857 2257 2080 2320 Quibus
2110 2278 2215 2334 ego
2244 2263 2431 2321 fretus
2456 2270 2977 2334 Christianismum
3005 2282 3344 2355 abjuraviet
3370 2257 3507 2362 gen-

1855 2345 2049 2401 tilium
2081 2348 2257 2405 vitam
2285 2357 2593 2426 amplexus
2626 2379 2787 2418 sum:
2812 2384 2951 2423 nam
2982 2377 3502 2441 persuasissimum

1855 2433 1999 2488 mihi
2034 2442 2125 2490 est
2155 2441 2489 2499 Graecorum
2522 2453 2580 2501 et
2601 2451 3000 2511 Romanorum
3024 2462 3502 2534 antiquissimam

1851 2522 2082 2579 vivendi
2115 2544 2388 2599 norman,
2422 2533 2595 2592 bonis
2627 2542 2892 2599 moribus
2924 2553 2983 2599 et
3012 2547 3241 2621 legibus
3285 2554 3504 2612 funda-

1853 2616 1995 2681 tam,
2028 2615 2170 2671 deos
2199 2622 2501 2691 appellare
2545 2626 2682 2683 illos
2740 2633 2841 2702 qui
2891 2650 2961 2690 ex
3008 2615 3209 2696 rerum
3260 2644 3502 2703 veritate

1852 2700 2033 2756 ﬁdem
2058 2705 2170 2759 sibi
2196 2708 2439 2765 faciant.

1921 2793 2010 2845 42.
2044 2794 2184 2857 Quis
2215 2799 2373 2853 enim
2408 2809 2605 2858 mente
2644 2805 2860 2864 dubius
2920 2811 3119 2881 fuerit,
3172 2820 3273 2887 qui
3334 2836 3501 2892 aspe-

1848 2882 2001 2935 xerit
2033 2884 2219 2941 solem
2242 2888 2304 2942 in
2337 2891 2483 2945 ccelo
2517 2896 2905 2964 equitantem,
2932 2908 2989 2956 et
3012 2903 3217 2962 lunam
3241 2908 3302 2963 in
3327 2927 3503 2966 curru

1850 2976 2055 3024 aurato
2088 2975 2275 3029 tauris
2333 2988 2671 3047 provectam
2706 2986 2733 3039 ‘I
2789 2988 3022 3045 Etenim
3074 2993 3177 3048 ille
3238 2996 3501 3055 lucidum

1850 3058 2034 3113 efﬁcit
2057 3060 2237 3129 diem,
2264 3065 2655 3141 hominesque
2688 3073 2761 3127 ad
2793 3075 3059 3133 laborem
3085 3084 3303 3139 excitat
3331 3104 3344 3153 ;
3378 3087 3504 3143 haac

1853 3153 2051 3203 autem
2079 3153 2238 3206 nocti
2271 3156 2511 3225 praefert
2534 3159 2713 3229 faces,
2749 3164 3131 3235 splendorem
3176 3173 3276 3228 dat
3305 3178 3503 3244 astris,

1855 3241 1913 3289 et
1942 3237 2320 3309 vigilantibus
2353 3246 2535 3301 radiis
2568 3266 2843 3307 somnum
2903 3255 3254 3317 hominibus
3303 3267 3502 3321 conci-

1848 3322 1972 3380 liat.
2009 3327 2164 3396 Haec,
2200 3333 2445 3399 Artemi,
2468 3335 2540 3389 de
2571 3336 2786 3394 divinis
2808 3352 3288 3405 commentantur
3320 3353 3503 3408 Graeci

1840 3501 2091 3572 judicio.
2125 3507 2274 3570 Quid
2329 3512 2490 3567 enim
2550 3516 2673 3571 sole
2727 3520 3099 3590 splendidius
3135 3527 3306 3584 ?Aut
3359 3532 3501 3602 quid

1847 3590 1991 3647 luna
2007 3593 2327 3652 nitentius?
2342 3602 2457 3654 Aut
2486 3604 2629 3672 quid
2650 3613 2947 3664 astrorum
2975 3613 3153 3669 choro
3173 3590 3501 3687 jucundius

1849 3685 1907 3734 et
1926 3681 2232 3751 pulchrius
2265 3686 2291 3741 ?
2322 3689 2454 3744 Haec
2485 3690 2665 3763 igitur
2695 3696 2879 3752 Graeci
2937 3707 2995 3755 et
3040 3681 3300 3761 Romani
3352 3709 3510 3764 inter

1847 3768 1990 3824 deos
2022 3771 2291 3828 referunt
2317 3782 2375 3831 et
2404 3779 2627 3848 colunt,
2663 3790 2721 3837 et
2750 3786 2811 3840 in
2844 3803 2913 3842 ea
2957 3807 3091 3861 spes
3141 3810 3279 3849 suas
3338 3814 3508 3869 repo-

1847 3865 2116 3914 suerunt.
2163 3865 2234 3916 Et
2307 3866 2497 3921 solem
2558 3871 2797 3939 quidem
2870 3879 3211 3948 Apollinem
3269 3865 3501 3954 vocant,

1846 3946 2050 4002 lunam
2084 3956 2282 4005 autem
2311 3954 2557 4011 Dianam
2584 3975 2847 4026 ;necnon
2861 3973 3157 4023 astrorum
3188 3972 3498 4045 maximas,

1847 4052 1978 4105 quas
2020 4036 2303 4094 dicuntur
2332 4043 2586 4113 planetas
2618 4054 2967 4123 septemque
2999 4056 3110 4127 (13)
3162 4060 3292 4114 cmli
3324 4036 3499 4117 zonas

1845 4124 2174 4194 continent,
2234 4132 2541 4202 appellant
2597 4136 2937 4209 Saturnum,
2991 4124 3213 4212 Jovem,
3275 4149 3501 4203 Mercu-

1843 4212 2019 4281 rium,
2055 4216 2318 4283 Martem,
2361 4221 2670 4279 Venerem.
2722 4226 2854 4282 Haac
2912 4231 3069 4284 enim
3120 4239 3281 4289 astra
3318 4252 3495 4290 mun-

1844 4298 1985 4354 dum
2017 4302 2358 4359 universum
2393 4308 2746 4379 gubernant,
2798 4331 3123 4389 eorumque
3182 4322 3496 4379 virtutibus

1841 4388 2066 4460 regitur
2095 4397 2217 4447 tota
2239 4411 2368 4463 qua)
2395 4396 2502 4450 sub
2528 4400 2673 4455 caelo
2708 4407 2797 4455 est
2827 4388 3233 4463 terra.Horum
3247 4411 3498 4481 proinde

1842 4483 2067 4534 statuas
2098 4490 2417 4538 erexerunt
2445 4486 2739 4557 homines,
2774 4509 2994 4565 easque
3018 4498 3222 4553 colunt
3253 4505 3313 4554 et
3334 4517 3504 4555 vene-

63 4553 169 4607 τόν
228 4572 290 4607 τε
343 4552 547 4624 κόσμον
606 4554 813 4608 ἅπαντα
872 4550 1161 4625 διοικοῦσι,
1222 4557 1310 4610 καὶ
1367 4562 1485 4619 ταῖς
1555 4559 1731 4614 αὐτῶν

1862 4573 2069 4634 'antur,
2104 4569 2283 4623 simul
2309 4576 2509 4628 tamen
2538 4579 2816 4634 nonnihil
2875 4583 3216 4643 fabularum
3278 4589 3353 4644 ad
3400 4607 3501 4645 vo-

69 4640 343 4713 δυνάμεσι
402 4646 546 4697 πᾶσα
601 4644 635 4711 ἡ
698 4643 786 4697 ὑπ’
844 4642 1070 4719 οὐρανὸν
1122 4641 1445 4719 διεξάγεται·
1523 4648 1731 4703 τούτων

62 4731 262 4786 τοίνυν
311 4729 523 4794 εἰκόνας
602 4734 917 4802 στήσαντες,
974 4727 1219 4787 σέϐουσιν
1283 4733 1567 4809 ἂνθρωποι
1645 4738 1733 4792 καὶ

63 4824 337 4893 τιμῶσιν’
398 4821 509 4892 ἅμα
567 4818 624 4875 δὲ
679 4822 767 4876 καὶ
854 4820 1055 4894 μύθους
1132 4824 1283 4885 τινὰς
1339 4824 1478 4899 πρὸς
1528 4823 1734 4895 ἡδονὴν

69 4906 642 4971 ἀναπλάσαντεςόὗὶί
674 4909 749 4972 ὡς
809 4909 965 4974 θεοὺς
998 4907 1055 4964 δὲ
1105 4914 1308 4983 τιμῶσι
1370 4912 1469 4974 τὰς
1523 4913 1736 4977 εἷκόνας

368 5000 556 5073 ἀπαγε.
643 5002 821 5056 Τοῦτο
897 5000 1002 5074 γὰρ
1064 5000 1126 5053 τὸ
1212 5000 1583 5076 ἁπλούστερον
1641 5005 1735 5059 καὶ

66 5087 395 5161 ἀγροικικὸν
470 5092 578 5142 τῶν
692 5088 992 5162 ἀνθρώπων
1071 5085 1505 5159 διαλαμϐάνεται
1563 5091 1731 5165 γένος’

67 4998 256 5052 αὐτῶν
266 5043 279 5067 ,

1842 4654 2131 4725 luptatem
2184 4658 2496 4731 ﬁngentes.
2539 4665 2652 4719 Sed
2707 4684 2827 4723 non
2886 4678 2952 4726 ut
3008 4674 3150 4730 deos
3209 4678 3497 4751 imagines

1844 4751 2219 4813 venerantur,
2246 4748 2441 4804 absit!
2478 4754 2621 4807 Nam
2683 4762 2774 4811 est
2822 4759 2949 4815 haec
2982 4762 3219 4820 insania
3267 4767 3500 4838 simpli—

1846 4833 2022 4889 cioris
2053 4840 2112 4889 et
2140 4839 2387 4908 agrestis
2411 4840 2725 4899 hominum
2769 4850 3045 4919 generis;
3079 4853 3182 4907 sed
3237 4857 3338 4925 qui
3373 4856 3500 4926 phi-

1848 4921 2132 4993 losophiaa
2164 4925 2424 4993 student,
2462 4931 2603 4986 etde
2626 4932 2842 4989 divinis
2867 4947 3138 4995 accurate
3162 4921 3497 5013 inquirunt,

1845 5018 2139 5066 noverunt
2165 5016 2255 5067 cui
2291 5017 2579 5074 honorem
2607 5030 2982 5093 prmstent,et
3010 5029 3085 5084 ad
3112 5048 3289 5101 quem
3310 5038 3498 5088 trans-

1847 5104 1941 5153 eat
1970 5100 2304 5158 divinarum
2337 5105 2661 5178 imaginum
2694 5112 2979 5172 adoratio.
3002 5139 3031 5167 ››

70 5180 194 5236 ἐπεὶ
230 5180 285 5233 οἱ
314 5181 415 5248 τήν
444 5178 770 5258 φιλοσοφίαν
806 5180 1199 5252 ἀσπαζόμενοι,
1223 5181 1312 5236 καὶ
1342 5182 1409 5237 τὶ
1435 5187 1545 5238 τῶν
1575 5186 1710 5239 θεῶν
1743 5184 1984 5261 ἀκριϐῶς
2013 5189 2369 5263 ἐξετάζοντες,
2402 5194 2579 5252 οἴδασι
2611 5201 2720 5255 τίνι
2771 5204 2872 5272 τὴν
2933 5208 3103 5279 τιμὴν
3135 5208 3493 5285 ἀπονέμουσι,

148 5268 164 5285 ς
288 5268 302 5285 \
407 5268 420 5285 Ι
520 5265 544 5285 Ω
611 5263 640 5285 ρ
687 5269 700 5285 Ι
820 5271 834 5285 ο
913 5273 941 5283 ~
1014 5271 1039 5285 Λ
1081 5268 1093 5285 Ι
1218 5270 1231 5285 9
1314 5268 1332 5285 ἱ
1414 5273 1425 5285 ο
1764 5277 1775 5285 ι

65 5268 165 5323 καὶ
200 5268 341 5343 πρὸς
368 5268 486 5323 τίνα
517 5263 778 5324 διαϐαίνει
810 5271 844 5339 ἡ
875 5273 982 5324 τῶν
1014 5268 1172 5324 Θείων
1207 5268 1537 5345 ἀγαλμάτων
1570 5277 1964 5347 προσκύνησις.

1669 5455 1889 5513 NOT/E.

168 5601 254 5669 13)
288 5599 517 5665 Surius,
542 5599 619 5652 De
639 5598 892 5668 probatis
919 5603 1235 5653 sanctorum
1267 5599 1419 5666 vitis,
1450 5600 1518 5653 2O
1549 5599 1839 5670 Octobris,
1871 5603 2050 5660 habet
2078 5608 2347 5676 quinque.
2379 5610 2449 5665 Et
2468 5628 2671 5669 revera
2691 5618 2933 5674 nonnisi
2966 5623 3231 5697 quinque
3248 5629 3494 5685 nomina

168 5677 411 5697 -........._
461 5671 593 5697 n-.-

60 5671 429 5728 aﬂ'eruntur.
461 5671 612 5725 Em.

479 5792 751 5852 Ρλσηοι..
797 5789 910 5851 Gn.
955 5784 1166 5850 XCVI.

3133 5815 3207 5874 41
