4040 6204
573 411 703 466 1291

639 536 726 590 43.
760 531 1057 587 Adhortor
1081 528 1261 600 igitur
1289 530 1451 581 tuam
1490 523 1861 578 nobilitatem
1894 521 2209 576 nobiscum

575 632 756 690 stare,
783 640 913 692 quae
945 620 1117 675 nobis
1136 619 1373 689 placent
1385 616 1858 686 perﬁcere,recte
1886 614 2221 667 Graecorum

568 712 917 785 religionem
951 708 1230 779 amplecti
1264 712 1321 760 et
1353 705 1617 775 antiquis
1648 703 1913 758 moribus
1945 718 2011 755 ac
2039 698 2220 753 rebus

572 803 886 856 inhaerere.
921 797 1345 853 Constantinus
1378 796 1558 851 enim.
1588 799 1653 848 ut
1699 794 1825 863 ipse
1854 790 1992 856 scis,
2033 786 2221 841 homi-

567 908 712 945 num
799 889 1048 958 deceptu
1120 884 1461 951 facillimus,
1522 882 1799 937 indoctus
1849 894 2083 950 quoque
2161 880 2217 929 et

569 995 802 1042 amens,
836 978 897 1030 in
931 976 1095 1030 cultu
1128 975 1416 1029 novitates
1449 978 1675 1027 sectare
1708 970 1903 1040 cmpit,
1938 972 1997 1021 et
2052 965 2219 1019 abro-

566 1069 716 1141 gatis
774 1068 1179 1120 Romanorum
1230 1063 1479 1135 legibus,
1561 1061 1633 1115 ad
1696 1056 2213 1113 Christianismum

567 1156 905 1219 declinavit,
936 1154 1093 1225 quod
1126 1169 1341 1223 nempe
1404 1150 1653 1223 puderet
1684 1164 1817 1203 eum
1840 1144 2213 1215 impietatum

567 1245 1038 1313 suarum,diique
1070 1259 1205 1297 eum
1232 1258 1402 1313 grege
1427 1240 1884 1310 expulissent,ut
1913 1232 2210 1288 scelestis-

568 1338 806 1400 simum,
864 1350 970 1388 sua
1039 1332 1324 1403 religione
1371 1330 1679 1400 indignum
1740 1333 1798 1379 et
1827 1328 2209 1393 cognatorum

567 1425 854 1495 sanguine
918 1422 1317 1491 inquinatum.
1381 1421 1521 1473 Nam
1580 1418 1792 1470 fratres
1844 1430 1981 1467 suos
2034 1409 2209 1465 morti

566 1504 827 1565 tradidit,
887 1519 1021 1556 cum
1076 1502 1223 1554 nihil
1284 1500 1424 1553 mali
1482 1499 1783 1562 fecissent,
1852 1500 1910 1548 et
1965 1505 2210 1546 uxorem

568 1595 867 1656 Faustam,
902 1591 1211 1659 ﬁliumque
1248 1605 1417 1642 suum
1452 1588 1717 1640 Priscum
1771 1586 1901 1652 (14),
1954 1580 2055 1651 qui
2086 1584 2213 1633 erat

565 1682 652 1735 vir
682 1680 831 1751 frugi
858 1686 915 1734 et
962 1679 1173 1733 bonus.
1237 1676 1583 1748 Hujusmodi
1644 1691 1778 1745 ergo
1837 1672 2063 1727 scelera
2126 1668 2208 1722 dii

567 1768 875 1835 exsecrati,
908 1767 1258 1837 repulerunt
1279 1782 1436 1829 eum,
1498 1770 1555 1818 et
1613 1780 1647 1818 a
1700 1779 1866 1817 sacro
1910 1758 2210 1815 sanctissi-

564 1876 781 1929 moque
815 1874 919 1912 suo
954 1856 1115 1911 cultu
1156 1855 1502 1925 longissime
1560 1854 1834 1908 aberrare
1891 1850 2206 1912 fecerunt;

2122 395 2466 449 ADDENDA
2478 432 2493 445 .

3713 400 3808 456 1292

2397 516 2505 589 μγ“.
2571 519 2831 587 Παραινῶ
2886 516 3070 570 τοίνυν
3144 515 3244 583 τὴν
3299 515 3390 584 σὴν
3435 519 3701 590 γενιαιότητα
3743 527 3816 595 μεθ’

2326 606 2490 675 ἡμῶν
2522 625 2579 658 τε
2608 606 2743 661 εἶναι
2775 606 2866 659 xui
2896 604 2963 659 τὰ
3008 607 3149 675 ¹ἡμῖν
3200 602 3470 677 ἀρέσκοντα
3508 602 3817 681 διαπράττεσθαι,

2325 694 2427 762 τήν
2456 714 2515 747 τε
2545 694 2834 765 θρησκείαν
2868 692 3177 762 ἑλληνίζειν
3219 693 3407 764 ὀρθῶς,
3433 693 3505 745 καὶ
3540 700 3623 748 τῶν
3660 698 3821 771 ἀρχαίων

2327 780 2463 845 ἐθῶν
2506 804 2565 837 τε
2617 784 2707 838 xui
2751 784 3097 858 πραγμάτων
3160 782 3473 855 ἀντέχεσθαι.
3524 784 3573 839 Ὀ
3612 786 3688 857 γᾶρ
3727 794 3821 840 Κων-

2327 877 2624 939 σταντῐνος,
2684 872 2758 933 ὡς
2818 871 2909 926 xui
2979 870 3140 930 αὐτὸς
3226 869 3499 937 ἐπίστασαι,
3547 872 3827 943 εὐεξαπάτητος

2324 956 2530 1033 ἀνδρῶν
2566 961 2784 1032 ἀμαθής
2831 980 2891 1014 τε
2942 959 3033 1014 xui
3089 959 3328 1028 ἀνόητος
3379 958 3592 1031 εὑρεθεὶς,
3635 963 3725 1035 περὲ
3763 967 3822 1032 τήν

2324 1049 2610 1120 θρησκείαν
2667 1049 3031 1122 ἐνεωτέρισεν,
3088 1049 3177 1103 xui
3232 1046 3361 1109 τοὺς
3430 1049 3663 1119 Ῥωμαίων
3696 1052 3830 1122 νόμους

2324 1136 2669 1209 ἐξαθετήσας,
2726 1139 2811 1193 ἐπὶ
2886 1138 2978 1193 τὸν
3061 1138 3473 1212 Χριστιανισμὸν
3538 1136 3735 1207 ἐξέκλινε,
3773 1142 3831 1201 τὰς

2322 1227 2571 1289 ἀνοσίους
2603 1228 2773 1283 αὐτοῦ
2801 1228 3022 1303 πράξεις
3056 1225 3446 1298 δεδιττόμενος,
3472 1228 3547 1281 xui
3590 1223 3657 1282 ὅτι
3691 1229 3731 1282 οἱ
3766 1230 3838 1292 θεοὶ

2322 1316 2483 1369 αὑτὸν
2508 1312 2958 1385 ἀπεϐουκόλησαν
3013 1317 3086 1377 ὡς
3142 1316 3434 1390 ἐξάγιστον,
3482 1316 3558 1369 καὶ
3600 1323 3678 1384 τῆς
3720 1318 3833 1370 αὐτῶν

2323 1404 2612 1473 θρησκείας
2690 1404 2948 1476 ἀνάξιον,
3034 1402 3266 1475 α’ίματος
3353 1404 3577 1478 ὁμογνίου
3636 1404 3836 1478 γενόμενοι

2320 1492 2581 1566 ἔμπλεον’
2639 1496 2767 1557 τούς
2822 1517 2880 1551 τε
2936 1497 3036 1570 γὰρ
3096 1493 3367 1569 ἀδελφοὺς
3443 1496 3677 1550 ἀπέκτεινε
3725 1493 3837 1566 μηδὲν

2319 1586 2622 1661 πράξαντας
2681 1585 2907 1652 ἄτοπον,
2955 1588 3046 1640 καὶ
3094 1588 3193 1654 τὴν
3251 1592 3467 1661 γυναῖκα
3526 1587 3747 1650 Φαύσττν,
3784 1597 3844 1648 καὶ

2317 1676 2409 1729 τὸν
2443 1675 2609 1730 αὐτοῦ
2664 1677 2778 1731 υἱὸν
2836 1676 3072 1751 Πρίσκον
3120 1675 3406 1750 [Κρίσπον]
3458 1675 3538 1729 τὸν
3591 1674 3780 1747 χρηστόν
3812 1693 3845 1726 τε

2318 1763 2407 1817 καὶ
2486 1765 2688 1839 ἀγαθὸν
2775 1761 2941 1839 ἄνδρα
3019 1766 3382 1839 τυγχάνοντα’
3436 1768 3582 1817 ταῦτα
3642 1764 3779 1816 τοίνυν
3805 1763 3845 1813 τὰ

2319 1850 2654 1927 ἀνοσιουργῆ
2666 1874 2809 1925 ματα
2844 1852 3210 1926 μυσαχθίντες
3243 1852 3296 1907 oi
3328 1852 3455 1917 θεοὶ,
3505 1856 3669 1905 τοῦτον
3692 1844 3849 1904 5112:509-

566 1954 854 2020 praaterea
902 1962 1106 2000 semen
1165 1946 1294 2015 ejus
1354 1943 1709 1997 sceleratum
1756 1947 1813 1995 et
1852 1937 2212 1994 exsecrabile

2321 1939 2583 2008 κὸλησαν,
2633 1942 2723 1995 καὶ
2780 1948 2880 2009 τῆς
2937 1942 3085 2013 ἱερᾶς
3138 1940 3317 1995 αὐτῶν
3392 1941 3475 1994 xui
3547 1938 3849 2011 παναγεστάτης

569 2054 703 2092 cum
736 2038 964 2106 integro
994 2049 1208 2105 genere
1266 2033 1337 2086 de
1367 2031 1563 2085 medio
1624 2031 1910 2084 tulerunt.
1949 2030 2218 2097 Quapro-

568 2132 720 2198 pter,
755 2126 840 2177 vir
870 2122 1238 2187 admirande,
1270 2121 1368 2175 ubi
1402 2120 1568 2175 video
1628 2125 1793 2173 tuum
1846 2118 1906 2171 in
1940 2115 2217 2171 omnibus

568 2216 807 2270 ﬁrmum
841 2231 907 2269 ac
939 2218 1217 2267 constans
1250 2211 1578 2281 ingenium,
1602 2209 1729 2262 volo
1764 2214 1819 2261 te
1849 2212 2067 2261 nostra;
2090 2221 2219 2275 par-

572 2307 645 2359 tis
678 2310 736 2357 et
766 2303 1066 2357 societatis
1098 2301 1227 2355 fieri
1259 2300 1539 2365 amicum,
1583 2304 1643 2351 et
1672 2302 2006 2351 consortem
2041 2300 2217 2363 atque

569 2394 629 2447 in
663 2391 938 2447 omnibus
980 2389 1213 2459 imperii
1274 2388 1524 2459 negotiis
1576 2386 1874 2439 intimum.
1929 2381 2216 2454 Agedum,

568 2480 815 2547 Artemi,
849 2484 939 2533 sta
966 2478 1300 2542 nobiscum,
1336 2476 1434 2545 qui
1468 2474 1575 2527 viri
1609 2489 1834 2533 sumus,
1867 2470 2219 2539 Christoque

568 2568 858 2639 abjurato.
897 2566 972 2620 ad
1005 2573 1339 2636 paternam,
1369 2562 1851 2632 antiquissimam
1877 2566 1934 2613 et
1963 2558 2219 2613 maxime

572 2656 913 2711 diuturnam
948 2657 1347 2708 Romanorum
1375 2654 1831 2719 Graecorumque
1872 2647 2220 2719 religionem

574 2744 1002 2814 transgredere,
1037 2748 1095 2795 et
1123 2742 1295 2795 bonis
1327 2740 1608 2793 divinitus
1668 2737 1970 2792 concessis
2024 2736 2219 2790 fruere

570 2833 905 2897 nobiscum,
938 2832 1232 2885 honorum
1294 2829 1690 2883 maximorum
1740 2844 1806 2881 ac
1864 2825 2219 2897 dignitatum

571 2922 884 2993 parﬁceps.

638 3194 725 3245 44.
761 3191 847 3245 Ad
880 3191 1007 3245 haec
1036 3191 1253 3245 Christi
1310 3195 1553 3260 martyr,
1615 3204 1748 3243 cum
1799 3203 1859 3241 se
1909 3183 2221 3256 paululum

2326 2031 2615 2102 θρησκείας
2640 2029 2831 2105 πόρρω
2863 2051 2967 2085 που
3016 2030 3106 2083 xui
3172 2031 3379 2102 μακρὰν
3437 2025 3855 2095 ἀπεπλάνησαηιιιὶ

2325 2119 2540 2192 σπέρμα
2596 2121 2658 2173 τὸ
2720 2119 2902 2194 ἐναγὲς
2961 2119 3131 2173 αὐτοῦ
3185 2118 3279 2173 xui
3330 2117 3622 2191 παμμίαρον
3666 2115 3735 2169 xui
3756 2115 3853 2188 γένος

2327 2206 2457 2262 ὅλον
2486 2206 2537 2278 ἐξ
2588 2208 2882 2279 ἀνθρώπων
2943 2210 3235 2286 ἠφάνισαν.
3297 2208 3394 2262 Διά
3443 2211 3613 2276 τοῦτο,
3662 2204 3859 2275 θαυμάσιε,

2328 2297 2469 2370 ὁρῶν
2504 2318 2598 2351 σου
2627 2297 2689 2351 τὸ
2734 2298 2872 2351 κατὰ
2927 2300 3098 2351 πάντα
3156 2296 3407 2360 εὐπαθὲς
3462 2316 3514 2350 τε
3565 2294 3641 2349 xui
3693 2288 3856 2367 βέϐαιον,

2330 2385 2608 2460 βούλομαί
2642 2406 2697 2440 σε
2724 2393 2826 2455 τῆς
2856 2388 3127 2461 ἡμετερας
3161 2389 3314 2460 [374]
3350 2383 3555 2461 μερίδος
3580 2386 3657 2438 xui
3699 2379 3863 2454 ὶταιρὶτς

2328 2474 2570 2549 γενέσθαι
2603 2474 2784 2551 φίλον,
2842 2475 2930 2529 καὶ
2991 2472 3330 2549 σύγκληρον,
3386 2475 3470 2529 xui
3526 2471 3741 2527 κοινωνὸν
3782 2467 3866 2520 mi

2328 2564 2500 2619 πάντα
2528 2569 2634 2618 τῶν
2666 2570 2767 2631 τῆς
2801 2563 3083 2638 βασιλείας
3140 2564 3497 2639 πραγμάτων.
3556 2565 3695 2635 Δεῦρο
3731 2557 3868 2617 τοίνυν,

2327 2654 2610 2725 Ἀρτέμιε,
2642 2660 2799 2721 στῆθι
2834 2653 2947 2724 μετ’
3001 2656 3162 2725 ἡμῶν
3188 2658 3301 2707 τῶν
3365 2652 3663 2725 ἀνθρώπων,
3710 2646 3777 2700 καὶ
3813 2648 3871 2697 τοῦ

2329 2743 2565 2817 Χριστοῦ
2645 2740 2862 2816 ἔξαρνος
2916 2743 3233 2817 γενόμενος,
3314 2740 3405 2796 ἐπὶ
3454 2741 3547 2808 τὴν
3603 2737 3784 2811 πάτριον
3820 2732 3871 2785 ιιιῖ

2329 2829 2699 2904 ἀρχαιοτάτην
2732 2829 2821 2885 xui
2851 2830 3228 2904 πολυχρόνιον
3292 2829 3572 2903 Ῥωμαίων
3624 2848 3675 2881 τε
3711 2826 3779 2879 καὶ
3801 2820 3875 2874 Ἐλ-

2330 2920 2514 2990 λήνων
2548 2920 2831 2994 θρησκείαι
2870 2916 3156 2993 μετάϐηθι,
3187 2921 3285 2975 καὶ
3344 2925 3451 2974 τῶν
3509 2917 3643 2993 παρά
3689 2917 3800 2974 θεοῖς
3824 2907 3876 2962 Ξε-

2331 3005 2663 3082 δωρημένων
2707 3011 2843 3081 ἡμῖν
2903 3009 3116 3083 ἀγαθῶν
3178 3008 3551 3075 συναπὸλαυε,
3596 3010 3742 3077 τιμῶν
3781 2999 3879 3073 μςγέ-

2331 3120 2468 3153 στων
2496 3119 2555 3152 τε
2575 3098 2664 3153 xui
2694 3098 3019 3170 ἀξιωμάτων
3046 3097 3095 3153 ἐν
3137 3102 3359 3172 μετοχῇ
3391 3096 3639 3173 γεγονώς.

2406 3186 2511 3261 μδ“.
2563 3189 2706 3263 Πρὸς
2760 3193 2928 3243 ταῦτα
2985 3190 3013 3244 ὁ
3070 3194 3168 3244 τοῦ
3219 3192 3470 3265 Χριστοῦ
3530 3190 3708 3261 μάρτυς
3753 3178 3881 3253 μικρὸν

569 3281 950 3336 sustinuisset
979 3287 1038 3334 et
1066 3280 1270 3333 animo
1306 3277 1827 3348 circumspexisset
1875 3274 2096 3340 audita,
2132 3278 2212 3326 to-

2332 3278 2576 3352 ἐπισχὼν
2625 3279 2713 3332 xui
2776 3276 3261 3353 ἐπιλογισάμενος,
3323 3278 3416 3332 xui
3486 3277 3609 3331 ὅλον
3661 3268 3882 3333 immiti}:

568 3375 808 3440 tamque
832 3369 1239 3441 recollegisset
1268 3372 1531 3421 mentem
1566 3373 1623 3419 et
1652 3366 2221 3433 rationem,respon-

570 3458 695 3511 dit:
728 3457 1037 3528 Equidem,
1076 3458 1417 3526 imperator,
1441 3456 1511 3509 de
1545 3471 1675 3508 mea
1704 3453 1991 3524 religione
2025 3457 2083 3505 et
2106 3449 2221 3503 fide

570 3546 797 3599 nullam
833 3547 891 3599 in
917 3562 1178 3615 praesens
1212 3545 1315 3598 tibi
1348 3545 1589 3598 afferam
1624 3543 2055 3605 defensionem,
2084 3540 2223 3592 licet

571 3637 699 3704 ejus
732 3634 1273 3687 demonstrationes
1307 3634 1366 3687 in
1400 3638 1676 3703 promptu
1707 3632 1977 3685 habeam.
2013 3628 2123 3682 Sed
2147 3627 2220 3681 de

570 3722 771 3775 fratris
799 3722 881 3775 tui
917 3724 1251 3788 morte,hoc
1284 3724 1359 3777 sit
1392 3738 1737 3791 responsum
1766 3737 1776 3773 :
1811 3721 1934 3773 Non
1967 3733 2215 3788 appare~

571 3811 657 3863 bit
692 3828 785 3864 me
814 3811 941 3881 ejus
964 3812 1178 3864 animm
1234 3812 1513 3880 injuriam
1547 3810 1842 3875 intulisse,
1879 3808 1996 3861 sive
2016 3822 2215 3877 opere,

571 3899 691 3953 sive
718 3900 922 3966 verbo,
959 3900 1077 3954 sive
1109 3900 1527 3969 qualicumque
1568 3899 1786 3953 mentis
1836 3897 2213 3969 cogitatione,

570 3989 803 4042 etiamsi
839 3989 1002 4043 mille
1033 3990 1222 4043 modis
1246 3990 1305 4042 in
1339 3990 1449 4042 hoc
1483 3988 1801 4042 scrutando
1836 3985 2212 4055 defatigeris;

567 4095 706 4132 nam
764 4078 978 4132 veritas
1040 4077 1444 4132 immutabilis.
1507 4079 1789 4131 Noveram
1850 4076 2009 4129 enim
2078 4089 2213 4127 eum

562 4167 991 4234 Christianum,
1072 4167 1257 4237 pium,
1302 4168 1556 4236 justum,
1616 4170 1674 4219 et
1739 4164 1954 4218 Christi
2013 4163 2212 4234 legum

558 4261 860 4309 amantem
892 4272 959 4310 ac
987 4256 1335 4309 studiosum.
1374 4254 1527 4308 Sciat
1559 4270 1694 4325 ergo
1727 4254 1939 4307 cmlum
1967 4256 2025 4305 et
2057 4257 2213 4305 terra

556 4351 731 4414 atque
767 4345 1077 4398 universus
1108 4343 1457 4415 angelorum
1499 4343 1737 4407 chorus,
1794 4348 1853 4396 et
1918 4341 2207 4407 Christus,

553 4430 656 4483 Dei
690 4431 895 4497 Filius,
923 4448 1099 4500 quem
1155 4430 1334 4484 adoro
1387 4429 1446 4483 in
1501 4430 1731 4500 spiritu,
1791 4446 1887 4483 me
1918 4428 2207 4483 mundum

557 4535 687 4572 esse
720 4520 791 4573 ab
826 4521 954 4591 ejus
987 4537 1132 4574 nece
1169 4526 1225 4573 et
1256 4525 1466 4583 morte,
1502 4536 1610 4573 nec
1640 4518 1713 4572 ad
1746 4519 2029 4589 injustam
2079 4518 2207 4587 ejus

2329 3368 2419 3422 τὸν
2442 3368 2631 3421 ἑαυτοῦ
2661 3371 2788 3421 νοῦν
2835 3388 2893 3421 τε
2947 3368 3037 3421 xui
3096 3366 3396 3442 λογισμὸν,
3452 3364 3759 3439 ἀπεκρίνατο·
3797 3354 3887 3427 Ἐγὼ

2335 3457 2453 3527 μὲν,
2485 3457 2529 3509 ὦ
2590 3454 2837 3530 βασιλεῦ,
2896 3457 3018 3529 περὶ
3068 3463 3169 3524 τῆς
3221 3456 3369 3529 ἐμῆς
3425 3454 3690 3530 θρησκείας
3729 3448 3793 3501 xui
3824 3444 3881 3494 zi-

2332 3565 2497 3605 στεως
2552 3541 2817 3617 οὐδεμίαν
2865 3547 2987 3599 τινά
3038 3566 3120 3599 σοι
3189 3545 3505 3620 ἀπολογίαν
3564 3544 3812 3610 ποιήσομαι
3846 3531 3884 3584 15

2328 3635 2520 3705 παρὸν,
2553 3631 2697 3706 ἔχων
2731 3631 2781 3687 ἐν
2815 3633 3020 3705 ἑτοίμῳ
3081 3636 3235 3706 [cod.
3289 3637 3457 3707 τιμῇ]
3503 3634 3593 3692 τὰς
3638 3630 3741 3696 ὑπὲρ
3776 3623 3884 3684 αὐτῆς

2326 3720 2648 3793 ἀποδείξεις.
2708 3722 2849 3794 Πρὸς
2910 3720 2969 3789 δὲ
3023 3722 3113 3776 τὸν
3162 3728 3266 3777 τοῦ
3320 3728 3423 3778 σοῦ
3456 3719 3679 3793 ἀδελφώ
3715 3717 3886 3769 θάνατοι,

2327 3809 2498 3864 ἐκεῖνό
2522 3831 2605 3863 σοι
2640 3810 3091 3883 ἀπολογήσομαι,
3122 3811 3201 3871 ὡς
3245 3811 3311 3864 οὐ
3378 3814 3455 3882 μὴ
3518 3810 3787 3883 φανήσομαι
3822 3798 3883 3858 ti‘

2328 3898 2533 3953 ἐκείνου
2567 3899 2749 3972 ψυχὴν
2778 3896 3061 3967 ἠδικηκὼς
3099 3901 3361 3967 πώποτε,
3427 3899 3531 3953 οὖν.
3578 3890 3725 3969 ἔργῳ,
3750 3888 3795 3945 οὗ
3827 3883 3886 3936 λέο-

2323 4009 2426 4063 γῳ,
2465 3987 2590 4041 οὕτε
2647 3986 2753 4041 τινὶ
2818 3984 3057 4049 διανοίας
3115 3987 3489 4060 ἐπινοήματι,
3546 3983 3655 4039 οὐδ’
3702 3974 3887 4047 sil-19F"1

2321 4078 2522 4147 κάμοις
2553 4076 2674 4150 περὶ
2706 4075 2905 4130 τούτου
2962 4075 3291 4147 ἀνερευνῶν·
3330 4078 3368 4147 ἠ
3432 4076 3655 4145 ἀλήθεια
3698 4069 3777 4145 γὰρ
3806 4064 3887 4133 ait"

2320 4159 2617 4233 τάϐλητος.
2680 4164 3023 4236 Ἢπιστάμην
3106 4165 3211 4238 γὰρ

2320 4248 2466 4320 ὄντα,
2527 4250 2759 4320 θεοφιλῆ
2837 4274 2895 4307 τε
2951 4255 3043 4307 xui
3088 4251 3335 4326 δίκαιον³
3379 4254 3473 4309 xui
3530 4251 3645 4327 περὶ
3694 4246 3794 4303 τοὺς
3828 4240 3885 4293 τώ

2316 4344 2552 4418 Χριστοῦ
2583 4343 2782 4415 νόμους
2842 4344 3126 4418 πρόθυμόν
3182 4366 3245 4400 τε
3308 4348 3398 4400 xui
3461 4340 3733 4399 σπουδαῖον
3778 4331 3885 4399 ὖπΞὶο

2318 4450 2507 4505 χοντα·
2540 4432 2673 4486 ἳστω
2696 4433 2875 4486 τοίνυν
2910 4432 3141 4501 οὐρανός
3168 4455 3232 4489 τε
3296 4436 3395 4488 καὶ
3454 4440 3529 4503 γῆ
3557 4432 3643 4487 xui
3680 4432 3763 4487 πᾶς
3784 4422 3883 4476 ὁτῶκ

2317 4522 2480 4594 ἁγίων
2514 4520 2760 4594 ἀγγέλων
2791 4522 2984 4595 χορὸς,
3010 4523 3097 4575 xui
3133 4525 3387 4598 Χριστὸς
3419 4525 3448 4578 ὁ
3505 4528 3601 4577 τοῦ
3652 4522 3761 4573 θεοῦ
3798 4512 3886 4565 riu,

555 4608 915 4663 occisionem
942 4609 1081 4663 viris
1112 4609 1332 4679 impiis,
1375 4608 1476 4677 qui
1528 4608 1691 4661 illam
1754 4607 2202 4672 commiserunt,

2321 4610 2497 4682 ᾦέγὼ
2549 4610 2795 4682 λατρεύω
2854 4609 2907 4663 ἐν
2966 4615 3045 4681 τῷ
3106 4610 3227 4683 ἐμῷ
3288 4609 3685 4685 τ.νεῦματι,ὡς
3731 4595 3883 4668 ιπθπςὶξ

2321 4696 2330 4714 ί
2387 4698 2400 4714 ‘
2491 4705 2516 4714 ε
2584 4696 2597 4713 ’
2679 4699 2689 4714 ’
2966 4706 2993 4714 “
3284 4701 3297 4714 “
3416 4700 3435 4714 ‘
3555 4709 3581 4714 -
3724 4696 3734 4711 ε
3813 4683 3880 4714 Λζ

552 4699 875 4769 quidquam
919 4700 1124 4754 auxilii
1183 4699 1530 4753 contulisse.
1590 4700 1788 4767 Neque
1846 4698 2001 4751 enim
2062 4701 2203 4750 tunc

546 4786 901 4843 Constantio
935 4789 1174 4842 aderam
1211 4806 1223 4854 ;
1259 4787 1361 4841 sed
1395 4788 1454 4840 in
1488 4789 1729 4857 .Egypto
1762 4785 2066 4857 degebam,
2088 4785 2200 4839 ibi-

543 4876 808 4949 demque
834 4880 1026 4934 mansi
1060 4895 1248 4948 usque
1282 4877 1354 4932 ad
1414 4882 1768 4948 praesentem
1828 4892 2071 4930 annum.
2132 4877 2202 4929 Et

537 4966 691 5021 hanc
732 4968 973 5039 quidem
1030 4967 1443 5023 defensionem
1503 4966 1683 5020 affero
1742 4966 1898 5019 circa
1951 4965 2195 5019 fratrem

532 5060 725 5111 tuum.

605 5322 690 5378 45.
726 5325 887 5388 Quod
919 5342 1053 5380 vero
1087 5324 1304 5380 attinet
1350 5329 1417 5379 ut
1471 5323 1771 5378 Christum
1805 5322 2075 5394 abjurem
2134 5327 2192 5378 et

530 5411 883 5480 gentilitiam
914 5415 1091 5469 vitam
1124 5411 1472 5484 amplectar,
1506 5412 1617 5466 hoc
1649 5412 1755 5466 tibi
1792 5412 2186 5482 respondebo,

2310 4696 2418 4772 ἐγὼ
2452 4705 2551 4766 τῆς
2582 4696 2793 4753 ἐκείνου
2818 4706 3026 4773 σφαγῆς
3079 4721 3139 4755 τε
3197 4701 3302 4755 xui
3350 4700 3633 4770 τελευτῆς.
3661 4696 3735 4751 καῖ
3780 4683 3887 4762 μηδὲν

2311 4787 2721 4862 συνεισενεγκὼν
2755 4788 2831 4849 εἷς
2866 4789 2957 4843 τὸν
2990 4787 3197 4844 ἐκείνου
3254 4790 3423 4867 φάνεν
3473 4792 3563 4844 τὸν
3620 4784 3771 4842 ἄδικον
3809 4779 3880 4827 τἰἶς

2306 4881 2496 4931 τοῦτον
2581 4877 3069 4952 κατεργασαμένοις
3127 4879 3392 4943 ἀνοσίοις
3481 4878 3731 4953 ἀνδράσιν.
3796 4860 3883 4924 03ἶέ

2309 4966 2414 5040 γὰρ
2446 4966 2631 5040 παρὼν
2670 4968 2826 5039 ἢμην
2884 4969 3009 5024 τότε
3049 4968 3141 5023 σὺν
3206 4970 3599 5041 Κωνσταντίῳ,
3674 4960 3786 5018 ἀλιλᾶ
3823 4954 3883 5017 τήν

2310 5054 2593 5129 Αἴγυπτον
2654 5055 2814 5130 εἶχον
2876 5055 3089 5125 οἴκησίν
3136 5078 3199 5112 τε
3251 5060 3351 5114 xui
3407 5057 3611 5114 δίαιταν
3667 5052 3795 5127 μέχρι
3830 5038 3885 5096 τδδ

2304 5142 2573 5217 παρόντος
2597 5142 2866 5199 ἐνιαυτοῦ·
2912 5144 3003 5199 xui
3032 5146 3244 5218 ταύτην
3286 5149 3390 5220 μὲν
3444 5144 3719 5219 ἀπολογίαν
3756 5133 3882 5190 me}

2306 5253 2401 5305 μαι
2433 5231 2556 5303 περὶ
2584 5236 2681 5287 τοῦ
2716 5236 2813 5287 σοῦ
2847 5229 3107 5308 ἀδελφοῦ.

2374 5323 2523 5394 [37b]
2559 5322 2657 5393 με’.
2692 5320 2823 5396 Περὶ
2869 5318 2928 5376 δὲ
2986 5329 3083 5378 τοῦ
3138 5323 3242 5379 τόν
3310 5327 3549 5401 Χριστὸν
3605 5320 3874 5392 ἑξομώπσθπῖ

2297 5409 2389 5465 xui
2418 5410 2510 5464 τὸν
2542 5407 2872 5479 Ἑλληνικὸν
2897 5409 3244 5468 ἀσπάσασθαι
3312 5415 3463 5491 βίον,
3493 5412 3643 5470 τοῦτό
3691 5428 3756 5463 σοι
3788 5401 3873 5455 ἀπ’

2120 5567 2345 5621 ΝΟΤᾸΕ.

601 5707 719 5776 (Hi)
755 5707 1005 5775 Crispum
1034 5706 1164 5761 loco
1198 5707 1442 5763 Priscum
1472 5707 1791 5780 legendum
1817 5713 1925 5763 est.
1962 5707 2250 5764 Similiter
2273 5724 2436 5763 num.
2471 5708 2560 5762 45.
2592 5707 2693 5761 Est
2720 5720 2887 5761 error
2917 5707 3166 5765 librarii.
3204 5712 3373 5767 EDIT.

3302 4165 3471 4219 αὐτὸν
3528 4156 3802 4234 Χριστιανόν
3853 4169 3887 4201 τε
3962 4180 3963 4207 ;
