4040 6204
136 337 282 392 1293

1496 341 1557 393 8.
1598 340 1900 395 ΛΒΤΕΜΠ
1938 342 2209 400 PASSIO.

3416 356 3555 415 1294

132 464 497 537 κριθήσομαι,
527 466 634 517 τῶν
664 467 831 537 τριῶν
865 460 1073 518 παίδων
1130 466 1236 516 τῶν
1284 461 1371 516 ἐπὶ
1424 456 1785 517 Ναϐουχοδο-

1910 468 2077 524 verba
2108 469 2285 525 trium
2317 488 2638 543 puerorum
2673 474 2745 529 ad
2794 476 3333 535 Nabuchodonosor
3380 500 3553 539 usur-

144 555 312 628 νόσορ
367 555 467 620 τήν
528 553 711 630 φωνὴν
768 550 1169 625 δανεισάμενος,
1224 552 1298 613 ὡς
1356 554 1601 607 Γνωστὸν
1661 549 1797 607 ἔστω

143 665 259 710 σοι,
297 640 544 717 βασιλεῦ,
578 644 660 696 ὅτι
690 648 807 703 τοῖς
838 648 981 706 θεοῖς
1025 662 1121 695 σου
1166 642 1229 696 οὐ
1279 639 1549 715 λατρεύω,
1596 642 1685 695 καὶ
1729 645 1797 713 τῇ

142 733 319 787 εἰκόνι
348 736 419 796 τῆ
451 730 633 805 χρυσῇ
692 736 789 786 τοῦ
845 737 941 786 σοῦ
999 732 1263 809 φιλτάτου
1321 730 1674 793 Ἀπόλλωνος
1733 728 1798 785 οὔ

136 843 281 877 ποτε
312 823 696 894 προσκυνήσω.
748 826 870 877 ’Ότι
933 819 991 876 δὲ
1043 822 1134 875 τὸν
1198 820 1458 893 μακάριον
1519 824 1800 877 Κωναταν-

130 916 291 968 τῖνον
324 912 415 966 τὸν
448 913 663 965 πάντων
702 910 968 985 βασιλέων
1004 911 1317 984 ὑπέρτερον,
1354 911 1444 965 καὶ
1494 910 1557 964 τὸ
1602 909 1798 965 τούτου

135 1002 303 1076 γὲνος
358 1000 801 1075 ἐξεμυκτήρισας,
862 1000 1060 1075 ἐχθρὸν
1120 1006 1236 1063 τοῖς
1294 1005 1410 1063 σοῖς
1458 998 1796 1060 ἀποκαλέσας

137 1097 319 1160 θεοῖς,
350 1090 438 1145 καὶ
478 1088 753 1162 μανιώδη,
795 1089 884 1144 καὶ
933 1090 1099 1167 φόνου
1155 1089 1368 1161 μεστὸν,
1416 1093 1512 1143 τοῦ
1560 1110 1617 1143 τε
1659 1090 1795 1161 ὁμο-

133 1183 306 1254 γνίου
359 1180 641 1235 ἀνάπλεων
700 1180 954 1252 αἳματος,
1008 1179 1176 1233 ταῦτά
1229 1199 1314 1233 σοι
1384 1179 1516 1253 ὑπὲρ
1594 1178 1797 1233 ἐκείνου

126 1269 593 1344 ἂπολογήσομαιο
653 1269 735 1323 ὅτι
799 1268 1012 1340 μᾶλλον
1053 1270 1080 1323 ὁ
1132 1270 1223 1330 σὸς
1281 1270 1461 1342 πατὴρ
1518 1270 1798 1323 Κωνστάν-

122 1382 257 1424 τιος
284 1360 455 1414 καὶοὶ
500 1358 700 1413 τούτου
758 1355 989 1432 ἀδελφοὶ
1034 1359 1410 1434 προκατῆρξαν
1458 1363 1555 1412 τοῦ
1604 1356 1799 1428 ἀδική-

125 1470 333 1522 ματος,
365 1450 652 1525 φάρμακον
685 1447 831 1518 αὐτῴ
876 1445 1219 1517 δηλητήριον
1270 1448 1655 1521 κερασάμενοι,
1706 1447 1797 1501 καὶ

123 1540 365 1603 θάνατον
402 1536 655 1611 ὀλέθριον
710 1538 1160 1612 προξενήσαναες,
1228 1535 1396 1609 μηδὲν
1445 1538 1581 1611 πρὸς
1632 1536 1798 1590 αὐτοῦ

125 1627 467 1689 πεπονθότες
529 1625 741 1682 ἄδικονο
804 1629 1047 1689 Ἐκεῖνος
1109 1625 1166 1681 δὲ
1214 1630 1314 1695 τήν
1369 1634 1595 1702 γυναῖκα
1650 1627 1801 1681 Φαύ-

130 1738 296 1783 σταν,
355 1717 445 1771 καὶ
504 1720 644 1771 πάνυ
705 1714 930 1778 δικαίως
980 1716 1287 1771 ἀπέκτεινεν
1345 1717 1420 1779 ὡς
1479 1714 1795 1789 μιμησαμέ-

127 1827 236 1874 νην
267 1806 368 1873 τήν
403 1803 572 1859 πάλαι
607 1802 872 1879 Φαίδραν,
905 1804 995 1859 καὶ
1056 1800 1419 1860 διαϐαλοῦσαν
1464 1806 1557 1859 τὸν
1601 1803 1798 1858 τούτου
1828 1834 1875 1898 Β

133 1894 263 1949 υἱὸν
296 1893 538 1967 Πρίσκον
598 1892 880 1966 [Κρίσπον]
940 1893 1015 1955 ὡς
1069 1894 1342 1968 ἐρωτικῶς
1400 1893 1533 1967 αὐτῇ
1592 1890 1791 1947 διακεί-

131 2005 302 2057 μενον
336 1990 429 2038 καί
460 2003 512 2037 τι
563 1985 698 2058 πρὸς
756 1984 873 2058 βίαν
924 1982 1330 2058 ἐπιχειροῦντα,
1388 1985 1627 2058 καθάπερ
1684 1985 1791 2037 κά-

124 2074 286 2142 κείνη
320 2074 414 2127 τὸν
446 2077 544 2127 τοῦ
576 2071 795 2142 Θησέως
852 2072 1199 2129 Ἰππόλυτον·
1234 2073 1322 2126 καὶ
1372 2070 1439 2141 δὴ
1484 2074 1621 2126 κατά
1666 2070 1789 2132 τοὺς

124 2168 237 2231 τῆς
298 2161 513 2239 φύσεως
574 2162 779 2233 νόμους
831 2162 903 2221 ὡς
962 2163 1143 2234 πατὴρ
1200 2162 1289 2215 τὸν
1340 2161 1454 2215 υἱὸν
1518 2159 1786 2232 ἠμύνατο.

131 2254 398 2325 ’Ὕστερον
444 2252 539 2323 μέν
599 2272 683 2305 τοι
741 2249 927 2321 μαθὼν
982 2252 1079 2318 τήν
1135 2248 1414 2319 ἀλήθειαν,
1473 2249 1562 2304 καὶ
1621 2248 1788 2316 αὐτὴν

128 2340 585 2415 προσαπέκτεινε,
650 2336 805 2409 δίκην
867 2338 947 2393 ἐπ’
1006 2340 1143 2412 αὐτῇ
1203 2336 1425 2399 δικάσας
1480 2342 1665 2392 πασῶν
1706 2335 1788 2391 δι-

132 2428 458 2497 καιοτάτην.
508 2427 796 2485 Ἀπὲκλινε
855 2425 912 2481 δὲ
967 2427 1102 2500 πρὸς
1153 2427 1244 2481 τὸν
1307 2428 1564 2500 Χριστὸν,
1623 2426 1791 2499 οὐρα-

128 2517 287 2570 νόθεν
322 2515 531 2570 ἐκείνου
590 2514 947 2581 καλέσαντος,
1006 2515 1095 2569 ὅτε
1151 2515 1251 2582 τὴν
1308 2514 1445 2589 πρὸς
1496 2513 1788 2583 Μαξὲντιον

130 2602 392 2679 δριμεῖάν
425 2625 482 2658 τε
512 2604 600 2659 καὶ
646 2605 956 2677 βαρυτάτην
1010 2601 1375 2677 διηγωνίσατο
1428 2602 1636 2676 μάχην,
1686 2600 1791 2655 δεί-

136 2695 236 2764 ξας
266 2692 415 2764 αὐτῷ
440 2692 504 2747 τὸ
535 2695 631 2746 τοῦ
680 2696 914 2766 σταυροῦ
963 2697 1192 2764 σημεῖον
1247 2690 1516 2763 μεσούσης
1562 2689 1792 2764 ἡμέρας,

143 2783 288 2857 ὑπὲρ
319 2782 410 2835 τὸν
437 2780 602 2849 ἥλιον
630 2786 751 2841 ταῖς
806 2780 1001 2855 αὐγαῖς
1058 2779 1435 2852 ἐξαστράπτον,
1479 2780 1568 2833 καὶ
1616 2780 1795 2854 γράμ-

134 2892 301 2944 μασιν
336 2869 695 2942 άστροτόπως
752 2869 1058 2944 ῥωμαίκοῖς
1092 2866 1435 2939 διασημήνας
1484 2866 1647 2921 αὐτοῦ
1693 2868 1793 2935 τὴν

134 2964 235 3015 τοῦ
268 2959 523 3030 πολέμου
551 2958 729 3026 νίκην·
764 2959 929 3029 ἡμεῖς
971 2977 1030 3011 τε
1083 2958 1185 3031 γὰρ
1238 2957 1391 3011 αὐτοὶ
1446 2957 1509 3011 τὸ
1566 2961 1793 3027 σημεῖον

134 3048 476 3120 ἐθεασάμεθα
505 3051 584 3118 τῷ
631 3045 866 3118 πολέμῳ
914 3045 1198 3119 παρόντες,
1238 3046 1326 3099 καὶ
1376 3046 1441 3099 τά
1497 3047 1797 3120 γράμματα

1909 574 2096 628 pans:
2138 561 2353 614 Notum
2404 562 2506 616 tibi
2560 564 2653 632 sit,
2705 582 2827 628 rex,
2881 567 3036 636 quod
3081 567 3223 621 deos
3271 576 3403 623 tuos
3434 589 3552 628 non

1909 646 2059 713 colo,
2094 654 2151 701 et
2173 654 2426 704 statuam
2468 668 2710 706 auream
2749 654 3121 709 dilectissimi
3148 658 3226 711 tui
3261 659 3552 729 Apollinis

1908 753 2217 807 nunquam
2251 740 2509 795 adorabo
2534 745 2571 795 ⁸.
2602 743 2763 807 Quod
2789 752 2984 800 autem
3012 746 3250 801 beatum
3274 749 3550 804 Constan-

1908 825 2121 890 tinum,
2157 829 2421 882 omnium
2455 830 2879 901 imperatorum
2913 837 3238 890 maximum
3302 839 3552 909 ejusque

1902 914 2192 969 familiam
2206 916 2725 987 despexisti.illum
2742 922 3049 978 inimicum
3063 924 3301 981 deorum
3319 933 3553 983 tuorum

1904 1011 2207 1069 vocans,et
2227 1005 2682 1069 insentatum.et
2706 1011 2882 1066 caedis
2907 1012 3170 1082 plenum,
3206 1020 3263 1069 et
3284 1020 3553 1083 cognato-

1904 1108 2037 1145 rum
2071 1094 2356 1165 sanguine
2389 1095 2788 1165 inquinatum,
2822 1099 2946 1153 haec
2979 1100 3048 1154 de
3085 1118 3150 1155 eo
3180 1102 3283 1155 tibi
3312 1119 3553 1174 respon-

1905 1179 2076 1234 debo:
2102 1182 2280 1252 Magis
2304 1183 2530 1238 scilicet
2552 1192 2718 1255 pater
2741 1192 2874 1242 tuus
2900 1190 3279 1245 Constantius
3302 1192 3550 1262 ejusque

1903 1268 2115 1323 fratres
2146 1271 2375 1340 priores
2405 1273 2609 1344 injusti
2643 1274 2902 1345 fuerunt,
2946 1279 3045 1348 qui
3076 1286 3278 1350 potum
3306 1297 3555 1335 venena-

1904 1363 2031 1412 tum
2070 1359 2387 1414 miscentes
2419 1362 2805 1419 Constantino
2838 1367 3109 1421 acerbam
3144 1374 3395 1423 mortem
3428 1386 3557 1439 pro-

1905 1448 2209 1517 pinarunt,
2243 1450 2407 1504 nulla
2436 1456 2634 1506 tamen
2666 1452 2737 1507 ab
2771 1472 2838 1508 eo
2871 1456 3095 1527 injuria
3129 1457 3551 1529 lacessitilpse

1906 1542 2103 1591 autem
2137 1554 2379 1593 uxorem
2414 1557 2578 1595 suam
2612 1544 2884 1598 Faustam
2908 1545 3068 1615 juste
3100 1546 3420 1601 admodum
3448 1564 3548 1601 oc-

1906 1625 2069 1692 cidit,
2101 1628 2241 1697 quia
2266 1634 2521 1683 veterem
2558 1631 2864 1687 Phaadram
2898 1634 3145 1697 imitata,
3189 1635 3551 1689 calumniata

1908 1722 1998 1769 est
2051 1716 2427 1787 imperatoris
2488 1719 2675 1773 ﬁlium
2731 1722 3019 1789 Priscum,
3081 1734 3141 1777 ut
3199 1725 3297 1793 qui
3348 1741 3550 1779 amore

1908 1805 2037 1875 ejus
2090 1811 2295 1875 captus
2343 1807 2456 1860 vim
2508 1809 2560 1861 ei
2608 1808 2827 1864 inferre
2876 1817 3123 1866 conatus
3174 1819 3350 1879 esset,
3400 1813 3553 1867 sicut

1909 1893 2085 1948 etiam
2120 1894 2222 1948 illa
2251 1895 2458 1950 Thesei
2493 1897 3551 1970 ﬁlium.Hippolytum.Constantinus

1906 1983 2146 2052 quidem
2170 1983 2342 2053 juxta
2363 1990 2587 2039 natura:
2621 1986 2801 2057 leges,
2836 1993 2901 2041 ut
2930 1993 3117 2058 pater,
3152 1990 3341 2043 ﬁlium
3375 1990 3555 2060 puni-

1898 2072 2016 2137 vit;
2050 2077 2255 2141 postea
2286 2089 2443 2135 vero,
2476 2080 2780 2144 comperta
2812 2076 3076 2142 veritate,
3109 2094 3354 2132 uxorem
3399 2095 3548 2148 quo-

1900 2176 2015 2228 que
2048 2161 2342 2214 sententia
2382 2161 2647 2215 omnium
2692 2164 3031 2231 justissima
3080 2166 3254 2218 morti
3302 2165 3547 2220 addixit.

1900 2248 2197 2301 Christum
2238 2254 2433 2303 autem
2484 2255 2550 2303 ut
2578 2250 2762 2305 Deum
2793 2252 3029 2322 agnovit
3058 2252 3280 2307 cmlesti
3312 2254 3547 2324 appari-

1900 2337 2059 2392 tione
2088 2337 2159 2391 ab
2214 2354 2281 2393 eo
2330 2345 2588 2406 vocatus,
2641 2340 2877 2409 quando
2909 2340 3150 2395 difﬁcile
3183 2349 3242 2396 et
3271 2343 3547 2413 gravissi-

1900 2444 2063 2480 mum
2096 2426 2364 2497 praelium
2398 2427 2675 2482 adversus
2709 2430 3062 2484 Maxentium
3085 2432 3402 2485 commisit.
3438 2434 3548 2502 Ap-

1901 2516 2097 2586 paruit
2126 2516 2283 2569 enim
2316 2517 2507 2570 crucis
2538 2518 2794 2588 signum,
2816 2518 2973 2588 quod
3006 2520 3202 2573 media
3233 2520 3327 2574 die
3350 2520 3542 2574 lucem

1904 2604 2046 2658 solis
2073 2604 2387 2674 splendore
2420 2622 2525 2659 suo
2558 2606 2897 2676 superabat,
2951 2613 3009 2661 et
3055 2608 3269 2662 litteris
3302 2608 3545 2673 Latinis,

1904 2693 2135 2747 siderea
2168 2699 2308 2747 nota
2337 2693 2547 2758 ductis,
2600 2694 2785 2764 ipsius
2836 2696 2897 2748 in
2946 2695 3101 2749 bello
3132 2697 3437 2750 victoriam
3470 2696 3552 2749 si-

1902 2780 2238 2852 gniﬁcabat.
2274 2783 2416 2835 Nam
2444 2798 2553 2835 nos
2602 2782 2713 2851 ipsi
2759 2783 2993 2854 signum
3040 2784 3294 2837 vidimus
3344 2784 3548 2854 praelia

1904 2874 2247 2941 praesentes,
2282 2874 2339 2923 et
2366 2868 2543 2924 verba
2574 2870 2844 2941 legimus.
2895 2872 3019 2925 Imo
3070 2876 3228 2926 totus
3259 2873 3550 2927 exercitus

1904 2958 2031 3012 hazc
2091 2958 2250 3024 vidit,
2310 2958 2648 3029 multosque
2705 2959 2885 3031 hujus
2941 2960 3191 3032 prodigii
3251 2965 3430 3016 testes
3488 2961 3551 3016 in

1906 3047 2166 3102 exercitu
2196 3048 2478 3118 reperias,
2512 3047 2687 3102 modo
2714 3048 2859 3103 velis
2893 3050 3277 3122 interrogare.

139 3139 551 3213 ὑπανέγνωμεν·
586 3135 731 3191 ἀλλᾶ
762 3136 853 3191 καὶ
882 3137 945 3190 τὸ
972 3132 1335 3211 στρατόπεδον
1364 3136 1499 3190 ἅπαν
1553 3135 1791 3203 τεθέατο,
1822 3135 1909 3189 iu",
1942 3134 2151 3191 πολλοὶ
2184 3137 2331 3210 [376]
2361 3135 2551 3190 τούτον
2589 3136 2856 3212 μάρτυρες
2884 3136 2935 3190 ἐν
2962 3142 3042 3209 τῷ
3074 3142 3152 3210 σῷ
3201 3135 3549 3213 στρατοπέδῳ

132 3228 535 3302 τυγχάνουσιν,
568 3224 621 3279 εἴ
645 3246 709 3299 γε
737 3222 841 3299 ἄρα
872 3223 1145 3300 ἐρωτῆσαι
1179 3223 1485 3294 θελήσειας.

212 3317 321 3389 μς’.
358 3313 456 3370 Καὶ
485 3315 537 3369 τί
572 3312 639 3382 δὴ
670 3318 840 3369 ταῦτα
875 3312 1024 3387 λέγω
1054 3333 1067 3382 ;
1100 3314 1190 3368 τὸν
1226 3314 1453 3386 Χριστὸν
1484 3311 1683 3368 ἄνωθεν
1740 3315 1791 3369 οἱ
1822 3318 1864 3384 C

128 3412 423 3482 προφῆται
480 3402 978 3478 προκατήγγειλαν,
1039 3404 1113 3465 ὡς
1174 3403 1263 3456 καὶ
1320 3403 1482 3464 αὐτὸς
1554 3408 1797 3477 κρεῖττον

130 3494 447 3550 ἐπίστασαι·
481 3492 572 3546 καὶ
603 3489 811 3546 πολλαὶ
844 3494 943 3559 τῆς
998 3490 1163 3545 αὐτοῦ
1211 3492 1506 3565 παρουσίας
1555 3493 1609 3545 αἱ
1663 3511 1798 3564 μαρ-

124 3584 325 3657 τυρίαι
356 3582 462 3635 κὰκ
486 3585 594 3635 τῶν
623 3582 751 3655 παρ’
784 3580 911 3652 ὑμῖν
960 3574 1269 3652 σεϐομένων
1326 3581 1484 3648 θεῶν,
1547 3581 1637 3633 καὶ
1690 3584 1797 3635 τῶν

130 3675 425 3747 χρησμῶν
456 3670 512 3724 αἱ
560 3669 982 3744 προαγορεύσεις
1054 3669 1122 3722 τὰ
1163 3689 1220 3721 τε
1274 3662 1573 3723 Σιϐύλλεια
1622 3668 1799 3743 γράμ-

134 3780 309 3834 ματα,
340 3758 431 3811 καὶ
462 3760 497 3826 ἡ
530 3762 627 3810 τοῦ
657 3756 950 3831 Βιργιλίου
981 3759 1076 3809 τοῦ
1106 3756 1386 3827 Ῥωμαίου
1443 3756 1686 3822 ποίησις,
1737 3757 1798 3823 ἦν

136 3850 305 3919 ὑμεῖς
336 3845 682 3914 Βουκολικήν
712 3844 1034 3917 ὀνομάζετε,
1092 3844 1185 3898 καὶ
1236 3844 1399 3905 αὐτὸς
1430 3845 1457 3898 ὁ
1489 3847 1619 3919 παρ’
1674 3845 1803 3915 ὑμῖν

135 3935 567 4008 θαυμαζόμενος
601 3932 895 3991 Ἀπόλλων
931 3935 958 3987 ὁ
992 3934 1250 4005 μαντικὸς
1279 3930 1493 3987 τοιόνδε
1521 3933 1641 3987 τινὰ
1678 3932 1804 4005 περὶ

134 4028 385 4099 Χριστοῦ
445 4023 749 4100 ἐξεφώνησε
836 4022 1026 4095 λόγον.
1114 4020 1445 4091 Ἐρωτηθεὶς
1505 4022 1608 4096 γὰρ
1660 4021 1805 4094 παρά

141 4117 259 4168 τῶν
289 4114 484 4167 ἑαυτοῦ
510 4110 833 4186 προπόλων,
861 4110 1214 4185 ἀποκρίνεται
1246 4107 1371 4164 ὠδε’

134 4234 239 4300 Μὴ
275 4226 469 4308 ὄφελες
500 4229 753 4302 πύματόν
790 4249 856 4301 με
883 4229 977 4283 καὶ
1008 4227 1231 4283 ὕστατον
1266 4226 1581 4301 ἐξερέεσθαι,

130 4374 388 4447 Δύσμορ’
422 4372 567 4444 ἐμῶν
601 4371 925 4447 πρόλπόλων,
956 4371 1083 4447 περὶ
1117 4370 1424 4447 θεσπεσίοιο
1457 4372 1623 4447 θεοῖο,

128 4439 475 4512 Καί’πνόιῆς
503 4452 603 4513 τῆς
634 4439 809 4498 πάντα
841 4444 994 4517 πέριξ
1031 4439 1633 4517 βοτρυηδὸν-ἐχοόσης,

127 4520 353 4592 Τείραῑ,
390 4522 526 4593 φῶς,
560 4517 845 4593 ποταμοὺς
870 4515 962 4593 καὶ
992 4514 1294 4593 Τάρταρον,
1325 4514 1461 4593 ᾐὲρμ
1487 4515 1729 4593 καὶπῦρ,

128 4593 200 4647 Ἡ
339 4569 432 4643 iiii
461 4569 557 4642 oiix
588 4569 846 4659 ἔθελὀντα
872 4569 1195 4659 δόμων⁸ἀπό
1224 4569 1404 4659 τῶνδε⁸
1423 4583 1630 4641 διώκει.

231 4646 293 4717 δὲ
313 4661 453 4750 ’ἐμοὶ
482 4646 757 4750 τριπόδων
791 4654 869 4712 ἔτι
902 4646 1119 4750 λὲίπΙετο
1147 4654 1446 4750 ἡριῖἔνειμζ

127 4735 236 4801 Α’ἰ,
272 4732 334 4787 αἴ
360 4729 453 4805 με,
485 4729 766 4805 τρίποδες,
800 4733 1194 4805 στοναχησατε,
1229 4729 1399 4805 οἴχετ’
1436 4729 1753 4805 ’ᾼπολλὼν,

135 4801 735 4894 ()ἷ’χετ’,’ὲπεῖ’βροτός
767 4823 831 4872 με
867 4801 1106 4893 βιάζεται
1139 4801 1557 4894 οιξράνὶοςιφῶςο

135 4886 170 4894 ..
280 4877 294 4894 .
419 4886 437 4894 -
559 4881 592 4894 η
963 4876 975 4890 κ
1119 4885 1141 4894 ,
1217 4893 1228 4894 γ
1303 4893 1308 4894 γ
1352 4882 1506 4894 μέμ-ν,
1547 4892 1557 4894 _

130 4869 304 4934 Καῗὸ
336 4869 685 4938 παθὼν’Θεός
717 4869 986 4940 ἐστιίκαῖ
1017 4875 1082 4928 οὐ
1118 4869 1312 4943 θεότης
1344 4869 1508 4935 πάθεν
1543 4869 1698 4940 αὐτή.

211 4997 233 5030 ⁸
264 4995 415 5049 Dan.
450 5008 532 5059 ιιι,
568 4992 655 5044 18.

1974 3319 2062 3370 45.
2096 3316 2183 3371 Ad
2212 3316 2354 3387 quid
2386 3318 2722 3371 autemhaac
2754 3316 2915 3372 dico?
2939 3319 3235 3373 Christum
3267 3335 3301 3373 a
3334 3318 3549 3373 saeculo

1906 3406 2208 3477 prophetas
2240 3406 2737 3475 prmnuntiarunt,
2771 3412 2837 3460 ut
2868 3412 2931 3461 tu
2962 3408 3087 3478 ipse
3118 3408 3338 3479 optime
3370 3408 3549 3462 nosti.

1908 3498 1979 3550 Et
2006 3495 2193 3549 multa
2224 3500 2363 3549 sunt
2405 3494 2476 3548 de
2527 3496 2655 3565 ejus
2702 3495 2958 3549 adventu
3006 3497 3346 3551 testimonia
3375 3498 3552 3551 etiam

1911 3601 2136 3649 eorum,
2171 3585 2271 3654 qui
2296 3601 2330 3638 a
2360 3584 2521 3638 vobis
2555 3584 2853 3652 coluntur,
2879 3586 3122 3639 deorum
3151 3603 3163 3651 ;
3192 3585 3392 3639 multa)
3415 3602 3556 3654 quo-

1912 3690 2023 3744 que
2039 3673 2404 3728 oraculorum
2419 3673 3070 3744 praedictionesquibus
3084 3674 3408 3728 concinunt
3420 3673 3557 3727 libri

1913 3763 2209 3835 Sibyllini,
2242 3780 2352 3816 nec
2383 3780 2502 3816 non
2536 3762 2760 3829 Virgilii
2805 3764 3053 3818 Romani
3105 3764 3393 3827 carmina,
3427 3779 3557 3832 quas

1910 3868 2011 3907 vos
2041 3851 2297 3905 Bucolica
2326 3851 2659 3922 appellatis.
2695 3853 2817 3905 Imo
2866 3856 2925 3905 et
2962 3851 3107 3922 ipse
3135 3851 3292 3922 apud
3324 3868 3424 3906 vos
3455 3850 3560 3906 ad-

1910 3940 2221 3995 mirandus
2250 3940 2482 4010 Apollo,
2515 3957 2831 4010 supremus
2862 3940 3159 4007 fatidicus,
3210 3940 3555 4011 hujusmodi

1914 4030 1985 4084 de
2016 4029 2244 4083 Christo
2275 4028 2523 4099 protulit
2551 4046 2888 4084 sermonem
2914 4050 2928 4093 ;
2970 4029 3363 4100 interrogatus
3394 4030 3553 4083 enim

1914 4136 1949 4176 ο.
1976 4118 2269 4174 ministris
2297 4120 2420 4172 suis
2452 4119 2535 4172 sic
2566 4118 2874 4189 respondit
2899 4135 2911 4171 :

1914 4235 2030 4289 Non
2062 4233 2348 4303 oportebat
2375 4249 2459 4286 me
2486 4234 2543 4286 in
2584 4234 2842 4287 extremis
2890 4239 3187 4287 versantem
3233 4233 3434 4301 (15-16)
3465 4233 3553 4285 in-

1914 4376 2215 4431 Miserandi
2244 4376 2500 4437 ministri,
2534 4375 2599 4427 de
2630 4376 2735 4428 Deo
2765 4376 2863 4442 qui
2891 4375 2956 4428 de
2986 4305 3444 4438 cwloqlegﬂsicggi,’

1916 4449 1981 4503 Et
2011 4446 2215 4517 spiritu
2246 4445 2347 4514 qui
2374 4447 2561 4497 omnia
2601 4448 2802 4499 circum
2834 4453 2893 4498 ut
2925 4447 3105 4499 botrus
3153 4446 3558 4514 complectitur,

1915 4522 2102 4576 Astra.
2137 4517 2331 4581 lucem,
2364 4518 2560 4584 fluvios
2590 4523 2639 4569 et
2668 4519 2979 4581 Tartarum,
3020 4534 3171 4583 aera,
3204 4524 3255 4570 et
3288 4519 3485 4585 ignem,

1916 4590 2025 4654 Qui
2051 4605 2137 4641 me
2164 4589 2325 4641 etiam
2356 4589 2588 4640 inritum
2621 4587 2688 4641 ab
2720 4588 2923 4641 (pdibus
2952 4590 3071 4643 istis
3090 4588 3378 4657 propellit.

1840 4688 1885 4751 Π
1917 4660 2063 4751 gilii,
2086 4666 2268 4751 autem
2298 4659 2411 4751 sola
2429 4659 2717 4751 tripodum
2729 4675 2886 4751 [iiuna
2907 4662 3167 4751 remansit
3195 4675 3397 4751 aur‘or‘a
3429 4660 3560 4751 (1’7);

1918 4732 2063 4785 Hei!
2094 4731 2223 4784 hei!
2252 4747 2334 4783 me
2366 4730 2622 4799 tripodes,
2656 4731 2886 4799 deﬂete;
2916 4733 3212 4785 exstinctus
3231 4737 3306 4784 est
3334 4730 3558 4800 Apollo.

1920 4802 2513 4870 Emstinctus,quoniam
2540 4800 2627 4854 vir
2654 4818 2737 4854 me
2756 4803 2939 4870 perdit
2962 4803 3185 4856 cmlestis
3217 4801 3422 4856 lumine
3441 4818 3557 4855 suo.

1923 4876 1997 4927 Et
2027 4876 2125 4943 qui
2142 4889 2338 4943 passus
2368 4878 2442 4927 est
2473 4874 2607 4927 Deus
2637 4879 2732 4941 est,
2760 4889 2858 4928 nec
2900 4874 3077 4928 deitas
3098 4889 3265 4943 passa
3310 4880 3387 4929 est
3416 4875 3558 4943 ipsa.

1750 5078 1973 5133 ΝΟΤᾸΞ.

204 5181 425 5249 (15-16)
466 5181 530 5233 In
583 5180 780 5233 Grmco
840 5176 1058 5248 legitur
1096 5173 1436 5249 εγιῐόματόν
1500 5174 1589 5228 καὶ
1649 5173 1806 5229 ὕστα-

128 5248 254 5320 τον,
294 5248 429 5323 (ιιιω
458 5250 641 5323 δωὺο
661 5255 966 5323 εφῑνᾳηηινη
997 5248 1362 5323 signiﬁcant.
1393 5249 1557 5323 _Eo_1r.

356 5324 569 5396 Textus
600 5322 684 5396 sic
716 5319 931 5396 habet:
962 5312 1238 5391 τριπόδων
1277 5312 1358 5371 ἔτι
1393 5316 1614 5370 λείπετο
1674 5318 1806 5388 ἠρι-

127 5390 345 5469 γένεια.
380 5426 446 5469 έ
473 5390 1185 5469 Ἡριγξιειανῶρξκπιαηε
1232 5396 1291 5445 et
1335 5407 1503 5469 pervio
1548 5396 1807 5469 tempore,

128 5461 425 5541 Ῠίγνομαι)
459 5461 696 5541 proprie
725 5468 816 5518 est
846 5461 1162 5541 epitheton
1183 5462 1356 5541 quod
1392 5461 1672 5541 tribuitur
1702 5477 1808 5516 au-

129 5483 425 5541 γιγνομαι)
501 5483 696 5535 roprie
725 5483 816 5518 εει
846 5483 1162 5533 epuuewn
1198 5483 1356 5531 quou
1392 5483 1672 5541 tribuitur
1702 5483 1808 5516 au-

129 5557 317 5595 roraz.
356 5483 521 5594 Umie
564 5537 765 5601 etiam,
801 5540 867 5587 ut
904 5535 1021 5597 hic,
1058 5534 1377 5588 adhibetur
1405 5533 1478 5588 ad
1502 5532 1812 5601 desngnan-

136 5611 285 5665 dam
320 5610 508 5680 ipsam
540 5622 839 5680 auroram.
876 5605 987 5680 Sed
1024 5606 1210 5680 quaari
1276 5610 1470 5680 potest
1515 5604 1657 5680 quid
1708 5620 1815 5674 per

136 5675 435 5754 tripodum
461 5695 724 5737 auroram
756 5676 1223 5749 intelligendum
1252 5677 1347 5731 sit.
1381 5677 1528 5731 Puto
1562 5675 1653 5729 his
1684 5692 1813 5730 ver-

1919 5176 2009 5257 bis
2033 5176 2445 5257 antiquitatem
2470 5176 2767 5257 tripodum
2793 5176 3137 5257 erprimizac
3162 5175 3209 5231 si
3226 5176 3561 5257 diceretur:

1920 5247 2162 5317 Antiqui
2197 5246 2745 5317 tripodes;tripodes
2770 5246 2985 5317 quibus
3015 5248 3087 5301 ab
3118 5247 3380 5317 antiquis
3414 5252 3566 5300 tem-

1918 5319 2184 5390 poribus;
2219 5324 2277 5372 et
2327 5319 2495 5389 quasi
2536 5318 2608 5373 ab
2661 5336 2875 5373 aurora
2922 5318 3152 5385 mundi,
3204 5320 3265 5372 in
3319 5318 3567 5373 edendis

1920 5389 2176 5444 oraculis
2206 5407 2351 5445 usus
2382 5406 2533 5444 sum.
2570 5421 2635 5429 —
2666 5392 2873 5445 Posset
2920 5407 3153 5460 quoque
3202 5391 3328 5444 hinc
3384 5390 3565 5460 inter;

1919 5462 2173 5533 pretatio
2206 5462 2456 5532 proponi
2482 5479 2494 5516 :
2532 5459 2968 5533 Remanserunt
2997 5459 3142 5516 mihi
3172 5459 3569 5532 tripodes,sed

1921 5532 2081 5586 Omni
2115 5549 2220 5585 sua
2249 5533 2436 5598 gloria
2459 5549 2525 5586 ac
2557 5534 2768 5587 virtute
2794 5532 3080 5599 destituti,
3118 5538 3174 5587 et
3204 5538 3380 5603 prout
3403 5536 3573 5586 erant

1922 5604 1994 5658 ad
2027 5603 2315 5673 originem
2361 5606 2701 5674 (auroram),
2757 5604 2855 5659 ubi
2890 5605 3155 5659 nondum
3188 5621 3294 5674 per
3340 5603 3570 5658 fabulas

1924 5681 1982 5731 et
2008 5675 2334 5747 prwstigias
2365 5674 2478 5730 sibi
2508 5675 2913 5732 celebritatem
2951 5680 3455 5748 comparaverant.
3488 5675 3566 5727 In.
