4040 6204
554 321 577 377 4
588 320 696 376 295

2074 311 2445 369 ΛΒΒΒΝΟΔ.

3712 339 3808 396 1296

620 449 708 503 47.
742 443 1069 516 Respondit
1098 444 1417 513 Apostata:
1450 444 1597 497 Puto
1630 444 1708 505 te,
1742 457 1775 495 o
1806 438 2055 500 Artemi,
2079 455 2186 493 nor

2310 525 2321 529 Α
2389 437 2494 529 μζ,
2526 435 2845 496 Ύπολαὸὼν
2905 439 2961 498 δὲ
2989 443 3018 499 6
3049 440 3371 518 Παραόάτης
3419 446 3522 527 ἔφη·
3558 460 3674 511 Aonii
3707 480 3762 529 σε,
3784 462 3813 516 ὦ

552 537 766 592 ducem
816 534 877 588 in
924 535 1168 605 Egypto
1209 533 1415 602 fuisse,
1467 531 1571 586 sed
1615 536 1807 585 vatem
1856 529 2198 601 quemdam,

552 641 658 680 seu
687 624 882 696 potius
915 623 1267 678 sannionem
1299 627 1402 676 aut
1431 620 1967 676 circumforaneum
2012 618 2202 672 nebu-

549 714 771 779 lonem,
837 728 1059 767 anuum
1107 710 1569 765 temulentarum
1617 707 2096 764 narratiunculas
2146 710 2204 760 et

550 801 783 857 fabulas
814 806 1041 855 veteres
1071 805 1247 869 atque
1281 799 1620 869 antiquatas
1660 797 2198 852 circumferentem.

554 893 624 945 Et
652 896 916 963 martyr:
952 892 1076 945 Non
1114 895 1294 955 recte,
1339 890 1553 960 inquit,
1601 888 1910 959 judicasti,
1943 886 2204 958 impera-

557 985 668 1047 tor,
706 996 902 1050 neque
944 986 1008 1033 ut
1032 984 1194 1033 tuam
1243 978 1414 1033 decet
1452 978 1806 1049 sapientiam
1839 981 1897 1032 et
1925 976 2200 1030 virtutem

555 1071 633 1123 Ex
662 1069 776 1124 diis
807 1068 924 1123 tuis
955 1073 1034 1135 et,
1068 1085 1197 1139 quae
1228 1073 1392 1140 grata
1436 1066 1640 1134 habes,
1694 1064 2068 1120 documentis
2100 1062 2202 1118 de-

553 1157 1016 1214 monstrationes
1045 1174 1209 1219 eruo,
1241 1161 1307 1210 ut
1337 1173 1406 1211 ex
1449 1154 1698 1227 cognitis
1747 1153 1938 1208 discas
1986 1152 2201 1207 verita-

555 1249 630 1303 tis
667 1246 1243 1318 mysterium.Neque
1276 1245 1577 1300 existimes
1610 1260 1702 1298 me
1733 1242 2044 1314 gentilium
2073 1257 2203 1296 ver-

552 1337 644 1392 bis
676 1336 958 1392 delectari
986 1353 999 1401 ;
1046 1351 1183 1389 nam
1209 1334 1382 1389 oleum
1409 1336 1714 1404 peccatoris
1742 1349 1852 1386 non
1892 1334 2204 1402 impinguet

549 1434 716 1497 caput
748 1443 924 1480 meum
953 1426 1013 1490 °;
1049 1425 1150 1479 sed
1180 1424 1253 1478 de
1304 1423 1519 1478 anima;
1570 1429 1683 1477 tuaa
1735 1422 1924 1476 salute
1975 1420 2198 1475 sollici-

553 1521 669 1581 tus,
703 1532 942 1569 omnem
985 1529 1190 1568 moveo
1242 1512 1521 1583 lapidem,
1574 1517 1639 1566 ut
1684 1510 1790 1565 tibi
1841 1510 2053 1565 veritas
2101 1509 2204 1563 fiat

552 1620 851 1676 persuasa
888 1604 1009 1656 Meo
1044 1601 1283 1672 quidem
1305 1601 1553 1672 judicio.
1579 1598 2081 1671 quemadmodum
2108 1599 2204 1653 Sa-

553 1699 722 1748 tanas
753 1696 1010 1747 veterem
1045 1691 1251 1757 Adam,
1289 1691 1547 1761 primum
1581 1693 1908 1760 parentem,
1944 1703 2200 1743 occaeca-

2310 525 2584 619 ’_Apt_ép.is,
2628 529 2689 584 οὐ
2719 534 3049 619 Δστρατηγὸν
3108 532 3160 589 ἒν
3226 525 3466 611 Αἰγύπτιρ
3514 525 3816 619 παραγενίσόαι,

2309 612 2456 707 άλλά
2485 616 2883 695 χρησμολόγον
2913 622 3051 691 τινα,
3085 621 3297 695 μᾶλλον
3330 622 3383 681 δὲ
3412 612 3726 707 βωμολόχσνῆ
3745 612 3815 707 μὴν

2310 702 2567 796 ἀγόρτην,
2627 707 2716 796 καὶ
2766 714 2950 784 γραῶν
3009 716 3458 787 κῶθωνιζομὲνων
3510 702 3817 796 λογόδριαῑιιαί

2302 790 2515 885 μύθους
2570 795 2842 885 παλαιοὺς
2916 799 3007 853 καὶ
3090 804 3443 878 γεγηρακόνας
3518 790 3822 885 ἐπισυνάγοντα.

2308 881 2413 937 Καὶ
2446 884 2473 937 6
2510 884 2732 957 μάρτυς·
2766 887 2842 944 Οὐ
2873 888 3057 951 καλῶς
3090 890 3410 971 ὑπείληφας,
3440 893 3479 948 ὦ
3508 881 3716 970 βασιλεῦ,⁷
3744 900 3823 955 οὖδὶ

2307 974 2406 1035 τῆς
2437 978 2535 1041 σῆς
2564 994 2758 1051 σοφιας
2814 978 2902 1031 καὶ
2964 980 3156 1052 ἀρετῆς
3214 979 3490 1037 ἶσοστάσια·
3540 983 3592 1040 ὲκ
3634 991 3718 1041 τῶν
3757 995 3825 1044 σῦν

2311 1055 2369 1113 δὲ
2399 1064 2532 1123 θεῶν
2559 1062 2649 1117 καὶ
2677 1068 2788 1118 τῶν
2821 1085 2906 1120 σοι
2936 1066 3261 1145 προσφιλῶν
3322 1070 3618 1143 μαθημάτων
3640 1074 3828 1149 ποιοῦμαι

2307 1148 2404 1212 τὰς
2461 1149 2786 1222 ἂποδείξεις,
2843 1154 2915 1208 'iv’
2963 1154 3024 1210 ἰκ
3076 1160 3185 1211 τῶν
3246 1178 3332 1213 σοι
3382 1161 3631 1235 γνωρίμων
3677 1164 3726 1217 τὸ
3766 1148 3830 1234 τῆς

2309 1236 2567 1307 ἀληθείας
2600 1241 2794 1313 μάθοις
2842 1246 3165 1317 μυστήριον,
3224 1246 3315 1300 καὶ
3368 1250 3437 1320 μή
3492 1270 3550 1321 με
3598 1247 3721 1325 δόξῃς
3759 1259 3834 1315 τοῖς

2311 1327 2461 1400 [377]
2513 1333 2618 1383 τῶν
2677 1328 2963 1401 Ἑλλήνων
3025 1327 3513 1409 ἐγκαλλωπίζεσθαι
3565 1338 3743 1413 ιἰήμασιο
3786 1344 3835 1413 μή

2310 1413 2368 1469 δὲ
2396 1417 2501 1492 γὰρ
2555 1415 2738 1473 ἔλαιον
2793 1420 3127 1496 ἀμαρτωλοῦ
3182 1425 3283 1492 τήν
3334 1423 3463 1497 ἐμὴν
3516 1426 3740 1483 λιπανατω
3778 1449 3833 1483 κε·

2311 1505 2513 1582 ραλὴν,
2547 1506 2691 1563 ἀλλά
2718 1517 2817 1579 τῆς
2847 1518 2945 1580 σῆς
3004 1509 3315 1586 κηδόμενος
3363 1518 3580 1588 ψυχικῆς
3622 1518 3837 1590 σωτηρίας,

2310 1600 2445 1649 κινῶ
2474 1597 2646 1652 πάντα
2677 1597 2830 1673 λίθον
2864 1601 3005 1656 ὥστε
3032 1603 3320 1670 πεισθῆναί
3354 1624 3426 1658 σε.
3457 1600 3786 1677 Ὑπολαμϐάνω
3808 1604 3843 1660 δὲ

2311 1683 2395 1738 ὅτι
2427 1683 2608 1761 ὥσπερ
2642 1688 2669 1741 6
2704 1694 2947 1751 Σατανᾶς
2981 1691 3074 1745 τὸν
3131 1690 3365 1746 παλαιὸν
3424 1691 3585 1766 Ἀδὰμ
3630 1694 3702 1747 καὶ
3746 1714 3842 1767 upu-

553 1783 635 1838 vit
664 1800 770 1854 per
801 1780 1267 1836 inobedientiam
1320 1785 1376 1833 et
1420 1779 1646 1833 fructus
1693 1778 1853 1833 vetiti
1885 1777 2186 1833 comestio-

2310 1772 2615 1829 τόπλαστον
2644 1775 3004 1855 ἀπετύιρλωσε
3034 1777 3122 1833 διὰ
3144 1782 3243 1848 τῆς
3294 1788 3563 1855 παρακοῆς
3589 1782 3665 1836 καὶ
3689 1789 3765 1850 τῆς
3784 1786 3845 1836 toi»

555 1887 716 1934 nem,
749 1868 831 1923 ita
862 1874 917 1923 te
949 1884 1206 1939 quoque,
1256 1868 1599 1937 imperator,
1649 1871 1763 1919 tuae
1808 1864 2015 1919 salutis
2046 1864 2199 1919 invi-

555 1958 687 2026 dus,
720 1957 934 2012 Christi
976 1956 1092 2011 fide
1143 1955 1435 2026 spoliavit.
1487 1953 1652 2019 Quod
1702 1969 1835 2007 vero
1869 1953 2077 2015 solem,
2112 1952 2205 2007 lu—

551 2065 689 2103 nam
713 2052 773 2101 et
801 2052 961 2101 astra
986 2046 1126 2100 deos
1156 2043 1442 2115 appellas,
1496 2042 1677 2114 pudet
1726 2058 1821 2096 me
1853 2042 2201 2110 ignorantia)

551 2144 689 2201 tum,
722 2152 827 2190 seu
860 2134 1047 2205 magis
1100 2132 1516 2203 improbitatis.
1568 2132 1773 2184 Nonne
1824 2132 2201 2202 Anaxagoras

551 2224 978 2289 Clazomenius,
1061 2228 1197 2277 tuus
1287 2221 1563 2276 videlicet
1645 2220 1854 2292 magis,
1941 2236 2200 2276 massam

552 2317 785 2388 igneam
819 2314 1020 2367 docuit
1059 2328 1188 2366 esse
1240 2312 1448 2377 solem,
1499 2316 1658 2365 astra
1709 2316 1906 2365 autem
1954 2326 2201 2381 corpora

554 2405 862 2477 pumicosa
891 2409 948 2456 et
977 2400 1179 2456 anima
1209 2400 1599 2469 sensibusque
1626 2416 1867 2470 prorsus
1890 2399 2201 2455 destituta?

554 2491 857 2558 Quomodo
891 2507 1026 2561 ergo
1060 2490 1206 2560 ipse,
1239 2489 1563 2559 imperator
1607 2488 1828 2558 optime
1875 2495 1932 2543 et
1962 2487 2200 2560 sapien-

555 2581 943 2649 tissime,quze
974 2594 1009 2632 a
1037 2576 1395 2647 magistratis
1419 2575 1535 2629 tuis
1559 2574 1948 2645 repudiantur
1979 2580 2036 2629 et
2065 2592 2199 2629 con-

555 2674 901 2723 temnantur
928 2666 1068 2720 deos
1102 2665 1433 2735 proclamas
1456 2663 1483 2717 ‘I
1511 2663 1640 2717 Scio
1687 2663 1845 2718 enim
1896 2670 1951 2717 te
2000 2663 2195 2719 Plato-

552 2758 701 2812 nicae
733 2772 862 2810 esse
894 2761 1107 2817 sectze;
1140 2758 1198 2806 et
1226 2751 1390 2805 Plato
1424 2750 1664 2820 quidem
1697 2749 1995 2804 Socratem
2029 2750 2197 2805 audi-

549 2846 925 2913 vit,Socrates
943 2848 1141 2897 autem
1174 2839 1552 2904 Archelaum;
1585 2856 1759 2910 porro
1783 2838 2107 2894 Archelaus
2140 2843 2198 2895 et

550 2934 808 2991 Pericles
840 2935 1196 3003 Anaxagora:
1251 2928 1551 2984 auditores
1598 2928 1856 2983 fuerunt.
1890 2928 2193 2993 Quomodo

548 3024 748 3097 igitur,
778 3023 1053 3093 princeps
1080 3018 1448 3084 admirande,
1489 3016 1603 3071 ista
1633 3015 1775 3071 deos
1804 3016 1972 3083 dicis,
2008 3022 2066 3071 et
2095 3034 2191 3073 su-

550 3129 657 3185 per
686 3112 887 3167 omnia
917 3109 1103 3163 solem
1134 3107 1454 3171 veneraris,
1490 3122 1744 3175 eumque
1766 3105 2191 3176 jusjurandum

552 3201 1001 3275 imperatorium
1032 3198 1342 3254 constituis
1362 3197 1389 3251 ?
1418 3197 1532 3251 Cur
1561 3195 1827 3267 qualibet
1857 3198 2191 3265 occasione,

551 3294 669 3348 sive
702 3294 762 3347 in
805 3290 1091 3363 epistolis,
1145 3289 1262 3343 sive
1312 3288 1372 3341 in
1404 3286 1738 3356 colloquiis,
1798 3286 1915 3340 sive
1957 3287 2016 3341 in
2052 3303 2196 3342 con-

2310 1869 2481 1940 φυτοῦ
2513 1867 2791 1939 βρώσεως,
2824 1868 2968 1924 οὕτω
2997 1871 3087 1925 καὶ
3108 1871 3186 1939 σὲ,
3221 1869 3464 1947 βασιλεῦ,
3494 1874 3675 1949 φθονῶν
3690 1880 3765 1940 τῆς
3780 1879 3844 1941 σῆς

2311 1954 2602 2025 σωτηρίας,
2632 1964 2732 2026 τῆς
2761 1962 2857 2013 τοῦ
2888 1960 3124 2033 Χριστοῦ
3151 1959 3507 2034 ἀπεγύμνωσε
3550 1961 3754 2023 πίστεως
3791 1962 3845 2016 δτι

2311 2039 2368 2097 δὲ
2395 2044 2485 2098 τὸν
2518 2043 2680 2113 ἥλιον
2707 2046 2798 2101 καὶ
2830 2045 3066 2119 σελήνην
3094 2050 3183 2103 καὶ
3212 2047 3345 2112 τοὺς
3372 2050 3580 2125 ἀστέρας
3607 2052 3731 2111 θεοὺς
3753 2050 3846 2105 ἀπο.

2310 2129 2516 2203 καλεῖς,
2550 2132 2882 2209 αἰσχύνομαι
2908 2136 2971 2191 τὸ
2999 2143 3100 2206 τῆς
3131 2136 3392 2210 ἀμαθίας,
3423 2136 3618 2211 μᾶλλον
3666 2137 3712 2194 δὶ
3741 2159 3851 2194 τωο

2310 2215 2537 2284 δουλίας
2570 2222 2907 2299 ἐπάγγελμα*
2935 2224 3064 2300 οὐχὶ
3094 2227 3452 2302 Ἀναξαγόρας
3471 2228 3497 2281 6
3526 2227 3851 2300 Κλαζόμὲνιοςδ

2310 2305 2529 2379 δηλαΘή
2563 2312 2655 2373 σὸς
2676 2310 3243 2391 διδάσκαλος,μΰδρον
3271 2314 3372 2393 ἔφη
3403 2316 3489 2371 τὸν
3520 2314 3853 2385 ἧλιονριαὶτοὺς

2307 2396 2535 2472 ἀστέρας
2565 2400 2919 2475 κισσηροειδῆ
2979 2403 3231 2476 σώματα,
3291 2404 3381 2458 καὶ
3434 2406 3687 2465 παντελῶς
3730 2407 3856 2476 ἄψυχα

2306 2488 2395 2540 καὶ
2423 2486 2715 2558 ἀναίσθητα
2740 2511 2754 2559 ;
2786 2494 2903 2551 πῶς
2933 2488 3027 2545 αὗν
3078 2491 3264 2557 αὐτὸς,
3322 2492 3578 2560 βασιλέων
3621 2492 3767 2568 ἄριστε
3798 2491 3857 2544 καὶ

2307 2573 2749 2654 φιλοσοφώτατε,
2779 2579 2846 2633 τὰ
2877 2579 2978 2634 ὑπὸ
3006 2585 3117 2634 τῶν
3176 2585 3287 2635 σῶν
3346 2578 3664 2635 διδασκάλων
3706 2580 3858 2635 60mi-

2310 2684 2438 2736 μενα
2468 2666 2555 2719 καὶ
2611 2661 3044 2739 διαϐαλλόμενα,
3103 2668 3259 2732 θεοὺς
3316 2669 3743 2749 προσαφορεόεις;
3778 2664 3859 2721 οἶδα

2302 2753 2402 2828 γὰρ
2460 2753 2543 2808 ’ὀτι
2602 2761 2702 2823 τῆς
2765 2753 3130 2827 Πλατωνικῆς
3190 2759 3461 2835 ὑπάρχεις
3518 2759 3756 2834 αἱρέσεως,
3806 2756 3861 2810 καὶ

2304 2842 2534 2935 ξΙλάτων
2587 2843 2685 2916 μὲν
2772 2847 3101 2921 Σωκράτους
3183 2845 3470 2919 διήκουσε,
3548 2848 3790 2922 Σωκράτης
3826 2842 3861 2899 ἃ

2319 2930 2636 3006 Αρχέλαου,
2668 2933 2974 3008 ’Λρχὲλαος
3006 2932 3064 2991 δὲ
3120 2935 3211 2991 καὶ
3266 2936 3543 3013 Περικλῆς
3595 2936 3864 3009 Ἀναξαγόρου

2303 3016 2620 3089 διήκουσαν·
2682 3027 2799 3083 πῶς
2858 3024 2948 3078 οῦν
3004 3025 3049 3078 ὧ
3107 3026 3404 3099 θαυμάσιε,
3460 3031 3617 3081 ταῦτα
3666 3043 3862 3098 προσαγο-

2305 3108 2477 3184 ρεύεις
2507 3111 2684 3180 θεοὺς,
2742 3112 2875 3186 ὑπὲρ
2930 3109 2987 3167 δὲ
3043 3114 3248 3177 πάντας
3308 3115 3566 3185 ἀσπάζεις
3618 3116 3695 3170 τὸν
3738 3112 3864 3182 ἥλων,

2306 3197 2395 3252 καὶ
2426 3198 2587 3273 ’ὁρκον
2620 3199 2780 3255 αὐτὸν
2814 3202 3095 3275 βασίλειον
3127 3204 3379 3274 τίθεσαι;
3415 3209 3523 3259 ἄνω
3576 3226 3627 3259 τε
3668 3202 3739 3257 καὶ

2302 3289 2397 3341 κάν
2428 3294 2547 3350 ταῖς
2580 3288 2917 3360 ἐπιστολαῖς,
2948 3291 3046 3345 κάν
3073 3297 3190 3355 τοῖς
3223 3292 3447 3367 λόγοις,
3472 3294 3567 3348 κάν
3616 3298 3717 3353 ταῖς
3750 3308 3864 3363 προσ·

542 3383 836 3448 cionibus,
878 3379 1096 3450 saapius
1151 3393 1402 3448 usurpas
1460 3375 1777 3431 formulam
1829 3376 1935 3429 Per
1981 3375 2186 3431 solem?

2300 3377 2636 3453 αγυρεύσεσι,
2666 3377 2810 3433 πολὺ
2848 3380 2912 3434 τὸ
2969 3381 3069 3437 Μὰ
3112 3381 3205 3436 τὸν
3265 3380 3473 3451 ἡλιονς
3534 3380 3691 3438 Ἀλλᾶ
3732 3379 3772 3432 τί
3811 3375 3864 3429 δεῖ

539 3471 651 3526 Sed
683 3471 825 3540 quid
860 3473 1092 3540 oportet
1137 3467 1221 3520 sic
1274 3465 1599 3537 producere
1646 3480 1983 3518 sermonem
2006 3464 2033 3518 ?
2063 3467 2186 3519 Non

2295 3470 2464 3521 ταῦτα
2522 3473 2928 3542 μακρηγορεῖν;
2984 3468 3085 3524 οῦκ
3153 3468 3492 3543 ἐξαρνοῦμαι
3558 3471 3643 3525 τὸν
3705 3464 3863 3540 Χριστόν

535 3560 746 3629 abjuro
807 3558 1104 3612 Christum
1169 3571 1389 3621 meum,
1448 3552 1641 3609 absit!
1688 3569 1807 3607 non
1860 3553 2186 3624 amplector

2298 3576 2426 3628 μου,
2463 3557 2537 3629 μὴ
2568 3555 2781 3630 γένοιτο
2813 3558 2825 3612 l
2859 3555 2957 3611 οὐκ
2985 3556 3303 3631 ἆσπάζομαι
3334 3561 3440 3627 τήν
3473 3558 3691 3633 μυσαρᾶν
3721 3552 3864 3619 Ἑλλή-

533 3646 945 3702 detestabilem
978 3643 1291 3716 gentilium
1339 3643 1726 3714 impietatem.
1782 3644 1984 3696 Maneo
2017 3642 2077 3696 in
2108 3643 2183 3697 iis

2295 3665 2400 3697 νων
2432 3639 2695 3699 ἀσέὅειαψ
2730 3643 2874 3699 ἀλλὰ
2905 3645 3130 3717 μενῶ-ὲν
3161 3649 3247 3709 οἷς
3295 3644 3618 3723 ἐδιδάχθην,
3658 3644 3734 3700 καὶ
3772 3659 3859 3711 ιερ-

528 3753 659 3806 qua:
693 3736 937 3790 edoctus
969 3750 1122 3799 sum,
1158 3738 1214 3785 et
1240 3748 1576 3802 persevero,
1611 3732 1671 3785 in
1704 3731 1966 3801 paternis
1998 3731 2177 3786 tradi-

523 3825 809 3890 tionibus,
868 3839 1015 3893 quas
1066 3821 1300 3875 nullum
1353 3826 1588 3891 tempus
1636 3820 1894 3890 dejiciet,
1945 3820 2177 3875 etiamsi

522 3914 778 3970 sublime
821 3911 963 3981 quid
1013 3925 1247 3965 summa
1300 3908 1631 3979 detegerint
1676 3908 1957 3978 ingenia,,
1991 3914 2056 3962 ut
2085 3908 2175 3962 di-

521 4020 649 4058 cam
683 4002 911 4072 aliquid
942 4017 1075 4055 cum
1108 4004 1299 4053 vestro
1330 4004 1504 4068 poeta
1535 3996 1832 4067 Euripide.

591 4094 676 4146 48.
717 4091 802 4145 Ad
831 4091 955 4144 haec
985 4087 1165 4143 verba
1193 4086 1459 4142 Julianus
1493 4085 1855 4156 stupefactus
1886 4090 1945 4140 et
1975 4085 2171 4139 incer-

2289 3737 2430 3806 τερῶ
2486 3732 2572 3787 ἐπὶ
2628 3739 2748 3796 ταῖς
2836 3740 3087 3810 πατριαῖς
3176 3735 3570 3811 παραδόσεσιν,
3623 3737 3676 3795 ἅς
3738 3728 3861 3788 οὐδεὶς

2286 3817 2587 3875 καταϐαλεῖ
2616 3821 2832 3896 χρόνος,
2864 3822 2961 3877 κᾶν
2996 3824 3042 3876 εί
3086 3820 3157 3877 δι’
3208 3822 3395 3900 ἄκρων
3446 3824 3511 3880 τό
3560 3824 3702 3899 σοφὸν
3748 3815 3856 3894 issi»-

2286 3929 2445 3983 ρηται
2479 3915 2711 3985 φρενῶν,
2742 3909 2815 3964 ¹ίν’
2846 3910 2981 3966 εἴπω
3028 3932 3081 3966 τι
3120 3914 3240 3967 κατ’
3292 3911 3599 3990 Εὐριπίδην
3640 3913 3717 3966 τὸν
3766 3908 3857 3977 ὑμέ·

2279 4019 2433 4071 τερον
2462 4001 2720 4071 ποιητήν.

2356 4090 2465 4162 μη’.
2503 4091 2646 4162 Πρὸς
2698 4094 2865 4144 ταῦτα
2891 4092 2918 4146 6
2950 4092 3249 4154 Ἰουλιανὸς
3322 4091 3653 4168 εἶλιγγιάσας
3695 4089 3765 4143 καὶ

520 4197 620 4235 rus
652 4180 795 4251 quid
836 4183 1053 4249 ageret,
1106 4176 1281 4247 plane
1313 4174 1626 4240 obmutuit,
1677 4173 1954 4243 martyris
1979 4173 2170 4228 admi-

2295 4178 2570 4252 ιπορηθεὶς
2618 4180 2788 4253 [378],
2844 4178 2943 4235 οὐκ
3000 4181 3149 4254 εἶχεν
3205 4182 3234 4236 ’ὸ
3293 4202 3342 4236 ει
3401 4180 3490 4237 καὶ
3545 4180 3753 4257 γένηται,
3794 4174 3856 4226 τοὸ

519 4276 681 4325 ratus
714 4284 987 4339 magnam
1021 4265 1416 4321 eruditionem
1449 4269 1507 4317 et
1532 4263 1955 4333 eloquentiam,
1988 4269 2165 4333 atque

518 4362 580 4414 in
612 4356 1027 4431 respondendo
1078 4362 1136 4410 et
1185 4353 1559 4410 defendendo
1612 4353 1977 4409 facilitatem.
2012 4354 2167 4408 Dixit

516 4465 651 4521 ergo
684 4448 736 4503 ei
766 4446 981 4502 Christi
1016 4450 1277 4516 martyr:
1314 4444 1575 4509 Dimitte,
1624 4443 1965 4513 imperator,
1999 4460 2164 4497 mor-

2278 4266 2554 4340 μάρτυρος
2595 4268 2871 4340 θαυμάσας
2927 4269 2988 4323 τὸ
3043 4267 3375 4342 πολυμθές
3409 4292 3470 4326 τε
3525 4269 3610 4324 καὶ
3660 4264 3855 4335 εὔστομον

2274 4356 2529 4429 καὶπρὸς
2578 4363 2677 4411 πᾶν
2740 4356 2831 4411 οὖν
2889 4354 3112 4431 ἕτοιμον
3166 4359 3259 4414 καὶ
3323 4357 3737 4433 εὐαπολόγητον.
3783 4351 3850 4406 lia?

2273 4445 2437 4522 φησὶν
2482 4449 2614 4520 πρὸς
2673 4446 2835 4501 αὐτὸν
2866 4447 2894 4501 6
2924 4451 3021 4502 τοῦ
3080 4448 3324 4522 Χριστοῦ
3388 4450 3614 4526 μάρτυς
3660 4433 3854 4518 Ἀφεωῖ

512 4508 675 4593 tuam
737 4542 795 4591 et
849 4508 1217 4605 antiquatam
1290 4532 1601 4605 gentilium
1678 4508 2163 4602 superstitionem

2295 4508 2650 4603 ιασιλεῦ,¹τήν
2686 4536 2876 4610 νεκρὰν
2935 4536 3024 4590 καὶ
3084 4508 3430 4609 ἐξιωδηκυῖάν
3473 4508 3593 4592 ι’τῶν
3640 4508 3852 4599 Ἑλλήνων

511 4628 671 4698 (nam
702 4626 802 4682 diu
844 4625 971 4696 jam
1020 4622 1287 4694 putruit),
1345 4626 1402 4676 et
1445 4620 1659 4675 accede
1704 4620 1777 4675 ad
1822 4620 2158 4678 Christum:

510 4717 868 4790 longanimis
900 4714 1059 4770 enim
1094 4717 1183 4768 est
1232 4716 1289 4767 et
1340 4710 1702 4776 misericors,
1755 4726 1823 4765 ac
1871 4713 2163 4781 paeniten-

508 4808 650 4861 tiam
686 4811 847 4860 tuam
881 4801 1304 4873 suscipiet.Sed
1338 4800 1466 4855 fleri
1496 4816 1617 4854 non
1650 4804 1885 4870 poterat
1913 4806 1978 4854 ut
2005 4818 2165 4856 mar-

504 4899 598 4968 tyr
629 4894 847 4950 mentis
879 4908 1167 4964 perversaa
1197 4889 1447 4960 impetui
1478 4888 1818 4955 resisteret;
1854 4894 1955 4943 aut
1997 4906 2165 4945 revo-

506 4991 668 5040 caret
697 4984 961 5039 animam
993 4996 1100 5036 sua
1131 4984 1340 5051 sponte
1370 4977 1442 5032 ad
1474 4978 1871 5048 perditionem
1921 4984 2161 5036 euntem

508 5091 573 5129 ac
604 5072 1161 5129 festinantem.Nam
1192 5065 1724 5134 Julianus,dudum
1754 5067 2160 5138 gentilismum

507 5166 705 5220 animo
732 5166 958 5229 fovens,
990 5163 1269 5217 haustum
1312 5176 1383 5213 ex
1415 5158 1535 5213 suis
1588 5158 1649 5212 in
1678 5159 1844 5213 Ionia
1873 5175 2007 5213 cum
2039 5161 2156 5215 Ma-

504 5252 663 5307 ximo
695 5254 1047 5324 philosopho
1080 5247 1688 5320 colloquiis,quandiu
1712 5246 1953 5317 quidem
1978 5248 2159 5303 frater

503 5357 645 5394 suus
678 5342 987 5412 superfuit,
1022 5346 1081 5396 et
1125 5344 1260 5411 post
1294 5339 1491 5408 ipsum
1541 5336 1950 5403 Constantius,
2003 5337 2156 5393 nihil

497 5444 620 5499 pra:
648 5429 851 5483 timere
879 5446 1084 5485 eorum
1120 5444 1301 5483 ausus
1324 5432 1412 5481 est
1442 5425 1734 5498 detegere.
1773 5423 1996 5490 Quibus
2020 5441 2155 5482 vero

575 5657 599 5693 ⁸
629 5657 787 5715 Psal.
820 5675 953 5728 xcv,
978 5661 1034 5714 5.

2274 4626 2581 4697 θρησκείανο
2615 4621 2725 4695 ἤδη
2768 4626 2869 4700 γὰρ
2926 4624 3017 4679 καὶ
3075 4625 3183 4701 πρὸ
3242 4624 3475 4683 πολλοῦ
3537 4627 3759 4695 σέσηπεν,
3797 4614 3854 4671 καὶ

2272 4710 2541 4784 πρόσελθε
2593 4716 2672 4784 τῷ
2724 4716 2961 4787 Χριστῷ’
3021 4714 3389 4789 μακρόθυμος
3447 4718 3550 4791 γάρ
3617 4713 3736 4767 ἐστιν
3795 4702 3851 4758 καὶ

2274 4799 2660 4877 φιλάνθρωπος
2704 4804 2794 4856 καὶ
2854 4799 3073 4878 δέχεταί
3127 4824 3222 4859 σου
3285 4804 3354 4859 τὸ
3418 4798 3701 4878 μεταμελᾶ
3748 4794 3853 4871 [cod-

2272 4888 2656 4964 πλημτλελές1-
2690 4889 2843 4947 Ἀλλ’
2874 4891 2973 4947 οὐκ
3011 4891 3074 4959 ἦν
3135 4891 3240 4966 ἂρα
3284 4895 3527 4969 γνώμης
3574 4881 3854 4955 ἐθελοκακοῶ

2272 5000 2371 5049 σης
2433 4981 2706 5055 ἀντισχεῖν
2768 4980 2989 5054 ὁρμαῖς,
3045 4979 3169 5036 οὐδὶ
3258 4981 3681 5045 ἂνακαλέσασθαι
3727 4972 3852 5049 φνχῆν

2268 5067 2571 5142 αὐτομόλῳ
2611 5068 2825 5140 διανοίᾳ
2854 5070 2991 5141 πρὸς
3018 5067 3304 5124 ἀπώλειαν
3335 5070 3641 5145 ἐρχομένην
3668 5065 3741 5120 καὶ
3773 5062 3848 5114 Em-

2269 5156 2629 5214 σπεύδουσαν.
2660 5160 2721 5215 Ὀ
2751 5159 2851 5233 γὰρ
2882 5157 3180 5221 Ἰουλιανὸς
3210 5158 3397 5215 πάλαι
3429 5163 3523 5215 τὸν
3559 5145 3849 5225 Ἑλληνισμῶ

2265 5250 2402 5302 κατᾶ
2454 5248 2640 5320 ψυχὴν
2701 5245 2937 5319 ὠδίνων,
2995 5247 3054 5302 ἐκ
3102 5252 3204 5302 τῶν
3274 5250 3330 5303 ἐν
3396 5250 3573 5305 Ἰωνία

2268 5337 2413 5409 αὖτῷ
2440 5338 2576 5411 πρὸς
2625 5337 2716 5391 τὸν
2779 5336 2918 5414 ἀμφὶ
2974 5337 3064 5391 τὸν
3115 5337 3380 5410 Μάξιμον
3444 5337 3721 5417 φιλόσοφον
3764 5345 3844 5417 ﬁt:

2265 5410 2489 5494 ουσιῶν,
2521 5425 2603 5498 ἐφ’
2635 5424 2759 5480 ὅσον
2793 5410 2889 5498 μὲν
2933 5425 3024 5479 ὃτε
3065 5422 3308 5503 ἁδελφὸς
3368 5410 3517 5499 αὖτῷ
3565 5410 3749 5499 περιῆν,
3786 5410 3842 5466 nl
