4040 6204
246 353 386 411 1297

1586 364 1646 417 Β.
1685 362 1994 419 ΔΒΤΕΜΙΙ
2032 365 2307 420 PASSIO.

3516 363 3658 419 1298

248 482 365 550 μετ’
402 478 566 533 αὐτὸν
630 478 1024 549 Κωνστάντιος,
1084 482 1113 536 ὁ
1198 479 1255 537 δὲ
1305 479 1462 537 οὐδὲν
1510 486 1879 557 παραγυμνοῦε

2013 484 2083 540 de
2106 486 2303 543 medio
2329 487 2601 553 sublatis,
2636 488 2760 559 ipse
2784 487 2911 559 jam
2942 502 3141 540 rerum
3173 487 3417 557 potitus,
3450 505 3657 559 perso-

242 566 477 642 ἐθάρῥει,
530 565 620 622 διὰ
664 569 726 623 τὸ
783 569 835 639 ἐξ
895 568 1114 625 ἐκείνων
1180 568 1320 632 δέοςσ
1384 570 1500 626 ἐπεὶ
1550 569 1607 627 δὶ
1638 572 1788 627 οὗτοι
1846 571 1896 643 ἐξ

235 656 540 731 ἀνθρώπων
572 660 730 728 ἦσαν,
762 658 931 721 αὐτὸς
990 656 1048 714 δὶ
1103 664 1213 715 τῶν
1246 663 1588 735 πραγμάτων
1636 658 1745 731 ἤδη
1799 660 1894 714 κύ-

2010 591 2149 630 nam
2181 576 2457 648 deposuit
2488 584 2546 634 et
2575 579 2738 634 omni
2770 576 2964 632 studio
3003 577 3062 630 in
3098 576 3441 631 universum
3472 581 3655 648 genti-

2007 663 2248 720 lismum
2283 669 2497 739 erupit.

240 762 359 818 ριος
411 747 501 814 ἦν,
559 746 684 800 τότε
728 744 795 817 δὴ
853 747 930 809 εἴς
983 749 1046 803 τὸ
1106 748 1334 826 φανερὸν
1398 748 1906 823 ἀπαμφιασάμενος,
1961 751 2159 815 πάσαις
2190 752 2383 826 ἀθρόον
2446 753 2521 815 είς
2563 752 2655 807 τὸν
2686 752 3059 825 Ἐλληνισμὸν
3087 750 3347 827 ἐξερράγη
3370 756 3487 812 ταῖς
3518 773 3655 828 προ-

236 840 486 915 θυμίαις.

310 940 416 1006 μθ’.
479 934 835 1010 Ἀπεκρίνατο
914 940 1205 1012 τοιγαροῦν
1259 937 1398 1010 πρὸς
1472 936 1563 990 τὸν
1625 937 1890 1010 μάρτυρα·

229 1026 386 1086 Ἐπεὶ
413 1025 541 1086 τοὺς
584 1024 751 1097 ἐμοὺς
807 1024 1157 1103 ἐξεφαύλισας
1220 1024 1440 1100 λόγους,
1504 1027 1551 1079 ὦ
1606 1026 1748 1093 κακὴ
1804 1047 1895 1081 κε·-

233 1115 408 1195 φαλή,
441 1112 753 1187 ἐτόλμησας
788 1112 847 1169 δὶ
876 1114 965 1169 καθ
1023 1115 1164 1190 πρὸς
1223 1115 1320 1183 τὴν
1376 1119 1483 1168 τῶν
1551 1118 1889 1188 Χριστιανῶν

238 1227 307 1281 με
336 1204 515 1259 πίστιν
580 1209 926 1278 μεταγαγεῖν,
986 1204 1153 1258 ταῦτά
1206 1225 1289 1258 σοι
1343 1202 1460 1258 ἀντὶ
1511 1208 1620 1258 τῶν
1671 1201 1887 1279 δωρεῶν

235 1295 309 1349 ὢν
344 1287 669 1366 ὑπεσχόμην
699 1290 1024 1367 χαρίζομαι.
1086 1290 1307 1348 Κελεύει
1376 1290 1467 1347 οὖν
1534 1293 1889 1366 ἀπογυμνοῦ-

232 1392 355 1446 σθαι
403 1382 496 1436 τὸν
557 1380 827 1455 μάρτυρα,
877 1380 967 1434 καὶ
1026 1374 1286 1443 σούϐλαις
1341 1377 1595 1455 σιδηραῖς
1646 1401 1889 1455 πεπυρα-

224 1472 537 1544 κτωμέναις
589 1471 687 1531 τὰς
770 1470 1011 1543 πλευρὰς
1070 1471 1238 1525 αὐτοῦ
1295 1467 1737 1546 διαπερονᾶσθαι,
1796 1468 1886 1524 καὶ

225 1562 323 1616 τὸν
353 1564 525 1615 νῶτον
558 1559 726 1614 αὐτοῦ
756 1553 1041 1633 τριϐόλοις
1101 1560 1245 1630 ὀξέσι
1301 1563 1719 1622 κατακεντᾶσθαι
1794 1557 1885 1612 καὶ

231 1648 655 1726 διαρῤήγνυσθαι
745 1648 1042 1722 συρόμενον
1104 1648 1315 1705 ὕπτιον.
1386 1647 1604 1703 Τούτων
1636 1645 1692 1701 δὶ
1753 1648 1887 1719 μετὰ

227 1737 451 1795 πολλοῦ
477 1742 575 1792 τοῦ
605 1738 812 1813 τάχους
859 1739 1334 1813 προσενεχθέντων
1392 1742 1473 1809 τῷ
1534 1739 1789 1812 μάρτυρι,
1846 1739 1881 1805 ἡ

2072 943 2160 997 49.
2192 942 2522 1013 Respondit
2551 943 2751 1014 itaque
2801 942 3047 1013 martyri
3083 958 3096 995 :
3151 942 3443 1006 Quoniam
3475 943 3653 998 verba

2000 1046 2133 1085 mea
2163 1033 2597 1103 contempsisti,
2622 1050 2655 1087 o
2688 1034 3039 1089 sceleratum
3075 1039 3267 1102 caput,
3303 1032 3421 1085 imo
3473 1048 3651 1087 ausus

1999 1135 2063 1174 es
2084 1120 2158 1174 ad
2190 1121 2661 1177 Christianorum
2697 1123 2874 1177 ﬁdem
2910 1138 3003 1177 me
3038 1121 3509 1187 traducere,haec
3541 1121 3645 1175 tibi

1997 1225 2104 1280 pro
2128 1209 2321 1279 donis,
2352 1228 2484 1281 qua)
2517 1213 2929 1282 promiseram.
2961 1210 3246 1283 gratifico.
3280 1210 3451 1264 Jubet
3509 1227 3644 1283 ergo

1998 1294 2287 1352 denudari
2317 1305 2661 1369 martyrem,
2686 1305 2745 1354 et
2761 1298 2989 1353 subulis
3011 1298 3218 1352 ferreis
3250 1296 3643 1352 candentibus

1998 1385 2125 1456 ejus
2148 1385 2335 1441 latera
2361 1389 2650 1461 transﬁgi,
2710 1389 2838 1460 ejus
2888 1388 3130 1441 dorsum
3190 1385 3423 1441 tribulis
3453 1387 3642 1441 acutis

1996 1475 2198 1546 pungi,
2231 1480 2290 1529 et
2319 1475 2607 1548 disrumpi
2660 1477 2941 1547 supinum
3000 1480 3352 1546 protactum.
3418 1474 3641 1540 Quibus

1997 1563 2305 1633 suppliciis
2337 1566 2777 1635 quamprimum
2811 1564 3055 1635 martyri
3080 1563 3493 1628 illatis,eadem
3517 1568 3644 1617 erat

1995 1650 2047 1705 ei
2075 1651 2429 1717 constantia,
2463 1670 2594 1723 quaa
2624 1653 2789 1723 prius
2824 1671 2839 1718 ;
2886 1658 2944 1706 et
2974 1652 3144 1723 quasi
3203 1650 3381 1704 alieni
3415 1650 3639 1705 doloris

1995 1746 2293 1810 spectator
2320 1741 2550 1806 fuisset,
2584 1743 2732 1797 nihil
2756 1759 2925 1815 grave
2956 1742 3076 1813 pati
3108 1740 3637 1795 videbatur.Multis

226 1827 363 1897 αὐτὴ
389 1827 645 1901 καρτερία
674 1828 740 1895 ἦν
775 1824 923 1898 αὐτῷ
952 1826 1243 1900 καθώσπερ
1294 1826 1384 1881 καὶ
1444 1824 1732 1900 πρότερον,
1786 1826 1877 1879 καὶ

1995 1835 2187 1885 autem
2220 1831 2382 1886 horis
2414 1837 2615 1886 sancto
2674 1833 2957 1898 cruciato,
2991 1847 3184 1901 neque
3225 1830 3408 1885 ullam
3433 1846 3633 1884 vocem

226 1918 411 1992 ὥσπερ
444 1915 742 1991 ἀλλοτρίου
767 1916 1081 1991 πάσχοντος
1110 1916 1388 1989 σώματος,
1451 1916 1617 1979 αὐτὸς
1658 1915 1873 1983 θεατὴς,

223 2003 446 2060 ἀλλὀὐ
500 2004 731 2079 πάσχειν
785 2024 838 2059 τι
893 2009 1001 2059 τῶν
1063 2000 1251 2058 δεινῶν
1304 2006 1453 2078 [379]
1501 2004 1873 2077 κατεφαίνετο⁶

221 2095 313 2150 καὶ
347 2092 416 2164 δὴ
448 2093 535 2149 ἐπὶ
566 2093 814 2156 πολλαῖς
850 2100 969 2156 ταῖς
1002 2094 1168 2167 ὥραις
1217 2098 1318 2149 τοῦ
1376 2094 1531 2169 ἁγίου
1592 2095 1875 2169 βασανιζο-

224 2185 417 2261 μένου,
448 2186 537 2241 καὶ
584 2183 858 2259 μηδεμίαν
917 2187 1105 2263 φωνὴν
1165 2185 1202 2255 ἢ
1261 2186 1552 2259 στεναγμὸν
1603 2185 1875 2259 ἀφιέντος,

221 2275 389 2338 αὐτὸς
416 2276 496 2331 τὼ
527 2280 681 2350 χεῖρε
727 2276 1023 2350 κροτήσας,
1076 2273 1257 2351 ὥσπερ
1313 2275 1623 2346 ἡττημένος
1680 2273 1873 2343 ἀνέστη

215 2372 321 2423 τοῦ
386 2367 657 2441 βήματος,
714 2367 800 2420 καὶ
862 2364 1071 2422 κελεύει
1128 2366 1220 2421 τὸν
1277 2368 1520 2442 μάρτυρα
1572 2364 1736 2421 πᾶλιν
1788 2363 1872 2419 ἐπὶ

213 2456 322 2524 τήν
355 2453 575 2528 εῒρκτήν
610 2454 947 2529 ἀπαχθῆναι,
980 2454 1071 2510 καὶ
1135 2458 1273 2527 μήτε
1326 2453 1487 2531 ἄρτον
1550 2457 1690 2528 μήτε
1729 2452 1876 2527 ὕδωρ

1985 1925 2086 1973 aut
2115 1920 2402 1989 gemitum
2434 1921 3038 1986 emittente,Julianus
3069 1936 3248 1974 manu
3280 1920 3513 1991 signum
3528 1918 3631 1973 de-

1985 2008 2090 2075 dit,
2126 2014 2184 2064 et
2213 2010 2380 2079 quasi
2414 2010 2601 2064 victus
2624 2010 2880 2064 surrexit
2908 2026 2942 2064 a
2994 2008 3297 2075 tribunali,
3322 2008 3625 2079 jussitque

1984 2102 2306 2169 martyrem
2338 2098 2411 2153 ad
2441 2114 2739 2153 carcerem
2788 2098 3013 2164 reduci,
3064 2102 3121 2151 et
3168 2113 3361 2167 neque
3406 2112 3621 2167 panem

1984 2201 2179 2254 neque
2201 2201 2417 2255 aquam
2441 2186 2491 2239 ei
2522 2186 2795 2257 praeberi,
2827 2202 2936 2240 nec
2967 2201 3335 2255 quaacunque
3358 2183 3431 2237 ad
3452 2184 3630 2238 vitam

1987 2276 2437 2331 sustentandam
2467 2276 2739 2331 homines
2772 2281 3033 2331 sumunt.
3064 2276 3192 2344 Ipse
3214 2280 3409 2329 autem
3434 2273 3493 2327 in
3520 2274 3632 2327 Da—

1984 2365 2209 2436 phnem
2241 2382 2302 2420 se
2333 2365 2606 2433 contulit,
2640 2382 2771 2436 qum
2799 2371 2889 2420 est
2918 2364 3244 2419 Antiochiaa
3260 2362 3631 2435 jucundissi-

1986 2471 2084 2509 ma
2114 2454 2305 2510 sedes.

216 2544 369 2616 αὐτῷ
396 2551 833 2619 παρασχεθῆναι,
870 2546 945 2618 μὴ
980 2542 1026 2598 δ’
1060 2545 1157 2598 ὅσα
1182 2545 1317 2618 πρὸς
1364 2545 1429 2600 τὸ
1460 2548 1555 2617 ζῇν
1586 2538 2095 2617 μεταλαμϐάνουσιν
2130 2542 2424 2616 ἅιθρωποι·
2460 2540 2618 2604 αὐτὸς
2651 2539 2707 2596 δὲ
2738 2540 2825 2596 ἐπὶ
2854 2543 2956 2611 τήν
3011 2542 3226 2615 Δάφνην
3262 2538 3514 2614 ὥρμησε,
3563 2537 3627 2593 τὸ

212 2647 321 2711 τῆς
350 2640 695 2717 Ἀντιοχείας
723 2640 1018 2697 κάλλιπον
1052 2639 1397 2715 ἐνδιαίτημα.

292 2731 350 2788 ν’.
376 2730 504 2805 Περὶ
538 2729 597 2786 δί
649 2732 714 2786 τὸ
776 2730 1126 2804 μεσονύκτιον
1181 2731 1467 2807 εὐχομένῳ
1523 2734 1605 2802 τῶ
1638 2732 1872 2804 μάρτυρι

210 2818 308 2876 hri
337 2827 436 2890 τῆς
465 2818 739 2897 φυλακῆς,
772 2823 1016 2897 φαίνεται
1050 2821 1200 2893 αὐτῷ
1231 2821 1259 2875 ὁ
1292 2820 1553 2894 Χριστὸς,
1605 2818 1698 2873 καὶ
1738 2819 1868 2897 φησὶ

211 2909 358 2986 πρὸς
389 2909 570 2965 αὐτόν’
601 2908 881 2983 Ἀρτέμιε,
941 2907 1229 2981 άνδρίζου,
1272 2909 1362 2963 καὶ
1416 2906 1603 2983 Ἱσχυε,
1663 2908 1751 2963 καὶ
1796 2909 1871 2981 μὴ

211 2995 417 3079 φοϐοῦ,
478 2998 622 3072 μηδὲ
674 2997 853 3055 δειλία
907 3001 1003 3055 τὸν
1054 3000 1335 3075 τύραννον·
1395 3000 1505 3075 ἐγὼ
1589 3001 1690 3076 γάρ
1760 2999 1873 3071 εἰμὶ

215 3089 360 3164 μετὰ
391 3087 508 3155 σοῦ,
568 3087 955 3163 ἐξαιρούμενός
1012 3110 1071 3145 σε
1119 3089 1225 3145 άπὸ
1308 3091 1507 3152 παντὸς
1569 3092 1875 3165 πειρασμοῦ

2053 2731 2141 2783 50.
2170 2732 2385 2786 Verum
2418 2731 2575 2785 circa
2595 2730 2853 2785 mediam
2885 2733 3119 2784 noctem
3152 2730 3345 2783 oranti
3387 2728 3633 2799 martyri

1983 2817 2044 2873 in
2076 2821 2344 2876 custodia
2373 2820 2639 2875 Christus
2686 2825 2933 2891 apparet
2961 2824 3020 2873 et
3049 2818 3229 2874 dicit:
3280 2819 3525 2884 Artemi,
3558 2818 3635 2872 vi-

1981 2907 2174 2963 riliter
2203 2926 2307 2982 age
2340 2916 2398 2965 et
2426 2910 2758 2964 confortare
2784 2930 2798 2975 ;
2834 2925 2907 2964 ne
2940 2910 3151 2963 timeas
3182 2924 3326 2963 neve
3346 2907 3631 2962 formides

1985 3002 2304 3068 tyrannum
2328 2998 2460 3069 (18).
2485 3000 2601 3069 Ego
2633 2999 2791 3053 enim
2822 3015 2953 3053 sum
2985 3002 3202 3065 tecum,
3254 2997 3353 3068 qui
3388 3013 3532 3051 eruo
3574 3002 3630 3051 te

1989 3102 2057 3140 ex
2089 3087 2251 3141 omni
2286 3088 2611 3143 tentatione
2644 3089 2925 3158 omnique
2940 3092 3373 3141 tormentorum
3396 3086 3629 3153 dolore;

207 3178 309 3235 καὶ
338 3177 516 3248 πάσης
539 3183 649 3233 τῶν
670 3178 1059 3255 κολαστηρίων
1093 3176 1315 3249 ὀδύνης,
1346 3178 1437 3235 καὶ
1491 3178 1543 3235 έν
1591 3182 1662 3252 τῇ
1725 3179 1879 3254 βασι-

1995 3176 2057 3230 in
2088 3192 2268 3248 regno
2301 3177 2584 3233 cmlorum
2616 3176 2911 3232 coronabo
2944 3181 3021 3243 te,
3051 3182 3110 3230 et
3140 3175 3293 3229 sicut
3322 3176 3447 3246 ipse
3502 3191 3635 3229 con-

208 3265 341 3339 λείᾳ
368 3271 475 3322 τῶν
508 3267 747 3339 οὐρανῶν
798 3269 1121 3345 στεφανώσω
1178 3289 1258 3333 σε,
1314 3269 1401 3324 καὶ
1463 3267 1642 3342 ὥσπερ
1701 3268 1862 3329 αὐτὸς

1995 3267 2144 3319 ’essus
2174 3282 2226 3320 es
2256 3283 2340 3320 me
2370 3282 2554 3321 coram
2588 3266 2920 3331 hominibus,
2962 3265 3259 3332 conﬁtebor
3314 3271 3366 3318 et
3422 3280 3519 3333 ego
3569 3271 3622 3318 te

213 3354 596 3430 ὡμολόγησάς
656 3377 724 3429 με
781 3355 1011 3411 ένώπιον
1066 3362 1174 3413 τῶν
1235 3357 1534 3433 ἀνθρώπων
1594 3356 1683 3421 ἐπὶ
1766 3356 1865 3425 τῆς

1995 3356 2160 3409 ’oram
2190 3356 2357 3409 Patre
2378 3372 2517 3416 meo,
2549 3355 2652 3424 qui
2708 3357 2765 3409 in
2826 3354 2976 3409 caelis
3009 3360 3084 3408 est
3131 3354 3171 3408 ⁷.
3229 3353 3471 3407 Conﬁde
3530 3353 3638 3425 igi-

210 3452 355 3521 γῆς,
427 3445 771 3519 ὁμολογήσω
838 3446 988 3520 κάγώ
1050 3467 1107 3501 σε
1166 3445 1395 3501 ἐνώπιον
1480 3450 1576 3501 τοῦ
1652 3439 1865 3520 Ηατρός

214 3555 335 3609 μου
364 3538 461 3588 τοῦ
496 3533 547 3588 ἐν
579 3540 695 3597 τοῖς
755 3533 1025 3610 οὐρανοῖς.
1078 3537 1269 3610 Θάρσει
1312 3535 1402 3590 οὗν
1461 3536 1549 3590 καὶ
1609 3533 1866 3608 άγαλλία·

217 3625 348 3699 μετ’
424 3623 560 3697 ἐμοῦ
618 3623 722 3699 γὰρ
782 3620 874 3698 ἔσῃ
930 3624 983 3680 έν
1066 3629 1148 3697 τῷ
1221 3622 1553 3699 παραδείσῳ.
1610 3627 1789 3679 Ταῦτα
1842 3621 1870 3678 ό

217 3714 438 3789 μάρτυς
468 3712 701 3775 ἀκούσας
730 3716 877 3786 παρὰ
916 3719 1014 3769 τοῦ
1064 3714 1285 3788 Κυρίου,
1336 3713 1597 3789 εὐθαρσὴς
1643 3713 1871 3788 ἐγένετο,

210 3802 317 3859 καὶ
346 3800 417 3856 δι’
446 3801 587 3871 ὅλης
619 3808 719 3871 τῆς
748 3801 940 3865 νυκτὸς
972 3806 1038 3872 ἦν
1074 3800 1380 3877 δοξολογῶν
1413 3803 1502 3857 καὶ
1534 3803 1871 3877 εὐχαριστῶν

208 3896 309 3964 τῷ
339 3895 475 3963 Θεῷ·
512 3892 672 3959 ἀνέθη
723 3892 826 3966 γὰρ
858 3891 917 3946 ἰκ
974 3897 1081 3946 τῶν
1114 3891 1342 3966 πληγῶν
1403 3891 1493 3946 καὶ
1548 3896 1655 3946 τῶν
1701 3911 1874 3966 τραυ-

217 3979 414 4054 μάτων
447 3979 637 4047 αὐτοῦ,
672 3979 810 4035 ὥστε
849 3983 991 4054 μήτε
1051 3980 1305 4053 μώλωπα
1360 3981 1636 4058 φαίνεσθαι
1690 3979 1741 4035 έν
1800 3985 1878 4052 τῷ

218 4068 372 4143 ἁγίῳ
393 4068 556 4123 αὐτοῦ
589 4069 826 4140 σώματιο
861 4068 1087 4140 ἐποίησε
1120 4067 1177 4124 δὶ
1228 4067 1388 4125 πέντε
1442 4068 1532 4125 καὶ
1584 4066 1711 4125 δέκα
1733 4068 1871 4143 ἠμέ-

218 4178 358 4236 ρας,
393 4154 629 4230 μηδενὸς
654 4157 717 4212 τὸ
772 4156 1000 4212 σύνολον
1059 4159 1408 4234 γευσάμενος·
1473 4158 1725 4237 ἐτρέφετο
1776 4159 1879 4235 γὰρ

214 4245 300 4321 τῇ
319 4250 418 4301 τοῦ
446 4246 602 4321 ἁγίου
636 4247 948 4319 Πνιύματος
978 4248 1188 4322 χάριτι.

304 4342 402 4394 να“.
433 4336 495 4393 Ὀ
524 4333 584 4390 δὲ
610 4335 914 4399 Ἰουλιανὸς
965 4337 1049 4392 ὶπὶ
1106 4338 1204 4405 τὴν
1267 4337 1483 4414 Δάφνην
1541 4336 1769 4413 ὥρμησε
1823 4337 1884 4391 τὸ

217 4425 577 4500 προάστειον,
611 4424 686 4485 ὡς
717 4425 1057 4502 προέφημεν,
1089 4424 1275 4487 θυσίας
1323 4421 1751 4497 έτοιμαζὸμενος
1806 4430 1885 4498 τῷ

1987 3447 2083 3496 tur
2112 3449 2171 3497 et
2198 3460 2319 3514 praa
2351 3443 2562 3516 gaudio
2587 3443 2819 3497 exsulta
2851 3460 2863 3508 ;
2896 3459 3105 3496 mecum
3137 3440 3282 3495 enim
3312 3443 3417 3495 eris
3460 3444 3517 3495 in
3536 3458 3638 3511 pa-

1972 3532 2189 3587 radiso.
2229 3534 2369 3587 Cum
2405 3533 2530 3587 haec
2562 3549 2595 3587 a
2624 3532 2881 3587 Domino
2926 3530 3252 3585 audivisset
3297 3535 3541 3601 martyr,
3570 3531 3641 3583 ii-

1986 3619 2161 3676 ducia
2189 3622 2451 3693 repletus
2479 3627 2588 3686 est,
2636 3625 2695 3675 et
2751 3636 2858 3692 per
2903 3620 3194 3692 integram
3238 3625 3473 3674 noctem
3520 3620 3636 3673 Deo

1983 3709 2221 3765 laudem
2254 3716 2312 3765 et
2339 3712 2662 3781 gratiarum
2697 3710 2995 3765 actionem
3050 3709 3276 3763 tribuit.
3324 3707 3637 3762 Convaluit

1986 3816 2020 3854 a
2042 3800 2232 3873 plagis
2264 3805 2321 3854 et
2350 3800 2696 3854 vulneribus
2727 3799 2871 3858 suis,
2908 3799 2990 3853 ita
3019 3803 3085 3852 ut
3115 3814 3189 3852 ne
3229 3797 3472 3852 cicatrix
3503 3796 3635 3866 qui-

1984 3889 2119 3944 dem
2151 3891 2211 3944 in
2239 3895 2445 3944 sancto
2481 3890 2611 3959 ejus
2644 3904 2890 3959 corpore
2921 3892 3253 3959 appareret.
3301 3886 3639 3941 Permansit

1985 3984 2186 4032 autem
2218 3977 2559 4049 quindecim
2592 3977 2740 4043 dies,
2770 3976 3015 4032 omnino
3048 3975 3197 4029 nihil
3228 3980 3472 4047 gustaris
3492 3993 3505 4040 ;
3528 3990 3636 4029 nu-

1988 4066 2279 4123 triebatur
2300 4067 2461 4123 enim
2494 4066 2746 4138 Spiritus
2774 4065 2964 4120 sancti
2989 4064 3199 4137 gratia.

2061 4333 2445 4389 5l.Julianus
2486 4348 2620 4386 vero
2673 4330 2745 4386 ad
2797 4328 3148 4385 suburbium
3204 4328 3511 4399 Daphnem
3541 4342 3638 4381 ve-

1997 4427 2186 4484 nerat,
2245 4428 2311 4476 ut
2368 4439 2546 4492 supra
2622 4419 2897 4485 diximus,
2957 4416 3250 4471 sacrificia
3296 4432 3637 4488 praeparans

221 4512 577 4580 ’Δπόλλωνι,
599 4513 687 4568 καὶ
723 4514 1015 4589 χρησμοὺς
1044 4516 1171 4589 παρ’
1210 4514 1378 4569 αὐτοῦ
1411 4512 1653 4585 δέξασθαι
1712 4535 1879 4588 προσ-

1995 4510 2273 4581 Apollini,
2305 4527 2340 4565 a
2370 4528 2485 4580 quo
2517 4525 2803 4580 responsa
2834 4522 2895 4561 se
2926 4511 3307 4576 accepturum
3341 4505 3633 4577 sperabat.

221 4603 430 4661 δοκῶν’
489 4604 525 4673 ἠ
581 4600 639 4658 δὶ
697 4603 879 4681 Δάφνη
957 4603 1279 4678 προάστειόν
1344 4602 1453 4658 ἐστι
1511 4610 1611 4673 τῆς
1668 4605 1882 4659 Ἀντιο-

222 4693 416 4770 χείας,
447 4691 667 4748 ἐπὶτῶν
699 4692 1054 4770 ὑψηλοτέρων
1114 4693 1282 4762 αὐτῆς
1332 4693 1550 4769 χωρίων
1610 4692 1880 4765 κείμενον,

226 4781 424 4839 ἄλσεσι
540 4782 823 4845 παντοίοις
935 4783 1248 4859 συνηρεφές.
1354 4781 1880 4855 Πολυπρεμνότατον

226 4873 388 4948 [380]
408 4870 511 4947 γὰρ
540 4870 631 4925 καὶ
662 4868 1150 4946 πολυκαρπότατόν
1185 4869 1295 4926 έστι
1343 4872 1406 4925 τὸ
1462 4870 1696 4945 χωρίον,
1758 4868 1882 4934 ἔνθα

224 4964 344 5017 τῶν
375 4980 435 5014 τε
464 4957 651 5014 ἄλλων
682 4960 953 5014 παντοίων
1002 4957 1235 5035 δένδρων
1294 4960 1382 5014 καὶ
1443 4957 1511 5027 δή
1561 4962 1651 5014 καὶ
1708 4980 1884 5013 κυπα-

228 5050 434 5124 ρίττων
467 5048 698 5119 ἐξαίσιον
730 5048 1055 5123 πεφύτευται
1113 5052 1331 5124 χρῆμα,
1381 5049 1517 5123 πρός
1562 5069 1621 5103 τε
1671 5044 1880 5110 κάλλος

225 5137 325 5194 καὶ
360 5136 563 5212 ὕψωμα
617 5137 708 5193 καὶ
769 5138 993 5212 μέγεθος
1045 5137 1112 5192 οὐ
1172 5131 1514 5210 συμϐλητόν⁸
1566 5137 1780 5208 νάματά
1824 5156 1884 5191 τε

226 5233 493 5302 πανταχῆ
557 5224 755 5282 διαθέει
797 5226 1047 5299 ποτίμων
1108 5223 1335 5295 ὑδάτων,
1382 5225 1646 5300 μεγίστων
1694 5225 1882 5280 αὐτόθι

230 5321 433 5394 πηγῶν
462 5314 892 5391 ἀναδιδομένων,
926 5316 1015 5394 ἀφ’
1040 5314 1113 5369 ὦν
1143 5316 1233 5370 καὶ
1290 5317 1325 5384 ἡ
1359 5310 1524 5377 πόλις
1582 5312 1637 5370 έν
1668 5312 1881 5388 ὀλίγαις

308 5478 331 5514 ’⁸
358 5476 563 5535 Matth.
594 5492 653 5534 ι.
684 5477 775 5532 32.

1992 4600 2175 4653 Porro
2203 4599 2446 4670 Daphne
2477 4597 2827 4654 suburbium
2861 4601 2951 4650 est
2980 4594 3328 4664 Antiochiaa,
3363 4595 3425 4648 in
3478 4593 3635 4648 edito

1993 4688 2171 4759 hujus
2219 4687 2469 4741 civitatis
2526 4686 2654 4741 loco
2713 4685 2914 4749 situm,
2961 4684 3243 4753 omnique
3298 4683 3637 4753 plantarum

1991 4778 2274 4833 varietate
2303 4776 2743 4841 obumbratum,
2778 4780 2978 4845 utpote
3020 4772 3179 4843 quod
3223 4772 3531 4825 frondibus
3570 4787 3638 4825 ac

1991 4866 2281 4922 fructibus
2311 4866 2610 4921 exuberet.
2642 4866 2764 4928 Quo
2823 4863 2886 4916 in
2944 4862 3072 4916 loco
3124 4861 3417 4915 variarum
3468 4860 3641 4915 arbo-

1992 4974 2145 5020 rum,
2203 4955 2535 5026 praasertim
2624 4969 2757 5007 vero
2815 4967 3256 5023 cupressorum,
3330 4950 3645 5004 innumera

1992 5047 2259 5119 plantata
2292 5051 2380 5098 est
2412 5042 2757 5108 multitudo,
2807 5039 3281 5112 pulchritudine,
3331 5037 3646 5093 altitudine

1994 5142 2051 5193 et
2074 5132 2481 5207 magnitudine
2540 5128 3055 5201 incomparabilis.
3108 5127 3355 5183 Fluenta
3412 5142 3648 5198 quoque

1992 5224 2459 5298 poculentarum
2490 5236 2786 5291 aquarum
2818 5219 2880 5273 in
2926 5234 3165 5273 omnem
3214 5222 3442 5288 partem
3500 5216 3652 5271 dila-

2000 5314 2249 5379 buntur,
2284 5309 2750 5366 scaturientibus
2782 5306 3004 5363 ibidem
3036 5306 3311 5363 maximis
3366 5305 3649 5372 fontibus,

1843 5572 2071 5631 ΝΟΤᾸΞ.

314 5678 425 5753 (18)
455 5675 686 5735 Alludit
709 5674 783 5733 ad
812 5674 1014 5733 locum
1044 5674 1240 5744 Josue,
1272 5689 1387 5744 Ylll,
1422 5676 1472 5731 ί.
