4040 6204
505 377 646 433 1299

2066 375 2432 431 ΔΒΒΒΝΒΔ.

3723 386 3829 445 i300

507 503 666 559 unde
724 503 1039 559 Antiochia
1089 502 1246 559 inter
1294 511 1538 563 caateras
1586 506 1850 562 civitates
1897 501 2154 559 maxime

2288 498 2327 552 ῑὲ
2356 499 2573 556 πόλεων
2608 500 2931 579 ἐνυδροτᾶτη
2964 503 3254 580 τυγχάνειν
3287 502 3455 571 δοκεῖ,
3484 506 3568 561 καὶ
3621 511 3711 580 μὴν
3766 516 3827 566 iui

510 596 682 665 aquis
709 594 1010 649 abundare
1044 595 1292 651 videtur.
1355 598 1663 653 Prmclaris
1714 598 1892 651 etiam
1925 600 2157 648 exstru-

512 684 810 739 ctionibus
841 684 1338 753 habitaculorum,
1374 688 1740 742 lavacrorum
1787 686 2161 751 aliorumque

514 772 925 836 aediﬁciorum,
950 772 1026 827 ad
1058 790 1231 828 usum
1261 779 1318 828 et
1348 776 1727 846 splendorem
1770 775 1937 829 locus
1993 770 2162 825 miri-

516 860 624 915 ﬁce
658 867 973 915 exornatus
1005 862 1257 917 est.Istic
1290 865 1710 919 interaliorum
1744 864 1987 918 deorum
2012 866 2161 913 tem-

514 947 613 1017 pla
644 954 703 1001 et
732 948 1039 1020 imagines,
1074 951 1147 1006 ab
1174 954 1422 1023 antiquo
1453 954 1753 1024 praecipua
1784 951 2037 1022 quadam
2059 949 2163 1003 ob-

516 1038 810 1091 servantia
831 1038 1135 1093 colebatur
1165 1042 1462 1112 Apollinis
1497 1043 1833 1097 delubrum.
1853 1041 1980 1094 Illic
2004 1038 2163 1093 enim

512 1124 755 1197 virginis
786 1128 1030 1198 Daphne
1062 1146 1264 1185 casum
1319 1132 1625 1198 accidisse,
1677 1131 1916 1204 gentilis
1966 1129 2165 1184 fabula

516 1214 736 1282 ﬁnxit;
770 1231 803 1270 a
834 1233 950 1287 qua
980 1224 1139 1273 certe
1184 1221 1440 1276 maxime
1499 1220 1665 1276 locus
1717 1236 1938 1275 nomen
1988 1235 2164 1273 suum

514 1303 708 1359 adhuc
734 1308 993 1361 mutuari
1022 1308 1271 1367 videtur.

589 1416 675 1467 52.
711 1413 927 1469 Statum
958 1421 1156 1471 autem
1189 1418 1484 1489 Apollinis
1511 1419 1635 1473 haec
1667 1423 1793 1473 erat
1834 1417 2057 1471 forma:
2095 1432 2166 1470 ex

520 1500 681 1573 ligno
711 1502 845 1557 vitis
877 1506 1271 1575 compositum
1305 1514 1431 1561 erat
1460 1525 1696 1579 corpus,
1730 1512 1854 1561 arte
1902 1512 2021 1560 tam
2053 1506 2167 1559 mi-

521 1590 805 1656 rabili,ut
835 1594 1009 1647 unius
1032 1596 1407 1651 cohaerentia:
1442 1599 1698 1667 speciem
1723 1614 1843 1667 praa
1859 1614 1919 1650 se
1938 1596 2119 1649 ferret
2151 1611 2164 1661 ;

524 1693 668 1732 auro
701 1679 888 1734 illitus
930 1687 1109 1751 totus,
1139 1702 1255 1754 quo
1306 1686 1681 1753 induebatur,
1741 1685 2010 1750 amictus,
2046 1701 2165 1737 nu—

526 1767 680 1822 datis
714 1768 893 1824 simul
926 1777 984 1825 et
1013 1789 1132 1827 non
1152 1775 1375 1829 auratis
1407 1775 1671 1847 corporis
1720 1774 2005 1846 partibus,
2040 1773 2168 1828 ine-

2273 588 2596 661 οἰκοδομαῖς
2647 592 2932 668 λαμπραῖς
2968 594 3311 649 καταλύσεων
3369 596 3455 649 καὶ
3511 594 3726 671 λουτρῶν
3772 604 3829 655 ιιιὶ

2272 683 2378 732 τῶν
2427 678 2612 733 ἄλλων
2667 686 3034 751 κατασκευῶν,
3068 680 3144 743 εἴς
3200 703 3257 737 τε
3314 682 3494 757 χρείαν
3550 684 3631 737 καὶ
3678 687 3831 757 κόσμον

2274 765 2331 820 εὖ
2365 767 2512 838 μάλα
2570 768 2891 833 πολυτελῶς
2947 768 3237 840 ἐξήσκηται
3280 771 3342 825 τὸ
3400 770 3611 845 χωρίον·
3667 772 3833 837 Eii-tria:

2271 857 2360 909 καὶ
2394 857 2581 912 ἄλλων
2610 859 2704 929 μὲν
2739 856 3014 931 δαιμόνων
3070 860 3190 914 ναοί
3245 881 3301 914 τε
3356 861 3445 914 καὶ
3474 861 3733 935 ἀγάλματα
3775 865 3835 929 ἦν,

2274 941 2642 1019 διαφερόντως
2672 968 2735 1021 γε
2769 949 2876 1019 μὴν
2904 948 2965 1001 τὸ
3008 952 3106 1003 τοῦ
3164 947 3511 1009 ’Λπόλλωνος
3557 948 3603 1021 ἐξ
3651 950 3834 1026 ἀρχαίων

2271 1038 2379 1087 τῶν
2432 1036 2647 1111 χρόνων
2699 1037 2978 1111 ἐνυπῆρχε
3062 1038 3509 1111 θεραπευόμενον·
3568 1038 3725 1093 αὐτόθι
3768 1042 3837 1113 γᾶρ

2271 1123 2453 1178 καὶτὸ
2512 1125 2632 1198 περί
2690 1127 2792 1194 τὴν
2852 1129 3067 1201 Δάφνην
3150 1128 3248 1196 τήν
3310 1127 3565 1199 παρθένον
3626 1122 3838 1199 συμϐῆναι

2272 1211 2862 1284 πάθοςὸἙλληνικὸς
2926 1213 3127 1270 ἔπλασε
3185 1217 3377 1287 μῦθος·
3437 1216 3502 1283 ἧς
3550 1216 3611 1285 δὴ
3667 1217 3844 1288 μάλιστα

2273 1304 2452 1379 φέρειν
2477 1298 2554 1357 ἔτι
2584 1302 2731 1358 δοκεῖ
2759 1306 2859 1371 τήν
2893 1302 3202 1377 ἐπωνυμίαν
3235 1306 3262 1359 6
3292 1306 3480 1366 τόπος.

2343 1410 2444 1484 νβ’.
2486 1411 2555 1464 Τὸ
2590 1407 2646 1464 δὲ
2703 1410 2930 1485 ἀγάλμα
2969 1416 3067 1466 τοῦ
3126 1410 3507 1482 Ἀπόλλωνος,
3551 1410 3734 1466 τοιόνδε
3774 1416 3844 1481 τὴν

2273 1500 2609 1569 κατασκευὴν
2642 1500 2730 1568 ἦν’
2793 1498 2841 1572 ἐξ
2894 1500 3145 1572 ἀμπέλου
3208 1502 3302 1573 μὲν
3364 1500 3507 1571 αὖτῷ
3560 1504 3844 1576 συνεπεπήτει

2272 1590 2335 1643 τὸ
2360 1593 2539 1660 σῶμα·
2572 1588 2965 1661 πανθαυμάστη
2999 1586 3066 1657 δὴ
3096 1590 3267 1664 τέχνη
3301 1591 3441 1664 πρὸς
3482 1596 3600 1660 μιᾶς
3632 1589 3843 1667 συμφυΐας

2276 1677 2422 1732 ῖδέαν
2483 1678 2872 1753 συναρμοσθέν,
2927 1683 3117 1753 χρυσῷ
3173 1678 3230 1733 δὲ
3286 1685 3391 1739 πᾶς
3467 1680 3495 1733 6
3543 1678 3846 1754 περικείμενος

2275 1764 2486 1829 πέπλος
2572 1766 3026 1843 ἀμφιεννύμενος,
3105 1774 3227 1830 τοῖς

3335 1769 3849 1843 παραγεγυμνωμένιις

525 1857 811 1913 narrabili
844 1860 1105 1932 fulgebat
1125 1864 1588 1934 pulchritudine.
1625 1865 1810 1919 Stanti
1833 1882 1952 1935 prae
1978 1864 2169 1918 mani-

2288 1857 2370 1911 καὶ
2400 1855 2665 1930 ἀχρόσοις
2722 1859 2821 1910 τοῦ
2868 1857 3148 1928 σώματος,
3207 1858 3284 1912 εἱς
3365 1856 3621 1930 ἃφραστόν
3671 1878 3714 1911 τι
3763 1878 3849 1910 συν-

525 1946 637 2001 bus
668 1953 795 2002 erat
825 1950 1070 2018 cithara,
1106 1970 1283 2023 quam
1332 1954 1567 2024 pulsare
1612 1953 1959 2019 videbatur;
1986 1970 2171 2007 comae

527 2041 587 2090 et
616 2052 835 2092 corona
882 2038 1085 2094 laurea
1134 2057 1277 2095 auro
1338 2042 1622 2112 permisto
1672 2043 1984 2109 ﬂorebant,
2017 2040 2176 2095 unde

527 2124 715 2193 gratia
744 2126 1003 2181 maxima
1035 2129 1352 2200 effulgebat
1382 2130 1959 2199 aspicientibus.Duo
1980 2130 2177 2202 magni

528 2211 835 2282 hyacinthi
872 2216 1181 2271 oculorum
1214 2218 1545 2288 implebant
1574 2219 1922 2289 ﬁguram,in
1954 2236 2173 2273 memo-

530 2300 679 2353 riam
709 2302 1038 2371 Hyacinthi,
1069 2306 1238 2374 pueri
1271 2307 1573 2377 Amyclaei,
1608 2323 1962 2377 semperque
2018 2324 2179 2379 gem-

531 2403 763 2442 marum
796 2391 1174 2459 pulchritudo
1192 2400 1250 2447 et
1280 2395 1621 2465 magnitudo
1655 2397 1977 2449 maximum
2000 2395 2180 2450 adde-

534 2476 680 2531 bant
709 2478 950 2551 imagini
984 2489 1283 2551 ornatum,
1317 2500 1451 2538 cum
1481 2486 1725 2555 Opiﬁces
1758 2502 1855 2539 eas
1887 2485 2098 2539 callide
2127 2490 2185 2539 et

538 2582 674 2621 cum
705 2567 917 2623 decore
944 2571 1199 2626 maximo
1232 2572 1696 2643 imposuissent;
1741 2574 1821 2629 ita
1884 2580 1948 2628 ut
1994 2575 2182 2645 pluri-

539 2671 668 2709 mos
693 2657 849 2711 circa
879 2659 1265 2715 simulacrum
1296 2660 1487 2732 decipi
1521 2663 2180 2734 contingeret,pulchri-

539 2742 746 2797 tudine
775 2748 1119 2815 apparentis
1147 2748 1353 2803 formae
1383 2750 1456 2804 ad
1515 2750 1882 2805 adorandum
1931 2752 2184 2806 illectos.

545 2832 712 2896 Quod
744 2833 871 2903 ipse
903 2852 1139 2906 quoque
1170 2837 1440 2893 Julianus
1482 2856 1692 2910 passus
1723 2841 1933 2895 fuerat.
1970 2842 2186 2913 Majore

544 2922 706 2976 enim
736 2923 889 2978 hanc
920 2942 1097 2995 quam
1112 2934 1354 2983 caeteras
1384 2930 1674 3002 imagines
1690 2932 1852 2986 cultu
1875 2950 2191 3004 proseque-

539 3012 734 3079 batur,
768 3013 958 3069 millia
988 3030 1059 3070 ex
1098 3017 1349 3089 singulis
1396 3020 1711 3091 generibus
1742 3021 1795 3075 ei
1846 3023 2188 3078 sacrificans

548 3101 851 3158 animalia.

614 3389 700 3442 53.
736 3389 880 3443 Cum
905 3394 1104 3445 autem
1136 3392 1337 3446 omnia
1364 3391 1587 3448 faceret
1643 3400 1702 3449 et
1755 3396 2068 3453 moliretur
2125 3403 2193 3453 ut

541 3495 896 3551 responsum
928 3480 1130 3536 ederet
1160 3487 1372 3552 statua,
1396 3500 1506 3539 nec
1558 3485 1883 3556 quidquam
1940 3489 2190 3559 proﬁce-

546 3574 656 3633 ret,
692 3569 793 3623 sed
818 3570 940 3624 haec
979 3574 1036 3623 et
1068 3570 1312 3643 reliqum
1363 3573 1650 3641 imagines
1682 3574 1867 3630 altum
1918 3582 2191 3633 tenerent

545 3658 877 3724 silentium,
913 3659 1267 3714 existimavit
1298 3678 1445 3732 opus
1477 3679 1606 3717 esse
1662 3666 1999 3737 praestigiis,
2042 3684 2189 3737 quas

546 3747 883 3814 hierurgiam
916 3747 1165 3818 gentiles
1210 3749 1532 3820 appellant.
1594 3753 1892 3807 Accersito
1934 3755 2190 3825 quodam

543 3836 815 3903 Eusebio,
850 3852 1027 3906 quem
1060 3837 1120 3890 in
1146 3838 1424 3909 gentibus
1474 3839 1633 3896 fama
1684 3848 1811 3896 erat
1840 3844 2094 3898 multum
2128 3845 2189 3899 in

540 3925 651 3981 hac
683 3931 808 3979 arte
830 3940 1026 3996 posse,
1054 3926 1105 3979 ei
1139 3927 1441 3982 mandavit
1469 3934 1533 3982 ut
1556 3935 1810 3987 statuam
1844 3949 2021 4003 quam
2052 3950 2187 3989 ma-

540 4015 699 4070 xime
734 4015 1061 4085 spirantem
1107 4020 1166 4069 et
1213 4016 1515 4072 efficacem
1573 4019 1868 4086 redderet,
1903 4022 2054 4076 nulli
2104 4024 2187 4077 rei

538 4104 863 4175 parcendo,
894 4121 1072 4174 quam
1105 4104 1178 4159 ad
1210 4106 1319 4160 hoc
1350 4109 1748 4163 necessariam
1784 4127 1911 4164 esse
1971 4128 2187 4166 cense-

537 4199 647 4249 ret.
681 4194 825 4247 Cum
856 4198 1052 4247 autem
1086 4211 1294 4249 omnes
1327 4197 1799 4253 machinationes
1830 4216 1964 4254 suas
1988 4202 2185 4272 profu-

541 4282 747 4349 disset,
781 4287 839 4336 et
869 4282 1020 4336 nihil
1054 4300 1279 4351 eorum,
1333 4303 1462 4354 qum
1512 4288 1804 4355 potuisset
1834 4291 2185 4361 excogitare,

540 4372 902 4426 intentatum
936 4372 1297 4442 reliquisset,
1324 4375 1502 4427 simili
1539 4376 1711 4430 modo
1762 4383 1821 4431 et
1859 4378 2031 4448 juxta
2077 4397 2187 4435 na-

539 4467 685 4516 turaa
710 4460 980 4515 ordinem
1016 4462 1201 4515 tacuit
1223 4463 1788 4533 simulacrum,nihil
1823 4484 1982 4523 nunc
2001 4471 2188 4541 magis

540 4566 717 4621 quam
745 4555 921 4605 antea
951 4552 1695 4626 proferens.Interrogatus
1724 4573 1861 4629 ergo
1892 4575 1925 4612 a
1953 4559 2185 4614 Juliano
2216 4582 2264 4648 D

538 4654 643 4693 cur
674 4640 930 4693 maxime
946 4645 1167 4693 taceret
1194 4641 1743 4714 Apollo,completis
1775 4651 1973 4700 tamen
1994 4647 2184 4701 omni-

537 4728 648 4783 bus
674 4745 804 4799 quaa
836 4728 909 4783 ad
940 4729 1066 4783 harc
1088 4730 1406 4784 constituta
1420 4737 1638 4795 essent,
1672 4735 1977 4803 respondit
2002 4736 2183 4806 Baby-

538 4818 658 4873 lam
690 4824 815 4872 tum
848 4818 1027 4889 hujus
1061 4822 1187 4873 tum
1212 4818 1579 4889 reliquarum
1606 4822 1930 4894 imaginum
1963 4824 2184 4879 silentii

540 4907 901 4978 przecipuam
935 4922 1062 4961 esse
1096 4924 1358 4972 causam,
1392 4908 1550 4977 quod
1575 4925 1785 4981 nempe
1815 4912 2185 4983 sepultusja-

541 4998 703 5049 ceret
732 4995 792 5048 in
821 4994 1085 5065 Daphne,
1118 4999 1177 5049 et
1202 4994 1283 5049 dii
1317 4995 1565 5051 cadaver
1614 4998 1742 5068 ejus
1799 4998 2187 5055 abhorrentes

538 5084 672 5140 ideo
705 5084 777 5139 ad
808 5101 944 5140 suas
972 5084 1143 5139 sedes
1163 5086 1365 5139 venire
1398 5103 1518 5141 non
1551 5088 2191 5145 sustinerent.Nolebat

539 5173 700 5227 enim
730 5174 1097 5228 verissimam
1130 5173 1362 5244 aperire
1397 5190 1805 5247 causam,quw
1838 5183 2035 5233 tamen
2067 5196 2187 5234 non

542 5262 786 5315 omnino
819 5279 954 5317 eum
988 5263 1229 5330 latebat,
1263 5263 1470 5319 adesse
1504 5265 1735 5321 scilicet
1764 5268 2050 5339 majorem
2082 5285 2186 5339 po-

541 5350 803 5415 tentiam,
822 5368 938 5421 qua
962 5352 1300 5407 daemonum
1333 5354 2183 5426 operationesimpedirentur;

545 5453 614 5490 eo
645 5437 735 5491 vel
765 5441 951 5511 magis
973 5442 1132 5510 quod
1160 5441 1413 5501 daamon.
1450 5444 1549 5513 qui
1584 5444 1922 5515 Apollinem
1956 5446 2182 5517 agebat,

543 5524 597 5577 ei
629 5523 785 5579 clare
819 5532 878 5579 et
904 5535 1125 5597 aperte,
1185 5531 1269 5584 uti
1328 5531 1611 5595 referunt,
1647 5532 1895 5588 dixisset
1946 5551 2006 5589 se
2064 5551 2186 5609 non

545 5628 719 5682 posse
740 5613 1098 5683 respondere
1126 5623 1368 5688 prOpter
1388 5620 1693 5693 Babylam.

2280 1945 2566 2019 εφθέγγετο
2623 1943 2851 2005 καλλος
2910 1945 3101 2000 ἐστῶτί
3172 1967 3233 2000 τε
3303 1946 3442 2019 μετά
3516 1946 3690 2019 χεῖρας
3735 1949 3849 2014 ἧνὴ

2278 2035 2495 2109 κιθάρα,
2555 2036 3000 2107 μουσηγετοῦντά
3055 2056 3177 2089 τινα
3262 2034 3662 2107 ἐκμιμουμένῳ’
3714 2031 3758 2087 αῖ
3817 2055 3853 2087 τε

2280 2123 2469 2195 κόμαι,
2529 2123 2617 2178 καὶ
2648 2130 2748 2190 τῆς
2781 2120 2985 2193 δάφνης
3016 2125 3044 2178 6
3088 2125 3348 2197 στέφανος
3405 2124 3494 2178 τὸν
3553 2123 3731 2199 χρυσὸν
3762 2122 3851 2176 ἄνα·

2287 2212 2376 2285 μῖξ
2408 2212 2695 2282 ἐπήνθουν*
2732 2212 2807 2274 ὡς
2855 2211 3072 2284 ἤμελλε
3128 2212 3295 2287 χάρις
3353 2212 3678 2286 έξαστράψειν
3718 2209 3851 2277 πολλὴ

2282 2308 2398 2363 τοῖς
2430 2302 2802 2373 θεασομένοις’
2843 2303 3081 2356 ὑάκινθοί
3136 2324 3192 2357 τε
3222 2305 3375 2374 αὐτῷ
3432 2301 3525 2357 δύο
3579 2303 3705 2356 λίθοι
3735 2300 3858 2374 μεγά-

2286 2390 2399 2461 λοι,
2447 2392 2537 2443 τὸν
2594 2394 2700 2444 τῶν
2758 2390 3057 2465 ὀφθαλμῶν
3121 2390 3459 2466 ἐξεπλήρουν
3529 2390 3700 2458 τύπον,
3765 2391 3858 2441 κατὰ

2290 2481 2514 2551 μνήμην
2550 2482 2643 2531 τοῦ
2667 2477 3009 2549 Ἀμυκλαίου
3040 2476 3234 2540 παιδὸς
3268 2480 3563 2548 Ὑακίνθου,
3609 2477 3685 2531 καί
3716 2475 3777 2530 ἀεί
3818 2474 3855 2528 τὸ

2286 2572 2392 2622 τῶν
2424 2568 2593 2630 Λίθων
2626 2566 2831 2626 κάλλος
2863 2567 2952 2620 καὶ
3014 2566 3240 2642 μέγεθος
3302 2568 3396 2621 τὸν
3455 2568 3685 2640 μέγιστον
3735 2584 3854 2637 προσ-

2292 2654 2461 2709 ετέλει
2515 2660 2594 2725 τῷ
2652 2653 2927 2728 ἀγάλματι
2987 2656 3220 2728 κόσμον,
3303 2655 3614 2710 ἐνταθέντων
3662 2655 3857 2725 περιττῶς

3382 2744 3748 2819 ἐργασαμένων·
3800 2738 3857 2791 ἵνα

3252 2833 3419 2887 αὐτοῦ
3487 2828 3748 2904 συμϐαίνῃ.
3806 2832 3856 2895 τῷ

2290 2920 2617 2997 περικαλλεῖ
2672 2930 2772 2989 τῆς
2804 2924 2950 2996 [381]
2982 2924 3438 2999 προφαινομένης
3475 2929 3691 2999 μορφῆς,
3716 2919 3775 2979 εἷς
3814 2918 3853 2969 τὸ

2296 3015 2618 3084 προσκυνεῖν
2676 3009 2860 3070 αὐτοῖς
2947 3007 3401 3081 δελεαζομένους.
3459 3011 3617 3079 Ὅπερ
3682 3004 3755 3059 οὖν
3795 3002 3853 3054 ιιαέ

2299 3098 2463 3160 αὐτός
2494 3101 2522 3154 ὁ
2555 3098 2850 3161 Ἰουλιανὸς
2873 3099 3157 3160 πεπονθὼς
3214 3099 3306 3167 ἦν’
3370 3098 3591 3153 πλείονα
3634 3097 3675 3170 γ’
3721 3094 3788 3147 οὖν
3830 3093 3851 3158 ἦ

2297 3188 2538 3262 σύμπασι
2599 3192 2716 3249 τοῖς
2768 3186 3071 3261 ἀγὰλμασι·
3158 3191 3410 3263 προσῆγε
3465 3188 3559 3255 τὴν
3616 3180 3846 3259 θεραπείαν,

2295 3272 2601 3350 χιλιόμόας
2634 3276 2768 3339 ὅλας
2799 3277 2849 3347 ἐξ
2909 3275 3133 3331 ἐκᾶστου
3165 3277 3358 3353 γένους
3412 3276 3555 3347 αὐτῷ
3583 3273 3805 3345 θυόμενος.

2288 2746 2424 2818 πρὸς
2492 2743 2864 2819 ἀξιορῥέπειαν
2920 2745 3088 2798 αὐτοῦ
3169 2749 3281 2799 τῶν

2291 2832 2579 2893 πλείστους
2663 2832 2964 2895 ἀπατᾶσθαι
3039 2834 3163 2906 περὶ

2365 3386 2635 3462 νγ“.Ἐπεὶ
2681 3384 2739 3439 δὲ
2790 3386 2937 3457 αὐτῷ
2997 3388 3167 3440 πάντα
3218 3390 3471 3440 ποιοῦντι
3551 3384 3631 3438 καὶ
3674 3396 3853 3453 πραγμα-

2294 3477 2571 3549 τευομένῳ
2612 3474 2760 3536 ὅπως
2814 3474 2974 3549 χρῴη
3029 3474 3092 3529 τὸ
3136 3473 3390 3550 ἄγαλμα,
3434 3473 3592 3529 πλέον
3636 3474 3690 3538 ἦν
3731 3464 3853 3527 οὐδὲν,

2296 3563 2442 3619 ἀλλὰ
2469 3565 2629 3619 τοῦτό
2651 3585 2709 3618 τε
2735 3563 2822 3617 καὶ
2859 3563 2927 3618 τὰ
2956 3562 3126 3618 λοιπὰ
3182 3565 3373 3619 αὐτόθι
3432 3564 3691 3634 σύμπαντα
3735 3552 3851 3628 ἆγὲλ-

2298 3675 2439 3725 ματα
2498 3654 2684 3727 βαθεῖα
2733 3653 2914 3721 σιωπή
2972 3658 3247 3727 κατεῖχεν,
3321 3653 3543 3707 ἐνταῦθα
3586 3648 3772 3719 νομίσας
3812 3660 3851 3692 τι

2294 3744 2400 3798 ἀπὸ
2420 3745 2521 3803 τῆς
2577 3742 2831 3816 γοητείας
2889 3738 3084 3811 ἐνδεῖν,
3160 3740 3230 3811 ἤν
3317 3740 3618 3817 ἱερουργίαν
3664 3734 3849 3789 καλοῦσιν

2294 3831 2586 3901 Ἕλληνες,
2621 3824 2873 3886 Εὖσέϐιόν
2906 3852 3043 3897 τινα,
3110 3832 3387 3905 μέγιστον,
3419 3831 3506 3885 ἐπὶ
3558 3828 3614 3883 τὸ
3639 3828 3768 3881 ταῦτα
3791 3818 3850 3872 6-3-

2293 3932 2504 3988 νασθαι,
2534 3919 2867 3992 κεκτημένον
2900 3919 2951 3973 έν
3008 3918 3247 3989 ’Έλλησι
3323 3918 3502 3985 κλέος,
3582 3908 3849 3988 μεταπεμοξὰ-

2300 4030 2484 4082 μενος,
2519 4008 2698 4075 τούτῳ
2728 4009 3086 4082 προσέταττεν
3142 4007 3404 4062 ἐπίπνουν
3455 4008 3533 4061 ὅτι
3582 4002 3849 4100 μᾶλιστςιέιαι

2297 4098 2512 4171 ἐνεργὸν
2545 4098 2888 4170 ἀποφαίνειν,
2926 4094 3161 4169 μηδενὸς
3213 4098 3288 4151 ὧν
3342 4098 3419 4160 εἰς
3472 4100 3620 4149 τοῦτο
3668 4094 3849 4163 προσδεὶν

2296 4190 2445 4261 αὐτῷ
2467 4189 2685 4261 νομίζοι
2718 4188 3059 4264 φεισὰμενόν.
3104 4192 3198 4259 Τᾦ
3249 4186 3299 4242 δ’
3346 4185 3529 4255 ἐπειδή
3580 4185 3726 4241 πασας
3768 4178 3848 4231 ἑαυ-

2294 4284 2389 4334 τοῦ
2419 4280 2730 4348 κεκινηκότι
2761 4279 2858 4340 τὰς
2896 4280 3172 4353 μηχανὰς,
3214 4279 3305 4334 καὶ
3358 4276 3525 4350 μηδὲν
3578 4276 3604 4329 ὅ
3650 4295 3693 4326 τι
3738 4270 3847 4322 πλέον

2295 4366 2354 4421 ἃν
2396 4368 2736 4437 ἐπινοήσειεν
2791 4365 3241 4440 ὑπολειπομένῳ,
3325 4368 3419 4421 τὸν
3476 4367 3649 4436 ὅμοιον
3698 4358 3848 4413 ἐσεσιω·

2294 4460 2457 4527 πήκει
2486 4457 2575 4511 καὶ
2608 4457 2743 4511 κατὰ
2764 4456 2919 4532 φύσιν
2972 4456 3199 4523 τοόπον,
3260 4455 3415 4511 οὐδέν
3436 4477 3486 4509 τι
3521 4445 3757 4525 μᾶλλονῆ
3792 4464 3846 4495 καί

2294 4548 2498 4621 πρόσθε
2519 4545 2908 4623 φθεγγόμενον,
2961 4545 3187 4600 ἐνταῦθα
3244 4543 3352 4615 ἤδη
3406 4546 3539 4618 πρὸς
3577 4533 3845 4635 ’ποῦ’ίουλιιιῖ

2295 4639 2385 4689 νοῦ
2408 4636 2761 4709 ἐρωτώμενος
2793 4636 2883 4688 καὶ
2915 4637 3029 4689 καθ’
3074 4636 3103 4689 6'
3156 4656 3209 4689 τι
3275 4634 3510 4707 μαλιστα
3560 4628 3841 4723 omnim?!

2292 4730 2459 4779 ταῦτα
2488 4724 2700 4778 παντων
2729 4723 3081 4779 τελεσθέντων
3137 4723 3219 4777 ἐπ’
3260 4724 3409 4793 αὖτῷ
3462 4727 3562 4776 τῶν
3627 4720 3840 4786 νομιζομί·

2294 4836 2399 4869 νων
2421 4816 2548 4889 παρ’
2582 4813 2790 4874 αὐτοῖς.
2822 4808 3077 4870 Βαϐύλαν
3105 4811 3205 4889 ἔφη
3238 4820 3339 4881 τῆς
3372 4818 3576 4878 σιωπῆς
3617 4806 3770 4861 τούτου
3806 4818 3839 4849 τε

2294 4905 2384 4959 καὶ
2423 4908 2529 4958 τῶν
2566 4901 2779 4957 λοιπῶν
2814 4902 3149 4978 ἀγαλμᾶτων
3200 4903 3518 4958 αἰτιώτατον
3549 4902 3681 4965 εἶναι,
3727 4893 3836 4993 αὐτοῦ

2299 4993 2349 5049 ἐν
2379 4997 2447 5066 τῇ
2481 4993 2659 5068 Δᾶφνῃ
2693 4994 2972 5065 κειμένου,
2999 4991 3073 5053 ὡς
3122 4996 3229 5046 τῶν
3289 4997 3424 5056 θεῶν
3467 4991 3554 5045 τὸν
3579 4984 3727 5060 νεκρὸν
3768 4984 3835 5078 αξ·

2291 5070 2393 5136 τοῦ
2428 5078 2937 5156 βδελλυττομένων,
2986 5082 3077 5134 καὶ
3109 5077 3199 5135 διὰ
3225 5085 3391 5135 τοῦτο
3437 5084 3550 5139 τοῖς
3603 5073 3716 5130 ἕδεσι
3740 5070 3832 5171 395:"

2298 5172 2579 5248 ἐπιφυιτᾷν
2642 5171 2741 5225 οὐκ
2791 5170 3168 5244 ἀνεχομένων.
3229 5170 3304 5228 Οὐ
3362 5171 3462 5243 γὰρ
3508 5163 3831 5248 ἡϐοόλετοῌτῆν

2298 5260 2674 5330 ἀληθεστὰτην
2711 5258 2886 5313 αἰτίαν
2939 5258 3131 5325 εἰπεῖν,
3185 5259 3245 5312 οὐ
3298 5255 3589 5313 παντᾶπασί
3636 5272 3683 5324 γε
3726 5245 3831 5305 εἴη(

2299 5350 2691 5417 ἀνεπαίσθητοί
2723 5348 2984 5424 γεγονὼς,
3012 5347 3096 5403 δτι
3143 5346 3210 5417 δὴ
3266 5349 3513 5423 κρείττων
3562 5343 3741 5412 δύναμις
3774 5330 3826 5399 ἧι,

2297 5450 2331 5516 ἡ
2365 5447 2459 5510 τὰς
2486 5451 2595 5500 τῶν
2644 5443 2920 5517 δαιμόνων
2978 5444 3247 5521 ἐνεργείας
3316 5440 3659 5513 πεδησαμένηι
3702 5431 3826 5487 άλλως

2294 5557 2353 5590 τε
2382 5535 2470 5590 καὶ
2522 5540 2620 5589 τοῦ
2652 5532 2913 5607 δαίμονος
2940 5533 3085 5606 αὐτῷ
3113 5539 3207 5589 τοῦ
3232 5535 3321 5589 τὸν
3347 5530 3649 5592 Ἀπόλλωνα
3675 5524 3825 5607 ὑποκρι-

2294 5626 2529 5697 ναμένου
2559 5606 2769 5698 σαφῶς,
2800 5622 2892 5679 καὶ
2926 5620 3253 5703 διαρῥτήδην,
3308 5623 3386 5686 ὡς
3438 5619 3647 5695 λέγεται,
3672 5606 3818 5686 εἰρηκό-

2294 5736 2407 5784 τος,
2445 5716 2523 5789 μή
2555 5704 2816 5769 δύνασθαι
2846 5702 3238 5788 ἀποκρίνασθαι
3285 5710 3375 5767 διὰ
3406 5704 3646 5769 Βαῦόλσν.
