4044 6218
301 275 464 333 1301

296 587 408 654 τῷ
439 582 652 657 βασιλεῖ
693 584 952 639 ιῖσελθεῖν
1013 584 1336 659 βουλομένῳ
1385 585 1434 639 ἐν
1485 589 1553 657 τῇ
1584 590 1690 639 τῶν
1720 587 1974 656 Χριστια-

299 677 432 727 νῶν
463 671 724 744 ἐκκλησίᾳ
781 675 918 727 κατὰ
971 671 1036 743 δή
1095 695 1218 728 τινα
1279 675 1491 749 ὲορτὴν,
1551 674 1676 736 στὰς
1730 676 1837 745 πρὸ
1864 679 1971 729 τῶν

297 762 497 836 θυρῶν
558 759 884 816 διεκώλυσεν
967 761 1251 834 εἷσελθεῖν,
1313 764 1528 840 φάσκων
1614 764 1690 827 εἰς
1745 761 1974 836 δύναμιν

302 852 403 922 μή
431 851 784 924 περιόψεσθαι
840 849 1004 906 λύκον
1062 857 1141 924 τῷ
1198 854 1449 925 ποιμνίῳ
1490 852 1968 927 ἐπεισερχόμενον’

294 940 411 995 τὸν
460 937 518 995 δὲ
567 939 870 1011 παραυτίκα
932 941 1025 1013 μέν
1083 943 1523 1016 ἀποκρουσθῆναι
1584 948 1684 1010 τῆς
1734 941 1969 1013 εἰσόδου,

298 1027 426 1084 εἴτε
457 1026 525 1098 δὴ
559 1029 740 1084 στάσιν
787 1031 912 1084 τινὰ
958 1031 1095 1106 πρὸς
1143 1035 1242 1085 τοῦ
1291 1030 1472 1106 δχλου
1505 1029 1714 1085 ἔσεσθαι
1751 1031 1971 1085 ὑπειδό-

305 1139 500 1190 μενον,
551 1117 657 1173 εἴτε
725 1128 814 1173 καὶ
900 1118 1088 1181 ἄλλως
1169 1119 1343 1174 αὐτῶν
1407 1117 1856 1193 μεταϐουλευθέν’
1914 1119 1965 1175 ἐν

303 1206 554 1282 χαλεπῷ
581 1208 676 1280 μὲν
714 1229 800 1262 τοι
830 1208 928 1276 τήν
976 1207 1278 1263 ἀντίστασιν
1326 1214 1423 1263 τοῦ
1471 1209 1770 1263 ἐπισκόπου
1799 1231 1966 1278 ποιη-

296 1317 572 1368 σαμενον,
621 1294 807 1365 ἐπειδὴ
858 1297 932 1358 ὼς
984 1297 1170 1352 ἑαυτὸν
1230 1296 1318 1352 ἐπὶ
1371 1299 1437 1353 τὰ
1492 1297 1741 1374 βασίλεια
1783 1298 1968 1368 ἀπηλ-

296 1382 491 1461 λάγη,
550 1385 994 1459 παραστήσασθαί
1051 1407 1108 1441 τε
1183 1387 1342 1442 αὐτὸν
1416 1387 1504 1442 ἐπὶ
1559 1392 1656 1442 τοῦ
1715 1388 1963 1462 βήματος

295 1473 810 1549 ἀπολογησόμενον
863 1472 1133 1544 ἐκέλευσε,
1181 1474 1269 1528 καὶ
1325 1471 1390 1544 δὴ
1443 1477 1813 1550 παραστάντος
1868 1474 1967 1529 αὐ-

291 1567 433 1634 τοῦ,
466 1567 659 1635 πρῶτα
693 1562 786 1635 μὲν
817 1563 917 1630 τήν
956 1562 1167 1635 τόλμαν
1217 1569 1317 1633 τῆς
1365 1563 1657 1626 κωλύσεως
1700 1563 1962 1628 ἐνεκάλει,

294 1648 504 1706 ἔπειτα
533 1650 628 1723 μὲν
660 1670 745 1705 τοι
804 1649 1014 1706 κελεύει
1071 1651 1232 1706 αὐτὸν
1293 1658 1409 1714 τοῖς
1469 1649 1689 1725 δαίμοσι
1721 1651 1883 1722 θύειν,
1916 1653 1962 1707 εἰ

1673 283 1734 336 8.
1774 284 2080 339 ARTEMII
2118 287 2385 342 PASSIO.

398 401 493 460 νδ’.
536 405 593 457 Ὁ
649 405 750 480 γὰρ
802 401 868 474 δὴ
927 397 1181 470 Βαϐόλας
1228 407 1386 469 οὗτος
1418 404 1632 483 λέγεται
1677 405 1976 468 ἐπίσκοπος
2009 411 2060 476 Α

306 493 428 564 μὶν
460 495 604 568 [382]
653 495 893 568 γενέσθαι
947 501 1047 563 τῆς
1107 496 1469 570 Ἀντιοχείας,
1531 500 1889 570 Νουμεριανῷ
1920 494 1979 550 δὲ

3602 296 3743 353 1302

2168 413 2254 466 54.
2291 412 2538 484 Babylas
2587 415 2748 469 enim
2799 415 2900 470 ille
2948 416 3164 471 dicitur
3213 421 3522 492 episc0pus
3552 423 3737 478 fuisse

2085 502 2436 569 Antiochiae,
2471 509 2528 557 et
2559 505 2918 559 Numeriano
2953 506 3308 576 imperatore
3342 510 3436 564 die
3477 513 3731 580 quadam

2081 589 2296 645 festiva
2325 592 2726 648 Christianam
2751 595 3060 649 ecclesiam
3093 596 3320 668 ingredi
3350 599 3596 669 volente,
3620 609 3733 656 ste-

2081 679 2222 734 tisse
2281 698 2400 750 pra:
2457 681 2704 749 foribus,
2735 699 2990 753 eumque
3059 685 3431 754 prohibuisse
3491 689 3730 758 intrare,

2079 769 2284 824 dicens
2307 788 2369 825 se
2391 787 2496 841 pro
2517 771 2737 825 viribus
2759 772 3184 842 impediturum
3210 790 3282 827 ne
3309 774 3482 844 lupus
3499 792 3733 848 gregem

2077 857 2400 914 invaderet.
2444 862 2772 930 Imperator
2829 861 3070 928 quidem
3128 863 3328 916 statim
3359 863 3430 917 ab
3464 865 3733 935 ingressu

2076 947 2351 1017 repulsus
2383 948 2514 1014 fuit,
2548 949 2669 1003 sive
2703 949 2860 1020 quod
2895 949 3252 1005 seditionem
3287 953 3348 1006 in
3379 953 3599 1023 populo
3629 954 3729 1007 fu-

2075 1040 2268 1090 turam
2293 1036 2713 1106 suspicaretur,
2741 1040 2859 1092 sive
2881 1038 3042 1092 aliud
3067 1039 3392 1110 quidquam
3414 1048 3614 1096 mente
3638 1059 3730 1095 re-

2073 1123 2347 1178 volveret.
2402 1126 2548 1179 Cum
2599 1132 2798 1181 tamen
2851 1143 3001 1200 aegre
3052 1127 3228 1182 ferret
3271 1129 3727 1199 prohibitionem

2075 1212 2357 1283 episcopi,
2413 1213 2487 1268 ad
2545 1215 2764 1286 regiam
2827 1232 3117 1285 reversus,
3170 1217 3353 1286 jussit
3400 1235 3557 1286 eum,
3589 1218 3727 1274 facti

2073 1301 2164 1354 sui
2197 1302 2490 1357 rationem
2523 1304 2915 1370 redditurum,
2966 1304 3040 1359 ad
3090 1305 3351 1360 tribunal
3394 1306 3548 1362 duci.
3582 1309 3727 1362 Pro-

2072 1391 2247 1445 ducto
2280 1408 2418 1463 ergo
2442 1391 2681 1463 Babyla,
2702 1393 2894 1463 primo
2918 1395 3161 1465 quidem
3191 1396 3501 1450 audaciam
3523 1397 3723 1467 prohi-

2072 1479 2316 1534 bitionis
2354 1482 2668 1547 accusavit,
2705 1482 2921 1537 deinde
2958 1483 3146 1552 jussit
3190 1501 3324 1537 eum
3354 1485 3722 1541 daamonibus

2071 1569 2425 1637 sacrificare,
2451 1570 2498 1623 si
2524 1570 2701 1625 vellet
2723 1571 3159 1626 criminationis
3182 1589 3416 1642 pwnam
3441 1575 3716 1645 effugere.

2069 1658 2181 1712 Sed
2212 1659 2524 1729 episcopus
2559 1660 2999 1714 accusationem
3034 1658 3322 1728 dissolvit,
3357 1667 3416 1715 et
3446 1663 3717 1716 exhorta-

295 1738 579 1816 βούλοιτό
609 1761 670 1815 γε
697 1741 796 1808 τήν
851 1737 939 1794 ἐπὶ
969 1745 1048 1812 τῷ
1085 1740 1396 1815 ἐγκλήματι
1450 1737 1607 1811 δίκην
1640 1739 1953 1817 διαφυγεῖν·

2068 1748 2292 1802 tionem
2341 1749 2584 1818 rejecit:
2636 1748 2798 1802 illam
2846 1748 3088 1828 quidem
3137 1750 3411 1816 dicendo,
3444 1757 3716 1820 oportere

290 1829 398 1883 τὸν
458 1826 516 1883 δὲ
571 1830 707 1904 πρὸς
756 1830 854 1897 τὴν
900 1823 1156 1905 ἔγκλησιν
1216 1829 1666 1904 ἀπολογήσασθαι
1721 1830 1807 1884 καὶ
1856 1831 1954 1899 τὴν

288 1915 620 1992 πρόκλησιν
653 1914 1094 1990 διακρούσασθαι,
1146 1919 1244 1986 τήν
1310 1919 1427 1991 μὲν,
1462 1921 1706 1995 φήσαντα
1734 1920 1958 1992 ποιμένι

287 2006 483 2078 ἑαυτῴ
530 2007 704 2062 πάντα
750 2011 1049 2082 προσήκειν
1099 2007 1230 2083 ὑπὲρ
1303 2011 1396 2062 τοῦ
1445 2007 1704 2079 ποιμνίου
1752 2019 1955 2083 προθυ-

288 2103 551 2170 μεῖσθαι,
583 2099 680 2166 τήν
717 2095 793 2165 δὲ,
829 2099 907 2170 μή
941 2095 1245 2167 ἀνελέσθαι,
1288 2102 1385 2152 τοῦ
1437 2098 1606 2160 ὅντως
1635 2099 1790 2160 ’ὄντος
1821 2101 1954 2152 ἀπο-

282 2187 503 2240 στάντα
533 2190 689 2253 Θεοῦ,
719 2184 1098 2260 ψευδωνύμως
1127 2186 1217 2240 καὶ
1247 2185 1504 2258 όλετῆρσι
1537 2185 1758 2258 δαίμοσι
1786 2186 1952 2250 θύειν.

280 2275 414 2339 Εἶθ’
451 2277 478 2330 ὁ
516 2276 609 2348 μὲν
643 2277 718 2338 ὼς
768 2277 912 2349 ἑώρα
962 2277 1037 2348 μὴ
1090 2275 1436 2349 πειθόμενον,
1490 2277 1807 2348 προσέταξεν
1855 2276 1954 2330 αὐ-

278 2366 384 2420 τὸν
424 2363 644 2419 ἁλύσεσι
675 2365 762 2419 καὶ
806 2361 996 2428 πέδαις
1043 2362 1462 2438 ένδησαμένους,
1489 2366 1589 2434 τήν
1621 2365 1705 2420 ἐπὶ
1741 2367 1954 2438 θανάτῳ

281 2451 450 2528 ἄγειν
481 2461 582 2520 τῆς
615 2452 859 2529 κεφαλῆς
904 2453 1328 2528 ἀφαιρήσοντας·
1364 2455 1392 2509 ὁ
1440 2451 1515 2523 δὲ,
1565 2452 1752 2524 ἐπειδή
1785 2457 1952 2529 ἤγετο

281 2546 712 2617 τεθνηξόμενος,
739 2545 934 2603 ταύτας
973 2539 1260 2598 ἀναλαϐὼν
1308 2542 1408 2618 ᾖδε
1456 2549 1554 2599 τοῦ
1599 2542 1825 2615 ψαλμοῦ
1853 2546 1950 2606 τὰς

291 2634 507 2710 ῥήσεις·
566 2634 955 2708 Ἐπίστρεψον,
1005 2635 1157 2709 ψυχή
1234 2654 1362 2706 μου,
1427 2633 1503 2696 εἰς
1553 2634 1653 2702 τὴν
1713 2633 1951 2688 ἀνάπαυ-

290 2721 385 2777 σίν
417 2742 535 2794 σου,
565 2723 651 2778 ’ὁτι
677 2721 877 2798 Κύριος
908 2717 1235 2798 εὐηργέτησε
1264 2742 1342 2778 σε.

359 2945 456 2996 ve‘.
508 2937 649 2993 Φασὶ
701 2935 759 2993 δὲ
804 2939 894 2993 καὶ
946 2942 1093 3010 τρεῖς
1143 2935 1340 2999 παῖδας
1391 2933 1660 3011 ἀδελφοὺς
1695 2937 1758 2991 τὸ
1788 2935 1946 3011 γένος

278 3025 501 3100 κομιδῇ
559 3026 707 3089 νέους
769 3027 857 3082 ὑπ’
911 3026 1058 3097 αὐτῷ
1116 3026 1605 3102 ἀνατρεφομένους,
1642 3024 1947 3101 άρπαγῆναί

2068 1854 2152 1904 se,
2187 1843 2389 1908 utpote
2443 1843 2764 1908 pastorem,
2825 1839 3029 1892 omnia
3086 1855 3190 1909 pro
3247 1856 3418 1911 grege
3461 1839 3717 1894 libenter

2065 1927 2187 1997 pati
2212 1943 2225 1992 ;
2256 1927 2408 1980 hanc
2440 1933 2638 1982 autem
2661 1927 3060 1981 renuntiando
3085 1945 3146 1981 se
3171 1945 3288 1982 non
3314 1928 3714 1982 admissurum

2065 2020 2150 2080 ut,
2199 2015 2486 2087 abnegato
2536 2032 2670 2070 vero
2724 2017 2860 2080 Deo,
2907 2016 3270 2070 sacriﬁcaret
3321 2016 3712 2084 daamonibus,

2062 2104 2228 2159 falsis
2251 2104 2480 2160 scilicet
2498 2105 2610 2158 diis
2632 2109 2691 2159 et
2712 2105 3062 2175 perniciosis
3094 2105 3420 2176 spiritibus.
3453 2109 3709 2177 Impera-

2065 2199 2155 2247 tor
2175 2199 2240 2248 ut
2267 2193 2408 2247 vidit
2440 2193 2610 2247 illum
2643 2209 2766 2247 non
2799 2193 3200 2260 obedientem,
3225 2194 3406 2264 jussit
3437 2211 3593 2261 eum,
3627 2195 3717 2250 ca-~

2065 2283 2220 2337 tenis
2250 2287 2308 2336 et
2337 2282 2724 2352 compedibus
2766 2281 3031 2354 ligatum,
3066 2283 3278 2352 capitis
3308 2285 3712 2353 amputatione

2063 2369 2340 2424 interﬁci.
2367 2369 2475 2434 Qui
2506 2386 2642 2424 cum
2676 2369 2991 2424 duceretur
3021 2370 3369 2434 moriturus,
3399 2387 3711 2426 assumens

2062 2459 2188 2514 haec
2220 2459 2436 2530 psalmi
2466 2458 2644 2512 verba
2665 2459 2916 2514 canebat
2941 2476 2953 2512 :
2981 2460 3325 2525 Convertere,
3349 2464 3540 2514 anima
3568 2477 3708 2526 mea,

2058 2550 2120 2602 in
2147 2550 2391 2618 requiem
2436 2554 2609 2615 tuam,
2641 2551 2904 2616 quoniam
2946 2550 3207 2603 Dominus
3241 2550 3506 2618 benefacit
3537 2550 3637 2602 tibi
3665 2549 3706 2602 ⁸.

2126 2940 2212 2992 55.
2238 2938 2446 2992 Fertur
2476 2937 2652 2990 etiam
2682 2940 2802 2992 tres
2851 2951 3090 3007 pueros,
3121 2934 3335 2990 fratres
3363 2951 3700 3006 germanos,

2054 3026 2373 3082 admodum
2399 3026 2652 3097 juvenes
2685 3030 2862 3095 atque
2893 3041 2926 3078 a
2958 3029 3162 3079 sancto
3203 3024 3480 3096 episcopo
3511 3025 3705 3079 nutri-

274 3137 340 3172 τε
373 3117 466 3171 καὶ
499 3117 695 3178 αὐτοὺς
758 3116 863 3171 ὑπὸ
919 3120 1016 3170 τοῦ
1069 3113 1359 3191 βασιλέως·
1405 3115 1494 3168 καὶ
1536 3116 1610 3176 ὡς
1642 3111 1759 3170 οὐδ’
1792 3112 1944 3168 αὗτοῖ

2065 3122 2165 3182 tos,
2201 3120 2404 3186 captos
2433 3115 2617 3169 fuisse
2646 3114 2718 3169 ab
2752 3114 3130 3184 imperatore.
3164 3114 3308 3167 Cum
3338 3130 3474 3167 vero
3509 3130 3702 3184 neque

276 3207 434 3261 θύειν
469 3203 692 3277 ἤθελον,
721 3206 810 3261 καὶ
849 3226 935 3260 τοι
978 3206 1238 3266 παντοίας
1289 3203 1525 3280 ἀνάγκης
1555 3204 1739 3266 αὐτοῖς
1770 3225 1944 3274 προσ-

273 3295 592 3370 αγομένης,
649 3294 741 3350 καὶ
819 3293 1015 3355 αὐτοὺς
1091 3293 1344 3348 κελεῦσαι
1401 3294 1490 3348 τὸν
1555 3293 1783 3369 βασιλέα
1837 3297 1947 3347 τῶν

269 3383 540 3460 κεφαλῶν
573 3386 839 3461 ἂφαιρεῖν.
896 3380 1005 3444 υῦς
1061 3381 1250 3452 ἐπειδὴ
1304 3385 1437 3451 ἧκον
1494 3381 1571 3444 εἰς
1617 3383 1679 3437 τὸ
1724 3381 1951 3455 προκεί-

277 3493 453 3546 μενον
509 3471 742 3548 χωρίον,
803 3473 831 3527 ὁ
889 3466 1140 3533 Βαϐόλας
1214 3472 1393 3544 ἑαυτῷ
1469 3473 1948 3546 προστησάμενος,

274 3565 438 3636 [383]
496 3561 792 3636 προτέρους
850 3565 1099 3637 προσῆγε
1163 3565 1243 3633 τῷ
1316 3561 1479 3634 ξίφειο
1539 3565 1636 3615 τοῦ
1699 3563 1776 3633 μή
1827 3583 1950 3616 τινα

269 3659 574 3722 τερέσαντα
629 3651 786 3706 αὐτὸν
850 3647 1105 3705 ἀναδῦναι
1174 3652 1266 3704 τὸν
1349 3651 1598 3718 θάνατον,
1654 3650 1744 3704 καὶ
1805 3651 1948 3704 ἀπο-

274 3739 643 3809 τεμνομένων
675 3738 876 3806 ταύτην
923 3735 983 3790 ἄν
1039 3735 1205 3791 εἰπὼν
1263 3736 1363 3804 τήν
1423 3739 1633 3810 φωνήνο
1670 3734 1810 3791 Ἰδοὺ
1840 3736 1951 3811 ἐγὼ

273 3827 378 3883 καὶ
410 3829 481 3883 τὰ
534 3825 734 3882 παιδία
781 3827 815 3880 ἃ
875 3847 970 3899 μοι
1025 3825 1225 3880 ἔδωκεν
1281 3827 1308 3880 ὀ
1368 3826 1522 3889 Θεός.
1579 3828 1808 3884 Ἔπειτα
1859 3819 1951 3882 καἰ

274 3916 452 3979 αὐτὸς
480 3915 766 3990 προῦτεινε
793 3916 886 3971 τὸν
945 3915 1146 3971 οἰκεῖον
1198 3914 1365 3970 αὐτοῦ
1425 3916 1634 3992 ἀύχένα
1675 3921 1759 3988 τῷ
1789 3910 1950 3993 ξίφει’

274 4005 670 4079 ἒντειλάμετος
727 4012 844 4068 τοῖς
906 4007 970 4061 τὸ
1049 4010 1210 4078 σῶμα
1281 4008 1446 4060 αὐτοῦ
1504 4005 1951 4078 ἀναλεξαμένοις’

271 4095 382 4156 τὰς
415 4095 640 4158 ἁλύσεις
667 4096 754 4149 καὶ
797 4095 893 4156 τὰς
943 4091 1109 4156 πέδας
1158 4092 1306 4166 αὖτῷ
1336 4095 1623 4166 συνθάψαι,
1659 4095 1751 4150 Ἰν’
1781 4093 1817 4168 ᾖ
1854 4091 1954 4168 po}

268 4189 470 4248 ταῦτα,
507 4185 662 4261 φησὶ,
694 4185 933 4256 κειμένῳ
980 4183 1210 4256 κόσμος⁶
1259 4182 1349 4238 καὶ
1383 4180 1472 4237 οὖν
1506 4182 1596 4237 καὶ
1633 4185 1747 4256 μετ’
1778 4183 1926 4238 αὐτῶ

279 4272 368 4328 ἔτι
398 4273 662 4346 τυγχάνει
692 4271 966 4345 κείμενος,
1013 4272 1090 4335 ὡς
1141 4270 1290 4349 φασί.
1347 4275 1545 4326 Τοῦτον
1572 4272 1664 4325 τὸν
1699 4266 1950 4328 Βαϐόλαν

274 4363 310 4416 ὁ
355 4358 681 4429 Ἰουλιανὸς,
735 4358 922 4429 ἐπειδὴ
973 4361 1108 4434 πρὸς
1157 4365 1253 4414 τοῦ
1301 4357 1563 4416 Εὐσεϐξου
1612 4357 1812 4430 ἤκουσε
1841 4362 1951 4414 κώ-

2057 3206 2116 3260 hi
2148 3205 2483 3260 sacrificare
2517 3204 2755 3270 vellent,
2791 3204 2930 3258 licet
2975 3202 3049 3257 ad
3081 3203 3138 3257 id
3169 3203 3567 3274 undecunque
3605 3221 3702 3259 co-

2055 3300 2354 3368 gerentur,
2389 3311 2490 3349 eos
2539 3311 2774 3364 quoque
2823 3293 3106 3348 decollari
3144 3292 3327 3362 jussit
3356 3293 3698 3363 imperator.

2060 3383 2165 3438 Ubi
2214 3384 2290 3438 ad
2335 3383 2531 3438 locum
2581 3383 2947 3453 propositum
2995 3388 3235 3436 ventum
3294 3387 3402 3446 est,
3457 3381 3702 3452 Babylas

2060 3474 2297 3529 eosdem
2329 3480 2466 3528 ante
2498 3491 2559 3528 se
2596 3479 2883 3538 statuens,
2916 3473 3142 3544 priores
3184 3472 3380 3544 gladio
3413 3472 3700 3538 exhibuit,

2060 3581 2134 3619 ne
2166 3563 2298 3635 quis
2331 3579 2535 3618 eorum
2568 3580 2635 3617 ex
2667 3563 2880 3617 timore
2927 3568 3177 3617 mortem
3208 3561 3531 3632 aufugeret.
3564 3561 3700 3625 Qui-

2060 3653 2172 3708 bus
2200 3652 2532 3717 decollatis,
2564 3652 2827 3708 recitatis
2885 3667 3121 3722 quoque
3170 3651 3261 3706 his
3307 3651 3535 3705 verbis:
3568 3652 3702 3705 Ecce

2061 3759 2161 3813 ego
2191 3749 2241 3798 et
2265 3745 2429 3813 pueri
2457 3758 2592 3811 quos
2621 3743 2773 3796 dedit
2803 3740 2946 3795 mihi
2974 3743 3113 3795 Deus
3145 3741 3183 3808 ⁸,
3219 3745 3277 3794 et
3300 3741 3425 3810 ipse
3483 3739 3702 3795 collum

2063 3849 2238 3887 suum
2268 3832 2571 3904 protendit
2614 3831 2829 3903 gladio.
2877 3832 3139 3885 Jusserat
3170 3829 3324 3898 illos,
3358 3830 3459 3899 qui
3492 3845 3706 3900 corpus

2064 3923 2193 3994 ejus
2222 3921 2530 3976 collecturi
2561 3925 2749 3986 erant,
2778 3926 3017 3974 catenas
3046 3924 3103 3972 et
3132 3917 3448 3990 compedes
3469 3935 3603 3972 cum
3636 3933 3704 3972 e0

2065 4011 2340 4083 sepelire,
2370 4015 2436 4066 ut
2485 4010 2607 4064 sint
2651 4011 2800 4078 haec,
2850 4007 3428 4079 inquiebat,jacenti
3462 4007 3605 4061 mihi
3630 4006 3705 4060 ad

2063 4106 2378 4165 ornatum;
2408 4105 2468 4154 et
2496 4115 2704 4169 reapse
2755 4097 2943 4152 fertur
2998 4113 3132 4150 cum
3164 4096 3236 4149 iis
3263 4096 3455 4150 adhuc
3477 4096 3700 4164 jacere.

2060 4191 2330 4246 Julianus
2353 4205 2509 4260 ergo,
2533 4204 2666 4242 cum
2689 4185 3008 4240 audivisset
3037 4184 3109 4238 ab
3141 4184 3391 4237 Eusebio
3422 4181 3701 4252 Babylam

2062 4279 2221 4333 hunc
2243 4294 2371 4332 esse
2395 4275 2820 4346 impedimento
2843 4272 3053 4326 statuis
3076 4271 3393 4340 quominus
3415 4286 3702 4339 responsa

2063 4368 2325 4431 ederent,
2363 4365 2522 4418 illico
2554 4361 2857 4417 mandavit
2902 4361 2998 4424 iis,
3047 4375 3302 4430 quorum
3341 4357 3589 4412 referret
3619 4357 3702 4413 ita

277 4449 440 4523 λυμα
493 4454 613 4511 τοῖς
670 4449 977 4525 ἀγάλμασιν
1036 4449 1170 4504 εἶναι
1226 4453 1322 4503 τοῦ
1387 4450 1463 4521 μὴ
1521 4454 1683 4524 χρᾷν,
1746 4449 1937 4504 αὐτίκα

437 4539 447 4554 .
529 4541 548 4554 .
731 4538 744 4554 ,
795 4543 819 4552 -
876 4550 891 4554 -
923 4540 935 4554 ,
1096 4536 1180 4554 κη,
1310 4535 1352 4554 ρ..
1401 4536 1414 4554 .
1492 4539 1505 4554 ι
1688 4537 1729 4554 ,κ

2065 4457 2216 4518 fieri,
2236 4460 2300 4509 ut
2318 4469 2557 4522 capsam
2583 4452 2768 4516 illam,
2795 4467 2862 4504 ex
2886 4465 3098 4520 magno
3121 4448 3315 4518 lapide
3337 4453 3698 4516 excavatam,

1310 4535 1414 4562 ζίνὲ

274 4539 633 4612 προσέταξεν,
687 4538 824 4610 αὐτῇ
871 4540 1036 4612 θήκῃ,
1096 4536 1250 4592 λίθου
1307 4536 1352 4593 δ’
1396 4536 1507 4592 ἐστὶ
1569 4537 1811 4612 μεγάλου
1843 4559 1940 4592 πε-

280 4629 591 4702 ποιημένη,
625 4628 878 4701 μετάγειν
932 4625 992 4681 ἐκ
1041 4633 1140 4695 τῆς
1201 4626 1414 4705 Δάφνης
1449 4629 1530 4688 οἷς
1553 4626 1604 4681 τί
1627 4631 1790 4681 τοῦτο
1821 4624 1934 4679 δια-

280 4719 436 4796 φέρει
484 4715 675 4792 πόρῥω
718 4720 824 4770 ποῦ
872 4715 1038 4770 αὐτὸν
1104 4713 1408 4789 ἀλλαχόσε,
1453 4713 1545 4770 ’ίνα
1668 4716 1757 4770 καὶ
1806 4713 1939 4790 βοό-

285 4805 496 4862 λωνται
557 4804 1092 4878 μεταστησαμένους.
1143 4804 1314 4868 Εὐθὺς
1369 4802 1460 4859 οὖν
1498 4805 1526 4858 ὁ
1564 4808 1663 4870 τῆς
1721 4800 1938 4868 πόλεως

284 4893 464 4971 ὄχλος
497 4893 865 4970 προχυθέντες
918 4894 994 4954 ὡς
1049 4892 1137 4948 ἐπὶ
1199 4891 1408 4967 μεγάλῃ
1459 4893 1626 4963 αἰτίᾳ,
1658 4893 1749 4947 καὶ
1781 4913 1938 4964 περι-

280 4981 626 5057 ϐαλλόμενοι
662 4982 844 5038 εἷλκον
889 4984 987 5051 τήν
1022 4984 1219 5052 θήκηνο
1278 4983 1314 5051 ἡ
1371 4980 1426 5036 δὲ
1476 4982 1552 5043 ὡς
1586 4981 1691 5057 οὐχ
1725 4983 1814 5036 ὑπ’
1845 4981 1934 5035 ἆν-

287 5073 523 5150 θρώπων
612 5069 884 5144 ἑλκομένη
973 5067 1187 5143 μᾶλλον
1255 5071 1290 5140 ἢ
1371 5072 1680 5145 κρείττονος
1765 5069 1934 5139 αὐτὴν

279 5163 541 5232 κινούσης
598 5158 904 5233 δυνάμεως,
972 5157 1165 5233 ἔφθανε
1233 5159 1539 5232 προθυμίαν
1598 5158 1932 5234 ἐφεπομένη

281 5250 600 5325 αὐθημερόν
657 5251 718 5326 γέ
771 5269 858 5304 τοι
915 5249 1082 5317 αὐτὴν
1143 5246 1390 5310 σταδίοῠς
1449 5247 1616 5303 πλέον
1657 5249 1691 5317 ἢ
1732 5250 1933 5318 πεντή-

281 5362 446 5398 κοντα
496 5338 883 5412 κομισάμενοι,
939 5335 990 5392 έν
1061 5341 1140 5410 τῷ
1195 5336 1521 5410 καλουμένῳ
1578 5338 1934 5411 κοιμητηρίῳ

283 5429 588 5488 κατέθεσαν.
622 5430 776 5484 Ἔστι
828 5424 886 5482 δὲ
932 5425 983 5481 ἐν
1032 5425 1102 5501 τῇ
1153 5424 1312 5482 πόλει
1344 5427 1490 5489 οἶκος
1518 5427 1784 5501 σωμάτων
1816 5447 1931 5482 πα·-

353 5614 377 5650 ⁶
403 5613 561 5672 Psal.
595 5627 741 5681 cnv,
771 5612 826 5667 7.
857 5610 879 5646 ⁸
909 5610 1022 5668 lsa.
1052 5625 1172 5680 vui,
1205 5609 1292 5667 18.

2055 4561 2090 4599 a
2121 4544 2362 4614 Daphne
2393 4541 2787 4596 transferrent
2833 4539 3116 4594 aliorsum
3166 4537 3393 4608 procul,
3427 4552 3698 4606 quocun-

2048 4650 2163 4704 que
2183 4632 2507 4686 voluissent
2523 4629 2793 4684 eamdem
2814 4626 3500 4698 transponentes.Statim
3519 4625 3700 4696 igitur

2046 4721 2297 4778 civitatis
2328 4719 2496 4792 plebs
2537 4719 2818 4785 el‘fusa,ac
2857 4717 2906 4771 si
2957 4717 3027 4772 de
3061 4733 3122 4770 re
3163 4730 3374 4787 magna
3399 4720 3695 4786 ageretur,

2048 4817 2106 4867 et
2133 4812 2607 4867 circumcurrens
2667 4806 2941 4862 trahebat
2993 4821 3229 4876 capsam
3259 4823 3273 4872 ;
3307 4804 3432 4858 hmo
3471 4808 3693 4870 autem,

2044 4906 2107 4955 ut
2141 4918 2272 4970 quin
2305 4916 2423 4954 non
2457 4904 2578 4952 tam
2627 4897 2960 4950 traheretur
3006 4893 3078 4949 ab
3125 4892 3467 4948 hominibus
3513 4907 3694 4960 quam

2046 4991 2376 5061 potentiore
2407 4986 2665 5056 quadam
2696 4985 2744 5037 vi
2788 4988 3142 5049 moveretur,
3176 4980 3538 5036 trahentium
3569 4980 3694 5035 ala-

2045 5080 2314 5135 critatem
2355 5078 2415 5130 in
2465 5073 2768 5146 sequendo
2819 5071 3288 5144 praeoccupabat.
3322 5069 3690 5125 Translatam

2046 5168 2204 5222 enim
2255 5166 2462 5222 eadem
2512 5164 2606 5218 die
2665 5164 2983 5233 plusquam
3015 5162 3207 5217 stadia
3237 5160 3688 5232 quinquaginta,

2045 5259 2370 5325 posuerunt
2418 5253 2477 5306 in
2527 5253 2722 5307 locum
2768 5252 2868 5322 qui
2919 5253 3283 5306 caz-meterium
3331 5250 3686 5322 appellatur.

2043 5345 2144 5397 Est
2171 5357 2385 5413 nempe
2416 5342 2477 5395 in
2523 5341 2756 5396 civitate
2807 5340 3147 5407 aediﬁcium,
3181 5339 3280 5394 ubi
3316 5340 3501 5395 multa
3531 5339 3688 5394 anti-

2043 5448 2296 5507 quorum
2324 5431 2602 5498 virorum,
2626 5430 2782 5486 inter
2804 5446 2956 5501 quos
2986 5435 3127 5485 sunt
3147 5429 3420 5486 nonnulli
3448 5435 3689 5502 propter
