4044 6218
515 397 655 454 1303

2037 398 2407 452 ADDBNDA.

3707 394 3806 450 13m

518 524 797 595 pietatem
827 523 1174 593 martyrium
1207 525 1388 596 passi,
1413 540 1663 595 corpora
1684 524 1907 595 jacent.
1935 524 2005 577 Et
2026 526 2166 575 tunc

2293 521 2450 572 λαιῶν
2484 514 2695 593 ἀνδρῶν
2744 514 2835 570 καὶ
2888 513 3041 570 ἐνίων
3088 534 3151 589 γε
3205 511 3288 567 ἐπ’
3333 509 3552 585 εὐσεϐείᾳ
3579 535 3809 589 μαρτυρου-

520 612 761 684 quidem
792 629 1031 683 capsam
1060 612 1211 668 istuc
1242 619 1646 685 portaverunt.

590 791 677 843 56.
712 790 982 845 Julianus
1020 796 1219 845 autem
1251 791 1498 863 parabat
1528 792 1973 846 multitudinem
2002 790 2166 844 victi-

520 894 751 932 marum
802 884 860 932 et
916 879 1322 947 donariorum,
1380 886 1617 951 postera
1665 880 1759 934 die
1807 896 1940 933 cum
1990 878 2076 932 eis
2103 878 2165 931 iu

521 967 827 1036 Daphnem
859 984 1235 1037 ascensurus,
1269 975 1326 1023 et
1358 974 1497 1024 tunc
1528 968 1767 1039 quidem
1800 983 2047 1039 sperans
2082 982 2165 1031 se,

520 1056 718 1110 sinon
777 1057 1068 1121 omnium,
1126 1065 1186 1111 at
1242 1065 1399 1113 certe
1458 1058 1750 1129 Apollinis
1807 1056 2045 1111 oracula
2069 1072 2166 1109 ex-

518 1150 849 1214 cepturum.
887 1148 949 1199 In
984 1146 1141 1201 hunc
1174 1148 1331 1201 enim
1366 1152 1549 1202 totam
1584 1146 1763 1201 studii
1793 1146 1882 1200 sui
1915 1160 2079 1216 spem
2112 1148 2171 1197 et

518 1236 959 1289 contentionem
1009 1236 1321 1308 dirigebat,
1355 1237 1651 1307 siquidem
1686 1237 1737 1290 ei
1772 1236 1956 1307 magis
1988 1251 2167 1305 quam

519 1322 619 1377 alii
652 1324 991 1395 hujusmodi
1045 1326 1209 1380 locus
1259 1331 1567 1396 praastaret
1602 1326 1774 1396 juxta
1805 1330 1991 1378 artem
2025 1322 2167 1375 divi-

518 1412 723 1479 nandi,
757 1419 815 1466 et
846 1414 1088 1483 Daphne
1142 1414 1193 1467 ei
1242 1420 1586 1469 consecrata
1618 1419 1794 1479 esset,
1831 1428 1939 1466 nec
1972 1416 2172 1481 posset

522 1500 777 1555 dubitari
812 1503 955 1571 quin
991 1502 1041 1555 ei
1076 1502 1133 1555 in
1159 1504 1398 1573 propria
1422 1503 1558 1557 sede
1581 1502 1774 1573 major
1795 1517 1973 1572 quam
1998 1505 2169 1554 caete-

524 1589 605 1643 ris
628 1589 999 1643 daemonibus
1016 1608 1142 1644 com
1155 1597 1380 1661 peteret
1396 1589 1975 1662 potentia.Eusebius
1998 1605 2169 1659 porro

526 1683 589 1734 .et
610 1679 712 1748 qui
734 1678 1014 1734 dicuntur
1034 1681 1371 1735 sacerdotes
1393 1686 1569 1751 atque
1592 1680 1947 1734 aedituorum
1979 1677 2169 1745 turba,

530 1774 939 1838 exspectantes
972 1770 1413 1840 imperatorem,
1466 1770 1737 1825 maximis
1787 1770 1847 1823 in
1886 1767 2172 1839 angustiis

2279 605 2479 676 μένων,
2509 603 2697 659 πολλὰ
2753 600 3092 679 δεδεγμένος·
3149 601 3274 657 τότε
3332 602 3419 674 μὲν
3462 600 3540 656 οὗν
3584 605 3665 673 τὴν
3692 606 3808 675 θήκην

2272 692 2493 749 ἐνταῦθα
2525 694 2891 766 εἶ’σεκόμισαν.

2347 784 2442 846 νς“.
2475 784 2535 840 Ὀ
2565 780 2622 837 δὲ
2653 780 2950 842 Ἰουλιανὸς
3003 780 3421 855 παρεσκευάζετο
3456 778 3642 844 πλῆθος
3666 782 3813 855 ἱερείων

2272 892 2333 927 τε
2362 873 2449 926 καὶ
2512 873 2899 940 ἀναθημάτων,
2958 870 3033 931 ὡς
3089 873 3157 942 τῇ
3222 870 3460 941 ὑστεραίᾳ
3498 869 3576 922 σὺν
3605 870 3816 933 αὐτοῖςείς

2274 963 2373 1030 τὴν
2409 960 2621 1037 Δάφνην
2653 955 3087 1032 ἀναϐησόμενος,
3142 963 3232 1013 νῦν
3282 979 3341 1033 γε
3386 955 3449 1026 δὴ
3496 956 3678 1021 πάντως
3718 959 3820 1015 ἑλπί-

2280 1056 2385 1119 ζων
2419 1048 2468 1103 εἷ’
2499 1051 2575 1121 μη
2608 1053 2713 1102 τῶν
2748 1046 2960 1116 ἄλλων,
2991 1046 3136 1102 ἀλλὰ
3171 1050 3268 1102 τοῦ
3312 1068 3373 1121 γε
3416 1046 3723 1109 ’Λπόλλωνος
3744 1050 3822 1102 τεύ-

2272 1140 2453 1209 ξεσται
2503 1138 3033 1209 ἀποκριθησομένου’
3088 1136 3175 1191 ἐπὶ
3220 1140 3406 1191 τοῦτον
3452 1137 3543 1211 γάρ
3588 1136 3707 1207 αύτῷ
3730 1144 3827 1191 πᾶσι

2276 1234 2376 1297 τῆς
2431 1225 2737 1301 προθυμίας
2796 1229 2830 1295 ἠ
2894 1225 3053 1287 ἐλπὶς
3110 1226 3177 1293 ἦν
3234 1224 3323 1279 καὶ
3379 1226 3406 1279 6
3458 1225 3616 1292 τόνος,
3644 1226 3703 1285 ὡς
3730 1225 3828 1295 αύτῷ

2283 1314 2496 1389 μᾶλλον
2552 1314 2586 1383 ἤ
2647 1314 2816 1387 ἑτέρῳ
2871 1315 2935 1368 τὸ
2991 1318 3241 1369 τοιοῦτον
3298 1310 3536 1390 διαφέρον
3566 1315 3681 1367 κατά
3702 1316 3829 1380 τετῆν

2282 1406 2547 1479 μαντικὴν
2596 1405 2821 1478 τέχνην,
2872 1405 2962 1458 καὶ
3019 1402 3165 1475 αύτῳ
3212 1404 3273 1457 τὸ
3330 1405 3529 1478 χωρίον
3558 1405 3683 1475 [384]
3707 1404 3831 1457 ἀνεῖτο

2278 1496 2314 1563 ἡ
2348 1496 2551 1570 Δάφνη,
2582 1495 2870 1565 νομίζοντι
2922 1492 3069 1563 αύτῷ
3125 1490 3175 1546 ἔν
3220 1513 3276 1546 τε
3324 1496 3401 1563 τῷ
3450 1492 3618 1563 οἰκείῳ
3641 1492 3765 1562 τόπῳ
3787 1491 3835 1545 εἰ·

2280 1584 2477 1651 κότως,
2510 1582 2544 1651 ἢ
2574 1587 2681 1637 τῶν
2733 1580 2920 1636 ἄλλων
2978 1579 3254 1654 δαιμόνων
3306 1580 3533 1657 ΐσχύειν.
3560 1586 3612 1637 ’0
3639 1579 3686 1635 δὲ
3719 1582 3835 1637 Εὐτέ-

2281 1666 2401 1735 6ιος
2428 1672 2518 1726 καὶ
2577 1672 2633 1725 οἱ
2694 1668 2986 1747 λεγόμενοι
3045 1672 3211 1746 ἱερεῖς
3267 1670 3357 1724 καὶ
3410 1675 3510 1724 τῶν
3554 1672 3777 1744 νεοκόρων
3798 1670 3837 1723 τὸ

2282 1760 2496 1830 πλῆθος
2541 1756 2982 1835 προσδεχόμενοι
3034 1761 3128 1815 τὸν
3200 1759 3443 1835 βασιλέα,
3493 1760 3539 1814 ἐν
3598 1761 3737 1834 ἀγῶνι
3776 1779 3839 1829 μι-

532 1858 940 1924 versabantur,
992 1860 1149 1914 circa
1197 1860 1515 1931 imaginem
1566 1858 1903 1927 vigilabant,
1936 1864 1994 1912 et
2022 1857 2174 1910 nihil

2293 1849 2441 1925 γαλῳ
2495 1846 2737 1917 ἔστασαν,
2793 1851 2883 1903 καὶ
2942 1848 3311 1924 διηγρύπνουν
3380 1850 3499 1924 περὶ
3550 1851 3606 1904 τὸ
3656 1846 3840 1921 ἄγαλμα,

530 1962 650 2001 non
683 1947 1179 2002 machinabantur
1208 1954 1272 2003 ut
1310 1949 1597 2015 Julianus,
1632 1948 1869 2018 quando
1896 1947 2174 2012 venisset,

530 2052 659 2091 eam
692 2037 983 2091 inveniret
1008 2037 1390 2108 loquentem;
1442 2038 1660 2092 etenim
1711 2038 1864 2091 alius
1896 2036 2177 2106 deinceps

531 2125 802 2180 dilationi
835 2142 953 2179 non
976 2126 1427 2196 relinquebatur
1450 2132 1786 2197 prwtextus.
1821 2127 1946 2179 Jam
1980 2130 2177 2179 autem

534 2230 650 2267 nox
677 2214 931 2268 multum
982 2222 1369 2285 processerat,
1406 2232 1538 2270 cum
1582 2216 1734 2283 ignis
1766 2231 1796 2268 e
1830 2214 1973 2267 caelo
2004 2214 2176 2266 vehe-

532 2309 765 2357 menter
808 2303 1102 2357 demissus
1150 2304 1321 2357 irruit
1378 2304 1438 2357 in
1500 2303 1808 2374 templum,
1859 2319 1974 2373 quo
2002 2300 2180 2356 simul

533 2391 697 2445 omni
730 2407 799 2445 ex
830 2397 994 2462 parte
1043 2392 1437 2463 apprehenso,
1470 2392 1659 2462 ipsam
1693 2392 2012 2462 imaginem
2046 2407 2180 2444 cum

538 2478 800 2534 donariis
831 2481 1073 2535 exussit.
1108 2482 1372 2550 Cumque
1407 2482 1611 2535 omnia
1645 2480 1823 2535 simul
1855 2480 2184 2551 conﬂagra-

539 2574 691 2636 rent,
727 2574 785 2622 et
814 2569 964 2638 ignis
995 2570 1161 2624 valde
1221 2570 1624 2637 extolleretur,
1658 2570 1931 2641 protinus
1960 2569 2185 2623 clamor

541 2658 749 2730 ingens
773 2658 929 2712 circa
950 2659 1137 2713 aedem
1171 2660 1517 2725 intonuit,et
1538 2659 1685 2713 nulli
1719 2658 1930 2712 similis
1964 2658 2188 2712 exstitit

544 2747 1030 2801 tumultus.Multi
1061 2747 1301 2818 quidem
1326 2748 1387 2801 in
1412 2748 1697 2801 auxilium
1731 2746 2183 2812 concurrebant,

543 2836 646 2892 sed
668 2853 842 2891 nemo
867 2842 993 2892 erat
1016 2839 1115 2908 qui
1142 2844 1343 2908 posset
1365 2839 1483 2909 igni
1508 2838 1805 2893 resistere.
1832 2841 1901 2891 Et
1922 2839 2061 2892 dum
2087 2838 2185 2892 alii

540 2926 816 2997 prmfecto
870 2927 1128 2981 Orientis
1186 2928 1315 2995 (l9),
1370 2927 1626 2990 Juliano,
1685 2944 1811 2981 rem
1870 2927 2186 2982 iudicaturi

540 3021 871 3077 currerent.
906 3015 1099 3070 stabat
1129 3016 1361 3086 reliqua
1394 3016 1566 3070 turba
1594 3016 2020 3087 obstupefacta,
2056 3034 2189 3087 spe-

540 3110 707 3161 ctans
737 3106 1119 3175 insperatam.
1145 3122 1275 3175 quae
1300 3106 1594 3161 invaserat
1618 3123 1739 3173 eos,
1765 3106 2185 3160 calamitatem.

540 3193 697 3265 Ignis
741 3198 937 3247 autem
982 3192 1135 3247 nihil
1182 3193 1344 3247 aliud
1392 3194 1690 3265 tangebat,
1743 3193 1883 3248 licet
1932 3200 2093 3247 tanta
2132 3198 2191 3248 et

542 3287 662 3337 tam
697 3283 935 3353 cepiosa
964 3282 1212 3337 materia
1235 3282 1357 3337 illic
1382 3282 1635 3349 adesset,
1670 3283 1785 3337 nisi
1817 3283 2104 3353 templum
2128 3282 2188 3336 in

547 3370 704 3442 quod
736 3371 1049 3439 ceciderat,
1083 3376 1139 3425 et
1169 3388 1300 3441 qua:
1333 3371 1569 3426 inerant
1598 3371 1826 3438 eidem;
1860 3372 1942 3425 ita
1971 3377 2054 3437 ut,
2087 3370 2193 3425 de-

550 3458 669 3513 leta
700 3459 956 3530 imagine
990 3476 1123 3513 cum
1154 3460 1447 3514 universis
1479 3460 1762 3528 donariis,
1796 3460 2193 3515 remanserint

550 3562 738 3617 pauca
786 3546 1173 3601 mdiﬂciorum
1223 3546 1488 3618 vestigia,
1541 3547 1761 3601 indicia
1813 3546 2189 3612 calamitatis,

553 3650 684 3703 qum
715 3633 907 3687 adhuc
933 3633 1329 3688 ostenduntur
1352 3640 1634 3705 tanquam
1666 3635 2065 3691 certissimum
2098 3652 2194 3690 ar-

554 3728 901 3793 gumentum
934 3724 1085 3795 ignis
1116 3723 1396 3780 divinitus
1428 3725 1702 3783 immissi.

621 3993 708 4044 57.
736 3990 1005 4046 Julianus
1052 3996 1271 4062 autem,
1317 4008 1451 4047 cum
1499 3992 1822 4049 audivisset
1868 4012 1999 4065 quae
2040 3997 2192 4051 acci-

549 4080 779 4149 derant,
796 4082 883 4137 ira
904 4081 1246 4153 repletur,et
1270 4098 1437 4155 grave
1460 4083 1778 4139 arbitratus
1801 4085 1846 4138 si
1871 4085 2189 4141 Christiani

549 4186 619 4225 ex
650 4171 760 4225 hoc
794 4188 930 4225 casu
964 4187 1099 4225 eum
1132 4178 1334 4227 essent
1376 4172 1756 4240 ludiﬁcaturi,
1791 4174 1987 4228 statim
2014 4175 2191 4246 jussit

547 4259 684 4315 illos
716 4277 746 4315 e
780 4263 982 4332 Magna
1012 4261 1261 4316 ecclesia
1292 4262 1525 4333 expelli.
1555 4263 1718 4315 omni
1752 4263 1934 4329 aditu,
1971 4263 2194 4319 foribus

548 4350 922 4405 strictissime
970 4350 1210 4416 clausis,
1263 4351 1585 4422 prohiberi,
1620 4360 1676 4405 et
1707 4354 1907 4407 omnia
1936 4353 2195 4424 pretiosa

552 4440 867 4511 publicari.
904 4440 1074 4495 Dedit
1103 4457 1339 4511 quoque
1370 4440 1692 4513 gentilibus
1731 4442 2072 4497 facultatem
2100 4444 2191 4497 in-

548 4528 857 4601 grediendi
909 4529 1381 4584 Christianorum
1428 4530 1730 4598 ecclesias,
1782 4537 1839 4585 et
1880 4532 1941 4586 in
1982 4532 2193 4588 iisdem

2282 1944 2456 1996 πάντα
2501 1940 3038 2015 πραγματευόμενοι,
3096 1942 3245 2003 ὃπως
3303 1938 3469 1995 ἐπειδ⁹
3525 1942 3579 1995 ἃν
3628 1940 3841 2013 ἀφίκηται,

2282 2033 2445 2107 τύχοι
2504 2032 2673 2086 αὐτοῦ
2733 2031 3118 2108 φθεγξαμένου·
3180 2032 3256 2095 ὡς
3313 2031 3489 2101 ἄλλης
3541 2053 3595 2108 γε
3645 2029 3763 2101 αύτῷ
3794 2027 3846 2084 ἔτι

2286 2123 2606 2196 προφάσεως
2639 2122 2715 2183 είς
2758 2117 3035 2189 ἀναϐολὴν
3087 2126 3163 2193 μή
3214 2121 3659 2195 ὑπολειπομένης.
3686 2117 3847 2185 Ἐπειδὴ

2290 2208 2348 2266 δὶ
2405 2210 2595 2285 πόῤῥω
2651 2216 2757 2264 τῶν
2815 2215 3021 2265 νυκτῶν
3097 2211 3186 2279 ἦν,
3262 2212 3322 2265 ἐκ
3376 2216 3471 2266 τοῦ
3539 2210 3739 2283 ούρανοῦ
3778 2214 3847 2281 πῦρ

2291 2299 2499 2376 ἀθρόως
2546 2300 2889 2375 κατενεχθέν,
2940 2299 3201 2374 ἐνέσκηψε
3248 2305 3325 2372 τῷ
3370 2306 3472 2373 νεῷ
3516 2302 3595 2355 καὶ
3646 2302 3741 2372 ἅμα
3763 2320 3853 2352 παν-

2288 2388 2520 2463 ταχόθεν
2554 2390 2714 2446 αὐτὸν
2776 2387 3135 2463 δραξάμενον,
3192 2388 3441 2465 ἐμπιπρᾷ
3487 2390 3624 2460 αὐτῷ
3652 2387 3855 2461 ἀγάλματι

2290 2478 2380 2533 καὶ
2428 2478 2613 2539 αὐτοῖς
2678 2480 3043 2551 ἀναθήμασιν·
3098 2480 3315 2533 πάντων
3379 2477 3436 2533 δὲ
3484 2480 3615 2551 ὁμοῦ
3655 2496 3858 2553 καταφλε-

2291 2568 2565 2642 γομένων,
2596 2568 2687 2621 καὶ
2717 2568 2813 2621 τοῦ
2844 2568 3015 2642 πυρός
3067 2566 3154 2622 ἐπι
3214 2565 3348 2642 μέγα
3394 2567 3759 2639 ἐξαιρουμένου,
3786 2564 3857 2634 ﬁci,

2300 2658 2395 2730 μὶν
2426 2656 2618 2711 αὐτίκα
2661 2655 2876 2730 μεγάλη
2937 2656 3061 2731 περὶ
3118 2658 3209 2711 τὸν
3266 2656 3399 2711 νεὼν
3447 2658 3533 2727 ἦν,
3584 2648 3859 2727 καὶθὸρυὸος

2296 2742 2475 2800 οὐδενὶ
2523 2744 2740 2812 ἐοικὼς,
2793 2745 2881 2799 καὶ
2934 2742 2999 2813 δὴ
3060 2743 3287 2801 πολλῶν
3329 2744 3591 2817 ἐπαμῦναι
3621 2746 3861 2817 προθυμου-

2300 2835 2500 2907 μένων,
2533 2831 2711 2895 οὐδεὶς
2760 2834 2825 2901 ἦν
2876 2835 2902 2887 6
2950 2835 3086 2908 πρὸς
3139 2835 3201 2888 τὸ
3258 2839 3366 2907 πῦρ
3415 2837 3670 2909 ἀντισχεῖν
3695 2830 3862 2899 δυνησό·

2300 2944 2483 2996 μενος.
2516 2921 2676 2980 Ἀλλ’
2707 2924 2758 2976 οἱ
2794 2923 2889 2995 μὲν
2922 2919 3067 2986 ἔθεον
3099 2928 3178 2994 τῷ
3210 2924 3446 2998 ἄρχοντι
3474 2931 3569 2993 τῆς
3600 2923 3747 2994 Ἑῲσς
3768 2923 3859 2976 Ἰου·

2299 3010 2470 3083 λιανῴ
2536 3011 2888 3084 μηνύσοντες,
2949 3012 2977 3066 6
3036 3009 3092 3066 δὲ
3150 3010 3348 3074 λοιπὸς
3401 3011 3570 3087 ὄχλος
3601 3010 3783 3066 ἔστασαν
3807 3008 3864 3061 ὑπ’

2298 3100 2611 3172 ἐκπλήξεως
2644 3101 2824 3156 θεαταὶ
2880 3106 2981 3155 τοῦ
3032 3100 3337 3175 παραδόξου
3384 3109 3486 3171 τῆς
3534 3096 3865 3162 καταλαϐούσης

2298 3189 2492 3251 αὐτοὺς
2539 3196 2819 3265 συμφορᾶς
2879 3190 3177 3265 γενόμενοι.
3237 3193 3300 3245 τὸ
3355 3189 3414 3245 δὲ
3471 3195 3573 3266 πῦρ
3625 3188 3799 3248 οὐδενὸς
3821 3187 3864 3251 ἦν

2298 3282 2406 3333 τῶν
2467 3276 2652 3332 ἄλλων
2710 3278 3035 3350 ἀπτόμενον,
3090 3280 3363 3350 τοσαύτης
3421 3302 3485 3354 γε
3539 3281 3621 3335 καὶ
3650 3280 3776 3337 οὗτος
3797 3276 3870 3345 ἆμ-

2301 3366 2570 3445 φιλαφοῦς
2628 3366 2767 3438 ὕλης
2826 3368 2935 3422 ἐκεῖ
2986 3368 3301 3446 πεφυκυίας,
3360 3368 3443 3423 ὅτι
3506 3370 3580 3443 μή
3629 3369 3867 3440 μονώτατοι

2302 3456 2535 3528 ἐμπεσὸν
2567 3454 2867 3534 κατέφλεγε
2925 3456 3017 3511 σὺν
3074 3463 3190 3519 τοῖς
3250 3457 3432 3513 ἐνοῦσι
3488 3463 3565 3530 τῷ
3611 3461 3723 3527 νεῷ,
3756 3453 3870 3513 ὦςτδ

2307 3546 2400 3619 μὲν
2434 3543 2653 3621 ἄγαλμα
2701 3546 2791 3600 καὶ
2844 3552 2947 3600 πᾶν
2981 3544 3011 3600 ὅ
3039 3568 3089 3601 τι
3142 3546 3192 3601 ἐν
3221 3546 3562 3621 ἀναθήμασιν
3592 3548 3669 3615 ἧν,
3695 3540 3869 3607 καθάπαξ

2302 3636 2679 3712 ἀφανισθῆναι·
2743 3636 2954 3711 βραχέα
3009 3634 3065 3690 δὲ
3134 3636 3425 3715 λειφθῆναι
3481 3635 3585 3691 τῶν
3640 3630 3871 3701 οἰκοδομησ

2306 3725 2491 3797 μάτων
2531 3722 2725 3799 Ξδάφη,
2784 3730 3027 3797 μνημεῖα
3081 3729 3177 3779 τοῦ
3227 3726 3466 3795 πάθους,
3524 3724 3555 3779 ἃ
3604 3723 3682 3779 καὶ
3729 3718 3869 3774 ﬁniti

2303 3810 2596 3884 δείκνυται,
2682 3813 3001 3892 σαφέστερον
3088 3814 3150 3869 τὸ
3236 3812 3442 3890 δεῖγμα
3514 3818 3605 3870 τοῦ
3670 3809 3869 3880 θεηλάτου

2298 3901 2491 3977 πυρός.

2372 3992 2464 4060 VC.
2496 3993 2554 4048 Ὀ
2586 3989 2643 4046 δὶ
2674 3989 2975 4053 Ἰουλιανὸς
3032 3992 3100 4045 τὰ
3156 3986 3440 4064 συμϐάντα
3495 3990 3725 4055 ἀκούσας,
3752 3985 3869 4058 όῇς

2299 4104 2357 4137 τε
2388 4083 2721 4157 πιμπλᾶται,
2775 4084 2865 4137 καὶ
2923 4080 3098 4137 δεινὸν
3152 4085 3526 4157 ποιησάμενος
3559 4082 3600 4135 εί
3630 4071 3873 4154 Χριστιανοῖ

2300 4178 2415 4233 τοῖς
2478 4167 2881 4245 συμϐεϐηκόσιν
2943 4171 3293 4226 ἔπιτωθάσειν
3377 4170 3652 4245 μέλλοιεν,
3737 4162 3873 4219 αὐτίκα

2302 4264 2627 4337 προστάττει
2701 4267 2802 4329 τῆς
2882 4260 3135 4335 Μεγάλης
3210 4260 3407 4323 αὐτοὺς
3478 4261 3681 4331 ἐξωθεῖν
3728 4252 3873 4318 ἐκκλη-

2304 4350 2443 4419 σίας,
2474 4350 2563 4405 καὶ
2594 4349 2794 4418 ταύτην
2860 4349 2953 4421 μὲν
3013 4344 3209 4403 ἄϐατον
3263 4349 3455 4411 αὐτοῖς
3510 4345 3760 4403 παντελῶς
3781 4343 3873 4395 Em-

2305 4446 2534 4518 φαίνειν,
2586 4440 2661 4503 ὡς
2708 4438 2789 4493 ὅτι
2854 4438 3227 4516 ἀσφαλέστατα
3273 4439 3445 4507 αὐτὴν
3497 4440 3636 4513 [385]
3681 4430 3872 4489 ἀποκλει·

2308 4529 2592 4602 σαμένους,
2639 4530 2708 4584 τὰ
2756 4526 2812 4582 δὶ
2858 4527 3125 4601 κειμήλια
3172 4528 3344 4583 πάντα
3391 4527 3699 4601 δημοσιοῦν·
3728 4518 3870 4576 δέδωκε

549 4634 653 4687 pro
685 4617 855 4671 libitu
884 4618 1115 4687 agendi.
1156 4619 1377 4682 Quibus
1424 4636 1457 4673 a
1510 4624 1763 4691 tyranno
1796 4626 1854 4675 et
1886 4622 2065 4693 impio
2094 4623 2184 4676 Ju-

2304 4616 2359 4673 δὲ
2390 4618 2479 4673 καὶ
2522 4624 2639 4680 τοῖς
2696 4615 2963 4687 Ἓλλησιν
3022 4614 3225 4685 ἄδειαν,
3287 4618 3430 4673 ὥστε
3486 4605 3872 4690 είσὲρχεσθαισό-

545 4706 706 4761 lianc
740 4706 1099 4774 constitutis,
1135 4707 1277 4778 quid
1320 4708 1710 4762 maximorum
1744 4709 2038 4764 malorum
2090 4728 2195 4781 pa—

549 4801 766 4851 tratum
827 4812 945 4850 non
1004 4796 1162 4850 fuit?
1238 4796 1386 4862 Quid
1456 4797 2019 4853 absurdissimorum
2076 4817 2195 4855 non

550 4886 887 4941 effuderunt
935 4885 1210 4957 gentiles,
1264 4888 1549 4941 etfrenata
1597 4886 1799 4958 lingua
1840 4888 2097 4943 nefanda
2136 4890 2196 4943 in

550 4977 1020 5031 Christianorum
1078 4975 1256 5030 ﬁdem
1315 4976 1704 5047 proferentes,
1752 4984 1810 5031 et
1855 4996 1962 5049 per
1990 4996 2197 5036 omnes

549 5065 813 5121 civitates
826 5065 1214 5137 blasphemiis
1228 5068 1590 5122 insectantes
1606 5068 1920 5123 Dominum
1941 5074 2000 5124 et
2015 5070 2197 5125 Deum

551 5161 821 5210 nostrum
878 5157 1077 5210 Jesum
1136 5156 1433 5211 Christum
1466 5156 1493 5211 ?
1550 5159 1690 5211 Nam
1752 5157 2012 5227 Sebaste,
2055 5159 2197 5213 olim

552 5241 792 5307 quidem
826 5244 1124 5310 Samariaa,
1154 5260 1312 5299 nunc
1364 5261 1501 5298 vero
1534 5244 1605 5299 ab
1635 5246 1861 5300 Herode
1894 5246 2197 5301 mdiﬁcatm

549 5331 608 5379 et
661 5329 901 5386 Sebaste
956 5332 1290 5403 appellatas,
1352 5350 1488 5388 ossa
1538 5333 1716 5389 Elisei
1770 5335 2073 5407 prophetas
2143 5341 2200 5390 et

2304 4706 2429 4769 τοὺς
2464 4707 2541 4768 εἷς
2571 4708 2663 4769 τὰς
2722 4711 2828 4761 τῶν
2884 4711 3229 4780 Χριστιανῶν
3284 4706 3599 4775 ἐκκλησίας,
3644 4702 3720 4757 καὶ
3746 4699 3869 4752 ποιεῖν

2305 4798 2403 4851 ὅσα
2438 4796 2745 4871 βούλονται.
2801 4795 3023 4852 Τούτων
3080 4795 3170 4850 οῦν
3226 4797 3374 4872 παρά
3419 4800 3519 4851 τοῦ
3569 4793 3788 4870 τυράννου
3808 4780 3867 4837 τιιῖ

2304 4882 2529 4948 ἀσεϐοῦς
2572 4886 2876 4942 Ἰουλιανοῦ
2934 4882 3351 4955 κελευσθέντων,
3406 4885 3461 4940 τί
3516 4889 3616 4939 τῶν
3669 4877 3867 4953 μεγίστων

2304 4980 2484 5030 κακῶν
2535 4974 2634 5030 οὐκ
2691 4975 2984 5045 ἐτελέσθης
3041 4975 3094 5029 τί
3156 4973 3212 5029 δὶ
3264 4980 3373 5030 τῶν
3434 4972 3781 5048 ἆπηχεστάτων
3806 4961 3871 5016 οὖι

2307 5066 2535 5142 ἐλέχθη,
2594 5072 2702 5120 τῶν
2759 5065 2940 5143 ἀφέτῳ
2995 5064 3218 5141 γλώσσῃ
3270 5064 3586 5120 λαλούντων
3620 5062 3677 5116 τὰ
3723 5054 3869 5154 ἅρῥητα

2304 5156 2440 5210 κατὰ
2466 5162 2565 5225 τῆς
2597 5160 2704 5210 τῶν
2757 5159 3092 5227 Χριστιανῶν
3151 5155 3408 5218 πίστεως,
3441 5154 3528 5209 καὶ
3562 5154 3869 5226 βλασφημπυν·

2304 5250 2413 5299 τῶν
2447 5244 2521 5307 εἰς
2548 5246 2640 5299 τὸν
2692 5244 2883 5321 Κύριον
2939 5245 3028 5298 καὶ
3087 5244 3217 5299 Θεὸν
3276 5246 3439 5316 ἡμῶν
3477 5244 3672 5312 Ἰησοῦν
3698 5227 3867 5321 Χξῑστδῗ

2306 5333 2360 5389 ἐν
2391 5332 2584 5396 πείσαις
2626 5316 3017 5395 ταῖςῗπόλεσιν
3069 5339 3220 5407 (20);
3281 5334 3367 5390 Ἐν
3432 5332 3527 5406 μὲν
3570 5330 3661 5405 γάρ
3690 5316 3864 5385 Σιῦαστῖλ

2134 5480 2357 5536 ΝΟΤᾹΞ.

621 5582 728 5666 (ig)
761 5586 827 5666 In
860 5590 1019 5666 textu
1051 5590 1282 5647 Grmco:
1316 5593 1411 5662 Τῷ
1462 5591 1689 5666 ἄρχοντι
1720 5594 1817 5660 τῆς
1852 5592 2022 5664 Ἐῲας
2056 5594 2191 5648 Ἰου-

550 5649 738 5737 λιανῷ.
774 5657 1175 5737 Dubium-non
1201 5669 1297 5737 est
1324 5649 1470 5737 quin
1496 5649 1573 5719 'd'e
1606 5649 1960 5737 imperatore
1992 5649 2189 5721 sermo

551 5728 660 5796 sit;
694 5744 801 5783 cur
830 5744 967 5784 vero
994 5728 1090 5784 hic
1118 5728 1454 5790 istiusmodi
1486 5728 1884 5808 appellatione
1914 5738 2188 5811 designe-

2299 5601 2415 5661 tur,
2448 5611 2581 5649 cum
2616 5596 2693 5650 sit
2714 5612 2807 5650 res
2840 5596 3090 5651 minoris
3122 5594 3433 5664 momenti,
3459 5610 3576 5650 non
3606 5576 3856 5646 existim“i

2298 5668 2791 5738 conquirendum.
2832 5670 2990 5725 Eon.

2371 5742 2480 5811 (20)
2511 5740 2857 5813 Philostsrg.
2890 5740 2997 5797 lib.
3029 5756 3129 5795 vn.
