4044 6218
241 382 384 442 1305

1593 388 1652 441 8.
1694 386 2002 441 ΔΒΤΒὶίιῙ
2040 388 2310 446 ΡΔΕΒΙΟ.

3524 397 3667 457 1306

237 516 309 586 τῇ
350 508 523 567 πάλαι
559 512 655 585 μὶν
705 509 1005 585 Σαμαρεὶᾳ,
1065 515 1154 565 νῦν
1214 509 1273 566 δὶ
1319 510 1467 587 παρᾶ
1493 508 1745 586 Ἡρώδου
1786 531 1891 565 κτι-

2014 516 2072 566 et
2086 512 2328 570 Joannis
2356 516 2635 589 Baptistae
2653 535 2683 573 e
2699 519 2913 576 loculis
2935 527 3126 594 rapta,
3146 523 3660 583 etimmundorum

239 600 425 675 σθείσῃ
449 610 539 656 καὶ
598 595 842 673 Σεϐαστῃ
898 597 1278 675 ἐπικληθείσῃ,
1336 601 1402 656 τὰ
1452 602 1581 655 ὀστᾶ
1612 604 1709 654 τοῦ
1766 620 1897 673 προ-

244 692 423 769 φήτου
470 687 785 747 Ἐλισσαίου
862 689 951 743 καὶ
1021 694 1119 744 τοῦ
1178 694 1478 744 Βαπτιστοῦ
1532 690 1786 747 Ἰωάννου
1836 688 1896 743 ἐκ

236 784 348 835 τῶν
425 781 607 850 θηκῶν
665 777 1013 853 ἔξαγαγόντες
1043 825 1058 851 ,
1116 779 1206 834 καὶ
1282 777 1498 855 ἀλόγων
1584 777 1898 851 ἀκαθάρτων

239 869 457 931 ὀστέοις
516 867 913 941 προσμίξαντες
990 870 1319 924 κατέκαυσαν
1357 912 1370 937 ,
1442 866 1532 922 καὶ
1589 868 1687 934 τήν
1745 866 1893 921 κόνιν

238 956 319 1018 εἷς
351 959 443 1012 τὸν
476 956 607 1031 αέρα
630 954 958 1029 ὲλίκμησαν·
990 957 1081 1011 τὸν
1116 954 1173 1011 δὲ
1199 960 1296 1011 τοῦ
1319 963 1577 1031 Σωτῆρος
1609 953 1898 1027 ἀνδριάντα

235 1046 290 1102 ἐν
322 1044 552 1102 Πανέαδι
574 1050 642 1119 τῇ
668 1046 828 1101 ποΛεί
858 1046 993 1119 πρὸς
1022 1050 1122 1111 τῆς
1155 1045 1609 1123 αἱμορῥοησάσης
1642 1046 1896 1119 γυναικὸς

231 1131 735 1199 κατασκευασθέντα
812 1134 1264 1209 μεγαλοπρεπῶς,
1324 1134 1391 1203 ἢν
1449 1135 1477 1189 ὁ
1535 1134 1765 1208 Χριστὸς
1820 1131 1894 1188 ici-

236 1244 391 1293 σατο,
439 1225 531 1279 καὶ
589 1221 904 1296 ἱδρυνθέντα
936 1222 989 1278 έν
1022 1222 1281 1295 ἐπισήμῳ
1310 1226 1409 1287 τῆς
1464 1222 1683 1284 πίλεως
1715 1221 1891 1293 τόπῳ,

232 1314 295 1369 ὃν
330 1314 466 1386 μετά
494 1313 697 1388 χρόνον
745 1314 1072 1388 γνωσθέντα,
1132 1311 1190 1366 ἐκ
1245 1319 1343 1381 τῆς
1401 1311 1585 1366 αὐτόθι
1617 1309 1893 1389 φυομένης

233 1401 473 1477 βοτάνης
530 1406 627 1456 τοῦ
689 1399 967 1474 θαύματος
1024 1401 1077 1455 οἱ
1134 1400 1445 1474 Χριστιανοὶ
1504 1400 1787 1474 ἀράμενοι,
1836 1398 1888 1454 ἐν

226 1494 313 1563 τῷ
365 1498 468 1559 τῆς
527 1489 821 1561 ἐκκλησίας
904 1486 1201 1545 διακονικῶ
1258 1488 1486 1559 ἔστησαν
1522 1533 1534 1557 ,
1585 1493 1776 1543 τοῦτον
1838 1489 1890 1542 οἱ

225 1578 506 1650 ’Έλληνες
558 1580 1022 1646 κατασπάσαντες,
1077 1577 1179 1632 κάκ
1228 1582 1334 1632 τῶν
1393 1574 1575 1631 ποδῶν
1636 1575 1893 1650 σχοίνους

229 1668 559 1742 ὶξάψαντες,
616 1668 807 1741 ἔσυραν
868 1668 957 1724 ἐπὶ
1014 1675 1115 1738 τῆς
1173 1668 1373 1744 ἀγορᾶς
1410 1685 1422 1699 °
1476 1663 1580 1728 ἕως
1637 1666 1697 1721 οὗ
1755 1666 1891 1721 κατά

233 1758 431 1833 μικρὸν
463 1758 932 1831 ἀποθραυόμενος,
961 1758 1260 1834 ἠφανίσθη,
1298 1756 1470 1829 μόνης
1498 1762 1598 1825 τῆς
1642 1755 1887 1832 κεφαλῆς

2005 600 2317 659 brutorum
2341 607 2574 663 ossibus
2597 611 2885 679 permista
2926 612 3404 679 combusserunt,
3427 631 3663 670 eorum-

2009 707 2123 761 que
2150 693 2383 751 cineres
2404 696 2463 750 in
2489 713 2689 753 aerem
2714 700 3124 756 ventillarunt.
3167 702 3485 758 Salvatoris
3515 720 3664 775 quo-

2010 796 2124 850 que
2162 788 2418 838 statuam
2466 785 2530 840 in
2584 788 2819 845 civitate
2866 791 3140 846 Paneade
3166 808 3201 847 a
3232 791 3504 861 muliere,
3534 809 3664 864 quas

2009 870 2314 941 sanguinis
2348 874 2634 944 profluvio
2665 877 3004 943 laborabat,
3036 885 3095 935 et
3132 897 3165 935 a
3194 881 3425 937 Christo
3458 889 3666 940 sanata

2006 956 2220 1026 fuerat,
2255 963 2570 1033 magnifice
2631 973 2914 1031 erectam,
2950 974 3009 1023 et
3038 968 3102 1023 in
3148 970 3365 1041 insigni
3414 971 3666 1027 civitatis

2006 1045 2135 1101 loco
2168 1050 2442 1119 positam,
2476 1070 2776 1126 quamque
2808 1063 2943 1128 post
2989 1062 3223 1129 tempus
3273 1075 3342 1113 ex
3374 1060 3663 1117 miraculo

2004 1134 2129 1190 illic
2172 1139 2563 1209 germinantis
2601 1143 2802 1199 herba:
2834 1147 3132 1218 cognitam
3162 1148 3479 1204 Christiani
3510 1150 3657 1206 tule-

2004 1232 2141 1280 rant
2173 1232 2231 1282 et
2263 1228 2324 1283 in
2355 1230 2732 1287 diaconicum
2768 1234 2885 1302 I20)
2925 1242 3290 1307 posuerant:
3324 1238 3491 1293 illam
3519 1256 3664 1313 gen-

2003 1316 2138 1372 tiles
2189 1318 2557 1391 dejecerunt,
2606 1330 2664 1378 et
2700 1324 2951 1381 funibus
3014 1326 3088 1382 ad
3156 1328 3339 1399 pedes
3406 1330 3663 1403 alligatis

2001 1414 2313 1463 traxerunt
2354 1428 2460 1482 per
2507 1412 2725 1479 forum,
2778 1416 2974 1471 donec
3032 1417 3336 1474 confracta
3378 1420 3663 1491 paulatim

2003 1495 2199 1551 deleta
2249 1504 2355 1563 est,
2410 1500 2535 1556 solo
2581 1502 2789 1557 relicto
2857 1505 3079 1576 capite,
3129 1507 3285 1577 quod
3317 1524 3351 1563 a
3381 1509 3661 1579 quodam,

1999 1584 2321 1655 gentilibus
2362 1590 2893 1657 tumultuantibus,
2927 1593 3227 1648 sublatum
3259 1594 3387 1649 fuit.
3417 1597 3661 1653 Interim

2006 1673 2257 1745 gentiles
2306 1675 2654 1749 blasphema
2704 1686 2764 1735 et
2801 1680 3203 1738 abominanda
3249 1684 3309 1739 in
3342 1685 3661 1740 Dominum

2001 1768 2270 1817 nostrum
2284 1764 2484 1819 Iesum
2507 1767 2811 1824 Christum
2837 1770 3245 1840 effundebant,
3265 1772 3465 1843 qualia
3481 1789 3657 1828 nemo

227 1832 687 1925 καταλειφθείσης
741 1848 832 1902 καὶ
906 1832 1240 1922 ἁρπαγείσης
1326 1846 1430 1900 ὑπὸ
1498 1867 1649 1908 τινος
1707 1845 1757 1900 έν
1816 1850 1891 1918 τῷ

2006 1866 2270 1921 unquam
2302 1853 2476 1908 homo
2501 1855 2747 1912 audivit.

232 1932 583 2011 θορυϐεῖσθαι
608 1935 735 2000 τοὺς
765 1934 1068 2005 Ἕλληνας,
1102 1933 1421 1990 λαλούντων
1456 1934 1631 1989 αὐτῶν
1669 1933 1974 2011 βλασφημα
2000 1936 2092 1991 xui
2120 1936 2473 2014 ἀπηχέστατα
2520 1942 2744 2018 ῥήματα
2777 1944 2856 2007 εἷς
2902 1946 2993 2001 τὸν
3023 1944 3224 2021 Κύριον
3253 1948 3417 2021 ἡμῶν
3449 1950 3659 2019 Ἰησοῦν

230 2026 493 2101 Χριστὸν,
524 2024 556 2081 ἃ
591 2028 665 2099 μή
692 2047 777 2088 τις
809 2026 1107 2101 ἀνθρώπων
1140 2022 1346 2094 ἤκουσε
1375 2025 1615 2082 πώποτε.

302 2153 407 2222 νη’.
462 2150 633 2213 Αὐτὸς
692 2148 750 2205 δὲ
781 2151 809 2205 ὁ
840 2145 1192 2212 ἀσεϐέστατος
1245 2150 1337 2205 καὶ
1386 2152 1604 2204 πάντων
1652 2169 1889 2223 παρανο-

234 2241 490 2314 μώτατος
566 2237 866 2301 Ἰουλιανὸς
941 2237 1250 2314 ἠγαλλιᾶτο
1322 2240 1412 2293 καὶ
1480 2234 1741 2314 ἳχαιρεν,
1800 2236 1890 2291 xui

226 2334 474 2405 γαυριῶν
539 2328 625 2384 ἐπὶ
682 2328 920 2395 τούτοις,
980 2328 1228 2383 ὲγέλευσε
1283 2328 1371 2382 καὶ
1427 2326 1518 2381 τὸν
1577 2327 1892 2401 ἐνἹεροσο-

227 2418 436 2492 λύμοις
492 2419 614 2472 ναὸν
672 2423 784 2472 τῶν
846 2413 1127 2472 Ἰουδαίων
1196 2417 1344 2489 [386]
1398 2416 1615 2487 ἀνιστᾷν
1669 2418 1766 2489 (d)'
1798 2415 1884 2469 xui

224 2507 356 2569 τοὺς
408 2506 769 2582 Χριστιανοὺς
820 2514 920 2576 τῆς
981 2504 1199 2569 πόλεως
1254 2502 1525 2573 ἐκϐαλὼν,
1583 2510 1702 2567 τοῖς
1762 2506 1892 2563 Ἰου-

232 2596 406 2661 δαίοις
464 2594 634 2653 ἔδωκε
688 2602 996 2665 κατοικεῖν,
1057 2595 1387 2657 ἀποστείλας
1446 2595 1710 2651 Ἀλύπιόν
1767 2616 1888 2649 τινα

235 2690 334 2741 τοῦ
367 2686 500 2759 μετὰ
530 2682 774 2753 σπουδῆς
819 2685 910 2739 τὸν
955 2684 1077 2739 ναὸν
1125 2680 1673 2755 ἀνοικοδομήσασθαι.
1709 2682 1884 2738 Αὐτὸν

236 2772 297 2830 δι
346 2773 679 2846 προκαθίσας
734 2774 822 2828 ἐπὶ
875 2778 972 2829 τοῦ
1033 2774 1279 2849 βήματος
1337 2771 1387 2826 ἐν
1445 2770 1513 2845 τῇ
1570 2768 1884 2844 καλουμένη

237 2863 512 2937 Βασιλικῇ
548 2909 562 2932 ,
648 2862 895 2918 ἐκέλευσε
968 2863 1347 2935 προσαχθῆναι
1422 2861 1513 2915 τὸν
1595 2860 1839 2934 μάρτυρα
1871 2876 1884 2890 ⁸

234 2957 643 3028 προσαχθέντος
689 2950 747 3007 δέ
798 2956 894 3007 τοῦ
954 2951 1129 3027 ἁγίου,
1188 2946 1290 3025 ἔφη
1351 2950 1485 3024 πρὸς
1533 2949 1715 3012 αὐτὸν,
1748 2948 1885 3004 Πάν-

231 3062 344 3103 τως
399 3040 635 3110 ἤκουσας
693 3041 782 3095 καὶ
842 3040 1039 3111 αὐτὸς,
1098 3033 1416 3093 ἀσεϐέστατε
1471 3038 1769 3111 Ἀρτέμιε,
1825 3037 1887 3091 τὸ

232 3129 510 3203 τόλμημα
566 3133 674 3185 τῶν
749 3124 953 3184 ἀσεϐῶν
1036 3128 1172 3183 κατὰ
1231 3128 1288 3182 σε
1345 3128 1683 3201 Χριστιανῶν
1754 3123 1885 3199 ὅπερ

232 3218 496 3288 ιποίησαν
530 3219 582 3273 ὲν
616 3223 800 3294 Δάφνῃ
835 3218 888 3274 ἐν
948 3222 1030 3290 τῷ
1080 3221 1193 3287 ναῷ
1252 3220 1348 3271 τοῦ
1407 3219 1654 3288 σωτῆρος
1683 3212 1888 3271 Ἀπόλ-

234 3307 440 3376 λωνος,
489 3308 578 3363 xui
637 3308 710 3369 ὡς
740 3305 1039 3382 ἐνέπρησαν
1094 3306 1259 3361 αὐτοῦ
1317 3305 1408 3360 τὸν
1463 3306 1591 3360 ναὸν
1650 3303 1742 3359 σὺν
1773 3308 1888 3364 τοῖς

231 3397 589 3471 ἆναθήμασιν;
620 3396 711 3451 καὶ
757 3397 820 3451 τὸ
872 3398 1143 3469 πάντιμον
1194 3396 1284 3450 καὶ
1344 3394 1649 3467 θαυμαστὸν
1710 3391 1887 3460 ἁγάλ-

238 3507 316 3559 μα
374 3484 717 3563 έξηφανισαν·
775 3484 902 3540 ἀλλ’
957 3484 1017 3539 οὐ
1080 3485 1416 3560 χαρήσονται
1464 3480 1887 3551 έπιτωθάζοντες

232 3575 324 3630 καὶ
384 3574 746 3650 χλευάζοντες
789 3573 856 3629 τὰ
901 3572 1160 3648 ἡμέτερα·
1222 3572 1332 3647 ἐγὼ
1379 3572 1481 3647 γὰρ
1514 3570 1759 3626 ἀποτίσω
1787 3572 1886 3640 τήν

239 3663 373 3738 ὑπὲρ
430 3664 627 3718 τούτου
688 3664 882 3732 ποινὴν
967 3657 1435 3736 ἆϐδομηιιοντάκις
1494 3660 1648 3731 ἑπτὰ,
1709 3660 1890 3720 καθώς

240 3774 371 3831 φασι
400 3752 469 3808 τὰ
501 3753 734 3828 ὑμέτερα
764 3749 947 3827 λόγια.

308 3932 405 3988 νϐ’.
468 3932 571 3986 Καὶ
632 3930 659 3984 ὁ
723 3931 947 4006 μάρτυς·
1000 3931 1244 3986 Ἤκουσα
1301 3929 1375 3992 ὡς
1432 3928 1699 3999 Θεήλατος
1754 3928 1890 4004 ὀργή

239 4020 331 4075 καὶ
363 4023 471 4094 πῦρ
504 4018 789 4093 οὐρανόθεν
849 4016 1126 4073 κατελθὼν
1177 4017 1443 4095 κατέφαγε
1500 4019 1588 4072 τὸν
1623 4018 1741 4082 θεόν
1771 4038 1890 4087 σου,

237 4110 330 4163 καὶ
362 4107 532 4163 αὐτοῦ
579 4107 671 4162 τὸν
703 4107 826 4161 ναὸν
882 4105 1167 4182 ἐνέπρησεν
1223 4109 1396 4161 πάντα
1449 4107 1536 4161 καὶ
1592 4104 1895 4184 κατηδάφι-

240 4217 349 4252 σιν*
400 4197 446 4251 εἰ
500 4197 598 4251 οῦν
649 4197 770 4260 Θεὸς
818 4197 910 4266 ἦν,
960 4196 1014 4251 τί
1076 4198 1153 4269 μή
1214 4196 1400 4250 ἑαυτὸν
1462 4195 1521 4250 ἐκ
1570 4200 1666 4251 τοῦ
1722 4197 1892 4270 πυρὸς

242 4285 545 4362 ἐῤῥύσατος
625 4285 727 4342 Καὶ
798 4287 826 4339 ὁ
897 4280 1234 4361 παραϐάτης·
1324 4281 1483 4360 Τάχα
1561 4285 1649 4340 καὶ
1734 4285 1894 4348 αὐτὸς

237 4373 421 4437 ἔοικάς
477 4395 595 4447 μοι,
652 4374 984 4429 ἀνοσιώτατε
1015 4417 1031 4445 ,
1090 4378 1377 4449 κερτομεῖν
1432 4373 1519 4429 ἐπὶ
1570 4371 1753 4429 τοῖσδε
1804 4374 1893 4429 καὶ

236 4462 692 4538 κατακακγάζειν,
744 4465 818 4525 ὡς
861 4460 951 4517 ἅτε
989 4465 1135 4539 παρά
1161 4467 1258 4517 τοῦ
1286 4466 1418 4518 Θεοῦ
1474 4484 1571 4518 σου
1619 4462 1891 4533 ἐκδίκησιν

237 4573 362 4609 τινα
419 4549 874 4627 προσδεξάμενος.
910 4552 1014 4608 Καὶ
1068 4553 1096 4607 ὁ
1158 4572 1382 4626 μάρτυς·
1440 4550 1582 4628 Ἐγὼ
1642 4552 1892 4623 πάντοτε,

242 4635 662 4709 δυσσεϐέστατε,
714 4640 799 4696 ἐπὶ
881 4645 950 4715 τῇ
1007 4645 1115 4696 τῶν
1174 4637 1447 4714 δαιμόνων
1526 4642 1730 4696 πτώσει
1784 4646 1891 4696 τῶν

241 4730 391 4807 παρά
421 4730 517 4784 σοῦ
567 4731 899 4804 τιμωμένων
941 4730 1214 4802 κομπάζω
1262 4729 1351 4784 xui
1396 4729 1575 4806 χαίρω
1606 4730 1694 4784 xui
1728 4728 1893 4804 ἀγαλ-

2071 2155 2160 2207 58.
2194 2155 2325 2226 Ipse
2357 2162 2557 2213 autem
2610 2159 3004 2230 impiissimus
3043 2166 3220 2233 atque
3251 2163 3518 2218 omnium
3549 2164 3661 2219 ho-

1999 2241 2231 2298 minum
2250 2245 2757 2303 sceleratissimus
2768 2250 3063 2318 Julianus,
3077 2251 3292 2323 gaudio
3307 2252 3658 2319 exsultabat,

2000 2334 2058 2385 et
2087 2333 2458 2404 arrogantior
2485 2334 2682 2391 factus
2724 2352 2796 2391 ex
2828 2338 2923 2405 iis,
2959 2338 3267 2409 imperavit
3296 2340 3473 2395 etiam
3505 2344 3658 2395 tem-

1996 2418 2162 2490 plum
2192 2420 2558 2489 Judaaorum,
2581 2425 2741 2496 quod
2775 2431 2902 2482 erat
2950 2427 3400 2499 Hierosolymis,
3442 2428 3657 2483 remdi-

1999 2508 2161 2563 ﬁcari
2196 2528 2210 2576 ;
2244 2511 2573 2583 ejectisque
2603 2529 2633 2568 e
2662 2514 2899 2570 civitate
2956 2515 3332 2581 Christianis,
3380 2517 3651 2573 eamdem

1994 2597 2211 2652 Judaais
2274 2600 2524 2655 tradidit
2584 2602 2995 2671 habitandam,
3048 2610 3107 2658 et
3169 2605 3335 2660 misit
3392 2606 3654 2677 Alipium

1997 2686 2460 2758 quemdam.qui
2496 2691 2707 2762 templi
2739 2693 3236 2748 restaurationem
3260 2696 3653 2767 urgeret.lpse

1992 2790 2183 2840 verro,
2217 2775 2431 2831 sedens
2466 2795 2572 2849 pro
2605 2779 2889 2834 tribunali
2922 2781 2982 2835 in
3010 2780 3139 2835 loco
3163 2782 3257 2835 cui
3292 2798 3514 2836 nomen
3545 2784 3654 2837 Ba-

1996 2860 2184 2928 silica,
2210 2862 2393 2933 jussit
2425 2882 2628 2921 coram
2669 2868 2797 2922 sisti
2834 2873 3176 2938 martyrem.
3214 2868 3507 2924 Producto
3547 2886 3651 2925 au-

1994 2954 2114 3005 tem
2168 2957 2420 3005 sancto:
2485 2953 2677 3021 Certe,
2724 2954 2937 3025 inquit,
2987 2956 3213 3010 Artemi
3273 2956 3649 3027 impiissime,

1995 3045 2057 3093 tu
2112 3056 2349 3110 quoque
2405 3042 2687 3098 audivisti
2731 3044 2924 3098 audax
2963 3044 3194 3099 facinus
3225 3044 3545 3116 impiorum
3584 3061 3652 3100 ac

1996 3120 2079 3174 tui
2134 3120 2420 3175 similium
2473 3123 2974 3191 Christianorum,
3026 3124 3183 3195 quod
3230 3130 3544 3197 patrarunt
3591 3125 3654 3180 in

1997 3210 2262 3280 Daphne,
2314 3211 2374 3264 in
2422 3212 2653 3283 templo
2704 3212 2995 3283 Apollinis
3044 3215 3394 3269 servatoris:
3446 3230 3650 3285 quem-

1994 3298 2315 3354 admodum
2348 3300 2608 3356 scillicet
2638 3304 3042 3357 sanctuarium
3076 3304 3204 3375 ejus
3228 3320 3360 3358 cum
3393 3303 3655 3359 donariis

2001 3389 2356 3457 exusserint,
2389 3394 2449 3444 et
2484 3391 2740 3445 maxime
2775 3392 3175 3448 venerandam
3222 3410 3290 3449 ac
3320 3392 3657 3448 mirabilem

2005 3435 2356 3457 ---πη----Ἴ
2391 3435 2448 3444 ν-
2486 3435 2740 3445 ...ηψπ
2786 3435 3175 3448 ,νηνηηημημ
3222 3435 3289 3449 ..ν
3320 3435 3656 3448 ................

1921 3435 1964 3503 Ο
2002 3476 2414 3532 dextruxerint
2444 3479 2790 3551 imaginem.
2827 3480 2939 3535 Sed
2986 3498 3106 3536 non
3150 3481 3492 3554 gaudebunt
3519 3481 3656 3535 irri-

2001 3566 2267 3621 sionibus
2300 3572 2357 3621 et
2386 3566 2669 3622 ludibriis
2718 3570 3019 3639 prosecuti
3051 3576 3291 3638 nostra;
3338 3586 3443 3643 ego
3494 3570 3655 3625 enim

2000 3672 2106 3727 pro
2135 3672 2202 3709 eo
2235 3656 2470 3728 exigam
2517 3673 2720 3727 pmnas
2754 3661 3069 3729 septuagies
3098 3662 3329 3730 fsepties,
3361 3664 3428 3714 ut
3464 3664 3660 3714 vestra

2001 3742 2209 3799 dicunt
2238 3744 2502 3816 eloquia.

2074 3927 2160 3979 59.
2194 3924 2529 3995 Respondit
2550 3931 2812 4000 martyr:
2865 3926 3072 3983 Audivi
3122 3926 3380 3984 divinam
3412 3928 3563 3984 iram
3604 3932 3663 3984 et

2003 4014 2201 4087 ignem
2251 4014 2490 4070 coalitus
2560 4016 2898 4072 immissum
2977 4019 3420 4090 consumpsisse
3484 4017 3661 4072 deum

2004 4109 2194 4171 tuum,
2214 4103 2469 4175 ejusque
2492 4106 2782 4177 templum
2801 4106 3139 4161 incendisse
3160 4122 3228 4160 ac
3250 4122 3491 4176 prorsus
3509 4121 3664 4159 ever-

2005 4192 2169 4246 tisse.
2196 4192 2251 4246 Si
2287 4192 2473 4264 igitur
2502 4193 2647 4249 deus
2679 4200 2822 4261 erat,
2858 4210 2963 4249 cur
2995 4210 3056 4248 se
3096 4195 3223 4264 ipse
3246 4210 3315 4247 ex
3362 4193 3496 4264 igne
3541 4208 3659 4247 non

2008 4280 2315 4336 servavit?
2372 4284 2445 4336 Et
2499 4288 2766 4353 apostata
2812 4298 2824 4335 :
2894 4282 3063 4336 Forte
3139 4286 3197 4334 et
3248 4286 3309 4335 tu
3364 4280 3660 4335 scelestis-

2008 4371 2179 4432 sime,
2211 4370 2435 4425 videris
2466 4371 2612 4425 mihi
2651 4371 2744 4425 his
2772 4370 3062 4425 insultare
3096 4374 3154 4425 et
3201 4369 3272 4424 ad
3316 4369 3501 4423 risum
3533 4385 3660 4423 mo-

2006 4477 2161 4529 vere,
2215 4461 2389 4529 quasi
2421 4476 2456 4516 a
2489 4461 2604 4513 Deo
2635 4466 2735 4514 tuo
2783 4459 3101 4514 vindictam
3149 4458 3411 4529 aliquam
3451 4474 3662 4513 conse-

2005 4555 2179 4605 cutus
2206 4548 2406 4603 fuiset.
2441 4550 2511 4603 Et
2536 4555 2798 4621 martyr:
2834 4550 2950 4621 Ego
3001 4564 3255 4619 semper,
3296 4547 3510 4618 inquit,
3547 4546 3659 4601 im-

2006 4638 2381 4712 piissime,de
2406 4638 2742 4693 daamonum
2766 4638 2959 4705 ruina,
2982 4654 3131 4708 quos
3150 4642 3211 4691 tu
3235 4636 3402 4699 colis,
3418 4636 3660 4709 glorior,

2007 4730 2235 4801 gaudeo
2280 4732 2339 4781 et
2364 4727 2635 4782 exsulto:
2675 4732 2732 4782 et
2763 4743 3137 4798 quacunque
3178 4726 3445 4781 Christus
3494 4741 3662 4781 meus

240 4819 370 4877 λιῶ’
406 4818 497 4875 xui
532 4818 621 4874 ἐπί
676 4823 836 4872 πᾶσιν
895 4818 975 4879 οἷς
1008 4819 1036 4872 ὁ
1069 4818 1301 4889 Χριστός
1364 4840 1470 4891 μου
1527 4825 1891 4895 τερατουργεῖ,

2009 4817 2313 4874 mirabilia
2334 4823 2632 4887 operatur,
2656 4816 3112 4871 delectationem
3135 4815 3282 4869 mihi
3308 4832 3376 4870 ac
3396 4813 3662 4869 Iustitiam

239 4907 583 4984 τερπόμενος
637 4906 870 4983 γέγηθα’
930 4905 1209 4978 ἐκδίκησιν
1243 4904 1300 4962 δὶ
1327 4912 1437 4962 τῶν
1486 4908 1563 4971 εἷς
1614 4907 1711 4981 ἐμὲ
1739 4928 1904 4984 πρατ-

231 5000 483 5070 τομένων
539 4999 688 5072 παρά
745 5000 865 5062 σοῦ,
919 4996 1029 5052 ἐκεῖ
1089 4995 1312 5068 δέξομαι
1372 4997 1529 5053 ὁπότ’
1582 4996 1645 5051 ἃν
1700 4996 1763 5053 τὰ
1795 5002 1902 5074 πῦρ

236 5087 416 5144 ἰκεῖνο
459 5086 522 5141 τὸ
571 5085 873 5158 ἀκοίμητόν
924 5107 982 5140 σε
1034 5086 1409 5160 καταλήψεται
1465 5086 1556 5141 xui
1588 5088 1622 5155 ἡ
1657 5084 1900 5143 διαιωνί-

236 5184 405 5248 ζουσα
451 5173 699 5237 κόλασις·
746 5172 1019 5238 κάνταῦθα
1071 5172 1129 5230 δὶ
1160 5175 1226 5230 οὗ
1275 5174 1451 5230 πολὺς
1509 5173 1903 5251 παρελεύσεται

236 5265 470 5343 χρόνος,
500 5264 591 5319 καὶ
620 5265 684 5319 τὸ
727 5265 1083 5338 μνημόσυνόν
1119 5285 1216 5318 σου
1251 5266 1368 5336 μετ’
1399 5262 1552 5341 ἤχου
1602 5267 1902 5343 ἀφανισθή-

235 5376 410 5413 σεται.
463 5353 569 5411 Καὶ
602 5354 630 5409 ὁ
661 5347 1005 5429 παραϐάτης’
1069 5353 1130 5408 Ei
1189 5351 1282 5409 οῦν
1310 5353 1588 5430 ἀγαλλιᾷς
1644 5354 1732 5411 ἐπὶ
1782 5356 1904 5412 τού-

2011 4910 2271 4981 pariunt.
2312 4906 2612 4960 Ultionem
2661 4921 2795 4960 vero
2847 4921 3053 4960 eorum
3101 4920 3230 4975 qua:
3262 4909 3380 4959 ate
3401 4903 3547 4958 mihi
3570 4904 3660 4958 in-

2014 5003 2239 5052 tentata
2270 5000 2435 5060 sunt,
2461 4999 2602 5048 tunc
2631 4993 2918 5064 accipiam
2945 4992 3183 5063 quando
3204 4991 3357 5063 ignis
3380 4991 3664 5046 inexstin-

2011 5087 2228 5162 gubilis
2260 5090 2315 5140 te
2340 5082 2831 5153 comprehendet,
2869 5087 2929 5136 et
2965 5081 3320 5153 supplicium
3352 5081 3662 5152 sempiter-

2012 5196 2178 5234 num.
2207 5179 2277 5232 Et
2306 5176 2409 5232 hic
2432 5190 2667 5245 quoque
2707 5189 2874 5229 mora
2905 5190 3024 5228 non
3058 5172 3169 5227 erit
3198 5172 3342 5243 quin
3374 5172 3663 5228 memoria

2013 5275 2114 5325 tua
2144 5284 2279 5323 cum
2311 5264 2515 5320 sonitu
2554 5262 2873 5317 auferatur.
2909 5264 3069 5317 Tunc
3100 5266 3405 5334 apostata:
3455 5261 3512 5316 Si
3552 5262 3663 5335 igi-

2014 5365 2112 5414 tur
2140 5356 2380 5431 gaudes,
2417 5351 2796 5423 impiissime,
2830 5351 2902 5408 de
2933 5350 3261 5424 suppliciis,
3294 5351 3484 5423 iisque
3506 5351 3661 5408 dele-

1835 5574 2059 5631 ΝΟΤᾸΞ.

330 5663 383 5734 d)
412 5662 771 5735 Philostorg.
801 5661 916 5720 loc.
949 5664 1048 5721 cit.

328 5731 416 5809 20)
444 5731 807 5793 Diaconicﬂm
832 5735 993 5798 idem
1024 5740 1114 5796 est
1141 5753 1211 5796 ac
1239 5736 1397 5814 quod
1426 5753 1538 5795 nos
1567 5737 1747 5795 hodie
1778 5731 2110 5795 sacristiam
2138 5745 2437 5791 vocamus.
