4044 6218
230 400 367 462 i309

1558 401 1618 473 ἐι.
1662 394 1966 471 Ληίτου
2002 386 2279 473 iussio.

3497 355 3638 420 1310

234 530 560 606 προσδοκῶν
617 531 774 617 αὐτὸν
836 522 1170 615 διερρωγότα
1221 540 1309 595 xui
1386 541 1873 615 συντεθραυσμένον

1989 540 2386 612 pendentibus
2421 546 2478 597 et
2532 541 2834 614 propriam
2882 531 3358 606 relinquentibus
3407 489 3630 596 sedem,

232 620 316 674 καὶ
361 622 548 700 νεκρὸν
605 623 1007 695 εὑρεθήσεσθαι·
1069 628 1447 704 ἀνεῳχθεισῶν
1510 625 1566 682 δέ
1618 633 1723 681 τῶν
1784 649 1880 682 πε-

229 705 394 793 ξτρῶν,
455 708 734 782 έξῆλθενὸ
767 712 925 788 ἃγιος
981 722 1316 792 περιπατῶν,
1372 718 1498 779 τοὺς
1556 714 1880 791 ὀφθαλμοὺς

230 795 374 873 ἔχων
406 797 881 871 ἐκπεπηδηκότας,
939 804 1027 858 καὶ
1085 807 1181 869 τάς
1238 804 1378 868 tam
1434 803 1595 880 ἕδρας
1650 801 1874 859 καταλι-

229 887 446 958 πόντας,
479 890 654 962 θέαμα
696 892 919 964 φρικτὸν
972 893 1060 947 xui
1124 891 1378 967 διήγημα
1430 894 1573 965 ξένον
1632 901 1734 963 τῆς
1794 894 1880 947 ἀν-

229 979 504 1050 θρωπίνης
590 981 855 1055 ὑπάρχων
937 983 1169 1060 φύσεως,
1257 982 1546 1059 ἅνθρωπος
1650 985 1877 1059 γυμνὸς,

225 1067 746 1141 κατατεθλασμένων
779 1070 943 1125 αὐτοῦ
971 1077 1077 1126 τῶν
1112 1073 1282 1128 ὀστῶν
1314 1075 1405 1128 καὶ
1437 1079 1542 1128 τῶν
1605 1075 1881 1149 ἁρμονιῶν

1994 634 2403 701 spectaculum
2426 633 2632 703 utique
2656 628 3017 687 horrendum
3042 633 3101 681 et
3120 628 3345 677 naturae
3364 620 3635 673 humana)

1988 719 2261 773 mirabile
2295 721 2715 790 compendium
2747 741 2753 747 ·
2783 721 2959 775 homo
2991 716 3207 784 nudus,
3244 714 3513 771 contritis
3545 731 3636 769 os-

1990 808 2154 862 sibus
2186 814 2243 863 et
2272 810 2658 880 compagibus
2690 808 2991 880 disruptis,
3028 807 3321 862 internam
3364 802 3641 859 humanm

1990 904 2217 952 naturae
2251 898 2707 969 dispositionem
2743 915 3011 970 corpore,
3072 914 3187 967 quo
3234 884 3641 951 circumdaba-

1993 993 2106 1055 tur,
2135 989 2535 1060 egredientem
2564 989 2908 1054 ostendens,
2936 987 3264 1052 incedebat,
3292 983 3649 1055 loquebatur

1994 1082 2051 1131 et
2081 1077 2362 1133 adversus
2396 1085 2719 1150 tyrannum
2752 1077 2929 1132 verba
2956 1076 3231 1131 faciebat.

228 1154 747 1231 συντεθραυσμένων,
780 1161 879 1229 τήν
914 1160 1234 1235 οἷκονομίαν
1264 1169 1363 1232 τῆς
1426 1163 1776 1236 ἀνθρωπίνης
1838 1162 2048 1239 φύσεως
2107 1164 2166 1219 ἐκ
2220 1170 2316 1219 τοῦ
2371 1164 2730 1240 πέριέχοντος
2793 1166 3047 1237 σώματος
3099 1161 3415 1234 ἐξελθοῦσαν
3474 1182 3643 1235 παρα-

229 1242 454 1314 δεικνὺς,
484 1267 799 1316 περιεπατει
831 1251 982 1322 [389]
1011 1250 1099 1304 καὶ
1134 1250 1429 1325 διελέγετο,
1460 1251 1550 1306 καὶ
1582 1253 1721 1327 πρὸς
1747 1252 1838 1306 τὸν
1868 1251 2127 1327 τύραννον
2162 1254 2570 1329 ἀντεφθέγγετο.

298 1336 526 1411 ’Όν
562 1334 693 1391 iva
754 1339 781 1391 6
837 1340 1155 1415 παμμίαρος
1216 1340 1542 1411 Ἰουλιανὸς,
1600 1336 1874 1413 ἔκθαμϐος

226 1425 353 1487 ὅλος
411 1424 639 1499 ἐγένετο,
698 1426 789 1481 καὶ
844 1429 979 1502 πρὸς
1036 1430 1163 1491 τοὺς
1215 1430 1488 1504 παρόντας
1558 1430 1870 1508 ἐφθέγξατο’

222 1515 432 1586 Ὁρᾶτε,
465 1510 590 1591 ἔφη,
624 1514 795 1588 θέαμα
826 1518 976 1589 ξένον
1037 1519 1127 1573 καὶ
1187 1518 1444 1594 διήγημα
1498 1526 1598 1589 τῆς
1654 1519 1872 1594 ἀνθρω-

222 1604 383 1673 πίνης
414 1603 709 1676 ἀλλότριον
742 1606 952 1681 φύσεως
981 1627 995 1675 ς
1028 1609 1111 1682 ἄρ’
1161 1608 1259 1662 οὐκ
1319 1606 1529 1682 ἐπῳδὸς
1585 1608 1675 1663 καὶ
1736 1608 1871 1683 γόης

221 1694 412 1769 πέφυκ’
441 1691 565 1763 δδε;
601 1695 703 1767 ἄρα
737 1698 809 1767 μή
843 1717 897 1750 τι
928 1696 1213 1774 φάντασμα
1260 1698 1348 1752 xui
1403 1696 1680 1770 δαιμόνων
1732 1698 1873 1752 ἀπα-

218 1781 405 1852 τηλῶν
436 1786 599 1837 τοῦτο
626 1786 930 1859 τεκμήριον
960 1807 974 1855 ;
1009 1791 1119 1843 Νῦν
1148 1787 1409 1860 πείθομαι
1441 1790 1533 1843 τὸν
1569 1785 1872 1861 Εὐριπίδην

222 1874 382 1949 σοφὸν
445 1876 580 1928 εἶναι
637 1875 727 1928 καὶ
783 1874 1009 1930 πολλῶν
1059 1878 1400 1952 πραγμάτων
1462 1879 1513 1933 ἐν
1587 1877 1866 1952 ἐπιστήμῃ

220 1964 578 2038 τυγχάνοντα,
610 1963 661 2017 ἐν
695 1964 919 2040 Ὀρέστῃ
946 1962 1073 2020 τάδε
1112 1964 1579 2044 φιλοσοφήσαντα·

402 2157 517 2215 05x
545 2156 655 2212 ἔστι
689 2156 860 2213 δεινόν
887 2156 983 2214 ὧδ’
1016 2160 1184 2214 εἰπεῖν
1216 2159 1367 2228 ἔπος,

401 2228 539 2309 ρὶύδὲ
564 2229 891 2309 πάθάοςιούδῖε
922 2232 1197 2309 ξυμφορὰν
1228 2232 1516 2309 θεήλατον,

396 2302 493 2362 Ἦς
523 2301 621 2356 οὐκ
651 2300 711 2355 ἄν
741 2300 884 2375 ἄρετ’
918 2300 1085 2377 ἃχ-θός
1105 2300 1405 2379 ’ἀνθρώπου
1436 2304 1614 2381 φύσις.

290 2405 379 2460 Μὰ
405 2405 531 2467 τοὺς
561 2407 856 2471 ἀθανάτους
883 2410 970 2464 καὶ
1006 2410 1313 2479 ἀηττήτους
1347 2413 1524 2480 θεοὺς,
1557 2412 1656 2466 οὐκ
1695 2411 1863 2483 ἤλπις

220 2498 332 2564 ζον,
366 2492 571 2570 ἄνδρες,
607 2494 684 2551 ἔτι
705 2503 896 2553 τοῦτον
925 2501 1015 2554 τὸν
1048 2499 1395 2573 παλαμναῖον
1427 2501 1517 2555 καὶ
1578 2500 1863 2576 ἀλιτήριον

220 2582 274 2637 ἰν
305 2590 418 2645 τοῖς
452 2590 579 2653 ζῶσι
639 2587 919 2662 τετάχθαι.
982 2589 1085 2643 Νῦν
1149 2586 1205 2643 δὲ
1260 2588 1350 2643 καὶ
1407 2594 1515 2643 τῶν
1577 2588 1863 2654 ἐνδοσθίων

225 2672 384 2727 αὐτοῦ
411 2673 767 2749 ἐκραγέντων,
798 2678 886 2731 καὶ
944 2682 1045 2743 τῆς
1097 2680 1361 2753 ἁρμονίας
1414 2680 1625 2746 ἀπάσης
1678 2677 1865 2733 διαλυ-

223 2766 425 2835 Θείσης,
456 2774 679 2822 κινεῖται
710 2770 797 2823 xui
831 2770 1137 2847 φθέγγεται.
1201 2768 1360 2825 Ἀλλ’
1413 2771 1465 2824 oi
1518 2771 1628 2824 θεοὶ
1677 2775 1863 2825 τοῦτον

222 2853 611 2927 ἐταμιεύσαντο
644 2856 720 2921 εἷς
748 2857 976 2914 πολλῶν
1010 2860 1309 2934 ἀνθρώπων
1340 2860 1742 2933 σωφρονισμὸν,
1795 2860 1867 2914 ’ἶν’

225 2942 263 3019 ᾖ
298 2945 676 3020 μορμολῦκιον
710 2954 827 3010 τοῖς
851 2949 913 3003 τὸ
934 2948 1132 3024 κράτος
1162 2950 1339 3004 αὐτῶν
1376 2949 1451 3022 μὴ
1501 2953 1868 3024 προσκυνοῦσι

226 3032 290 3086 τὸ
324 3035 713 3108 ὗπερκόσμιον.
751 3037 846 3091 Καί
878 3059 1011 3107 φησι
1064 3037 1201 3111 πρὸς
1248 3039 1341 3092 τὸν
1387 3039 1651 3113 μάρτυρα·
1704 3034 1868 3106 Ἰδοὺ,

220 3121 560 3199 ταλαίπωρε,
588 3125 678 3179 καὶ
716 3124 1015 3203 ὀφθαλμῶν
1049 3126 1363 3201 ἐστερήθης,
1396 3126 1485 3180 καὶ
1516 3131 1623 3180 τῶν
1685 3125 1870 3200 μελῶν

222 3212 471 3266 ἁπάντων
503 3213 832 3289 ἠχρείωσαι·
866 3216 999 3270 ποία
1028 3214 1121 3269 οὖν
1153 3214 1229 3270 ἔτι
1281 3214 1526 3270 λείπεταί
1580 3236 1664 3270 σοι
1712 3214 1871 3277 ἐλπὶς

218 3301 358 3374 πρὸς
382 3301 440 3355 ὃν
472 3302 648 3375 μάτην
691 3302 974 3372 ἤλπισαςς
1034 3302 1212 3361 Ἀλλὰ
1264 3305 1364 3372 τὴν
1427 3304 1703 3377 εὐμένειαν
1762 3308 1870 3358 τῶν

221 3395 356 3454 θεῶν
387 3390 726 3447 ἐπικάλεσαι·
758 3391 886 3455 ἴσως
921 3391 1063 3447 ἷλεοί
1122 3414 1205 3447 σοι
1260 3395 1601 3467 γενήσονται,
1651 3394 1737 3447 καὶ
1793 3395 1868 3466 μή

218 3500 279 3534 σε
307 3486 429 3542 ταῖς
461 3480 511 3536 ἐν
544 3479 676 3551 ᾅδου
701 3482 956 3536 κολάσεσι
990 3479 1428 3556 παραδώσουσιν.

290 3571 384 3647 ξγ’.
420 3572 476 3624 Ὀ
517 3568 574 3625 δὲ
629 3576 729 3626 τοῦ
781 3574 1019 3646 Χριστοῦ
1078 3571 1280 3648 μάρτυς
1338 3571 1562 3628 κόλασιν
1620 3571 1876 3641 ἀκούσας,

222 3657 517 3732 ἐμειδίασν
546 3662 636 3715 xui
694 3683 825 3739 φησι
885 3662 1021 3735 πρὸς
1075 3662 1169 3715 τὸν
1223 3663 1516 3734 ἀσυμπαθῆ
1576 3661 1664 3716 καὶ
1720 3662 1880 3734 ἀμεί-

220 3748 413 3804 λικτον
439 3749 717 3825 τύραννον
752 3751 813 3804 Οἱ
857 3750 943 3805 σοὶ
992 3749 1105 3804 θεοί
1158 3770 1226 3823 με
1270 3756 1389 3812 ταῖς
1437 3750 1720 3807 κολάσεσιν
1775 3771 1877 3804 πα-

217 3835 718 3911 ραδώσουσινςκαὶ
777 3843 895 3903 πῶς
944 3838 1162 3905 ἐκεῖνοι,
1214 3839 1524 3915 παμμίαρε,
1573 3841 1672 3908 τὴν
1736 3838 1874 3894 ἰδίαν

215 3926 445 3981 κόλασιν
482 3929 556 4000 μή
620 3926 966 4004 ἐκφυγόντες,
1025 3925 1220 3989 ἄλλοις
1286 3928 1559 4004 βοηθῆσαι
1615 3926 1880 3998 δυνήσον-

216 4037 348 4085 ται;
386 4016 644 4079 Ἐκείνοις
677 4018 1009 4089 ἡτοίμασται
1058 4017 1119 4071 τὸ
1168 4021 1275 4090 πῦρ
1322 4017 1383 4071 τὸ
1434 4018 1680 4086 αἰώνιον,
1729 4020 1877 4091 [390]

218 4106 451 4167 ἐκείνοις
483 4106 510 4160 6
543 4108 823 4180 Τάρταρος
855 4106 943 4159 καὶ
980 4107 1030 4160 οἱ
1086 4102 1393 4175 σκώληκες,
1445 4106 1530 4160 καὶ
1567 4108 1593 4161 6
1630 4108 1879 4182 βρυγμὸς

213 4201 326 4253 τῶν
363 4194 597 4251 ὀδόντων
632 4197 659 4249 6
694 4194 926 4269 μηδέπω
956 4196 1282 4270 παυόμενος’
1340 4198 1456 4269 μεθ’
1511 4198 1583 4251 ὧν
1637 4198 1725 4251 καὶ
1776 4197 1872 4252 αὐ-

209 4288 305 4347 τὸς
367 4282 719 4360 παραδοθήσῃ
772 4290 850 4356 τῷ
904 4285 1110 4357 αἰωνίῳ
1169 4286 1260 4340 xui
1317 4284 1661 4359 ἀτελευτήτῳ
1720 4287 1875 4362 πυρὶ,

218 4376 297 4437 εἷς
331 4375 501 4430 αἰῶνα
532 4374 1029 4447 κολασθησόμενος
1066 4376 1148 4429 ’ὁτι
1189 4376 1282 4430 τὸν
1317 4378 1540 4451 σταυρὸν
1590 4373 1687 4431 τοῦ
1737 4375 1875 4431 Θεοῦ

218 4464 621 4534 κατεπάτησας,
674 4469 764 4518 καί
822 4465 883 4518 τὸ
943 4466 1081 4536 αἷμα
1128 4463 1193 4517 τὸ
1249 4463 1434 4536 τίμιον
1466 4465 1494 4518 ὅ
1527 4464 1657 4538 ὑπὲρ
1716 4466 1876 4535 ἡμῶν

216 4554 456 4629 ἐξέχεεν,
486 4555 673 4609 κοινὸν
706 4557 817 4628 ήγή
833 4576 926 4623 σω,
955 4548 1236 4629 ἐνυϐρίσας
1266 4555 1328 4608 τὸ
1380 4558 1596 4626 Πνεῦμα
1642 4560 1741 4621 τῆς
1772 4551 1878 4627 χᾶ-

215 4664 369 4719 ριτος
400 4642 450 4697 ἐν
485 4643 530 4714 ᾧ
559 4644 850 4717 ἡγιάσθης,
897 4640 1153 4714 δαίμοσιν
1212 4641 1481 4716 ὀλεθρίοις
1524 4641 1871 4712 πειθόμενος.

212 4733 379 4803 Ἐμοὶ
414 4729 471 4786 δὲ
504 4732 635 4807 ὑπὲρ
666 4732 860 4785 τούτου
908 4736 1005 4785 τοῦ
1069 4734 1265 4803 μικρυῦ
1322 4730 1568 4802 καμάτου
1628 4730 1718 4782 καὶ
1775 4734 1875 4793 τῆς

2057 1348 2145 1400 62.
2168 1348 2292 1411 Quo
2315 1347 2460 1414 viso,
2495 1346 2758 1403 nefarius
2802 1341 3071 1403 Julianus
3112 1344 3351 1417 stupore
3380 1334 3640 1399 maximo

1986 1436 2232 1490 affectus
2266 1441 2374 1504 est,
2409 1442 2467 1491 et
2522 1437 2855 1492 astantibus
2917 1437 3099 1491 dixit:
3153 1434 3453 1489 Videtisne
3509 1448 3645 1503 spea

1984 1525 2281 1579 ctaculum
2315 1526 2425 1580 hoc
2456 1542 2672 1581 novum
2708 1531 2765 1580 et
2806 1524 3233 1597 compendium
3268 1518 3436 1585 illud,
3485 1510 3644 1591 quod

1982 1613 2052 1667 ad
2110 1614 2434 1669 humanam
2495 1621 2775 1669 naturam
2826 1614 3130 1685 pertinere
3187 1627 3307 1665 non
3363 1603 3641 1663 videtnr?

1982 1704 2188 1757 Nonne
2221 1720 2393 1774 sagus
2421 1709 2479 1757 et
2509 1705 2843 1758 incantator
2876 1708 2965 1757 est
2996 1703 3104 1756 iste
3129 1700 3156 1755 ?
3180 1706 3282 1755 aut
3333 1698 3635 1769 spectrurﬂ

1982 1791 2279 1861 quoddam
2313 1798 2370 1846 et
2398 1793 2701 1847 fallacium
2735 1792 3073 1846 daemonum
3105 1786 3434 1843 indicium?
3466 1786 3634 1839 Nunc

1980 1882 2125 1935 mihi
2152 1899 2500 1953 persuasum
2530 1888 2619 1937 est
2646 1882 2987 1953 Euripidem
3014 1880 3343 1950 sapientem
3366 1876 3547 1932 fuisse
3572 1880 3634 1932 et

1978 1971 2301 2027 multarum
2332 1989 2532 2027 rerum
2565 1972 2815 2027 scientia
2844 1971 3192 2042 pollentem,
3232 1966 3468 2039 quando
3497 1966 3625 2022 hinc

1979 2060 2040 2115 in
2072 2062 2275 2116 Oreste
2308 2061 2761 2132 phi1050phatur
2787 2077 2799 2114 :

2118 2169 2236 2221 Non
2268 2174 2343 2221 est
2374 2169 2492 2221 ulla
2522 2169 2657 2221 adeo
2691 2167 2956 2221 terribilis
2985 2166 3135 2221 dictu
3166 2181 3270 2231 res,

2118 2240 2298 2309 Neque
2328 2239 2583 2307 afﬂictio,
2618 2255 2793 2308 neque
2823 2238 3090 2292 divinitus
3121 2239 3283 2291 missa
3311 2236 3619 2301 calamitas,

2117 2311 2285 2380 Cujus
2303 2312 2522 2380 pondus
2554 2312 2790 2364 hominis
2818 2316 3023 2364 natura
3052 2326 3162 2362 non
3191 2309 3476 2362 sustineat.

1976 2418 2088 2471 Per
2119 2417 2259 2471 deos
2304 2417 2674 2471 immortales
2729 2422 2786 2470 et
2845 2416 3114 2481 invictos,
3174 2430 3295 2468 non
3355 2411 3621 2482 suspica—

1976 2505 2101 2571 bar,
2134 2506 2266 2570 viri,
2299 2505 2456 2561 hunc
2488 2506 2807 2561 scelestum
2840 2511 2898 2559 et
2928 2503 3178 2574 impium
3229 2501 3421 2557 adhuc
3466 2499 3623 2555 inter

1974 2594 2131 2649 vivos
2162 2596 2512 2666 computari.
2548 2597 2711 2649 Nunc
2743 2610 2898 2663 vero,
2960 2589 3280 2647 visceribus
3330 2590 3533 2644 elTusis
3566 2594 3625 2643 et

1976 2684 2203 2755 integra
2233 2685 2455 2738 ossium
2486 2700 2765 2754 compage
2816 2683 3103 2752 disrupta,
3148 2684 3417 2734 movetur
3446 2682 3503 2731 et
3531 2678 3622 2731 10a-

1976 2773 2198 2842 quitur.
2232 2771 2346 2826 Sed
2376 2772 2455 2826 dii
2511 2772 2680 2825 illum
2738 2774 3114 2825 reservarunt
3164 2767 3238 2822 ad
3294 2766 3619 2821 multorum

1976 2861 2291 2915 hominum
2316 2861 2767 2925 correctionem,
2802 2864 2868 2913 ut
2889 2863 3045 2912 esset
3069 2854 3418 2910 terriculum
3440 2853 3511 2907 iis
3527 2853 3631 2923 qui

1979 2950 2278 3005 caelestem
2311 2966 2517 3004 eorum
2548 2950 2875 3021 potentiam
2903 2965 3025 3002 non
3058 2946 3325 3001 adorant.
3388 2943 3630 3016 Martyri

1980 3044 2175 3095 autem
2210 3038 2399 3094 dixit:
2434 3040 2538 3104 En,
2573 3039 2775 3104 miser,
2811 3043 2871 3093 et
2900 3037 3087 3091 oculis
3119 3035 3381 3107 privatus
3437 3050 3521 3100 es,
3572 3037 3632 3087 et

1980 3128 2247 3181 omnium
2277 3127 2680 3181 membrorum
2712 3142 2887 3180 usum
2921 3123 3196 3179 amisisti.
3239 3122 3377 3187 Quas
3426 3122 3629 3191 itaque

1982 3233 2116 3288 spes
2148 3217 2209 3270 in
2241 3233 2374 3271 eum
2408 3216 2513 3270 tibi
2548 3221 2819 3287 superest
2848 3216 2910 3269 in
2961 3231 3137 3286 quem
3176 3213 3395 3267 frustra
3427 3227 3629 3283 spera-

1982 3306 2103 3361 sti?
2130 3308 2344 3361 Verum
2377 3306 2623 3359 deorum
2658 3305 3084 3376 benignitatem
3130 3304 3373 3357 invoca:
3429 3301 3633 3356 forsan

1984 3395 2091 3449 tibi
2123 3395 2626 3467 propitiabuntur,
2659 3412 2769 3450 nec
2797 3394 3035 3449 tradent
3082 3398 3136 3448 te
3183 3391 3493 3463 suppliciis
3548 3390 3632 3444 in-

1904 3482 1946 3546 C
1985 3484 2159 3539 ferni.

2064 3576 2152 3629 63.
2183 3573 2291 3627 Sed
2323 3573 2537 3627 Christi
2594 3577 2840 3643 martyr,
2899 3571 3150 3627 audiens
3203 3570 3528 3625 immanem
3578 3574 3636 3623 et

1988 3664 2427 3736 implacabilem
2454 3670 2773 3736 tyrannum
2799 3663 3091 3735 supplicia
3113 3663 3480 3732 loquentem,
3506 3660 3641 3716 sub-

1988 3754 2119 3808 risit
2142 3760 2199 3808 et
2215 3754 2394 3808 dixit:
2431 3755 2599 3809 Diine
2642 3755 2722 3808 tui
2751 3753 3063 3825 suppliciis
3093 3769 3188 3806 me
3218 3752 3454 3806 tradent
3477 3752 3505 3806 ‘I
3534 3751 3639 3807 sed

1988 3843 2310 3913 quomodo,
2342 3844 2679 3907 maledicte,
2714 3844 2833 3909 isti,
2869 3860 3004 3898 cum
3047 3841 3357 3914 proprium
3408 3840 3637 3913 suppli-

1987 3933 2142 3985 cium
2176 3949 2296 3986 non
2329 3932 2660 4004 eﬁ'ugerint,
2690 3931 2822 3986 aliis
2855 3931 3127 3986 auxiliari
3161 3930 3485 4003 poterunt?
3511 3929 3641 3984 Illis

1986 4026 2229 4092 paratus
2263 4026 2351 4075 est
2382 4021 2534 4093 ignis
2567 4028 2846 4088 aeternus,
2908 4021 3029 4075 illis
3076 4022 3351 4074 Tartarus
3409 4025 3466 4073 et
3510 4036 3639 4073 ver-

1984 4128 2102 4166 mes
2131 4116 2190 4165 et
2230 4111 2449 4165 stridor
2506 4110 2798 4175 dentium,
2856 4110 2955 4180 qui
3010 4126 3319 4179 nunquam
3380 4107 3635 4163 desinet.

1985 4204 2129 4257 Cum
2163 4203 2375 4274 quibus
2414 4210 2474 4257 tu
2524 4220 2759 4273 quoque
2809 4202 3061 4257 traderis
3109 4200 3230 4271 igni
3292 4205 3514 4253 aeterno
3578 4203 3637 4253 et

1986 4292 2477 4363 inexstinguibili,
2536 4292 2597 4345 in
2656 4291 2873 4345 smcula
2922 4289 3294 4360 puniendus:
3346 4287 3485 4357 quia
3532 4287 3635 4341 Dei

1985 4399 2220 4437 crucem
2254 4381 2637 4447 conculcasti,
2670 4380 3032 4434 contumelia
3061 4378 3310 4434 atiecisti
3348 4377 3629 4448 Spiritum

1984 4471 2289 4525 charitatis
2318 4471 2376 4523 in
2409 4487 2525 4540 quo
2568 4470 2971 4525 sanctiﬁcatus
3030 4485 3113 4532 es,
3177 4472 3233 4521 et
3280 4466 3635 4538 perniciosis

1985 4559 2357 4613 daemonibus
2376 4559 2728 4628 obsequium
2753 4558 3080 4628 praestitisti
3100 4558 3125 4611 ‘2
3144 4556 3279 4610 Mihi
3305 4562 3502 4611 autem
3527 4572 3635 4626 pro

1986 4648 2099 4703 levi
2123 4648 2326 4702 labore
2359 4653 2415 4701 et
2444 4647 2603 4701 brevi
2648 4648 2934 4713 cruciatu,
2968 4664 3145 4717 quem
3176 4646 3322 4701 mihi
3356 4644 3636 4709 intulisti,

1984 4737 2171 4792 multa
2193 4738 2449 4808 reposita
2468 4742 2602 4790 sunt
2628 4736 2869 4806 prtemia
2887 4742 2945 4790 et
2962 4752 3196 4789 coronae
3218 4732 3641 4803 victorize,qui-

215 4820 476 4881 εῦτελοῦς
505 4821 769 4895 τιμωρίας
800 4824 866 4889 ἧς
923 4842 1016 4893 μοι
1065 4821 1464 4895 προσήνεγκας,
1512 4816 1697 4872 πολλά
1751 4819 1867 4871 ἀντ-

1987 4827 2096 4881 bus
2125 4826 2327 4897 cingar
2379 4824 2759 4895 sempiternis
2787 4824 3011 4894 nuptiis
3043 4840 3173 4877 cum
3209 4822 3437 4876 Christo
3464 4836 3640 4876 accu-

216 4909 624 4981 αποδοθήσεται
676 4905 885 4965 ἔπαθλα
933 4910 1020 4964 καὶ
1075 4908 1325 4986 στέφανοι
1389 4910 1724 4982 νικητήριοι,
1787 4907 1876 4968 οὓς

218 4999 570 5071 ἀναδῆσομαι
604 5000 681 5063 εἷς
708 5000 800 5054 τὸν
836 5000 1106 5071 ἀκήρατον
1139 5002 1403 5076 νυμφῶνα
1465 4997 1597 5069 μετά
1640 4999 1875 5071 Χριστοῦ

210 5089 749 5161 ἀνακλιθησόμενος,
782 5089 870 5144 καὶ
918 5089 1195 5143 ταινιώσει
1259 5108 1363 5160 μου
1420 5088 1521 5155 τήν
1570 5084 1814 5155 κεφαλὴν
1848 5089 1875 5141 6

210 5178 500 5247 Δεσπότης
530 5178 760 5250 Χριστὸς
818 5179 950 5253 ὑπὲρ
1016 5178 1080 5231 τὸ
1139 5176 1416 5253 ἐφήμερον
1477 5176 1691 5253 στέφος,
1742 5176 1874 5249 ὅπερ

214 5265 284 5322 σὺ
338 5264 698 5339 περιδέδεσαι.
757 5265 933 5323 Ἀλλά
983 5266 1036 5321 τί
1098 5287 1192 5339 μοι
1248 5269 1418 5319 ταῦτα
1476 5265 1612 5340 πρὸς
1670 5266 1726 5318 σὲ
1781 5266 1872 5319 τὸν

210 5350 393 5423 ἀσεϐῆ
426 5355 517 5409 καὶ
551 5353 826 5428 ἀλάστορα
882 5355 1182 5431 τύραννον;
1241 5354 1506 5423 ἀπόστηθι
1568 5354 1659 5407 ἀπ’
1715 5352 1873 5427 ἐμοῦ,

204 5444 653 5518 παρανομώτατε
721 5447 809 5500 καὶ
870 5448 1086 5500 πάντων
1137 5436 1434 5518 ἀνθρώπων
1522 5443 1872 5497 ἀνοσιώτατε·

249 5533 372 5589 ίδου
404 5534 676 5611 ἀπόφασιν
696 5536 813 5590 κατ’
853 5535 988 5607 ἐμοῦ
1042 5535 1232 5590 ὁποίαν
1281 5533 1506 5601 ἐθέλεις,
1553 5532 1644 5586 καὶ
1699 5532 1813 5587 οἷαν
1848 5534 1876 5587 6

201 5629 460 5683 Σατανᾶς
492 5624 520 5677 ὁ
550 5629 820 5678 κατοικῶν
854 5623 905 5679 ἐν
937 5628 1005 5698 τῇ
1036 5628 1191 5699 ψυχῇ
1226 5644 1321 5678 σου
1363 5618 1575 5696 ἐμϐάκῃ
1610 5641 1714 5675 σοι·
1767 5620 1877 5696 ἐγὼ

1988 4915 2240 4969 biturus.
2266 4916 2333 4968 Et
2355 4914 2590 4968 ornabit
2612 4919 2880 4983 tempora
2903 4929 3034 4966 mea
3060 4911 3327 4965 Christus
3352 4910 3635 4964 Dominus

1989 5003 2396 5058 excellentiori
2431 5020 2518 5069 ea,
2550 5019 2665 5072 qua
2699 5008 2759 5055 tu
2791 5000 2864 5055 ad
2896 5000 3053 5053 diem
3087 5000 3361 5071 cingeris,
3397 5015 3636 5054 corona.

1989 5091 2100 5145 Sed
2129 5091 2272 5162 quid
2304 5091 2451 5145 mihi
2484 5092 2609 5144 hinc
2641 5090 2712 5144 ad
2785 5094 2839 5143 te
2887 5089 3137 5159 impium
3178 5093 3235 5141 et
3286 5087 3639 5142 sceleratum

1994 5186 2312 5252 tyrannum
2336 5180 2363 5234 ?
2393 5179 2638 5234 Discede
2669 5194 2703 5232 a
2733 5196 2850 5245 me,
2883 5177 3249 5249 nequissime
3282 5183 3341 5231 et
3370 5177 3639 5232 omnium

1986 5269 2339 5341 impiissime
2369 5269 2676 5340 ;profer’in
2697 5284 2790 5322 me
2817 5266 3052 5338 qualem
3078 5266 3351 5335 volueris,
3371 5266 3638 5337 qualem-

1986 5374 2100 5428 que
2128 5358 2393 5425 Satanas,
2428 5357 2525 5426 qni
2557 5356 2615 5409 in
2647 5357 2847 5411 anima
2895 5361 2994 5410 tua
3038 5355 3282 5421 habitat,
3334 5353 3439 5407 tibi
3490 5370 3634 5427 sug-

1986 5448 2257 5519 gesserit,
2293 5448 2669 5501 sententiam.
2705 5449 2820 5519 Ego
2848 5447 3003 5502 enim
3037 5446 3321 5501 voluntati
3357 5450 3470 5499 tua:
3493 5462 3633 5500 con-

1990 5538 2234 5599 tradico,
2268 5553 2462 5607 neque
2495 5535 2792 5591 mandatis
2826 5536 2941 5591 tuis
2986 5536 3349 5607 obtempero.
3382 5536 3495 5591 Fac
3526 5535 3633 5607 igi-

1988 5631 2083 5680 tur
2113 5625 2271 5697 quod
2302 5625 2408 5692 vis,
2438 5625 2915 5681 sceleratissime.

199 5715 319 5792 γάρ
352 5717 433 5785 τῷ
464 5716 544 5784 σῷ
591 5711 861 5786 θελήματι
915 5712 1325 5787 ἀντιτάσσομαι,
1386 5711 1475 5767 καὶ
1532 5717 1650 5774 τοῖς
1712 5712 2094 5788 προστάγμασί
2145 5734 2241 5769 σου
2285 5711 2975 5793 οὗχηὺποκῷῃῳωῌοίει
3032 5711 3127 5775 οῦν
3186 5710 3469 5781 δθέλεις,
3526 5731 3633 5765 πα-

206 5804 603 5880 ρανομώτατε.
