4040 6204
535 341 670 402 1311

2050 342 2424 401 ADDINDA.

3722 345 3829 404 1312

601 470 725 526 664.
751 471 886 526 Haec
909 473 1187 544 martyris
1207 473 1385 531 verba
1407 491 1538 531 cum
1561 475 1885 532 audivisset
1916 471 2179 531 fuidifra-

2362 459 2454 534 ξδ’.
2504 463 2685 518 Ταῦτα
2715 460 2744 516 ὁ
2772 455 3093 536 παραϐάτης
3149 462 3240 517 καὶ
3297 466 3394 517 τοῦ
3446 469 3568 519 Θεοῦ
3608 466 3827 544 ἀλλότριος

532 576 639 632 gus
662 565 719 614 et
741 576 775 615 a
798 561 914 616 Deo
934 560 1167 618 alienus
1183 563 1474 626 Julianus,
1500 564 1677 620 talem
1701 565 1763 620 in
1787 580 1921 619 eum
1936 560 2185 636 protulit

535 649 894 705 sententiam
921 666 934 703 :
966 651 1319 721 Artemium,
1350 654 1451 724 qui
1484 653 1627 709 deos
1655 652 2021 709 contumelia
2048 650 2185 705 affe-

532 736 632 803 cit,
669 740 961 795 Romanas
1020 747 1341 812 nostraque
1398 743 1557 815 leges
1610 744 1861 815 pedibus
1914 739 2180 804 calcavit.

533 843 597 881 se
628 827 753 898 ipse
784 829 1186 886 Christianum
1218 849 1323 903 pro
1356 834 1621 889 Romano
1661 840 1719 889 et
1744 835 1942 889 Graeco
1964 830 2182 902 profes-

533 932 633 971 sus
667 922 773 983 est,
803 923 859 972 et
890 936 994 990 pro
1027 920 1176 975 duce
1232 926 1291 976 et
1334 922 1628 995 augustali
1680 922 1956 979 Galileeus
1997 919 2182 991 magis

532 1007 759 1063 studuit
789 1010 1105 1074 nominari,
1136 1028 1413 1083 suprema
1445 1015 1743 1069 sententia
1760 1014 1935 1069 morti
1958 1010 2181 1067 addici-

532 1113 688 1164 mus,
723 1102 781 1152 et
809 1100 1239 1156 exsecrandum
1272 1104 1403 1173 ejus
1429 1109 1607 1173 caput
1640 1103 1836 1175 gladio
1889 1100 2183 1172 amputari

524 1185 828 1257 jubemus.
883 1190 1138 1260 Accepta
1196 1191 1541 1263 hujusmodi
1600 1192 1917 1259 sententia,
1966 1190 2182 1244 Christi

532 1280 761 1346 martyr
819 1293 1093 1349 egressus
1152 1284 1242 1335 est
1298 1297 1327 1334 e
1378 1281 1638 1336 tribunal
1691 1298 1826 1336 cum
1892 1277 2183 1334 militibus

530 1364 965 1421 abducentibus
991 1384 1149 1433 eum,
1182 1368 1556 1425 lmtabundus
1575 1376 1634 1425 et
1653 1370 1981 1433 exsultans,
2013 1369 2184 1438 hym-

533 1470 643 1509 nos
673 1460 921 1510 cantans
954 1461 1012 1511 et
1040 1456 1383 1528 gloriﬁcans
1420 1458 1718 1513 Christum
1751 1461 1986 1530 Regem.
2018 1459 2185 1513 Post-

536 1559 714 1613 quam
756 1550 1157 1614 pervenerunt
1209 1546 1284 1600 ad
1340 1546 1537 1602 locum
1597 1546 1698 1602 ubi
1751 1547 1966 1601 Christi
2023 1562 2184 1601 mar-

533 1635 629 1702 tyr
658 1637 715 1686 et
766 1632 939 1687 miles
998 1636 1576 1691 consummationem
1625 1641 1975 1708 accepturus
2036 1640 2181 1703 erat,

534 1718 684 1776 dixit
713 1721 1006 1777 militibus
1028 1723 1128 1793 qui
1160 1740 1295 1779 eum
1355 1724 1690 1780 ducebant:
1724 1726 1975 1791 Fratres,
2009 1722 2181 1779 obse-

536 1828 635 1868 cro
666 1827 787 1878 vos,
822 1811 1129 1867 concedite
1159 1813 1308 1868 mihi
1342 1813 1781 1885 aliquantulum
1804 1813 2088 1883 temporis
2110 1810 2183 1867 ad

533 1899 848 1957 orandum.
882 1900 990 1966 Qui
1022 1901 1501 1973 responderunt:
1538 1904 1720 1957 Prout
1745 1901 2037 1974 placuerit
2056 1901 2183 1969 tibi,

531 1988 645 2046 fac.
681 1992 751 2045 Et
779 2006 1098 2047 conversus
1130 1998 1369 2048 sanctus
1401 1992 1474 2048 ad
1507 1992 1821 2063 orientem,
1879 1991 2182 2047 manibus-

535 2096 651 2151 que
684 2079 746 2135 in
779 2079 997 2136 cmlum
1024 2080 1256 2149 levatis,
1286 2081 1371 2136 sic
1399 2082 1586 2136 oravit
1612 2096 1625 2135 :

605 2344 693 2398 65.
730 2344 959 2401 Gratias
1003 2345 1110 2400 tibi
1167 2361 1296 2418 ago,
1352 2346 1602 2402 Domine
1661 2345 1923 2402 Salvator
1978 2362 2183 2402 eorum

536 2432 637 2504 qui
662 2432 723 2488 in
753 2432 997 2489 veritate
1032 2433 1308 2490 invocant
1337 2451 1557 2491 nomen
1590 2441 1777 2502 tuum,
1804 2435 1944 2507 quia
1973 2452 2182 2492 corro-

533 2523 755 2577 horasti
790 2539 905 2591 me,
938 2523 1249 2595 indignum
1279 2524 1571 2580 famulum
1602 2530 1793 2589 tuum,
1825 2524 1900 2581 ad
1940 2524 2184 2581 concul-

534 2610 789 2665 candum
822 2611 1095 2667 stimulos
1140 2612 1384 2680 diaboli,
1447 2613 1520 2669 ad
1573 2613 2005 2669 conterendum
2055 2614 2184 2685 ejus

532 2698 778 2770 laqueos
801 2717 950 2770 quos
976 2701 1175 2771 posuit
1196 2701 1404 2757 subtus
1427 2701 1607 2772 pedes
1629 2719 1814 2767 meos,
1841 2707 1897 2757 et
1928 2702 2002 2758 ad
2042 2720 2182 2758 con-

532 2786 903 2843 fundendum
927 2795 1257 2860 apostatam
1298 2790 1621 2859 lulianum,
1654 2784 2029 2847 recusantem
2071 2792 2185 2847 im-

533 2876 766 2948 perium
788 2882 978 2944 tuum,
1007 2878 1414 2934 adhaerentem
1449 2880 1685 2936 diabolo
1716 2886 1774 2935 et
1803 2881 1876 2935 iis
1909 2881 2010 2951 qui
2041 2881 2179 2937 ode-

536 2970 677 3020 runt
706 2970 785 3032 te,
816 2966 1068 3037 pedibus
1099 2966 1427 3023 calcantem
1454 2974 1689 3024 sanctas
1718 2969 1880 3039 leges
1927 2974 2081 3035 tuas,
2114 2987 2181 3026 ac

531 3052 729 3109 divina
752 3054 1033 3110 mandata
1056 3060 1156 3111 tua
1177 3056 1614 3128 profanantem.
1641 3058 1899 3113 Gratiam
1922 3058 2026 3112 tibi
2050 3075 2179 3131 ago,

533 3159 566 3198 ο
595 3143 764 3199 valde
794 3144 1156 3208 misericors,
1200 3148 1334 3215 quia
1363 3146 1732 3201 humilitatem
1781 3164 1953 3202 meam
1998 3164 2178 3217 respe-

2293 549 2594 612 ⁹Ῑουλιανὸς
2632 550 2865 614 ἀκούσας
2918 550 3064 625 παρὰ
3120 555 3218 606 τοῦ
3283 558 3554 628 μάρτυρος,
3601 554 3831 634 ἀπεφήνατε

2290 642 2407 697 κατ’
2465 640 2631 696 αὐτοῦ
2685 640 2913 711 ταυτηνὶ
2968 644 3068 709 τήν
3125 640 3411 718 ἀπόφασιν
3496 643 3740 719 Ἀρτέμιον
3777 652 3835 704 τὸν

2287 729 2415 792 τοὺς
2447 729 2601 795 θεοὺς
2632 723 3004 803 ἕνυόρίσαντα,
3037 730 3125 785 καὶ
3186 729 3314 793 τοὺς
3357 732 3666 805 Ῥωμαϊκούς
3701 757 3747 791 τε
3781 742 3834 793 αἱ

2290 818 2592 895 ἡμετέρους
2676 820 3127 889 καταπατήσαντα
3208 818 3433 892 νόμους,
3492 823 3762 895 Χριστιανὸν
3800 849 3835 883 τε

2291 907 2450 964 αὑτὸν
2485 907 2600 962 ἀντὶ
2629 907 2903 980 Ῥωμαίου
2933 907 3022 962 καὶ
3053 907 3333 978 Ἕλληνος
3380 909 3834 986 καθομολογήσαντι,

2362 997 2438 1019 κ’
2510 995 2590 1051 εδ
2702 996 2715 1013 ε
2867 996 2882 1015 ε
2989 996 3001 1015 ’
3220 997 3275 1053 λι
3598 1005 3618 1015 υ
3758 1005 3814 1036 ο·

2290 1018 2379 1053 και
2413 1018 2527 1052 αντι
2597 1018 2755 1058 ουκος
2794 1017 2883 1051 και
2943 1018 3216 1071 αυγουστα
3284 1019 3347 1051 ου
3403 998 3669 1055 Γαλιλαιον
3709 1002 3839 1059 tam

2291 1085 2655 1159 ὀνομάσαντα,
2684 1089 2754 1159 τῇ
2783 1084 3072 1156 τελευταίᾳ
3126 1090 3223 1140 τοῦ
3272 1087 3493 1141 Θανάτου
3538 1087 3841 1159 παραδεδώκα-

2293 1195 2389 1249 μεν
2418 1177 2608 1249 ψήφῳ,
2639 1176 2740 1243 τήν
2777 1175 2973 1249 μιαρὰν
3005 1173 3173 1229 αὐτοῦ
3225 1175 3463 1252 κεφαλὴν
3511 1176 3632 1250 ξίφει
3669 1178 3841 1249 ἐκκοπῆ-

2290 1285 2377 1319 ναι
2432 1262 2802 1325 κελεύσαντες.
2856 1262 3070 1334 Ταύτην
3119 1263 3216 1317 οὗν
3273 1265 3375 1332 τήν
3431 1264 3670 1342 ἀπόφασιν
3718 1270 3740 1322 ὁ
3780 1274 3844 1323 τοῦ

2289 1354 2527 1427 Χριστοῦ
2563 1354 2769 1429 μάρτυς
2814 1350 3122 1425 δεξάμενος,
3180 1349 3472 1423 ἐξελήλυθε
3522 1359 3609 1409 τοῦ
3661 1356 3844 1432 βήματος

2296 1443 2444 1516 [391]
2476 1441 2611 1515 μετᾶ
2636 1445 2744 1496 τῶν
2799 1440 3113 1517 ἂπαγόντων
3174 1440 3336 1496 αὐτὸν
3391 1445 3717 1517 στρατιωτῶν,
3760 1447 3847 1520 χαί-

2293 1552 2402 1606 ρων
2429 1531 2519 1585 καὶ
2550 1528 2997 1605 ἀγαλλιώμενος,
3047 1528 3371 1606 ὑμνολογῶν
3423 1532 3509 1585 καὶ
3555 1529 3752 1602 δοξάζων
3786 1535 3846 1589 τὸν

2296 1617 2523 1695 βασιλέα
2578 1619 2831 1695 Χριστόν.
2891 1619 3199 1683 Φθάσαντες
3256 1616 3317 1674 δὲ
3374 1619 3464 1674 τὸν
3512 1619 3664 1675 τόπον
3714 1622 3772 1684 είς
3812 1625 3848 1679 δν

2292 1705 2520 1783 ἔμελλεν
2548 1710 2576 1764 ὁ
2606 1712 2701 1763 τοῦ
2739 1709 2976 1784 Χριστοῦ
3035 1710 3375 1782 στρατιώτης
3432 1710 3520 1764 καὶ
3575 1713 3746 1784 μάρτυς
3785 1714 3852 1781 τήν

2217 1839 2261 1904 Β
2289 1797 2572 1854 τελείωσιν
2607 1794 2875 1870 δέξασθαι,
2907 1791 3009 1868 ἔφη
3059 1797 3195 1873 πρὸς
3237 1796 3376 1904 τοὺς
3419 1798 3695 1904 ἇπάγοῐτας
3737 1802 3849 1857 αὐτὸν

2295 1888 2646 1963 στρατιώταςο
2681 1885 2964 1965 Ἀδελαοὶ,
3020 1886 3324 1963 παρακαλῶ
3383 1890 3540 1962 ὑμᾶς,
3594 1887 3745 1945 ἔνδοτέ
3789 1913 3848 1964 μοι

2299 1979 2492 2055 μικρὸν
2523 1983 2619 2034 τοῦ
2668 1978 3079 2054 προσεύξασθαι·
3141 1980 3192 2034 οἱ
3240 1976 3301 2034 δὶ
3348 1981 3484 2056 πρὸς
3540 1979 3681 2037 αὐτὸν
3730 1985 3850 2038 εἶπον·

2293 2070 2381 2131 Ὠς
2428 2064 2540 2124 ἔστι
2600 2089 2685 2123 σοι
2740 2067 3099 2141 καταθύμιον,
3155 2070 3415 2140 ποίησον.
3472 2070 3565 2125 Καὶ
3619 2073 3853 2148 στραφεὶςὸ

2295 2159 2448 2234 ἅγιος
2481 2155 2617 2212 κατὰ
2666 2154 2955 2223 ἀνατολὰς,
3005 2156 3095 2211 καὶ
3149 2158 3245 2219 τὰς
3305 2162 3501 2235 χεῖρας
3550 2159 3621 2222 είς
3666 2159 3855 2233 οὐρανοὺς

2292 2245 2640 2325 ἐφαπλώσας,
2674 2245 2873 2317 ηὔξατο
2901 2244 3094 2310 οὕτως.

2364 2338 2449 2409 εει.
2483 2335 2811 2410 Εὖχαριστῶ
2869 2354 2977 2403 σοι,
3037 2333 3278 2391 Δέσποτα
3332 2341 3514 2411 Σῶτερ
3568 2342 3665 2393 τῶν
3691 2338 3732 2393 ἐν
3757 2339 3854 2407 dli,-

2294 2426 2411 2498 θείᾳ
2441 2422 2888 2496 ἐπικαλουμένων
2918 2425 2982 2479 τὸ
3033 2420 3208 2498 ὄνομα
3252 2446 3377 2492 σου,
3426 2428 3508 2481 δτι
3552 2427 3857 2503 ἑνίσχυσὰςμι

2290 2516 2383 2571 τῦν
2416 2514 2622 2587 ἀνάξιον
2654 2511 2855 2569 δοῦλόν
2890 2533 2987 2568 σου
3039 2519 3424 2580 καταπατῆσαι
3478 2516 3543 2571 τὰ
3591 2517 3755 2592 κέντρα
3792 2521 3857 2572 τοῦ

2294 2599 2582 2673 διαϐόλου,
2605 2602 2695 2658 καὶ
2727 2602 3010 2676 συντρίψαι
3041 2602 3135 2665 τὰς
3181 2604 3354 2659 αὐτοῦ
3405 2604 3625 2681 παγίδας
3663 2608 3713 2667 ἇς
3755 2602 3854 2661 ἔθετο

2295 2692 2641 2756 ὑποκάτωθεν
2696 2696 2806 2747 τῶν
2865 2690 3047 2747 ποδῶν
3111 2714 3238 2766 μου,
3298 2694 3393 2749 καὶ
3448 2699 3762 2771 καταισχῦναι
3798 2696 3857 2750 τὸν

2294 2783 2600 2851 ἂποστάτην
2653 2779 2952 2836 Ἰουλιανὸν
3006 2781 3095 2836 τὸν
3155 2783 3626 2857 ἀποσκιρτήσαντα
3671 2791 3753 2853 τῆς
3794 2787 3856 2850 σῆς

2293 2869 2628 2941 δεσποτείας,
2660 2872 2749 2926 καὶ
2780 2867 3270 2945 προσκολληθέντα
3302 2873 3385 2945 τῷ
3416 2867 3648 2946 διαϐόλῳ
3688 2872 3759 2928 καὶ
3780 2877 3858 2934 toi;

2295 2960 2513 3034 μισοῦσί
2563 2976 2638 3015 σε’
2698 2960 2791 3014 τὸν
2849 2961 3311 3030 καταπατήσαντα
3369 2961 3499 3025 τοὺς
3552 2963 3728 3033 νόμους
3771 2962 3856 3022 τοὺς

2291 3049 2478 3125 ἁγίους
2503 3070 2620 3116 σου,
2677 3047 2768 3103 καὶ
2827 3043 3222 3122 βεϐηλώσαντα
3277 3049 3351 3105 τὰ
3407 3045 3559 3105 ἔνθεα
3609 3071 3693 3105 σου
3734 3069 3855 3124 προσο

2288 3140 2560 3213 τάγματα·
2595 3138 2903 3215 εὐχαριστῶ
2934 3158 3041 3207 σοι,
3073 3137 3454 3215 φιλάνθρωπε,
3485 3140 3565 3195 ὅτι
3610 3136 3777 3200 ὲπεῖδες
3800 3137 3856 3192 ἔτί

531 3233 690 3297 misti,
721 3249 897 3302 neque
927 3234 1246 3290 conclusisti
1275 3251 1359 3289 me
1406 3237 1465 3289 in
1509 3236 1761 3290 manibus
1807 3238 2178 3301 inimicorum,

2291 3229 2389 3297 τήν
2446 3226 2771 3283 ταπείνωσίν
2828 3247 2955 3299 μου,
3012 3226 3102 3281 καὶ
3184 3226 3247 3282 οὗ
3330 3229 3666 3290 ωνέπλεισάς
3714 3248 3765 3301 με
3806 3226 3854 3287 εἷς

530 3323 626 3379 sed
644 3325 881 3393 posuisti
914 3326 972 3378 in
1005 3325 1303 3379 latitudine
1327 3325 1493 3395 pedes
1540 3343 1684 3381 meos
1733 3332 1786 3381 et
1829 3332 2001 3382 rectos
2041 3330 2179 3396 feci-
2228 3360 2231 3371 ι

532 3413 607 3467 sti
652 3428 862 3481 gressus
918 3411 1120 3468 meos3.
1182 3414 1411 3469 Gratias
1470 3413 1576 3468 tibi
1652 3430 1782 3486 ago,
1868 3415 2179 3487 Unigenite

535 3500 791 3555 Verbum
820 3500 1025 3570 Patris,
1059 3502 1200 3573 quia
1227 3519 1322 3558 me
1352 3502 1628 3574 dignatus
1658 3520 1720 3559 es
1742 3503 1941 3559 bravio
1973 3521 2178 3575 super-

530 3606 623 3644 ηαδ
652 3590 981 3644 vocationis
1028 3596 1086 3645 et
1131 3592 1310 3646 choro
1356 3597 1698 3648 sanctorum
1750 3597 2009 3656 tuorum,
2041 3593 2181 3664 quia

535 3678 963 3733 consummasti
988 3695 1082 3733 me
1115 3679 1176 3733 in
1208 3679 1292 3733 tui
1337 3680 1736 3743 confessione,
1792 3685 1850 3735 et
1901 3680 2179 3735 ruborem

534 3762 791 3820 elicuisti
818 3766 891 3820 iis
922 3767 1022 3836 qui
1051 3774 1437 3823 surrexerunt
1460 3769 1774 3825 adversum
1797 3787 1912 3825 me.
1933 3772 2003 3824 Et
2022 3785 2182 3824 nunc

530 3851 738 3907 invoco
770 3857 849 3918 te,
880 3855 1147 3920 Domine,
1179 3857 1410 3927 respice
1441 3858 1501 3913 in
1535 3875 1629 3913 me
1663 3864 1721 3914 et
1750 3858 1822 3913 ad
1856 3859 2033 3914 verba
2068 3858 2178 3912 hu-

532 3940 804 3998 militatis
837 3959 1007 4014 meas,
1032 3945 1107 4001 da
1131 3944 1501 4018 refrigerium
1526 3947 1859 4003 heareditati
1884 3953 2019 4015 tuae,
2045 3947 2185 4019 quia

534 4030 837 4088 infirmata
869 4038 959 4087 est
987 4050 1097 4089 nec
1128 4036 1494 4091 confirmasti
1554 4053 1707 4091 eam.
1758 4038 2025 4102 Quoniam
2069 4054 2187 4093 ecce

534 4122 755 4175 inimici
785 4124 867 4175 tui
897 4131 1240 4178 sonuerunt:
1283 4130 1337 4179 et
1366 4127 1463 4195 qui
1494 4126 1725 4180 oderunt
1755 4132 1825 4197 te,
1869 4126 2187 4181 extulerunt

537 4216 721 4279 caput.
771 4211 949 4281 Super
989 4214 1263 4283 populum
1319 4221 1472 4268 tuum
1519 4216 1966 4285 malignaverunt
2011 4217 2185 4270 consi-

538 4298 712 4353 lium:
754 4306 804 4353 et
836 4302 1217 4369 cogitaverunt
1268 4303 1526 4358 adversus
1563 4310 1776 4359 sanctos
1829 4311 1967 4359 tuos.
2020 4306 2186 4359 Dixe-

535 4393 669 4443 runt
701 4404 719 4441 :
760 4390 972 4456 Venite,
1006 4397 1059 4445 et
1105 4391 1484 4460 disperdamus
1532 4409 1620 4448 eos
1649 4393 1715 4447 de
1758 4400 1919 4462 gente
1952 4408 1965 4446 :
1998 4398 2050 4447 et
2078 4409 2190 4448 non

536 4482 865 4531 memoretur
890 4494 1086 4532 nomen
1120 4478 1327 4534 Christi
1355 4480 1508 4534 ultra
1537 4481 1577 4535 ⁸.
1615 4482 1747 4535 Huic
1771 4481 1959 4552 jactat
2004 4481 2185 4536 Julia-

2292 3322 2480 3393 χεῖρας
2549 3315 2791 3392 ἐχθρῶν,
2849 3313 2975 3370 ἀλλ’
3035 3312 3263 3387 ἔστησας
3326 3316 3381 3373 ἐν
3444 3318 3721 3395 εὐρυχώρῳ
3771 3314 3856 3375 toi:

2286 3404 2456 3469 πόδας
2492 3427 2618 3478 μου,
2650 3405 2741 3460 καὶ
2798 3404 3123 3469 κατεύθυνας
3171 3405 3238 3461 τὰ
3293 3402 3606 3481 διαδήματα
3648 3428 3751 3480 μου.
3788 3404 3857 3461 Εὗ-

2288 3499 2539 3573 χαριστῶ
2569 3515 2674 3563 σοι,
2712 3495 3001 3569 μονογενὶς
3036 3496 3180 3571 Λόγε
3209 3501 3312 3551 τοῦ
3340 3499 3573 3569 Ππρὸς,
3595 3497 3667 3553 ὅτι
3686 3494 3855 3566 ἡξὶωσάξ

2293 3606 2360 3659 με
2386 3585 2482 3640 τοῦ
2517 3580 2771 3659 βραϐείου
2799 3590 2901 3653 τῆς
2932 3584 3042 3638 ἄνω
3070 3583 3352 3655 κλήσεως,
3383 3588 3475 3643 καὶ
3505 3593 3597 3643 τοῦ
3624 3589 3764 3661 χοροῦ
3784 3587 3854 3636 τῶν

2291 3673 2461 3749 ἁγίων
2493 3694 2612 3741 σου,
2635 3672 2723 3727 καὶ
2756 3670 3075 3735 έτελείωσάς
3110 3696 3177 3747 με
3207 3673 3257 3729 ἐν
3294 3679 3368 3750 τῇ
3400 3675 3660 3752 ὁμολογίᾳ
3686 3696 3777 3743 σου,
3798 3670 3858 3725 καὶ

2290 3762 2639 3838 κατῄσχυνας
2676 3760 2804 3825 τοὺς
2864 3759 3332 3836 ἐπανισταμένους
3390 3764 3474 3820 ἐπ’
3529 3764 3637 3838 ἐμὲ·
3686 3764 3756 3818 καὶ
3800 3764 3858 3812 νῦν

2293 3850 2662 3925 ἑπικαλοῦμαί
2692 3872 2769 3918 σε,
2800 3848 3064 3923 Δέσποτα,
3098 3848 3249 3908 ἔπιδε
3283 3852 3371 3908 ἐπ’
3415 3853 3513 3928 ἔμε
3556 3852 3638 3910 καὶ
3677 3850 3749 3909 ἰπὶ
3781 3852 3860 3907 τοῖς

2295 3941 2504 4020 ῥήμασί
2534 3963 2639 4015 μου
2668 3947 2786 4004 τοῖς
2817 3947 3112 4007 ταπεινοῖς,
3143 3943 3233 3997 καὶ
3266 3941 3362 4007 δὸς
3396 3945 3669 4019 ἀναψυχὴν
3694 3946 3748 4014 τῇ
3770 3940 3863 4006 κλη-

2295 4030 2531 4107 ρονομία
2561 4051 2679 4098 σου,
2712 4029 2793 4085 ὅτι
2825 4032 3122 4102 ἠσθένησεν
3148 4032 3238 4087 καὶ
3271 4034 3338 4088 ού
3370 4035 3684 4109 κατηρτήσω
3729 4028 3862 4098 αὐτήν.

2296 4118 2438 4179 Ἰδοὺ
2468 4122 2570 4195 γὰρ
2599 4120 2650 4174 οἱ
2708 4118 2898 4196 ἐχθροί
2949 4141 3045 4175 σου
3101 4119 3352 4197 ἤχησαν,
3412 4125 3497 4177 καὶ
3553 4123 3601 4177 οἱ
3656 4117 3862 4194 μισοῦντές

2296 4231 2354 4266 σε
2383 4210 2518 4286 ἦραν
2570 4207 2837 4283 κεφαλήν.
2898 4210 3023 4266 Ἐπὶ
3078 4210 3169 4265 τὸν
3231 4210 3369 4267 λαόν
3431 4233 3527 4267 σου
3576 4225 3862 4277 κατεπανουρ·

2294 4298 2536 4373 γήσαντο
2566 4295 2817 4370 γνώμην,
2875 4296 2963 4350 καὶ
3013 4292 3413 4353 ἐϐουλεύσαντο
3458 4300 3601 4373 [392]
3647 4296 3759 4352 κατὰ
3793 4297 3861 4346 τῶν

2297 4384 2460 4462 ἁγίων
2530 4404 2646 4440 σου.
2698 4384 2864 4439 Εἶπον
2914 4389 3040 4461 γάρ·
3111 4389 3271 4441 Δεῦτε
3329 4386 3423 4441 καὶ
3480 4385 3863 4462 ἐξολοθρεύσωμιν

2300 4472 2523 4541 αὐτοὺς,
2567 4472 2657 4527 καὶ
2707 4473 2769 4527 ού
2830 4475 2907 4548 μή
2963 4482 3179 4548 μνησθῆ
3228 4476 3292 4530 τὸ
3344 4472 3522 4550 ὄνομα
3566 4480 3654 4530 τοῦ
3700 4472 3863 4547 Χριστοῦ

537 4580 654 4620 nus
682 4582 695 4631 ;
730 4565 856 4620 haec
887 4582 1020 4621 cum
1047 4567 1264 4623 ﬁducia
1287 4569 1478 4623 ei'futit
1499 4586 1512 4634 ;
1536 4569 1665 4624 haac
1685 4570 1950 4624 minatur
1970 4570 2183 4641 papulo

2298 4556 2396 4619 ἔτι.
2437 4563 2620 4617 Ταῦτα
2674 4563 2947 4633 κομπάζει
3004 4561 3330 4626 Ἰουλιανός
3390 4569 3557 4619 ταῦτα
3608 4559 3861 4635 θρασύνεται*

534 4657 636 4708 tuo
659 4658 717 4708 et
748 4653 1078 4709 hmreditatx
1114 4660 1251 4718 tum,
1284 4672 1391 4727 pro
1443 4674 1559 4727 qua
1613 4658 1962 4730 sanguinem
2019 4664 2187 4713 tuum

538 4741 818 4798 eil'udisti.
836 4743 981 4797 Ecce
1006 4742 1164 4798 enim
1189 4743 1399 4799 altaria
1422 4749 1520 4799 tua
1543 4744 1760 4808 diruta,
1784 4747 2189 4802 sanctuarium

536 4833 703 4885 tuum
728 4830 862 4902 igne
886 4838 1326 4903 consumptum,
1352 4832 1530 4888 decor
1554 4832 1767 4889 domus
1790 4841 1903 4889 tuae
1929 4836 2187 4903 evanuit,

536 4923 597 4975 et
622 4919 863 4991 sanguis
890 4921 1231 4975 testamenti
1262 4921 1344 4975 tui
1392 4938 1498 4992 pro
1555 4921 1746 4976 nihilo
1796 4929 1885 4977 est
1925 4923 2188 4991 habitus,

534 5012 780 5079 prOpter
808 5015 1049 5080 peccata
1074 5014 1277 5064 nostra
1308 5015 1366 5064 et
1386 5009 1788 5081 blasphemiae
1810 5029 1957 5082 quas
1984 5013 2193 5068 ell‘udit

536 5095 713 5150 Arius
743 5096 1054 5152 adversum
1107 5102 1183 5163 te,
1237 5097 1568 5169 Unigenite,
1620 5103 1678 5152 et
1720 5100 2006 5171 Spiritum
2053 5117 2190 5156 san-

535 5188 697 5239 ctum
722 5190 888 5240 tuum
911 5202 924 5240 :
954 5186 1193 5258 quando
1218 5186 1447 5241 scilicet
1468 5187 1733 5243 alienum
1757 5195 1811 5245 te
1838 5206 1967 5244 esse
1990 5190 2193 5245 docuit

537 5287 572 5327 a
608 5273 798 5331 Patris
821 5276 1442 5333 consubstantialitate
1474 5277 1722 5349 ejusque
1753 5285 1982 5335 naturai
2003 5286 2189 5336 extra-

537 5374 757 5431 neum;
792 5366 1029 5435 quando
1063 5371 1139 5430 te,
1171 5366 1510 5420 Creatorem
1533 5367 1822 5433 omnium,
1856 5374 2189 5423 creaturam

539 5448 877 5521 appellavit,
909 5458 968 5509 et
994 5454 1057 5511 in
1097 5459 1364 5528 tempore
1393 5454 1592 5527 posuit
1622 5456 1723 5526 qui
1753 5455 1895 5513 fecit
1948 5457 2189 5515 saecula.

614 5689 638 5727 ⁸
663 5685 824 5749 Psal.
854 5704 992 5761 xxx,
1021 5691 1076 5747 9.
1152 5690 1175 5728 ‘
1203 5691 1363 5754 Psal.
1392 5707 1608 5767 una,
1640 5692 1761 5752 3-5.

2293 4655 2460 4705 ταῦτα
2491 4648 2690 4720 ἀπειλᾷ
2716 4654 2797 4723 τῷ
2837 4649 2954 4721 λαῷ
3012 4671 3109 4706 σου
3166 4652 3255 4706 καὶ
3310 4656 3383 4726 τῇ
3443 4649 3757 4724 κληρονομίᾳ
3800 4666 3860 4698 σαν

2296 4739 2428 4813 ὑπὶρ
2456 4741 2519 4808 ἧς
2550 4738 2613 4792 τὸ
2644 4738 2737 4793 σὸν
2768 4741 2903 4812 αἷμα
2934 4737 3170 4815 ἐξέχεας.
3206 4738 3352 4797 Ἰδοὺ
3388 4742 3492 4816 γὰρ
3539 4742 3600 4795 τὶ
3644 4735 3859 4803 θυσιασττξ·

2297 4830 2388 4905 ριά
2430 4850 2526 4883 σου
2555 4828 2988 4907 κατεσγάφησαν,
3037 4830 3128 4884 καὶ
3186 4832 3248 4885 τὸ
3310 4829 3557 4906 ἁγίασμά
3609 4851 3692 4885 σου
3739 4824 3858 4898 ἐμπέ-

2295 4941 2556 4997 πρησται,
2587 4920 2675 4973 καὶ
2725 4921 2759 4989 ἡ
2821 4918 3118 4993 εὐπρέπεια
3167 4925 3265 4975 τοῦ
3329 4920 3488 4976 οἴκου
3544 4942 3632 4975 σου
3682 4915 3859 4991 Q7513“-

2297 5031 2436 5078 σται,
2469 5008 2560 5063 καὶ
2588 5009 2651 5063 τὸ
2684 5010 2822 5078 αἷμα
2850 5015 2950 5077 τῆς
2981 5005 3245 5079 διαθήκης
3309 5032 3411 5066 σου
3462 5008 3782 5084 ὲξουδένωται,
3805 4998 3860 5054 διὰ

2294 5101 2390 5163 τὰς
2423 5099 2691 5174 ἁμαρτίας
2720 5100 2902 5171 ἡμῶν,
2956 5097 3046 5153 καὶ
3089 5098 3186 5162 τὰς
3236 5098 3591 5178 βλασφημίας
3635 5101 3687 5158 ἃς
3718 5093 3857 5164 ἐξέχειν

2297 5191 2517 5263 Ἀρειος
2545 5187 2683 5243 κατὰ
2712 5190 2807 5241 σοῦ
2835 5190 2934 5241 τοῦ
2992 5192 3332 5262 Μονογενοῦς
3378 5189 3470 5244 καὶ
3512 5192 3605 5244 τοῦ
3641 5184 3764 5260 ἁγίου
3796 5197 3857 5233 πυ

2298 5276 2639 5351 Πνεύματος,
2667 5272 2981 5350 ἆλλοτριῶν
3010 5296 3069 5331 σε
3099 5282 3198 5346 τῆς
3241 5281 3345 5331 τοῦ
3396 5277 3598 5351 Πατρὸς
3645 5264 3857 5346 ὁμοουσιὸο

2296 5387 2460 5438 τητος
2492 5365 2581 5421 καὶ
2613 5365 2887 5436 ἀποξενῶν
2919 5385 2977 5420 σε
3003 5372 3105 5436 τῆς
3158 5370 3330 5421 αυτοῦ
3381 5366 3608 5442 φύσεως,
3650 5360 3854 5451 κτίσει-ιτς

2298 5453 2594 5513 ἀποκαλῶν
2651 5454 2744 5510 τὸν
2799 5452 3142 5533 δημιουργὸν
3183 5454 3366 5529 πάσης
3403 5463 3506 5527 τῆς
3553 5455 3761 5517 κτίσεως.
3797 5460 3853 5495 ω
