4044 6218
193 347 335 405 1313

1538 345 1597 400 Β.
1639 346 1942 400 ΔΒΤΕΜῙῘ
1981 344 2251 400 PASSIO.

3476 352 3611 410 1314

194 472 304 529 ὁπὸ
333 469 535 547 χρόνον
560 468 730 535 τιθεὶς
758 470 847 524 τὸν
877 468 1003 531 τοὺς
1038 467 1239 533 αἰῶνας
1260 465 1837 545 δημιουργήσανταζιε)⁸

1981 468 2201 562 licebat
2235 470 2394 525 enim
2432 488 2444 526 :
2480 476 2616 529 Erat
2644 480 2902 548 tempus,
2938 476 3174 547 quando
3219 494 3337 533 non
3371 486 3499 535 erat
3525 481 3619 537 Fi-

190 563 413 640 ιράσκων
448 558 675 615 ούτωσί.
711 560 813 616 Ἦν
849 578 981 613 ποτε
1015 558 1106 613 ’ὀτε
1162 556 1261 612 οὐκ
1314 558 1381 627 ἦν
1430 558 1458 611 ὁ
1513 556 1659 619 ras;-
1725 558 1854 631 βου-

192 650 414 721 λήσεως
470 649 558 703 καὶ
624 649 903 712 θελήσεως
961 646 1084 701 Υἱόν
1119 667 1175 701 σε
1206 644 1497 701 ἀποκαλῶν
1554 648 1856 719 ὁπαρανο-

197 739 479 813 μώτατος.
521 736 677 794 Ἀλλ’
720 736 926 798 ἐκεῖνος
988 736 1081 807 μὲν
1141 737 1169 791 ὁ
1230 730 1495 804 δυσσεϐὴς
1553 735 1700 807 εὗρεν
1756 737 1854 789 τοῦ

196 826 345 883 ἰδίου
377 828 651 899 στόματος
682 825 772 880 καὶ
802 832 902 895 τῆς
936 822 1131 879 ἀδίκου
1187 822 1441 898 γλώττης
1467 824 1561 885 τὰς
1593 819 1850 895 ἀμοιϐάς,

194 918 244 972 εἰ
278 922 366 971 καὶ
400 916 457 970 αἰ
484 913 835 992 βλασφημίαι
885 912 1051 969 αὐτοῦ
1111 914 1352 986 μένουσι,
1408 916 1852 990 καρποφοροῦσαι

198 1004 475 1077 αὐτῷτὴν
506 1002 732 1058 αἰώνιον
782 1003 868 1057 καὶ
925 1001 1284 1071 ἀτελεύτητον
1334 1000 1581 1057 κόλασιν.
1642 1000 1717 1054 Σὺ
1773 997 1854 1069 δὶ,

207 1094 558 1168 μακρόθυμε.
610 1099 807 1162 στῆσον
866 1093 966 1162 τήν
1024 1093 1141 1147 καθ’
1197 1092 1359 1164 ὴμῶν
1412 1086 1713 1165 τυραννίδα,
1762 1089 1850 1144 καὶ

201 1178 397 1238 σϐὲσον
425 1182 519 1236 τὸν
550 1181 720 1254 θυμόν
757 1201 853 1236 σου
895 1180 988 1235 τὸν
1036 1176 1245 1234 δίκαιον
1291 1179 1381 1234 καὶ
1429 1180 1528 1247 τήν
1588 1177 1753 1255 ὅργὴν
1786 1174 1852 1247 ἤν

201 1274 371 1344 ἡμεῖς
430 1269 818 1343 ἕξεκαύσαμεν,
878 1268 930 1324 ἐν
986 1273 1066 1340 τῷ
1130 1267 1475 1344 παροργίζειν
1530 1288 1607 1336 σε,
1667 1266 1853 1342 Κύριεο

198 1362 435 1435 θραῦσον
467 1365 568 1427 τῆς
631 1355 1092 1432 εἷδωλολατρείας
1140 1359 1206 1412 τά
1264 1356 1621 1433 ὀχυρώματα·
1663 1350 1855 1411 σϐἐσον

190 1450 327 1510 τούς
366 1448 589 1523 βωμοὺς
614 1450 724 1502 τῶν
758 1444 1030 1513 εἰδώλων,
1060 1448 1148 1502 καὶ
1181 1449 1281 1516 τήν
1313 1446 1531 1502 κνίσσαν
1589 1450 1697 1500 τῶν
1726 1444 1856 1498 ἀκα-

197 1538 413 1613 θάρτων
447 1538 691 1609 αἱμάτων
744 1538 1108 1592 κατάπαυσον·
1158 1534 1249 1591 ’ίνα
1307 1558 1391 1591 σοι
1442 1536 1594 1601 θυσία
1650 1533 1859 1606 καθαρά

195 1628 293 1682 καὶ
326 1624 659 1699 ἀναίμακτος
692 1627 1029 1700 προσάγηται
1080 1625 1134 1679 ἐν
1191 1625 1350 1680 παντὶ
1402 1625 1558 1695 τόπῳ
1614 1630 1715 1692 τῆς
1770 1619 1856 1676 δε-

202 1713 459 1776 σποτείας
490 1732 607 1768 σου·
636 1712 722 1769 ἵνα
749 1735 845 1769 σου
891 1712 1182 1785 δοξάζηται
1222 1714 1286 1768 τὸ
1341 1714 1603 1787 πανάγιον
1661 1713 1855 1784 ὄνομα,

1968 559 2084 615 lius
2111 578 2125 625 ;
2158 562 2393 616 consilii
2419 569 2477 617 et
2500 564 2826 622 voluntatis
2860 567 3073 622 Filium
3108 574 3165 623 te
3215 570 3459 625 vocabat
3490 589 3618 627 sce-

1968 646 2345 706 lestissimus.
2380 652 2492 707 Sed
2525 653 2625 708 ille
2659 656 2902 726 quidem
2952 656 3173 728 impius
3237 658 3327 712 sui
3387 660 3504 714 oris
3564 666 3621 715 et

1964 737 2206 810 perﬁdae
2237 738 2454 813 linguas
2470 759 2673 813 poenas
2692 744 3063 812 luit,etiamsi
3084 745 3473 818 blasphemia:
3491 746 3620 819 ejus

1964 835 2363 899 perseverent,
2397 847 2527 900 quas
2559 839 2798 904 pariunt
2830 835 2882 887 ei
2914 841 3203 889 aaternum
3220 852 3331 891 nec
3354 852 3619 906 unquam

1965 916 2274 973 ﬁniturum
2293 920 2676 992 supplicium.
2709 924 2791 976 Tu
2822 925 3209 991 autem,Deus
3233 924 3618 997 longanimis,

1963 1006 2222 1077 reprime
2252 1009 2631 1079 tyrannidem
2663 1023 2870 1066 contra
2896 1029 3002 1067 nos
3037 1013 3624 1079 excitatam,exstin-

1964 1110 2074 1164 gue
2102 1095 2253 1150 iram
2284 1100 2446 1151 tuam
2471 1098 2697 1169 justam
2730 1105 2908 1171 atque
2940 1100 3624 1173 indignationem,quam

1965 1198 2075 1237 nos
2109 1182 2485 1240 incendimus
2517 1187 2805 1243 irritando
2840 1195 2919 1257 te,
2980 1190 3247 1245 Domine.
3310 1191 3627 1263 Confringe

1966 1270 2321 1327 idololatrias
2353 1278 2823 1348 propugnacula,
2846 1284 3038 1334 everte
3067 1279 3363 1335 idolorum
3393 1280 3626 1348 altaria,

1968 1364 2028 1413 et
2055 1359 2289 1415 fumum
2323 1362 2615 1419 immundi
2678 1367 2984 1439 sanguinis
3043 1368 3277 1432 cohibe,
3336 1375 3402 1423 ut
3429 1368 3627 1423 hostia

1966 1465 2115 1519 pura
2136 1454 2192 1503 et
2222 1450 2532 1508 incruenta
2554 1455 2835 1509 offeratur
2866 1456 2969 1510 tibi
3004 1455 3063 1510 in
3082 1458 3242 1511 omni
3270 1457 3397 1512 loco
3429 1457 3623 1512 domi-

1966 1538 2229 1593 nationis
2262 1546 2375 1595 tuaa
2407 1548 2512 1606 ;ut
2540 1544 2905 1614 gloriﬁcetur
2940 1545 3385 1600 sanctissimum
3401 1561 3623 1600 nomen

1967 1632 2161 1694 tuum,
2194 1630 2383 1683 Patris
2416 1636 2475 1685 et
2506 1632 2633 1685 Filii
2686 1638 2744 1686 et
2800 1633 3051 1704 Spiritus
3112 1634 3323 1698 sancti,
3378 1650 3539 1689 nunc
3569 1639 3629 1689 et

1972 1731 2209 1786 semper
2231 1723 2288 1771 et
2316 1734 2423 1789 per
2452 1720 2653 1775 omnia
2688 1721 2906 1776 saacula
2928 1722 3306 1777 saeculorum.
3341 1726 3551 1777 Amen.

196 1810 301 1862 τοῦ
333 1805 541 1881 Πατρὸς
571 1803 662 1859 καὶ
691 1808 788 1858 τοῦ
844 1804 971 1859 Υἱοῦ
1024 1804 1114 1858 καὶ
1170 1808 1268 1858 τοῦ
1325 1803 1485 1879 ἁγίου
1520 1800 1855 1875 Πνεύματος,
1877 1804 1964 1855 νῦν
1995 1822 2057 1856 τε
2084 1803 2172 1857 καὶ
2204 1803 2285 1859 ἀεὶ
2318 1805 2407 1860 καὶ
2439 1806 2516 1868 εἰς
2543 1807 2670 1870 τοὺς
2707 1808 2942 1870 ἅπαντας
2999 1807 3202 1871 αἰῶνας
3245 1814 3356 1864 τῶν
3385 1809 3627 1866 αἰώνων.

202 1895 415 1967 Ἀμήν.

282 1983 366 2054 εςῖ
401 1981 496 2039 Καὶ
526 1980 719 2043 κλίνας
772 1982 841 2036 τὰ
893 1980 1095 2056 γόνατα
1148 1981 1361 2055 τρίτον,
1417 1979 1508 2036 καὶ
1538 1981 1848 2057 προσκυνή-

2030 1984 2117 2037 66.
2152 1986 2221 2039 Et
2250 2002 2385 2041 cum
2415 1991 2504 2041 ter
2534 2003 2726 2058 genua
2748 1988 3014 2043 ﬂexisset
3034 1994 3210 2059 atque
3232 1989 3539 2044 adorasset
3554 1988 3629 2045 ad

140 2076 147 2085 '
208 2092 310 2137 σας
340 2072 479 2127 κατᾶ
510 2069 803 2140 ἀνατολὰς,
834 2069 1180 2144 προσηύξατο
1211 2067 1378 2125 πάλιν
1439 2067 1639 2145 λέγων’
1675 2070 1771 2125 Θεὶ
1810 2068 1870 2125 ἐκ

208 2165 369 2229 Θεοῦ,
436 2161 569 2233 μόνε
627 2161 775 2233 [393]
830 2159 890 2215 ἐκ
948 2160 1138 2233 μόνου,
1183 2157 1413 2214 Βασιλεῦ
1463 2157 1524 2214 ἐκ
1579 2156 1868 2235 βασιλέως,

210 2250 245 2305 ὁ
274 2248 327 2304 ἐν
362 2247 615 2323 οὐρανοῖς
644 2245 834 2302 ὤνκαὶ
890 2248 1252 2321 καθεζόμενος
1309 2247 1369 2303 ἑκ
1416 2245 1604 2319 δεξιῶν
1656 2251 1753 2303 τοῦ
1811 2268 1870 2304 σε

211 2340 574 2414 γεννήσαντος
608 2341 743 2394 Θεοῦ
796 2336 885 2392 καί
948 2338 1182 2413 ΙΙατρὸς,
1218 2338 1246 2392 ὁ
1303 2336 1391 2393 ἐπὶ
1449 2344 1557 2413 γῆς
1608 2334 1869 2392 πολιτευ-

212 2430 450 2498 σάμενος
481 2423 570 2481 διὰ
595 2426 693 2495 τήν
725 2426 942 2480 πάντων
1002 2428 1163 2498 ἡμῶν
1225 2425 1519 2500 σωτηρίαν·
1577 2427 1605 2481 ὁ
1662 2426 1866 2500 στέφα-

212 2536 308 2577 νος
366 2519 474 2569 τῶν
531 2515 662 2591 ὑπὲρ
728 2519 825 2569 σοῦ
881 2510 1114 2579 εὐσεϐῶς
1167 2513 1502 2585 ἀθλούντων,
1570 2513 1868 2571 ἐπάκουσόν

224 2625 333 2676 μου
362 2608 460 2659 τοῦ
491 2606 748 2659 ταπεινοῦ
774 2602 866 2658 καὶ
899 2601 1116 2677 ἀναξίου
1177 2600 1379 2658 δούλου
1437 2607 1556 2672 σοῦ,
1607 2605 1697 2659 καὶ
1753 2604 1869 2677 μετ’

220 2693 446 2768 εἶρήνης
472 2691 615 2767 δέξαι
650 2714 755 2766 μου
793 2694 893 2762 τήν
925 2695 1134 2768 ψυχὴν,
1192 2694 1283 2748 καὶ
1343 2690 1645 2747 ἀνάπαυσον
1702 2693 1866 2761 αὐτὴν

224 2784 360 2857 μετὰ
403 2787 512 2839 τῶν
572 2783 735 2859 ἁγίων
788 2787 894 2838 τῶν
949 2783 1041 2838 ἀπ’
1090 2782 1289 2843 αἲῶνός
1347 2803 1430 2837 σοι
1481 2781 1867 2857 εύαρεστησάν-

216 2894 332 2928 των
362 2874 449 2928 καὶ
486 2870 827 2943 δοξασάντων
856 2874 919 2928 τὸ
950 2872 1127 2946 ὅνομά
1158 2893 1251 2927 σου
1292 2872 1355 2926 τὸ
1411 2872 1587 2948 ἅγιον,
1641 2873 1739 2927 τοῦ
1772 2878 1871 2928 lla-

217 2964 353 3037 τρὸς
384 2962 475 3018 καὶ
505 2966 601 3018 τοῦ
631 2963 759 3017 Υἱοῦ
788 2961 877 3016 καὶ
928 2966 1024 3017 τοῦ
1084 2962 1236 3037 ἁγίου
1295 2961 1632 3033 Πνεύματος,
1679 2965 1771 3016 νῦν
1813 2981 1873 3016 τε

222 3050 313 3106 καὶ
368 3052 447 3106 ἁεί
512 3051 603 3106 καὶ
663 3050 739 3115 εἰς
783 3050 912 3115 τοὺς
964 3050 1202 3113 ἃπαντας
1252 3050 1451 3111 αῗῶνας
1477 3051 1584 3104 τῶν
1634 3050 1869 3107 αἰώνων.

224 3141 429 3214 ’Δμήν.
464 3141 563 3195 Καὶ
598 3138 806 3215 ἐγένετο
838 3138 985 3211 αὐτῷ
1037 3138 1089 3210 ἐξ
1147 3141 1381 3213 οὐρανοῦ
1429 3141 1578 3217 φωνή
1614 3137 1870 3214 λέγουσα·

229 3229 510 3305 Ἀρτὲμιε,
541 3227 869 3299 εἰσηκούσθη
903 3230 938 3297 ἡ
972 3225 1156 3299 δέησίς
1189 3249 1306 3300 σου,
1336 3227 1425 3283 καὶ
1481 3230 1517 3299 ἡ
1550 3228 1710 3302 Χάρις
1763 3233 1872 3283 τῶν

1977 2072 2289 2139 orientem,
2324 2075 2540 2130 iterum
2599 2082 2874 2147 precatus
2931 2081 3021 2132 est
3064 2077 3308 2132 dicens:
3356 2078 3508 2133 Deus
3549 2077 3622 2133 de

1977 2160 2117 2228 Deo,
2142 2179 2295 2218 unus
2330 2163 2400 2218 de
2433 2180 2573 2231 uno,
2606 2167 2726 2220 Rex
2758 2165 2829 2220 de
2857 2182 3013 2238 rege,
3047 2167 3148 2237 qui
3178 2166 3241 2221 in
3274 2166 3438 2221 caelis
3472 2183 3534 2222 es
3566 2171 3627 2223 et

1978 2249 2149 2305 sedes
2179 2251 2254 2305 ad
2285 2250 2584 2307 dexteram
2612 2253 2952 2325 generantis
2984 2259 3039 2308 te
3069 2254 3173 2308 Dei
3206 2260 3265 2309 et
3293 2254 3627 2325 Patris,qui

1976 2338 2038 2392 in
2070 2344 2227 2394 terra
2252 2348 2631 2396 conversatus
2679 2358 2740 2397 es
2771 2348 3014 2413 propter
3043 2342 3311 2397 omnium
3354 2348 3628 2398 nostrum

1976 2429 2251 2495 salutem,
2277 2448 2497 2487 corona
2528 2449 2733 2487 eorum
2763 2434 2865 2503 qui
2892 2450 2998 2504 pro
3058 2439 3114 2488 te
3163 2434 3258 2505 pie
3291 2434 3623 2500 decertant,

1977 2518 2187 2574 exaudi
2212 2536 2306 2575 me
2328 2520 2615 2575 humilem
2636 2526 2693 2576 et
2724 2521 3036 2593 indignum
3066 2522 3355 2578 famulum
3372 2523 3630 2589 tuum;in

1974 2623 2118 2678 pace
2152 2609 2384 2680 suscipe
2411 2609 2673 2664 animam
2695 2626 2912 2677 meam,
2945 2616 3005 2664 et
3031 2611 3124 2666 fac
3148 2628 3278 2666 eam
3320 2613 3627 2683 quiescere

1978 2713 2111 2750 cum
2147 2698 2368 2751 sanctis
2387 2698 2525 2760 tuis,
2561 2697 2663 2767 qui
2692 2713 2727 2751 a
2781 2698 2999 2752 εωοιιιο
3052 2699 3155 2752 tibi
3186 2700 3542 2770 placuerunt
3570 2704 3630 2754 et

1977 2784 2457 2856 glorificaverunt
2486 2801 2709 2839 nomen
2750 2792 3021 2841 sanctum
3072 2792 3260 2855 tuum,
3321 2788 3513 2843 Patris
3572 2794 3631 2842 et

1974 2872 2110 2927 Filii
2134 2878 2193 2928 et
2223 2873 2476 2944 Spiritus
2509 2873 2716 2943 sancti,
2742 2891 2902 2929 nunc
2933 2880 2992 2929 et
3014 2891 3249 2946 semper
3278 2880 3337 2929 et
3368 2892 3475 2946 per
3495 2891 3628 2930 om-

1980 2960 2081 3015 nia
2104 2961 2321 3016 srecula
2352 2962 2730 3016 saaculorum.
2764 2966 2972 3017 Amen.
3008 2965 3078 3018 Et
3104 2964 3260 3018 facta
3286 2969 3376 3018 est
3418 2980 3525 3018 vox
3556 2962 3628 3018 de

1979 3050 2126 3105 ccelo
2153 3049 2360 3105 dicens
2391 3051 2479 3104 ei:
2511 3052 2760 3113 Artemi,
2820 3051 3098 3107 exaudita
3153 3057 3244 3107 est
3288 3052 3625 3123 deprecatio

1980 3144 2102 3204 tua,
2132 3145 2182 3194 et
2211 3140 2347 3194 data
2378 3140 2481 3193 tibi
2509 3141 2700 3212 gratia
2727 3143 3077 3196 curationum
3099 3142 3233 3213 (2t).
3269 3140 3629 3213 Festinaigi-

1980 3232 2077 3282 tur
2106 3244 2520 3283 consummare
2542 3245 2782 3284 cursum
2798 3235 3051 3295 tuum,et
3069 3236 3369 3285 certamen
3387 3230 3631 3301 perﬁce.

226 3316 474 3391 ἰαμάτων
520 3338 605 3372 σοι
659 3314 984 3393 δεδώρηται’
1043 3314 1239 3372 σπεῦδε
1282 3316 1461 3372 τοίνυν
1510 3317 1602 3371 τὸν
1662 3314 1867 3391 δρόμον

1981 3319 2141 3372 Intra
2165 3332 2299 3372 cum
2332 3317 2552 3372 sanctis
2578 3323 2636 3371 et
2657 3318 2854 3389 accipe
2885 3318 3342 3390 bravium,quod
3356 3323 3630 3390 paratum

226 3426 347 3474 σου,
406 3408 497 3462 καὶ
551 3407 645 3462 τὸν
699 3408 884 3482 ἀγῶνα
937 3405 1248 3463 τελείωσοψ
1306 3405 1515 3462 εἴσελθε
1573 3406 1709 3479 μετὰ
1760 3410 1871 3462 τῶν

224 3496 535 3572 ἁγίων,καί
570 3490 927 3569 ἀπολάμϐανε
977 3496 1041 3551 τὸ
1102 3490 1354 3571 βραϐεῖον
1415 3495 1475 3550 τὸ
1531 3494 1872 3569 ἡτοιμασμέο

222 3606 316 3639 νον
348 3590 467 3646 τοῖς
498 3585 699 3660 ἁγίοις,
731 3584 822 3639 καὶ
874 3590 1005 3639 πᾶσι
1062 3589 1177 3645 τοῖς
1232 3583 1547 3658 ἠγαπηκόσι
1598 3584 1698 3652 τήν
1754 3583 1873 3638 ἐπι-

224 3676 446 3752 φάνειαν
476 3678 575 3729 τοῦ
607 3678 864 3747 Χριστοῦ.
897 3675 956 3729 Ὀ
998 3672 1055 3729 δὲ
1112 3673 1432 3749 παράνομος
1495 3673 1746 3748 βασιλεὺς
1777 3695 1876 3730 πε·-

222 3768 397 3818 σεῖται
448 3761 501 3817 ἂν
564 3760 810 3837 Περσίδι,
870 3764 1096 3840 σφάγιον
1152 3763 1522 3838 γενησόμενον
1580 3768 1697 3825 τοῖς
1745 3765 1874 3819 ἀκα-

221 3852 443 3928 θάρτοις
496 3848 750 3926 δαίμοσιν
809 3851 902 3915 οῦς
987 3852 1301 3928 ἐθεράπευεν
1383 3852 1474 3907 καὶ
1546 3852 1639 3917 οὕς
1693 3851 1873 3926 ἐτίμα,

220 3941 485 4006 τοιαύτην
518 3941 859 4014 ἀντιμισθίαν
918 3945 1047 4016 παρ’
1104 3942 1283 3997 αὐτῶν
1336 3938 1728 4015 κομισάμενος,
1783 3941 1874 3997 καὶ

230 4028 541 4105 βασιλεύσει
597 4025 780 4105 ἕτερος
834 4030 946 4085 ἀντ’
1004 4029 1168 4085 αὐτοῦ
1221 4032 1739 4106 χριστιανικώτατος
1785 4031 1877 4086 καὶ

227 4118 670 4197 θεοφιλέστατος,
702 4121 1051 4193 καταθραύων
1111 4120 1201 4176 καὶ
1252 4122 1536 4176 κατασπῶν
1595 4142 1769 4176 παντα
1813 4121 1880 4176 τὰ

224 4214 335 4264 τῶν
370 4206 619 4264 εἰδώλων
655 4203 987 4282 σεϐάσματα.
1040 4211 1096 4264 '0
1146 4207 1203 4265 δὲ
1263 4208 1394 4273 λαὸς
1452 4215 1548 4265 τοῦ
1595 4215 1732 4266 Θεοῦ
1789 4211 1880 4267 εύ-

225 4301 617 4376 φρανθήσεται,
700 4299 789 4354 καὶ
863 4306 1027 4354 πᾶσαι
1118 4298 1438 4369 Ἐκκλησίαι
1506 4297 1882 4376 ἐλευθερωθή-

222 4407 410 4443 σονται
463 4394 563 4456 τῆς
625 4385 1056 4461 είδωλομανίας,
1114 4387 1204 4442 καὶ
1264 4389 1449 4462 βαθεῖα
1502 4389 1726 4462 εἰρήνην
1779 4391 1880 4458 τήν

225 4477 557 4551 οἰκουμένην
588 4475 796 4532 ἅπασαν
859 4476 1255 4551 καταλήψεται,
1312 4477 1403 4532 καὶ
1453 4479 1515 4533 τὸ
1564 4477 1741 4551 ὄνομα
1785 4483 1883 4534 τοῦ

1982 3414 2072 3465 est
2103 3409 2324 3465 sanctis
2356 3414 2534 3479 atque
2558 3408 2836 3463 omnibus
2867 3409 2969 3479 qui
3011 3409 3349 3464 dilexerunt
3378 3408 3636 3465 manife-

1983 3498 2300 3554 stationem
2340 3498 2555 3552 Christi
2592 3498 2723 3568 (22).
2778 3497 3037 3553 Rebellis
3066 3503 3267 3553 autem
3312 3498 3638 3568 imperator

1982 3587 2153 3643 cadet
2198 3588 2259 3640 in
2291 3585 2555 3651 Perside,
2605 3586 2844 3641 victima
2900 3586 3135 3641 futurus
3184 3586 3633 3642 immundorum

1983 3676 2344 3741 daamonum,
2370 3691 2521 3746 quos
2554 3674 2738 3730 coluit
2769 3680 2826 3728 et
2849 3681 3163 3730 veneratus
3194 3682 3304 3740 est,
3337 3680 3398 3730 et
3425 3692 3461 3730 a
3499 3676 3635 3746 qui-

1981 3766 2093 3821 bus
2125 3763 2466 3836 hujusmodi
2490 3763 2827 3819 mercedem
2859 3764 3127 3835 accipiet.
3163 3764 3450 3836 Regnabit
3476 3764 3633 3820 alius

1982 3872 2089 3927 pro
2113 3871 2181 3909 eo
2213 3853 2755 3909 Christianissimus
2789 3858 2848 3908 et
2875 3853 3180 3924 piissimus
3202 3854 3339 3924 (23),
3372 3854 3473 3925 qui
3500 3870 3632 3910 om-

1984 3961 2123 3999 nem
2154 3943 2451 3999 idolorum
2484 3942 2709 3998 cultum
2740 3942 3075 4015 confringet
3121 3947 3180 3997 et
3238 3942 3454 3998 evellet
3498 3944 3637 4014 (24).

1986 4032 2246 4104 Populus
2274 4048 2410 4087 vero
2442 4031 2545 4087 Dei
2569 4031 2731 4087 omni
2763 4031 2975 4103 gaudio
3033 4030 3288 4093 incedet,
3320 4037 3379 4085 et
3404 4038 3635 4087 cuncta)

1986 4122 2263 4178 Ecclesiae
2294 4120 2709 4175 liberabuntur
2763 4120 2835 4174 ab
2885 4119 3119 4174 insania
3171 4118 3489 4185 idolorum,
3522 4135 3636 4190 pax

1988 4227 2225 4282 quoque
2257 4226 2465 4265 secura
2496 4208 2783 4263 mundum
2818 4207 3128 4261 univerum
3187 4206 3634 4276 complectetur,

1991 4309 2046 4359 et
2077 4319 2296 4358 nomen
2341 4301 2557 4356 Christi
2606 4298 2961 4354 exaltabitur
3003 4303 3061 4352 et
3098 4296 3576 4369 magniﬁcabitur
3604 4314 3640 4353 a

1994 4392 2213 4448 ﬁnibus
2244 4390 2317 4445 ad
2349 4390 2499 4443 flnes
2530 4386 2691 4441 orbis
2724 4392 3038 4441 terrarum.
3086 4385 3429 4441 Idololatria
3477 4386 3637 4440 enim

1993 4482 2274 4548 deinceps
2304 4494 2423 4531 non
2457 4475 2699 4530 extollet
2736 4481 2913 4546 caput
2959 4492 3153 4542 suum,
3213 4491 3409 4546 neque
3466 4473 3632 4529 dabio

226 4570 474 4644 Χριστοῦ
506 4567 853 4641 ὑψωθήσεται
907 4569 995 4623 καὶ
1062 4565 1525 4645 μεγαλυνθήσεται
1584 4568 1689 4623 ἀπὸ
1722 4568 1869 4644 ιπερά⁴

1994 4574 2090 4625 tur
2148 4566 2341 4621 Stanaa
2398 4564 2699 4620 eradicare
2769 4562 3228 4619 fundamentum
3308 4562 3636 4630 Ecclesiaa;

1824 4748 2043 4805 NUT/E.

308 4874 383 4943 (e)
413 4874 663 4929 Fallitur
693 4890 828 4944 ergo
859 4873 1276 4930 Villemontius
1308 4874 1446 4928 Hist.
1512 4871 1641 4927 eccl.
1672 4877 1711 4926 t.
1764 4873 1883 4939 VII,

230 4965 293 5019 p.
328 4947 429 5019 731
467 4963 601 5019 sqq.
631 4945 774 5001 dum
807 4945 1131 5001 Artemium
1156 4944 1323 4999 valde
1345 4944 1682 5015 suspicatur
1701 4944 1885 4999 fuisse

232 5017 548 5073 Arianum.
582 5018 731 5071 Emr.

312 5090 427 5155 (2t)
460 5088 687 5143 Alludit
716 5087 789 5143 ad
822 5092 1045 5143 textum
1077 5090 1276 5158 Apost.
1312 5088 1328 5139 1
1363 5088 1493 5142 Cor.
1527 5104 1627 5153 xu,
1658 5086 1713 5140 9.

312 5162 419 5227 (22)
451 5159 677 5215 Alludit
705 5160 778 5215 ad
809 5159 1004 5213 locum
1037 5158 1325 5229 Apostoli,
1357 5160 1407 5212 ll
1436 5159 1581 5213 Tim.
1642 5175 1717 5224 iv,
1758 5159 1810 5211 8.

310 5232 426 5303 (23;
462 5230 738 5286 Jovianus
796 5228 1592 5303 nempe,_qui_pra:clarum_
1649 5228 1887 5303 pietatis

227 5301 533 5374 indicium
566 5303 839 5374 praebuit.
870 5300 1107 5374 quando
1167 5301 1220 5355 ei
1242 5300 1255 5303 ’
1281 5301 1500 5355 milites
1526 5300 1889 5374 (obtulerunt

231 5372 532 5429 diadema.
567 5372 987 5435 Theodoretus,
1022 5372 1126 5428 lib.
1163 5389 1214 5426 ιν
1251 5374 1390 5428 Hist.
1424 5373 1633 5437 eccles.,
1667 5388 1796 5442 cap.
1834 5376 1884 5441 1,

234 5451 462 5500 narrat.
499 5462 636 5501 eum
669 5445 888 5499 dixisse
921 5461 934 5499 :
974 5446 1091 5500 Non
1128 5459 1350 5513 possum
1407 5461 1522 5513 ego,
1586 5446 1683 5513 qui
1714 5443 1885 5497 Chri-

233 5517 453 5572 stianus
509 5532 649 5585 sum,
704 5516 909 5572 talibus
959 5530 1216 5586 praeesse,
1276 5532 1373 5570 nec
1428 5513 1646 5569 Juliani
1702 5516 1886 5583 copias

230 5605 445 5658 regere,
483 5590 677 5659 pravis
722 5588 959 5643 imbutas
1015 5588 1304 5642 institutis.
1364 5588 1502 5641 Nam
1556 5587 1885 5659 qui_istiusf

231 5654 385 5715 modi
412 5654 568 5729 sunt,
596 5661 807 5717 divinae
834 5659 1203 5715 Providentiae
1233 5665 1501 5730 expertes,
1545 5654 1714 5726 facile
1759 5658 1889 5727 capi

1995 4879 2045 4926 et
2082 4870 2321 4925 ludibrio
2363 4883 2471 4924 esse
2500 4868 2739 4923 hostibus
2771 4868 2963 4923 solent.
3021 4866 3224 4933 Quibus
3275 4866 3498 4930 auditis,
3530 4865 3639 4919 mi-

1997 4944 2113 4999 lites
2144 4957 2256 4995 una
2284 4956 2409 4994 voce
2438 4941 2838 5010 responderunt
2874 4956 2886 4991 :
2919 4941 2993 4993 Ne
3029 4938 3263 5010 (dubita,
3312 4940 3637 5010 imperator,

1993 5031 2092 5069 nec
2149 5014 2441 5082 imperium
2496 5007 2742 5065 nostrum
2792 5010 2941 5065 velut
3014 5007 3330 5082 improbum,
3372 5007 3589 5082 declina
3620 5024 3640 5061 :

1998 5079 2329 5149 Christianis
2359 5099 2595 5151 namque
2623 5082 2918 5151 imperabis
2937 5087 2989 5134 et
3042 5082 3100 5134 in
3124 5080 3355 5151 pietatis
3384 5079 3641 5133 doctrina

1996 5156 2240 5212 educalis
2270 5172 2288 5207 :
2317 5155 2523 5223 quippe
2578 5156 2676 5221 qui
2719 5160 2880 5207 atate
2928 5153 3070 5205 inter
3123 5167 3222 5205 nos
3270 5151 3642 5220 provectiores

1995 5234 2139 5284 sunt.
2174 5224 2524 5283 Constantini
2562 5226 2735 5293 ipsius
2786 5224 3093 5277 doctrinam
3153 5223 3473 5288 hauserunt,
3532 5224 3641 5276 mi-

1996 5315 2155 5355 nores
2184 5314 2218 5351 a
2267 5298 2587 5351 Constantio
2618 5297 2876 5348 instructi
2926 5300 3050 5348 sunt
3085 5309 3097 5347 :
3135 5294 3299 5363 hujus
3355 5310 3483 5348 vero
3514 5296 3641 5363 (Ju-

1998 5371 2159 5437 liani)
2190 5370 2304 5423 vita
2331 5368 2512 5435 functi
2542 5367 2697 5420 breve
2730 5366 2951 5435 imperii
2981 5371 3188 5434 tempus
3235 5367 3368 5433 fuit,
3416 5381 3514 5419 nec
3567 5366 3640 5420 ad

1999 5443 2175 5497 labem
2200 5440 2436 5507 deceptis
2468 5438 2801 5505 inﬁgendam
2829 5438 2963 5491 satis
2992 5437 3267 5490 idoneum.
3302 5438 3455 5490 Emr.

2070 5514 2183 5583 (24)
2206 5506 2371 5566 Dicet
2398 5516 2604 5583 auctor
2634 5507 2807 5583 infra,
2829 5508 3295 5572 n.70,.lovianum
3317 5506 3639 5563 adhaesisse

1996 5580 2209 5641 hairesi
2240 5580 2647 5637 Eunomianaa.
2679 5580 2759 5634 In.
