4040 6204
449 328 590 389 1315

1932 321 1935 324 ’
1973 317 2342 371 ΔῡῡΕΝΒΔ.

3658 325 3761 386 1316

443 469 581 509 nam
607 457 783 522 portae
812 450 982 518 inferi
1009 464 1118 501 non
1140 447 1518 516 pravalebunt
1577 447 1834 500 adversus
1894 457 2011 497 eam
2041 437 2083 494 ‘.

2200 444 2305 494 τῶν
2363 437 2469 503 ἕως
2527 436 2778 516 περάτων
2833 448 2934 510 τῆς
2993 441 3342 514 οἷκουμένης.
3369 441 3439 499 Οὔ
3467 445 3557 518 γὰρ
3584 442 3648 500 "stt
3674 447 3773 521 ἀρεῖ

441 545 683 622 κεφαλὴν
717 547 749 613 ἡ
776 541 1224 615 εἰδωλολατρεία,
1254 540 1368 595 οὐδ’
1400 541 1462 594 οὐ
1495 543 1572 614 μὴ
1597 544 1707 616 σχῇ
1745 540 1931 616 χώραν
1962 543 1989 596 6
2025 549 2289 615 Σατανᾶς,
2318 545 2416 595 τοῦ
2443 540 2538 594 τὸν
2563 538 2820 608 Θέμελιον
2877 546 2978 608 τῆς
3037 539 3360 610 Ἐκκλησίας
3405 541 3766 617 ἀναμοχλεῖηαιο

439 644 608 700 πύλαι
643 643 746 718 γὰρ
779 640 913 713 ᾅδου
946 640 1011 695 οὐ
1042 639 1466 714 κατισχύσουσιν
1491 639 1681 708 αὐτῆς,

515 737 600 790 67.
628 737 951 804 Postquam
975 731 1231 786 divinam
1265 747 1464 785 vocem
1484 731 1726 785 auribus
1759 733 2094 802 excepisset

447 825 684 890 Beatus,
717 829 774 878 et
803 821 875 876 de
907 820 1086 876 rebus
1132 819 1346 874 futuris
1404 819 1579 890 plane
1628 820 1847 874 certior
1903 820 2092 876 factus

445 913 677 980 fuisset,
707 913 822 966 Deo
853 911 1070 983 gratias
1099 909 1236 982 egit,
1270 913 1328 963 et
1356 908 1569 979 plenus
1599 909 1813 980 gaudio
1849 915 1907 963 et
1942 910 2094 964 lasti-

444 1002 528 1056 tia
562 1000 780 1056 collum
816 999 1099 1071 praebuit;
1125 1014 1471 1070 progressus
1495 1015 1649 1052 unus
1682 997 1937 1053 militum
1959 1015 2093 1054 san-

442 1096 605 1145 ctum
638 1090 767 1162 ejus
801 1095 978 1160 caput
1003 1088 1354 1160 amputavit,
1403 1087 1680 1142 vicesima
1722 1088 1817 1142 die
1870 1089 2094 1144 mensis

446 1179 737 1246 Octobris,
772 1179 921 1234 feria
952 1184 1136 1244 sexta,
1171 1194 1301 1248 quae
1335 1176 1553 1231 dicitur
1575 1179 1915 1231 Parasceve.
1951 1179 2092 1233 Bea-

447 1278 574 1324 tum
593 1275 985 1338 sanctumque
1017 1283 1231 1337 corpus
1259 1265 1330 1320 ab
1366 1265 1723 1335 imperatore
1749 1265 1982 1320 Juliano
2001 1283 2096 1337 pe-

448 1359 546 1412 tiit
575 1359 792 1413 mulier
817 1357 1089 1427 quaedam
1123 1355 1334 1421 ﬁdelis,
1369 1355 1565 1408 Arista
1598 1354 1857 1418 nomine,
1894 1355 2095 1410 Antio-

449 1447 655 1501 chenaa
686 1446 962 1500 Ecclesiae
996 1443 1362 1510 diaconissa;
1387 1443 1479 1497 cui
1512 1443 1788 1513 princeps
1811 1443 1959 1497 illud
1975 1442 2102 1516 dari

447 1535 761 1591 concessit.
799 1536 935 1599 Quaa
969 1538 1241 1588 sanctum
1274 1532 1590 1587 etbeatum
1616 1533 2100 1603 corpus,myrrha

2274 731 2365 800 ξζ“.
2424 727 2599 784 Ταῦτα
2652 729 2799 803 παρὰ
2854 735 2954 797 τῆς
3016 726 3163 788 θείας
3220 730 3398 805 φωνῆς
3451 728 3772 793 ένωτισθεὶςὸ

2201 819 2678 892 Μακάριος,[394]
2736 818 2827 872 καὶ
2883 817 3272 894 πληροφορίαν
3332 812 3506 871 λαϐὼν
3556 823 3649 872 τῶν
3677 821 3774 890 μελι

2203 907 2411 963 λόντων
2445 907 2782 983 πραγμάτων
2836 909 3180 982 γενήσεσθαι,
3248 906 3587 982 εὐχαρίστησέ
3629 928 3677 961 τε
3719 914 3776 980 τῷ

2203 1001 2342 1068 Θεῷ,
2373 995 2462 1049 καὶ
2493 999 2665 1070 χαρᾶς
2696 995 2784 1049 καὶ
2843 995 3175 1073 εὐφροσύνης
3231 997 3509 1070 γενόμενος
3555 990 3775 1068 ἔμπλεως,

2203 1080 2384 1139 ἔκλινε
2410 1086 2502 1138 τὸν
2535 1083 2758 1159 αὐχέναο
2792 1085 2881 1139 καὶ
2940 1084 3261 1160 προσελθὼν
3309 1087 3385 1147 εἷς
3429 1089 3526 1138 τῶν
3557 1105 3774 1158 στρατιω-

2203 1177 2335 1239 τῶν,
2394 1172 2656 1245 ἀπέτεμεν
2739 1174 2840 1242 τήν
2899 1174 3059 1248 ἁγίαν
3121 1175 3286 1228 αὑτοῦ
3341 1174 3589 1250 κεφαλὴν,
3637 1171 3778 1227 εἰκάδα

2207 1263 2498 1338 ἐπέχοντος
2527 1267 2625 1317 τοῦ
2657 1259 2992 1338 Ὀκτωϐρίου
3028 1265 3221 1336 μηνὸς,
3282 1264 3332 1318 ἐν
3386 1261 3556 1338 ἡμέρᾳ
3579 1262 3687 1336 ἕκτῃ
3730 1268 3778 1336 τῇ

2205 1351 2520 1426 καλουμένῃ
2585 1354 2926 1421 ΙΙαρασκευῇ.
2989 1353 3065 1410 O5
3116 1353 3179 1407 τὸ
3239 1355 3498 1426 μακάριον
3545 1352 3621 1406 καὶ
3667 1351 3784 1426 ’ἆγιον

2211 1445 2369 1513 σῶμα
2402 1438 2700 1513 ἐξῃτήσατο
2728 1443 2873 1514 παρὰ
2922 1445 3019 1495 τοῦ
3081 1441 3356 1517 βασιλέως
3385 1441 3661 1495 Ἰουλιανοῦ
3685 1442 3784 1514 γυνή

2211 1550 2294 1591 τις
2323 1529 2512 1596 πιστή,
2549 1527 3043 1603 ὀνόματιἈρίστη,
3099 1527 3350 1590 διάκονος
3408 1529 3693 1604 ὑπάρχουσα
3713 1535 3787 1598 τῆς

445 1623 753 1679 conditum
779 1623 1126 1694 etpretiosis
1148 1620 1512 1677 aromatibus
1537 1627 1594 1675 et
1624 1622 1943 1693 unguentis
1957 1622 2091 1677 odo-

2209 1617 2258 1672 ἐν
2345 1617 2664 1692 Ἃντιοχείᾳ
2721 1601 3069 1688 Ἐκκλησίας·
3138 1620 3226 1674 xui
3298 1601 3580 1693 ἐπέτρεψε-
3613 1617 3786 1686 δοθῆναι

444 1711 734 1776 ratum,in
767 1727 1069 1782 capsam,a
1091 1727 1153 1764 se
1185 1715 1472 1780 paratam,
1500 1709 1796 1780 deposuit,
1823 1710 2097 1780 idemque

443 1800 776 1856 transmisit
806 1801 866 1853 in
892 1799 1311 1854 felicissimam
1343 1799 1640 1852 civitatem
1681 1799 2096 1853 Constantino-

442 1889 649 1962 polim,
677 1890 741 1944 in
777 1889 909 1944 loco
942 1888 1263 1959 conspicuo
1296 1887 1616 1953 collocans,
1651 1903 1717 1952 eo
1763 1888 2011 1942 consilio
2035 1893 2101 1943 ut

447 1978 788 2046 ecclesiam,
818 1983 1026 2032 sancto
1060 1983 1119 2031 et
1150 1992 1362 2048 magno
1404 1981 1664 2047 martyre
1710 1977 1972 2031 Artemio
2018 1977 2101 2032 di-

442 2084 644 2141 gnam,
669 2084 776 2139 pro
817 2073 1112 2121 conventu
1144 2065 1412 2120 ﬁdelium
1445 2064 1856 2131 aediﬁcaret,in
1879 2082 2096 2120 memo-

443 2158 599 2211 riam
631 2157 881 2228 insignis
913 2157 1040 2225 ejus
1072 2155 1356 2224 martyrii.
1386 2157 1529 2207 Acta
1561 2159 1699 2207 sunt
1721 2153 1846 2208 haec
1869 2155 1929 2208 in
1951 2154 2096 2209 urbe

447 2246 719 2317 principe
754 2245 956 2314 Syria),
989 2243 1320 2304 Antiochia,
1346 2241 1453 2296 sub
1478 2241 1709 2295 Juliano
1741 2243 2099 2309 Cazsare,co-

448 2334 732 2407 gnomine
765 2334 1060 2403 Apostata,
1113 2331 1364 2386 Dulcitio
1397 2331 1772 2400 proconsule,
1819 2337 1877 2384 et
1907 2331 2090 2385 Sallu-

447 2422 558 2477 stio
580 2421 858 2493 praefecto
893 2424 1029 2490 (25),
1066 2421 1126 2474 in
1158 2420 1285 2474 loco
1318 2419 1411 2473 cui
1444 2434 1663 2472 nomen
1713 2420 1978 2490 Daphne,
2012 2436 2099 2474 re-

445 2517 665 2583 gnante
700 2527 877 2581 super
907 2527 1017 2564 nos
1044 2509 1292 2563 Domino
1324 2512 1382 2561 et
1409 2508 1524 2561 Deo
1558 2514 1615 2561 et
1671 2508 1965 2564 Salvatore
1998 2526 2096 2564 no-

449 2606 576 2655 stro
608 2600 745 2654 Jesu
773 2599 1025 2654 Christo.

2209 1707 2368 1780 αὐτῇ·
2401 1709 2436 1778 ἢ
2469 1709 2559 1762 καὶ
2600 1711 2876 1779 ποιήσασα
2929 1709 3332 1784 γλωσσόκομον
3385 1710 3472 1764 καὶ
3513 1711 3786 1783 σμυρνίςασα

2206 1797 2269 1850 τὸ
2300 1797 2455 1870 ἅγιον
2489 1795 2653 1852 αὐτοῦ
2682 1799 2772 1853 καὶ
2817 1801 3082 1872 μακάριον
3140 1804 3324 1871 σῶμα,
3379 1799 3467 1853 καὶ
3520 1798 3788 1870 πολυτίμοις

2206 1885 2459 1960 ἀρώμασι
2511 1887 2602 1941 xui
2664 1887 2858 1962 μύροις
2931 1886 3290 1958 εὐωδιάσασα,
3349 1891 3588 1952 κατέθετο
3645 1887 3686 1942 ἐν

2207 1972 2616 2049 γλωσσοκὸμῳ,
2659 1977 2746 2031 xui
2782 1977 3085 2052 ὰνέπεμψεν
3118 1977 3168 2032 ἐν
3213 1981 3285 2052 τῇ
3320 1975 3648 2048 πανευδαίμῳ
3674 1979 3788 2032 Κων-

2208 2061 2488 2117 σταντίνου
2520 2064 2703 2135 πόλει,
2737 2065 2787 2120 ἐν
2838 2067 2992 2138 τόπῳ
3048 2064 3312 2140 ἐπισήμῳ
3365 2065 3694 2139 καταθεμένη,
3736 2065 3788 2125 ὡς

2210 2151 2520 2226 βουλομένη
2581 2153 2730 2209 οἶκον
2785 2153 2931 2226 ἄξιον
2983 2159 3080 2209 τοῦ
3130 2156 3289 2231 ἆγίου
3368 2153 3791 2228 μεγαλομὰρτυρος

2205 2241 2524 2314 Ἀρτεμίου,
2579 2245 2714 2318 πρὸς
2772 2246 2832 2298 τὸ
2893 2244 3104 2314 σύναξιν
3162 2244 3526 2308 ἐπιτελεῖσθαι
3575 2243 3642 2304 εἷς
3688 2263 3789 2313 μνη-

2208 2330 2441 2402 μόσυνθν
2517 2339 2618 2402 τῆς
2673 2329 2928 2406 ἀοιδίμου
3026 2335 3332 2406 μαρτυρίας
3407 2334 3583 2388 αὐτοῦ.
3658 2334 3791 2388 Ταῦτα

2205 2421 2455 2497 ἐπράχθη
2517 2421 2568 2476 έν
2622 2423 2934 2498 Ἀντιοχείᾳ
2987 2427 3056 2497 τῇ
3115 2422 3350 2497 μεγίστῃ
3416 2420 3568 2476 πόλει
3621 2420 3790 2494 Συρίας,

2206 2511 2293 2566 ἐπὶ
2325 2511 2626 2568 Ἰουλιανοῦ
2660 2513 2958 2587 Καίσαρος,
2989 2517 3089 2566 τοῦ
3142 2509 3535 2580 ἐπικληθέντος
3589 2503 3788 2583 Παραϐά-

3026 2335 3332 2406 μαρτυρίας
3407 2334 3583 2388 αὐτοῦ.

2202 2622 2320 2670 του,
2355 2601 2812 2664 ἀνθυπατενᾶοντος
2873 2601 3218 2672 Δουλκιτίου,
3281 2603 3375 2655 καὶ
3417 2603 3513 2669 τὴν
3592 2600 3788 2672 ὕπαρχον

447 2683 732 2748 διέποντος
762 2686 942 2761 ἀρχὴν
975 2684 1331 2740 Σαλουστίου·
1367 2681 1417 2738 ἐν
1443 2682 1598 2756 τόπῳ
1626 2680 1953 2757 καλουμένῳ
1998 2687 2202 2764 Δάφνῃ,
2263 2690 2649 2767 βασιλεύοντος
2697 2690 2776 2765 ἐφ’
2835 2693 2983 2764 ἡμᾶς
3037 2696 3134 2746 τοῦ
3188 2690 3396 2765 Κυρίου
3447 2688 3532 2744 καὶ
3575 2692 3689 2743 Θεοῦ
3725 2687 3790 2740 καὶ

437 2791 700 2860 Σωτῆρος
749 2786 908 2857 ἡμῶν
946 2785 1125 2854 Ἰησοῦ
1155 2783 1409 2855 Χριστοῦ.

511 2877 598 2930 68.
636 2876 708 2930 Ut
738 2892 917 2946 supra
947 2875 1170 2929 dictum
1204 2879 1311 2938 est,
1345 2877 1612 2944 apostata
1666 2873 1934 2929 Julianus
1976 2875 2090 2930 mi-
2119 2879 2162 2945 ο

449 2964 527 3018 sit
551 2964 990 3035 Hierosolymas
1007 2963 1080 3018 ad
1094 2962 1579 3018 remdiﬁcandum
1601 2962 1937 3018 Iudaeorum
1954 2967 2097 3018 tem-

448 3054 640 3125 plum,
701 3054 859 3125 quod
918 3053 1316 3124 Vespasianus
1402 3051 1649 3122 ejusque
1714 3052 1873 3106 filius
1933 3053 2095 3107 Titus

434 3143 613 3212 simul
640 3159 774 3198 cum
807 3143 1041 3197 civitate
1083 3146 1419 3196 everterant
1449 3146 1623 3210 atque
1681 3140 2092 3209 incenderant,

443 3230 950 3302 quemadmodum
1000 3229 1266 3285 Christus
1314 3230 1602 3284 Dominus
1633 3229 1988 3300 praadixerat
2018 3230 2092 3284 de

431 3320 538 3376 illo
574 3321 804 3376 sanctis
835 3320 958 3374 suis
983 3318 1314 3390 discipulis,
1347 3317 1504 3388 quod
1525 3317 1754 3372 scilicet
1781 3334 1890 3372 non
1919 3318 2092 3373 relin-

436 3416 700 3483 queretur
725 3408 869 3480 Idpis
896 3425 1060 3479 super
1087 3408 1324 3478 lapidem
1355 3409 1453 3476 qui
1477 3423 1588 3460 non
1644 3406 2020 3461 destrueretur
2047 3409 2088 3462 ⁸.

438 3500 581 3553 Cum
617 3515 752 3570 ergo
784 3497 1048 3553 nefarius
1076 3497 1256 3551 verba
1285 3495 1500 3550 Christi
1531 3495 1843 3550 mendacia
1889 3501 2090 3551 osten-

445 3587 585 3642 dere
617 3587 813 3651 vellet,
855 3587 1113 3642 maximo
1173 3585 1368 3640 studio
1421 3584 1741 3639 festinabat
1798 3585 2089 3656 templum

431 3675 975 3747 adiﬁcare,jubens
1006 3693 1075 3730 ex
1088 3675 1326 3746 publico
1347 3674 1555 3729 aerario
1588 3690 1796 3728 omnes
1817 3681 2086 3729 constru-

440 3767 656 3822 ctionis
685 3767 986 3837 impensas
1016 3767 1163 3822 ﬁeri.
1194 3765 1638 3822 Concurrebant
1668 3781 1802 3836 ergo
1825 3765 2008 3820 Judaei
2030 3772 2089 3820 et

437 3870 572 3909 cum
625 3855 839 3928 gaudio
872 3871 1082 3927 magno
1121 3871 1268 3925 opus
1301 3854 1794 3927 aggrediebantur
1828 3871 1840 3919 ;
1872 3853 2087 3908 funda-

430 3949 768 3999 mentorum
787 3944 1005 3999 fossam
1037 3944 1330 4013 argenteis
1364 3943 1556 3998 hamis
1589 3950 1646 3997 et
1675 3942 2084 4014 ligonibusfo-

435 4033 690 4101 dientes,
719 4050 792 4089 ea
839 4033 1058 4105 jacturi
1118 4038 1308 4100 erant,
1368 4049 1503 4087 cum
1561 4031 2088 4088 vehementissima

432 4121 670 4178 irruens
701 4122 966 4193 procella
998 4122 1156 4194 quod
1189 4128 1528 4178 excavatum
1543 4121 1739 4176 fuerat
1765 4136 2081 4194 rursusag-

2270 2879 2370 2950 ξη“.
2403 2881 2551 2935 Ἐπεὶ
2585 2877 2644 2934 δὶ
2669 2880 2918 2954 ἀνωτέρω
2977 2879 3275 2955 εἰρήκαμεν
3337 2880 3413 2941 ὡς
3457 2879 3485 2933 ὁ
3533 2870 3790 2951 παραϐάτης

2201 2967 2498 3030 Ἰουλιανὸς
2528 2967 2840 3023 ἀπέστειλεν
2895 2967 2971 3029 εἰς
3025 2967 3396 3040 Ἰεροσόλυμα
3450 2971 3542 3022 τοῦ
3577 2966 3655 3019 τὸν
3701 2963 3791 3016 ναὸν

2195 3061 2304 3111 τῶν
2362 3055 2641 3112 Ἰουδαίων
2701 3054 3268 3128 ἀνοικοδομήσασθαι,
3352 3056 3384 3109 6'
3458 3051 3790 3113 Οὖεσπεσιανὸς

2199 3144 2286 3200 xui
2316 3146 2474 3209 Τίτος
2501 3147 2528 3201 6
2549 3145 2745 3201 τούτου
2776 3146 2895 3208 υἱὸς
2931 3145 3065 3219 μετὰ
3100 3152 3203 3215 τῆς
3262 3145 3486 3208 πόλεως
3511 3144 3594 3198 xui
3646 3141 3792 3196 τοῦτον

2197 3234 2450 3290 καθεῖλον
2499 3235 2588 3288 καὶ
2647 3233 2988 3306 ἐνεπύρισαν,
3037 3233 3218 3298 καθὼς
3281 3234 3601 3309 προείρηκεν
3647 3231 3671 3284 ὁ
3715 3236 3791 3283 Δε-

2200 3324 2405 3394 σπότης
2453 3325 2684 3398 Χριστὸς
2761 3322 2884 3398 περί
2946 3321 3110 3378 αὐτοῦ
3166 3323 3311 3398 πρὸς
3369 3322 3496 3384 τοὺς
3551 3319 3789 3393 θεηγόρους

2197 3413 2361 3468 αὐτοῦ
2395 3412 2659 3486 μαθητὰς,
2684 3411 2766 3466 δτι
2799 3412 2862 3465 οὐ
2923 3413 2998 3483 μή
3055 3410 3212 3485 μείνῃ
3263 3409 3423 3474 λίθος
3483 3409 3646 3465 ἐπίνω
3672 3407 3788 3469 λίθου

2197 3501 2257 3564 ὃς
2312 3503 2376 3556 οὐ
2440 3502 2515 3573 μὴ
2569 3499 2871 3573 καταλυθῇ.
2936 3497 3120 3554 Θέλων
3179 3497 3276 3554 οὖν
3311 3501 3339 3554 ὁ
3385 3499 3676 3574 παράνομος
3717 3495 3787 3552 τὶς

2197 3591 2345 3662 [395]
2370 3593 2465 3644 τοῦ
2499 3592 2736 3664 Χριστοῦ
2776 3589 2957 3660 φωνὰς
3009 3586 3222 3660 ψευδεῖς
3289 3586 3586 3658 ἀποδεῖξαι,
3637 3580 3786 3639 ἐσπου-

2195 3674 2322 3746 δαζε
2363 3679 2600 3750 μάλιστα
2627 3678 2717 3732 τὸν
2750 3676 2876 3732 ναὸν
2913 3675 3253 3750 οἰκοδομεῖν,
3317 3679 3608 3749 προστάξας
3637 3674 3686 3728 ἐκ
3707 3675 3784 3724 τῶν

2195 3764 2479 3840 δημοσίων
2535 3767 2872 3842 πραγμάτιον
2944 3787 3002 3821 τε
3053 3767 3142 3820 καὶ
3201 3767 3516 3841 χρημάτων
3568 3762 3784 3817 ποιεῖςθειι

2192 3862 2363 3911 πᾶσαν
2393 3857 2491 3925 τὴν
2522 3863 2621 3925 τῆς
2653 3853 2955 3928 οἰκοδομῆς
2992 3851 3195 3925 ἔξοδον.
3271 3853 3680 3930 Συνδραμόντων
3715 3848 3782 3903 οὖν

2189 3951 2295 4002 τῶν
2329 3944 2632 4017 Ἰουδαίων,
2663 3945 2754 4000 καὶ
2780 3946 2914 4018 μετὰ
2935 3945 3154 4014 πολλῆς
3197 3953 3301 4013 τῆς
3353 3951 3525 4020 χαρᾶς
3553 3946 3637 3997 τοῦ
3661 3937 3780 4013 ἔργου

2191 4037 2585 4112 ἐναρξαμένων,
2617 4038 2705 4093 καὶ
2755 4038 2853 4105 τήν
2913 4042 3020 4092 τῶν
3059 4035 3334 4110 Θεμελίων
3366 4037 3563 4114 τάφρον
3613 4033 3784 4103 ἐξορντο

2188 4127 2392 4181 τόντων
2429 4125 2689 4198 ἀργυραῖς
2721 4125 2930 4196 ἂμμαις
2986 4124 3076 4178 καὶ
3134 4125 3391 4201 σκάφαις,
3443 4123 3530 4176 καὶ
3580 4119 3690 4178 τοὺς
3714 4127 3782 4178 θε-

437 4213 643 4282 gessit.
677 4213 946 4282 Cumque
977 4211 1212 4284 fulgura
1244 4217 1302 4264 et
1330 4212 1592 4266 tonitrua
1617 4215 1738 4265 tota
1775 4210 1889 4264 ista
1911 4215 2084 4264 nocte

2200 4212 2422 4287 μελίους
2453 4211 2704 4284 ἤμελλον
2747 4207 3214 4279 καταϐάλλεσθαι,
3270 4209 3605 4287 σφοδροτάτη
3633 4226 3783 4307 xm:-

428 4300 1572 4372 demitterentur,appropinquantejam
1589 4300 1683 4354 die
1709 4304 2081 4354 terraemotus

427 4389 619 4445 factus
642 4396 750 4456 est,
785 4391 867 4444 ita
900 4397 962 4444 ut
993 4390 1190 4455 multi,
1224 4389 1401 4443 etiam
1461 4388 1561 4458 qui
1595 4387 1702 4442 sub
1739 4386 1834 4442 dio
1868 4404 2082 4458 perno-

433 4481 1033 4551 ctabant,perierint:
1072 4485 1130 4533 et
1159 4479 1332 4550 ignis,
1360 4494 1429 4532 ex
1485 4478 1705 4548 apertis
1737 4477 2080 4531 fundamen-

433 4570 508 4624 tis
540 4586 882 4640 erumpens,
915 4585 1123 4622 omnes
1154 4567 1544 4636 consumpsit,
1577 4567 1679 4636 qui
1712 4565 1834 4620 illic
1856 4565 2082 4619 inventi

435 4667 592 4716 sunt.
627 4660 886 4732 Contigit
917 4675 1151 4730 quoque
1168 4665 1226 4712 et
1247 4657 1515 4712 civitates
1547 4656 1781 4720 cadere,
1813 4655 2088 4710 videlicet

434 4745 1660 4826 Nicopolim,Neapolim,Eleutheropolim,
1698 4745 2086 4801 Gazamalias-

439 4857 553 4911 que
571 4839 793 4911 plures.
829 4841 900 4893 Et
929 4835 1357 4907 Hierosolymis
1391 4835 1656 4888 Porticus
1687 4833 1835 4888 Elia
1865 4834 2085 4890 multos

429 4929 857 4997 Judzeos,circa
888 4942 1244 4997 synagogam
1278 4923 1640 4990 inventos,in
1663 4924 1896 4977 ruinam
1920 4923 2086 4994 lapsa

433 5019 702 5092 sustulit;
721 5016 1023 5087 simulque
1038 5015 1190 5086 ignis
1207 5013 1403 5069 subito
1426 5027 1746 5082 erumpens
1765 5011 2083 5067 maximam

433 5108 877 5173 multitudinem
910 5103 1256 5174 combussit.
1291 5105 1586 5158 Praeterea
1612 5100 1781 5156 facta)
1821 5105 1961 5156 sunt
1999 5108 2084 5156 te-

505 5249 530 5282 ⁶
559 5251 759 5304 Matth.
790 5267 900 5319 xv.‘,
938 5251 1024 5304 18.
1058 5248 1082 5282 ⁸
1113 5247 1316 5302 Matth.
1351 5261 1502 5312 xxiv,
1527 5247 1580 5298 2.

2189 4303 2274 4379 γὶς
2306 4301 2630 4371 ἐπελθοῦσα,
2659 4303 2722 4356 τὸ
2751 4303 2980 4356 κενωθὲν
3031 4300 3370 4376 ἀντεχώννυ.
3415 4300 3698 4374 Ἀστραπῶν
3745 4289 3784 4344 δὶ

2189 4413 2280 4448 και
2311 4393 2550 4466 βροντῶν
2579 4391 2696 4445 καθ’
2749 4388 2887 4461 ’ὀλην
2946 4389 3157 4459 ἐκείνην
3208 4391 3311 4459 τὴν
3373 4391 3536 4445 νύκτα
3588 4384 3783 4457 συνεχῶς

2191 4481 2718 4557 καταπεμπομένων,
2804 4480 3028 4551 σεισμὸς
3108 4479 3437 4554 ἐγγιζούσης
3494 4477 3667 4532 λοιπὸν
3712 4476 3786 4535 τῆς

2191 4570 2400 4640 ἡμέρας
2434 4566 2667 4642 ἐγένετο,
2701 4566 2838 4620 ὥστε
2867 4565 3115 4627 πολλοὺς
3165 4566 3258 4620 καὶ
3304 4565 3592 4639 ὑπαίθρους
3637 4560 3783 4634 μένον·

2191 4678 2286 4720 τας
2331 4654 2683 4728 ἐναποψῦξαιο
2744 4654 2834 4708 καὶ
2883 4659 2988 4728 πῦρ
3048 4654 3106 4709 ἐκ
3159 4659 3271 4708 τῶν
3327 4654 3680 4730 ὀρυσσομένων
3726 4649 3783 4697 ϐε-

2198 4742 2403 4817 μελίων
2461 4744 2756 4817 ἐξενεχθὲν,
2816 4741 3018 4804 πᾶντας
3098 4743 3226 4802 τοὺς
3288 4741 3591 4819 ερρεθέντας
3653 4735 3781 4791 ἐκεῖσε

2193 4833 2532 4912 κατέφλεξεν
2590 4837 2910 4887 καταπεσεῖν
2959 4829 3018 4886 δὲ
3083 4832 3172 4886 καὶ
3247 4831 3446 4894 πόλεις
3497 4823 3668 4896 συνέϐη
3713 4821 3778 4880 τάξ

2193 4921 2316 4997 περὶ
2365 4920 2694 4990 Νικόπολιν,
2741 4920 2832 4975 καὶ
2891 4920 3191 4993 Νεάπολιν,
3249 4914 3682 4996 Ἐλευθερὸπολίν
3739 4927 3781 4962 τι

2191 5011 2281 5066 καὶ
2314 5012 2507 5080 Γάζαν,
2538 5010 2628 5064 καὶ
2660 5009 2841 5084 ἐτέρας
2887 5008 3135 5071 πλείους·
3196 5010 3335 5064 στοά
3388 5030 3448 5064 τε
3495 5014 3587 5076 τῆς
3627 5001 3777 5059 Allia:

2193 5102 2365 5177 ἤγουν
2401 5098 2789 5174 Ἰερουσαλὴμ,
2875 5100 2910 5168 ἢ
2967 5099 3113 5172 παρὰ
3186 5100 3289 5167 τὴν
3343 5096 3640 5173 συναγωγὴν
3696 5091 3773 5143 τῶν

2015 5364 2239 5420 NOTAE.

510 5493 619 5560 (25)
651 5492 848 5546 Graeca
877 5491 947 5545 ad
1006 5493 1266 5547 litteram
1301 5508 1314 5547 :
1346 5491 1615 5546 vicarium
1661 5487 1890 5560 abeunte
1914 5490 2080 5557 prino

433 5566 682 5633 cipatum
723 5563 1004 5618 Sallustio.
1036 5565 1218 5617 Porro
1249 5563 1534 5619 vicarium
1591 5560 1753 5633 hunc
1785 5559 2083 5630 principa-

432 5630 562 5693 tum
589 5637 982 5704 praferturam
1038 5640 1209 5688 vocat
1254 5633 1628 5698 Ammianus,
1661 5630 1764 5686 lib.
1797 5647 1946 5699 xxvx,
1973 5633 2000 5699 §
2027 5634 2080 5700 5,

2191 5487 2393 5544 dicens
2427 5503 2440 5541 :
2483 5485 2759 5542 Orientem
2805 5486 3027 5556 regebat
3094 5490 3366 5557 potestate
3408 5481 3639 5556 praefecti
3681 5469 3768 5528 Sel-

2187 5561 2404 5644 βαθείας.
2438 5561 2591 5613 Emr.
