4044 6218
226 363 366 426 1317

1553 370 1613 423 8.
1655 368 1962 423 ΔΒἸῈΜΠ
2000 370 2275 425 PASSIO.

3490 380 3632 436 1318

221 492 506 552 Ἰουδαίων
594 490 843 554 πολλοῦς
922 494 1027 545 τῶν
1105 489 1412 566 εἶ’ρημένων
1493 493 1873 566 κατενεχθεῖσα

2001 493 2188 548 nebrze
2222 495 2283 550 in
2315 495 2461 552 locis
2494 497 2664 565 istis;
2699 504 2756 554 et
2782 503 3153 556 terraemotus
3189 503 3451 559 continui
3484 506 3637 562 mul-

218 581 459 639 ἀνεῖλεν
512 586 620 655 πῦρ
678 602 734 636 τε
789 579 1007 656 ἐκραγὲν
1068 577 1315 651 ἀδήλως,
1377 578 1668 641 πλείστους
1730 582 1875 637 Ἰου-

217 671 389 729 δαίων
421 682 766 727 κατέκαυσεν’
798 669 1001 744 ἐγένετο
1048 666 1105 723 δὲ
1160 669 1253 724 καῖ
1308 670 1502 733 σκότος
1557 670 1694 723 κατὰ
1747 667 1874 730 τοὺς

1988 583 2252 654 tiplicem
2314 587 2715 643 calamitatem
2777 590 2952 644 variis
3031 591 3363 646 civitatibus
3416 594 3640 665 injece-

1987 678 2146 727 runt.

215 762 428 823 τόπους
461 760 694 821 ἐκείνους
726 761 816 814 καὶ
849 757 1062 831 σεισμοὶ
1096 763 1364 833 συνεχεῖς,
1398 756 1615 821 πολλάς
1643 758 1849 836 φθαράς
1880 757 1932 813 ἐν
1962 758 2202 822 πολλαῖς
2236 760 2589 836 ἐργασάμενοι
2622 762 2870 822 πόλεσιν,

218 857 233 868 ⁸
307 854 395 926 ξθ’.
429 853 491 910 Ὀ
523 849 580 907 δὲ
612 850 908 912 Ἰουλιανὸς
952 848 1157 924 ἀπάρας
1212 848 1318 903 ἀπὸ
1381 856 1482 919 τῆς
1543 850 1881 924 ’Λντιοχείας

224 942 323 997 σῦν
384 943 543 997 παντὶ
600 945 679 1013 τῷ
739 940 1119 1015 στρατεύματι,
1179 937 1265 993 ἐπὶ
1332 939 1431 1007 τὴν
1492 935 1724 1015 Περσίδα
1774 943 1876 1015 γῆν

220 1032 540 1108 ἑπορεύετο.
585 1031 683 1086 Καὶ
738 1032 837 1101 τήν
896 1033 1251 1105 Κτησιφῶντα
1309 1026 1471 1083 πόλιν
1530 1023 1875 1098 καταλαϐὼν,

220 1122 402 1179 ἐδόκει
432 1143 486 1177 τι
542 1122 679 1196 μέγα
730 1116 1159 1193 διαπραξάμενος
1208 1115 1384 1193 ἔργον,
1439 1116 1519 1194 ἐφ’
1567 1116 1719 1193 ἔτερα
1783 1139 1880 1190 με-

222 1206 499 1267 ταϐαίνειν
531 1210 835 1285 κρείττονα.
868 1206 1100 1271 ’Έλαθεν
1151 1204 1209 1261 δὲ
1257 1206 1415 1262 αὐτὸν
1462 1205 1816 1277 ἐξαπατηθεὶς
1848 1209 1876 1262 ὁ

223 1300 574 1372 παμμίαρος.
628 1297 845 1363 Ἔρωτα
880 1295 979 1369 γὰρ
1040 1288 1358 1349 διαϐολικὸν
1413 1300 1513 1362 τῆς
1564 1291 1874 1367 εἷδωλομα-

222 1390 347 1449 νίας
379 1386 801 1458 ένκτησάμενος,
850 1384 941 1438 καὶ
993 1382 1219 1444 ἐλπίσας
1271 1381 1360 1437 διά
1411 1383 1504 1455 μὲν
1553 1387 1661 1437 τῶν
1705 1382 1875 1437 ἀθέων

226 1483 372 1542 θεῶν
404 1476 570 1532 αὐτοῦ
601 1474 971 1549 πολυχρόνιον
1003 1474 1103 1540 τήν
1136 1472 1410 1548 βασιλείαν
1444 1474 1608 1542 ἄξειν,
1641 1473 1729 1527 καὶ
1755 1473 1874 1528 νέον

220 1566 473 1642 γενέσθαι
506 1561 879 1637 Ἀλέξανδρον,
913 1559 1278 1637 περιγενέσθαι
1340 1561 1397 1617 δὲ
1442 1566 1531 1616 καί
1577 1568 1684 1618 τῶν
1741 1569 1877 1640 Περ-

226 1662 365 1724 σῶν,
424 1656 513 1709 καὶ
567 1654 628 1709 τὸ
683 1658 790 1707 τῶν
846 1655 1178 1724 Χριστιανῶν
1239 1651 1534 1727 ἐξαλείφειν
1594 1652 1667 1715 εῗς
1742 1656 1877 1709 ἅπαν

230 1749 386 1820 [396]
446 1744 600 1821 γένος
653 1744 742 1798 καὶ
802 1738 996 1815 ὄνομα,
1058 1743 1265 1815 ἐξέπεσε
1341 1746 1439 1812 τῆς
1532 1742 1878 1822 ὑπερηφάνου

230 1832 501 1895 διανοίας’
533 1834 746 1908 γέροντι
777 1834 880 1907 γάρ
912 1831 1151 1906 ἐντυχὼν
1184 1830 1359 1906 Πέρσῃ
1404 1833 1489 1887 καὶ
1542 1835 1670 1906 παρ’
1714 1832 1880 1889 αὐτοῦ

2060 853 2146 906 69.
2180 853 2450 908 Julianus
2482 860 2679 909 autem
2710 873 2844 911 cum
2890 857 3164 912 universo
3216 859 3477 914 exercitu
3510 862 3641 915 An-

1988 940 2206 996 tiochia
2238 943 2625 1013 profectus,in
2663 946 2952 1001 Persicam
2985 947 3286 1019 regionem
3320 948 3432 1003 iter
3461 949 3644 1005 facie-

1988 1028 2106 1083 bat.
2141 1031 2371 1086 Potitus
2419 1032 2565 1087 urbe
2617 1034 3022 1105 Ctesiphonte,
3058 1035 3366 1091 videbatur
3397 1038 3506 1092 sibi
3540 1038 3639 1093 ali-

1989 1118 2131 1188 quid
2160 1121 2358 1193 magni
2390 1121 2600 1177 fecisse
2635 1130 2691 1177 et
2720 1123 2793 1178 ad
2827 1124 2945 1179 alia
2968 1126 3223 1196 majoraj
3237 1142 3331 1180 am
3364 1128 3638 1183 transire.

1986 1212 2111 1263 Non
2144 1210 2303 1265 enim
2336 1212 2705 1285 intelligebat
2736 1230 2797 1268 se
2832 1215 3026 1285 decipi
3060 1215 3285 1269 infelix.
3318 1218 3460 1270 Nam
3514 1218 3640 1272 dia-

1986 1297 2178 1353 bolico
2212 1300 2560 1356 idololatriae
2586 1319 2788 1357 amore
2817 1309 3183 1374 captus,cum
3219 1313 3515 1375 sperasset
3534 1306 3639 1362 fal-

1980 1403 2187 1441 sorum
2212 1388 2458 1444 deorum
2480 1407 2659 1461 opera
2674 1391 2998 1463 longaevum
3015 1393 3125 1447 sibi
3147 1392 3270 1447 fore
3292 1394 3632 1465 imperium,

1987 1481 2046 1529 et
2074 1493 2291 1532 novum
2315 1495 2374 1532 se
2406 1479 2670 1534 futurum
2696 1480 3318 1548 Alexandrum,relata
3346 1484 3416 1537 de
3444 1485 3633 1539 Persis

1985 1567 2229 1622 victoria
2260 1574 2318 1622 et
2346 1570 2814 1625 Christianorum
2846 1589 3061 1643 genere
3094 1589 3161 1627 ac
3215 1574 3459 1627 nomine
3514 1576 3648 1629 stir-

1987 1654 2144 1724 pitus
2174 1655 2630 1724 deleto,excidit
2673 1661 2945 1730 superbis
3000 1662 3482 1733 cogitationibus.
3534 1664 3641 1718 Fa-

1988 1749 2116 1798 ctus
2148 1744 2301 1799 enim
2337 1746 2539 1801 obvius
2574 1749 2698 1802 seni
2732 1750 2964 1803 cuidam
2998 1750 3303 1817 Persae,ab
3337 1750 3439 1804 illo
3467 1750 3642 1807 dece-

1990 1839 2125 1904 ptus
2157 1833 2284 1888 fuit.
2318 1835 2425 1899 Qui
2475 1853 2580 1907 per
2625 1838 2883 1908 speciem
2933 1839 3204 1893 tradendi
3257 1839 3385 1894 sine
3439 1840 3642 1895 labore

232 1922 537 1993 éuzmmic
587 1926 675 1993 (Γ),
734 1922 871 1976 ὥστε
925 1921 992 1975 τὰ
1053 1918 1299 1994 βασίλεια
1353 1925 1461 1975 τῶν
1522 1925 1740 1995 Περσῶν
1789 1922 1879 1977 καὶ

297 2011 308 2022 .
482 2012 496 2022 .
610 2010 630 2022 ς
681 2014 706 2022 -
875 2010 887 2022 .
1086 2008 1098 2022 .
1300 2007 1318 2022 κ
1357 2011 1399 2022 ,.
1487 2020 1496 2022 μ
1645 2008 1659 2022 .
1703 2005 1755 2022 η,
1796 2009 1814 2022 .

2001 1923 2214 1993 regalia
2262 1925 2575 1978 Persarum
2629 1934 2983 1983 ornamenta
3034 1934 3090 1982 et
3139 1945 3345 1983 omnes
3390 1929 3648 1997 divitias,

233 2011 413 2067 πάντα
442 2012 535 2067 τὸν
568 2010 804 2065 πλοῦτον
864 2008 1102 2084 ἀμογητὶ
1152 2007 1587 2082 παραλήψεσθαι,
1641 2005 1886 2065 ἐνέϐαλεν

228 2100 395 2156 αὐτὸν
454 2099 543 2155 ἐπὶ
602 2101 702 2168 τήν
735 2095 1087 2171 Καρμανῖτην
1144 2094 1350 2172 ἔρημον
1410 2097 1489 2161 εἷς
1543 2095 1759 2160 ἀνοδίας
1801 2100 1890 2154 καὶ

232 2191 482 2265 βάραθρα
512 2188 599 2244 καὶ
632 2188 709 2249 εἷς
759 2187 1000 2262 ἐρήμους
1050 2187 1137 2241 καὶ
1191 2184 1455 2261 ἀνύδρους
1503 2187 1706 2250 τόπους
1759 2189 1893 2260 μετᾶ

224 2279 435 2340 παντὸς
464 2283 561 2332 τοῦ
589 2277 1022 2350 στρατεύματος,
1053 2275 1140 2329 καὶ
1201 2273 1328 2348 δίψῃ
1377 2275 1466 2329 καὶ
1513 2273 1665 2348 λιμῷ
1704 2278 1892 2339 πιέσας

225 2366 572 2433 αὐτοὺς,καὶ
621 2370 790 2419 πᾶσαν
848 2365 947 2432 τὴν
1002 2364 1175 2418 ἳππον
1231 2362 1611 2426 ἔναποκτείνας
1660 2364 1889 2437 ὡμολόο

224 2477 398 2530 γησεν
432 2458 459 2510 6
514 2456 723 2529 Πέρσης
784 2453 1047 2517 ἑκουσίως
1101 2451 1299 2517 αὐτοὺς
1362 2453 1787 2523 πεπλανηκέναι,
1819 2456 1892 2517 ὡς

232 2544 295 2599 ἂν
328 2544 669 2623 διαφθαρεῖεν
705 2544 794 2598 ὑπ’
844 2542 1029 2607 αὐτοῦ,
1087 2543 1177 2597 καὶ
1240 2545 1315 2615 μή
1376 2544 1476 2612 τήν
1533 2543 1726 2598 ἑαυτοῦ
1783 2564 1890 2598 πα-

235 2632 399 2706 τρίδα
431 2632 807 2706 πορθουμένην
844 2632 947 2686 ὑπὸ
976 2636 1081 2685 τῶν
1116 2631 1384 2706 ἐχθίστων
1439 2630 1708 2695 θεᾶσοιτο.
1756 2636 1891 2686 Τοῦ.

233 2744 334 2777 τον
371 2723 463 2796 μὲν
531 2723 623 2777 οὗν
682 2720 986 2795 παραυτίκα
1041 2718 1281 2793 μεληδὸν
1332 2721 1760 2793 κατακόψαντες,
1814 2724 1894 2791 τῷ

239 2813 455 2884 θανάτῳ
484 2810 861 2886 παρέπεμψαν*
897 2808 1091 2874 εὐθέως
1152 2806 1209 2863 δὲ
1254 2808 1345 2863 καὶ
1397 2810 1531 2881 μετὰ
1587 2815 1686 2877 τῆς
1731 2806 1891 2877 τηλι-

228 2901 442 2972 καύτης
467 2899 867 2973 ταλαιπωρίας,
900 2900 1193 2960 πίπτοντες
1218 2894 1437 2958 ἄκοντες
1465 2902 1545 2968 τῷ
1599 2901 1709 2952 τῶν
1760 2903 1894 2970 Περ-

232 2993 350 3043 σῶν
411 2988 789 3063 στρατεύματι,
849 2986 937 3041 καὶ
998 2980 1292 3058 συμϐολῆς
1351 2985 1671 3061 γενομένης,
1732 2985 1892 3047 αὐτὸς

236 3074 538 3139 Ἰουλιανὸς
566 3075 699 3149 τῇδε
749 3077 903 3131 κάκεῖ
962 3072 1266 3150 διατρέχων
1314 3074 1404 3128 καὶ
1456 3072 1893 3147 διαταττόμενος,

225 3166 547 3236 περιπίπτει
608 3164 816 3241 δόρατι,
876 3166 951 3226 ὡς
1014 3163 1110 3237 μέν
1163 3184 1308 3225 τινες
1366 3161 1650 3240 φάσκουσι,
1730 3183 1892 3241 στραέ

226 3257 457 3311 τιώτου·
495 3256 569 3319 ὡς
610 3253 665 3310 δὲ
712 3251 899 3323 ἄλλοι,
941 3256 1251 3328 σαρακηνοῦ
1298 3256 1405 3307 τῶν
1457 3256 1696 3324 Περσῶψ
1751 3251 1823 3313 ὡς
1847 3240 1892 3305 δ’

228 3348 258 3401 6
290 3316 640 3420 Χριστιανῶν
694 3344 720 3397 6
770 3316 985 3412 ἀληθὴς
1010 3316 1147 3396 ’καὶ-
1172 3342 1443 3416 ἡμέτερος
1495 3316 1731 3413 [λόγος],
1790 3344 1887 3394 τοῦ
1918 3316 1960 3382 C

221 3434 509 3490 Δεσπότου
565 3435 803 3507 Χριστοῦ
848 3428 1269 3502 ἀντιταξαμένου
1331 3428 1500 3500 αὐτῷ.
1562 3428 1731 3498 Τόξον
1784 3427 1886 3503 γὰρ

216 3525 447 3600 ἀθρόως
479 3523 584 3578 ἀπὸ
616 3526 710 3577 τοῦ
762 3522 917 3594 ἀέρος
968 3520 1176 3574 ένταθέν
1227 3519 1318 3573 καὶ
1383 3518 1543 3592 βέλος
1591 3516 1675 3572 ἐπ’
1727 3517 1886 3572 αὐτὸν

221 3616 307 3675 ὡς
341 3614 429 3667 ἐπὶ
460 3612 661 3666 σκοπὸν
697 3611 869 3686 ἀφιὲν,
900 3609 990 3662 καὶ
1024 3606 1113 3662 διὰ
1161 3612 1267 3662 τῶν
1318 3606 1562 3681 λαγόνων
1615 3608 1888 3681 ὁρμῆσαν,

226 3700 535 3773 διαμπερὲς
597 3695 826 3771 ἔτρωσεν
885 3696 1046 3751 αὑτὸν
1108 3694 1185 3757 είς
1236 3696 1304 3749 τά
1362 3691 1722 3768 ὑποχόνδρια.
1794 3694 1889 3748 Καὶ

218 3790 544 3861 ἀνοιμώξας
577 3782 711 3862 βαρύ
762 3806 820 3840 τε
872 3784 961 3838 καὶ
1025 3781 1286 3857 δυσηχὲς,
1345 3780 1491 3854 ἔδοξε
1542 3782 1635 3836 τὸν
1695 3781 1888 3857 Κύριον

217 3882 393 3951 ἡμῶν
450 3878 659 3946 Ἰησοῦν
716 3874 956 3949 Χριστὸν
1017 3872 1254 3927 ἐνώπιον
1310 3871 1474 3927 αὐτοῦ
1531 3872 1744 3925 ἑστάναι
1802 3872 1891 3926 καὶ

225 3964 538 4039 έπεγγελᾷν
573 3963 739 4035 αὐτῷ’
776 3964 804 4016 6
837 3959 895 4015 δὲ
947 3960 1172 4021 σκότους
1228 3959 1316 4013 καὶ
1382 3958 1573 4031 μανίας
1624 3957 1891 4029 πλησθεῖς

230 4053 531 4126 δεξάμενος
562 4056 631 4126 τῇ
674 4050 824 4127 χειρὶ
882 4050 945 4104 τὸ
999 4047 1134 4104 ἴδιον
1185 4051 1322 4121 αἷμα
1368 4046 1456 4102 καὶ
1508 4046 1583 4109 είς
1629 4049 1721 4102 τὸν
1764 4049 1894 4124 ἀέρα

226 4143 419 4221 ῥάνας,
451 4142 587 4214 πρὸς
642 4144 710 4214 τῇ
762 4138 967 4212 ἐκπνοῇ
1021 4138 1339 4213 γενόμενος,
1384 4136 1636 4210 ἀνέκραξε
1694 4135 1892 4211 λέγων’

228 4232 559 4301 Νενίοιηγας.
592 4229 813 4303 Χριστὶ,
846 4228 1204 4302 χορτάσθητι,
1242 4224 1541 4281 Γαλιλαῖεῐ
1578 4224 1673 4279 Καὶ
1724 4223 1897 4289 οὕτως

1995 2012 2202 2081 injecit
2222 2028 2357 2066 eum
2386 2018 2519 2067 cum
2552 2015 2825 2069 universo
2870 2017 3131 2071 exercitu
3182 2017 3244 2070 in
3291 2018 3648 2071 Carmaniti-

1994 2116 2125 2155 cam
2154 2100 2560 2171 solitudinem,
2604 2104 2664 2157 in
2713 2104 2843 2159 loca
2892 2106 3046 2160 invia
3097 2112 3155 2160 et
3183 2106 3551 2177 voraginosa,
3584 2105 3648 2159 in

1992 2188 2264 2259 regiones
2297 2189 2561 2244 desertas
2593 2197 2651 2244 et
2702 2192 3041 2262 inaquosas.
3095 2194 3360 2264 Cumque
3404 2193 3558 2249 fame
3590 2199 3651 2248 et

1996 2278 2091 2331 siti
2125 2279 2522 2348 oppressisset
2569 2295 2669 2333 eos
2702 2282 2901 2347 Persa,
2941 2282 3165 2352 totique
3200 2284 3487 2353 equitatui
3523 2282 3644 2335 exi-

1998 2365 2145 2419 tium
2179 2372 2604 2437 comparasset,
2648 2367 2843 2422 fassus
2889 2374 2977 2423 est
3025 2385 3087 2423 se
3119 2370 3448 2425 voluntarie
3480 2386 3581 2424 eos
3613 2386 3647 2424 a

1994 2459 2157 2508 recta
2178 2455 2270 2508 via
2302 2454 2637 2523 deduxisse,
2672 2464 2735 2510 ut
2763 2458 3134 2528 disperderet
3187 2477 3310 2526 eos,
3361 2465 3418 2514 et
3446 2475 3519 2513 ne
3548 2474 3650 2529 pa-

1998 2541 2175 2595 triam
2208 2559 2377 2596 suam
2409 2544 2831 2599 infensissimis
2863 2547 3133 2603 hostibus
3164 2554 3450 2603 vastatam
3498 2547 3653 2602 vide-

2000 2634 2110 2683 ret.
2146 2631 2309 2685 Hunc
2342 2632 2582 2701 quidem
2617 2634 2745 2687 sine
2796 2650 2964 2689 mora
3013 2637 3387 2690 membratim
3429 2635 3657 2690 discer-

1997 2723 2164 2788 ptum
2196 2726 2384 2773 morte
2438 2721 2805 2788 affecerunt;
2857 2724 3057 2777 statim
3100 2740 3233 2778 vero
3264 2729 3397 2794 post
3426 2728 3653 2777 tantam

1998 2805 2397 2861 calamitatem
2434 2808 2492 2861 in
2524 2811 2839 2864 Persarum
2890 2812 3214 2866 exercitum
3246 2812 3411 2864 inviti
3444 2826 3651 2864 occur-

1998 2899 2161 2959 runt,
2198 2900 2257 2948 et
2284 2912 2480 2967 pugna
2511 2897 2679 2967 inita,
2714 2897 2839 2964 ipse
2864 2899 3159 2966 Julianus,
3193 2899 3332 2953 dum
3377 2913 3648 2969 puocun-

2000 2998 2114 3052 que
2145 2981 2428 3036 discurrit
2458 2990 2517 3038 et
2547 2986 2746 3040 omnia
2776 2986 3061 3058 disponit,
3117 2986 3275 3041 cadit
3302 2986 3647 3041 vulneratus

1999 3069 2227 3137 lancea,
2260 3077 2326 3125 ut
2354 3074 2632 3128 nonnulli
2666 3074 2896 3137 dicunt,
2928 3075 3156 3140 militis,
3193 3079 3295 3129 aut
3336 3076 3647 3128 Persarum

2000 3160 2236 3226 missili,
2271 3166 2336 3215 ut
2363 3162 2496 3217 aliis
2528 3163 2760 3234 placet;
2796 3164 2900 3219 sed
2932 3164 3263 3219 secundum
3294 3163 3652 3217 Christiano-

1999 3266 2131 3302 rum
2165 3252 2758 3318 sententiam,veram
2792 3254 2999 3323 utique
3030 3270 3097 3308 ac
3126 3259 3458 3320 nostram,a
3490 3252 3655 3306 Chri-

2001 3342 2089 3392 sto
2122 3338 2393 3408 Domino,
2427 3342 2525 3410 qui
2560 3340 2614 3395 ei
2648 3342 3091 3398 adversabatur.
3122 3342 3327 3397 Telum
3360 3342 3520 3396 enim
3568 3356 3656 3394 re-

1999 3427 2240 3497 pentine
2272 3445 2341 3483 ex
2372 3446 2506 3484 aere
2537 3432 2957 3502 projectum,et
2990 3434 3203 3505 sagitta
3224 3432 3284 3485 in
3318 3447 3453 3486 eum
3484 3428 3653 3501 quasi

2001 3515 2061 3569 in
2092 3533 2335 3586 scopum
2368 3519 2657 3587 immissa,
2713 3521 2900 3591 ipsius
2949 3522 3137 3577 latera
3184 3520 3534 3592 penetravit,
3593 3521 3653 3571 et

2001 3604 2405 3675 bypocondria
2433 3625 2676 3678 prorsus
2698 3610 3243 3682 perfodit.Ejulanti
3264 3617 3460 3664 autem
3483 3608 3654 3663 vehe-

2000 3699 2233 3748 menter
2262 3701 2322 3750 et
2363 3697 2703 3753 acutissime
2752 3700 3063 3755 videbatur
3112 3700 3399 3754 Dominus
3451 3704 3655 3753 noster

2000 3782 2168 3837 Jesus
2199 3784 2465 3840 Christus
2497 3792 2650 3841 stare
2690 3804 2757 3842 ex
2789 3789 3055 3845 adverso.
3088 3790 3221 3860 Ipse
3253 3804 3392 3842 vero
3425 3788 3661 3842 insania

2004 3878 2064 3927 et
2090 3873 2289 3930 furore
2319 3878 2599 3948 percitus,
2630 3896 2810 3935 manu
2860 3898 2967 3936 sua
3012 3881 3326 3953 proprium
3372 3881 3660 3952 colligens

2004 3965 2379 4035 sanguinem,
2412 3984 2664 4039 eumque
2696 3970 2754 4023 in
2799 3970 2981 4025 altum
3029 3971 3660 4042 pro_1iciens,jamiam

2006 4057 2334 4108 extremum
2368 4056 2641 4126 spiritum
2673 4058 3037 4123 redditurus,
3081 4058 3465 4113 exclamavit:
3500 4057 3656 4111 Vici-

2007 4143 2102 4207 sti,
2137 4143 2402 4210 Christe;
2446 4146 2680 4215 satiare,
2730 4147 2965 4202 Galilaee
2994 4146 3005 4199 ι
3042 4148 3135 4201 Sic
3168 4147 3427 4217 pessima
3457 4150 3645 4199 morte

2009 4230 2228 4287 efflavit
2247 4233 2684 4301 animum,deos
2696 4251 2835 4289 suos
2856 4235 3020 4289 omni
3045 4234 3307 4289 convicio
3326 4234 3650 4289 insectans.

226 4323 332 4377 τὸν
364 4318 615 4394 ἔχθιστον
649 4320 875 4381 θάνατον
908 4310 1256 4381 καταλαϐὼν,
1288 4315 1616 4388 κατέστρεψε
1644 4314 1736 4367 τὸν
1770 4312 1907 4388 βίόν,
1937 4318 2064 4379 τοὺς
2092 4318 2256 4372 αὐτοῦ
2286 4319 2439 4382 θεοὺς
2464 4319 2648 4374 πολλᾶ
2676 4318 3168 4393 λοιδορησάμενος.

316 4415 379 4465 o'.
410 4411 521 4465 Τοῦ
555 4406 611 4462 δὲ
655 4401 971 4481 ΙΙαραϐάτου
1026 4402 1284 4465 πεσόντος
1340 4401 1393 4456 ἐν
1438 4406 1517 4472 τῷ
1579 4403 1897 4476 μεταιχμίῳ

233 4503 341 4554 τοῦ
391 4499 538 4570 [397]
599 4491 987 4570 στρατοπέδου,
1040 4487 1298 4552 Ἰοϐιανὸς
1360 4490 1743 4565 ἀναγορεύεται
1799 4493 1898 4564 βα-

238 4585 431 4647 σιλεὺς
464 4586 569 4640 ὑπὸ
595 4588 692 4639 τοῦ
744 4578 1110 4659 στρατοπέδου
1169 4583 1268 4652 (9)·
1326 4579 1418 4633 καὶ
1476 4576 1711 4639 σπονδὰς
1761 4582 1895 4653 πρὸς

2080 4410 2167 4461 70.
2199 4410 2343 4462 Cum
2374 4410 2687 4464 cecidisset
2715 4412 2997 4481 Apostata
3026 4412 3184 4466 inter
3224 4409 3454 4465 medios
3485 4426 3651 4464 exer-

2006 4497 2180 4563 citus,
2229 4498 2504 4552 Jovianus
2552 4499 2878 4569 imperator
2927 4500 3218 4555 salutatur
3263 4516 3297 4554 a
3343 4497 3653 4554 militibus.

2010 4585 2117 4648 Qui
2153 4601 2286 4639 cum
2320 4587 2515 4641 Persis
2543 4604 2749 4658 pacem
2786 4590 3141 4661 composuit,
3175 4587 3360 4645 Nisibi
3406 4588 3533 4642 sine
3567 4588 3656 4642 in-

239 4680 341 4732 τὸν
376 4676 586 4746 Πέρσην
620 4673 894 4747 εἰρηνικὰς
934 4678 1326 4740 ποιησάμενος,
1375 4669 1472 4735 τήν
1525 4663 1741 4722 Νίσιϐιν
1784 4690 1888 4722 πα-

2008 4676 2153 4730 colis
2178 4677 2263 4731 eis
2296 4678 2530 4747 tradita,
2580 4686 2638 4734 et
2687 4681 2770 4735 sic
2817 4682 3156 4752 expeditum
3202 4698 3263 4735 se
3306 4680 3479 4746 fecit;
3518 4694 3656 4733 nam

240 4763 451 4841 ραδοὺς
516 4769 633 4824 τοῖς
682 4761 872 4835 ιιέρσις
932 4759 1054 4814 ἃνευ
1106 4763 1215 4812 τῶν
1291 4752 1618 4830 οἰκητόρων,
1679 4754 1900 4825 ἐξῆλθεν

236 4854 466 4910 ἐκεῖθεν·
498 4853 527 4906 6
556 4851 657 4927 γὰρ
690 4850 917 4925 στρατὸς
974 4847 1127 4919 λιμῷ
1174 4846 1263 4900 καὶ
1309 4846 1493 4917 λοιμῷ
1543 4842 1894 4921 διεφθείρετο.

241 4942 459 5000 Ἐλθὼν
504 4939 561 4995 δὲ
620 4939 778 5000 αὐτὸς
838 4938 923 4992 ἐπὶ
982 4944 1081 5005 τῆς
1136 4939 1245 4989 τῶν
1300 4934 1586 5005 Ῥωμαίων
1646 4941 1772 5008 γῆς,
1828 4939 1898 5009 τῇ

236 5036 350 5086 τῶν
385 5032 769 5102 Ἀνομοιητῶν
803 5027 1006 5099 αἱρέσει
1039 5025 1365 5100 προσετέθη,
1414 5019 1580 5095 ¹ἤγουν
1636 5022 1898 5095 Εὐνομιαο

239 5127 378 5179 νῶν·
414 5120 719 5198 φθάσαντος
753 5117 811 5174 δέ
870 5119 1033 5173 αὐτοῦ
1088 5117 1186 5184 τήν
1244 5112 1550 5182 Γαλατικὴν
1608 5113 1896 5192 ἐπαρχίαν,

238 5208 434 5264 αὐτόθι
464 5207 514 5262 ἐν
550 5206 909 5268 Δαδαστάνοις
949 5201 1000 5259 ἓν
1056 5226 1164 5259 τινι
1225 5200 1443 5277 χωρίῳ,
1502 5201 1644 5257 οὕτω
1691 5202 1897 5259 καλου-

244 5299 420 5372 μένῳ,
452 5294 603 5374 ἄφνω
660 5296 1014 5369 καταστρέφει
1059 5295 1152 5347 τὸν
1208 5291 1348 5366 βίον·
1390 5290 1479 5343 καὶ
1532 5290 1737 5363 μένειὸ
1769 5293 1901 5359 λαὸς

236 5381 599 5449 ἀϐασίλευτος
653 5385 862 5459 ἡμέρας
910 5382 1335 5457 τεσσαράκοντα,
1390 5377 1555 5453 ἂχρις
1585 5380 1647 5433 οὗ
1706 5380 1895 5446 ἐλθόν-

240 5496 333 5538 τες
384 5473 436 5531 ἐν
492 5474 711 5546 Νικαίᾳ,
769 5470 1218 5531 Οὐαλεντινιανὸν
1279 5466 1670 5543 ἀνηγόρευσαν,
1730 5471 1791 5528 'O
1842 5469 1899 5527 δὲ

2008 4766 2301 4821 exercitus
2332 4773 2493 4837 peste
2526 4784 2591 4822 ac
2622 4768 2777 4824 fame
2809 4771 3056 4841 peribat.
3106 4774 3425 4841 Postquam
3456 4774 3652 4823 autem

2007 4855 2069 4909 in
2102 4856 2500 4912 Romanorum
2524 4862 2741 4914 terram
2792 4860 3047 4923 advenit.
3097 4862 3516 4915 Anommorum
3551 4871 3655 4911 seu

2008 4944 2512 4999 Eunomianorum
2549 4947 2757 5003 haeresi
2782 4949 3125 5004 adhaesitEt
3154 4966 3288 5003 cum
3316 4950 3658 5019 peragraret

2009 5032 2329 5087 Galaticam
2394 5037 2780 5105 provinciam,
2841 5038 2901 5092 in
2953 5038 3130 5110 hujus
3190 5038 3316 5093 vico
3374 5035 3657 5107 quodam,

2008 5122 2358 5177 Dadastanis
2404 5131 2630 5191 vocato,
2678 5132 2923 5197 repente
2970 5133 3239 5181 mortuus
3290 5132 3397 5182 est.
3446 5123 3664 5179 Mansit

2006 5211 2260 5282 populus
2281 5214 2410 5284 sine
2434 5214 2789 5286 imperatore
2814 5215 3021 5271 diebus
3044 5216 3453 5289 quadraginta,
3473 5214 3665 5281 doneg

2007 5300 2214 5353 Nicaea;
2233 5302 2537 5356 constituti
2567 5304 3045 5359 Valentinianum
3069 5302 3665 5365 salutassent.Valen-

2008 5388 2275 5443 tinianus
2335 5397 2534 5445 autem
2584 5394 2889 5463 proprium
2945 5394 3188 5449 fratrem
3238 5395 3657 5465 imperatorem

2007 5477 2357 5549 proclamat,
2391 5479 2484 5535 die
2520 5481 2727 5551 quinta
2770 5482 3062 5538 Kalendas
3110 5484 3320 5550 Martii,
3369 5488 3503 5555 post
3530 5481 3657 5535 dies

1841 5600 1885 5652 Ν
1891 5600 2063 5656 ΟΤΕ.

314 5702 386 5773 (j)
419 5700 770 5773 Philostorg.
802 5698 915 5753 loc.
950 5696 1046 5753 cit.

2078 5700 2163 5772 (ρ)
2194 5701 2549 5777 Philostrog.
2580 5703 2728 5778 frag.
2763 5705 2865 5763 lib.
2899 5724 3010 5764 τω.
