4044 6218
452 339 590 395 1349
1972 331 2012 379 Δ
2025 329 2337 384 DDBNDA.
3677 337 3783 394 1320

448 462 688 536 triginta
717 460 865 515 duos
897 457 1132 529 imperii
1167 455 1766 511 sui.Valentinianum
1789 468 1925 524 ergo
1954 468 2045 506 cor

2210 449 2658 512 Οὐαλεντινιανὸς
2686 451 2778 506 τόν
2838 449 2977 506 ἴδιον
3038 447 3273 529 ἀδελφὸν
3334 453 3627 529 ἀναγορεύει
3670 460 3792 531 βασι-

446 552 748 607 venientes
781 548 1041 619 episcopi
1074 563 1238 618 puras
1271 551 1328 599 et
1380 550 1553 599 rectas
1604 542 1763 606 ﬁdei,
1800 542 2043 613 petierul

2211 539 2308 593 λέα
2337 543 2405 613 τῇ
2438 542 2543 614 πρὸ
2601 539 2758 595 πέντε
2818 537 3111 596 Καλανδῶν
3173 542 3450 613 Μαρτίων,
3510 545 3629 615 μετᾶ
3678 549 3792 620 τριά-

449 641 575 695 fieri
610 637 921 710 synodum.
958 636 1063 700 Qui
1096 634 1445 705 respondit:
1483 633 1620 686 Mihi
1656 632 1895 702 quidem
1940 630 2046 685 ded

2214 648 2382 681 κοντα
2408 627 2494 681 καὶ
2529 626 2623 682 δύο
2654 628 2865 703 ἡμέρας
2896 632 2995 693 τῆς
3046 628 3210 683 αὐτοῦ
3265 627 3551 703 βασιλείας.
3602 632 3796 687 Diale-a-

450 730 602 783 Deus
631 726 923 781 dominari
953 724 1129 779 rebus
1182 723 1405 787 saaculi,
1459 722 1622 776 vobis
1671 728 1870 776 autem
1900 720 2047 775 Εοοι‹

2210 721 2427 786 τινιανῷ
2458 715 2638 770 τοίνυν
2671 715 2987 792 ἐντυχόντες
3040 718 3091 771 οἱ
3142 716 3425 772 ἐπίσκοποι
3472 725 3567 788 τῆς
3606 729 3794 797 καθαρᾶς

447 817 550 871 siis
578 834 591 881 ;
620 816 693 871 ad
739 831 833 870 me
868 814 1019 868 nihil
1043 813 1202 867 istud
1245 813 1477 878 attinet;
1511 828 1626 881 quo
1656 827 1791 882 ergo
1824 810 1987 863 vobis
2016 826 2044 861 v

2210 805 2299 859 καὶ
2335 805 2500 877 ὀρθῆς
2530 806 2785 872 πίστεως,
2818 806 3093 880 ᾐτήσαντο
3147 806 3390 881 γενέσθαι
3448 806 3674 865 σύνοδον.
3722 812 3792 864 Καὶ

444 922 575 960 sum
606 905 786 959 fuerit
818 902 1449 975 congressi,synodum
1485 900 1800 955 celebrate.
1842 900 1960 953 Hoc
1990 898 2041 953 fu

2210 893 2474 969 ἀπεκρίθη
2510 895 2719 964 αὐτοῖς,
2781 896 2864 949 ὅτι
2918 894 3100 967 Ἐμοὶ,
3156 895 3252 968 μὶν
3282 896 3309 950 ὁ
3340 896 3466 957 Θεὸς
3513 894 3686 952 ἔδωκεν
3729 896 3795 971 ἄρ-

445 1010 802 1064 responsum
826 998 985 1046 recta
1006 991 1200 1045 adhuc
1226 996 1283 1044 et
1303 989 1572 1044 nondum
1596 994 1873 1059 corrupta
1900 1004 2036 1042 men

2209 1003 2330 1057 χειν
2360 988 2467 1038 τῶν
2494 987 2592 1037 τοῦ
2623 984 2839 1057 κόσμου
2868 985 3236 1059 πραγμάτων,
3295 985 3423 1056 ὑμῖν
3474 984 3528 1039 δὶ
3570 992 3664 1040 τῶν
3708 989 3794 1043 Ἐκ-

443 1080 1157 1138 fruentis.Convenientes
1192 1080 1371 1151 igitur
1396 1078 1653 1149 episcopi
1688 1078 2040 1147 Lampsacur

2207 1070 2476 1143 κλησιῶν·
2538 1072 2642 1145 ἐγὼ
2700 1072 2881 1127 τοίνυν
2942 1072 3019 1134 εἰς
3070 1076 3234 1127 τοῦτο
3290 1073 3351 1127 τὸ
3409 1080 3620 1149 πρᾶγμα
3681 1073 3797 1129 οὐδὲν

448 1170 815 1241 Hellesponti
839 1170 1158 1237 civitatem,
1193 1168 1332 1222 ﬁdei
1365 1174 1539 1221 recta:
1563 1166 1838 1237 dogmata
1865 1181 1970 1235 per
1999 1180 2045 1219 ca

2207 1160 2341 1238 ἔχω·
2378 1162 2515 1217 ὅπου
2547 1161 2637 1217 οὖν
2687 1160 2841 1218 δοκεῖ
2886 1163 3041 1236 ὑμῖν,
3096 1162 3443 1227 συνελθόντες
3488 1166 3580 1232 τήν
3625 1164 3800 1220 σύνοδον

444 1261 567 1332 pita
597 1261 1055 1332 recollegerunt.
1091 1261 1159 1312 Et
1194 1258 1469 1330 martyris
1501 1256 1743 1311 Luciani
1779 1255 1892 1310 llde
1926 1272 2035 1326 exp

2206 1253 2491 1322 ποιήσατε.
2525 1254 2708 1308 Ταῦτα
2738 1253 2829 1305 οὖν
2859 1251 2937 1306 ἔτι
2968 1252 3130 1328 ἀρΘὸν
3162 1249 3311 1327 ’έχων
3357 1254 3420 1307 τὸ
3469 1252 3698 1329 φρόνημα
3736 1254 3800 1307 καί

446 1349 947 1416 sita,contrariam
967 1348 1346 1415 damnarunt,
1383 1344 1864 1416 subscripserunt
1894 1344 2033 1399 ﬁdei

2210 1343 2379 1413 μήπω
2411 1338 2702 1418 διαφθαρὲν
2732 1340 2859 1419 ἔφη’
2923 1341 3279 1416 συναχθέντες
3327 1342 3419 1395 οὖν
3470 1342 3521 1396 οἱ
3565 1342 3801 1397 intumum

448 1440 670 1493 sanctis
703 1437 974 1493 Patribus
1024 1436 1275 1490 Nicaanis
1329 1435 1668 1505 proposita),
1720 1450 1971 1504 eamque
2022 1449 2045 1487 δ

2205 1430 2257 1485 ἰν
2288 1432 2596 1503 Λαμψάκῳ,
2628 1430 2792 1494 πόλις
2822 1428 2880 1486 δέ
2911 1430 3024 1486 ἐστι
3082 1436 3180 1486 τοῦ
3227 1430 3659 1501 Ἑλλησπόντου,
3704 1434 3802 1487 ἂνα-

447 1543 654 1581 omnes
687 1526 979 1580 Ecclesiae
1012 1526 1322 1579 miserunt.
1359 1526 1424 1577 In
1456 1523 1685 1577 Christo
1714 1523 1853 1577 Jesu
1893 1524 2035 1577 Dom

2205 1523 2625 1598 κεφαλαιοῦνται
2674 1521 2742 1574 τὰ
2794 1527 2895 1589 τῆς
2954 1522 3190 1583 πίστεως
3247 1520 3384 1594 ὀρθὰ
3441 1518 3687 1595 δόγματα’
3735 1523 3802 1577 καί

448 1633 524 1670 no
556 1621 779 1682 nostro,
814 1614 907 1669 cui
938 1614 1145 1686 gloria.

2207 1610 2530 1683 παραθέντες
2582 1609 2680 1676 τὴν
2735 1609 2917 1664 πίστιν
2999 1614 3302 1663 Λουκιανοῦ
3381 1614 3477 1663 τοῦ
3561 1610 3804 1684 μάρτυρος,

439 1702 835 1775 ἆναθεμάτισαν
897 1702 989 1772 μὶν
1049 1702 1111 1755 τὸ
1169 1700 1454 1772 ἀνόμοιον,
1516 1699 1919 1775 ὑπογράψαντες
1958 1700 2029 1770 τῇ
2066 1698 2239 1753 πίστει
2296 1702 2365 1771 τῇ
2427 1698 2809 1773 προεκτεθείσῃ
2867 1698 2972 1753 ὑπὸ
3027 1703 3137 1753 τῶν
3191 1698 3357 1773 ἁγίων
3435 1700 3671 1773 Ιιατέρων
3720 1704 3804 1754 τῶν

441 1791 492 1845 ἐν
547 1792 763 1863 Νικαίᾳ,
821 1791 909 1845 καὶ
973 1792 1050 1853 εὶς
1099 1786 1413 1854 πάσαςτὰς
1474 1789 1803 1860 Ἐκκλησίας
1862 1787 2244 1862 διεπέμψαντο·
2308 1786 2359 1843 ἐν
2420 1791 2637 1863 Χριστῷ
2695 1790 2876 1858 Ἰησοῦ
2930 1792 3010 1860 τῷ
3067 1789 3246 1863 Κυρίῳ
3300 1790 3566 1861 ἡμῶν,ᾧ
3610 1791 3640 1856 ἡ
3693 1786 3804 1859 δόξα.

896 2121 1022 2243 S.
1121 2120 1267 2243 P.
1376 2120 1531 2240 N.
1629 2118 2345 2241 JOANNIS
2436 2120 3419 2244 DAMASCENI

732 2377 1467 2465 ()C'I‘OECHUM
1550 2380 1686 2461 ET
1749 2376 2578 2464 PAllACLETICEN
2641 2379 2750 2466 IN
2820 2378 2906 2467 Β.
2965 2380 3564 2468 VIBGIZVEM.

2102 2607 2172 2619 -4

1289 2731 1381 2784 Ad
1409 2730 1704 2785 editionem
1733 2737 1977 2785 nostram
2010 2730 2282 2803 Liturgim
2314 2732 2527 2786 Graecas
2559 2732 2995 2789 amandavimus.

621 3076 1423 3205 ΔΙΑΛΕΞΙΣ
1541 3076 2338 3207 ΙΩΑΝΝΟΥ
2386 3054 2462 3126 (υ
2585 3079 3655 3213 ΟΡΘΟΔΟΞΟΥ

1546 3352 1871 3449 ΠΡΟΣ
1970 3352 2720 3450 ΜΑΝΙΧΑΙΟΝ.

1207 3702 1496 3755 JOANNIS
1536 3702 1942 3758 ORTHODOXI
1982 3702 2398 3759 DISPUTATIO
2439 3704 2583 3759 CUM
2625 3706 3029 3763 MANICHEO.

1168 3855 1323 3923 (ΜΑι,
1356 3854 1693 3910 Bibliotheca
1721 3873 1864 3911 nova
1887 3858 2136 3927 Patrum,
2165 3862 2307 3913 tom.
2342 3859 2433 3929 IV,
2466 3865 2635 3931 parte
2666 3876 2723 3927 ιι,
2758 3877 2889 3933 pag.
2935 3861 3080 3934 104.)

493 4229 989 4287 ORTHODOXUS.
1024 4227 1081 4282 Si
1107 4244 1321 4300 corpus
1371 4244 1404 4283 a
1456 4227 1707 4282 materia
1734 4234 1843 4296 est,
1877 4229 2077 4284 anima

2254 4232 2688 4287 ορθοΔοΞοΣ.
2722 4232 2783 4289 Εἰ
2844 4234 2905 4287 τὸ
2955 4237 3114 4307 σῶμα
3162 4236 3264 4303 τῆς
3312 4231 3479 4305 ὕλης,
3510 4236 3544 4303 ἡ
3575 4230 3628 4287 at
3667 4226 3790 4304 ψυχή

421 4328 621 4377 autem
654 4337 725 4375 ex
756 4321 910 4375 bono
946 4322 1061 4375 Deo
1095 4326 1202 4385 est,
1246 4324 1313 4375 ut
1362 4336 1460 4374 vos
1511 4319 1729 4387 dicitis,
1782 4326 2018 4375 contrar

2197 4317 2245 4373 ὲκ
2275 4323 2372 4373 τοῦ
2404 4320 2606 4394 ἀγαθοῦ
2637 4321 2792 4391 Θεοῦ,
2852 4323 2973 4386 καθ’
3018 4323 3182 4396 ὑμᾶς,
3229 4321 3449 4378 ἐναντία
3490 4321 3547 4375 οὐ
3595 4318 3794 4379 συντίθε-

426 4410 671 4480 quidem
703 4426 824 4464 non
859 4414 1299 4480 componuntur
1327 4408 1552 4479 absque
1583 4408 1809 4463 artifice
1843 4408 2023 4478 aliqm

2196 4428 2273 4462 ται
2300 4405 2423 4463 ἄνευ
2454 4409 2701 4483 τεχνίτου
2751 4410 2919 4474 τινόςσ
2979 4414 3095 4466 οἷον
3147 4412 3209 4466 τὸ
3274 4410 3447 4484 μὲλαν
3501 4409 3586 4466 καὶ
3640 4404 3793 4463 λευκὸν

416 4499 599 4552 veluti
634 4499 869 4570 nigrum
902 4504 961 4552 et
989 4498 1188 4552 album
1212 4513 1245 4551 a
1275 4498 1587 4568 pictore,et
1608 4514 1641 4552 a
1674 4497 1901 4553 medico
1935 4498 2013 4553 cal

2195 4496 2292 4551 ὑπὸ
2327 4497 2635 4575 ζωγράφου,
2665 4500 2756 4554 καὶ
2804 4500 2907 4554 ὑπὸ
2958 4499 3157 4573 ἰατρῶν
3206 4502 3277 4555 τὰ
3324 4502 3500 4577 Θερμα
3547 4496 3654 4566 ε’ίδη
3703 4496 3792 4552 τοῖς

418 4584 508 4639 dae
542 4586 771 4657 species
807 4602 939 4640 cum
971 4584 1237 4656 frigidis;
1292 4585 1424 4654 quis
1468 4584 1623 4638 inter
1654 4600 1715 4639 se
1746 4601 2015 4655 compost

2194 4588 2446 4661 ψυχροῖς,
2477 4586 2562 4652 τίς
2592 4590 2619 4643 ὁ
2653 4591 2968 4665 συναγαγὼν
3018 4590 3085 4645 τὰ
3134 4590 3369 4659 ἐναντία,
3415 4586 3595 4665 ψυχήν
3639 4607 3691 4641 τε
3725 4579 3791 4636 καὶ

418 4674 744 4746 contrario,
777 4674 1041 4729 animam
1075 4673 1304 4729 scilicet
1333 4678 1391 4728 et
1440 4689 1677 4744 corpus,
1710 4690 1895 4728 unum
1948 4690 2015 4728 an

1463 4689 1677 4744 :orpus,
1710 4690 1895 4728 unum
1948 4673 2074 4728 ani-
2185 4679 2368 4748 σῶμα,
2404 4675 2456 4731 ἔν
2492 4681 2631 4747 ζῶον
2659 4678 3060 4755 ἐργασάμενοςς

418 4763 538 4819 mal
569 4763 839 4819 efficiens
859 4763 887 4817 ?

490 4851 941 4907 MANICHAZUS.
1005 4852 1200 4906 Bonus
1274 4851 1449 4917 Deus,
1526 4866 1662 4905 cum
1719 4849 2072 4905 seditionem

2254 4854 2675 4911 ΜΑΝΙΧΑΙΟΣ·
2711 4857 2773 4913 Ὀ
2807 4855 3008 4932 ἀγαθὸς
3033 4858 3163 4920 Θεὸς
3213 4858 3464 4921 ἀτάκτως
3511 4850 3783 4925 κινουμένης

416 4946 819 4997 commoveret
840 4940 1413 5011 materia,sumptam
1432 4939 1785 5011 particulam
1808 4940 2013 5010 aliqua

2181 4948 2278 5009 τῆς
2310 4940 2469 5012 ὕλης,
2506 4938 2690 4997 λαϐὼν
2739 4944 2933 5017 μοῖράν
2975 4967 3096 5001 τινα
3143 4953 3245 5015 τῆς
3290 4946 3485 5001 ἑαυτοῦ
3533 4942 3778 5013 δυνάμεως,

416 5044 535 5083 sum
568 5031 755 5101 ipsius
785 5030 1154 5098 substantiae,
1189 5030 1249 5085 in
1303 5029 1610 5084 materiam
1660 5028 1887 5098 injecit,
1937 5045 2013 5083 e51

2179 5032 2247 5101 τῇ
2276 5030 2380 5104 ὕλῃ
2434 5032 2808 5107 προσέπεμψε,
2870 5031 3122 5090 δελεάσαι
3175 5036 3345 5103 αὐτὴν
3404 5024 3776 5111 βουλόμενος⁵ἧ

416 5116 585 5172 illam
619 5120 858 5176 allicere
891 5118 1129 5185 volens;
1166 5136 1297 5190 qua)
1328 5119 1482 5173 hanc
1516 5123 1822 5188 exceptam
1858 5118 2013 5173 ebibi

2180 5116 2236 5173 δὲ
2292 5114 2538 5175 λαϐοῦσα
2589 5123 2827 5177 κατέπιε·
2889 5124 2981 5177 καὶ
3040 5123 3212 5186 οὕτως
3271 5123 3331 5179 ἐκ
3401 5131 3500 5194 τῆς
3582 5119 3775 5194 κράσεως

417 5210 593 5274 atque
616 5223 685 5262 ex
706 5209 1017 5279 utriusque
1041 5208 1421 5262 concretione
1444 5205 1795 5277 compositio
1820 5208 2014 5261 exstiti

1631 5205 1795 5260 Dsitio
1820 5208 2065 5262 exstitit.
2181 5209 2507 5286 ἀμφοτέρων
2535 5210 2601 5264 τὰ
2631 5210 2857 5266 σύνθετα
2885 5212 3097 5289 γέγονεν
3128 5215 3228 5286 (2).

2010 5327 2053 5379 Ν
2060 5326 2231 5381 ΟΤᾸΞ.

489 5416 565 5500 (1,)
596 5416 866 5500 Intelligo
897 5422 1644 5500 Joannempamascenum
1674 5422 1948 5500 Attamen
1976 5422 2070 5478 hic
2252 5428 2326 5495 (2)
2360 5426 2681 5483 Audiamus
2713 5428 2769 5485 S.
2802 5429 3197 5500 Augustinum
3247 5430 3675 5485 Manichmorum
3704 5435 3775 5500 e1:-

418 5493 621 5571 noster
649 5487 913 5571 dialogus
945 5492 1120 5571 plane
1152 5494 1420 5571 diversus
1452 5500 1543 5549 est
1583 5493 1669 5571 ab_
1708 5509 1774 5547 eo
1807 5494 2067 5571 qui‘exs-
2178 5487 2343 5571 rores
2376 5500 2643 5571 apprime
2676 5487 3017 5569 callentém,
3052 5505 3127 5557 De
3158 5518 3331 5571 agone
3357 5502 3573 5563 Christi,
3600 5510 3704 5571 cap.
3729 5491 3767 5539 3-

418 5561 1115 5639 tat_contraAManichaaos
1146 5565 1253 5620 sub
1300 5566 1461 5621 illius
1510 5565 1754 5621 nomine
1808 5561 1869 5621 in
1918 5565 2066 5639 Opp.
2182 5591 2205 5639 ιι
2241 5561 2549 5624 Μειηὶόιὶεθὶ
2612 5571 2817 5627 dicunt
2872 5561 3014 5627 ante
3076 5561 3283 5627 mundi
3339 5561 3767 5639 constitutione?!

416 5637 459 5689 t.
492 5634 535 5705 Ι,
566 5647 626 5703 p.
660 5630 789 5701 429,
821 5644 948 5700 seq.
1966 5630 2013 5639 ”

2176 5638 2359 5697 fuisse
2382 5646 2617 5713 gentem
2640 5642 3187 5716 tenebrarum,quas
3204 5648 3412 5701 contra
3432 5646 3601 5700 Deum
3616 5632 3763 5692 rebel-
