4040 6204
188 326 320 383 1321

954 332 1254 387 JOANNIS
1289 328 1711 386 ORTHODOXI
1748 323 2182 379 DlSPUTATlO
2216 325 2369 381 CUM
2409 325 2829 381 MANICHEO.

3456 334 3600 391 1322

256 454 318 508 Ο.
352 453 535 507 Ταῦτα
566 451 730 523 μῦθοί
758 454 900 513 τινές
954 452 1056 507 εἰσι
1090 453 1254 509 πλέον
1314 460 1415 522 τῆς
1470 445 1717 512 ἀσεϐείας
1767 447 1824 502 τὸ

2015 447 2078 501 Ο.
2118 448 2213 501 Ha:
2248 454 2385 503 sunt
2414 449 2628 504 fabula:
2661 450 3148 523 qumdam,magis
3181 454 3357 509 etiam
3400 458 3595 516 incre-

798 546 1014 615 πρῶτον
1077 542 1170 613 μὲν
1226 544 1311 597 ἀτι
1382 539 1560 601 οὐδεὶς
1641 538 1826 594 ἑαυτὸν

1277 633 1413 705 πρὸς
1494 628 1709 688 τούτοις
1771 623 1827 680 δὲ

180 540 442 594 ἀπίθανον
502 538 740 614 ἔχοντες·

178 630 454 698 συντίθησι
514 630 651 703 πρὸς
708 629 893 702 ἐτέρου
962 632 1190 704 γένεσιν

176 718 424 786 παθητὸς
458 720 544 772 καὶ
596 720 847 792 μεριστὸς
877 720 905 773 6
937 721 1068 782 Θεὸς
1127 722 1363 784 ἐντεῦθεν
1412 719 1733 793 εὑρίσκεται,
1781 713 1834 769 εἶ’

175 827 241 879 γε
301 807 467 881 μέρος
531 807 690 869 αὐτὸς
753 803 937 862 λαϐὼν
993 813 1060 881 τῇ
1117 808 1223 876 ὕλη
1283 808 1597 885 προσέρῥεν·
1683 804 1828 861 ἀλλά

172 895 266 949 καί
324 898 359 963 ἡ
419 894 525 965 ὕλη
583 900 679 949 τοῦ
740 897 869 950 εἶναι
922 898 1061 964 κακή
1122 895 1641 973 ἐλευθερωθήσεται,
1700 894 1825 969 ἐρα-

176 989 363 1047 σθεῖσα
386 988 485 1038 τοῦ
516 985 737 1058 ἀγαθοῦ,
796 985 886 1039 καὶ
933 987 996 1039 τὸ
1046 985 1097 1057 ἐξ
1143 988 1309 1040 αὐτοῦ
1361 991 1475 1063 φῶς
1531 987 1829 1039 καταπιοῦ-

171 1092 258 1127 σα·
294 1069 466 1127 ἄλλον
496 1094 555 1127 τε
585 1070 642 1127 δέ
672 1074 959 1148 ἀπόκριναί
992 1095 1108 1147 μοι,
1138 1074 1425 1148 ἀσώματος
1462 1076 1490 1129 6
1521 1075 1688 1142 Θεός;

247 1168 323 1220 Μ.
356 1162 479 1234 Ναὶ,
512 1162 829 1235 ἀσώματος.

249 1254 314 1310 Ο.
348 1256 471 1313 Πῶς
529 1252 619 1306 οὗν
677 1254 705 1307 6
764 1252 1055 1326 ἀσώματος
1111 1255 1201 1307 καὶ
1263 1254 1473 1315 ἁπλοῦς
1547 1252 1727 1325 τομὴν
1787 1252 1823 1321 ἢ

174 1338 435 1415 διαίρεσιν
471 1340 577 1394 ὑπο
587 1339 732 1413 μένει
757 1360 771 1409 ;

243 1435 313 1485 Μ.
356 1428 516 1487 Ἀλλ’
572 1429 639 1484 o6
695 1428 954 1504 διαίρεσιν
1013 1432 1048 1500 ἢ
1103 1432 1282 1501 τομὴν
1343 1430 1616 1505 γεγονέναι
1676 1425 1825 1502 λέγω

166 1525 271 1588 τῆς
301 1518 445 1581 θείας
480 1518 687 1589 οὐσίας,
721 1518 867 1575 ἀλλά
896 1516 1217 1595 προσϐολήν
1245 1520 1541 1592 ὁμοούσιον
1570 1523 1649 1589 τῷ
1677 1538 1823 1593 προ-

167 1602 524 1681 ϐαλλομένῳ·
563 1608 653 1663 καὶ
680 1610 817 1681 πρὸς
846 1613 1009 1663 τοῦτο
1037 1606 1400 1685 διαμάχεσθαι
1463 1606 1823 1679 Χριστιανοὺς

166 1697 327 1759 ’ὄντας
367 1698 507 1769 ὑμᾶς
538 1698 640 1752 οὐκ
669 1700 826 1770 οἶμαι
857 1695 953 1770 [οἳ]
982 1699 1072 1751 τὸν
1112 1699 1234 1751 Υἱὸν
1285 1698 1380 1751 τοῦ
1429 1694 1562 1751 Θεοῦ
1591 1696 1681 1750 καί
1712 1697 1820 1750 Λό-

165 1787 289 1860 γὸν,
322 1785 383 1841 οῦ
415 1794 613 1859 τμῆμα
638 1794 741 1855 τῆς
770 1788 971 1841 τούτου
1033 1787 1241 1859 Πατρὸς
1294 1785 1476 1847 οὐσίας
1525 1786 1679 1859 φατὲ,
1729 1786 1815 1838 καὶ
1853 1812 1899 1877 Β

170 1875 329 1947 ὅμως
362 1874 659 1946 ὁμοούσιον
687 1880 766 1946 τῷ
797 1874 966 1949 Πατρῖ
996 1874 1085 1928 καὶ
1116 1876 1243 1947 παρ’
1299 1874 1423 1946 ὑμῖν
1462 1871 1823 1946 ὁμολογεῖται

170 1964 266 2019 καί
300 1964 374 2025 εἷς
405 1965 496 2019 τὸν
529 1964 738 2035 κόσμον
768 1961 1166 2018 ἀποπαλὲσθαι
1220 1963 1352 2038 ὑπὲρ
1404 1962 1671 2036 σωτηρίας
1717 1965 1824 2015 τῶν

169 2051 479 2127 ἀνθρώπων
534 2053 637 2107 ὑπὸ
694 2055 792 2121 τῆς
851 2052 1002 2127 ἁγίας
1060 2059 1278 2129 Γραφῆς
1324 2050 1666 2125 κηρύττεταιο
1729 2049 1822 2104 οὕ-

166 2163 285 2205 τως
328 2142 420 2196 οὗν
476 2148 655 2213 τομῆς
716 2142 792 2214 μή
849 2142 1144 2215 γενομένης
1176 2142 1204 2195 6
1235 2140 1436 2214 ἀγαθὸς
1485 2140 1613 2200 Θεὸς
1665 2136 1820 2193 δόνα-

174 2231 269 2305 μίν
300 2252 420 2286 τινα
447 2227 785 2306 προεϐάλετο
816 2232 953 2306 πρὸς
981 2232 1043 2285 τὸ
1092 2230 1337 2305 ἐπισχεῖν
1390 2233 1491 2296 τῆς
1539 2228 1676 2298 ὕλης
1721 2229 1819 2297 τὴν

168 2320 410 2393 ἀταξίας.

242 2411 308 2467 Ο.
343 2410 444 2466 Καὶ
509 2408 682 2472 οὕτως
744 2406 1064 2484 ἐλεγχθείης
1109 2407 1190 2481 τῷ
1244 2411 1341 2479 τῆς
1387 2413 1567 2480 τομῆς
1614 2403 1817 2481 ἐγκλή-

171 2518 306 2571 ματι
334 2498 699 2571 περιπίπτων.

245 2588 322 2643 Μ.
352 2585 637 2661 ’Ἐλεγξον,
670 2587 759 2641 καὶ
791 2586 1055 2659 πείσομαι
1081 2591 1201 2649 τοῖς
1234 2607 1351 2643 σου.

240 2680 305 2732 Ο.
340 2680 669 2748 Διαιρεῖσθαι
700 2676 802 2743 τὴν
833 2674 969 2745 ὕλην
997 2677 1086 2729 καὶ
1115 2676 1207 2729 τὸν
1241 2674 1367 2729 Θεὸν
1404 2671 1567 2734 ἰδίοις
1623 2674 1816 2733 τόποις

164 2762 291 2819 οἶδα
319 2763 593 2827 πολλάκις
623 2765 875 2833 ἀκηκοὼς
912 2764 1015 2819 ὑπὸ
1070 2768 1177 2819 τῶν
1234 2762 1576 2838 Μανιχαίωνο
1622 2762 1712 2816 καὶ
1744 2761 1819 2825 ὡς

160 2853 229 2906 τὸ
266 2852 359 2924 μὲν
390 2860 565 2907 νοτιον
598 2856 667 2926 τῇ
700 2852 821 2926 ὕλῃ,
853 2854 915 2908 τὸ
949 2850 1006 2907 δὲ
1040 2853 1275 2928 βόρειον,
1329 2852 1418 2906 καὶ
1470 2848 1815 2922 ἀνατολικὸν,

162 2941 259 2996 καὶ
294 2938 507 2996 δυτικὸν
536 2942 894 3017 προσνέμεται
924 2946 1005 3013 τῷ
1035 2942 1219 3017 ἀγαθῷ
1244 2945 1381 3013 Θεῷ.

236 3033 316 3088 Μ.
352 3032 541 3093 Οὕτως
573 3035 671 3106 γὰρ
705 3030 1119 3105 ὁμολογοῦμεν.

236 3125 298 3176 Ο.
337 3125 457 3183 Πῶς
500 3118 591 3175 οῦν
652 3120 714 3175 οῦ
773 3118 1022 3183 δέδοικας
1079 3121 1178 3189 τήν
1236 3118 1505 3189 τοσαύτης
1560 3115 1813 3193 βλασφη-

163 3209 268 3282 μία
328 3205 664 3285 ὑπερϐολήν,
720 3211 1092 3284 περιγραπτὸν
1133 3207 1367 3284 ’ίεσάγων
1420 3208 1483 3262 τὸ
1532 3211 1710 3273 Θεῖον,
1760 3204 1818 3259 6'v

157 3298 366 3373 ἀγαθὸν
397 3299 487 3353 καὶ
514 3295 932 3371 παντοδῦναμον
991 3297 1315 3372 ὁμολογεῖς,
1370 3296 1457 3351 καὶ
1507 3300 1676 3350 ταῦτα
1714 3295 1821 3348 ἀπὸ

154 3394 265 3456 τῆς
294 3388 557 3457 κακίστης
598 3385 738 3457 ὓλης
794 3388 1309 3463 περιγραφόμενον;
1373 3383 1543 3457 Πέρας
1594 3383 1696 3457 γὰρ
1744 3386 1823 3453 τῷ

159 3480 286 3547 Θεῷ
318 3472 503 3546 δίδως,
535 3474 586 3530 ἐν
618 3476 773 3549 τόπῳ
804 3480 995 3530 τοῦτον
1036 3475 1443 3547 ὑποτιθέμενος·
1499 3476 1664 3545 πέρας
1718 3470 1820 3545 γάρ

162 3564 284 3620 ἐστι
314 3564 487 3627 τόπος
510 3569 607 3619 τοῦ
657 3564 1033 3639 περιέχοντος,
1087 3564 1219 3618 καθὸ
1266 3561 1510 3637 περιέχει
1556 3561 1619 3615 τὸ
1668 3580 1821 3633 περι-

162 3654 460 3729 εχόμενον·
494 3654 895 3729 περιεχόμενος
927 3651 985 3708 δὲ
1015 3655 1043 3709 6
1074 3654 1228 3720 Θεὸς,
1282 3650 1649 3727 περιγραπτὸς
1692 3650 1823 3703 πάν·

161 3764 281 3804 τως
312 3742 445 3798 ἐστί’
475 3744 564 3797 καὶ
608 3742 769 3805 αὐτὸς
829 3740 886 3797 δὲ
916 3744 943 3798 6
971 3743 1063 3797 16v
1115 3744 1243 3797 Θεὸν
1303 3742 1578 3817 περιέχων
1630 3735 1820 3807 τόπος,

167 3833 713 3910 περιγράφεταικατ⁹
763 3832 934 3887 ἐκεῖνο
992 3833 1054 3887 τὸ
1108 3830 1292 3899 τέλος,
1347 3832 1479 3895 καθὸ
1527 3835 1627 3897 τῆς
1685 3827 1823 3898 ὕλης

172 3925 277 3977 τοῦ
301 3920 476 3976 τόπου
536 3920 847 3999 ἐφάπτεται”
900 3922 991 3977 καὶ
1040 3920 1214 3985 οὕτως
1266 3921 1368 3976 ὑπὸ
1422 3917 1827 3995 περιγραφομέ-

166 4032 268 4066 νου
326 4009 499 4065 τόπου
545 4012 1007 4087 περιγραφήσεται
1042 4011 1229 4072 ὁΘεὸς
1288 4011 1406 4073 καθ’
1479 4009 1640 4080 ὑμᾶς,
1698 4004 1825 4067 τοὺς

162 4100 330 4172 τόπῳ
359 4100 465 4154 τινὶ
491 4101 903 4175 περιορίζοντας
944 4101 1034 4155 τὸν
1090 4099 1238 4158 Θεόν.
1292 4097 1465 4155 Ἀλλά
1510 4101 1679 4151 ταῦνα
1732 4095 1823 4168 μὶν

169 4189 477 4266 παρείσθω·
508 4190 624 4245 είπὶ
656 4188 714 4246 δέ
767 4212 883 4263 μοι,
933 4189 985 4245 ἐν
1028 4195 1109 4263 τῷ
1160 4189 1343 4263 οἰκείῳ
1391 4189 1546 4261 τόπῳ
1608 4184 1829 4260 μένοντα

164 4282 265 4335 τὸν
308 4280 439 4335 Θεὸν
497 4281 604 4358 φὴς
663 4276 1033 4354 προϐαλέσθαι
1090 4282 1189 4349 τήν
1248 4278 1299 4350 ἐξ
1356 4280 1525 4334 αὐτοῦ
1580 4274 1827 4350 δύναμιν,

166 4370 264 4424 καὶ
300 4367 392 4423 ἐπὶ
422 4370 517 4424 τὸν
548 4376 647 4438 τῆς
681 4368 820 4439 ὕλης
854 4368 1230 4440 ἐξαποστεῖλαι
1255 4366 1423 4424 τόπον
1458 4384 1473 4435 ;

246 4462 325 4513 Μ.
360 4456 483 4526 Ναί,
513 4458 677 4513 τοῦτό
700 4479 867 4531 φημι.

1940 533 2151 589 dibiles
2188 553 2365 606 quam
2397 538 2885 608 impiaa.Primum
2908 541 3146 610 quidem
3166 544 3305 612 quia
3334 561 3507 601 nemo
3528 566 3588 604 se

1939 622 2134 692 ipsum
2168 627 2491 695 componit,
2532 633 2597 680 ut
2639 627 2822 681 alium
2874 628 3177 697 producat.
3230 632 3453 687 Deinde
3498 636 3589 691 his

1938 713 2170 781 positis,
2196 714 2459 784 patibilis
2482 716 2913 787 divisibilisque
2948 719 3100 772 Deus
3130 719 3271 773 hinc
3303 724 3594 792 comperi-

1939 802 2110 864 tur,si
2139 802 2379 872 quidem
2404 810 2601 874 partes
2625 806 2712 859 sui
2739 812 3005 877 sumptas
3026 808 3085 861 in
3110 811 3420 865 materiam
3454 830 3592 883 pro-

1930 889 2217 960 jecit.Sed
2245 898 2302 944 et
2323 894 2571 947 materia
2601 896 2921 963 quominus
2945 896 3022 951 sit
3042 897 3197 952 mala
3228 897 3588 970 absolvetur,

1938 979 2220 1048 quoniam
2252 980 2473 1035 bonum
2507 982 2821 1047 adamavit,
2855 985 3103 1056 ejusque
3134 987 3329 1041 lucem
3381 990 3586 1047 ebibit.

1938 1069 2103 1123 Nunc
2125 1068 2287 1124 aliud
2308 1071 2451 1125 mihi
2470 1074 2986 1144 respondetzestne
3005 1074 3389 1145 incorporeus
3408 1079 3592 1134 Deus?

2008 1160 2077 1212 M.
2115 1158 2267 1213 Sane
2302 1159 2710 1231 incorporeus.

2008 1246 2071 1300 Ο.
2105 1248 2407 1311 Quomodo
2438 1248 2615 1320 igitur
2664 1252 3049 1323 incorporeus
3081 1260 3153 1324 _et
3202 1254 3454 1327 simplex
3504 1274 3592 1313 se-

1936 1336 2192 1390 ctionem
2221 1342 2323 1391 aut
2352 1336 2705 1394 divisionem
2737 1342 3003 1411 patitur?

2010 1426 2078 1479 M.
2112 1427 2228 1497 Ego
2263 1442 2456 1497 neque
2504 1428 2852 1485 divisionem
2903 1447 3098 1501 neque
3145 1434 3468 1489 sectionem
3501 1435 3586 1491 fa-

1936 1518 2089 1568 ctam
2114 1514 2245 1570 dico
2270 1516 2483 1571 divinaa
2509 1518 2876 1584 substantiae,
2913 1520 3015 1574 sed
3048 1521 3428 1577 emissionem
3451 1541 3590 1579 con-

1935 1602 2389 1660 substantialem
2423 1608 2736 1661 emittenti.
2772 1611 2961 1678 Atque
2988 1609 3127 1664 huic
3159 1613 3468 1665 sententiae
3498 1630 3586 1668 re-

1934 1708 2195 1761 pugnare
2223 1711 2321 1748 vos
2353 1695 2721 1750 Christianos
2753 1713 2874 1750 non
2906 1705 3069 1767 puto,
3099 1700 3198 1769 qui
3232 1700 3444 1753 Filium
3479 1702 3580 1755 Dei

1935 1780 2211 1849 Verbum,
2247 1784 2568 1838 sectionem
2604 1784 2953 1840 substantia
2985 1793 3246 1857 paternae
3274 1805 3393 1843 non
3436 1789 3583 1843 dici-

1934 1868 2028 1935 tis,
2063 1875 2121 1923 et
2151 1871 2330 1925 simul
2382 1878 2580 1927 tamen
2628 1875 2784 1928 Patri
2831 1874 3397 1932 consubstantialem
3450 1896 3587 1934 con-

1935 1956 2205 2011 ﬁtemini.
2243 1960 2402 2013 Idem
2431 1962 2490 2013 in
2516 1961 2802 2016 mundum
2837 1968 3077 2033 propter
3096 1964 3408 2019 hominum
3432 1967 3587 2022 salu-

1932 2047 2051 2096 tem
2074 2045 2291 2099 miSsus
2312 2046 2374 2100 in
2398 2053 2600 2101 sancta
2626 2048 2926 2118 Scriptura
2957 2049 3333 2119 prmdicatur.
3369 2053 3459 2107 Sic
3493 2070 3582 2106 er-

1929 2147 2020 2203 go,
2072 2133 2237 2188 nulla
2268 2134 2699 2190 interveniente
2732 2142 3012 2206 sectione,
3046 2137 3237 2193 bonus
3276 2141 3429 2195 Deus
3459 2142 3574 2196 vim

1931 2221 2247 2290 quamdam
2281 2240 2349 2277 ex
2384 2240 2511 2278 sese
2542 2226 2741 2279 emisit
2770 2226 2841 2279 ad
2875 2229 3367 2297 compescendam
3404 2236 3584 2285 mate-

1928 2312 2029 2367 riae
2060 2314 2556 2384 pertubationem.

1999 2402 2062 2456 Ο.
2095 2405 2285 2473 Atque
2318 2404 2399 2458 ita
2430 2404 2491 2458 in
2524 2404 2873 2476 improbata)
2906 2406 3187 2461 sectionis
3219 2407 3456 2479 culpam
3489 2409 3578 2464 in-

1928 2490 2098 2545 cidis.

1998 2582 2067 2633 M.
2104 2581 2472 2650 Demonstra,
2506 2587 2565 2635 et
2594 2598 2697 2649 ego
2732 2582 2907 2637 dictis
2936 2584 3051 2638 tuis
3082 2584 3345 2639 credam.

1999 2671 2061 2724 Ο.
2099 2671 2284 2724 Dividi
2322 2671 2629 2725 materiam
2662 2689 2731 2727 ac
2763 2674 2946 2727 Deum
2979 2674 3235 2744 propriis
3266 2674 3435 2741 locis,
3460 2676 3582 2730 scio

1928 2776 2024 2814 me
2045 2777 2165 2814 non
2198 2760 2388 2815 semel
2412 2761 2646 2815 audisse
2679 2778 2712 2815 a
2743 2762 3081 2817 Manichaais
3107 2781 3119 2829 ;
3153 2769 3331 2833 atque
3362 2770 3588 2819 austra-

1929 2848 2048 2903 lem
2080 2854 2309 2920 partem
2346 2850 2635 2916 materiae,
2670 2850 2992 2917 borealem,
3028 2851 3401 2922 orientalem,
3434 2854 3588 2908 occi-

1928 2937 2321 3007 dentalesque
2354 2944 2553 3009 partes
2584 2938 2740 2994 bono
2775 2941 2890 2995 Deo
2924 2940 3190 2997 attribui.

2000 3029 2071 3081 M.
2112 3027 2210 3082 Dic
2242 3044 2351 3082 nos
2384 3028 2757 3099 proﬁtemur.

2002 3114 2068 3169 Ο.
2101 3114 2403 3179 Quomodo
2435 3130 2571 3186 ergo
2604 3132 2723 3170 non
2755 3117 2962 3172 horres
2997 3122 3169 3172 tantm
3200 3117 3585 3190 blasphemia)

1936 3220 2243 3258 excessum
2266 3203 2293 3257 ‘I
2317 3204 2834 3276 circumscriptum
2862 3206 3151 3261 inducens
3172 3208 3385 3275 Dnum,
3407 3225 3585 3279 quem

1934 3292 2155 3347 bonum
2188 3298 2246 3347 et
2276 3294 2746 3363 omnipotentem
2771 3296 3160 3364 conﬁteris,et
3185 3301 3383 3352 tamen
3400 3314 3434 3353 a
3459 3316 3588 3369 pes-

1933 3383 2084 3437 sima
2100 3382 2347 3437 materia
2366 3382 2948 3439 limitatum.Etenim
2972 3386 3292 3440 terminum
3319 3388 3433 3441 Deo
3456 3386 3582 3455 das,

1932 3471 2073 3525 dum
2108 3488 2240 3525 eum
2274 3471 2334 3525 in
2370 3471 2497 3525 loco
2546 3472 2802 3527 collocas
2833 3491 2845 3527 :
2896 3490 3035 3529 nam
3067 3474 3234 3530 locus
3289 3476 3589 3531 terminus

1935 3566 2024 3614 est
2076 3560 2459 3628 continentis,
2489 3567 2783 3631 quatenus
2830 3563 2892 3617 in
2924 3580 2984 3617 se
3008 3564 3277 3618 continet
3311 3580 3594 3636 compre.

1932 3649 2184 3703 hensum
2212 3666 2224 3703 :
2255 3651 2720 3720 comprehensus
2762 3658 2960 3707 autem
3008 3653 3181 3719 Deus,
3215 3670 3462 3725 prorsus
3494 3659 3590 3709 est

1932 3739 2416 3809 circumscriptus
2443 3756 2453 3792 :
2492 3745 2550 3793 et
2580 3740 2705 3810 ipse
2750 3742 2850 3811 qui
2884 3742 3071 3796 Deum
3102 3742 3369 3797 continet
3397 3742 3588 3810 locus,

1935 3846 2003 3883 eo
2036 3828 2288 3883 termino
2313 3828 2843 3896 circumscribitur,
2876 3848 2991 3901 quo
3022 3832 3169 3888 105
3200 3831 3311 3887 loci
3338 3832 3596 3888 materia

1935 3918 2218 3991 pertingit
2241 3937 2253 3974 :
2279 3924 2455 3989 atque
2480 3920 2561 3974 ita
2581 3919 3032 3992 circumscripto
3057 3921 3186 3976 loco
3219 3922 3597 3977 circumscri-

1936 4006 2154 4062 betur’a
2172 4006 2337 4061 vobis
2362 4008 2646 4077 Deus,qui
2669 4008 2825 4062 intra
2851 4016 3076 4064 certum
3100 4009 3295 4063 locum
3311 4011 3493 4063 Deum
3520 4010 3591 4064 li-

1936 4096 2301 4152 mitatis.Sed
2322 4097 2445 4151 hinc
2470 4097 2653 4152 missa
2682 4097 3179 4152 faciamus.Narra
3207 4114 3385 4168 porro
3418 4098 3592 4164 mihi,

1939 4204 2015 4242 an
2046 4186 2285 4258 proprio
2317 4186 2378 4240 in
2411 4186 2540 4239 loco
2590 4191 2845 4239 stantem
2896 4187 3079 4240 Deum
3136 4185 3297 4241 dicas
3346 4203 3416 4241 ex
3463 4203 3592 4242 sese

1941 4277 2209 4333 emisisse
2239 4276 2375 4341 vim,
2409 4279 2586 4344 atque
2618 4275 2691 4329 ad
2721 4274 2984 4331 materiae
3017 4276 3342 4348 projecisse
3374 4276 3592 4333 locum.

2013 4454 2084 4507 Μ.
2112 4451 2423 4505 Enimvero
2458 4448 2541 4504 sic
2575 4449 2689 4505 aio.

250 4547 315 4603 Ο.
352 4545 416 4602 Ei
448 4543 539 4599 οῦν
572 4545 632 4601 ἐκ
658 4551 755 4601 τοῦ
813 4550 947 4602 Θεοῦ
1003 4542 1257 4621 προϐολὴ
1316 4546 1369 4601 έν
1430 4544 1595 4617 ἐτὶοῳ
1645 4542 1824 4619 γέγονε

2011 4542 2073 4597 Ο.
2108 4540 2165 4594 Si
2198 4555 2332 4611 ergo
2364 4554 2433 4593 ex
2461 4539 2579 4593 Deo
2655 4538 2895 4595 emissio
2945 4540 3019 4596 ad
3073 4540 3258 4597 alium
3309 4541 3463 4598 facta
3511 4546 3603 4597 est

170 4634 359 4707 τόπῳ,
391 4638 489 4688 106
520 4639 653 4690 Θεοῦ
680 4634 731 4690 ἐν
783 4635 952 4709 ἑτέρῳ
1010 4635 1204 4711 χωρίῳ
1259 4634 1659 4708 διαμείναντος,
1718 4633 1835 4693 πὼς

175 4725 286 4779 οὐκ
316 4723 576 4799 ἐμερίσθη
608 4731 710 4794 τῆς
736 4730 832 4780 τοῦ
892 4726 1102 4797 Πατρὸς
1155 4725 1547 4785 ὑποστάσεωςε
1600 4721 1683 4777 Τὰ
1732 4721 1835 4795 γάρ

174 4810 445 4868 διεστῶτα
472 4818 589 4876 τοῖς
621 4814 839 4887 τόποις,
892 4814 1106 4876 πάντως
1154 4815 1242 4869 καὶ
1287 4811 1561 4883 ἀλλήΛων
1612 4808 1838 4885 διαιρεῖ-

174 4913 303 4966 σθαι
335 4902 564 4977 ἀνάγκη·
596 4904 683 4959 καὶ
718 4903 891 4966 οὕτως
949 4904 1041 4959 οὖν
1073 4906 1107 4973 ἡ
1137 4908 1234 4959 τοῦ
1284 4906 1417 4958 Θεοῦ
1467 4900 1694 4974 δύναμις
1743 4918 1837 4953 κα-

170 4995 245 5050 τά
272 4995 332 5050 σὶ
362 4994 460 5050 οὐκ
488 4994 589 5066 ἔξω
618 5002 717 5066 τῆς
749 4994 914 5052 αὐτοῦ
943 4997 1163 5071 γέγονεν
1228 4996 1576 5054 ὑποστάσεως
1605 5015 1620 5062 ;
1670 4992 1733 5047 16
1782 4987 1840 5044 δὲ

1944 4631 2166 4695 locum,
2221 4630 2336 4682 Deo
2387 4627 2565 4681 aliam
2625 4629 2943 4684 stationem
2993 4637 3342 4703 occupante,
3388 4629 3597 4702 quidni

1946 4736 1980 4774 a
2011 4718 2201 4774 Patris
2233 4716 2568 4771 substantia
2619 4723 2891 4788 separata
2922 4718 3072 4773 fuit?
3103 4722 3245 4774 Nam
3292 4737 3422 4791 qua)
3452 4719 3602 4775 locis

1948 4810 2190 4875 distant,
2221 4823 2289 4861 ea
2319 4805 2569 4860 invicem
2601 4804 2827 4861 distare
2861 4823 3106 4863 necesse
3137 4814 3241 4863 est.
3278 4810 3485 4863 Nonne
3517 4808 3601 4863 sic

1948 4898 2146 4967 igitur,
2198 4911 2269 4950 ex
2322 4894 2619 4949 sententia
2665 4900 2784 4963 tua,
2839 4896 2942 4949 Dei
2988 4896 3071 4951 vis
3120 4902 3284 4953 extra
3330 4896 3600 4968 ejusdem

1953 4984 2347 5042 substantiam
2378 4982 2600 5055 prodiit
2622 4983 2793 5040 Nam
2820 4984 2978 5055 quod
3002 4990 3167 5041 extra
3195 4986 3455 5058 aliquem
3484 4989 3603 5045 est.

1771 5161 1996 5218 NOTAE.

183 5294 372 5349 lavit:
404 5294 464 5350 in
498 5312 614 5367 quo
647 5295 804 5351 bello
835 5297 1087 5352 credunt
1118 5296 1319 5353 miseri
1371 5295 1843 5367 omnipotentem

188 5368 379 5421 Deum
412 5365 532 5422 non
553 5368 664 5422 sibi
689 5369 864 5424 aliter
886 5371 1146 5443 potuisse
1179 5384 1547 5443 succurrere,
1573 5365 1687 5443 nisi
1721 5379 1849 5443 par-

187 5444 314 5492 tem
345 5455 515 5493 suam
547 5445 754 5495 contra
780 5438 912 5495 eam
945 5442 1226 5496 mitteret.
1263 5441 1443 5510 Cujus
1464 5438 1655 5508 gentis
1682 5438 1847 5510 prin-

187 5510 379 5580 cipes,
415 5511 566 5564 sicut
598 5511 684 5564 illi
717 5512 943 5575 dicunt,
978 5505 1405 5567 devoraverunt
1435 5505 1661 5580 partem
1676 5505 1696 5580 ς
1724 5505 1845 5580 Dei,

189 5576 267 5635 et'
284 5582 597 5655 temperati
632 5590 770 5636 sunt
798 5589 860 5637 ut
901 5591 1102 5655 posset
1128 5583 1385 5638 mundus
1412 5576 1483 5655 de
1516 5581 1636 5655 illis
1667 5576 1851 5631 fabri—

189 5652 339 5707 cari.
378 5651 470 5708 Sic
502 5651 918 5710 dicuntDeum
933 5656 1272 5727 pervenisse
1296 5655 1370 5710 ad
1393 5652 1699 5710 victoriam
1716 5664 1851 5704 cum

436 5771 712 5832 ΡΑτιιοι..
760 5774 873 5834 Gn.
920 5771 1128 5835 XCVI.

1954 5283 2183 5357 magnis
2232 5280 2671 5357 calamitatibus
2719 5286 2778 5335 et
2819 5282 3180 5357 cruciatibus
3234 5289 3293 5357 et
3339 5283 3596 5340 miseriis

1956 5352 2201 5413 suorum
2248 5352 2675 5416 membrorum,
2722 5370 2852 5423 qua:
2909 5354 3176 5409 membra
3222 5356 3430 5411 dicunt
3480 5372 3610 5411 esse

1955 5427 2268 5484 commista
2326 5424 2656 5479 tenebrosis
2705 5425 3028 5479 visceribus
3078 5427 3417 5498 principum
3475 5428 3613 5483 illo-

1957 5516 2109 5564 rum,
2141 5503 2207 5552 ut
2237 5513 2335 5552 eos
2368 5501 2785 5566 temperarent,
2816 5502 2874 5551 et
2918 5514 2951 5551 a
3000 5498 3224 5553 fervore
3275 5515 3613 5571 compesce-

1960 5577 2092 5626 rent
2122 5576 2233 5624 etc.
2269 5588 2296 5616 »

3218 5761 3295 5815 ΔΞ
