4044 6218
515 382 653 437 1323

2048 377 2419 431 ADDENDA.

3717 381 3817 439 1324

506 511 565 567 id
596 508 838 565 omnino
869 507 943 563 ab
975 506 1243 577 ejusdem
1288 505 1621 560 substantia
1672 508 2011 576 separatum
2043 508 2152 558 est.

2275 496 2369 574 ἔξω
2400 503 2545 564 τινὸς
2580 502 2846 577 ὑπάρχον,
2877 505 3099 565 παντως
3146 505 3237 559 καὶ
3285 508 3381 570 τῆς
3429 505 3722 569 ὑποστάτεως
3758 510 3818 563 οὗο

509 603 623 655 Nos
654 606 851 655 autem
886 598 1044 653 haud
1076 605 1301 651 vestras
1335 596 1675 667 iiupietates
1707 602 2023 661 sectamur,
2066 609 2166 647 ne-

512 706 626 760 que
659 688 773 743 duo
808 688 1102 758 principia
1133 686 1282 741 locis
1318 690 1592 756 separata
1616 684 2011 746 affirmamus,
2067 681 2170 736 sed

513 794 699 833 unum
731 776 1131 831 universitatis
1190 776 1552 838 Creatorem,
1613 778 1673 827 et
1726 789 1911 827 unum
1969 786 2170 826 rerum

513 867 783 921 omnium
816 865 1075 930 initium,
1112 866 1345 918 Patrem
1391 879 1458 917 ac
1508 861 1743 929 Filium,
1806 864 2020 915 cuncta
2050 859 2169 913 im-

510 955 683 1026 plens
716 952 1009 1025 dogmatis
1032 952 1222 1006 instar
1256 949 1598 1005 credimus:
1632 951 1867 1003 Patrem
1905 948 1967 1001 in
2001 946 2170 1013 Filio,

512 1042 727 1097 Filium
760 1042 819 1097 in
852 1042 1023 1096 Patre
1069 1056 1188 1094 una
1240 1039 1596 1094 conﬁtentes
1625 1038 1797 1109 juxta
1835 1035 1986 1090 illud
2035 1035 2174 1089 eﬂ‘a—

516 1138 680 1187 tum:
717 1153 744 1181 «
779 1132 893 1202 Ego
927 1130 988 1184 in
1012 1131 1203 1196 Patre,
1240 1135 1299 1182 et
1329 1130 1504 1182 Pater
1534 1128 1595 1181 in
1627 1141 1721 1181 me
1746 1127 1782 1179 ¹.
1815 1144 1841 1175 ιι
1878 1126 2167 1194 Itemque:

517 1240 543 1272 ι
574 1220 784 1276 Omnia
818 1236 947 1289 quae
981 1218 1161 1272 habet
1206 1220 1399 1283 Pater,
1444 1233 1577 1271 mea
1607 1220 1747 1269 sunt
1778 1214 1822 1268 ².
1854 1235 1881 1263 ››
1918 1212 2082 1268 Unde
2114 1217 2173 1266 et

515 1310 841 1380 inspiratus
872 1310 1131 1363 Joannes
1164 1313 1451 1376 tanquam
1482 1306 1683 1359 omnia
1713 1302 2000 1373 implente
2044 1301 2167 1355 Tri-

516 1400 729 1464 nitate,
765 1398 836 1452 de
870 1399 988 1451 Deo
1022 1396 1209 1450 Verbo
1256 1396 1373 1450 ait:
1424 1418 1451 1444 «
1507 1396 1570 1447 ln
1616 1392 1857 1464 propria
1902 1390 2081 1457 venit,
2114 1394 2173 1444 et

519 1488 611 1542 sui
642 1504 774 1541 eum
812 1503 931 1540 non
978 1483 1413 1555 receperunt3:
1448 1506 1474 1532 η
1529 1482 1855 1537 secundum
1908 1496 2039 1534 vero
2070 1495 2169 1533 vos

517 1575 890 1639 Manichwos,
925 1591 1044 1628 non
1076 1574 1137 1627 in
1186 1573 1427 1643 propria
1476 1571 1657 1636 venit,
1710 1569 1812 1624 sed
1863 1569 2059 1640 potius
2107 1567 2168 1621 in

516 1664 746 1730 aliena;
780 1664 827 1718 si
862 1662 1101 1733 quidem
1135 1662 1210 1717 ad
1244 1662 1503 1716 materiae
1537 1660 1733 1715 locum
1766 1658 2039 1724 accessit,
2072 1674 2167 1711 vo-

514 1753 645 1807 lens
677 1754 908 1807 animas
940 1752 1001 1805 in
1040 1752 1235 1806 alieno
1290 1752 1418 1805 loco
1469 1750 1760 1822 alligatas,
1816 1754 1883 1802 ut
1929 1764 2032 1801 vos
2078 1745 2170 1801 di-

514 1843 668 1911 citis,
704 1842 1019 1897 redimere.
1055 1843 1245 1906 Quare
1280 1847 1338 1894 et
1364 1839 1528 1895 illam
1562 1856 1693 1909 quas
1727 1836 2043 1893 revocabas
2074 1852 2164 1890 se-
2201 1868 2245 1933 Β

513 1932 774 1987 ctionem
804 1934 859 2001 (a
890 1936 945 1985 te
978 1930 1201 2002 alioqui
1234 1947 1353 1984 non
1396 1929 1581 1984 semel
1628 1927 2007 1997 affirmatam)
2056 1942 2165 1996 pu-

514 2028 649 2077 tans
680 2021 764 2075 sic
797 2021 1009 2075 divina:
1042 2019 1391 2075 substantiae
1440 2018 1791 2073 divisionem
1839 2018 2043 2079 vitare,
2095 2030 2168 2069 ne

517 2111 601 2166 sic
632 2111 875 2181 quidem
926 2110 1152 2165 vitasti:
1212 2124 1468 2178 namque
1527 2108 1587 2162 in
1629 2106 1901 2162 eamdem
1952 2104 2170 2160 recidis

519 2196 1163 2271 irreligiositatem.Sed
1183 2197 1342 2252 unde
1367 2196 1785 2259 discessi,illuc
1818 2196 2013 2251 denuo
2045 2211 2172 2249 ser-

520 2303 760 2341 monem
791 2292 1089 2341 converto.
1139 2286 1453 2356 Responde
1502 2301 1639 2357 ergo
1689 2284 1874 2339 mihi:
1923 2282 2171 2338 materia

520 2391 628 2445 per
658 2391 742 2441 se,
775 2375 995 2444 absqus
1026 2390 1163 2429 cum
1195 2375 1313 2428 Deo
1365 2372 1801 2441 commistione,
1838 2371 2167 2443 simplexne

518 2468 628 2528 est,
664 2479 741 2519 an
771 2463 1124 2533 composita?

589 2553 661 2605 M.
694 2552 1049 2622 Composita.

586 2640 650 2694 Ο.
684 2641 765 2694 Ex
796 2638 1167 2710 simplicibus
1198 2644 1397 2694 autem
1429 2638 1495 2693 fit
1522 2638 1917 2710 compositum
1940 2638 1967 2693 ?

582 2730 655 2785 M.
694 2730 774 2784 ita
805 2736 912 2784 est.

584 2820 649 2874 Ο.
689 2819 743 2873 Si
775 2836 912 2892 ergo
943 2818 1267 2889 composita
1298 2823 1389 2874 est
1418 2818 1689 2883 materia,
1721 2822 1888 2889 patet
1937 2833 2067 2872 eam
2098 2816 2170 2872 ab

514 2907 631 2963 alio
686 2908 885 2978 aliquo
947 2908 1262 2978 componi:
1321 2924 1499 2962 nemo
1569 2908 1729 2962 enim
1778 2906 2042 2979 seipsum
2094 2904 2167 2960 ad

517 2998 1012 3068 compositionem
1066 2996 1325 3053 adducit.
1378 2995 1681 3060 Quomodo
1740 3012 1877 3068 ergo
1939 2995 2011 3049 ab
2052 2994 2168 3050 alio

518 3088 869 3157 composita,
904 3091 1064 3141 caret
1093 3086 1262 3139 initio
1282 3085 1309 3139 ?
1337 3085 1573 3156 Alioqui
1606 3085 1803 3152 etiam,
1842 3082 2170 3155 composita

516 3191 587 3230 ex
614 3174 862 3230 diversis
920 3181 1361 3245 componuntur
1419 3191 1550 3244 quae
1608 3173 2046 3245 prmexsistunt,
2104 3178 2171 3227 ut

516 3263 803 3320 electrum
864 3280 933 3318 ex
990 3268 1234 3335 argento
1292 3268 1350 3316 et
1411 3280 1555 3317 auro
1600 3263 2033 3334 compositum:
2094 3261 2171 3317 εἰ·
2205 3229 2248 3295 C

518 3353 714 3408 mulve
748 3352 1163 3423 speclabile,ut
1192 3356 1370 3422 caput
1399 3351 1640 3422 aliquod
1666 3367 1735 3405 ex
1757 3350 2009 3417 ossibus,
2044 3366 2167 3405 car-

518 3458 615 3508 ne,
650 3442 1015 3496 membranis
1047 3458 1115 3496 ac
1146 3441 1373 3496 nervis:
1422 3440 1547 3495 hanc
1596 3440 1758 3494 enim
1806 3456 1926 3494 una
1976 3438 2172 3494 consi-

518 3536 701 3599 stunt,
753 3548 886 3586 cum
937 3531 1060 3585 sint
1112 3529 1360 3598 diversa,
1393 3529 1665 3600 nihilque
1697 3546 1767 3583 ex
1798 3528 1891 3583 his
1919 3527 2171 3600 singulis

519 3620 746 3675 exstitit
774 3626 911 3676 ante
941 3620 1335 3691 compositum
1380 3635 1447 3672 ex
1507 3618 1652 3689 ipsis
1682 3623 1879 3689 caput.
1927 3619 2073 3689 Ergo
2122 3616 2170 3671 si

512 3710 772 3765 materia
821 3711 1148 3782 composita
1202 3714 1310 3775 est,
1370 3723 1446 3762 ne
1503 3708 1634 3779 ipsa
1684 3724 1919 3779 quoque
1973 3722 2167 3762 unum

511 3799 875 3871 principium
909 3805 1017 3863 est,
1063 3798 1165 3854 sed
1214 3797 1402 3853 multo
1462 3796 1633 3867 plura
1679 3796 1727 3850 si
1781 3796 1911 3867 ipsa
1954 3812 2058 3867 per
2105 3811 2169 3851 se

522 3890 852 3961 composita
882 3889 979 3956 sit,
1011 3892 1070 3943 et
1117 3887 1243 3942 sine
1293 3886 1417 3943 ulla
1446 3902 1581 3942 cum
1628 3886 1747 3941 Deo
1795 3884 2173 3956 compositio-

520 3993 619 4034 ne.

592 4068 663 4121 M.
687 4068 835 4139 Ergo
869 4064 1203 4137 simplicem
1233 4062 1384 4119 dicis
1416 4079 1543 4118 esse
1574 4061 1888 4117 materiam
1908 4061 1936 4117 ?

586 4155 650 4212 Ο.
685 4156 924 4211 Minime
990 4153 1323 4225 simplicem
1366 4167 1496 4207 esse
1544 4152 1637 4206 aio
1686 4150 2020 4218 materiam,
2068 4150 2170 4207 sed

516 4246 929 4303 demonstrare
960 4245 1090 4301 volo
1124 4261 1254 4300 eam
1285 4259 1404 4298 non
1436 4258 1565 4297 esse
1593 4240 1815 4312 absque
1848 4240 2016 4295 initio
2066 4257 2170 4297 ne-

515 4354 630 4407 que
662 4337 1019 4403 increatam,
1055 4340 1121 4389 ut
1150 4340 1214 4389 tu
1240 4332 1349 4399 ais,
1381 4338 1440 4387 et
1468 4348 1589 4386 non
1638 4331 1768 4386 sine
1814 4330 1937 4385 suis
1969 4329 2169 4401 quali-

514 4426 742 4480 tatibus
768 4442 803 4479 a
828 4426 947 4479 Deo
978 4424 1162 4479 fuisse
1207 4422 1576 4493 productam:
1630 4419 2015 4489 qualitatibus
2042 4420 2171 4490 ejus

511 4531 748 4586 semper
776 4513 1167 4580 variantibus,
1203 4511 1455 4581 aliisque
1488 4525 1623 4565 cum
1654 4508 1787 4564 aliis
1818 4509 2170 4580 permutatis

2274 597 2373 647 τοῦ
2402 590 2682 667 διῄρηται·
2715 596 2883 663 ἡμεῖς
2914 590 2960 647 δ’
2994 593 3104 668 οὐχ
3131 593 3371 665 έπόμεθα
3409 600 3519 656 ταῖς
3564 596 3690 663 ὑμῶν
3731 598 3817 652 ἀσε-

2278 674 2470 746 ϐείαις,
2504 678 2626 734 οὐδὲ
2660 677 2754 735 δύο
2802 680 2979 754 ἀρχὰς
3038 679 3366 755 διῃρηαένας
3417 688 3524 747 τοῖς
3564 684 3722 745 τόποις
3757 707 3819 760 e1-

2281 769 2400 840 μὲν,
2432 768 2559 825 ἀλλ’
2592 764 2681 823 ἕνα
2708 774 2806 823 τοῦ
2836 769 3039 831 παντὸς
3100 771 3461 845 Δημιουργὸν,
3499 773 3580 827 καὶ
3625 774 3727 845 μίαν
3758 776 3819 841 τὴν

2277 859 2490 912 πάντων
2551 859 2731 934 ἀρχὴν
2789 858 3065 935 λέγοντες,
3152 861 3360 935 Πατέρα
3411 882 3467 915 τε
3516 861 3598 915 καὶ
3648 862 3745 916 Υἱὸν
3782 864 3823 917 τὰ

2276 957 2450 1003 πάντα
2479 948 2730 1025 πληροῦν
2763 947 3191 1025 δογματίζομεν·
3252 951 3456 1026 Πατέρα
3508 951 3554 1006 έν
3607 952 3717 1023 Υἱῴ,
3766 955 3823 1007 καὶ

2277 1038 2401 1092 Υἱὸν
2435 1038 2485 1092 έν
2530 1039 2700 1113 Πατρὶ
2749 1041 3301 1115 προσομολογοῦντες
3348 1039 3477 1094 κατὰ
3519 1040 3575 1094 τὸ
3619 1039 3767 1114 λόγιον
3786 1044 3824 1096 τὸ

2260 1125 2501 1199 ,φάσκον
2539 1152 2566 1180 α
2599 1129 2743 1202 Ἐγὼ
2774 1127 2828 1183 ἐν
2874 1134 2955 1201 τῷ
3006 1128 3176 1204 Πατρὶ
3222 1130 3309 1184 καὶ
3344 1129 3371 1184 ὁ
3400 1130 3573 1203 Πατὴρ
3601 1128 3647 1183 έν
3673 1128 3788 1200 έμοί.
3810 1154 3829 1180 ιι

2278 1217 2401 1285 Καὶ,
2434 1240 2462 1267 ‹‹
2506 1216 2687 1271 Πάντα
2744 1218 2811 1271 τὰ
2865 1222 2963 1272 τοῦ
3022 1218 3250 1291 Πατρὸς,
3310 1216 3415 1290 ἐμά
3458 1217 3581 1273 ἐστι.
3613 1242 3636 1267 ι»
3662 1218 3736 1271 Διὸ
3770 1219 3828 1271 καὶ

2278 1302 2535 1373 Ἰωάννης
2570 1306 2597 1359 ὁ
2630 1300 2916 1383 θεοφόρος,
2961 1307 3034 1368 ὡς
3088 1307 3154 1361 τὰ
3212 1307 3384 1361 πάντα
3440 1305 3724 1377 πληροῦσης
3765 1312 3832 1374 τῆς

2277 1392 2431 1465 ἁγίας
2468 1391 2720 1466 Τριὰδος,
2753 1394 2875 1466 περὶ
2932 1399 3029 1449 τοῦ
3089 1400 3228 1450 Θεοῦ
3288 1394 3460 1470 Λόγου
3514 1396 3730 1473 punire:
3775 1395 3834 1455 Εἷς

2274 1482 2340 1534 τὰ
2371 1478 2481 1536 ἴδια
2536 1481 2694 1551 ἦλθε,
2748 1484 2835 1538 καὶ
2897 1485 2949 1538 οἱ
2997 1481 3139 1538 ἲδιοι
3196 1483 3357 1540 αὐτὸν
3417 1483 3476 1539 οὗ
3522 1479 3832 1557 παρέλαδον.»

2278 1572 2404 1634 Καθ’
2438 1571 2575 1643 ὑμᾶς
2606 1569 2661 1627 δὲ
2690 1572 2819 1634 τοὺς
2851 1574 3215 1647 Μανιχαίους,
3272 1572 3372 1629 οὐκ
3422 1573 3495 1636 εἰς
3535 1574 3596 1626 τὰ
3636 1570 3729 1627 ἴδια
3764 1570 3836 1639 ἧλ-

2277 1671 2386 1727 θεν,
2422 1659 2568 1715 ἀλλὰ
2600 1662 2814 1733 μᾶλλον
2875 1662 2951 1725 εἰς
3000 1664 3066 1717 τὰ
3120 1661 3409 1737 ἀλλότρια·
3462 1661 3513 1717 εἴ
3553 1682 3611 1736 γε
3651 1666 3716 1733 τῷ
3752 1668 3836 1731 τῆς,

2275 1747 2415 1818 ὕλης
2443 1748 2651 1819 ἐπῆλθε
2678 1751 2854 1823 τόπῳ,
2887 1751 2982 1814 τὰς
3012 1753 3196 1827 ψυχὰς
3225 1751 3277 1807 έν
3312 1750 3584 1826 ἀλλοτρίῳ
3624 1750 3751 1822 τύπῳ
3774 1771 3839 1804 τε·

2276 1836 2583 1911 πεδημὲνας
2638 1841 2757 1903 καθ’
2815 1841 2952 1912 ὑμᾶς
3013 1840 3353 1914 βουλόμενος
3404 1841 3669 1895 ἀνασῶσαι·
3742 1837 3839 1891 ὥστε

2277 1927 2367 1982 καὶ
2402 1925 2474 1982 δι’
2502 1930 2577 1983 ὦν
2609 1928 2920 1985 ἀνεκαλέσω
2947 1931 3048 1998 τὴν
3096 1932 3279 2004 τομὴν
3335 1933 3438 1999 τήν
3480 1928 3736 1999 πολλάκις,
3772 1928 3841 1981 ὑπὸ

2278 2020 2375 2071 σοῦ
2406 2016 2719 2093 λεχθεῖσαν,
2764 2017 3013 2092 οἰόμενος
3070 2017 3421 2093 έκφεύξεσηαι
3477 2026 3571 2088 τῆς
3622 2017 3742 2081 θείας
3777 2014 3839 2068 οὖα

2279 2105 2396 2169 σίας
2422 2108 2522 2175 τὴν
2554 2106 2858 2182 ἀφαίρεσιν,
2893 2106 3006 2162 οὐδ’
3056 2105 3253 2176 οὕτως,
3306 2107 3643 2185 ἐκπέφευγας,
3682 2106 3742 2166 εἷς
3776 2106 3840 2171 τήν

2279 2194 2447 2263 αὐτὴν
2502 2190 2745 2251 ἀσέϐειαν
2804 2196 3243 2271 περιπέπτωκας.
3303 2195 3462 2254 Ἀλλ’
3535 2196 3643 2260 ὅθεν
3690 2190 3840 2263 έξὲῧην,

2277 2288 2360 2356 τῷ
2388 2282 2544 2359 λόγῳ
2574 2283 2740 2340 πάλιν
2791 2283 3064 2358 έπάνειμι.
3121 2286 3443 2360 ’Δπόκριναι
3490 2285 3596 2340 οὖν·
3637 2281 3726 2353 ὅλη
3763 2281 3845 2344 καθ’

2281 2372 2497 2441 έαυτῆν,
2529 2372 2650 2428 am
2680 2380 2780 2443 τῆς
2809 2374 2945 2449 πρὸς
2997 2374 3126 2430 Θεὸν
3159 2376 3519 2449 συγκράσεως,
3575 2371 3705 2441 ἁπλῆ
3746 2370 3845 2425 ἐστιν

2279 2459 2317 2531 ἤ
2349 2460 2600 2524 σύνθετος
2626 2482 2642 2531 ;

2354 2554 2429 2610 M.
2466 2551 2747 2615 Σύνθετος.

2353 2642 2417 2698 0.
2453 2642 2537 2711 Ἐξ
2571 2638 2759 2695 ἁπλῶν
2794 2639 2853 2696 δὶ
2879 2641 2942 2696 τὸ
2972 2639 3223 2696 σύνθετον
3254 2640 3463 2716 γίνεται
3492 2659 3507 2710 ;

2352 2736 2423 2786 Μ.
2453 2729 2641 2792 Οὕτως
2670 2728 2807 2805 ἔχει.

2353 2822 2418 2877 Ο.
2454 2820 2519 2877 Εἴ
2546 2819 2724 2875 τοίνυν
2754 2819 3005 2883 σύνθετος
3037 2821 3071 2889 ἡ
3100 2817 3232 2890 ὕλη,
3293 2817 3467 2889 δῆλον
3518 2819 3588 2881 ὡς
3627 2817 3713 2871 ὑπό
3749 2832 3850 2871 τινος

2282 2909 2467 2981 ἑτέρου
2517 2910 2865 2973 συντέθειται·
2924 2906 3104 2972 οὐδεὶς
3148 2909 3250 2984 γὰρ
3309 2907 3500 2964 ἓαυτὸν
3550 2907 3671 2982 πρὸς
3719 2904 3853 2959 σύνθεο

2282 3019 2363 3052 σιν
2399 2995 2538 3072 ἄγει·
2598 3002 2715 3060 πῶς
2776 2998 2866 3052 οὗν
2927 2998 3013 3066 ὑφ’
3067 2996 3252 3072 ἑτέρου
3313 2999 3628 3063 συντιθεῖσα,
3677 2990 3849 3065 ἄνιρχὸς

2283 3086 2423 3142 ἐστιν
2451 3106 2464 3156 ;
2497 3086 2723 3149 ’Ἄλλως
2754 3108 2813 3142 τε
2840 3088 2907 3141 τὰ
2936 3086 3177 3153 σύνθετα,
3225 3086 3289 3142 ὲκ
3338 3085 3608 3160 διαφόρων
3650 3082 3848 3138 συντέθει-

2282 3197 2393 3245 ται,
2424 3178 2896 3252 προϋπαρχόντων
2928 3177 3023 3249 μὶν
3057 3176 3130 3237 ὡς
3162 3177 3226 3231 τὸ
3264 3174 3537 3248 ἤλεκτρον
3582 3175 3638 3228 τὸ
3678 3172 3726 3227 ἐκ
3753 3189 3851 3243 χρυ-

2285 3265 2403 3320 σίου
2487 3265 2575 3320 καὶ
2655 3265 2892 3340 ἀργύρου
2973 3266 3233 3321 συντεθέν·
3325 3263 3759 3339 συνθεωρούμενον
3800 3256 3849 3317 ὣς

2273 3353 2398 3423 ἥτις
2427 3353 2639 3430 κεφαλή
2674 3353 2725 3424 ἐξ
2753 3352 2953 3409 ὀστέων
2985 3355 3072 3409 καὶ
3118 3358 3363 3429 σαρκῶν,
3415 3353 3506 3410 καὶ
3556 3353 3754 3425 ὐμένων,
3788 3342 3848 3399 καὶ

2272 3442 2511 3515 νεύμων·
2540 3446 2707 3498 ταῦτα
2734 3443 2839 3519 γὰρ
2899 3444 3011 3515 ἅμα
3070 3442 3297 3513 συνέστη
3360 3440 3593 3521 διάφορα
3638 3438 3757 3506 ὄντα,
3788 3430 3850 3487 ιιὶ

2275 3529 2529 3604 οὐδαμῶς
2580 3528 2803 3587 ἕκαστον
2861 3533 3174 3605 προϋπέστη
3228 3539 3331 3601 τῆς
3390 3530 3443 3604 ἐξ
3516 3530 3673 3585 αὐτῶν
3719 3542 3850 3580 συντε-

2276 3621 2459 3691 θείσης
2508 3620 2771 3697 κεφαλῆς·
2807 3622 2841 3690 ἡ
2892 3619 2998 3691 ὕλη
3059 3621 3153 3676 οὗν
3212 3621 3257 3676 εἷ
3321 3619 3572 3685 σύνθετός
3627 3616 3741 3684 ἐστι,
3788 3609 3852 3665 καί

2276 3710 2413 3779 αὐτή
2449 3709 2629 3764 οὐκέτι
2676 3708 2823 3765 ἔσται
2884 3708 2983 3782 μία
3036 3708 3210 3785 ἀρχὴ,
3273 3709 3423 3766 ἀλλᾶ
3478 3707 3613 3764 πολὺ
3667 3701 3851 3767 πλείους,

2274 3798 2411 3868 αὐτή
2440 3800 2558 3854 καθ’
2592 3800 2786 3869 ἑαυτὴν
2815 3798 3066 3862 σύνθετος
3124 3796 3260 3854 οὖσα
3315 3799 3412 3854 καὶ
3471 3798 3593 3854 ἃνευ
3628 3802 3714 3863 τῆς
3755 3786 3851 3863 πρός

2276 3888 2403 3944 Θεὸν
2437 3887 2749 3953 συνθέσεως.

2348 4159 2424 4215 Μ.
2457 4155 2667 4225 Ἀπλῆν
2701 4154 2793 4212 οὖν
2826 4157 2932 4234 φὴς
2966 4157 3225 4226 εἶναιτὴν
3260 4154 3403 4226 ὕλην
3431 4175 3447 4225 ;

2346 4251 2410 4306 0.
2444 4248 2581 4323 Οὐχ⁹
2612 4247 2793 4313 ἁπλῆν
2827 4248 2959 4303 εἶναι
2992 4247 3140 4323 λέγω
3168 4248 3273 4316 τήν
3304 4247 3467 4318 ὕλην,
3516 4242 3653 4301 ἀλλὰ
3691 4234 3849 4297 δειλινῦ-

2273 4358 2362 4391 ναι
2396 4336 2735 4411 βουλόμενος
2768 4335 2851 4392 ὅτι
2886 4336 2985 4391 οὐκ
3011 4333 3251 4411 ἅναρχός
3283 4336 3451 4404 ἐστιν,
3484 4330 3604 4389 οὐδὲ
3652 4331 3849 4404 ἀγένητος

2276 4426 2352 4483 ὡς
2410 4426 2473 4480 σὺ
2525 4427 2651 4503 φής·
2707 4425 2798 4481 καὶ
2854 4425 2937 4481 ’ὁτι
2999 4424 3090 4480 σὺν
3144 4430 3264 4487 ταῖς
3322 4423 3607 4492 ποιότησιν
3660 4420 3745 4475 ὑπὸ
3783 4415 3849 4469 tua

2276 4519 2630 4589 Δημιουργοῦ
2681 4516 2970 4589 παρήχθη·
3029 4518 3137 4569 τῶν
3192 4513 3319 4589 περὶ
3380 4514 3551 4580 αὐτὴν
3606 4507 3845 4573 ποιοτήτων

511 4610 690 4675 prout
719 4604 905 4675 ipsius
938 4601 1189 4657 creatori
1222 4602 1338 4655 Deo
1370 4599 1680 4670 placuerit.
1734 4599 1877 4651 Nam
1931 4598 1978 4651 si
2011 4601 2167 4651 esset

2275 4602 2698 4676 ἀλλαττομένων
2730 4603 2809 4658 ἀεὶ
2841 4604 2931 4658 καὶ
2968 4599 3435 4675 μεταϐαλλουσῶν
3469 4601 3640 4671 ἆλλης
3679 4595 3740 4656 εἱς
3780 4589 3845 4646 ἆλ-

510 4693 784 4765 simplex,
817 4690 1114 4763 quomodo
1162 4707 1230 4744 ex
1276 4705 1395 4744 uno
1447 4685 1725 4757 simplici,
1776 4686 2024 4741 materia
2070 4686 2164 4740 in-

515 4800 715 4855 quam,
750 4781 1081 4853 composita
1112 4780 1325 4834 ﬂerent
1354 4777 1646 4848 corpora?
1684 4776 1988 4841 Quomodo
2022 4777 2162 4831 item

513 4874 576 4929 in
609 4891 727 4931 uno
780 4871 1059 4944 simplici,
1109 4870 1359 4926 materia
1403 4868 1650 4931 scilicet,
1705 4866 1819 4920 duo
1867 4866 2164 4921 contraria

517 4963 1043 5035 deprehendimus,
1071 4960 1513 5033 generationem
1560 4961 1617 5012 et
1664 4956 2106 5026 corruptionem
2138 4954 2165 5010 ?

512 5054 676 5119 Quod
709 5054 757 5109 si
790 5070 859 5109 ex
890 5053 1019 5124 ipsa
1068 5056 1208 5106 sunt
1237 5064 1507 5120 corpora,
1558 5046 1766 5102 eadem
1799 5062 2035 5116 quoque
2094 5062 2164 5102 ex

514 5158 574 5196 se
606 5145 736 5214 ipsa
781 5160 997 5213 corpus
1048 5141 1193 5206 erit;
1245 5156 1383 5194 nam
1434 5136 1590 5209 quod
1640 5140 1729 5191 est
1774 5136 2041 5207 genitum
2094 5152 2163 5190 ex

517 5230 717 5300 aliquo
750 5248 1018 5303 corpore,
1071 5230 1268 5301 ipsum
1301 5243 1535 5299 quoque
1592 5242 1805 5295 corpus
1852 5230 1959 5279 est.
2008 5226 2163 5281 106

511 5318 675 5382 Quod
708 5319 757 5373 si
788 5336 1003 5391 corpus
1034 5319 1287 5375 materia
1307 5323 1416 5384 est,
1451 5332 1585 5388 ergo
1619 5313 1965 5384 composita.
1998 5314 2163 5379 Quod

513 5404 561 5459 si
597 5409 949 5478 composito,
981 5424 1102 5464 non
1136 5414 1225 5464 est
1254 5407 1540 5473 increata,
1574 5410 1640 5460 ut
1667 5405 1781 5460 fuit
1801 5405 2168 5461 demonstra-

507 5499 655 5550 tum.

573 5699 592 5736 ι
622 5698 791 5755 Joan.
822 5715 931 5767 xiv,
970 5703 1055 5755 u.
1130 5700 1151 5735 ²
1178 5701 1342 5756 Joan.
1378 5717 1487 5769 xvx,
1523 5702 1609 5755 i5.
1684 5700 1705 5736 ⁸
1734 5701 1902 5757 Joan.
1937 5718 1981 5772 ι,
2025 5701 2112 5759 il.

2275 4688 2377 4762 λην
2433 4693 2558 4747 ’ὁταν
2620 4692 2924 4765 παρασταίη
2979 4696 3058 4763 τῷ
3112 4695 3284 4747 ταῦτα
3338 4688 3692 4766 παραγαγόντι

2273 4781 2318 4837 εἷ
2351 4783 2454 4857 γὰρ
2485 4763 2704 4844 ἁπλοῦς.
2742 4780 2876 4849 ἐστι,
2934 4786 3055 4844 πῶς
3114 4780 3164 4854 ἐξ
3217 4781 3335 4843 ἑνὸς
3387 4763 3588 4847 ἁπλοῦ,
3641 4770 3757 4854 φημῖ
3798 4763 3843 4857 δή

2268 4853 2373 4940 τῆξ
2418 4853 2580 4941 ῧλης,
2610 4871 2677 4926 τὰ
2734 4870 2958 4926 σύνθετα
3008 4853 3194 4947 γέγονε
3245 4870 3514 4944 σώματας
3572 4853 3680 4925 Πῶς
3725 4858 3767 4914 δὶ

2269 4964 2350 5031 τῷ
2381 4958 2456 5014 ἒνὶ
2487 4961 2670 5031 ἁπλῷ,
2825 4957 2950 5033 ὕλῃ,
3010 4943 3106 5014 δύο
3166 4958 3382 5014 ἐναντία
3440 4956 3739 5032 εὑρίσκεμεν,
3781 4943 3844 5019 τί·

2271 5044 2413 5101 νεσίν
2441 5067 2500 5101 τε
2545 5045 2635 5101 καὶ
2687 5045 2938 5123 φθοράν;
2998 5045 3061 5103 Εἰ
3112 5043 3173 5100 δὶ
3228 5043 3279 5118 ἐξ
3330 5045 3501 5114 αὐτῆς
3546 5045 3609 5098 τὰ
3656 5040 3839 5107 σώματι,

2274 5139 2432 5209 σῶμα
2463 5134 2707 5205 ἐξαυτῆς
2739 5134 2825 5189 καὶ
2860 5133 2996 5205 αὕτη
3066 5132 3235 5189 ἔσται·
3288 5136 3350 5190 τὸ
3406 5136 3504 5210 γὰρ
3559 5124 3834 5210 γεγενημῆον

2274 5222 2334 5279 ἔκ
2354 5244 2503 5285 τινος
2536 5224 2810 5296 σώματος,
2843 5227 3003 5296 σῶμα
3043 5224 3301 5298 ὑπάρχει·
3336 5222 3385 5279 εἶ
3419 5221 3476 5278 δέ
3528 5226 3668 5291 σῶμα
3691 5218 3718 5282 ἠ
3743 5207 3834 5298 ἕλην

2271 5313 2361 5368 καὶ
2422 5313 2695 5377 σύνθετος·
2756 5312 3004 5374 σύνθετος
3055 5309 3113 5366 δέ
3158 5311 3531 5387 τυγχάνουσα,
3600 5306 3685 5361 οὐκ
3734 5294 3832 5354 ιπι*

2272 5402 2552 5479 ἀγένητος,
2585 5403 2659 5464 ὡς
2692 5398 3096 5460 ἀποδέδεικται.
