4040 6204
151 325 303 383 1325

934 342 1250 400 JOANNIS
1285 345 1701 404 ORTHODOXI
1739 350 2165 410 DIBPUTATIO
2199 358 2353 414 CUM
2390 363 2811 421 MANICHEO.

3434 374 3582 434 1³326

232 452 308 509 Μ.
348 450 520 516 Πόθεν
571 455 662 510 οὗν
692 456 845 513 νόσοι
902 461 993 515 καὶ
1050 464 1296 535 θάνατοι,
1357 466 1449 521 καὶ
1499 469 1567 522 τὰ
1594 473 1793 524 τοιαῦτέ

252 542 390 568 .-.....‘.
426 560 439 568 .
473 541 539 568 οδ
570 543 669 568 -__\_
762 547 775 564 ε
822 547 869 568 υ
932 549 983 568 cn
1134 553 1144 564 ι
1209 553 1220 568 ο
1505 554 1519 568 ι
1565 554 1578 568 ι.
1705 558 1715 568 .

1999 475 2069 530 Μ.
2112 477 2418 568 lindenam
2462 500 2599 557 ergo
2643 486 2857 555 morbi,
2887 492 2945 545 et
2991 494 3237 560 mortes,
3272 498 3331 549 et
3358 496 3581 568 hujus-

144 540 225 594 τᾶ
252 542 393 595 κακὰ
426 560 439 609 ;
473 541 539 595 Ei
569 543 673 619 γὰρ
709 547 783 618 μή
819 547 869 617 ἐξ
930 549 1069 621 ὕλης
1127 553 1373 628 ἁνάρχου
1431 554 1522 609 καὶ
1554 554 1817 631 άγενήτου

146 629 245 683 καὶ
277 628 432 702 φύσει
461 639 633 701 κακῆς
689 639 859 691 ταῦτα
908 640 1190 715 τυγχάνει,
1225 644 1253 697 ὁ
1284 644 1411 705 Θεὸς
1443 643 1614 706 αἴτιος
1669 643 1819 700 ἔσται

143 724 253 787 τῆς
277 718 489 775 τούτων
518 742 605 795 γεν
614 723 801 786 ἐσεως.

227 826 290 881 Ο.
324 824 392 881 Τί
438 827 540 902 γάρ
588 829 725 884 κατά
778 831 1027 903 νομίζεις
1076 836 1173 897 τὰς
1205 836 1398 902 νόσους
1456 840 1546 893 καὶ
1600 840 1692 894 τὸν
1726 839 1818 904 θά-

142 915 577 982 νατονςΚαίτοι
631 922 859 982 θάνατος
915 924 1009 993 μὲν
1065 922 1348 1001 ἐλευθεροῖ
1402 932 1499 981 τοῦ
1558 930 1816 999 σώματος

141 1002 252 1069 τήν
304 1005 513 1078 ψυχήν,
569 1008 657 1061 καὶ
714 1012 813 1063 τοῦ
871 1006 1075 1083 δεσμοῦ
1106 1020 1205 1082 τῆς
1263 1014 1401 1085 ὕλης
1454 1014 1814 1072 ἀπαλλάττω

143 1089 314 1152 νόσος
346 1090 404 1146 δὲ
446 1092 615 1149 πάλιν
671 1098 827 1167 τήκει
885 1100 947 1153 τὸ
998 1105 1178 1173 σῶμα,
1237 1102 1418 1179 ὥσπερ
1477 1104 1539 1159 σὺ
1569 1105 1816 1178 νομίζεις

108 1184 319 1253 .σῶμα
374 1184 538 1238 κακὸν
602 1185 852 1262 ὑπάρχον
887 1207 899 1220 ⁸
955 1189 1229 1254 πολλάκις
1290 1191 1347 1247 δὲ
1404 1194 1493 1249 καὶ
1553 1195 1817 1268 ἁμαρτίας

147 1269 390 1345 ἐνεργεῖν
447 1272 655 1328 κωλυει
684 1277 719 1344 ἡ
749 1277 928 1343 νόσος,
964 1278 1022 1340 ἃς
1077 1275 1300 1355 ἔπραξεν
1347 1281 1407 1336 ἂν
1460 1284 1488 1338 ὁ
1536 1289 1734 1354 νοσῶν,
1770 1283 1818 1339 ei

148 1359 232 1429 μή
264 1361 334 1432 τῇ
366 1361 509 1432 νόσῳ
541 1361 838 1433 πεπήδετο’
886 1363 1075 1429 ἄλλως
1119 1389 1179 1423 τε
1216 1369 1503 1448 ἀπόκριναί
1540 1393 1636 1445 μοι
1680 1392 1814 1427 πυν-

144 1447 464 1521 θανομένῳ,
498 1448 675 1521 δεῖτή
707 1454 897 1507 κακίαν
935 1461 1108 1527 μισεῖν
1144 1476 1158 1527 ;

229 1538 309 1592 Μ.
340 1538 475 1596 Ναί.

221 1629 287 1681 0.
326 1631 452 1689 Πῶς
486 1628 577 1682 οὖν
608 1630 832 1700 ταύτην,
857 1632 925 1701 ἢν
958 1638 1134 1705 μισεῖν
1160 1643 1503 1710 προσποιεῖς,
1540 1638 1813 1714 μεγίστως

144 1718 355 1785 τιμᾷς;
387 1716 582 1789 ὁμοίαν
635 1718 802 1789 αὐτὴν
854 1720 1024 1798 λέγων
1084 1727 1161 1795 τῷ
1218 1725 1408 1800 ἀγαθῷ
1466 1732 1602 1800 Θεῷ,
1637 1726 1809 1783 ἀίδιόν

142 1823 207 1857 τε
236 1803 330 1857 καὶ
366 1803 607 1881 ἄναρχον
639 1808 729 1862 καὶ
760 1808 1036 1884 ἀγένητον.
1696 1828 1699 1829 ⁷

224 1917 301 1969 Μ.
363 1912 486 1988 Οὐχ
544 1914 741 1987 ομοίαν
800 1917 969 1985 αὐτὴν
1020 1923 1284 1991 ποιοῦμεν
1343 1926 1424 1992 τῷ
1455 1922 1635 1998 ἀγαθῷ
1669 1929 1807 1997 Θεῷ⁸

152 1997 381 2072 οἴδαμεν
418 2002 521 2076 γὰρ
552 2003 643 2057 τὸν
676 2005 803 2059 Θεὸν
832 2008 923 2060 τὸν
972 2005 1218 2080 ὕψιστον,
1254 2010 1475 2084 ἀγαθὸν,
1509 2011 1807 2089 φωτοειδῆ,

149 2091 586 2167 παντοκράτορα·
646 2092 696 2147 εἷ’
746 2095 837 2148 καὶ
896 2094 1135 2171 ἄναρχος
1195 2096 1287 2151 οῦν
1346 2101 1381 2168 ἡ
1439 2100 1617 2173 κακία,
1664 2100 1810 2158 ἀλλά

145 2176 299 2232 πολὺ
328 2179 425 2233 τοῦ
456 2184 589 2235 Θεοῦ
621 2179 865 2241 ἀποδὲει.

212 2357 531 2420 Ο.Ἔοικκς
578 2358 789 2434 ἀγνοεῖν
848 2360 932 2416 ὅτι
989 2362 1052 2417 τὸ
1110 2362 1310 2438 ἀγαθὸν
1363 2364 1455 2419 καὶ
1511 2366 1804 2442 φωτοειδὲς

130 2447 236 2498 τοῦ
271 2450 405 2500 Θεοῦ
436 2448 527 2501 καὶ
558 2447 635 2510 εἷς
678 2448 807 2511 τοὺς
866 2449 1051 2525 ἁγίους
1106 2452 1393 2528 ἀγγέλους,
1428 2454 1517 2508 καὶ
1549 2455 1627 2519 εἷς
1656 2458 1802 2529 ἡμᾶς

130 2532 269 2596 τοὺς
326 2534 689 2610 ἀνθρώπους,
748 2537 874 2608 ἤτοι
945 2539 1213 2614 χάρισμα,
1266 2541 1470 2616 ιιιδθςὶνει⁹
1532 2545 1561 2598 ’ὀ
1615 2544 1803 2617 μέντοι

129 2625 236 2692 τῆς
293 2624 438 2688 θείας
497 2625 707 2701 φύσεώς
765 2627 875 2683 ἐστι
932 2633 1427 2704 χαρακτηριπικόν
1467 2634 1529 2687 τὸ
1560 2632 1799 2710 ἄναρχον

133 2713 230 2767 χοὶ
262 2714 546 2788 ἀγένητον,
586 2720 752 2771 τοῦτο
800 2716 852 2771 ἐν
899 2715 1075 2773 οὐδενὶ
1136 2724 1244 2774 τῶν
1274 2718 1460 2775 ἄλλων
1522 2721 1801 2798 ὲνθεωρεῖ-

132 2821 249 2856 ταν
304 2802 349 2857 εἰ
406 2799 463 2859 δὲ
492 2806 559 2877 τῇ
618 2805 778 2877 κακίᾳ
831 2802 994 2869 δίδως
1040 2806 1107 2862 τὰ
1159 2808 1364 2885 κυρίως
1420 2810 1510 2863 καὶ
1568 2813 1801 2886 πρώτως

136 2894 616 2966 χαρακτηριστικὰ
642 2898 742 2959 τῆς
790 2894 936 2959 θείας
993 2898 1228 2973 φύσεως,
1278 2902 1395 2960 πῶς
1447 2899 1557 2973 οὐχ
1609 2900 1800 2972 ὁμότι-

130 3000 241 3054 μος
266 2977 415 3036 ἔσται
461 2987 542 3054 τῷ
573 2988 741 3055 Θεῷ;
802 2983 938 3040 Εῖπὲ
987 2982 1044 3040 δὲ
1077 3006 1172 3058 μοι
1225 2991 1332 3041 ποῦ
1389 2990 1800 3065 παντοκράτορα

127 3067 311 3143 λὲγεις
340 3070 433 3126 τὸν
485 3072 640 3143 Θεὸν,
674 3070 723 3126 εἷ’
748 3093 808 3146 γε
834 3074 971 3129 κατὰ
1028 3074 1086 3129 σὶ
1137 3082 1237 3145 τῆς
1293 3075 1433 3147 ὕΛης
1484 3077 1574 3133 καὶ
1603 3083 1710 3134 τῶν
1744 3080 1796 3153 ἐξ

125 3158 301 3228 αὐτῆς
337 3157 491 3217 οὔπω
521 3162 852 3236 κεκράτηκεν
887 3182 903 3235 ;

198 3343 274 3395 Μ.
306 3336 467 3396 ἈλΛ’
495 3332 647 3394 ἔσται
678 3338 877 3415 καιρὸς
908 3338 1000 3395 ὅτι
1029 3340 1120 3397 καὶ
1148 3340 1318 3413 αὐτῆς
1344 3345 1625 3419 κρατήσει.

198 3516 267 3574 Ο.
327 3516 534 3572 Οὐκοῦν
594 3515 749 3573 οὔπω
806 3522 899 3573 νῦν
959 3518 1355 3596 παντοκράτωρ
1411 3519 1552 3577 ἐστίν
1586 3570 1602 3596 ,
1678 3523 1792 3579 ἐπεὶ

119 3603 282 3659 οῧπω
336 3607 633 3681 κεκράτηκε
682 3613 782 3677 τῆς
839 3604 1029 3663 ἀϊδίου
1081 3608 1229 3681 αύτῷ
1295 3609 1559 3681 συνούσης
1616 3609 1791 3683 ὕλης·

115 3690 433 3764 ὕστερονδὲ
463 3694 491 3748 ’ὁ
528 3696 604 3768 μή
651 3699 743 3749 νῦν
775 3690 919 3771 ἔχει,
977 3699 1406 3773 προσγενήσεται
1461 3698 1608 3772 αύτῷ
1657 3701 1795 3756 κατὰ

1932 564 2159 619 cemodi
2193 568 2352 624 mala
2379 570 2406 624 ?
2435 573 2577 627 Nam
2609 574 2656 628 si
2707 575 2833 631 haec
2885 594 2956 632 ex
3001 580 3254 636 materia
3282 564 3457 639 initio
3483 603 3581 642 ca-

1932 659 2121 721 rente,
2156 655 2439 727 increata,
2474 666 2532 715 et
2562 670 2771 736 suapte
2797 670 3011 722 natura
3029 669 3240 725 vitiosa
3270 687 3389 726 non
3422 681 3583 746 sunt,

1933 743 2089 798 Deus
2118 745 2331 802 horum
2364 765 2543 806 causa
2568 753 2701 808 erit.

2002 833 2065 888 Ο.
2109 835 2223 889 Cur
2251 854 2386 892 vero
2419 845 2483 894 tu
2539 842 2698 899 mala
2728 860 2859 899 esse
2901 846 3157 917 judicas,
3216 850 3455 907 morbos
3516 870 3585 909 ac

1927 927 2183 977 mortem
2215 924 2242 979 ?
2266 928 2418 982 Mors
2441 935 2599 984 certe
2637 933 2899 988 animam
2932 951 3180 1006 corpore
3202 938 3434 1006 liberat,
3468 946 3526 997 et
3551 958 3585 998 a

1928 1012 2193 1068 materias
2222 1015 2457 1071 vinculo
2489 1019 2695 1075 solvit:
2730 1022 2972 1079 morbus
3020 1026 3164 1080 item
3191 1044 3404 1099 corpus
3436 1047 3582 1087 con-

1928 1100 2132 1165 sumit,
2183 1105 2340 1173 quod
2394 1111 2456 1161 tu
2513 1124 2729 1180 corpus
2779 1112 3004 1168 malum
3056 1131 3185 1171 esse
3245 1118 3575 1178 existimas.

1926 1188 2089 1260 Saepe
2122 1191 2300 1247 etiam
2332 1200 2575 1265 peccata
2604 1201 2979 1256 committere
3009 1204 3285 1274 prohibet
3305 1206 3573 1276 morbus,

1925 1294 2057 1347 quze
2089 1280 2294 1351 utique
2324 1299 2479 1355 aeger
2505 1285 2896 1358 admississet,
2930 1290 3043 1346 nisi
3073 1292 3281 1349 morbo
3314 1295 3569 1367 impedio

1921 1371 2102 1422 retur.
2136 1369 2372 1441 Alioqui
2390 1375 2687 1445 responde
2712 1376 2859 1432 mihi
2888 1394 2901 1432 :
2937 1386 3248 1451 oportetne
3282 1385 3572 1442 malitiam

1922 1454 2120 1512 odisse
2143 1458 2170 1512 ?

1993 1546 2064 1599 M.
2091 1547 2238 1601 Vero
2265 1547 2534 1619 inquam.

1994 1632 2056 1687 Ο.
2091 1634 2206 1689 Cur
2234 1651 2371 1707 ergo
2420 1638 2597 1706 hanc,
2630 1657 2811 1711 quam
2854 1643 3054 1700 odisse
3095 1646 3362 1718 simulas,
3397 1648 3577 1721 pluri-

1922 1736 2085 1775 mum
2118 1723 2379 1781 houoras
2399 1726 2427 1781 ?
2453 1728 2593 1783 dum
2627 1746 2756 1785 eam
2782 1733 3040 1789 similem
3060 1734 3207 1790 dicis
3239 1736 3397 1792 bono
3433 1740 3572 1809 Deo,

1842 1834 1889 1899 Β
1922 1809 2350 1880 sempiternam
2381 1819 2559 1885 atque
2591 1816 2941 1876 increatam.

1993 1918 2062 1971 M.
2099 1919 2261 1974 Haud
2308 1922 2563 1977 similem
2618 1940 2747 1980 eam
2778 1926 3029 1983 facimus
3079 1928 3235 1985 bono
3268 1932 3386 1987 Deo
3419 1949 3432 1987 :
3467 1952 3573 1991 no-

1916 2006 2112 2061 vimus
2161 2010 2323 2063 enim
2386 2012 2567 2066 Deum
2610 2014 2992 2080 altissimum,
3034 2017 3278 2079 bonum.
3325 2021 3387 2075 in
3440 2022 3571 2079 luce

1916 2102 2271 2165 versantem,
2306 2101 2799 2171 omnipotentem.
2833 2106 3183 2177 QuanQuam
3216 2108 3394 2180 igitur
3419 2111 3567 2166 abs-

1916 2199 2030 2253 que
2088 2185 2258 2240 initio
2320 2193 2410 2242 est
2463 2190 2721 2259 malitia,
2766 2197 3028 2249 attamen
3087 2196 3261 2268 longe
3319 2198 3567 2255 inferior

1916 2272 2034 2327 Deo
2052 2279 2161 2330 est.
2848 2304 2853 2305 '

1985 2366 2049 2420 Ο.
2094 2366 2329 2420 Nescire
2377 2367 2617 2437 videris,
2669 2369 3025 2440 bonitatem,
3081 2378 3138 2428 et
3181 2374 3384 2430 lumen
3443 2378 3567 2445 Dei,

1914 2454 2134 2507 sanctis
2166 2455 2392 2526 angelis
2423 2473 2661 2528 quoque
2710 2460 2999 2531 nobisque
3049 2463 3394 2521 hominibus
3426 2466 3567 2521 doni

1912 2541 2101 2596 instar
2127 2544 2555 2600 communicari
2584 2564 2597 2611 ;
2631 2547 2734 2601 sed
2776 2553 2976 2604 tamen
3008 2552 3165 2621 quod
3214 2553 3426 2607 divinas
3457 2571 3565 2610 na-

1910 2635 2056 2684 turae
2085 2631 2631 2688 characteristicum
2663 2641 2770 2699 est,
2805 2642 2867 2689 ut
2915 2638 2962 2691 si
2998 2655 3209 2710 nempe
3242 2642 3395 2696 Deus
3426 2642 3565 2698 abs-

1909 2735 2022 2789 que
2046 2719 2216 2773 initio
2253 2726 2309 2775 et
2346 2722 2667 2793 ingenitus,
2700 2724 2759 2777 id
2803 2725 2864 2780 in
2906 2726 3023 2781 alio
3072 2730 3313 2783 nemine
3357 2730 3562 2785 obser-

1906 2807 2047 2860 vari.
2077 2807 2242 2871 Quod
2274 2808 2321 2862 si
2346 2814 2407 2863 tu
2438 2811 2680 2865 malitias
2731 2812 3003 2869 attribuis
3050 2832 3182 2886 quas
3214 2818 3562 2888 principali-

1906 2898 1997 2947 ter
2048 2896 2464 2967 praecipueque
2523 2899 3002 2957 charasteristica
3067 2904 3278 2959 divinas
3330 2913 3557 2962 natura;

1906 2989 2063 3049 sunt,
2099 2985 2309 3055 quidni
2341 2988 2469 3043 hinc
2511 2990 2639 3060 pari
2693 3007 2826 3045 cum
2879 2993 2997 3047 Deo
3050 2993 3275 3051 honore
3307 2996 3427 3052 sit?
3456 2998 3559 3053 Dic

1904 3072 2049 3128 item
2079 3074 2226 3129 mihi
2259 3076 2641 3147 quandonam
2665 3081 3137 3151 omnipotentem
3168 3085 3353 3140 Deum
3372 3085 3557 3142 fuisse

1821 3182 1865 3249 ρ
1902 3162 2185 3230 afﬁrmes,
2239 3164 2535 3235 siquidem
2586 3173 2641 3223 te
2685 3168 2891 3239 judice
2937 3171 3204 3228 nondum
3244 3174 3556 3232 materiam

1905 3250 2153 3323 ejusque
2180 3254 2423 3309 effectus
2458 3256 2757 3327 superavit
2783 3257 2811 3313 ‘I

1972 3360 2047 3413 M.
2104 3359 2217 3414 Sed
2275 3365 2508 3432 tempus
2572 3362 2811 3436 aderit,
2862 3382 2999 3423 cum
3056 3366 3249 3439 ipsam
3299 3385 3550 3443 supera-

1900 3446 2009 3502 bit.

1972 3537 2035 3590 Ο.
2086 3538 2234 3608 Ergo
2283 3537 2553 3594 nondum
2603 3542 2980 3614 omnipotens
3044 3552 3153 3616 est,
3199 3547 3339 3619 quia
3384 3564 3552 3605 coex-

1900 3624 2210 3680 sistentem
2253 3626 2304 3680 ei
2337 3628 2648 3683 materiam
2714 3631 2982 3687 nondum
3043 3635 3393 3707 superavit:
3443 3637 3549 3693 sed

1900 3718 2105 3783 postea
2131 3715 2289 3785 quod
2340 3732 2499 3771 nunc
2549 3735 2668 3773 non
2707 3719 2908 3787 habet,
2960 3723 3011 3777 ei
3060 3726 3457 3795 superveniet,
3490 3731 3549 3783 te

118 3780 201 3837 σέ·
240 3778 464 3855 δυνάμει
494 3784 595 3858 γὰρ
629 3788 720 3839 νῦν
776 3787 1173 3862 παντοκράτωρ
1235 3787 1519 3865 ὑπάρχων,
1554 3788 1791 3865 ὕστερων

1923 3802 2135 3858 udice:
2170 3821 2330 3859 nunc
2393 3806 2552 3860 enim
2601 3807 2782 3863 insita
2830 3815 3061 3865 tantum
3104 3813 3319 3869 virtute
3351 3815 3552 3870 omni-

119 3869 373 3946 ἐνέργεια
400 3875 704 3945 γενήσεται,
733 3873 783 3945 ἐξ
834 3872 1048 3938 ἁπλοῦς
1085 3874 1164 3936 εἷς
1194 3874 1520 3947 λελειότητα
1551 3876 1791 3953 ἐρχόμε-

116 3980 239 4021 νος.
272 3960 591 4036 Ἀπόκριναί
640 3983 734 4036 μοι
782 3967 901 4025 πῶς
929 3967 1019 4017 νῦν
1050 3963 1149 4018 οὐκ
1205 3960 1317 4019 ἔστι
1374 3968 1789 4043 παντοκράτωρ,

121 4048 207 4110 ὦς
256 4050 331 4121 μή
392 4047 719 4124 δυνάμενος,
752 4053 786 4123 ἢ
816 4052 889 4113 ὡς
925 4054 999 4125 μή
1038 4050 1376 4127 βουλόμενος
1410 4074 1424 4122 ;
1454 4054 1514 4111 Εἰ
1575 4058 1669 4128 μὲν
1719 4057 1793 4118 ὡς

122 4139 209 4210 μή
259 4133 586 4211 δυνάμενος,
645 4144 761 4202 πῶς
816 4140 963 4203 ὅλως
1012 4142 1457 4218 παντοκράτωρς
1518 4146 1631 4219 χρὴ
1688 4144 1789 4221 γὰρ

116 4226 261 4281 εἶναι
313 4230 728 4303 παντοκράτορα
783 4230 863 4284 ἀεὶ
902 4273 916 4298 ,
974 4232 1061 4284 καὶ
1121 4228 1574 4305 παντοδύναμον’
1636 4232 1682 4287 εἰ
1732 4231 1789 4288 δὲ

114 4315 201 4376 ὡς
239 4316 315 4387 μὴ
354 4315 692 4390 βουλόμενος
746 4321 965 4393 πρῶτον
1030 4320 1124 4391 μὲν
1173 4320 1445 4392 βασκαίνει
1478 4324 1545 4394 τῇ
1598 4342 1788 4394 σωτη-

114 4404 213 4480 ρίᾳ
240 4408 350 4459 τῶν
382 4406 707 4480 ἀνθρώπων,
757 4406 946 4463 ἔπειτα
976 4404 1035 4462 δὲ
1080 4408 1171 4463 καὶ
1228 4405 1401 4472 αἶ’τιος
1435 4412 1536 4479 τὴς
1594 4410 1786 4474 κακίας

112 4492 446 4569 εύρίσκεται·
498 4491 796 4570 δυνάμενος
858 4496 978 4570 μὲν,
1015 4497 1090 4569 μὴ
1155 4497 1497 4572 βουλόμενος
1530 4496 1587 4554 δὲ
1616 4499 1783 4570 αὐτὴν

113 4582 363 4653 ἀνελεῖν,

192 4762 273 4818 Μ.
306 4761 474 4827 Πόθεν
508 4762 601 4817 οῦν
630 4783 661 4817 τ
732 4762 905 4833 κατά;

185 4854 257 4908 0.
313 4852 428 4908 Οὐκ
485 4851 787 4925 ἀκολουθίᾳ
834 4852 943 4923 τινὶ
1002 4852 1199 4928 λογικῇ
1246 4856 1281 4923 ἡ
1315 4855 1582 4928 ἐρώτησις
1636 4859 1785 4930 παρὰ

109 4944 217 4997 σοῦ
272 4943 585 5017 γεγένηταν
618 4944 731 5019 χρὴ
789 4942 891 5019 γάρ
949 4941 1150 4999 εἰδέναι
1204 4944 1250 5000 εἰ
1309 4944 1422 5001 ἔστι
1471 4947 1635 5002 κακὸν
1689 4947 1782 5003 καὶ

103 5031 162 5087 τί
193 5030 311 5086 ἐστι
340 5033 531 5088 κακόν·
563 5030 663 5088 εἴθ’
702 5029 848 5088 οὕτω
882 5038 1117 5105 ζητῆσαι
1148 5034 1312 5090 πόθεν
1341 5036 1675 5094 συνίσταται.

184 5216 267 5268 Μ.
302 5207 456 5265 Οὕτω
489 5213 839 5285 ζητήσωμεν.

185 5300 255 5356 0.
286 5300 411 5355 Τῶν
442 5294 614 5356 ὄντων
645 5300 713 5356 τὰ
744 5302 840 5372 μὶν
895 5300 1037 5357 ἔστιν
1090 5301 1269 5372 οὑσία,
1300 5301 1366 5358 τὰ
1411 5300 1469 5358 δὶ
1498 5304 1729 5376 ποιότης
1765 5347 1779 5374 ,

98 5388 173 5444 τὰ
206 5385 268 5443 δὲ
318 5387 575 5466 ἐνέργεια.
639 5389 741 5445 Καὶ
791 5389 975 5445 ούσεία
1027 5391 1122 5464 μὲν
1181 5389 1324 5446 ἐστιν
1356 5390 1589 5466 ἐγὼ,σὺ·
1618 5392 1782 5449 ποιό-

98 5499 230 5548 της,
264 5476 483 5546 λευκὸν,
537 5476 732 5551 μέλαν,
790 5478 987 5553 γλυκὺ,
1018 5480 1235 5555 πικρὸν,
1265 5480 1357 5535 καὶ
1411 5480 1509 5536 ὅσα
1558 5486 1782 5537 τοιαῦτα

105 5588 163 5622 εν
202 5566 687 5641 ὗποκειμέιμένοις
743 5569 959 5641 σώμασι
994 5568 1366 5644 θεωρούμενα*
1400 5567 1780 5643 ἐπιτηδειότης

106 5656 196 5726 δὲ,
224 5658 366 5733 πρὸς
393 5657 461 5727 ἢν
524 5658 791 5736 πεφύκασι
822 5659 895 5715 τὰ
941 5661 1208 5741 γεγονότα
1268 5661 1498 5734 σώματα
1555 5658 1781 5736 δυνάμει

1814 4545 1862 4609 Β

1897 3897 2108 3961 potens
2153 3898 2263 3957 est,
2314 3900 2519 3964 postea
2549 3901 2609 3950 et
2637 3902 2771 3952 actu
2822 3899 2957 3954 talis
3006 3901 3138 3969 erit,
3190 3918 3260 3957 ex
3293 3903 3549 3976 simplici

1897 3981 1970 4035 ad
1992 3981 2420 4052 perfectionem
2477 4002 2847 4055 progressus.
2883 3991 3194 4061 Responde
3240 3992 3408 4059 mihi,
3443 4010 3550 4048 cur

1896 4069 2071 4124 modo
2105 4088 2224 4125 non
2259 4073 2332 4126 sit
2382 4075 2784 4146 omnipotens,
2836 4094 2979 4132 num
3028 4080 3168 4149 quia
3210 4082 3437 4151 nequit,
3471 4099 3547 4138 an

1895 4159 2035 4228 quia
2054 4175 2175 4214 non
2204 4160 2327 4215 vult
2353 4161 2382 4216 ?
2413 4164 2555 4217 Nam
2588 4164 2637 4218 si
2665 4165 2805 4235 quia
2834 4166 3061 4237 nequit,
3096 4169 3393 4237 quomodo
3425 4186 3551 4224 om-

1893 4247 2036 4303 nino
2068 4248 2145 4303 sit
2175 4249 2555 4320 omnipotens
2581 4252 2609 4306 ‘I
2655 4254 2898 4323 Oportet
2926 4255 3087 4309 enim
3141 4272 3278 4311 eum
3312 4274 3549 4329 semper

1894 4352 2023 4390 esse
2072 4338 2565 4408 omnipotentem,
2599 4344 2657 4394 et
2688 4342 2850 4396 omni
2894 4343 2948 4396 vi
2987 4343 3326 4415 praeditum.
3377 4347 3544 4411 Quod

1892 4424 1941 4479 si
1975 4426 2114 4495 quia
2152 4442 2272 4481 non
2304 4414 2451 4487 vult.
2483 4428 2677 4499 primo
2722 4430 2965 4501 quidem
3015 4432 3241 4489 invidet
3271 4435 3551 4491 humanas

1893 4513 2092 4581 saluti,
2148 4514 2363 4571 deinde
2420 4522 2480 4572 et
2538 4517 2781 4575 malitiae
2840 4537 3020 4578 causa
3075 4539 3206 4579 esse
3254 4526 3549 4597 comperi-

1892 4607 2006 4669 tuc,
2039 4603 2181 4674 quia
2237 4621 2373 4660 cum
2416 4607 2628 4677 possit,
2698 4624 2822 4665 non
2868 4610 2995 4667 vult
3047 4628 3178 4668 eam
3222 4612 3295 4669 de
3351 4614 3550 4672 medio

1895 4691 2128 4748 tollere.

1963 4782 2035 4836 Μ.
2069 4780 2233 4838 Unde
2266 4780 2449 4855 igitur
2478 4784 2637 4841 mala
2664 4785 2693 4842 ?

1963 4869 2027 4925 Ο.
2070 4869 2238 4925 Haud
2282 4871 2559 4928 rationali
2607 4876 3045 4946 consequentia
3092 4893 3128 4933 a
3170 4882 3229 4933 te
3288 4879 3547 4938 interro-

1890 4961 2091 5029 gatum
2133 4963 2260 5014 est:
2304 4965 2538 5031 Oportet
2586 4963 2752 5018 enim
2796 4979 2873 5019 an
2919 4965 3000 5021 sit
3035 4966 3283 5037 malum,
3316 4974 3377 5025 et
3403 4970 3547 5041 quid

1892 5047 1971 5102 sit
2017 5046 2193 5117 scire,
2243 5051 2371 5104 tum
2428 5049 2669 5107 demum
2719 5052 3033 5125 exquirere
3080 5055 3383 5114 undenam
3433 5075 3544 5115 ex-

1893 5135 2083 5191 sistat.

1963 5225 2035 5278 M.
2069 5225 2218 5280 Sane
2250 5224 2333 5281 ita
2361 5226 2765 5297 exquiramus.

1962 5312 2027 5368 Ο.
2061 5314 2201 5377 Quae
2254 5314 2535 5384 existunt,
2568 5317 2807 5387 partim
2840 5317 3175 5379 substantia
3203 5329 3363 5393 sunt,
3412 5343 3547 5398 par-

1896 5401 2001 5455 tim
2052 5401 2330 5471 qualitas,
2379 5405 2593 5475 partim
2642 5406 2726 5461 vis
2772 5407 2978 5464 activa.
3031 5410 3369 5470 Snbstantia
3414 5418 3550 5487 qui-

1894 5489 2050 5557 dem,
2084 5507 2188 5563 ego
2220 5498 2279 5547 et
2308 5498 2409 5547 tu:
2455 5494 2733 5563 qualitas,
2775 5496 2999 5567 album,
3035 5500 3292 5573 nigrum,
3345 5505 3541 5576 dulce,

1892 5596 2183 5649 amarum,
2243 5586 2297 5635 et
2355 5582 2528 5652 siqua
2584 5583 2703 5640 alia
2752 5585 3097 5658 hujusmodi
3147 5591 3209 5646 in
3261 5594 3543 5667 subjectis

1891 5668 2236 5740 corporibus
2261 5675 2627 5742 spectantur.
2677 5673 2977 5734 Idoneitas
3008 5680 3101 5735 cui
3135 5680 3367 5754 singula
3408 5701 3537 5739 cor-
