4040 6204
596 353 734 409 1327

2118 350 2487 404 ADDKNDA.
3770 365 3855 421 ηπ

554 526 557 527 ν
593 497 739 553 pora
781 484 920 535 sunt
966 484 1125 548 nata,
1184 484 1251 534 ut
1298 478 1381 534 ita
1428 476 1834 549 potentialiter
1873 477 2028 531 sint:
2070 474 2231 531 velut

2361 474 2675 547 τυγχάνειν’
2709 474 2821 531 οἷον
2854 475 3181 547 ἐπιτηδείως
3205 498 3412 554 εχουσιν
3457 481 3505 534 at
3547 486 3695 555 χεῖρες
3732 486 3853 560 τὲχνις

596 588 811 628 manus
862 571 1091 626 idoneae
1141 574 1279 625 sunt
1341 570 1616 641 opificiis,
1669 568 1871 640 lingua
1916 573 1982 622 ut
2032 568 2247 623 serviat

597 662 879 729 sermoni,
914 660 1096 732 pedes
1127 659 1509 725 ambulando,
1554 674 1703 730 puer
1732 657 2051 712 eruditioni
2098 673 2242 728 pue-

592 751 713 807 rili.
750 751 846 805 Vis
878 756 1078 806 autem
1111 748 1299 805 activa
1348 754 1437 805 est
1484 763 1745 819 congrua
1790 752 2019 801 natura:
2066 746 2241 811 actio,

591 841 683 896 vel
711 839 1073 895 irrationalis
1106 844 1172 893 ut
1193 838 1348 907 talis,
1373 838 1464 893 vel
1486 836 1794 892 rationalis
1824 841 1890 890 ut
1918 836 2061 890 item
2086 835 2240 890 talis.

593 928 745 996 Quid
777 944 913 1001 ergo
945 944 1016 983 ex
1046 927 1222 983 dictis
1250 927 1478 981 malum
1513 942 1642 981 esse
1675 923 1936 980 deﬁnis?

663 1039 735 1094 M.
768 1036 1206 1108 Operationem.
1248 1036 1491 1091 Constat
1520 1039 1719 1090 autem
1767 1048 2004 1088 omnem
2037 1047 2241 1103 opera-

592 1127 817 1183 tionem
847 1142 976 1183 esse
1012 1124 1406 1182 substantiam
1428 1123 1814 1196 operationis.

664 1235 729 1291 0.
788 1234 1001 1305 Utique
1052 1232 1246 1288 omnis
1297 1232 1382 1287 vis
1438 1232 1626 1287 activa
1675 1228 2083 1286 substantialis
2134 1232 2241 1284 est.

594 1322 706 1378 Sed
737 1339 935 1393 qumro
968 1338 1001 1376 a
1032 1326 1107 1387 te,
1142 1320 1371 1376 malitia
1420 1337 1554 1375 cum
1602 1320 1680 1375 sit
1726 1319 1810 1375 vis
1856 1319 2065 1385 activa,
2098 1333 2239 1373 num

595 1412 775 1468 etiam
807 1411 1139 1466 substantia
1169 1427 1297 1465 esse
1329 1415 1521 1481 potest
1554 1409 1581 1463 Ἰ

665 1520 803 1575 14η
846 1519 914 1571 Μ.
949 1519 1035 1572 Ita
1065 1518 1181 1572 aio.

667 1626 710 1681 0
751 1625 1015 1679 Primum
1074 1623 1316 1694 quidem
1374 1622 1733 1678 contradicis
1788 1621 1914 1683 tibi.
1974 1621 2115 1675 dum
2173 1637 2243 1675 ex

598 1714 929 1770 substantia
962 1714 1091 1768 ﬁeri
1113 1712 1259 1767 dicis
1290 1713 1405 1766 vim
1436 1712 1682 1767 activam
1724 1728 2047 1781 rursusque
2090 1711 2241 1766 hanc

597 1818 718 1857 non
744 1817 874 1856 esse
906 1801 1023 1855 vim
1054 1800 1304 1856 activam
1335 1800 1482 1855 dicis
1509 1817 1521 1853 :
1554 1799 1711 1854 unde
1734 1804 1793 1854 et
1822 1815 2056 1854 summa
2086 1799 2245 1869 igno-

2356 560 2711 636 ἐργάζεσθαι,
2770 564 2993 639 γλῶσσα
3050 565 3108 622 δὲ
3168 566 3316 642 λόγῳ
3371 565 3625 642 διακονεῖν,
3670 571 3790 635 πόδες
3824 576 3854 633 ἃ

2353 651 2491 724 πρὸς
2546 650 2779 726 βάδισιν,
2837 652 3055 709 παιδίον
3117 654 3175 711 δὲ
3230 658 3362 727 πρὸς
3415 660 3619 729 μάθησιν
3669 668 3853 736 τεχνικήν·

2354 738 2590 814 ἐνέργεια
2656 739 2714 797 δέ
2770 742 2912 799 ἐστιν
2945 746 2980 813 ἡ
3018 749 3116 799 τοῦ
3172 746 3305 800 κατά
3360 746 3500 823 φύσιν
3546 748 3721 822 πρᾶξις,
3754 750 3856 819 ἣτιῦ

2353 826 2559 905 ἀλόγου
2589 832 2663 893 ὡς
2684 829 2914 907 ἀλόγου,
2944 835 2979 904 ἢ
3005 838 3106 889 κοῦ
3137 833 3362 909 λογικοῦ
3404 835 3474 897 ὡς
3502 834 3711 912 λογικοῦ⁸
3743 840 3779 895 τί
3808 844 3857 896 nim

2352 921 2459 971 τῶν
2493 918 2795 992 εἰρημένων
2831 921 2988 998 ὁρίζῃ
3019 922 3082 978 τὸ
3112 923 3275 978 κακὸν
3308 924 3470 992 εἴναις

2428 1027 2499 1083 Μ.
2537 1026 2858 1103 Ἐνὲργειαν’
2919 1027 3092 1100 δῆλον
3143 1028 3201 1085 δὶ
3230 1030 3313 1085 δτι
3362 1034 3496 1085 πᾶσα
3545 1030 3736 1107 ἐνέργεια
3770 1036 3863 1091 οὐσὲ

2355 1110 2495 1169 ἐστὶν
2540 1113 2822 1193 ἐνεργείας.

2424 1219 2489 1275 0.
2551 1225 2700 1276 Πᾶσα
2770 1223 2866 1294 μὲν
2926 1221 3172 1298 ἐνεργεια
3247 1222 3398 1278 οὐσία
3474 1223 3598 1278 ἐστὶν
3648 1224 3865 1300 ἐνεργείις·

2353 1305 2541 1379 ἐρωτῶ
2572 1306 2630 1364 δέ.
2662 1331 2736 1370 σε,
2768 1313 2803 1380 ἡ
2835 1311 2995 1367 κακία
3034 1310 3279 1388 ἐνέργεια
3326 1312 3470 1382 οὖσα,
3500 1312 3578 1367 καὶ
3627 1312 3749 1369 οὐσία
3787 1318 3868 1370 εἶναι

2353 1395 2617 1453 δύναταιι

2423 1510 2493 1561 Μ.
2526 1502 2684 1561 Οὕτω
2714 1528 2788 1581 φη
2801 1508 2884 1579 μί.

2424 1614 2487 1669 0.
2523 1618 2748 1687 Πρῶτον
2810 1615 2904 1687 μὲν
2953 1612 3189 1676 ἐναντίος
3243 1618 3446 1685 σεαυτῷ
3501 1616 3874 1691 ὑπάρχεις,ἰξιῦ-

2351 1700 2465 1762 σίας
2500 1704 2730 1777 γενέσθαι
2782 1704 2956 1777 λέγων
3016 1703 3309 1780 ἐνέργειαν,
3367 1704 3454 1758 καὶ
3509 1703 3653 1758 πάλιν
3702 1705 3872 1760 οὐκεῖναι

2349 1792 2448 1860 τὴν
2507 1791 2777 1868 ἐνέργειαν
2838 1795 3229 1868 ὑποτιθέμενος
3264 1813 3277 1825 ο
3340 1792 3456 1857 ὅθεν
3522 1794 3674 1864 πάσης
3726 1797 3872 1868 (ipsein

596 1892 792 1947 rantia
822 1891 1093 1946 laborare
1124 1889 1282 1962 apud
1312 1890 1638 1945 dialectica)
1670 1905 1905 1959 quoque
1937 1888 2238 1959 imperitos

2349 1876 2667 1955 ὑπερϐολὴν
2696 1882 2787 1937 καὶ
2834 1883 2981 1957 παρᾶ
3034 1888 3150 1946 τοῖς
3188 1881 3323 1958 ἄγαν
3356 1883 3587 1957 ἀπείροις
3636 1880 3873 1953 διαλεκτικῆς

596 1979 910 2034 videberis.
961 1980 1167 2045 Quaaro
1221 1983 1419 2034 autem
1465 1996 1534 2034 ex
1575 1984 1654 2048 te,
1688 1994 1834 2033 num
1884 1977 2079 2032 omnis
2109 1994 2249 2049 ope-

599 2069 751 2124 ratio
783 2068 941 2124 mala
971 2068 1101 2123 sit?

670 2175 742 2229 M.
774 2174 1013 2229 Minime
1042 2172 1330 2245 gentium.

673 2280 737 2336 0.
771 2279 957 2345 Quam
987 2294 1123 2351 ergo
1155 2278 1303 2334 dicis
1331 2276 1549 2333 malam
1586 2276 1993 2350 Operationem
2022 2276 2050 2333 ‘I

670 2384 1090 2449 Homicidium,
1122 2384 1504 2448 adulterium,
1529 2384 1911 2456 injustitiam,
1945 2389 2004 2438 et
2034 2384 2252 2455 quaevis

602 2473 702 2545 huj
713 2473 968 2530 usmodi.

671 2582 731 2637 0.
769 2582 825 2636 Si
866 2581 1272 2637 homicidium.
1311 2597 1382 2637 ex
1414 2582 1709 2638 sententia
1747 2586 1869 2649 tua,
1901 2579 2254 2636 naturaliter

598 2670 822 2725 malum
855 2676 963 2736 est,
988 2670 1224 2741 judices
1255 2671 1355 2741 qui
1390 2672 1650 2725 latrones
1683 2688 1749 2726 ac
1781 2670 2024 2725 sicarios
2069 2670 2253 2724 inter-

599 2759 829 2827 ﬁciunt,
877 2760 1038 2814 male
1088 2765 1286 2831 agunt.
1332 2762 1700 2830 Rursusque,
1734 2777 1838 2814 cur
1870 2759 2086 2830 aliquis
2117 2775 2251 2813 cum

598 2865 705 2903 sua
728 2865 912 2903 uxore
958 2865 1083 2903 rem
1134 2849 1359 2904 habens
1406 2866 1523 2903 non
1556 2854 1781 2920 peccat,
1809 2865 1941 2904 cum
1976 2849 2171 2903 aliena
2192 2848 2251 2902 id

598 2952 777 3009 agens
809 2943 1033 3008 peccat.
1068 2954 1201 2993 cum
1225 2944 1425 2992 tamen
1458 2937 1664 2992 eadem
1689 2938 1765 2992 sit
1793 2938 1943 2992 actio
1966 2938 1994 2993 ‘2
2022 2940 2168 2992 Puto
2194 2943 2251 2991 te

598 3026 671 3079 ob
703 3027 829 3081 haec
859 3027 949 3081 vel
980 3027 1284 3082 nolentem
1340 3027 1634 3093 confiteri,
1667 3027 1961 3082 actionem
2012 3042 2249 3081 omnem

595 3120 869 3170 neutram
898 3116 1080 3170 veluti
1114 3132 1265 3181 esse,
1286 3115 1672 3171 determinari
1694 3121 1892 3171 autem
1921 3116 1991 3171 ab
2024 3114 2251 3187 agentis

2355 1972 2420 2026 οὗ
2455 1969 2709 2052 διαφεύξη
2755 1975 2949 2029 νοσῶν·
3013 1973 3202 2049 ἐρωτῶ
3234 1972 3292 2030 δέ
3324 1995 3400 2047 σε,
3432 1975 3529 2049 ἆρα
3570 1978 3691 2029 πᾶσα
3726 1974 3875 2052 ἐνέργεια

2354 2063 2493 2132 κακή
2530 2081 2544 2133 ;

2424 2173 2498 2227 Μ.
2526 2168 2605 2227 Οὐ
2635 2170 2874 2234 πάντως.

2427 2282 2491 2334 0.
2525 2276 2689 2333 Ποίαν
2722 2275 2813 2333 οὖν
2847 2276 3022 2354 λέγεις
3050 2278 3223 2347 κακὴν
3258 2277 3523 2355 ἐνέργειαν
3556 2295 3569 2345 ;

2428 2385 2505 2456 M,
2541 2384 2741 2454 Φόνον,
2774 2384 3051 2460 μοιχείαν,
3082 2381 3321 2455 ἀδικίαν,
3352 2384 3440 2439 καὶ
3471 2381 3563 2438 ὅσα
3586 2386 3782 2439 τοιαῦτα.

2427 2581 2492 2635 Ο.
2528 2580 2649 2633 E16
2689 2579 2851 2657 φόνος
2906 2578 3043 2634 κατά
3092 2578 3149 2632 σὶ
3207 2576 3366 2652 φύσει
3421 2577 3598 2646 κακὸς,
3643 2578 3685 2630 οί
3724 2573 3881 2629 autumi

2353 2663 2743 2744 τυμόορῦχους
2802 2669 2889 2723 καὶ
2965 2665 3340 2742 ἀνδροφόνους
3414 2665 3731 2742 φονεύοντες,
3773 2664 3882 2721 κακῶς

2354 2762 2593 2811 ποιοῦσι*
2626 2758 2714 2812 καὶ
2745 2756 2931 2811 πάλιν·
2986 2758 3038 2812 τί
3098 2756 3309 2827 δήποτε
3339 2756 3367 2809 6
3402 2756 3494 2828 μὲν
3522 2758 3584 2828 τῇ
3638 2752 3727 2823 ἰδίᾳ
3748 2754 3881 2827 γαμετῇ

2357 2846 2691 2921 μιγνύμενος
2752 2846 2863 2920 οὐχ
2918 2846 3238 2919 ἁμαρτάνει,
3302 2844 3356 2900 ἐν
3416 2843 3660 2918 ἀλλοτρίᾳ
3705 2840 3749 2896 δὲ
3785 2846 3881 2893 τοῦτο

2354 2940 2529 2990 ποιῶν
2560 2935 2853 3009 ἁμαρτάνει
2889 2955 2902 3003 ;
2946 2935 3037 2989 καὶ
3092 2938 3263 2989 ταῦτα
3324 2940 3452 3007 μιᾶς
3508 2931 3737 3005 ἐνεργείας
3781 2929 3885 2997 οὔσης

2352 3031 2452 3093 τῆς
2489 3024 2703 3098 μίξεως*
2734 3024 2887 3098 οἶμαί
2946 3045 3003 3078 σε
3055 3021 3144 3078 διὰ
3172 3023 3387 3077 τούτων
3444 3022 3529 3077 καὶ
3586 3024 3744 3075 ἄκοντα
3778 3037 3881 3091 τροπ-

2355 3112 2679 3189 ομολογεῖν,
2739 3116 2821 3169 δτι
2853 3119 2996 3168 πᾶσα
3052 3110 3295 3187 ἐνέργεια
3357 3110 3491 3184 μὲση
3526 3110 3643 3166 ἐστί·
3686 3106 3883 3163 ποικίλλε-

594 3203 917 3271 voluntate,
952 3210 1019 3260 ut
1052 3206 1232 3260 virtus
1262 3204 1537 3260 vitiumve
1571 3204 1818 3260 evadat:
1870 3221 2126 3276 namque
2158 3203 2238 3260 al-

2354 3224 2441 3259 ται
2475 3200 2532 3257 δὲ
2568 3206 2637 3277 τῇ
2688 3207 2885 3279 γνώμῃ
2932 3205 3030 3257 τοῦ
3064 3199 3376 3274 μετιόντος,
3409 3200 3567 3274 ἀρετή
3596 3201 3625 3267 ἦ
3651 3196 3774 3251 κακία
3792 3216 3883 3301 γινϊ

595 3297 685 3348 ter
724 3298 1130 3365 temperanter
1167 3310 1302 3349 cum
1348 3310 1454 3349 sua
1490 3310 1696 3360 uxore,
1747 3293 1898 3349 alter
1943 3293 2242 3366 impudice

594 3396 728 3435 cum
761 3381 959 3437 aliena
995 3386 1283 3437 versatur.

662 3489 733 3543 Μ.
762 3488 1064 3561 Cupiditas
1095 3504 1295 3544 nonne
1326 3487 1486 3544 mala
1517 3492 1608 3543 est
1636 3488 1665 3543 τ

664 3599 728 3653 0.
764 3600 890 3653 Non
911 3599 1127 3669 plane;
1162 3614 1301 3653 nam
1340 3602 1398 3652 et
1439 3598 1565 3653 hmo
1614 3598 1884 3654 neutrius
1939 3598 2242 3670 qualitatis

594 3691 702 3753 est,
734 3686 983 3758 ﬁerique
1013 3692 1207 3758 potest
1235 3692 1301 3741 ut
1335 3687 1513 3742 etiam
1562 3687 1874 3742 honestate
1924 3693 2243 3743 exornetur

592 3791 627 3831 a
657 3776 875 3831 mentis
932 3777 1378 3848 gubernatione.
1435 3777 1768 3848 Aliquando
1799 3782 1955 3833 certe
1987 3778 2061 3833 ad
2112 3794 2240 3833 rem

591 3865 904 3921 honestam
933 3866 1122 3922 tendit
1174 3866 1502 3939 cupiditas:
1562 3884 1820 3940 namque
1866 3867 2042 3923 allius
2091 3867 2239 3922 libe-

590 3970 793 4010 rorum
844 3971 1041 4025 causa,
1100 3955 1253 4012 alius
1308 3956 1646 4029 voluptatis,
1699 3957 1784 4012 rei
1842 3972 2108 4012 venereae
2140 3956 2242 4013 dat

588 4060 851 4116 Operam.

659 4153 730 4208 Μ.
755 4153 919 4207 Νιιιιο
949 4153 1096 4207 mihi
1149 4153 1260 4208 hoc
1318 4152 1603 4217 edissere,
1663 4158 1864 4208 utrum
1918 4169 2236 4224 corporum

586 4241 886 4313 corruptio
918 4258 985 4297 ac
1014 4242 1265 4315 putredo
1295 4258 1330 4297 a
1361 4242 1479 4297 Deo
1522 4240 1679 4297 bono
1711 4246 1770 4297 et
1798 4242 2235 4313 incorruptibili

586 4328 663 4383 sit
686 4327 714 4384 Ἰ

654 4437 717 4504 0,
752 4437 992 4493 Locutio
1024 4454 1091 4493 ex
1120 4438 1307 4507 aliqua
1338 4436 1727 4493 multifariam
1761 4437 2112 4493 adhibetur:
2148 4444 2237 4495 est

582 4524 743 4579 enim
776 4525 934 4581 {llius
967 4543 1035 4582 ex
1062 4543 1156 4583 me
1187 4526 1796 4595 consubstantialiter,
1832 4534 1923 4583 est
1966 4544 2035 4582 ex
2065 4528 2231 4585 fabro

2360 3292 2516 3365 μένη·
2548 3294 2576 3347 6
2610 3292 2704 3366 μὲν
2756 3292 2857 3367 γὰρ
2900 3289 3197 3369 σωφρόνως
3252 3292 3325 3364 τῇ
3376 3285 3488 3360 ἰδίᾳ
3543 3287 3766 3363 μίγνυται,
3809 3279 3886 3336 ὁδὶ

2350 3381 2667 3445 ἀκολάστως
2694 3384 2763 3455 τῇ
2792 3378 3082 3456 ἀλλοτρίᾳ.

2424 3490 2498 3546 Μ.
2522 3490 2587 3544 Ἠ
2618 3486 2879 3562 ἐπιθυμία
2909 3486 3010 3542 οὐκ
3039 3483 3151 3540 ἔστι
3185 3486 3332 3556 κακή
3371 3503 3385 3553 ;

2422 3597 2485 3653 0.
2519 3594 2596 3652 05
2628 3594 2862 3658 πάντως
2921 3592 3056 3666 μέση
3117 3593 3225 3667 γάρ
3287 3590 3401 3645 ἐστι
3458 3588 3543 3644 καὶ
3595 3579 3883 3656 αὕτηήἲδνι

2350 3686 2508 3740 νατὸν
2540 3683 2705 3753 αὐτὴν
2746 3684 3094 3757 κοσμηθῆναι
3124 3685 3196 3755 τῇ
3224 3685 3323 3736 τοῦ
3372 3683 3468 3735 νοῦ
3516 3676 3762 3745 ἐπιστασίᾳ.
3788 3667 3886 3743 'Ayi-

2352 3776 2435 3829 λει
2469 3775 2558 3830 καὶ
2588 3772 2772 3829 καλῶν
2831 3772 2974 3828 ἐστιν
3030 3772 3393 3844 ἐπιθυμῆσαι’
3438 3771 3464 3824 6
3489 3768 3576 3841 μὶν
3604 3768 3687 3843 γὰρ
3729 3763 3883 3835 ἑστίᾳ·

2350 3863 2673 3939 λόπτωχος,
2706 3864 2734 3918 6
2782 3859 2841 3918 δὲ
2898 3861 3257 3937 φιλάργυρος’
3315 3860 3407 3915 καὶ
3467 3860 3493 3913 ὁ
3547 3858 3633 3931 μὲν
3669 3850 3885 3909 initioab;

2350 3957 2511 4033 χάριν
2539 3959 2608 4030 τῇ
2643 3955 2784 4029 μίξει
2814 3954 3113 4030 κέχρηται,
3147 3954 3177 4008 6
3211 3950 3271 4009 δὲ
3302 3952 3466 4027 χάριν
3498 3947 3697 4019 ἡδονῆς.

2418 4154 2492 4211 Μ.
2526 4151 2703 4210 Τοῦτό
2766 4172 2860 4223 μοι
2919 4150 3058 4218 sint,
3093 4148 3156 4203 ἐκ
3181 4153 3283 4204 τοῦ
3336 4148 3534 4223 ἀγαθοῦ
3585 4143 3663 4199 καὶ
3703 4140 3881 4217 ἀφθάρτου

2345 4245 2477 4297 Θεοῦ
2507 4244 2541 4311 ἠ
2575 4240 2748 4317 φθορά
2774 4243 2882 4294 τῶν
2916 4237 3187 4313 σωμάτων
3220 4238 3318 4293 καὶ
3350 4239 3512 4311 σῆψις
3540 4232 3750 4309 ἐγὲνετος

2415 4437 2489 4495 Ο.
2524 4436 2597 4493 Τὸ
2655 4431 2713 4491 ἔκ
2771 4455 2921 4499 τινος
2974 4432 3289 4509 πολλαχῶς
3343 4431 3576 4508 λὲγεται·
3631 4426 3722 4483 ἔστι

2340 4524 2476 4598 ἐμοῦ
2506 4526 2534 4579 6
2565 4520 2681 4586 υἱός
2736 4545 2838 4597 μοτ
2892 4505 3209 4596 ὁμοούσιοςν
3249 4521 3400 4596 ἐμοί·
3426 4505 3491 4576 *ἐκ
3511 4523 3600 4574 τοῦ
3643 4505 3876 4598 dum“?!

576 4612 831 4685 lignario
863 4632 1195 4681 scamnum,
1220 4632 1289 4671 ex
1321 4622 1480 4671 terra
1518 4615 1767 4683 fructus,
1802 4633 1871 4671 ex
1923 4633 2058 4689 rege
2090 4633 2230 4672 con-

2346 4595 2565 4688 βάθρον
2601 4612 2659 4668 ἐκ
2700 4595 2757 4668 δέ
2810 4619 2911 4682 τῆς
2934 4595 2939 4596 7
2965 4618 3067 4687 γῆς
3114 4612 3167 4666 οἳ
3199 4609 3427 4686 καρποί’
3463 4608 3521 4664 ἐκ
3569 4609 3655 4661 τοῦ
3703 4595 3877 4689 βασιλέωξ

580 4702 940 4761 ﬁscationes.
975 4707 1087 4761 Nos
1110 4722 1245 4778 ergo
1268 4721 1646 4776 nequaquam
1676 4721 1745 4759 ex
1778 4705 1877 4759 Dei
1903 4705 2236 4763 substantia

579 4790 830 4848 dicimus
863 4794 990 4849 fieri
1025 4795 1491 4865 corruptionem,
1524 4793 1629 4848 sed
1670 4793 1972 4848 voluntate
2004 4795 2133 4866 ejus
2165 4812 2234 4851 ea

578 4879 706 4935 ﬁeri
739 4899 870 4953 qua;
901 4883 1074 4938 nobis
1106 4882 1275 4938 utilia
1317 4888 1471 4937 sunt.
1511 4883 1656 4937 Nam
1684 4882 1732 4937 si
1759 4883 2025 4953 quamvis
2082 4884 2228 4940 adeo

574 4969 812 5041 fragiles
842 4989 936 5027 res
980 4973 1254 5027 humanas
1292 4973 1432 5037 sint,
1468 4977 1777 5043 tantopere
1808 4971 1881 5027 ob
1913 4972 2019 5027 has
2068 4973 2230 5029 insa-

573 5059 792 5127 nimus,
827 5062 1093 5117 utetiam
1124 5061 1329 5116 litibus
1361 5078 1432 5116 ex
1461 5060 1636 5116 bellis
1669 5060 1883 5115 harum
1915 5077 2093 5116 causa
2123 5061 2221 5117 de-

572 5154 908 5217 certemus;
942 5151 1086 5221 quid
1141 5167 1377 5207 eramus
1425 5151 1613 5206 acturi
1659 5150 1707 5205 si
1763 5150 1915 5205 Deus
1974 5150 2226 5207 caducas

570 5253 690 5293 non
719 5239 961 5297 fecisset
985 5240 1013 5296 7
1037 5242 1339 5308 Quomodo
1371 5241 1549 5297 etiam
1581 5238 1937 5295 immortalis
1964 5241 2095 5295 vitae
2128 5241 2228 5297 do-

570 5341 713 5380 num
769 5330 1224 5396 aastimaremus,
1250 5347 1429 5402 quam
1472 5328 1647 5384 nobis
1679 5328 1782 5383 Dei
1814 5328 2071 5384 Charitas
2102 5329 2225 5385 col-

570 5413 764 5469 latura
794 5422 905 5487 est,
940 5419 1056 5474 nisi
1091 5425 1267 5475 antea
1295 5420 1473 5475 vitam
1504 5418 1657 5473 hanc
1694 5418 2144 5489 corruptibilem
2167 5424 2226 5474 et

571 5505 959 5572 temporalem
1017 5510 1242 5579 experti
1274 5524 1561 5576 essemus,
1592 5525 1770 5580 quam
1800 5525 1910 5565 nos
1931 5510 2056 5581 ipse
2082 5525 2219 5581 pru-

568 5588 780 5643 denter
818 5600 1177 5665 praegustare
1223 5597 1462 5653 voluit?
1519 5597 1780 5668 Alioqui,
1840 5599 1887 5653 si
1920 5600 2219 5670 corruptio

569 5675 729 5731 mala
757 5684 865 5748 est,
892 5684 1352 5756 generatio;sine
1386 5685 1565 5742 dubio
1595 5687 1755 5743 bona
1784 5693 1893 5744 est.
1933 5688 2111 5761 Atqui
2154 5687 2217 5743 in

2346 4683 2659 4774 δημεύσεις
2694 4702 2859 4773 ἡμεῖς
2906 4683 3090 4756 τοίνυν
3122 4699 3223 4755 οὐκ
3275 4683 3344 4754 ἐκ
3374 4703 3473 4764 τῆς
3502 4694 3665 4755 οὐσίας
3687 4693 3758 4745 τοῦ
3796 4683 3875 4774 θεέ

2344 4773 2516 4868 φαμεν
2551 4791 2685 4845 εἶναι
2715 4791 2815 4859 τήν
2873 4789 3105 4868 φθορὰν,
3166 4787 3435 4865 βουλήσει
3468 4785 3524 4841 δὲ
3550 4783 3691 4871 αὐτοί)
3735 4773 3873 4871 tvm?

2342 4866 2464 4942 άθαι
2523 4866 3064 4956 συμφέρονταήὴμῖν·
3124 4876 3189 4934 E,‘
3218 4878 3327 4952 γάρ
3361 4879 3602 4952 φθαρτῶν
3651 4866 3871 4956 ὄντων-τῶι

2338 4948 2717 5042 πραγμάτων,⁷
2761 4968 2905 5023 οὕτω
2950 4948 3089 5042 περὶ
3140 4948 3321 5022 αὐτῶν
3375 4948 3671 5039 μεμήναμεν
3706 4948 3871 5042 ὡς

2338 5036 2534 5132 “ap-ta
2561 5056 2649 5112 καὶ
2688 5036 2979 5131 ’πολέμους
3026 5036 3147 5111 ποτ’
3201 5036 3475 5125 ἀλλήλων
3503 5055 3673 5115 κινεῖν,
3697 5036 3870 5135 xiixii?

2333 5130 2721 5219 τολμήσαιμεν
2782 5130 2853 5200 είγ
2886 5142 3129 5223 ἄφθαρτα
3183 5148 3357 5200 ταῦτα
3426 5142 3738 5223 παρήγαγεν
3794 5130 3865 5223 Πξε

2337 5233 2394 5291 δὶ
2446 5218 2537 5291 παὶ
2600 5218 2850 5308 αἴσθησιν
2902 5218 3213 5309 ἐμέλλομεν
3247 5236 3354 5303 τῆς
3408 5231 3602 5307 δωρεᾶς
3652 5218 3864 5309 λαὸιῖντῆῖ

2335 5325 2610 5401 ἀφθάρτυυ
2671 5304 2836 5395 ζωῆς,
3020 5304 3159 5398 ἡμίν
3220 5304 3640 5401 ἐφιλοτιμήσατο
3682 5314 3704 5366 ὃ
3739 5304 3860 5375 ΚίΡίθί

2332 5418 2515 5489 ἡμῶν.
2548 5415 2593 5471 εί
2629 5416 2705 5488 μὴ
2760 5416 3028 5489 πρότερον
3063 5413 3117 5469 ἐν
3151 5412 3323 5489 πείρᾳ
3371 5410 3645 5487 γεγόναμεν
3665 5404 3861 5469 τῆςὲθιῒ

2329 5509 2429 5571 τῆς
2484 5505 2686 5575 ταύτης
2742 5505 2835 5559 καὶ
2894 5502 3165 5578 ἐπικήρου
3210 5505 3383 5572 ζωῆς,
3437 5499 3509 5560 είς
3536 5497 3596 5564 ἢν
3642 5493 3754 5563 ἡμᾶς
3776 5495 3856 5578 κρῖ

2331 5560 2695 5669 ἀγωνίσασθαι
2732 5591 2918 5655 καλῶς
2976 5560 3124 5669 ἔχειν
3178 5560 3496 5663 ἐέοκίμασεν
3529 5560 3743 5669 tun?“

2330 5649 2388 5740 είι
2426 5687 2462 5755 ἡ
2524 5683 2700 5762 φθορά
2754 5649 2946 5755 κακὸν,
2975 5649 3250 5760 ἠὴγένεσις
3299 5649 3735 5748 πὶντωξάγαθόν
3768 5649 3855 5712 am
3948 5724 3949 5763 γ
