4044 6218
83 380 204 439 1329

824 380 1132 439 JOANNIS
1166 380 1587 437 ORTHODOXI
1624 375 2053 437 DISPUTATIO
2090 379 2240 437 σω(
2277 379 2694 437 MANICHBO.

3328 367 3468 436 i330
3500 368 3503 371 ’

88 511 180 584 μὴν
210 508 325 582 περὶ
357 505 421 562 τὸ
456 506 586 562 αὐτὸ
618 510 779 580 σῶμα
807 506 1011 583 γένεσις
1069 490 1160 560 καὶ
1215 505 1410 583 φθορὰ,
1470 506 1573 560 ούκ
1606 506 1687 578 ἄρι

1821 506 2030 563 eodem
2062 524 2307 580 corpore
2338 512 2462 563 tum
2501 505 2804 579 generatio
2845 508 2971 560 tum
3022 508 3321 578 corruptio
3356 511 3422 565 fit
3454 527 3468 565 :

85 605 228 672 σῶμα
257 598 409 672 φύσει
442 598 629 663 κακὸν,
654 596 727 658 ὡς
763 597 919 668 ὑμεῖς
972 591 1409 651 διαϐεϐαιοῦσθαι
1440 596 1504 650 τὸ
1550 599 1709 667 σῶμα

83 693 170 754 τῆς
198 688 377 749 κακίας
410 688 545 741 εἶναι
578 683 1011 761 δογματίζοντες.
1043 686 1140 740 Διά
1192 685 1245 740 τί
1302 683 1358 740 δὶ
1416 686 1449 739 ἄ
1490 685 1582 747 μὶν
1613 705 1709 738 νο-

98 777 257 852 μίζεις
284 778 414 831 εἶναι
445 776 582 831 κακά
609 780 715 829 τῶν
749 776 1018 847 σωμάτων
1079 780 1300 849 Θεωρεῖς
1356 795 1415 829 τε
1466 775 1555 828 καὶ
1615 773 1703 829 λέ·

86 888 205 943 γεις,
236 867 297 921 τὰ
348 864 406 920 δὲ
465 866 514 938 ἐξ
561 864 736 919 αὐτῶν
787 865 961 939 ἀγαθά
1018 864 1427 940 παρατρέχεις;
1482 869 1700 935 Πρῶτον

85 958 166 1029 μὲν
192 956 289 1031 γὰρ
322 955 427 1009 ἀπὸ
455 959 561 1009 τῶν
596 953 653 1009 ἐκ
693 961 797 1029 γῆς
848 951 1251 1025 ἀναδιδομένων
1301 958 1522 1028 καρπῶν
1579 975 1701 1029 τρε-

80 1046 276 1119 φόμεθά
302 1064 359 1098 τε
387 1042 475 1097 καὶ
509 1042 886 1115 συνιστάμεθα·
951 1040 1012 1097 ἐκ
1065 1040 1122 1097 δὲ
1178 1042 1349 1098 λίθων
1377 1043 1466 1097 καὶ
1497 1042 1699 1113 ξύλων,

72 1132 238 1195 οίκους
282 1132 767 1204 κατασκευάζομεν,
827 1128 897 1185 δι’
952 1133 1024 1186 ὧν
1091 1127 1306 1205 ’ὄμϐρου
1353 1131 1441 1187 καὶ
1499 1132 1698 1208 κρύους

77 1222 507 1297 ὶλευθερούμεθα·
532 1218 678 1275 ἀλλά
706 1220 793 1274 καὶ
832 1224 927 1276 τοῦ
959 1220 1123 1289 ἡλίου
1170 1220 1233 1275 τὸ
1279 1218 1555 1284 καυσῶδες
1611 1221 1696 1276 ἐκ·

63 1312 331 1385 κΑίνομεν,
361 1308 421 1365 ὅν
454 1308 517 1363 σὺ
549 1312 844 1377 θεοποιῶν,
879 1310 980 1364 οὐκ
1008 1308 1268 1385 αἶ’σχύνῃ·
1301 1308 1513 1384 σιδήρῳ
1545 1307 1602 1365 δὲ
1632 1310 1693 1365 ού

67 1400 220 1471 μόνον
250 1400 343 1467 τὴν
364 1405 467 1474 γῆν
516 1397 779 1473 ἀροῦμεν,
811 1396 958 1453 ἀλλά
987 1397 1076 1452 καὶ
1108 1397 1410 1471 πολεμίους
1442 1397 1692 1462 ἐπιόντας

64 1488 449 1561 φυλαττόμεθα.
483 1486 546 1544 Εἰ
589 1484 646 1541 δὲ
695 1487 912 1548 τούτοις
967 1485 1363 1562 ἐλεγχόμενος,
1415 1485 1691 1559 ἐπιμένοις

64 1581 214 1651 σῆψιν
236 1577 322 1632 καὶ
357 1573 621 1631 δυσωδίαν
652 1570 1133 1648 προϐαλλόμενος,
1182 1574 1313 1636 ἴσως
1363 1574 1575 1651 ἀγνοεῖς
1605 1576 1688 1631 ’ὁτι

62 1668 116 1721 τὰ
146 1674 245 1736 τῆς
310 1669 495 1741 ψυχῆς
561 1664 903 1740 μετασχόντα
951 1662 1165 1738 μᾶλλον
1222 1673 1323 1733 τήν
1377 1667 1541 1738 σῆψιν
1599 1665 1687 1719 καὶ

63 1753 315 1811 δυσωδίαν
377 1754 682 1832 ὑφίσταται·
744 1755 943 1829 ἀγαθοῦ
1001 1758 1139 1810 Θεοῦ
1196 1750 1254 1808 δὲ
1301 1755 1421 1817 καθ’
1455 1754 1594 1826 ὑμᾶς
1651 1756 1686 1825 ἡ

1818 614 1939 653 non
1964 603 2052 653 est
2087 615 2222 670 ergo
2247 599 2513 669 corporis
2562 602 2776 651 natura
2827 595 3007 661 mala,
3042 596 3125 650 uti
3178 613 3278 652 vos
3335 616 3470 654 con-

1816 687 2083 755 tenditis,
2116 689 2215 758 qui
2248 705 2461 759 corpus
2491 688 2553 741 in
2586 688 2879 742 malarum
2908 702 3107 741 rerum
3132 686 3321 742 classe
3344 694 3464 743 sta-

1815 778 1999 832 tuitis.
2035 778 2150 831 Cur
2178 783 2374 831 autem
2412 783 2491 843 tu,
2525 794 2657 847 quae
2698 776 2857 831 mala
2903 776 2963 829 in
3000 777 3464 849 corporibusju-

1814 866 1995 925 dicas.
2024 866 2447 936 contemplaris
2474 873 2531 920 et
2583 866 2818 931 recitas,
2852 865 3008 919 bona
3033 870 3229 919 autem
3265 882 3333 920 ex
3364 867 3459 921 his

1811 957 2117 1011 manantia
2141 955 2479 1009 dissimulas
2501 955 2681 1009 ?Nam
2708 956 2899 1025 primo
2914 953 3459 1025 quidemi‘ructibus

1812 1063 1881 1101 ex
1912 1052 2069 1099 terra
2092 1044 2483 1116 suppeditatis
2536 1045 2836 1100 nutrimur
2894 1050 2951 1098 et
2989 1060 3407 1099 conservamur
3444 1063 3456 1100 :

1808 1135 2105 1207 lapidibus
2139 1152 2205 1191 ac
2238 1134 2413 1207 lignis
2444 1135 2601 1189 aedes
2650 1135 3074 1198 construimus,
3135 1134 3350 1204 quibus
3382 1135 3454 1190 ab

1807 1225 1996 1279 imbre
2024 1230 2082 1279 et
2101 1224 2316 1295 frigore
2339 1224 2724 1296 protegimur,
2758 1224 2859 1278 sed
2912 1229 2970 1277 et
2997 1223 3271 1278 ardorem
3311 1225 3454 1280 solis

1804 1315 2078 1381 vitamus,
2113 1329 2290 1383 quem
2321 1317 2385 1367 tu
2415 1312 2692 1368 deiﬁcare
2733 1330 2853 1368 non
2911 1312 3251 1368 erubescis:
3293 1313 3450 1369 ferro

1804 1409 2002 1460 autem
2026 1418 2148 1457 non
2181 1401 2592 1457 tantummodo
2650 1406 2868 1456 terram
2928 1417 3186 1469 aramus,
3247 1418 3448 1458 verum

1803 1493 1980 1550 etiam
2008 1492 2302 1547 irruentes
2334 1491 2534 1545 hostes
2564 1490 3003 1562 propulsamus.
3036 1492 3154 1561 Age
3210 1506 3347 1545 vero
3399 1491 3447 1545 si

1801 1584 1893 1639 his
1917 1582 2237 1647 convictus,
2265 1579 2659 1636 nihilominus
2716 1583 2946 1651 perstas
2968 1578 3347 1649 putredinem
3381 1595 3448 1634 ac

1798 1672 2046 1727 fetorem
2078 1670 2367 1742 objiciens
2399 1690 2413 1738 ;
2440 1686 2515 1724 an
2545 1668 2802 1741 ignoras,
2864 1683 2933 1721 ea
2990 1684 3120 1737 quas
3170 1668 3439 1722 animum

1797 1760 2091 1827 afﬁciunt,
2123 1759 2421 1831 putredini
2455 1758 2642 1813 multo
2664 1757 2851 1828 magis
2876 1773 2943 1811 ac
2985 1755 3157 1810 fetori
3181 1772 3308 1811 esse
3331 1756 3433 1811 ob-

58 1846 201 1920 ψυχὴ
232 1845 382 1900 ούσία
413 1843 575 1899 ἐστίν·
609 1844 637 1898 ὁ
668 1844 863 1917 ἀγαθὸς
894 1843 984 1896 οὗν
1017 1843 1145 1905 Θεὸς
1203 1841 1378 1904 αἴτιος
1434 1840 1580 1898 ἔσται
1611 1843 1682 1898 ὧν

152 1937 201 1950 ,μ
416 1938 445 1950 ..
556 1940 582 1950 ..
703 1935 747 1950 ..
815 1934 827 1950 ι
1054 1933 1068 1950 ς
1110 1930 1134 1950 ι.
1260 1929 1309 1950 ..ι

1812 1850 1972 1905 ioxia
1995 1849 2023 1904 ?
2050 1848 2227 1919 Atqui
2286 1849 2348 1902 in
2400 1846 2696 1902 sententia
2742 1850 2955 1912 vestra,
2989 1845 3128 1900 boni
3167 1846 3262 1899 Dei
3298 1845 3438 1900 sub-

47 1937 278 2010 νομίζεις
307 1938 485 1990 κακῶν
515 1940 618 2004 τῆς
650 1934 867 2007 σήψεως
897 1953 955 1988 τε
984 1933 1070 1988 καὶ
1106 1929 1395 1995 δυσωδίας.

99 2208 177 2260 Μ.
239 2200 302 2259 Εἰ
364 2202 439 2275 μή
490 2200 603 2256 ἔστι
659 2198 818 2269 κακὰ,
878 2196 967 2254 διὰ
1019 2197 1073 2255 τί
1129 2200 1294 2273 νόμοι
1359 2198 1682 2269 κολάζουσιν

51 2290 168 2349 αὐτά
198 2313 213 2361 ς

96 2387 164 2437 Ο.
192 2383 367 2434 Τοῦτο
402 2377 638 2451 μάλιστα
669 2375 887 2454 ἐλέγχει
918 2378 1016 2447 τὴν
1078 2378 1176 2446 σήν
1237 2372 1681 2455 φρενοϐλάϐειαν·

45 2469 80 2525 τί
104 2472 210 2544 γὰρ
248 2469 322 2541 μή
356 2467 439 2544 ἐφ’
468 2470 602 2540 ἡμῖν
633 2470 700 2537 ἦν
731 2469 798 2522 τὰ
839 2468 985 2523 κακά
1014 2467 1107 2522 καὶ
1170 2469 1539 2542 ἀγαθοποιεῖν,
1591 2467 1689 2523 οὐκ

46 2557 90 2613 ἄν
128 2558 387 2627 ἐκόλαζον
417 2557 549 2619 τοὺς
575 2557 914 2631 κακούργους
944 2558 996 2610 οἱ
1050 2556 1235 2629 νόμοι,
1297 2555 1494 2620 οἷ’τινες
1546 2557 1682 2613 πολ-

45 2647 192 2711 λάκις
256 2646 318 2701 ού
376 2646 478 2713 τὴν
524 2645 714 2716 πρᾶξιν
767 2648 1088 2714 σκοποῦσιν,
1121 2643 1267 2700 ἀλλά
1317 2647 1415 2714 τήν
1449 2642 1682 2709 διάθεσιν

43 2742 131 2792 τοῦ
164 2734 457 2811 πράξαντος
490 2733 849 2804 ἐξετάζουσιν·
884 2736 998 2789 οἷον
1029 2732 1214 2809 ἔρριψέ
1269 2755 1352 2795 τις
1384 2731 1543 2804 ξύλον
1596 2724 1685 2789 καὶ

39 2828 177 2881 ἄκων
211 2823 392 2880 ἀνεῖλέ
419 2845 564 2893 τινα,
624 2822 687 2878 ού
742 2822 981 2897 κρίνουσι
1041 2823 1210 2900 φόνου
1264 2823 1356 2877 τὸν
1391 2821 1684 2896 ἐργασάμεο

37 2936 135 2971 νον·
201 2912 368 2989 ἐμίγη
425 2934 508 2975 τις
558 2912 701 2968 ἄκων
762 2911 1031 2988 ἀλλοτρίᾳ
1061 2912 1169 2967 τινὶ
1219 2911 1457 2987 γυναικὶ,
1506 2913 1684 2979 εὑρὼν

36 3005 198 3072 αὐτὴν
235 3002 319 3058 ἐπὶ
351 2999 547 3070 κλίνης
603 3001 767 3056 αύτοῦ
822 3000 1203 3075 κοιμωμένην,
1266 3002 1339 3063 ὡς
1390 3005 1458 3075 τῇ
1487 3002 1681 3056 ἑαυτοῦ

38 3092 362 3169 μιγνύμενος
391 3095 629 3167 γαμετῇ,
672 3089 980 3146 ἀπολύουσι
1040 3090 1243 3165 μοιχὸν
1295 3091 1387 3146 τὸν
1447 3111 1686 3166 κατηγο-

32 3184 308 3259 ρούμενον,
342 3181 388 3237 εί
418 3185 580 3236 τοῦτο
614 3178 882 3256 δειχθείη.

76 3289 398 3363 Ἀπόκριναι
430 3286 486 3343 δέ
521 3309 637 3359 μοι,
665 3286 755 3342 διὰ
783 3287 837 3343 τί
871 3288 961 3342 τὸν
1018 3286 1182 3358 ἣλιον
1214 3292 1603 3359 προσκυνεῖτες

80 3388 155 3436 Μ.
187 3380 314 3435 Ὀτι
341 3380 570 3456 φωστήρ
602 3375 713 3432 ἐστι
744 3384 842 3432 το)
874 3378 1108 3450 κόσμου,
1155 3381 1252 3432 τοῦ
1282 3377 1487 3453 ἀγαθοῦ
1546 3377 1685 3432 Θεοῦ

23 3469 61 3542 γέ
91 3491 195 3537 ννη
207 3489 300 3540 μα.

86 3562 157 3616 Ο.
193 3557 367 3628 Σῶμά
393 3556 535 3611 ἐστιν
566 3557 601 3627 ἢ
648 3556 939 3629 ἀσώματος
967 3574 979 3624 ;

81 3654 154 3702 Μ.
195 3646 560 3717 Ἀσωματος.

88 3739 160 3794 Ο.
204 3741 323 3797 [Ιῶς
357 3737 384 3790 6
440 3734 730 3807 ἀσώματος
791 3738 1122 3806 σωματικῶς
1184 3734 1376 3806 ὁρᾶται
1414 3753 1427 3802 ;
1463 3734 1542 3790 Ti
1598 3735 1693 3806 μὲν

27 3829 120 3900 γὰρ
148 3825 412 3896 ἀσώματα
440 3828 653 3894 νοητῶς
688 3831 988 3897 θεωρεῖται·
1029 3825 1057 3879 6
1089 3821 1146 3877 δὲ
1188 3822 1355 3892 ἥλιος
1410 3822 1690 3892 αἰιτθητῶ(ς

29 3914 363 3994 ὄρθαλμοῖς,
396 3915 483 3968 καὶ
529 3919 919 3990 περιγραπτοῖς
979 3915 1192 3985 σώμασι
1250 3910 1688 3984 καταλαμϐάνε-

24 4024 127 4060 ται·
167 4001 357 4064 ἄλλως
384 4004 444 4057 τὲ
463 4002 573 4057 ἐστί
602 4024 653 4058 τι
683 4007 792 4058 τῶν
837 4003 1145 4076 ἀσωμάτων
1204 4004 1528 4076 σωματικὰς
1562 3998 1694 4079 ἔχον

30 4094 331 4163 ποιότητας
359 4112 373 4162 ;

88 4188 175 4243 Μ.
212 4184 293 4242 Οὐ
326 4183 552 4257 νομίζω.

93 4277 146 4333 Ο
201 4273 385 4331 Ἀλλά
420 4276 526 4346 μὴν
556 4275 583 4328 6
615 4272 780 4342 ἣλιος
812 4274 1130 4345 σωματικὰς
1187 4269 1305 4350 ἔχει
1364 4274 1667 4342 ποιότητας

27 4362 238 4439 θερμός
271 4383 331 4416 τε
379 4363 483 4437 γάρ
537 4359 649 4415 ἐστι
710 4359 800 4414 καὶ
858 4360 1043 4433 ξηρός·
1106 4362 1261 4416 αῦται
1319 4359 1375 4416 δὲ
1425 4364 1691 4433 σωμάτων

26 4453 353 4521 ποιότητες·
389 4455 548 4523 σῶμα
578 4449 680 4523 ἄρα
706 4448 818 4505 ἐστὶ
876 4450 967 4504 καὶ
1026 4451 1054 4505 6
1112 4448 1297 4519 ἣλιος.
1334 4455 1454 4515 Πῶς
1512 4448 1566 4505 δί
1599 4451 1697 4506 οὐκ

23 4542 304 4616 ῂουθριᾶτε
335 4533 576 4601 σέϐοντες
632 4536 692 4593 ὅν
755 4544 933 4612 μισεῖν
995 4537 1257 4617 ὠφείλετε
1316 4540 1391 4603 ὡς
1446 4539 1686 4594 ἐναντίον

23 4635 302 4688 ποιοῦντα
329 4633 426 4684 τοῦ
458 4626 731 4703 δόγματος
756 4628 909 4702 ὑμῶν
945 4648 959 4697 ;

87 4723 175 4779 M.
214 4718 319 4774 Διὰ
344 4717 399 4774 τί
430 4718 664 4773 ἐναντίον
691 4738 705 4789 ;

88 4814 168 4871 Ο.
202 4811 420 4867 Ὀτιτὰ
448 4810 697 4881 σώματα,
730 4806 766 4863 ἅ
817 4816 919 4878 τῆς
976 4807 1165 4870 κακίας
1208 4810 1362 4881 ὑμεῖς
1422 4810 1554 4864 εἶναι
1595 4809 1686 4865 λέ·

23 4922 163 4975 τετε,
198 4897 389 4977 τρέφει
447 4919 506 4953 τε
560 4899 652 4953 καὶ
713 4903 1022 4973 συγκροτεῖ.
1085 4899 1181 4952 Καὶ
1238 4898 1458 4961 τούτοις
1501 4897 1687 4962 οὐδεὶς

23 4993 260 5066 ιντερεῖ,
302 4988 381 5061 μὴ
411 4992 480 5061 τῇ
513 4988 677 5061 πείρᾳ
732 4987 1068 5063 μαχόμενος.
1137 4986 1269 5043 Elui
1326 4984 1384 5042 δὶ
1445 5009 1539 5061 μοι
1595 4989 1684 5044 καὶ

23 5085 220 5150 τοῦτο,
254 5076 436 5154 κρίσιν
469 5075 770 5153 ὁμολογεῖς
805 5097 821 5148 ;

84 5174 170 5231 Π.
210 5165 347 5225 Ναί.

78 5259 160 5318 Ο.
184 5254 293 5319 Τίς
323 5255 354 5311 ὁ
374 5253 601 5333 κρίνων,
632 5255 725 5311 καὶ
754 5252 839 5317 τίς
872 5255 901 5310 ὁ
928 5255 1253 5329 κρινόμενος
1285 5274 1301 5326 ;

76 5365 168 5423 Μ.
208 5362 397 5438 Κρίνει
434 5362 588 5435 μὶνὸ
648 5358 872 5437 ἀγαθός,
927 5360 1165 5435 κρίνεται
1227 5360 1286 5417 δὶ
1340 5364 1375 5432 ἠ
1433 5364 1688 5441 ἁμαρτή-

23 5474 159 5510 ἀσα
191 5455 349 5507 πᾶσα
378 5452 559 5528 ψυχή.

64 5547 146 5600 Ο.
180 5539 361 5597 Ἀλλ’
390 5542 582 5598 ἑαυτὸν
634 5542 1021 5616 ἁμαρτήσαντα
1077 5539 1327 5611 κολάζων
1388 5542 1686 5619 εὑρίσκεται

24 5666 25 5679 ι
60 5633 238 5702 Θεὸς,
274 5631 433 5707 εἴπερ
465 5630 525 5686 ἐκ
552 5636 652 5700 τῆς
683 5630 869 5693 οὐσίας
903 5631 1071 5702 αὐτῆς
1104 5630 1242 5686 ἐστιν
1295 5635 1330 5702 ἡ
1390 5632 1685 5709 κρινομένη

23 5722 197 5793 uel)?
232 5726 362 5787 πῶς
392 5720 449 5777 δὲ
478 5718 854 5795 κατακρίνεται
910 5722 947 5792 ἡ
1009 5722 1084 5796 μὴ
1145 5721 1402 5785 ἑκουσίως
1458 5721 1686 5800 ἐργασα-

1794 1939 2014 1995 stantia
2053 1944 2141 1993 est
2174 1938 2420 1993 anima:
2473 1953 2608 2007 ergo
2661 1935 2855 1991 bonus
2906 1936 3059 1989 Deus
3120 1950 3299 1990 causa
3331 1935 3443 1990 erit

1788 2029 2023 2094 horum,
2049 2044 2179 2098 quas
2227 2032 2487 2099 reputas,
2546 2024 2839 2080 malorum
2870 2023 3203 2095 putredinis
3235 2041 3304 2079 ac
3348 2024 3444 2080 fe-

1788 2118 1958 2174 toris.

1858 2208 1930 2260 M.
1965 2205 2020 2260 Si
2047 2203 2207 2259 mala
2237 2202 2300 2259 in
2354 2202 2579 2258 mundo
2606 2219 2726 2258 non
2775 2205 2935 2269 sunt,
2995 2217 3101 2256 cur
3146 2202 3309 2274 leges
3379 2219 3448 2258 ea

1788 2295 2048 2368 puniunt
2075 2293 2103 2348 ?

1860 2390 1924 2440 Ο.
1950 2385 2068 2439 Hoc
2098 2383 2352 2438 maxime
2400 2388 2563 2437 tuam
2598 2383 2863 2454 coarguit
2936 2381 3229 2438 insaniam
3261 2396 3274 2433 :
3309 2396 3448 2435 nam

1791 2475 1907 2530 nisi
1931 2474 2119 2529 nostri
2152 2472 2380 2528 arbitrii
2402 2478 2561 2527 esset
2594 2473 2748 2527 male
2781 2473 2867 2526 vel
2893 2472 3046 2527 bene
3077 2487 3249 2543 agere
3292 2469 3449 2525 haud

1790 2562 1943 2620 ποθ
1997 2579 2140 2617 sane
2180 2562 2463 2632 punirent
2514 2562 2820 2616 maleficos
2876 2562 3054 2633 leges,
3106 2577 3236 2631 qum
3289 2576 3446 2630 saepe

1790 2652 1947 2708 haud
1979 2659 2175 2707 actum
2209 2656 2497 2721 spectant,
2522 2651 2624 2704 sed
2656 2651 2887 2722 agentis
2921 2650 3290 2720 propositum
3323 2647 3445 2701 dis—

1790 2742 2035 2813 quirunt
2061 2757 2073 2793 :
2100 2739 2300 2799 veluti.
2334 2740 2559 2807 lignum
2601 2738 2735 2807 quis
2759 2736 3442 2808 jecit.etinvitushomi-

1790 2847 1929 2886 nem
1969 2829 2231 2895 occidit;
2266 2844 2383 2881 non
2408 2827 2695 2881 damnant
2715 2826 2892 2881 caedis
2952 2826 3110 2896 leges
3152 2840 3287 2879 eum
3338 2822 3438 2894 qui

1791 2921 1947 2977 fecit.
1976 2919 2176 2973 Mistus
2223 2923 2312 2971 est
2343 2917 2560 2986 aliquis
2593 2916 2802 2970 aliena;
2869 2914 3125 2975 mulieri,
3161 2929 3339 2985 quam
3375 2913 3434 2967 in

1794 3029 1898 3067 suo
1931 3010 2147 3066 lectulo
2179 3008 2479 3062 inventam
2513 3007 2735 3078 putavit
2777 3022 2905 3060 esse
2966 3005 3262 3076 prapriam
3298 3019 3441 3056 uxo-

1792 3118 1918 3158 rem
1943 3118 1955 3155 :
1980 3099 2294 3156 absolvunt
2324 3114 2460 3153 eum
2488 3095 2764 3151 adulterii
2797 3095 3046 3150 crimine
3074 3095 3255 3166 leges,
3274 3093 3323 3147 si
3348 3109 3441 3147 res

1798 3191 2258 3245 demonstretur.

1865 3299 2156 3352 Praeterea
2187 3291 2480 3365 responde
2513 3291 2655 3345 mihi
2668 3334 2679 3353 ,
2715 3308 2818 3345 cur
2850 3289 3033 3345 solem
3068 3288 3326 3344 adoretis
3348 3287 3375 3342 ?

1865 3389 1934 3441 Μ.
1965 3386 2111 3452 Quia
2135 3384 2431 3439 luminare
2466 3380 2673 3436 mundi
2708 3388 2814 3450 est,
2844 3381 2982 3435 boni
3012 3381 3112 3435 Dei
3144 3378 3439 3452 genitura.

1866 3567 1927 3621 Ο.
1960 3565 2370 3634 Corporeusne
2408 3566 2515 3627 est,
2551 3576 2626 3616 an
2658 3560 3040 3631 incorporeus
3062 3558 3090 3613 ?

1866 3656 1933 3708 M.
1958 3655 2365 3724 Incorporeus.

1867 3746 1927 3798 Ο.
1964 3742 2267 3807 Quomodo
2304 3756 2684 3811 Incorporeus
2716 3738 3104 3809 corporaliter
3132 3736 3444 3792 cernitur?

1796 3835 2060 3902 Namque
2106 3831 2455 3901 incorporea
2488 3836 2687 3883 mente
2734 3828 3227 3898 contemplamur.
3255 3827 3441 3882 solem

1798 3922 2163 3979 sensibiliter
2218 3921 2407 3976 oculis
2468 3928 2525 3975 et
2578 3920 3039 3991 circumscriptis
3097 3918 3443 3989 corporibus

1797 4011 2377 4083 comprehendimus.
2416 4011 2635 4064 Prwter
2653 4027 2828 4080 quam
2846 4010 3004 4079 quod
3027 4016 3193 4061 estne
3216 4005 3442 4076 aliquid

1798 4104 2216 4172 incorporeum
2248 4117 2382 4155 cum
2416 4099 2714 4171 corporeis
2745 4096 3130 4168 qualitatibus
3160 4095 3188 4150 ?

1870 4194 1939 4247 Μ.
1976 4193 2096 4245 Non
2131 4195 2292 4261 puto.

1870 4282 1933 4337 Ο.
1969 4279 2143 4350 Atqui
2200 4278 2288 4333 sol
2340 4292 2656 4347 corporeas
2715 4275 2893 4329 habet
2932 4272 3296 4343 qualitates;
3357 4274 3447 4322 est

1800 4372 1962 4427 enim
1989 4368 2215 4424 calidus
2247 4367 2588 4436 aridusque,
2622 4381 2752 4434 qum
2786 4368 2924 4417 sunt
2955 4376 3265 4431 corporum
3298 4375 3445 4428 qua-

1800 4460 2036 4514 litates:
2072 4456 2361 4526 estigitur
2391 4471 2606 4525 corpus
2658 4453 2763 4506 sol.
2821 4453 2934 4506 Cur
2984 4466 3119 4505 vero
3181 4464 3300 4502 non
3344 4464 3444 4502 vos

1800 4548 1984 4622 pudet
2004 4545 2250 4601 adorare
2303 4560 2435 4597 eum
2470 4559 2645 4613 quem
2674 4540 2869 4596 odisse
2904 4539 3153 4603 debetis,
3186 4536 3326 4608 quia
3349 4551 3447 4589 ve-

1716 4621 1763 4684 Ῑ)
1796 4646 1916 4693 stro
1940 4633 2198 4706 dogmati
2230 4632 2532 4687 contraria
2577 4631 2719 4687 facit
2746 4630 2773 4685 ?

1869 4727 1940 4779 M.
1967 4724 2081 4779 Cur
2113 4722 2413 4777 contraria
2441 4720 2469 4775 ?

1868 4815 1929 4870 Ο.
1964 4811 2110 4878 Quia
2138 4828 2405 4882 corpora.
2445 4826 2577 4880 quae
2609 4825 2710 4864 vos
2762 4806 3005 4863 malitiae
3039 4823 3167 4862 esse
3227 4804 3445 4869 dicitis,

1796 4903 1986 4958 nutrit
2013 4907 2071 4956 et
2099 4901 2442 4972 compingit.
2475 4902 2666 4969 Atque
2716 4898 2808 4952 his
2866 4912 3040 4951 nemo
3072 4892 3445 4960 contradicit,

1798 4993 1944 5064 quin
1975 4991 2059 5047 rei
2092 4996 2348 5061 experta)
2381 4992 2687 5060 repugnet.
2724 4988 2843 5041 Hoc
2895 4985 3073 5040 etiam
3124 4983 3269 5041 mihi
3301 4982 3395 5037 dic
3430 4998 3443 5037 :

1789 5080 2089 5154 judicium
2120 5078 2243 5134 fore
2276 5077 2582 5134 confiteris
2612 5077 2640 5132 ‘l

1868 5171 1940 5226 M.
1973 5168 2285 5240 Equidem.

1869 5259 1936 5313 Ο.
1968 5257 2109 5323 Quis
2131 5256 2341 5329 judex,
2371 5260 2429 5311 et
2456 5254 2590 5325 quis
2611 5251 2916 5325 judicatus
2940 5251 2970 5307 Ἰ

1870 5370 1942 5424 M.
1974 5366 2209 5424 Iudicat
2238 5367 2431 5422 bonus
2465 5364 2643 5435 Deus,
2668 5364 2976 5437 judicatur
3007 5361 3228 5435 qumvis
3246 5361 3451 5418 anima

1797 5458 2116 5529 peccatrix.

1871 5549 1932 5603 Ο.
1969 5547 2143 5617 Atqui
2170 5546 2431 5618 seipsum
2488 5548 2831 5617 peccantem
2864 5541 3264 5614 comperietur
3296 5543 3449 5599 Deus

1799 5637 2033 5708 punire,
2072 5636 2118 5690 si
2150 5641 2307 5690 certe
2341 5651 2410 5690 ex
2442 5634 2651 5689 eadem
2671 5632 3003 5689 substantia
3033 5638 3123 5688 est
3145 5649 3275 5704 qua:
3290 5632 3449 5706 judi-

1799 5730 1968 5782 catur
1999 5726 2215 5782 anima.
2239 5727 2354 5783 Cur
2377 5741 2516 5782 vero
2549 5722 2999 5792 condemnatur,
3020 5740 3151 5795 quae
3174 5722 3444 5779 involan-
