4040 6204
575 330 711 395 1381

2098 320 2470 383 ADDBNDA.

3739 333 3833 393 i332

572 460 728 517 tario.
754 454 980 513 malum
1011 456 1255 526 operata
1284 456 1375 509 est
1397 451 1679 508 ?Etenim
1732 445 2088 505 necessitate
2120 460 2224 500 na-

2357 443 2470 518 εένη
2527 448 2589 504 τὸ
2643 449 2883 524 πονηρόν
2920 469 2934 520 ;
2969 446 3213 525 Ἀνάγκη
3253 449 3357 523 γὰρ
3402 450 3578 527 ιρύσεως
3599 452 3670 509 καὶ
3707 478 3833 532 προιε-

577 555 889 615 turaa,n0n
918 544 1220 599 voluntate
1252 542 1381 598 fieri
1411 542 1569 597 mala
1589 537 1928 596 dicitis.Sed
1952 535 2235 607 quOniam

576 638 693 694 duo
743 632 1041 707 principia
1074 648 1203 686 esse
1233 630 1453 701 dicitis,
1487 632 1671 685 Deum
1706 645 1774 684 ac
1804 624 2117 681 materiam
2142 640 2156 689 ;
2181 627 2239 677 et

584 728 771 782 Deum
805 722 1047 794 quidem
1077 720 1326 787 bonum,
1357 720 1670 775 materiam
1702 716 1923 772 malam
1949 731 1964 780 ;
1998 718 2057 767 et
2088 712 2235 766 utri-

579 831 694 886 que
724 818 951 868 naturac
985 814 1324 881 separatum
1366 809 1794 880 pr0priumque
1856 804 2052 858 locum
2084 800 2232 855 assi-

579 920 760 977 gnare
791 900 1121 965 audetis,et
1150 899 1297 954 alias
1312 899 1405 953 his
1437 896 1789 953 connectitis
1818 888 2237 960 fabulas,quod

583 1009 799 1064 nempe
829 990 1104 1058 materia,
1135 990 1267 1044 luce
1302 989 1405 1045 Dei
1432 989 1575 1053 visa,
1597 1003 1795 1043 amore
1825 982 2111 1039 exarserit
2144 985 2235 1034 at-

583 1098 699 1154 que
729 1080 802 1136 ad
832 1080 999 1135 illam
1032 1078 1377 1146 accurrerit,
1434 1093 1614 1148 quam
1676 1077 1833 1130 Deus
1879 1086 2132 1127 cernens
2162 1066 2237 1122 ad

579 1176 881 1227 certamen
940 1172 1227 1239 paratam,
1290 1165 1638 1221 substantiae
1698 1161 1952 1236 pr0priae
2003 1162 2232 1229 partem

583 1259 903 1315 dissectam
963 1256 1051 1311 illi
1107 1254 1385 1327 injecerit
1430 1272 1444 1322 ;
1489 1271 1607 1325 qua
1664 1255 1925 1322 recepta,
1988 1260 2237 1317 corpora

581 1354 796 1406 cuncta
815 1346 1021 1421 genuit
1040 1345 1319 1412 materia;
1344 1344 1626 1415 quoniam
1650 1342 1828 1413 igitur
1848 1339 1974 1393 haac
2017 1334 2237 1401 dicitis,

580 1439 1003 1494 refutationem
1032 1435 1271 1490 brevem
1303 1432 1650 1488 eorumdem
1692 1430 2002 1485 faciemus.
2037 1424 2238 1479 Primo

584 1527 764 1599 igitur
792 1523 1217 1597 perpendenda
1257 1527 1348 1577 est
1404 1523 1578 1589 actio,
1639 1524 1839 1574 utrum
1898 1526 2239 1570 consonans

591 1629 1046 1687 congruensque
1077 1612 1155 1667 sit
1175 1612 1277 1666 Dei
1312 1616 1542 1665 naturae
1566 1626 1577 1664 :
1608 1608 1824 1663 deinde
1849 1602 2098 1661 actionis
2116 1616 2243 1655 sco-

590 1720 702 1777 pus
736 1719 748 1759 :
777 1702 1036 1773 denique
1069 1700 1226 1756 ﬁnis.
1273 1699 1589 1754 Videamus
1622 1698 1823 1767 itaque
1877 1695 1938 1748 in
1970 1692 2089 1747 Deo
2120 1688 2247 1760 pri-

2342 536 2481 611 ρέσει
2510 536 2749 609 γίνεσθαί
2780 560 2912 615 φατε
2939 540 3007 594 τὰ
3034 539 3193 594 κακά’
3254 535 3379 593 ἀλλ’
3430 538 3586 609 ἐπειδὴ
3612 540 3685 597 δύο
3728 546 3832 620 ἀργὰς

2340 625 2479 680 εἷναί
2505 648 2636 704 φατε
2665 630 2819 701 Θεὸν,
2849 628 2940 683 καὶ
2974 627 3139 696 ὕλην,
3172 629 3262 682 καὶ
3292 628 3381 683 τὸν
3438 630 3519 702 μὶν
3568 632 3669 686 Θεὸν
3695 632 3835 709 ἀγαθὸν,

2338 715 2437 782 τὴν
2467 712 2524 770 δὲ
2554 716 2691 786 ὕλην
2734 718 3008 793 πονηρὰν,
3038 716 3131 771 καὶ
3186 718 3381 791 ἑκάστῃ
3414 718 3563 795 φύσει
3602 725 3834 797 κεχωρισμὲ·

2338 824 2428 858 νον
2460 804 2549 859 καὶ
2584 802 2860 874 ἰδιάζοντα
2888 807 3055 862 τόπον
3100 807 3372 885 ἀφορίζειν
3420 807 3643 880 τολμᾶτε,
3686 812 3751 865 καὶ
3771 812 3839 867 E11:-

2343 912 2470 967 ρους
2504 891 2560 948 δὲ
2590 894 2806 957 τούτοις
2853 894 3240 951 έπισυνάπτετε
3273 896 3483 969 μύθους,
3510 897 3580 951 ὅτι
3627 900 3841 971 θεωρήσασα

2340 981 2515 1052 ἠιῦλη
2548 983 2610 1037 τὸ
2642 988 2759 1060 φῶς
2780 990 2877 1039 τοῦ
2905 990 3060 1057 Θεοῦ,
3096 984 3173 1046 εἷς
3232 984 3403 1058 ἔρωτα
3447 986 3584 1055 ἦλθε,
3609 987 3681 1041 xui
3702 988 3846 1062 ὥρμησε

2340 1071 2476 1147 πρὸς
2508 1073 2569 1126 τὸ
2601 1077 2736 1150 φῶς*
2774 1074 2839 1141 ἢν
2876 1071 3009 1128 ἰδὼν
3046 1076 3074 1129 ὁ
3107 1075 3307 1148 ἀγαθὸς
3360 1076 3479 1137 Θεὸς
3529 1077 3641 1151 πρὸς
3688 1077 3847 1149 πόλεμον

2342 1163 2918 1234 παρασκευαζομένην,
2948 1170 3050 1233 τῆς
3095 1162 3295 1225 οἰκείας
3325 1162 3499 1226 οὐσίας
3552 1167 3684 1237 μέρος
3726 1166 3851 1221 unou-

2347 1247 2487 1321 μὼν,
2519 1245 2755 1305 ἐπέϐαλε
2781 1251 2976 1327 ταύτῃ’
3038 1254 3074 1322 ἡ
3138 1250 3195 1307 δὲ
3254 1247 3489 1308 λαϐοῦσα
3515 1252 3718 1328 ἐγέννησε
3749 1257 3855 1309 πάντα

2342 1338 2410 1392 τὰ
2439 1339 2685 1411 σώματα·
2740 1339 2857 1396 ἐπεὶ
2915 1338 3004 1396 οῦν
3062 1345 3233 1396 ταῦτά
3287 1362 3437 1420 φατε,
3486 1342 3739 1416 ἀνατροπὴν
3776 1343 3852 1397 10'3-

2346 1446 2454 1481 των
2512 1428 2780 1501 σύντομον
2841 1432 3208 1504 ποιησόμεθα.
3268 1435 3484 1504 Πρῶτον
3535 1430 3616 1484 οῦν
3654 1430 3855 1501 ἐξεταστέον

2343 1516 2444 1584 τὴν
2476 1517 2694 1591 πρᾶξιν,
2727 1516 2772 1571 εί
2803 1519 3151 1593 ἁρμόττουσα
3198 1520 3288 1574 καὶ
3352 1518 3661 1589 κατάλληλός
3705 1519 3784 1574 ἐστι
3817 1524 3857 1592 τῇ

2348 1603 2504 1682 φύσει
2532 1610 2631 1660 τοῦ
2675 1610 2832 1662 Θεοῦ·
2868 1609 2985 1662 εἶτα
3020 1614 3122 1677 τῆς
3172 1609 3418 1683 πράξεως
3458 1608 3543 1663 τὸν
3588 1608 3760 1663 σκοπόν·
3794 1611 3861 1662 εἴτε

2347 1693 2411 1749 τὸ
2437 1692 2615 1759 τέλος.
2650 1692 2903 1769 Εἴδωμεν
2935 1697 3118 1751 τοίνυν
3152 1697 3239 1751 ἐπὶ
3301 1701 3435 1751 Θεοῦ
3486 1701 3690 1771 πρῶτον,
3733 1696 3765 1751 εἰ
3800 1698 3859 1771 ἆρ-

594 1809 782 1860 mum,
814 1796 1016 1846 utrum
1048 1791 1417 1862 ejusnaturaa
1450 1791 1735 1860 congruat
1757 1782 2057 1856 quodipse
2077 1778 2244 1834 facit.

2357 1781 2539 1857 μόττει
2568 1786 2637 1857 τῇ
2668 1788 2765 1838 τοῦ
2787 1788 2926 1839 Θεοῦ
2960 1785 3114 1863 φύσει
3148 1785 3211 1840 τὸ
3262 1786 3500 1860 πραχθὲν
3553 1786 3628 1840 ὑπ’
3654 1784 3792 1842 αὐτοῦ.
3826 1786 3864 1842 Τί

591 1890 743 1958 Quid
775 1894 865 1945 est
894 1887 1221 1945 secundum
1252 1888 1358 1943 Dei
1390 1892 1665 1941 naturam
1696 1884 1723 1937 ?
1782 1884 2001 1951 Nempe
2061 1882 2127 1931 ut
2171 1875 2250 1930 sit

591 1982 917 2047 increatus,
949 1976 1446 2048 incorruptibilis,
1479 1974 1673 2029 bonus
1732 1977 1908 2041 atque
1954 1967 2153 2033 etiam,
2183 1968 2249 2018 ut

592 2087 693 2125 vos
725 2069 924 2124 dicitis
955 2065 1287 2133 Manichaai,
1312 2070 1379 2119 ut
1409 2066 1469 2118 in
1502 2063 1745 2135 proprio
1804 2062 1932 2114 loco
1990 2060 2247 2111 maneat.

592 2168 769 2238 Atqui
801 2167 980 2230 actio,
1016 2166 1079 2220 in
1138 2169 1335 2219 vestra
1392 2160 1732 2233 hypothesi,
1792 2156 2090 2213 contraria
2146 2154 2249 2209 Dei

596 2261 824 2312 natura:
857 2259 1121 2326 apparet.
1152 2254 1207 2307 Is
1231 2252 1391 2306 enim
1425 2264 1866 2321 quaqueversus
1888 2263 1922 2301 a
1951 2243 2249 2316 praedictis

598 2344 1054 2401 damniﬁcatur:
1114 2357 1309 2411 neque
1359 2340 1488 2411 jam
1521 2343 1724 2393 manet
1759 2353 1916 2392 unus
1951 2334 2249 2389 increatus

599 2434 816 2489 unicus
837 2432 937 2486 ille
964 2433 1285 2498 Deus,cum
1316 2430 1377 2483 in
1411 2428 1680 2496 duo,imo
1713 2431 1770 2482 et
1799 2424 2252 2496 pluraincreata

602 2523 917 2579 dividatur.
953 2524 1153 2592 Neque
1181 2520 1562 2590 incorruptus
1617 2521 1906 2579 remanet,
1929 2518 2131 2584 utpote
2163 2512 2252 2566 di-

602 2613 782 2667 visus.
814 2614 1065 2682 Insuper
1093 2626 1168 2665 ne
1199 2608 1389 2663 bonus
1434 2607 1675 2678 quidem
1710 2623 1721 2659 :
1776 2602 2070 2675 quomodo
2094 2602 2252 2655 enim

602 2700 795 2755 bonus
827 2699 922 2761 sit,
958 2698 1058 2769 qui
1092 2697 1354 2768 seipsum
1373 2695 1605 2761 odiens,
1638 2701 1868 2766 partem
1929 2692 2017 2747 sui
2062 2690 2249 2745 hosti-

601 2788 713 2844 bus
744 2786 1235 2859 prodit?Rursus
1268 2784 1566 2855 quomodo
1619 2784 1696 2839 sit
1742 2783 1955 2847 bonus,
1988 2780 2129 2834 dum
2162 2794 2253 2833 se-

601 2879 795 2950 ipsum
828 2876 1068 2948 quidem
1100 2874 1315 2929 liberat
1365 2874 1427 2927 in
1486 2873 1695 2927 mundi
1744 2872 1992 2940 factura,
2020 2884 2251 2923 verum-

600 2973 800 3023 tamen
833 2965 908 3021 ad
932 2965 1017 3020 rei
1047 2964 1215 3019 factas
1244 2963 1570 3035 perniciem
1597 2961 1657 3016 id
1683 2960 1867 3016 efﬁcit
1889 2958 2040 3014 ?Sed
2058 2972 2255 3027 neque

599 3055 845 3129 proprio
880 3055 940 3109 in
962 3054 1090 3109 loco
1122 3069 1365 3125 prorsus
1391 3052 1652 3123 perstitit
1676 3068 1689 3117 ;
1723 3050 1945 3105 etenim
1967 3065 2105 3119 pars
2128 3046 2255 3117 ejus

598 3145 673 3201 ad
694 3144 956 3200 materiaa
976 3143 1173 3198 locum
1191 3140 1805 3197 transilivit.Secundo
1829 3140 1957 3194 loco
1980 3151 2256 3208 quaeren-

2351 1879 2534 1935 τοίνυν
2562 1882 2697 1936 κατᾶ
2731 1882 2888 1959 φύσιν
2916 1881 3028 1938 ἐστὶ
3057 1888 3139 1955 τῷ
3170 1887 3285 1955 Θεῷ
3322 1902 3337 1953 ;
3370 1882 3615 1953 Δηλονότι
3659 1884 3708 1937 τὸ
3747 1883 3864 1957 61in,-

2351 1990 2443 2024 τον
2478 1971 2567 2023 xui
2598 1971 2662 2025 16
2684 1968 3093 2048 ἅφθαρτον,καὶ
3137 1974 3200 2027 τὸ
3260 1973 3483 2047 ἀγαθὸν,
3528 1972 3605 2027 xui
3653 1972 3743 2026 καθ’
3784 1973 3867 2041 ὖμᾶς

2356 2060 2724 2131 Μανιχαίους,
2757 2060 2845 2115 καὶ
2878 2060 2930 2116 ἐν
2961 2066 3039 2134 τῷ
3080 2061 3268 2135 οἰκείῳ
3303 2066 3480 2135 μεῖναι
3529 2061 3677 2133 τόπῳ.
3725 2060 3864 2127 Ἀλλἰξ

2355 2158 2548 2229 πρᾶξις
2604 2158 2741 2213 κατᾶ
2797 2159 2898 2227 τήν
2963 2161 3121 2233 ὑμῶν
3183 2160 3436 2223 ὑπόθεσιν
3483 2158 3669 2214 ἐναντία
3708 2158 3871 2231 113952;:

2357 2242 2650 2300 δείκνυται’
2704 2247 3026 2320 λυμαίνεται
3112 2250 3216 2324 γὰρ
3298 2255 3429 2304 πᾶσι
3500 2254 3604 2309 τοῖς
3645 2246 3870 2320 εἰρημένοις·

2356 2334 2480 2390 οὕτε
2510 2336 2610 2409 γὰρ
2645 2338 2723 2398 εἴς
2775 2336 3035 2411 ἀγένητος
3096 2337 3340 2410 διαμένει
3387 2338 3414 2391 6
3460 2339 3530 2399 εἷς
3584 2335 3742 2410 ἀγαθὸς
3781 2336 3872 2401 θεὸς,

2355 2425 2479 2479 ’ὁταν
2516 2423 2591 2486 είς
2626 2424 2723 2479 δύο
2773 2427 2807 2495 ἢ
2869 2428 2959 2481 xui
3020 2425 3196 2482 πλείω
3256 2422 3485 2503 ἆγὲνητα
3532 2423 3751 2499 διαιρεθῇ.
3792 2422 3872 2479 Οἷτε

2355 2512 2575 2587 ἀγαθός’
2607 2518 2713 2568 ποῦ
2760 2516 2861 2589 γὰρ
2894 2515 3092 2590 ἀγαθὸς
3153 2518 3181 2572 6
3240 2516 3427 2571 ἑαυτὸν
3481 2514 3729 2590 ἐχθράνας,
3764 2513 3785 2567 6
3820 2512 3875 2581 μὲ-

2358 2623 2451 2677 ρος
2482 2623 2533 2657 τι
2566 2604 2757 2659 ἑαυτοῦ
2790 2604 3040 2680 προδοὺς
3065 2612 3186 2669 τοῖς
3208 2607 3538 2678 πολεμίοις;
3569 2610 3664 2660 [Ιοῦ
3689 2602 3726 2657 δ’
3768 2605 3805 2657 ἂν
3827 2602 3872 2665 εἴη

2358 2691 2582 2765 ἀγαθὸς,
2615 2694 2802 2749 ἑαυτὸν
2842 2696 2936 2767 μὶν
2993 2693 3295 2770 ἐλευθερῶν
3353 2694 3442 2750 διὰ
3492 2702 3581 2763 τῆς
3630 2697 3707 2748 τοῦ
3747 2691 3876 2762 κόσμιαί

2358 2785 2668 2849 ποιήσεως,
2700 2781 2783 2837 ἐπ’
2805 2782 3020 2858 ὀλέθρῳ
3060 2782 3117 2839 δὲ
3147 2788 3255 2839 τῶν
3289 2782 3761 2858 δημιουργηθέντων
3779 2783 3877 2833 τοῦτο

2358 2873 2534 2924 ποιῶν
2570 2890 2583 2939 ;
2616 2869 2743 2926 ἀλλ’
2770 2872 2891 2927 οὕτε
2922 2872 2972 2928 ἐν
3007 2873 3192 2946 οίκείῳ
3221 2874 3383 2947 τόπῳ
3442 2872 3653 2947 διέμεινε
3676 2868 3879 2926 tandem

2365 2958 2623 3030 μετέπεσε
2648 2961 2747 3033 γὰρ
2774 2958 2940 3016 αὺτοῦ
2976 2963 3141 3036 μέρος
3200 2961 3291 3016 ἐπὶ
3346 2964 3436 3017 τὸν
3475 2963 3627 3016 τόπον
3670 2967 3746 3027 τῆς
3787 2956 3879 3023 ὕλης

2363 3046 2621 3121 Δεύτερον
2657 3050 2921 3120 ζητητέον
2960 3050 3011 3106 εἴ
3038 3056 3118 3123 τῷ
3178 3057 3371 3123 σκοπῷ
3428 3049 3697 3110 ἀκόλουθός
3736 3045 3829 3101 ἐστιν
3862 3044 3881 3111 ἦ

2369 3136 2580 3210 πρᾶξις.
2614 3137 2705 3202 Τίς
2730 3140 2822 3193 οὗν
2881 3142 2907 3194 ὁ
2968 3141 3172 3205 σκοπός
3202 3163 3216 3212 ;
3252 3141 3435 3211 Δῆλον
3485 3142 3563 3197 ’ὀτι
3612 3144 3642 3210 ἡ
3690 3140 3799 3207 νίκη·
3820 3133 3888 3187 διῖ-

603 3235 746 3291 dum
776 3239 1091 3300 est,utrum
1114 3232 1267 3288 actio
1299 3231 1506 3287 tendat
1535 3231 1607 3287 ad
1643 3246 1886 3302 scopum
1918 3206 2246 3285 :namceru

2371 3244 2558 3280 κνυται
2589 3223 2646 3282 δὲ
2674 3227 2764 3282 καὶ
2786 3228 2836 3283 ἐν
2881 3233 2958 3301 τῷ
2993 3234 3183 3302 σκοπῷ
3238 3229 3481 3286 ἐναντίον
3534 3226 3709 3305 ἔχουσα
3744 3229 3771 3294 ἡ
3802 3228 3884 3298 τρὶ·

603 3328 767 3396 patet
796 3340 922 3381 rem
949 3322 1179 3378 unitam
1209 3321 1517 3377 fortiorem
1557 3336 1687 3375 esse
1719 3318 1986 3392 partibus
2009 3318 2132 3372 suis
2157 3334 2169 3384 ;
2206 3328 2264 3377 et

607 3413 760 3468 109
781 3428 917 3467 eum
940 3412 1039 3483 qui
1073 3412 1136 3466 in
1166 3411 1411 3483 propria
1431 3416 1645 3465 natura
1662 3407 2262 3480 perstat,validiorem

609 3501 715 3557 illo
747 3517 877 3556 esse
899 3501 999 3572 qui
1031 3517 1102 3555 ex
1124 3516 1231 3556 sua
1251 3504 1464 3555 natura
1492 3499 1673 3554 fuerit
1693 3498 2061 3553 demutatus:
2086 3495 2259 3551 deni-

616 3606 730 3662 que
762 3590 862 3661 qui
895 3589 1133 3661 propria
1154 3591 1214 3644 in
1229 3589 1367 3644 sede
1400 3593 1622 3655 manet,
1648 3586 2091 3642 firmioremillo
2106 3602 2256 3656 esse,

615 3689 715 3760 qui
733 3688 807 3743 ad
838 3688 1016 3751 aliam
1034 3686 1358 3743 translatus
1390 3685 1745 3752 fuerit.Quid
1769 3702 1906 3758 ergo
1931 3700 2256 3757 congruum

612 3778 1091 3848 conveniensque
1121 3794 1299 3848 scopo
1332 3776 1470 3833 est?
1497 3778 1717 3848 Nempe
1744 3774 1924 3829 robur
1952 3791 2125 3830 suum
2147 3793 2254 3847 po-

612 3867 730 3923 tius
760 3883 1130 3937 conservare,
1156 3882 1335 3938 quam
1366 3864 1750 3922 distrahendo
1785 3864 2082 3919 inﬁrmius
2129 3865 2258 3921 red-

611 3956 772 4013 dere.
808 3955 1125 4012 Videamus
1148 3961 1203 4011 et
1236 3955 1499 4024 tertium,
1554 3958 1755 4009 utrum
1802 3969 2018 4023 nempe
2075 3969 2253 4025 scopo

612 4046 763 4101 actio
795 4044 1169 4117 respondeat.
1204 4045 1535 4110 Quamnam
1577 4044 1755 4116 igitur
1802 4041 2041 4097 finalem
2074 4042 2249 4097 victo-

609 4135 715 4191 rias
747 4134 1070 4190 utilitatem
1101 4150 1232 4189 esse
1264 4133 1461 4188 dicitis
1482 4133 1509 4187 ?
1539 4133 1704 4186 Certe
1736 4137 1839 4185 aut
1858 4130 2132 4186 essentiaa
2148 4132 2251 4186 Dei

605 4224 1117 4281 conservationem
1175 4239 1305 4278 esse
1336 4222 1567 4280 (Ιὶςι-ιίε,
1604 4228 1705 4276 aut
1746 4237 1819 4275 ne
1852 4220 2090 4291 proprio
2120 4220 2249 4276 loco

604 4312 941 4381 decederet,
964 4318 1068 4368 aut
1094 4316 1161 4367 ut
1190 4311 1595 4367 destrueretur
1628 4308 1875 4365 materia
1902 4309 1991 4363 vel
2023 4309 2085 4363 in
2126 4326 2251 4365 me-

602 4402 720 4459 lius
750 4407 1213 4459 converteretur.
1229 4402 1505 4455 Attamen
1530 4398 1832 4455 contraria
1852 4398 1948 4453 his
1973 4404 2248 4470 reputare

597 4494 751 4549 actio
782 4492 1009 4548 suadet.
1046 4493 1190 4545 Nam
1222 4506 1416 4561 neque
1448 4489 1552 4544 Dei
1601 4488 1861 4544 essentia
1912 4487 1973 4542 in
2005 4504 2112 4542 sua
2141 4505 2245 4543 na-

2374 3314 2475 3383 ξιξ·
2538 3312 2708 3385 δῆλον
2757 3318 2858 3394 γὰρ
2916 3318 2999 3373 ’ότι
3058 3320 3086 3373 6
3144 3320 3458 3394 ἡνωμένος,
3512 3324 3601 3375 τοῦ
3655 3316 3888 3391 μερισθέντος

2371 3402 2747 3480 ἶσχυρότεροςο
2781 3406 2871 3461 καὶ
2904 3408 2932 3462 ὁ
2957 3410 3094 3463 κατά
3123 3416 3306 3485 φύσιν,
3337 3414 3433 3464 τοῦ
3480 3408 3613 3483 παρᾶ
3651 3406 3767 3483 uim
3805 3420 3883 3473 τρε·

2366 3496 2555 3557 πέντος
2587 3494 2977 3573 δυνατώτερος·
3009 3500 3101 3553 καὶ
3132 3500 3159 3554 6
3207 3498 3261 3554 ἐν
3330 3500 3411 3572 τῷ
3441 3498 3560 3572 ἶδίῳ
3602 3496 3729 3567 τόπῳ
3764 3492 3887 3565 μένων,

2366 3588 2462 3639 τοῦ
2494 3586 2890 3658 μεταπεσόντος
2918 3587 2995 3651 είς
3016 3584 3198 3663 ἕτερον
3229 3590 3424 3646 τόπον.
3466 3590 3527 3646 Τί
3557 3587 3637 3643 οῦν
3683 3581 3885 3640 ἀκόλουθον

2364 3682 2455 3738 καὶ
2477 3681 2760 3759 πρεπῶδες
2780 3690 2860 3757 τῷ
2889 3691 3080 3759 σκοπῷ
3111 3708 3125 3757 ς
3152 3690 3394 3761 τηρῆσαι
3426 3684 3627 3761 μᾶλλον
3652 3686 3731 3751 τὴν
3771 3677 3886 3751 ἶσχῦῖο

2363 3772 2454 3828 καὶ
2485 3774 2561 3846 μὴ
2585 3777 2654 3847 τῇ
2686 3771 2958 3830 διαστάσει
2989 3776 3373 3850 ἀσθενεστέραν
3432 3778 3617 3845 ταύτην
3666 3775 3812 3828 ποιεῖν.
3832 3764 3885 3820 Ei-

2365 3862 2544 3935 δωμεν
2587 3859 2644 3917 δέ
2673 3864 2762 3919 xui
2783 3866 2846 3919 16
2870 3864 3051 3938 τρίτον
3081 3865 3131 3921 εἴ
3158 3863 3519 3937 κατάλληλος
3535 3869 3609 3936 τῷ
3632 3861 3749 3919 τέλει
3769 3857 3885 3927 ’ἕτεῤ

2362 3953 2463 4024 εις.
2497 3951 2566 4008 Τί
2598 3953 2689 4007 οὗν
2719 3953 2782 4008 τὸ
2812 3952 2872 4009 ἐκ
2898 3961 3001 4024 τῆς
3029 3954 3187 4025 νίκης
3212 3955 3379 4019 τέλος
3428 3953 3592 4029 φατές
3643 3952 3673 4019 ἢ
3716 3950 3790 4023 γὰρ
3826 3946 3883 4009 Ti“

2362 4039 2610 4117 φυλακὴν
2640 4049 2739 4111 τῆς
2773 4044 3078 4106 συστάσεως
3110 4048 3207 4099 τοῦ
3241 4049 3378 4100 Θεοῦ
3427 4044 3590 4119 ἐρεῖτε
3629 4029 3882 4097 παντελῶςεῆ

2358 4130 2458 4198 τήν
2492 4130 2796 4206 ἐλευθερίαν
2829 4130 2865 4201 ἤ
2897 4132 2959 4187 τὸ
2975 4136 3077 4187 τοῦ
3110 4133 3316 4189 οἰκείου
3348 4134 3518 4189 τόπου
3550 4134 3617 4205 μή
3642 4131 3881 4203 μεταστῆηιν

2358 4218 2392 4288 ἢ
2430 4217 2521 4273 ’ίνα
2551 4220 2805 4294 ἀναιρεθῇ
2827 4223 2861 4291 ἡ
2896 4220 3026 4292 ὕλη,
3060 4223 3095 4291 ἢ
3124 4220 3219 4277 ἵνα
3253 4218 3572 4297 μεταϐληθῇ
3601 4219 3678 4276 ἐπὶ
3698 4217 3749 4272 τὸ
3771 4215 3881 4287 1.33:-

2355 4326 2467 4363 τον
2502 4306 2628 4364 ἀλλ’
2666 4311 2699 4379 ἦ
2755 4314 2947 4386 πρᾶξις
2997 4311 3062 4367 τὸ
3122 4309 3367 4367 ἐναντίον
3416 4312 3621 4371 τούτοις
3668 4299 3880 4379 (inuexit!

2356 4402 2517 4453 νοεῖν.
2559 4395 2699 4455 Οὔτε
2726 4400 2831 4475 γὰρ
2853 4402 2889 4470 ἠ
2914 4401 3166 4463 σύστασις
3194 4406 3295 4457 τοῦ
3327 4405 3463 4457 Θεοῦ
3508 4400 3557 4457 ἐν
3595 4403 3667 4471 τῷ
3702 4394 3801 4450 κατᾶ
3821 4388 3876 4466 εὖ·

2358 4506 2438 4541 σιν
2474 4484 2728 4561 διέμεινε,
2760 4486 3125 4565 προδοθέντος
3152 4495 3249 4546 τοῦ
3272 4493 3493 4567 μέρουςο
3551 4489 3710 4555 οὕτεὴ
3749 4481 3878 4537 ἐλευθε-

594 4586 724 4637 tura
764 4580 1043 4651 perstitit,
1091 4582 1256 4649 parte
1315 4577 1629 4648 projecta;
1694 4592 1890 4648 neque
1936 4576 2246 4632 incolumis

2361 4574 2470 4649 ρία,
2503 4574 2790 4633 ἐδούλευσε
2819 4581 2922 4653 γάρ
2951 4583 3022 4653 τῇ
3060 4581 3263 4653 γενέσει
3315 4585 3417 4636 τοῦ
3447 4576 3659 4653 κόσμου,
3766 4568 3877 4625 ἔσατδῖ

598 4669 843 4726 libertas
878 4668 1010 4738 fuit,
1042 4666 1253 4722 mundi
1312 4666 1471 4721 enim
1530 4665 1801 4720 inserviit
1855 4665 2246 4737 generationi,

589 4774 821 4841 partem
879 4766 971 4822 sui
1005 4764 1295 4821 creaturis
1320 4763 1673 4835 impertiens
1707 4781 1719 4818 :
1756 4778 1953 4833 neque
2011 4763 2251 4818 demum

587 4859 647 4914 in
683 4857 922 4930 proprio
948 4871 1010 4911 se
1044 4853 1345 4910 continuit
1370 4852 1521 4921 loco,
1552 4858 1718 4923 parte
1743 4852 1930 4922 ipsius
1957 4851 2031 4906 ad
2062 4858 2249 4908 mate-

586 4948 741 5004 riam
770 4945 1079 5002 translata.
1118 4945 1318 5014 Neque
1349 4942 1614 4997 materiai
1672 4946 1887 4997 natura
1942 4947 2250 5013 perempta

585 5036 699 5094 fuit
736 5040 838 5092 aut
867 5038 1133 5089 mutata:
1167 5031 1391 5086 mansit
1421 5030 1582 5085 enim
1641 5029 1932 5101 quidquid
1990 5035 2117 5085 erat
2173 5031 2244 5086 ab

588 5128 760 5184 initio
791 5122 1262 5181 indemutabile:
1300 5122 1382 5176 ita
1411 5127 1477 5176 ut
1506 5137 1655 5176 vana
1704 5137 2146 5192 quaqueversus
2177 5138 2245 5177 ac

580 5218 744 5274 fatua
773 5218 1062 5288 appareat
1084 5214 1212 5267 haec
1241 5227 1374 5282 quaa
1406 5227 1441 5265 a
1470 5210 1632 5265 vobis
1662 5210 1877 5265 fabulae
1924 5209 2112 5264 instar
2132 5210 2242 5281 hy-

578 5308 722 5380 poth
742 5306 859 5362 esis
885 5304 1178 5360 fabricata
1208 5306 1316 5356 est.
1350 5299 1512 5355 Licet
1536 5316 1669 5354 vero
1701 5299 1877 5354 etiam
1930 5316 1998 5353 ex
2032 5314 2245 5369 cpera-

580 5393 868 5461 tionibus,
904 5399 963 5449 et
993 5410 1063 5448 ex
1092 5406 1293 5457 causa,
1328 5394 1386 5444 et
1415 5405 1485 5443 ex
1532 5388 1699 5454 locis,
1734 5406 1880 5459 quos
1925 5388 2241 5460 subjunge-

584 5498 740 5547 mus,
798 5486 1005 5535 vestraa
1063 5478 1523 5552 irreligiositatis
1582 5477 2012 5534 absurditatem
2078 5494 2240 5531 coar-

584 5585 784 5645 guere.
802 5570 883 5622 Ex
909 5568 1251 5639 Operatione
1283 5566 1524 5638 quidem
1547 5567 1629 5622 sic
1648 5566 1913 5621 funditus
1933 5565 2231 5621 evertitur.

582 5661 640 5718 Si
672 5656 985 5716 contrariae
1016 5661 1156 5711 sunt
1186 5661 1435 5725 naturae,
1469 5656 1767 5713 contraria
1796 5672 2032 5728 quoque
2086 5671 2231 5728 ope-

2363 4665 2525 4740 μέρος
2557 4670 2672 4729 τοῖς
2702 4663 3191 4744 δημιουργηθεῖσιν
3224 4667 3418 4731 ἐνθείς·
3452 4669 3569 4725 οὕτε
3596 4666 3646 4722 δὲ
3686 4665 3726 4719 ἐν
3748 4665 3803 4731 τῷ
3831 4655 3877 4707 οἷ’

2356 4760 2490 4836 κείῳ
2514 4761 2751 4837 διέμεινε
2774 4765 2952 4839 τόπῳ,
2981 4766 3343 4841 μεταστάντος
3370 4772 3470 4823 τοῦ
3501 4768 3677 4844 μέρους
3726 4760 3787 4816 Exi
3820 4755 3873 4819 τί*

2357 4851 2519 4923 ὕλην.
2553 4851 2691 4911 Οὔτε
2723 4851 2779 4909 δὲ
2800 4858 2834 4924 ἡ
2868 4854 3027 4929 φύσις
3050 4864 3150 4927 τῆς
3178 4857 3319 4929 ὕλης
3341 4856 3568 4934 ἀνῃρέθη
3596 4845 3875 4927 ἤμετεόλιέβτῗ

2355 4938 2535 5016 ἔμεινε
2564 4944 2665 5019 γὰρ
2699 4943 2728 4998 6'
2757 4945 2823 5014 ἦν
2848 4945 2899 5016 ἐξ
2931 4946 3114 5021 ἀρχῆς
3170 4947 3594 5023 ἀμετάτρεπτον
3632 4944 3693 5003 ὥς
3720 4959 3762 5015 τι
3796 4954 3872 5005 μίν

2352 5031 2585 5107 ταχόθεν
2620 5030 2794 5089 ἓωλον
2848 5034 2938 5089 καὶ
2998 5040 3185 5109 μωρὰν
3236 5034 3543 5092 δείκνυσθαι
3569 5035 3657 5102 την
3700 5027 3868 5085 ὑπόδεσινρ

2353 5121 2419 5190 ἢν
2458 5120 2889 5194 μυθολογοῦντες
2947 5125 3294 5193 συνεθήκατε,
3358 5119 3469 5178 ἔστι
3526 5120 3579 5177 δι
3625 5119 3696 5175 καὶ
3740 5112 3779 5167 ἐκ
3808 5110 3867 5160 τῶν

2351 5207 2632 5284 ἐνεργειῶν
2664 5211 2754 5264 xui
2782 5216 2884 5281 τῆς
2915 5210 3093 5275 αἶ’τίας
3124 5211 3226 5267 κὰκ
3253 5216 3365 5268 τῶν
3401 5214 3595 5277 τόπων,
3622 5208 3684 5263 ὧν
3709 5200 3868 5261 ὑποτίθβ

2354 5319 2470 5370 μεν,
2502 5306 2600 5369 τῆς
2636 5294 2882 5363 ἄσεὸείας
2927 5300 3083 5374 ὑμῶν
3142 5300 3355 5376 ἐλέγξαι
3396 5302 3461 5357 τὸ
3510 5300 3701 5355 ἄτοπον.
3731 5285 3864 5356 Ένμὲν

2350 5386 2442 5443 οῦν
2471 5395 2573 5457 τῆς
2621 5388 2891 5464 ἐνεργείας
2941 5390 3352 5465 ἀνατρεπτικῶς
3400 5390 3587 5453 οὕτως,
3636 5385 3690 5444 Ei
3725 5376 3862 5465 ἐναντάξ

2346 5477 2401 5531 αἱ
2424 5476 2631 5555 φύσεις,
2664 5478 2877 5532 ἐναντία
2905 5478 2996 5532 καὶ
3051 5477 3314 5554 ἐνέργεια.
3367 5478 3433 5536 Εἴ
3490 5480 3574 5533 οὗν
3618 5479 3646 5543 ἡ
3692 5474 3758 5526 τοῦ
3788 5461 3862 5555 ὰΰξ

2349 5547 2588 5641 ἐνέργεια
2612 5547 2879 5637 ποιητικὴ
2914 5547 3300 5642 ὁμολογεῖται,
3351 5571 3387 5639 ἡ
3410 5575 3508 5638 τῆς
3556 5563 3673 5635 ὕλης

2339 5638 2506 5710 ἔσται’
2538 5655 2583 5712 εί
2620 5654 2677 5713 δὲ
2706 5660 2890 5730 τοῦτο,
2933 5638 3217 5715 ῦπόκείται
3272 5655 3381 5735 ἂρα
3420 5656 3498 5732 τῷ
3548 5659 3649 5727 Θεῷ
3693 5647 3756 5705 καί
3790 5638 3861 5695 εστ
