4044 6218
175 346 323 408 1333

954 356 1259 412 JOANNIS
1293 355 1707 412 ORTHODOXI
1745 353 2180 411 DISPUTATIO
2216 356 2370 413 CUM
2408 356 2823 416 MLNICHEO.

3455 356 3613 425 i331

160 473 340 533 λεὺειο
375 475 477 531 οὑκ
504 475 605 552 ἄρα
656 476 920 553 ἀγένητός
976 477 1138 533 ἐστιν’
1186 476 1373 541 άλλῶς
1402 500 1460 534 τε
1490 476 1549 533 δὶ
1572 475 1608 547 ἤ
1640 478 1693 532 αἶ
1727 474 1812 531 δύ(

1946 479 2117 534 ratio.
2151 478 2207 534 Si
2236 496 2372 553 ergo
2422 482 2525 537 Dei
2574 484 2980 554 operationem
3030 486 3281 543 activam
3310 489 3587 562 fatemur,

164 571 450 637 ποιοῦσιν,
484 566 519 635 ἢ
574 566 629 621 αἰ
689 565 783 621 δύο
842 566 1173 643 πάσχουσιν,
1206 569 1241 638 ἢ
1292 570 1327 639 ἡ
1364 569 1457 642 μὲν
1498 573 1667 637 ποιεῖ,
1701 567 1735 636 ἥ
1769 563 1826 621 δὶ

164 657 396 731 πάσχει,
429 655 465 725 ἢ
497 655 652 710 αὑταὶ
695 656 974 733 πάσχουσι
1029 657 1120 711 καὶ
1169 662 1436 713 ποιοῦσιν·
1489 656 1615 712 ἀλλ’
1654 656 1703 711 εἷ’
1734 656 1828 729 μὶν

161 743 229 800 αἶ’
253 743 349 800 δύο
379 750 629 814 ποιοῦσι,
687 746 801 810 θεοὶ
860 743 1091 816 ἔσονται,
1149 745 1203 802 εἷ’
1253 769 1316 822 γε
1371 748 1432 802 τὸ
1484 751 1659 801 ποιεῖν
1692 749 1826 801 Θεοῦ

168 833 378 908 μελέτη
426 837 502 906 (1)
545 833 637 889 καὶ
695 833 835 905 ὕλης
888 834 1235 898 ἐπινοεῖςθαι·
1278 836 1323 891 εἰ
1383 834 1439 891 δὲ
1493 837 1822 911 ποέσχουσιν

164 923 499 1001 ἀμφότεραι,
532 921 701 978 ἄλλαι
743 918 954 978 ἔσονται
1002 925 1057 979 αἰ
1108 923 1224 998 δύο,
1256 926 1343 980 καὶ
1386 923 1567 1002 ἕτερος
1602 927 1629 979 6
1659 946 1820 995 ποιη-

160 1012 269 1081 τὴς
302 1014 687 1083 ζητηθήσεται.
723 1014 788 1069 Εἰ
846 1012 904 1068 δὲ
956 1016 991 1084 ἡ
1046 1014 1142 1087 μὶν
1174 1016 1398 1090 πάσχει,
1430 1018 1465 1085 ἡ
1500 1013 1557 1069 δὲ
1586 1019 1752 1069 ποιεῖ’
1787 1015 1822 1083 ἡ

166 1101 270 1174 μὶν
319 1104 610 1176 πάσχουσα
663 1104 887 1176 γενητή,
915 1105 950 1173 ἡ
983 1101 1044 1158 δὲ
1094 1108 1325 1159 ποιοῦσα
1377 1104 1651 1177 ἀγένητος·
1686 1102 1732 1158 εί
1768 1100 1823 1157 δὶ

160 1191 222 1245 αἱ
253 1187 347 1245 δύο
379 1192 654 1266 πάσχουσι
704 1191 795 1245 καὶ
844 1196 1085 1261 ποιοῦσι,
1130 1194 1260 1248 καθὸ
1312 1194 1406 1267 μὲν
1438 1196 1677 1261 ποιοῦσι,
1711 1191 1823 1255 θεοὶ

160 1278 401 1349 ἔσονται,
433 1282 569 1344 καθὸ
602 1278 659 1335 δὶ
692 1282 1020 1356 πάσχουσιν,
1071 1280 1217 1337 ὕλαιο
1261 1283 1316 1336 αἱ
1364 1279 1517 1337 αὐταί
1548 1279 1639 1335 οὗν
1673 1279 1822 1335 ἔσον-

158 1389 257 1423 ται
306 1368 416 1423 Θεοί
473 1368 563 1423 καὶ
621 1367 768 1441 ὕλαι,
826 1368 1047 1443 γενηταῖ
1102 1370 1194 1426 καὶ
1244 1369 1519 1444 ἀγένητοι.
1570 1372 1673 1426 Κάν
1720 1372 1822 1433 τῆς

160 1456 349 1519 αἰτίας
382 1456 440 1512 δὲ
469 1456 686 1534 ἐλέγχει
716 1463 877 1513 τοῦτο
911 1459 1073 1531 ὑμᾶς·
1132 1461 1184 1514 τί
1243 1460 1305 1514 τὸ
1356 1458 1528 1513 αἶ’τιον
1560 1463 1655 1513 τοῦ
1688 1459 1820 1513 εἶναι

158 1548 269 1617 τὴν
302 1547 439 1619 ὕλην
471 1550 641 1617 κακὴν
677 1549 1044 1622 ὑποτίθεμενς
1106 1556 1175 1605 ’Ἠ
1232 1551 1334 1626 γὰρ
1381 1548 1523 1605 διότι
1560 1549 1821 1625 ἀγένητος

158 1639 257 1694 καὶ
296 1638 469 1713 ἀρχῆ,
520 1639 556 1709 ἢ
608 1636 747 1693 διότι
798 1636 929 1708 ὕλη,
977 1638 1011 1708 ἢ
1062 1637 1200 1694 διότι
1234 1644 1414 1712 σῶμα,
1445 1636 1481 1708 ἤ
1515 1636 1653 1693 διότι
1687 1637 1823 1694 διαι-

161 1732 343 1803 ρεῖται
370 1727 459 1782 καὶ
514 1723 914 1800 μεταϐάλλεται
940 1751 954 1799 ς
1006 1726 1165 1786 Ἀλλ’
1190 1729 1235 1785 εἰ
1272 1730 1366 1803 μὲν
1414 1726 1552 1784 διότι
1584 1729 1673 1784 καὶ
1704 1729 1820 1805 ἀγὲ·

157 1818 445 1910 νητοςκαί
478 1817 648 1893 ἀρχὴ,
692 1818 779 1910 καὶ
815 1819 843 1873 6
874 1819 1003 1910 Θεὸς
1045 1823 1313 1881 τοιοῦτος’
1348 1818 1393 1873 εί
1427 1816 1483 1874 δὲ
1514 1816 1659 1910 διότι
1684 1817 1815 1889 ὕλη,
1849 1844 1894 1910 Β

156 1906 272 1979 ὅλη
306 1906 364 1963 δὶ
390 1908 839 1983 προσαγορεύεται
894 1907 982 1964 διὰ
1027 1910 1088 1965 τὸ
1143 1910 1458 1974 ὑποκεῖσθαι
1502 1909 1577 1971 εἷς
1609 1909 1812 1983 γένεσιν

154 2001 272 2051 τῶν
297 1997 347 2067 ἐξ
378 1996 564 2066 αὐτῆς,
597 1994 687 2051 διὰ
713 2002 876 2052 τοῦτο
906 1998 1041 2053 κατά
1090 1999 1189 2067 τὴν
1236 1998 1403 2067 αὐτὴν
1435 1997 1684 2053 ὑπόθεσιν
1717 1997 1817 2052 οὑκ

156 2085 359 2161 ἀγαθὸς
414 2086 441 2140 6
496 2085 647 2147 Θεός·
711 2086 991 2141 ὑπόκειται
1062 2086 1165 2160 γὰρ
1223 2086 1297 2148 εἷς
1345 2086 1551 2161 γένεσιν
1604 2090 1710 2139 τῶν
1762 2085 1812 2158 ἐξ

151 2174 324 2229 αὑτοῦ
353 2176 545 2250 ψυχῶν
603 2176 693 2229 καὶ
750 2173 1018 2251 ἀγγέλων,
1082 2176 1154 2237 ὡς
1211 2176 1367 2248 ὑμεῖς
1420 2176 1480 2230 οἲ
1509 2180 1811 2249 Μανιχαῖοι

154 2260 540 2339 δογματίζετε.
574 2263 640 2320 Ei’
672 2260 729 2318 δὲ
756 2262 897 2320 διότι
954 2269 1132 2337 σῶμα,
1189 2264 1320 2340 οὐχὶ
1373 2264 1509 2332 αὐτῆ
1543 2263 1689 2318 αἰτία
1716 2261 1813 2317 τοῦ

157 2351 301 2406 εἶναι
335 2356 514 2424 σῶμα,
544 2350 673 2405 ἀλλ’
705 2352 733 2406 ὁ
764 2351 912 2413 Θεόςο
946 2350 1000 2406 εἷ’
1049 2372 1112 2426 γε
1141 2351 1248 2425 πρὸ
1277 2355 1373 2405 τοῦ
1405 2345 1701 2424 ἐμϐάλλειν
1749 2350 1813 2404 τὸ

157 2440 211 2515 ἐξ
241 2440 407 2495 αὑτοῦ
443 2442 607 2514 μέρος
633 2444 702 2514 τῇ
738 2439 867 2515 ὕλῃ,
928 2442 1030 2496 οὐκ
1060 2440 1127 2510 ἦν
1174 2445 1353 2513 σῶμα·
1391 2441 1435 2495 εί
1477 2437 1534 2494 δὲ
1561 2438 1702 2494 διότι
1732 2436 1813 2493 δι-

159 2536 399 2607 αιρεῖται
428 2529 517 2585 καὶ
550 2526 949 2603 μεταϐάλλεται
981 2530 1008 2584 6
1041 2531 1169 2593 Θεὸς
1222 2531 1340 2593 καθ’
1393 2530 1532 2601 ὑμᾶς
1573 2534 1688 2590 τοῖς
1719 2527 1812 2583 αὑ-

153 2625 278 2681 τοῖς
326 2617 652 2694 ἐνεχόμενος
700 2623 891 2681 κακοῖς
943 2614 1117 2673 ἔσται·
1166 2617 1216 2673 εἷ’
1266 2618 1369 2693 γὰρ
1414 2615 1703 2691 διαιρεῖται
1736 2616 1815 2680 εἷς

157 2707 398 2783 γενέσεις
444 2705 688 2783 ἀγγέλων
737 2707 829 2762 καὶ
880 2710 1098 2782 ψυχῶν,
1138 2705 1286 2775 πλὴν
1336 2704 1395 2760 δὶ
1442 2705 1492 2775 ἐξ
1545 2705 1709 2760 αὑτοῦ
1750 2704 1812 2760 οὗ

158 2797 301 2869 θεοὶ,
362 2794 531 2861 δῆλον
582 2797 667 2851 ’ὁτι
712 2795 774 2851 οὐ
828 2795 990 2869 μόνον
1044 2793 1354 2871 διαιρεῖται,
1387 2794 1533 2849 ἀλλὰ
1561 2795 1651 2848 καὶ
1685 2816 1815 2867 μετ-

157 2883 400 2956 εϐλήθη.
433 2886 495 2945 Ei
528 2884 584 2942 δὲ
614 2887 679 2942 οὐ
726 2886 886 2942 τοῦτό
944 2907 1075 2964 φατε
1127 2885 1300 2941 αἴτιον
1352 2885 1486 2940 εἶναι
1516 2889 1613 2939 τοῦ
1643 2886 1814 2953 κακὴν

160 2978 431 3052 ὑπάρχειν
490 2977 591 3046 τὴν
644 2974 808 3047 ὕλην,
858 2973 1007 3031 ἀλλὰ
1078 2976 1141 3031 τὸ
1207 2974 1408 3044 ταύτην
1466 2974 1811 3048 ἁμαρτάνειν,

157 3062 345 3122 ἰστέον
374 3065 448 3128 ὡς
479 3062 630 3120 οὐδὲν
690 3069 798 3119 τῶν
856 3064 991 3120 κατά
1044 3063 1198 3141 φύσιν
1232 3062 1280 3137 ἐξ
1325 3062 1560 3139 ἀνάγκης
1589 3062 1810 3137 γινομέ-

153 3176 290 3222 νων,
340 3155 639 3228 ἁμάρτημα
685 3152 967 3229 τυγχάνει·
1014 3157 1158 3208 πᾶσα
1194 3154 1295 3229 γάρ
1326 3152 1560 3227 ἁμαρτία
1594 3152 1653 3206 ἐκ
1680 3173 1810 3227 προ-

152 3242 416 3316 αιρέσεως
469 3242 689 3317 γίνεταιο
748 3244 783 3311 ἡ
846 3239 902 3296 δὲ
958 3242 1273 3311 προαίρεσις
1331 3240 1390 3295 ἐκ
1441 3244 1645 3315 ψυχῆς·
1680 3243 1715 3309 ἡ
1754 3238 1810 3295 δὲ

155 3336 315 3408 ψυχή
349 3331 502 3387 οὐσία
533 3335 666 3387 Θεοῦ
695 3333 813 3386 καθ’
865 3331 1026 3403 ὑμᾶς’
1079 3330 1138 3386 ἐκ
1187 3335 1319 3386 Θεοῦ
1350 3328 1452 3402 ἄρα
1481 3332 1515 3399 ἡ
1550 3329 1809 3404 ἁμαρτία,

159 3423 253 3477 καὶ
287 3420 385 3476 οὐκ
439 3419 497 3475 ἐκ
547 3424 646 3485 τῆς
704 3418 865 3489 ὕλης,
926 3422 1059 3474 κατά
1109 3420 1171 3474 τὸ
1231 3420 1401 3491 ὑμῶν,
1462 3413 1812 3473 ἀσεϐεστατον

157 3511 360 3588 δόγμα.
396 3511 514 3567 Κάκ
541 3516 649 3565 τῶν
682 3511 863 3566 τόπων
922 3508 979 3565 δὲ
1034 3511 1105 3564 ὧν
1171 3512 1324 3581 ὑμεῖς
1371 3511 1688 3571 ὑποτίθεσθε
1717 3510 1806 3562 τὸν

159 3603 261 3673 μὲν
292 3605 371 3673 τῷ
402 3605 536 3669 Θεῷ,
567 3600 658 3654 τὸν
705 3597 761 3655 δὲ
807 3603 875 3671 τῇ
926 3598 1031 3673 ὕλῃ
1087 3598 1505 3673 προσνέμοντες,
1535 3599 1673 3669 ὑμᾶς
1706 3598 1811 3651 ἀπ-

140 3689 352 3763 ελέγξυ
389 3687 561 3761 μηδὲν
596 3687 1041 3764 δογματίζοντας.
1079 3688 1137 3743 Et
1167 3689 1266 3762 γάρ
1296 3688 1562 3760 ἀγένητος
1592 3688 1619 3740 ὸ
1653 3687 1803 3747 Θεὸς,

137 3780 236 3836 καὶ
272 3782 305 3847 ἡ
341 3776 468 3848 ὕλη·
526 3778 748 3840 ἕκαστος
799 3776 856 3832 δὲ
914 3777 964 3832 ἐν
1024 3778 1179 3849 τόπῳ
1206 3776 1465 3851 τυγχάνει
1499 3777 1614 3829 καθ’
1647 3777 1805 3847 ὑμᾶς·

147 3869 177 3922 6
211 3866 273 3921 δὲ
300 3866 471 3929 τόπος
500 3861 680 3937 ἕτερός
710 3866 821 3919 ἐστι
865 3867 983 3921 κατ’
1033 3865 1213 3919 οὐσίαν
1245 3869 1352 3919 τῶν
1387 3864 1438 3919 ἐν
1473 3864 1619 3935 αὐτῷ
1653 3884 1806 3937 περι-

151 3958 461 4032 εχομένων,
496 3950 831 4028 συμϐήσεται
860 3956 986 4017 τοὺς
1017 3954 1216 4015 τόπους
1249 3956 1638 4027 συναγενῆτους
1672 3954 1804 4007 εἷμαι

146 4051 272 4106 τοῖς
303 4044 394 4098 σὺν
426 4045 635 4103 αὐτοῖς.
697 4045 786 4098 καὶ
837 4044 1009 4104 οὕτως
1060 4043 1120 4097 οὐ
1161 4040 1255 4097 δύο
1286 4044 1352 4097 τὰ
1381 4043 1613 4118 ἀγένητα
1661 4042 1808 4097 ἀλλά

145 4137 404 4204 τέσσαρα,
438 4133 585 4201 Θεὸν,
631 4135 720 4188 καὶ
770 4132 930 4202 ὕλην,
973 4133 1062 4187 καὶ
1112 4132 1360 4206 ἑκάτερον
1392 4134 1482 4187 τὸν
1513 4133 1678 4186 τόπον
1713 4132 1800 4186 εὐο

143 4227 360 4300 ρήσεις.
395 4223 456 4279 Εἰ
488 4222 545 4278 δὲ
588 4222 715 4285 τοὺς
768 4223 967 4283 τόπους
1015 4218 1413 4296 πρεσϐυτέρους
1446 4222 1577 4296 φατὶ
1607 4226 1713 4276 τῶν
1749 4220 1802 4275 έν

142 4315 356 4379 αὐτοῖς,
389 4312 566 4367 οὑκὲτι
596 4313 624 4367 6
655 4312 784 4375 Θεὸς
813 4310 901 4366 καὶ
935 4309 1039 4381 ὕλη
1087 4311 1346 4385 ἀγένητοι
1390 4305 1626 4381 ἔσονται,
1660 4307 1805 4364 ἀλλὰ

148 4401 369 4477 μᾶλλον
430 4402 482 4456 οἱ
536 4400 747 4456 τούτων
808 4400 1261 4475 προϋπάρχοντες
1314 4399 1495 4454 τόπον
1544 4399 1589 4454 εί
1622 4397 1680 4453 δὶ
1709 4400 1800 4453 τὸν

148 4491 283 4548 Θεὸν
315 4492 403 4545 καὶ
448 4491 546 4559 τὴν
598 4487 736 4560 ὕλην
786 4490 895 4563 πρὸ
952 4494 1059 4545 τῶν
1114 4489 1295 4543 τόπων
1348 4488 1482 4542 εἶναι
1516 4508 1668 4564 φατε,
1701 4488 1802 4561 ἂρα

1939 569 2202 623 materiae
2236 571 2501 641 operatio
2533 573 2765 642 passiva
2795 574 2925 629 erit.
2961 574 3016 628 Si
3063 575 3145 630 ita
3177 582 3286 644 est,
3319 580 3588 651 subjacet

1937 674 2073 729 ergo
2106 658 2223 713 Deo
2253 660 2548 731 servitque
2578 663 2847 717 materia.
2872 664 2998 718 Jam
3030 664 3077 719 si
3110 664 3380 737 subjacet
3408 675 3585 741 atque

1938 749 2139 815 servit,
2173 764 2293 803 non
2327 754 2416 803 est
2462 755 2619 804 certe
2669 750 2949 807 inoreata.
2984 755 3297 821 Praeterea,
3334 758 3421 813 vel
3454 760 3584 814 dum

1936 843 2161 892 naturaa
2192 844 2395 910 agunt,
2428 838 2515 894 vel
2550 838 2681 894 dum
2736 842 3081 912 patiuntur;
3115 846 3205 899 vel
3236 846 3353 901 alia
3384 849 3502 920 agit
3533 855 3590 903 et

1936 926 2052 981 alia
2081 928 2322 997 patitur,
2355 928 2445 983 vel
2495 929 2683 984 ambaa
2734 931 3042 1001 patiuntur
3073 939 3129 987 et
3158 942 3357 1006 agunt.
3394 938 3503 994 Sed
3538 940 3587 994 si

1934 1016 2065 1071 dua;
2097 1022 2298 1088 agunt,
2323 1017 2402 1071 dii
2428 1026 2637 1085 erunt;
2665 1019 2960 1090 siquidem
2985 1039 3154 1095 agere
3186 1026 3290 1080 Dei
3320 1027 3583 1084 ofﬁcium

1934 1109 2042 1172 est,
2076 1107 2459 1177 materiasque
2494 1124 2697 1163 curam
2729 1126 2953 1183 gerere.
2988 1113 3152 1177 Quod
3184 1115 3232 1169 si
3264 1115 3454 1171 ambae
3483 1135 3583 1189 pa-

1933 1194 2181 1263 tiuntur,
2216 1195 2461 1251 diversae
2510 1202 2688 1251 erunt
2735 1203 3008 1270 utraque,
3060 1207 3119 1259 et
3165 1203 3316 1259 alius
3356 1212 3587 1262 creator

1933 1290 2251 1354 quaeretur.
2287 1284 2342 1338 Si
2369 1288 2651 1358 veroLuna
2678 1288 2902 1359 patitur
2932 1294 2991 1344 et
3020 1306 3140 1347 una
3178 1293 3316 1366 agit,
3350 1295 3582 1366 patiens

1933 1372 2177 1444 quidem
2208 1379 2425 1442 creata,
2475 1391 2655 1446 agens
2695 1376 2979 1433 increata.
3013 1381 3279 1451 Denique
3313 1383 3360 1437 si
3391 1383 3580 1440 ambae

1932 1466 1991 1516 et
2018 1467 2203 1534 agunt
2233 1466 2291 1517 et
2319 1463 2648 1533 patiuntur,
2682 1472 2979 1537 quatenus
3011 1474 3215 1539 agunt,
3246 1470 3327 1524 dii
3366 1479 3578 1541 erunt;

1931 1557 2225 1621 quatenus
2254 1552 2586 1622 patiuntur,
2617 1555 2901 1611 materias.
2934 1555 3169 1611 Eaedem
3212 1574 3347 1630 ergo
3380 1567 3576 1632 erunt,

1930 1640 2011 1695 dii
2043 1645 2100 1695 et
2121 1642 2625 1707 materiaa,creataa
2651 1649 2708 1697 et
2728 1644 3115 1700 increataaEx
3141 1662 3318 1703 causa
3340 1665 3577 1720 quoque

1929 1729 2376 1802 redarguimini.
2437 1732 2622 1796 Quam
2682 1732 2755 1787 ob
2815 1750 3053 1788 causam
3102 1737 3413 1791 materiam
3446 1754 3576 1793 esse

1928 1819 2181 1874 dicimus
2213 1819 2431 1875 malam
2452 1820 2479 1875 ‘?
2526 1823 2745 1891 Nempe
2790 1822 2878 1876 vel
2927 1823 3068 1893 quia
3100 1824 3366 1880 increata
3399 1832 3490 1881 est
3520 1834 3579 1883 et

1925 1908 2307 1980 principium,
2342 1909 2430 1963 vel
2458 1909 2597 1980 quia
2627 1911 2898 1978 materia,
2928 1913 3018 1967 vel
3049 1914 3189 1983 quia
3215 1931 3450 1986 corpus.
3486 1917 3578 1972 vel

1924 1997 2064 2068 quia
2094 1997 2376 2053 dividitur
2397 2004 2455 2052 et
2476 1999 2842 2053 immutatur.
2869 2002 3043 2071 Atqui
3071 2002 3118 2055 si
3148 2003 3287 2073 quia
3314 2004 3578 2062 increata

1925 2092 2013 2141 est
2042 2093 2101 2141 et
2129 2087 2510 2157 principium,
2543 2088 2696 2142 Deus
2744 2105 2976 2159 quoque
3029 2090 3164 2144 talis
3205 2098 3310 2145 est.
3348 2093 3404 2146 Si
3437 2094 3578 2163 quia

1922 2175 2192 2239 materia,
2219 2175 2468 2229 materia
2494 2181 2691 2229 autem
2715 2177 3050 2247 appellatur
3079 2185 3396 2251 propterea
3417 2183 3574 2251 quod

1922 2263 2178 2319 obnoxia
2208 2270 2297 2318 est
2325 2264 2662 2335 generando
2683 2282 2753 2319 ex
2773 2282 2857 2327 se.
2882 2266 3012 2320 ideo
3046 2273 3287 2338 propter
3306 2270 3577 2326 eamdem

1922 2352 2301 2424 hypothesim
2349 2370 2425 2408 ne
2474 2353 2627 2407 Deus
2678 2353 2917 2423 quidem
2959 2354 3152 2410 bonus
3186 2357 3318 2424 erit,
3351 2359 3492 2427 quia
3521 2365 3580 2415 et

1922 2443 2046 2513 ipse
2078 2442 2370 2497 obnoxius
2406 2448 2495 2497 est
2522 2442 2905 2514 producendo
2940 2461 3010 2499 ex
3038 2462 3099 2500 se
3131 2447 3362 2501 animas
3386 2453 3445 2501 et
3464 2465 3576 2504 an-

1920 2532 2106 2603 gelos,
2137 2536 2203 2585 ut
2233 2536 2514 2598 vestrum,
2544 2549 2577 2586 ο
2608 2533 2935 2594 Μειηίοὶιεοί.
2960 2533 3171 2606 dogma
3204 2542 3311 2591 est.
3345 2537 3400 2591 Si
3434 2537 3575 2607 quia

1923 2625 2012 2675 est
2039 2637 2273 2692 corpus,
2307 2638 2427 2675 non
2479 2625 2569 2674 est
2614 2620 2868 2691 ipsamet
2912 2639 3089 2677 causa
3120 2629 3186 2677 ut
3229 2642 3444 2695 corpus
3476 2627 3571 2694 sit,

1922 2708 2025 2763 sed
2073 2710 2266 2776 Deus;
2317 2708 2539 2763 etenim
2588 2715 2909 2780 antequam
2952 2711 3270 2781 projiceret
3309 2714 3575 2781 particu-

1921 2798 2040 2853 lam
2072 2799 2159 2852 sui
2194 2798 2256 2852 in
2288 2798 2622 2859 materiam,
2657 2815 2726 2853 ea
2766 2815 2980 2870 corpus
3010 2816 3129 2853 non
3161 2805 3306 2854 erat.
3343 2801 3399 2855 Si
3430 2802 3574 2872 quia

1922 2886 2204 2942 dividitur
2232 2890 2289 2939 et
2318 2887 2689 2953 immutatur,
2722 2888 2876 2941 Deus
2925 2888 2985 2941 in
3036 2888 3339 2943 sententia
3381 2896 3575 2946 vestra

1921 2976 2133 3032 iisdem
2166 2975 2341 3029 malis
2389 2976 2501 3029 erit
2545 2975 2875 3031 obnoxius:
2924 2992 3062 3031 nam
3105 2977 3152 3031 si
3195 2977 3478 3033 dividitur
3507 2979 3571 3035 in

1920 3066 2267 3137 angelorum
2299 3069 2476 3135 atque
2507 3065 2841 3119 animarum
2875 3066 3343 3136 procreationes,
3377 3083 3572 3139 neque

1923 3160 2121 3210 tamen
2155 3171 2225 3209 ex
2256 3171 2325 3208 eo
2356 3154 2714 3225 proveniunt
2761 3153 2863 3221 dii,
2907 3154 3277 3226 exploratum
3319 3162 3407 3211 est
3436 3174 3571 3213 cum

1841 3208 1885 3276 Ο
1924 3260 2044 3298 non
2095 3243 2287 3297 solum
2337 3242 2538 3309 dividi,
2590 3259 2791 3298 verum
2846 3244 3021 3298 etiam
3074 3260 3201 3298 esse
3261 3252 3568 3301 mutatum.

1920 3333 2085 3399 Quod
2118 3334 2163 3388 si
2196 3333 2455 3404 denique
2507 3332 2663 3387 haud
2712 3333 2864 3387 hanc
2909 3351 3038 3388 esse
3087 3351 3327 3390 causam
3373 3336 3569 3391 dicitis

1920 3440 2026 3477 cur
2058 3424 2212 3477 mala
2243 3423 2319 3477 sit
2352 3422 2617 3481 materia.
2649 3422 2751 3476 sed
2784 3423 2923 3493 quia
2956 3423 3080 3477 haec
3113 3432 3335 3494 peccat.
3372 3426 3558 3480 scien-

1919 3512 2059 3567 dum
2094 3519 2201 3567 est.
2236 3511 2387 3566 nihil
2419 3511 2574 3582 quod
2630 3512 2689 3565 in
2737 3529 2935 3566 rerum
2985 3521 3199 3567 natura
3231 3515 3565 3569 necessario

1923 3603 2043 3662 fiat.
2078 3617 2207 3656 esse
2244 3608 2571 3671 peccatum.
2607 3602 2869 3672 Namque
2923 3619 3100 3656 omne
3153 3610 3458 3673 peccatum
3493 3605 3565 3659 li-

1918 3690 2061 3745 bera
2090 3690 2377 3745 electione
2412 3691 2494 3745 fit.
2531 3690 2749 3745 Electio
2801 3697 3002 3746 autem
3069 3689 3140 3745 ab
3191 3692 3393 3747 anima
3426 3700 3553 3760 est;

1917 3780 2117 3834 anima
2193 3786 2390 3833 autem
2437 3779 2768 3834 substantia
2818 3781 2938 3841 Dei.
2991 3787 3057 3834 ut
3095 3798 3193 3835 vos
3234 3781 3462 3837 dicitis:
3497 3801 3567 3838 ex

1923 3872 2035 3922 Deo
2087 3868 2266 3940 igitur
2310 3876 2637 3939 peccatum,
2688 3875 2747 3922 et
2796 3887 2914 3923 non
2967 3886 3035 3924 ex
3088 3872 3355 3935 materia,
3400 3880 3570 3939 Juxta

1916 3966 2174 4014 vestrum
2205 3960 2690 4014 scelestissimum
2722 3958 2933 4032 dogma
2983 3965 3097 4033 Age
3125 3978 3258 4015 vero
3291 3963 3466 4016 etiam
3500 3980 3570 4017 ex

1917 4048 2085 4107 locis.
2115 4066 2263 4119 quos
2295 4066 2394 4103 vos
2437 4050 2649 4119 partim
2703 4050 2816 4102 Deo
2870 4051 3081 4119 partim
3127 4051 3389 4103 materiae
3421 4050 3565 4103 assi-

1915 4140 2127 4210 gnatis,
2162 4154 2475 4210 coarguam
2526 4154 2627 4191 vos
2674 4137 2822 4191 nihil
2872 4138 3115 4190 omnino
3168 4136 3382 4190 dicere.
3420 4138 3563 4189 Nam

1917 4228 1965 4282 si
1994 4228 2147 4281 Deus
2177 4228 2476 4281 increatus
2525 4232 2633 4290 est,
2667 4224 2808 4279 item
2840 4231 2898 4277 et
2926 4225 3213 4289 materia;
3249 4230 3563 4293 utrumque

1914 4322 2112 4370 autem
2146 4316 2204 4370 in
2239 4317 2367 4370 loco
2395 4331 2520 4379 suo,
2553 4318 2619 4367 ut
2667 4329 2765 4366 vos
2812 4312 3029 4377 dicitis,
3063 4317 3215 4377 stat;
3262 4313 3427 4365 locus
3458 4328 3566 4365 au-

1918 4410 2031 4460 tem
2066 4405 2295 4458 diversa
2326 4409 2537 4457 natura
2570 4406 2660 4456 est
2687 4400 2760 4455 ab
2792 4401 2863 4454 iis
2905 4401 3004 4470 qui
3051 4416 3117 4455 eo
3158 4401 3565 4469 continentur,

1915 4509 2290 4562 consequens
2312 4492 2424 4545 erit
2453 4496 2517 4543 ut
2542 4489 2655 4543 loci
2679 4489 2900 4559 pariter
2920 4489 3042 4543 sint
3068 4489 3349 4544 increati:
3383 4495 3561 4560 atque

148 4584 258 4638 οὐκ
286 4582 419 4650 ἦσαν
454 4578 859 4655 κεχωρισμένοι
915 4580 1044 4641 Θεὸς
1088 4578 1176 4633 καὶ
1217 4578 1348 4648 ὕλη,
1379 4576 1506 4633 ἀλλ’
1535 4577 1587 4632 ἐν
1621 4576 1766 4646 ἀλλή

1923 4584 2000 4636 ita
2030 4597 2149 4634 non
2180 4580 2316 4637 duo.
2350 4578 2453 4634 sed
2485 4583 2740 4649 quatuor
2778 4593 2907 4632 esse
2961 4578 3240 4632 increata.
3278 4578 3459 4631 Deum
3490 4594 3558 4633 ac

147 4671 278 4733 λοις
312 4671 586 4745 ὑπῆρχον.
622 4668 683 4723 οὐ
713 4669 816 4744 γὰρ
848 4669 916 4737 ἦν
951 4665 1103 4723 οὔπω
1132 4668 1305 4729 τόπος
1338 4669 1365 4721 6
1400 4665 1680 4739 Emplme
1714 4667 1801 4720 καὶ

146 4760 329 4823 οὕτως
379 4762 407 4816 6
462 4767 564 4829 τῆς
614 4760 741 4835 πιρ“
801 4760 952 4831 ὑμῶν
1012 4757 1389 4826 ἐναντιότητος
1422 4756 1804 4826 διαλυθήσεται

148 4849 344 4925 λόγος.
378 4850 458 4906 Οὐ
490 4849 595 4924 γὰρ
657 4848 708 4904 ἐν
768 4846 1042 4917 ἀλλήλοις
1073 4850 1107 4917 ἡ
1142 4847 1298 4925 φύσις
1356 4846 1675 4924 ὑφίστασθαι
1709 4844 1804 4899 δύο

146 4962 305 4998 ναται
356 4948 464 4998 τῶν
510 4939 784 4995 ἐναντίων·
843 4940 979 4994 ὥστε
1027 4939 1365 5013 πανταχόθεν
1412 4939 1562 5009 ὑμῶν
1599 4936 1808 5005 ἀπελή-

148 5031 380 5107 λεγκται
432 5033 467 5099 ἡ
532 5027 790 5100 μυθώδης
847 5027 1220 5103 τερατολογία·
1288 5028 1361 5100 μὴ
1414 5024 1552 5099 ὑμᾶς
1583 5025 1806 5086 ἑαυτούς

143 5143 207 5177 τι
236 5119 328 5176 καὶ
363 5120 580 5193 ἑτέρους
609 5124 724 5181 τοῖς
766 5125 865 5188 τῆς
914 5113 1158 5179 ἀσεϐείας
1212 5116 1565 5192 περιπείρητε
1596 5113 1808 5191 δόγμα-

147 5232 261 5280 σιν,
305 5208 455 5266 ἀλλά
496 5206 942 5286 προσδραμόντες
968 5212 1049 5280 τῷ
1107 5207 1245 5286 φωτὶ
1271 5214 1370 5275 τῆς
1404 5204 1682 5276 ἀληθείας,
1714 5206 1806 5259 τὸν

149 5298 317 5380 ζόφον
345 5306 415 5370 τῆ
473 5298 690 5375 ἀγνοίας
751 5297 1080 5373 ἐκκαθάρατε
1136 5301 1244 5353 τῶν
1297 5299 1516 5372 ψυχῶν⁹
1560 5294 1811 5369 αὐτεξου-

1917 4672 2250 4736 materiam,
2301 4677 2359 4724 et
2402 4676 2723 4740 utrumque
2778 4668 2997 4735 locum,
3031 4685 3159 4723 esse
3203 4669 3555 4738 comperies.

1916 4760 2079 4826 Quod
2112 4761 2159 4814 si
2209 4759 2368 4813 locos
2426 4759 2621 4812 dicitis
2680 4774 2809 4812 esse
2868 4758 3234 4827 antiquiores
3268 4758 3443 4812 rebus
3478 4756 3559 4812 ibi

1917 4849 2383 4920 comprehensis,
2417 4847 2573 4902 haud
2598 4847 2725 4916 jam
2759 4848 2911 4901 Deus
2944 4854 3002 4901 et
3033 4846 3281 4901 materia
3312 4847 3562 4901 increati

1918 4945 2112 5004 erunt,
2133 4938 2234 4992 sed
2268 4938 2305 4991 ii
2340 4938 2534 5009 pozius
2557 4938 2656 5007 qui
2684 4943 2819 4991 ante
2844 4937 3002 5007 ipsos
3034 4935 3399 4990 exsistebant
3425 4935 3557 4992 loci.

1919 5029 2096 5083 Secus
2131 5043 2286 5091 vero,
2324 5027 2369 5079 si
2405 5028 2587 5081 Deum
2635 5042 2701 5080 ac
2752 5024 3061 5079 materiam
3095 5029 3231 5079 ante
3269 5025 3428 5079 locos
3463 5041 3561 5079 ex-

1920 5118 2138 5173 stitisse
2198 5116 2427 5181 dicatis,
2504 5132 2639 5188 ergo
2686 5131 2808 5169 non
2860 5118 3029 5169 erant
3105 5113 3247 5167 olim
3308 5113 3565 5186 separati

1919 5208 2073 5263 Deus
2105 5224 2171 5262 ac
2198 5205 2463 5272 materia,
2493 5204 2597 5259 sed
2639 5204 2889 5259 invicem
2938 5202 3407 5258 coexsistebant:
3441 5219 3562 5260 non

1918 5298 2078 5352 enim
2108 5296 2303 5351 adhuc
2360 5299 2486 5349 erat
2540 5294 2962 5349 discriminans
3018 5292 3205 5349 locus.
3255 5295 3446 5365 Atque
3486 5292 3571 5350 ita

1741 5531 1967 5588 NOTE.

215 5688 300 5763 (1)
334 5685 595 5745 Dubium
623 5685 689 5744 in
724 5684 857 5755 cod,
887 5683 1266 5744 vocabulum.
