4040 6204
480 301 621 361 1335
2027 296 2395 353 ADDENDA.
3687 298 3795 354 1336

480 434 675 487 vestra
720 428 790 484 de
839 443 1044 485 rerum
1091 426 1487 501 repugnantia
1543 423 1815 479 doctrina
1884 422 2128 479 corruit.

2259 419 2456 491 τιότητι
2512 419 2614 495 γὰρ
2671 419 2761 473 καὶ
2814 419 2917 473 οὐκ
2974 416 3180 494 ἀνάγκῃ
3228 415 3430 493 φύσεως
3477 416 3715 495 ἅνθρωποι
3751 426 3801 479 τὸ

481 523 713 577 Naturae
759 518 919 573 enim
968 518 1282 573 contrariae
1334 516 1586 570 invicem
1625 514 1983 568 coexsistere
2018 528 2121 567 ne-

2259 514 2427 563 ἰοκοῦν
2461 508 2513 563 ὲν
2549 507 2747 583 αἱρέσει
2780 507 3111 579 ποιούμεθα,
3142 505 3332 568 Τὲλος.

481 610 725 680 queunt.
758 608 948 675 Atque
980 606 1063 659 ita
1090 608 1450 676 portentosas
1499 607 1709 656 vestrm
1754 600 1968 655 fabulae
2019 615 2461 671 quaqueversus
2501 598 2920 670 exploduntur.
2974 599 3053 652 Ne
3104 596 3302 667 itaque
3351 602 3557 653 vosmet
3595 599 3801 673 aliosque

479 697 681 768 impiis
710 696 1080 768 dogmatibus
1111 711 1219 750 ceu
1252 695 1440 765 spinis
1492 692 1853 763 implicetis;
1906 690 2011 746 sed
2069 690 2143 745 ad
2204 690 2465 744 veritatis
2523 689 2717 745 lucem
2763 692 3176 760 properantes,
3230 687 3469 742 inscitiaa
3508 690 3735 745 tenebras
3755 710 3801 747 ex

478 786 790 842 animabus
819 786 1029 840 vestris
1058 785 1282 857 pellite.
1334 783 1567 838 Etenim
1624 782 1811 837 libero
1874 780 2138 848 arbitrio,
2200 796 2322 835 non
2378 784 2604 834 naturaa
2662 778 3041 846 necessitate,
3074 793 3183 830 nos
3216 776 3479 832 homines
3502 778 3639 848 quod
3664 780 3802 837 visum

477 874 677 946 fuerit,
709 874 1050 931 faciendum
1082 874 1376 947 eligimus.
1410 872 1683 944 Explicit.

480 1073 3805 1105 ψ

843 1265 1639 1395 ΙΩΑΝΝΟΥ
1738 1265 2085 1394 ΤΟΥ
2185 1262 3400 1395 ΔΑΜΑΣΚΗΝΟΥ
3450 1238 3519 1310 (⁸)

732 1553 1320 1647 ΔΙΑΛΕΞΙΣ
1366 1526 1446 1599 (δ)
1558 1549 2405 1647 ΣΑΡΡΑΚΗΝΟΥ
2519 1549 2736 1644 ΚΑΙ
2850 1550 3632 1647 ΧΡΙΣΤΙΑΝΟΥ.

1178 1798 1295 1930 S.
1395 1796 2111 1922 JOANNIS
2213 1795 3129 1921 DAMASGEN
3156 1800 3199 1918 [

1042 2056 1720 2145 DISPUTATIO
1810 2055 2360 2144 SABACENI
2454 2055 2594 2143 ET
2692 2055 3368 2144 CHRISTIANI.

1647 2416 1751 2484 (Ex
1781 2413 1931 2469 Bibl.
1962 2413 2351 2470 Gallandiana
2378 2420 2420 2471 t.
2449 2417 2595 2489 XIH,
2626 2421 2772 2490 272.)

570 2808 972 2880 Interrogatus
1022 2807 1392 2863 Christianus
1441 2825 1475 2863 a
1523 2808 1927 2864 SARACENO:
1960 2809 2144 2873 Quem
2174 2810 2222 2875 B

501 2896 590 2953 ais
616 2913 860 2952 causam
892 2914 1020 2952 esse
1050 2897 1189 2951 boni
1220 2897 1430 2952 malive
1452 2897 1479 2951 ?

570 2986 1040 3041 CHRISTIANUS
1066 2986 1374 3058 respondit
1398 3004 1409 3040 :
1435 2987 1711 3042 Omnium
1733 2986 2025 3040 bonorum
2053 3003 2152 3042 ne-

2326 2808 2738 2884 ’Epmtwi)eicf’6
2770 2813 3096 2886 Χριστιανὸς
3146 2812 3297 2888 παρὰ
3357 2813 3831 2881 ΣΑΡΙΙΝΟΥΑΚΜ,

2253 2906 2377 2967 τίνα
2407 2901 2587 2975 λέγεις
2611 2897 2781 2955 αἶ’τιον
2810 2900 2981 2955 κοιλοῦ
3002 2902 3093 2956 καὶ
3118 2906 3289 2956 κακοῦ
3318 2922 3333 2970 ;
3366 2902 3594 2977 Ἀπορῖα

2326 3000 2371 3053 0
2425 2992 2858 3049 ΧΡΙΣΤΙΑΝΟΣ
2946 2992 3115 3045 εἶπεν*
3203 2992 3429 3045 Πάντων
3506 2995 3606 3045 τῶν
3678 2990 3830 3064 ἀγαθῶν

497 3075 722 3130 minem
754 3074 1005 3130 dicimus
1036 3092 1165 3130 esse
1199 3092 1438 3131 causam
1485 3082 1702 3148 praeter
1732 3092 1909 3146 quam
1941 3077 2145 3144 Deum,

495 3165 640 3222 mali
672 3181 808 3219 vero
840 3182 961 3220 non
991 3166 1157 3221 item.

565 3256 637 3309 Et
664 3253 1037 3325 respondens
1069 3254 1312 3311 SARAC.
1348 3254 1466 3310 ait:
1513 3255 1696 3320 Quem
1730 3253 1877 3308 dicis
1907 3270 2148 3309 causam

498 3359 629 3399 esse
660 3343 957 3399 malorum
975 3343 1003 3398 ?

567 3433 836 3488 CHRIST.
870 3434 1017 3487 Eum
1050 3432 1279 3488 scilicet
1309 3432 1407 3504 qui
1452 3448 1523 3487 ex
1555 3431 1851 3487 sententia
1882 3447 1989 3487 sua
2017 3430 2145 3486 dia-

497 3522 671 3578 bolus
705 3526 814 3591 est,
848 3538 916 3578 ac
946 3539 1056 3577 nos
1086 3522 1264 3577 etiam
1294 3522 1585 3577 homines.

574 3613 825 3670 SARAC.
855 3612 1035 3683 Cujus
1068 3612 1152 3668 rei
1186 3611 1417 3685 gratia?

575 3701 844 3755 CHRIST.
879 3702 1125 3773 Propter
1154 3701 1410 3756 liberum
1442 3700 1775 3756 arbitrium.

576 3790 826 3843 S.\RAC.
862 3789 1011 3854 Quid
1036 3807 1172 3862 ergo
1196 3790 1222 3844 ‘?
1253 3790 1523 3845 Liberine
1547 3807 1608 3846 es
1630 3790 1883 3857 arbitrii,
1908 3794 1967 3845 et
1995 3807 2150 3861 quas-

502 3894 737 3949 cunque
768 3878 851 3934 vis
882 3894 1055 3951 agere
1088 3879 1247 3935 vales
1269 3880 1297 3935 ‘I

573 3970 842 4024 CHRIST.
879 3972 960 4024 Ex
990 3970 1222 4026 duobus
1253 3971 1415 4042 solis,
1452 3972 1515 4027 in
1545 3971 1661 4028 alio
1694 3972 1985 4028 formatus
2025 3989 2147 4027 non

501 4057 585 4113 fui
615 4075 650 4113 a
675 4060 792 4113 Deo
824 4058 978 4114 liber
1006 4059 1270 4115 arbitrio.

574 4148 821 4203 SARAC.
857 4150 994 4214 Qum
1026 4154 1165 4204 sunt
1194 4150 1319 4204 haec
1340 4150 1367 4204 ?

577 4237 845 4293 CHRIST.
882 4239 1043 4293 Bona
1072 4256 1251 4311 agens
1284 4256 1402 4293 non
1441 4240 1614 4293 timeo
1638 4239 1845 4311 legem,
1872 4238 2016 4308 quin
2042 4255 2150 4310 po-

503 4325 621 4380 tius
652 4331 710 4380 et
737 4326 1076 4382 mercedem
1121 4334 1179 4383 et
1224 4329 1694 4383 misericordiam
1727 4344 1760 4382 a
1790 4330 1907 4382 Deo
1939 4345 2143 4383 conse-

507 4432 658 4487 quor
685 4434 697 4471 :
731 4417 890 4472 haud
920 4418 1094 4473 aliter
1123 4418 1303 4473 etiam
1346 4417 1617 4473 diabolus
1655 4419 1868 4490 (fuisset
1897 4434 2150 4473 consecu-

508 4503 634 4577 tus).
668 4506 902 4560 Primus
952 4508 1127 4562 homo
1171 4507 1343 4562 liberi
1387 4507 1615 4563 arbitrii
1661 4508 1949 4563 formatus
1998 4514 2087 4562 est
2117 4524 2151 4563 a

509 4595 650 4661 Deo,
683 4600 741 4650 et
770 4598 1069 4667 peccavit;
1102 4604 1257 4652 Deus
1286 4614 1421 4652 vero
1473 4597 1543 4652 de
1588 4598 1827 4670 proprio
1860 4603 2014 4652 statu
2048 4597 2152 4652 de-

509 4684 768 4739 turbavit
798 4702 952 4740 eum.
996 4691 1069 4740 At
1096 4686 1345 4741 fortasse
1391 4686 1568 4741 etiam
1621 4686 1782 4741 dicas
1812 4687 1957 4741 mihi
1991 4686 2150 4758 obji-

511 4774 722 4829 ciendo
750 4792 762 4828 :
795 4776 1075 4839 Qumnam
1108 4780 1248 4830 sunt
1277 4792 1407 4846 qum
1442 4776 1587 4829 mihi
1618 4776 1881 4846 loqueris
1911 4776 2065 4831 bona
2095 4781 2155 4831 et

508 4863 714 4919 mala?
763 4866 908 4919 Ecce
959 4865 1069 4933 sol,
1118 4864 1260 4920 luna
1312 4871 1369 4920 et
1417 4865 1605 4919 stellaa
1656 4865 1825 4920 bonae
1857 4866 2152 4921 suntzfac

505 4967 695 5008 unum
726 4969 793 5008 ex
824 4954 937 5009 bis.
963 4956 1088 5009 Non
1118 4959 1431 5026 propterea
1459 4954 1703 5025 praedixi
1737 4954 1843 5008 tibi
1873 4954 2152 5009 adversus

505 5040 800 5111 homines,
834 5060 1049 5115 operor
1092 5043 1251 5099 bona
1294 5049 1352 5098 et
1393 5043 1568 5098 mala.
1622 5045 1780 5099 Bona
1812 5050 1950 5098 sunt
1978 5044 2155 5115 igitur

504 5131 610 5187 Dei
636 5132 985 5205 gloriﬁcatio
1019 5138 1078 5188 et
1107 5133 1293 5188 oratio
1319 5149 1332 5187 ε
1363 5132 1521 5188 mala
1550 5138 1747 5188 autem
1796 5138 1935 5188 sunt
1963 5133 2150 5187 forni-

505 5220 680 5287 catio,
705 5221 950 5278 furtum.
967 5221 1458 5293 Quandoquidem
1482 5222 1777 5293 quomodo
1800 5222 1887 5278 ais
1909 5228 1974 5277 tu
1997 5221 2154 5277 mala

2256 3082 2452 3141 οὐδένα
2507 3081 2679 3158 φαμὲν
2739 3078 2909 3135 αἷέιον
2971 3080 3103 3135 εἶναι
3151 3080 3197 3135 εἷ
3251 3082 3331 3153 μή
3391 3080 3482 3135 τὸν
3536 3081 3667 3149 Θεὸν,
3710 3080 3829 3133 κακοῦ

2257 3172 2315 3230 δὶ
2344 3171 2429 3228 οὔ.

2332 3260 2434 3319 Καὶ
2495 3256 2811 3333 ἀποκριθεὶς
2872 3256 2900 3311 ὁ
2960 3260 3210 3315 ΣΑΡΑΚ.
3290 3259 3461 3313 εἶπεν·
3540 3259 3661 3315 Τίνα
3706 3254 3829 3327 λέγεις

2255 3350 2430 3406 αἴτιον
2455 3351 2590 3404 εἶναι
2621 3351 2727 3402 τῶν
2760 3350 2939 3400 κακῶν
2967 3364 2981 3415 ;

2329 3442 2372 3497 Ο
2414 3441 2640 3495 ΧΡΙΣΤ.
2669 3435 2777 3492 Τὸν
2807 3434 2911 3489 ἀπὸ
2936 3435 3167 3510 γνώμης
3191 3431 3323 3491 ὄντα
3351 3431 3601 3491 διάϐολον
3621 3431 3830 3503 δηλονότι,

2256 3529 2347 3586 καὶ
2378 3532 2526 3602 ἡμᾶς
2555 3526 2684 3589 τοὺς
2707 3524 3045 3601 ἀνθρώπους.

2327 3621 2372 3676 0
2407 3622 2663 3675 ΣΑΡΑΚ.
2701 3616 2871 3690 Χάριν
2897 3613 3043 3675 τίνος
3070 3633 3083 3682 ;

2327 3712 2372 3765 Ο
2402 3709 2624 3764 ΧΡΙΣΤ.
2661 3705 2759 3773 Διὰ
2787 3704 2849 3758 τὸ
2879 3702 3243 3773 αὐτεξούσιον.

2327 3799 2370 3855 0
2403 3798 2654 3852 ΣΑΡΑΚ.
2708 3794 2771 3848 Τί
2823 3790 2955 3863 οὗνς
3008 3791 3357 3862 αὖτεξούσιος
3389 3796 3458 3863 εἴ,
3487 3791 3571 3847 καὶ
3600 3790 3682 3845 ὅσα
3707 3785 3831 3851 eam

2257 3884 2479 3941 δύνασαι
2508 3889 2682 3938 ποιεῖν
2711 3908 2726 3950 ς

2328 3978 2372 4033 Ο
2405 3977 2629 4031 ΧΡΙΣΤ.
2664 3973 2761 4027 Ἐκ
2819 3968 2915 4025 δύο
2974 3969 3177 4044 μόνων,
3210 3970 3268 4026 ἐν
3310 3969 3472 4045 ἄλλῳ
3502 3971 3560 4027 οὗ
3587 3968 3830 4036 πὲπλασμσι

2260 4064 2364 4119 ὑπὸ
2396 4066 2532 4118 Θεοῦ
2562 4060 2961 4133 αὐτεξεούσιος.

2328 4158 2373 4210 Ο
2403 4156 2647 4208 ΣΑΡΑΚ.
2684 4154 2822 4204 Ποῖα
2845 4153 3015 4204 ταῦτα
3040 4168 3053 4217 ;

2331 4243 2374 4298 Ο
2404 4242 2637 4297 ΧΡΙΣΤ.
2672 4239 2754 4294 Τὰ
2785 4237 2925 4292 κακὰ
2960 4237 3054 4309 μὶν
3107 4238 3362 4313 πράττων
3398 4238 3459 4293 οὐ
3490 4233 3731 4316 φοϐοῦμαι
3771 4232 3829 4284 τὸν

2256 4329 2451 4403 νόμον,
2508 4326 2654 4383 ἀλλά
2711 4326 2801 4381 καὶ
2853 4330 3130 4399 τιμῶμαι,
3188 4328 3280 4381 καὶ
3347 4325 3599 4400 ἐλεοῦμσι
3644 4326 3726 4379 ὑπὸ
3768 4322 3831 4374 τοῦ

2260 4422 2414 4474 Θεοῦ.
2463 4416 2707 4489 Ὁμοίως
2759 4414 2846 4468 καὶ
2909 4414 2937 4468 ὁ
2994 4408 3280 4476 διάϐολος.
3346 4419 3564 4487 Πρῶτος
3618 4411 3830 4485 ἄνθρωπυς

2259 4504 2599 4579 αὐτεξούσιος
2648 4502 2953 4559 πέπλασται
3018 4503 3121 4557 ὑπὸ
3177 4501 3274 4558 τοῦ
3325 4508 3465 4558 Θεοῦ
3515 4502 3597 4557 καὶ
3643 4501 3829 4572 ἡμάρτηο

2260 4618 2365 4667 σεν,
2422 4595 2511 4649 καὶ
2569 4595 2596 4647 ὁ
2651 4593 2781 4654 Θεὸς
2836 4598 2936 4661 τῆς
2995 4589 3135 4652 ἰδίας
3186 4592 3390 4661 τάξεως
3452 4592 3649 4661 ἐξέωσεν
3696 4585 3823 4641 αὐτὰν.

2260 4683 2417 4742 Ἀλλ’
2449 4683 2578 4746 ἴσως
2618 4682 2707 4736 καὶ
2768 4680 2943 4756 λὲγεις
3007 4702 3099 4753 μοι
3156 4678 3477 4755 ἀντιλέγωψ
3540 4680 3660 4737 [laici
3685 4672 3822 4731 εἶσινὶ

2261 4773 2435 4849 λὲγεις
2471 4794 2565 4846 μοι
2596 4770 2737 4826 καλὰ
2781 4771 2870 4824 καὶ
2926 4770 3103 4839 κακὰ;
3280 4768 3427 4827 Ἰδοὺ
3475 4768 3643 4839 ἥλιος,
3676 4763 3820 4830 σελήνη

2259 4863 2349 4919 καὶ
2376 4863 2592 4937 ἀστέρες
2621 4859 2781 4915 καλοί
2809 4858 2960 4913 εἰσιν*
2995 4857 3227 4928 ποίησον
3253 4857 3305 4914 ’ἐν
3369 4859 3429 4913 ἐκ
3471 4859 3677 4913 τοὺειων⁸
3703 4855 3759 4927 (ε)
3783 4847 3821 4901 οὗ

2258 4952 2455 5007 τούτου
2513 4952 2672 5025 χάριν
2750 4946 3008 5022 προλέγω
3090 4969 3174 5002 σοι
3251 4950 3389 5003 κατὰ
3443 4952 3543 5003 τῶν
3597 4944 3819 5017 ἀνθρώπων

2263 5041 2558 5117 ἐργάζομαι
2589 5037 2732 5093 κάλᾶ
2760 5037 2851 5091 καὶ
2880 5038 3018 5091 κακὰ
3223 5036 3441 5092 aqua»
3478 5036 3587 5110 μὲν,
3616 5034 3709 5089 οἶόν
3734 5031 3819 5117 ἒτῖις

2264 5116 2556 5204 ὃοξολογία
2612 5131 2746 5183 Θεοῦ
2801 5125 2889 5180 καὶ
2949 5128 3255 5201 προσευχή.
3315 5128 3471 5182 Κακὰ
3524 5122 3594 5193 δὲ,
3643 5116 3817 5193 πορνείιι

2263 5218 2481 5293 κλεψία·
2545 5216 2659 5272 ἐπεὶ
2714 5216 2789 5278 ὡς
2852 5214 3033 5291 λὲγεις
3090 5214 3152 5269 σὺ
3207 5217 3345 5292 καγὰ
3398 5214 3486 5270 καὶ
3521 5204 3819 5268 κακᾶἐχθεθῦ

1871 5366 2107 5420 νΑΗΙτΕ
2150 5364 2548 5421 LECTIONES.

579 5482 849 5559 (a)__i_1unc
880 5484 1137 5559 primum
1170 5499 1402 5537 versum
1435 5482 1529 5559 dep
1550 5486 1759 5559 nostro
1810 5482 2197 5559 a_scripsi_mus
2242 5482 2438 5537 Graece
2490 5484 2549 5535 et
2588 5477 2924 5559 La'tine.‘(l_i_)
2954 5477 3055 5559 ‘Eix
3084 5475 3213 5559 cod.
3246 5492 3357 5558 ms.
3393 5468 3811 5559 Bibl.‘\:indpkog;

508 5535 594 5623 (ογ
615 5535 756 5606 Vide
822 5535 1659 5681 ῐζέᾳιιῖέιῖἶιῇῳ-ηξἦξῆζή497ν.ί
1689 5535 1769 5622 (d)
1815 5535 1988 5609 Forte
2023 5535 2359 5629 ἀπόκρισις
2385 5535 2733 5624 vrcsponsio.
2767 5535 3042 5621 (οΥΚάλὰ.
3077 5547 3138 5619 (f)
3172 5549 3448 5618 Lequien.
3480 5545 3561 5599 καὶ
3588 5545 3611 5596 ὁ
3639 5535 3813 5597 EAREt

508 5625 635 5681 SAR.
670 5625 742 5697 (3)
780 5622 964 5679 ΧΡΙΣ.
1000 5625 1278 5694 Lequien.
1311 5626 1395 5697 (h)
1475 5624 1502 5677 ὸ
1532 5624 1893 5697 ἀνθρώπινον.
1925 5624 2008 5680 Id.

506 5625 635 5681 SAR.
670 5625 742 5697 (3)
780 5622 964 5679 ΧΡΙΣ.
1000 5625 1278 5694 Lequien.
1311 5626 1395 5697 (h)
1418 5622 1502 5681 Τὸ
1532 5624 1893 5698 ἀνθρώπινον.
1925 5624 2008 5680 Id.
