4044 6218
232 318 375 376 1337

1232 322 1656 381 DISPUTATIO
1689 318 2051 377 SARACENI
2090 320 2183 374 ET
2218 318 2655 377 CHRISTIANI.

3497 320 3641 379 I338

234 442 401 512 εἶναις
435 440 797 513 Εὖρεθήσεται
831 442 859 496 6
892 442 1022 506 Θεὸς
1052 447 1187 500 κατά
1242 448 1299 501 σε
1355 444 1562 517 όίδικος,
1617 448 1749 521 ὅπερ
1783 442 1881 499 οὐκ

1997 443 2267 515 bonaque
2300 462 2368 500 ex
2400 447 2516 501 Deo
2549 463 2675 502 esse
2696 446 2724 501 ?
2751 446 3090 502 Invenietur
3127 448 3279 502 Deus
3310 450 3637 506 secundum

236 527 404 586 ἔστιν.
440 526 590 584 Ἐπεὶ
623 530 726 603 γὰρ
785 530 813 584 6
869 532 996 593 Θεὸς
1053 536 1396 608 προσέταξεν,
1456 537 1529 599 ὡς
1581 534 1643 589 σὺ
1693 535 1891 607 Λέγεκ,

232 619 331 674 τὸν
395 617 597 692 πόρνον
652 619 952 693 πορνεόειν,
1006 622 1095 676 καὶ
1163 625 1255 678 τὸν
1312 625 1553 692 κλέπτην
1612 624 1891 690 κλέπτειν,

236 708 327 763 καὶ
373 708 465 761 τὸν
526 703 857 783 ἀνδροφόνον
916 707 1290 789 ἀνδροφονεῖν,
1350 714 1490 785 ἄξιοί
1538 715 1670 769 εἲσιν
1699 718 1891 785 τιμῆς.

234 798 303 851 τὸ
356 796 456 871 γὰρ
522 792 740 868 θέλημα
795 802 893 852 τοῦ
947 805 1082 855 Θεοῦ
1154 802 1434 873 ἐποίησαν.
1494 804 1893 879 Εὐρεθήσονται

237 886 328 941 καὶ
383 886 435 940 οἱ
493 884 781 957 νομοθέται
840 908 936 942 σου
990 888 1226 962 ψευδεῖς,
1284 890 1376 947 καί
1430 894 1497 947 τὰ
1560 888 1747 966 βιϐηία
1799 912 1894 944 σου

237 971 673 1050 ψευδεπίγραφα,
733 973 921 1045 ἐπειδὴ
982 981 1377 1050 προστάττουσι
1434 982 1526 1036 τὸν
1574 980 1773 1056 πόρνον
1805 979 1893 1034 καὶ

236 1064 331 1119 τὸν
388 1060 631 1131 κλέπτην
692 1059 936 1137 δέρεσθαι
1014 1070 1352 1138 ποιήσαντας
1404 1071 1467 1123 τὸ
1528 1068 1747 1141 θέλημα
1798 1072 1895 1123 τοῦ

238 1156 394 1221 Θεοῦ,
452 1150 543 1205 καὶ
610 1151 702 1205 τὸν
780 1151 1112 1233 ἀνδροφόνον
1193 1157 1619 1228 ἀποκτανθῆναι,
1674 1158 1731 1212 ’ὸν
1786 1152 1895 1213 ἔδει

235 1244 562 1316 τιμηθῆναι,
594 1236 783 1311 ἐπειδὴ
815 1244 878 1297 τὸ
910 1243 1130 1319 θέλημα
1150 1250 1245 1301 τοῦ
1276 1251 1409 1302 Θεοῦ
1441 1246 1715 1316 ἐποίησεν.

313 1421 378 1477 Ὀ
409 1417 469 1476 δὶ
528 1424 787 1480 ΣΑΡΔΚ.
848 1422 947 1485 Τίς
1006 1444 1165 1498 φησι,
1214 1422 1444 1481 πλάττει
1495 1424 1563 1479 τά
1614 1424 1787 1502 βρέφη
1838 1424 1893 1479 ἐν

236 1506 483 1573 κοιλίαις
513 1516 620 1566 τῶν
664 1516 974 1588 γυναικῶνς
1032 1515 1193 1569 τοῦτο
1242 1517 1347 1589 γὰρ
1397 1510 1809 1589 προϐάλλονται
1841 1514 1894 1568 οἱ

245 1597 591 1675 Σαῤῥακηνοὶ
622 1602 759 1677 πρὸς
778 1603 926 1675 ἡμᾶς
950 1598 1256 1677 πρόϐλημα
1287 1601 1617 1672 δεινότατον,
1645 1603 1896 1667 θέλοντες

238 1687 522 1760 ἀποδεῖξαι
578 1691 668 1747 τὸν
729 1693 859 1747 Θεὸν
917 1692 1092 1749 αἴτιον
1144 1699 1243 1751 τοῦ
1302 1700 1496 1752 κακοῦ.
1528 1694 1591 1751 El
1622 1696 1722 1771 γάρ
1753 1694 1892 1749 ἀπο-

2001 538 2056 587 te
2088 533 2343 605 injustus
2370 551 2381 589 :
2415 535 2571 606 quod
2604 536 2806 607 utique
2838 553 2957 590 non
2999 542 3107 591 est.
3140 538 3424 601 Quoniam
3479 542 3639 595 enim

2005 624 2157 677 Deus
2188 625 2488 695 prmoepit,
2521 631 2587 679 ut
2618 631 2676 679 tu
2719 626 2939 696 inquis,
2989 626 3410 681 fornicatorem
3458 628 3642 683 forni-

2002 712 2125 766 cari
2160 717 2217 765 et
2244 712 2434 766 furem
2466 714 2649 767 furari
2684 720 2742 768 et
2773 715 3132 769 homicidam
3177 716 3399 770 caedem
3431 716 3641 784 facere,

2004 801 2277 856 mercede
2309 802 2470 874 digni
2502 809 2636 857 sunt
2678 804 3041 875 hujusmodi,
3093 805 3458 860 voluntatem
3492 807 3650 861 enim

2004 891 2105 944 Dei
2137 891 2424 946 fecerunt.
2460 893 2847 947 Invenientur
2877 911 3112 964 quoque
3164 894 3533 965 legislatores
3565 896 3650 949 tui

2004 980 2341 1045 mendaces,
2376 987 2433 1035 et
2457 978 2591 1035 libri
2627 984 2708 1036 tui
2760 982 2913 1049 falsi,
2965 984 3448 1053 quandoquidem
3481 1001 3649 1039 man-

2005 1069 2148 1124 dant
2178 1069 2597 1125 fornicatorem
2642 1076 2699 1125 et
2746 1071 2937 1126 furem
2970 1072 3276 1140 excoriari,
3311 1073 3410 1143 qui
3444 1078 3643 1127 tamen

2005 1160 2105 1214 Dei
2133 1158 2495 1213 voluntatem
2535 1160 2841 1215 fecerunt:
2894 1161 3251 1216 homicidam
3284 1178 3518 1232 quoque
3551 1163 3646 1217 in-

2003 1250 2213 1316 terfici,
2249 1267 2425 1321 quem
2457 1250 2702 1320 praemio
2734 1250 3024 1305 cumulari
3058 1251 3385 1323 oportebat,
3430 1252 3647 1324 quippe

2004 1340 2105 1410 qui
2136 1340 2500 1394 voluntatem
2532 1340 2634 1394 Dei
2664 1340 2888 1396 fecerit.

2076 1429 2321 1483 SARAC.
2360 1429 2475 1495 Ait,
2503 1430 2636 1500 quis
2667 1429 2885 1484 format
2909 1428 3168 1485 infantes
3200 1430 3261 1485 in
3292 1432 3479 1486 uteris
3520 1449 3652 1486 mu-

2003 1517 2217 1572 lierum
2240 1518 2267 1572 ‘I
2296 1517 2454 1572 istud
2484 1534 2657 1589 porro
2717 1519 3007 1589 objiciunt
3046 1520 3319 1574 Saraceni
3370 1519 3650 1574 adversus

2004 1625 2113 1663 nos
2171 1614 2454 1679 tanquam
2512 1614 2926 1675 argumentum
2986 1609 3463 1675 invictissimum,
3528 1626 3643 1679 quo

2002 1696 2314 1753 ostendere
2344 1697 2638 1762 nituntur,
2672 1698 2855 1751 Deum
2887 1697 3026 1752 mali
3059 1714 3186 1753 esse
3231 1702 3552 1753 auctorem.
3589 1698 3646 1751 Si

234 1780 444 1885 κριθεὶς
476 1781 648 1857 Αὲγω,
680 1781 764 1837 ὅτι
814 1783 843 1837 6
887 1783 1017 1845 Θεὸς
1070 1781 1295 1839 πλάττει
1354 1784 1420 1839 τὰ
1480 1785 1651 1861 βρέφη
1686 1784 1736 1838 ἐν
1769 1805 1884 1839 κοι-

2004 1788 2163 1842 enim
2218 1785 2588 1858 respondens
2639 1786 2821 1851 dicas,
2873 1788 3055 1842 Deum
3107 1802 3234 1841 esse
3284 1787 3384 1858 qui
3430 1787 3648 1843 format

234 1866 383 1933 λίαις
405 1875 693 1946 γυναικῶν,
743 1871 856 1947 ἐρεῖ
902 1874 929 1927 6
978 1875 1314 1949 Σαρακηνός·
1348 1872 1487 1930 Ἰδοὺ
1520 1875 1547 1929 ὁ
1578 1875 1708 1937 Θεὸς
1760 1874 1880 1929 σύν-

232 1959 393 2034 εργός
423 1959 534 2014 ἐστι
557 1966 637 2033 τῷ
667 1962 875 2036 πόρνῳ,
907 1963 998 2017 καὶ
1027 1968 1104 2036 τῷ
1138 1968 1343 2038 μοιχῷ.

304 2050 350 2105 Ο
380 2050 597 2108 ΧΡΙΣΤ.
651 2052 793 2126 Πρὸς
847 2055 1014 2106 ταῦτα
1066 2053 1435 2128 άποκρίνεται’
1470 2050 1741 2127 Οὐδαμῶς
1791 2052 1877 2108 εὐ-

228 2136 399 2213 ρίσκω
434 2140 569 2212 μετὰ
595 2140 694 2209 τήν
745 2142 969 2217 πρώτην
1026 2136 1303 2214 ἑϐδομάδα
1357 2149 1457 2211 τῆς
1516 2142 1879 2215 κοσμοποιίας

224 2227 329 2295 τὴν
387 2230 604 2306 Γραφὴν
659 2228 923 2303 λέγουσαν
983 2229 1241 2286 πλάττειν
1300 2237 1393 2286 τὸν
1450 2232 1578 2286 Θεὸν
1611 2231 1646 2301 ἢ
1681 2231 1878 2300 κτίζειν

223 2336 310 2373 τι.
350 2315 414 2373 El
464 2313 522 2372 δὲ
570 2314 861 2395 ἂμφιϐαλῂ
909 2319 1033 2394 περὶ
1076 2319 1293 2391 τούτου,
1344 2318 1491 2396 δείξῃ
1519 2322 1649 2394 [σοι]
1677 2320 1879 2393 κτίσμα

231 2406 268 2476 ἢ
301 2404 531 2481 πλάσμα
574 2406 966 2479 οἱονδηποτοῦν
1015 2412 1075 2482 (ι)
1130 2410 1263 2483 μετὰ
1306 2412 1408 2480 τήν
1456 2411 1678 2484 πρώτην
1721 2406 1877 2466 ἐϐδο-

238 2492 383 2569 μάδα
438 2497 761 2571 γιγνόμενον
823 2499 925 2553 ὑπὸ
993 2503 1090 2554 τοῦ
1148 2503 1303 2554 Θεοῦ·
1363 2497 1623 2573 οὐδαμῶς
1679 2500 1876 2556 τούτου

235 2581 513 2657 ὑποδεῖξαι
722 2587 898 2643 Πάντα
952 2590 1056 2664 γὰρ
1111 2590 1177 2643 τὰ
1229 2588 1397 2665 ὁρατᾶ
1452 2586 1721 2662 κτίσματα
1775 2591 1874 2659 τὴν

232 2676 460 2748 πρώτην
514 2672 793 2752 ἑϐδομάδα
841 2679 1145 2755 γεγόνασιν.
1202 2677 1470 2736 Ἓπλασεν
1519 2680 1619 2755 γὰρ
1670 2684 1697 2735 ὁ
1746 2680 1877 2741 Θεὸς

230 2765 326 2820 τὸν
358 2761 641 2842 ἄνθρωπον
683 2769 783 2837 τὴν
828 2769 1054 2842 πρώτήν
1104 2764 1401 2842 ἑϐδομάδα,
1432 2770 1521 2823 καὶ
1554 2770 1878 2845 προσέταξεν

232 2852 391 2908 αὐτὸν
443 2860 628 2933 γεννᾷν
686 2858 777 2911 καὶ
848 2860 1152 2935 γεννᾶσθαι,
1214 2856 1403 2914 εἷπών.
1464 2882 1491 2909 ‹‹
1554 2857 1873 2931 Αὖξάνεσθε,

230 2944 324 2997 καὶ
380 2944 742 3017 πληθύνεσθε,
798 2947 889 3002 καὶ
947 2946 1279 3021 πληρώσατε
1350 2949 1452 3016 τὴν
1509 2951 1630 3022 γῆν.
1688 2971 1717 2998 ››
1780 2946 1875 3003 Καὶ

232 3030 421 3103 ἐπειδὴ
481 3029 733 3110 ἔμψυχος
792 3036 858 3105 ἦν
918 3037 946 3090 6
1000 3036 1283 3113 ἄνθρωπος
1351 3033 1600 3113 ἔμψυχον
1662 3036 1877 3111 σπέρμα

234 3116 403 3196 ἔχων,
438 3121 487 3176 ἐν
542 3126 611 3197 τῇ
672 3121 786 3196 ἲδίᾳ
836 3127 1044 3199 γυναικὶ
1108 3126 1283 3199 σπορὰ
1330 3126 1566 3202 ἀνεφόει.
1596 3133 1754 3180 *Ωστε
1785 3124 1879 3180 ἄν-

234 3221 455 3285 θρωπος
507 3210 792 3289 ἄνθρωπον
841 3220 1016 3289 γεννᾷ,
1087 3216 1323 3290 καθάπερ
1370 3218 1404 3285 ἡ
1459 3217 1640 3293 Γραφὴ
1714 3216 1881 3292 λέγει.

238 3322 267 3351 «ί
296 3299 474 3374 Ἀδὰμ
524 3303 628 3377 γὰρ
686 3304 940 3379 ἐγέννησε
988 3305 1082 3359 τὸν
1133 3306 1256 3375 Σέθ,
1306 3306 1395 3359 καὶ
1427 3307 1455 3359 ὁ
1488 3306 1590 3370 Σὶθ
1639 3304 1892 3380 ἐγέννησε

238 3390 329 3444 τὸν
384 3390 579 3461 Ένὼς,
647 3394 734 3448 καὶ
809 3394 980 3455 Ἐνὼς
1045 3393 1295 3470 ἐγέννησε
1359 3395 1450 3449 τὸν
1518 3399 1743 3462 Καϊνὰν,
1799 3394 1886 3449 καὶ

241 3480 437 3534 Καῖνᾶν
471 3479 721 3555 ἐγέννησε
768 3482 860 3536 τὸν
910 3481 1242 3551 Μαλαλεήλ,
1274 3482 1361 3536 καὶ
1410 3480 1714 3550 Μαλαλεήλ
1749 3478 1891 3557 ἐγέν-

240 3589 373 3637 νησε
400 3570 490 3624 τὸν
527 3571 729 3645 Ἑνώχ.
766 3594 794 3621 ››
828 3571 928 3627 Καὶ
972 3570 1069 3625 οὐκ
1117 3573 1285 3639 εἶπεν,
1319 3572 1375 3623 '0
1420 3571 1547 3634 Θεὸς
1571 3566 1773 3625 ἔπλασε
1795 3573 1887 3625 τὸν

240 3660 378 3729 Σὴθ,
431 3662 459 3731 ἢ
502 3662 593 3715 τὸν
638 3662 831 3733 Ἐνὼς,
882 3661 917 3731 ἢ
962 3660 1134 3717 ἄλλον
1178 3664 1316 3717 τινὰ·
1348 3663 1438 3717 καὶ
1469 3661 1701 3717 ἐντεῦθεν
1733 3662 1893 3738 γινώ-

241 3768 465 3821 σκομεν,
514 3750 598 3804 δτι
652 3751 961 3822 μονώτατος
1005 3750 1310 3805 πέπλασται
1367 3752 1395 3805 6
1449 3749 1623 3823 Ἀδάμ
1663 3751 1765 3805 ὑπὸ
1794 3755 1889 3805 τοῦ

238 3843 397 3907 Θεοῦ,
459 3840 511 3893 οἳ
577 3860 635 3893 τε
703 3841 818 3912 μετ’
882 3840 1084 3896 ἐκεῖνον
1154 3846 1414 3915 γεννῶται
1481 3842 1570 3895 καὶ
1628 3846 1885 3916 γεννῶσιν

235 3923 341 3988 ἓως
406 3932 504 3983 τοῦ
570 3929 861 4003 παρόντος.
930 3929 1034 3985 Καὶ
1098 3930 1269 3991 οὕτῶς
1335 3930 1520 4005 χάριτι
1571 3934 1668 3985 τοῦ
1699 3932 1887 3985 Θεοῦὸ

238 4017 448 4091 κόσμος
496 4018 823 4075 συνίσταται.
883 4017 1108 4087 Ἐπειδὴ
1187 4020 1276 4073 καὶ
1335 4025 1477 4073 πᾶσα
1536 4018 1735 4095 βοτάνη
1796 4021 1885 4075 καὶ

240 4107 405 4184 φυτὸν
437 4107 722 4182 προστάξει
774 4112 871 4163 τοῦ
930 4112 1063 4163 Θεοῦ
1131 4109 1236 4163 άπὸ
1289 4108 1410 4164 τότε
1438 4114 1596 4183 γεννᾷ
1626 4110 1714 4163 καὶ
1774 4131 1887 4185 γεν·

232 4202 411 4258 νᾶται.
441 4200 582 4275 *Εφη
618 4200 718 4275 γὰρ
765 4201 793 4254 6
852 4199 1001 4263 Θεόςο
1068 4225 1095 4251 ‹‹
1158 4198 1523 4269 Βλαστησάτω
1554 4202 1586 4269 ἡ
1622 4207 1693 4275 γῆ
1732 4201 1888 4274 βοτά.

232 4307 330 4358 νην
383 4283 610 4363 χόρτου.
648 4312 675 4339 ››
725 4288 874 4345 Κατὰ
927 4289 989 4343 τὸ
1046 4288 1367 4365 πρόσταγμα
1414 4289 1578 4344 αὐτοῦ
1623 4285 1886 4360 ἐϐλάστη-

237 4396 324 4431 σεν
357 4371 578 4432 ἕκαστον
609 4374 846 4453 δένδρον,
900 4375 1045 4439 εἶδος
1095 4382 1168 4451 (Ις)
1227 4378 1460 4453 βοτάνης
1509 4378 1598 4432 καὶ
1630 4382 1799 4456 φυτοῦ
1832 4377 1884 4433 ἐν

234 4465 409 4539 ἑαυτῷ
455 4461 572 4542 ἔχει
623 4468 996 4541 περματικήν
1048 4466 1298 4541 δύναμιν.
1351 4471 1411 4525 Ἦ
1460 4469 1634 4541 σπορᾶ
1666 4467 1722 4523 δὲ
1751 4490 1877 4523 παν-

2001 1876 2259 1932 infantes
2308 1876 2365 1929 in
2395 1876 2579 1929 uteris
2610 1875 2953 1941 mulierum,
3002 1880 3233 1947 regeret
3280 1876 3645 1931 Saracenus:

1986 1968 2135 2037 Ergo
2170 1968 2325 2021 Deus
2357 1972 2711 2036 cooperatur
2740 1982 2874 2021 cum
2906 1964 3263 2020 fornicatore
3294 1971 3353 2019 et
3394 1967 3641 2021 moecho.

2057 2056 2333 2111 CHRIST.
2369 2054 2661 2125 Igitur'ad
2712 2055 2839 2109 haac
2870 2053 3228 2124 respondet:
3264 2054 3433 2109 Nullo
3467 2054 3643 2109 modo

1981 2146 2225 2219 invenio
2267 2148 2403 2215 post
2445 2144 2698 2214 primam
2748 2142 3183 2198 hebdomadam
3234 2160 3352 2213 qua
3380 2143 3640 2199 mundus

1986 2238 2176 2292 factus
2210 2239 2316 2300 est,
2365 2234 2729 2304 Scripturam
2780 2237 3168 2297 asserentem,
3221 2232 3382 2302 quod
3428 2233 3642 2287 formet

1985 2326 2140 2380 Deus
2169 2323 2259 2378 vel
2290 2328 2450 2377 creet
2478 2322 2825 2393 quidquam.
2860 2321 3024 2387 Quod
3059 2322 3105 2375 si
3130 2320 3231 2375 illc
3257 2337 3377 2376 non
3409 2322 3647 2391 acquie-

1985 2420 2111 2470 scat
2140 2414 2299 2469 circa
2338 2413 2471 2479 hoc,
2521 2411 2797 2468 ostendat
2843 2410 3254 2481 (Christianus)
3305 2416 3639 2466 creaturam

1984 2505 2075 2559 vel
2106 2505 2456 2576 figmentum
2497 2502 2895 2573 quodcunque
2926 2507 3061 2574 post
3108 2501 3362 2572 primam
3412 2500 3635 2556 hebdo-

1984 2593 2225 2651 madam
2278 2609 2312 2647 a
2360 2593 2477 2645 Deo
2534 2607 2662 2646 esse
2717 2590 3059 2645 nullatenus
3103 2591 3357 2645 ostendi.
3422 2591 3639 2645 Omnes

1987 2684 2149 2739 enim
2180 2680 2446 2736 visibiles
2478 2685 2764 2734 creaturae
2814 2680 3007 2749 prima
3056 2678 3428 2733 hebdomada
3462 2680 3640 2733 exsti-

1986 2776 2205 2827 terunt.
2241 2770 2537 2824 Formavit
2567 2769 2727 2821 enim
2760 2769 2912 2821 Deus
2943 2767 3249 2820 hominem
3282 2767 3475 2836 prima
3506 2767 3644 2819 heb-

1984 2859 2278 2922 domada;
2314 2859 2486 2928 eique
2527 2856 2829 2911 mandavit
2874 2861 2941 2909 ut
2970 2856 3235 2926 gigneret
3282 2860 3342 2907 et
3370 2855 3638 2925 gignere-

1984 2956 2103 3019 tur,
2134 2946 2482 3017 f’inquiens:
2525 2967 2553 2993 «
2604 2945 2861 2999 Crescite
2913 2948 2971 2997 et
3026 2943 3531 3013 multiplicamini,
3586 2947 3642 2995 et

1984 3038 2212 3109 replete
2244 3035 2509 3090 terram‘.
2540 3058 2567 3084 ››
2600 3036 2669 3088 Et
2690 3034 2973 3104 quoniam
3006 3032 3284 3087 animalis
3318 3036 3442 3086 erat
3468 3032 3641 3086 homo

1996 3126 2254 3183 animale
2283 3141 2486 3180 semen
2518 3124 2834 3189 hahens,in
2866 3122 3107 3193 propria
3138 3137 3319 3176 uxore
3361 3121 3644 3175 sementis

1998 3215 2389 3290 germinabat.
2432 3213 2829 3278 Quamobrem
2881 3213 3054 3266 homo
3104 3210 3407 3265 hominem
3439 3210 3646 3281 gignit,

1999 3313 2067 3362 ut
2092 3306 2392 3377 Scriptura
2420 3304 2599 3359 dicit:
2637 3324 2660 3354 α
2695 3304 2881 3357 Adam
2915 3302 3075 3357 enim
3128 3301 3333 3373 genuit
3380 3300 3541 3366 Seth,
3592 3305 3650 3355 et

2000 3397 2135 3452 Seth
2192 3395 2397 3466 genuit
2450 3396 2627 3459 Enos,
2687 3398 2745 3446 et
2801 3394 2957 3446 Enos
3021 3391 3225 3462 genuit
3281 3390 3531 3451 Kainan,
3589 3394 3650 3444 et

2000 3487 2228 3540 Kainan
2278 3484 2475 3556 genuit
2512 3482 2800 3546 Malaleel,
2834 3487 2891 3535 et
2938 3479 3201 3535 Malaleel
3236 3480 3440 3551 genuit
3466 3480 3644 3545 Jaret,

1996 3575 2159 3630 Jaret
2188 3579 2384 3629 autem
2416 3572 2621 3645 genuit
2649 3571 2894 3625 Enoch’.
2934 3590 2957 3619 ι
2992 3572 3173 3624 Porro
3206 3586 3325 3623 non
3357 3568 3542 3623 dixit:
3578 3570 3648 3622 Et

1995 3670 2153 3719 Deus
2184 3662 2459 3717 formavit
2510 3662 2645 3715 Seth
2698 3661 2787 3715 vel
2836 3661 3010 3726 Enos,
3063 3658 3151 3713 vel
3200 3658 3383 3713 alium
3434 3672 3646 3727 quem-

1996 3754 2177 3825 piam.
2215 3754 2360 3808 Hinc
2392 3752 2768 3824 agnoscimus
2800 3766 2984 3805 unum
3032 3765 3273 3819 prorsus
3322 3748 3641 3802 formatum

1995 3845 2179 3899 fuisse
2212 3844 2398 3898 Adam
2430 3858 2463 3897 a
2490 3843 2645 3897 Deo:
2681 3841 2780 3911 qui
2813 3857 2948 3894 vero
2980 3844 3113 3910 post
3143 3838 3315 3893 illum
3347 3844 3504 3900 sunt,
3547 3854 3648 3909 ge—

1996 3938 2283 3989 nerantur
2334 3938 2392 3986 et
2438 3935 2728 4003 generant
2766 3946 2954 3999 usque
3002 3928 3062 3981 in
3097 3944 3358 3998 prassens
3388 3932 3643 3997 tempus,

1994 4030 2171 4094 atque
2186 4024 2296 4077 hoc
2312 4021 2485 4076 modo
2502 4037 2569 4074 ex
2599 4019 2697 4073 Dei
2730 4018 3021 4073 beneficio
3050 4016 3309 4070 mundus
3331 4032 3643 4069 conserva-

1992 4118 2108 4167 tur.
2143 4110 2418 4176 Quinimo
2452 4109 2629 4164 etiam
2660 4107 2855 4161 omnis
2895 4105 3077 4159 herba
3120 4110 3178 4157 et
3217 4103 3419 4173 planta
3460 4103 3635 4171 jussu

1992 4204 2094 4259 Dei
2127 4220 2194 4257 ex
2226 4219 2294 4257 eo
2327 4207 2589 4271 tempore
2619 4203 2863 4271 generat
2891 4200 2949 4249 et
2977 4200 3314 4266 generatur.
3348 4192 3444 4245 Ait
3475 4191 3634 4245 enim

1992 4295 2179 4348 Deus:
2237 4315 2265 4341 ‹‹
2322 4291 2624 4346 Germinet
2666 4294 2823 4341 terra
2870 4285 3117 4339 herbam
3166 4282 3286 4335 feni
3331 4280 3372 4346 ³,
3407 4302 3427 4326 ιι
3464 4285 3639 4349 atque

1982 4386 2156 4457 juxta
2186 4385 2545 4452 praeceptum
2561 4377 2690 4447 ejus
2707 4373 3056 4447 germinavit
3073 4388 3310 4426 omnem
3342 4368 3635 4434 arborem,

1993 4482 2051 4531 et
2080 4471 2309 4544 species
2343 4467 2625 4539 quaelibet
2671 4463 2867 4518 herbaa
2899 4462 2988 4517 vel
3040 4461 3278 4532 plantaa,
3331 4458 3390 4512 in
3425 4461 3638 4512 semet-

230 4557 323 4617 τὸς
356 4560 526 4634 φυτοῦ
558 4557 645 4611 καὶ
700 4558 935 4633 βοτάνης
979 4555 1230 4633 ἔμψυχός
1274 4558 1437 4626 ἐστιν,
1473 4558 1593 4625 ἥτις
1620 4557 1671 4612 ἐν
1700 4563 1769 4632 τῇ
1799 4564 1868 4635 γῇ

1997 4579 2111 4635 ηρεει
2137 4559 2315 4613 habet
2343 4557 2457 4610 vim
2516 4554 2932 4609 sementinam.
2988 4548 3281 4605 Sementis
3312 4563 3488 4619 porro
3543 4562 3647 4600 cu-

231 4645 396 4701 πάλιν
448 4646 529 4723 ἐφ’
574 4646 766 4711 ἑαυτῆς
821 4646 1115 4715 πίπτουσα,
1161 4645 1196 4715 ἤ
1245 4648 1332 4701 καὶ
1384 4648 1484 4701 ὑπὸ
1524 4647 1699 4701 ἄλλου
1731 4669 1879 4702 σπει-

234 4737 465 4810 ρομένη,
504 4735 811 4811 βλαστάνει·
868 4735 944 4808 μὴ
996 4735 1347 4807 πλαττομένη
1400 4732 1505 4790 ὑπό
1534 4757 1701 4803 τινος,
1735 4735 1878 4793 ἀλλά

232 4830 313 4899 τῷ
364 4826 569 4901 πρώτῳ
614 4825 989 4900 προστάγματι
1038 4830 1133 4880 τοῦ
1180 4830 1312 4880 Θεοῦ
1366 4825 1763 4889 ὑπακούσαντος
1797 4830 1878 4891 (ι).

228 4914 375 4973 Ἰδοὺ
408 4915 535 4991 ἰγὼ,
586 4915 723 4970 καθᾶ
770 4915 961 4990 πρώην
1012 4911 1167 4991 ἔφην,
1218 4914 1559 4984 αὐτεξούσιος
1608 4913 1681 4970 ὢν
1714 4915 1764 4971 ἐν
1799 4918 1879 4979 οἷς

236 5004 427 5080 μόνοις
478 5010 735 5081 προεῖπα,
805 5005 941 5059 ὅπου
1005 5003 1092 5058 ἐὰν
1162 5003 1388 5079 σπείρω,
1448 5002 1544 5059 κᾶν
1613 5005 1688 5067 εἰς
1740 5004 1878 5062 ἰδίαν

302 5185 323 5222 ί
355 5186 499 5244 Gen.
531 5201 572 5255 ι,
602 5187 690 5242 28.
722 5185 744 5221 ¹
770 5186 912 5244 Gen.
944 5201 997 5251 ν,
1032 5186 1062 5241 3
1095 5202 1262 5259 seqq.
1296 5184 1318 5221 ³
1349 5186 1490 5243 Gen.
1522 5203 1562 5255 ι,
1598 5190 1684 5243 11.

1984 4650 2172 4724 jusvis
2199 4647 2415 4719 plautas
2448 4644 2536 4699 vel
2581 4642 2778 4697 herbae
2823 4640 3101 4695 animalis
3152 4644 3278 4702 est;
3330 4653 3459 4708 qum
3509 4652 3638 4689 rur-

1993 4758 2093 4797 sus
2125 4740 2184 4793 in
2217 4743 2435 4791 terram
2469 4751 2575 4805 per
2604 4749 2665 4787 se
2711 4730 3012 4797 decidens,
3064 4729 3151 4784 vel
3203 4729 3380 4783 etiam
3413 4726 3483 4781 ab
3518 4724 3635 4779 alio

1992 4836 2119 4887 sata
2149 4827 2462 4901 germinat,
2492 4840 2611 4878 non
2643 4823 2896 4877 formata
2926 4837 2960 4876 a
3007 4835 3329 4891 quoquam,
3380 4816 3482 4871 sed
3512 4814 3632 4886 pri-

1992 4937 2104 4975 mae
2139 4918 2238 4973 Dei
2264 4914 2522 4988 jussioni
2555 4928 2779 4967 morem
2812 4926 3040 4981 gerens.
3076 4911 3220 4963 Ecce
3270 4924 3394 4979 ego,
3428 4920 3632 4977 quem-

1990 5006 2313 5064 admodum
2343 5008 2520 5059 antea
2550 5001 2836 5067 dixeram,
2860 4998 3047 5053 libero
3079 4996 3360 5068 praeditus
3391 4992 3635 5050 arbitrio

1588 5368 1825 5426 VARIE
1884 5368 2282 5425 LECTIONES.

298 5524 361 5594 (ἰ)
393 5522 749 5594 Lequienius
775 5537 788 5575 :
821 5518 866 5573 εἰ
898 5516 955 5573 δὲ
986 5520 1206 5593 ἀπορεῖς
1236 5518 1374 5593 πρὸς
1416 5523 1600 5589 τοῦτο,
1654 5518 1824 5592 δεῖξον
1871 5519 2097 5593 πλάσμα
2140 5521 2174 5589 ἢ

2225 5519 2398 5575 κτίσιν
2446 5517 2804 5572 οἳαντιναοῦν.
2838 5517 2939 5572 Sin
2970 5533 3103 5572 vero
3131 5515 3203 5572 de
3234 5517 3345 5573 hoc
3375 5516 3632 5584 dubitas,

229 5585 859 5679 pste'ndexigm‘entum
892 5585 1595 5679 aut‘creat‘urafntullam.
1623 5595 1695 5679 ρ)
1728 5585 2121 5679 Dequienius:
2154 5585 2298 5679 άλλὰ
2329 5589 2386 5646 δὲ
2412 5586 2811 5679 άποδειχθῆναι
2840 5587 3097 5679 τοῦτΙοὶοτιξ
3128 5585 3368 5679 δόναται.
3403 5591 3473 5679 (Is)
3498 5591 3633 5659 Leq.

230 5666 442 5742 ὁμοίως
472 5662 539 5737 δὴ
558 5662 661 5720 καὶ
696 5663 897 5740 βοτάνη
932 5663 1019 5718 καὶ
1059 5664 1223 5739 φυτὸν
1256 5663 1308 5735 ἐξ
1360 5663 1571 5722 ἑαυτοῦ.
1627 5662 1909 5723 Similiter
1949 5672 2008 5723 et
2055 5667 2239 5723 herba
2282 5672 2339 5723 et
2384 5664 2589 5737 planta
2615 5662 2687 5719 ἐι
2718 5662 2934 5736 seipsa.
2960 5662 3024 5735 (ι)
3056 5664 3225 5719 Forte
3271 5662 3634 5716 ὑπακούσασα.
