4040 6204
427 293 571 351 1339

1951 291 2317 347 ΔΟΒΕΝΒΔ.

3658 298 3771 357 1340

429 423 494 479 in
518 421 592 479 iis
622 420 912 477 duntaxat
938 434 1068 490 quae
1102 418 1379 491 praefatus
1425 434 1555 475 sum
1584 435 1596 485 ;
1647 417 1989 488 ubicunque
2022 434 2075 472 se

2197 421 2444 491 γυναῖκα,
2501 418 2597 472 κᾶν
2659 418 2736 480 εἷς
2787 414 3088 491 ἀλλοτρίαν
3142 420 3213 490 τῇ
3265 414 3466 489 ἐξουσίᾳ
3514 439 3607 491 μου
3649 425 3771 497 χρώ.

434 512 681 576 minem,
716 510 831 564 sive
864 509 921 562 in
954 508 1253 579 propriam
1288 524 1529 563 uxorem
1562 507 1680 561 sive
1713 508 1773 561 in
1805 507 2083 573 alienam,

436 616 569 656 meo
600 615 745 653 usus
776 597 1379 659 arbitrio,succrescit
1408 603 1466 653 et
1493 597 1789 669 germinat
1819 613 1924 667 per
1945 596 2087 649 obe-

435 688 722 744 dientiam
753 688 957 758 primm
993 688 1094 740 Dei
1117 686 1397 756 jussioni.
1434 688 1558 740 Non
1592 685 1751 755 quod
1800 686 1890 739 vel
1924 702 2086 739 nunc

431 776 698 849 quotidie
720 776 938 830 formet
970 777 1120 829 Deus
1154 780 1211 829 et
1240 775 1832 845 operetur;quoniam
1872 775 1933 828 in
1966 774 2084 845 pri-

431 882 530 921 ma
578 865 951 921 hebdomada
1007 864 1148 919 fecit
1184 866 1336 919 Deus
1386 864 1598 919 cwlum
1629 869 1687 919 et
1719 870 1934 918 terram
1951 863 2087 916 uni-

433 969 789 1023 versumque
821 952 1111 1006 mundum
1145 969 1249 1007 sex
1282 952 1513 1019 diebus,
1544 953 1797 1023 septima
1826 967 1960 1005 vero
1990 967 2085 1006 re-

432 1044 654 1114 quievit
678 1042 749 1097 ab
783 1042 1062 1097 omnibus
1096 1042 1377 1113 operibus
1424 1043 1547 1097 suis
1599 1059 1729 1113 quae
1774 1058 2083 1113 aggressus

430 1139 520 1189 est
566 1134 762 1189 facere
791 1131 834 1201 ⁴,
869 1154 897 1182 ››
933 1132 1439 1203 quemadmodum
1494 1148 1730 1203 quoque
1780 1131 2083 1203 Scriptura

427 1221 576 1277 mihi
609 1226 879 1277 testatur.

498 1311 854 1366 SARAC.Ait
888 1311 1039 1365 Deus
1073 1309 1145 1365 ad
1170 1309 1508 1365 Jeremiam:
1542 1331 1570 1359 «
1598 1311 1931 1380 Antequam
1962 1308 2085 1362 for-

428 1416 656 1455 marem
688 1406 743 1454 te
777 1416 845 1454 ex
877 1404 1044 1454 utero
1077 1398 1209 1453 novi
1243 1404 1320 1466 te,
1355 1404 1411 1453 et
1438 1415 1509 1453 ex
1538 1399 1783 1453 matrice
1818 1398 2078 1453 sanctifi-

426 1489 551 1545 cavi
577 1494 630 1543 te
661 1488 699 1541 ‘.
736 1509 764 1537 ››

497 1576 765 1631 CHRIST.
799 1575 1133 1647 Cujuslibet
1161 1575 1422 1630 hominis
1475 1592 1543 1630 ex
1591 1580 1757 1630 utero
1806 1574 2083 1629 formavit

427 1668 581 1721 Deus
603 1664 925 1719 animalem
947 1680 1014 1719 ac
1032 1664 1429 1719 sementinam
1458 1663 1732 1718 virtutem
1760 1663 1832 1718 ab
1854 1663 2079 1719 Adamo

427 1761 603 1827 atque
631 1754 935 1825 deinceps.
970 1754 1155 1809 Adam
1188 1754 1347 1808 enim
1378 1754 1439 1809 in
1472 1759 1672 1808 ventre
1722 1752 1947 1808 habens
1980 1753 2075 1807 Se-

425 1844 595 1899 thum
626 1842 850 1916 genuit,
884 1847 949 1896 ut
982 1841 1263 1913 prtefatus
1294 1858 1448 1910 sum,
1482 1842 1694 1897 Sethus
1737 1858 1872 1896 vero
1916 1844 2077 1896 Eno-

427 1950 578 1989 sum.
615 1935 684 1987 Et
710 1932 901 2003 quivis
932 1932 1109 1986 homo
1137 1948 1274 1987 cum
1314 1936 1453 1987 ante
1500 1931 1716 1986 habeat
1767 1932 1828 1985 in
1881 1937 2085 1987 ventre

426 2023 619 2078 ﬁlium
652 2039 825 2077 suum
856 2022 1060 2093 gignit,
1097 2021 1375 2092 filiusque
1407 2021 1585 2076 etiam
1617 2037 1807 2091 usque
1839 2021 1900 2075 in
1932 2038 2084 2091 pra;-

2194 526 2375 578 μενος,
2436 503 2826 562 ἀναϐλαστάνει
2876 508 2968 562 καὶ
3015 506 3219 582 γίνεται
3269 511 3345 577 τῷ
3398 507 3587 581 πρώτῳ
3634 532 3776 582 προσ.

2189 595 2425 669 τάγματι
2471 602 2568 652 τοῦ
2613 602 2746 654 Θεοῦ
2794 595 3095 653 ὑπακούσαι.
3145 596 3264 668 Οὐχ
3316 594 3395 649 ὅτι
3442 598 3525 651 καὶ
3572 621 3650 653 νυν
3682 604 3778 666 καθ’

2191 684 2419 755 ὶκάστην
2479 686 2691 760 ἡμέραν
2766 684 2993 740 πλάττει
3071 686 3100 738 6
3181 685 3309 745 Θεὸς
3373 687 3457 740 καὶ
3523 686 3772 761 ἐργάζεται·

2189 771 2377 842 ἐπειδὴ
2410 775 2460 829 ἐν
2490 780 2557 849 τῇ
2608 779 2800 851 πρώτῃ
2851 771 3116 846 ἒϐδομάδι
3177 798 3203 823 ‹‹
3238 773 3481 843 ἐποίησεν
3512 776 3537 829 6
3567 777 3679 840 Θεὸς
3704 781 3774 832 τὸν

2190 864 2416 935 οὐρανὸν
2469 868 2557 919 καὶ
2614 867 2713 935 τήν
2764 872 2867 940 γῆς
2918 866 3007 919 καὶ
3057 866 3152 918 τὸν
3204 865 3485 936 σύμπαντα
3534 867 3777 942 κόσμονέξ

2188 954 2445 1028 ἡμέραις,
2503 955 2593 1009 καὶ
2668 954 2737 1028 τῇ
2806 950 3017 1026 ἑϐδόμη
3074 954 3401 1008 κατέπαυσεν
3458 955 3559 1009 ἀπὸ
3603 958 3777 1011 παντων

2185 1047 2291 1097 τῶν
2350 1038 2523 1119 ἔργων
2585 1043 2770 1110 αὐτοῦ,
2828 1039 3029 1117 ἤρξατο
3068 1048 3271 1096 ποιεῖν.
3316 1067 3345 1093 ››
3410 1045 3580 1106 καθὼς
3630 1046 3706 1099 καὶ
3750 1049 3778 1116 ἡ

2186 1133 2373 1209 Γραφὴ
2407 1138 2671 1209 μαρτυρεῖ
2704 1154 2819 1206 μοι.

2256 1309 2320 1365 Ὀ
2377 1307 2433 1364 δὲ
2491 1311 2937 1367 ΣΑΡΑΚΗΝΟΣ.
2992 1310 3166 1379 Φησὶν
3214 1311 3241 1365 6
3288 1311 3420 1372 Θεὸς
3477 1311 3603 1385 πρὸς
3654 1314 3780 1387 Ἰερε-

2190 1396 2338 1469 μίανε
2380 1420 2401 1448 ι
2435 1399 2547 1472 Πρὸ
2592 1403 2690 1455 τοῦ
2751 1400 2846 1471 μὲν
2897 1399 3101 1453 πλάσαι
3161 1420 3218 1454 σε
3263 1398 3323 1454 ἐκ
3364 1399 3569 1463 κοιλίας
3598 1399 3782 1459 ἐπίστα-

2189 1484 2286 1559 μαί
2317 1507 2394 1555 σε,
2426 1486 2514 1541 καὶ
2546 1485 2608 1542 ἐκ
2639 1488 2849 1562 μήτρας
2881 1485 3083 1562 ἡγίακά
3113 1507 3189 1545 σε,
3226 1510 3254 1538 ››

2256 1575 2318 1631 Ὀ
2350 1578 2586 1632 ΧΡΙΣΤ.
2623 1576 2826 1638 Παντὸς
2855 1572 3050 1650 ἀνδρὸς
3083 1574 3143 1630 ὲκ
3170 1574 3389 1639 κοιλίας
3419 1574 3632 1632 ἔπλασεν
3663 1580 3782 1650 (m)6

2185 1663 2314 1727 Θεὸς
2372 1665 2471 1733 τήν
2531 1657 2781 1739 ἔμψυχον
2841 1664 2931 1718 καὶ
2998 1665 3377 1738 σπερματικὴν
3437 1663 3648 1738 δύναμιν
3698 1666 3783 1720 ἀπὸ

2187 1749 2367 1825 Ἀδὰμ
2395 1754 2481 1807 καὶ
2516 1753 2766 1823 καθεξῆς.
2827 1750 3008 1825 ’Δδᾶμ
3059 1753 3160 1828 γὰρ
3222 1753 3275 1808 ἐν
3326 1752 3512 1825 κοιλίᾳ
3538 1748 3686 1829 ἔχων,
3710 1754 3780 1809 τὸν

2192 1843 2307 1910 Σὴθ
2350 1841 2627 1917 ἐγέννησεν
2661 1843 2735 1904 ὡς
2767 1846 3053 1916 προεῖπον,
3102 1842 3190 1896 καὶ
3237 1843 3355 1912 Σήθ
3400 1844 3489 1897 τὸν
3521 1844 3692 1910 Ἐνὼς,
3715 1846 3785 1897 καὶ

2191 1927 2413 1991 ἕκαστος
2446 1928 2732 2005 ἄνθρωπος
2761 1932 3018 2005 προέχων
3069 1930 3121 1984 ἐν
3168 1935 3238 2003 τῇ
3287 1929 3473 2001 κοιλίᾳ
3502 1930 3650 1986 αὐτοῦ
3675 1931 3785 2003 υἱὸν,

2187 2020 2277 2073 καὶ
2310 2020 2338 2074 6
2369 2020 2484 2082 υἱὸς
2518 2020 2773 2094 ἐγέννησε
2801 2019 2890 2074 καὶ
2950 2024 3013 2074 νᾶ
3067 2025 3146 2082 (η)
3196 2022 3322 2091 (sic)
3377 2021 3541 2094 μέχρι
3566 2024 3655 2075 τοῦ
3677 2041 3784 2095 παρ-

427 2130 564 2168 sens
602 2119 854 2183 tempus.
886 2111 1040 2165 Illud
1070 2127 1207 2166 vero
1235 2128 1247 2164 :
1280 2132 1306 2163 α
1332 2113 1413 2164 Ex
1441 2110 1689 2165 matrice
1724 2105 2075 2166 sanctiﬁcavi

2197 2108 2366 2173 ὄντος.
2398 2110 2470 2163 Τὸ
2518 2106 2597 2177 δὲ,
2650 2135 2678 2161 ‹‹
2710 2111 2806 2163 Ἐκ
2860 2111 3069 2183 μήτρας
3098 2108 3299 2184 ἡγίακά
3333 2131 3411 2179 σε,
3449 2133 3475 2160 υ
3501 2110 3680 2179 νόησον
3708 2110 3783 2177 τὴν

427 2208 484 2256 te
512 2218 524 2255 :
556 2223 585 2251 »
621 2201 683 2255 in
713 2217 781 2255 eo
809 2199 1000 2271 cogita
1042 2199 1207 2254 illam
1262 2216 1392 2270 quae
1425 2214 1629 2253 revera
1659 2204 1901 2270 generat
1930 2199 2075 2255 ﬁlios

2197 2195 2360 2261 ὅντως
2390 2204 2657 2273 γεννῶσαν
2715 2200 2781 2253 τὰ
2827 2198 2986 2254 τὲκνα
3037 2203 3136 2253 τοῦ
3192 2203 3355 2268 Θεοῦ,
3401 2200 3533 2253 κατᾶ
3561 2201 3647 2269 τήν
3678 2219 3788 2271 μαρ-

428 2289 549 2352 dei,
574 2290 747 2361 juxta
789 2289 979 2343 sancti
1025 2288 1326 2359 Evangelii
1355 2288 1764 2343 testimonium
1796 2305 1808 2341 :
1840 2310 1869 2337 «
1906 2290 2081 2353 Quot-

425 2383 570 2449 quot
600 2378 759 2432 enim
790 2382 1149 2447 receperunt
1174 2392 1331 2443 eum,
1365 2376 1581 2447 inquit,
1628 2376 1793 2431 dedit
1844 2377 1928 2431 eis
1976 2394 2083 2448 po-

426 2471 701 2522 testatem
733 2466 889 2521 ﬁlios
924 2465 1023 2520 dei
1059 2465 1209 2520 fieri.
1257 2465 1364 2530 Qui
1411 2464 1666 2520 credunt
1694 2466 1756 2519 in
1798 2482 1955 2533 eum,
1991 2466 2085 2521 in-

426 2556 592 2626 quit;
626 2555 727 2625 qui
754 2571 875 2609 non
906 2570 977 2609 ex
1009 2553 1418 2625 sanguinibus,
1453 2570 1647 2624 neque
1676 2570 1747 2608 ex
1780 2553 2082 2609 voluntate

426 2644 557 2709 viri,
591 2643 694 2699 sed
726 2659 794 2697 ex
829 2644 944 2697 Deo
977 2643 1100 2699 nati
1134 2647 1273 2697 sunt
1300 2641 1323 2674 ⁸
1356 2662 1383 2691 ››
1416 2658 1522 2713 per
1550 2642 1935 2713 baptismum.

498 2732 1011 2787 ADVERSARIUS.
1046 2732 1273 2803 Ergone
1320 2736 1456 2785 ante
1489 2730 1790 2797 Christum
1821 2736 1950 2787 erat
1976 2730 2083 2787 ba-

429 2821 693 2894 ptisma?
722 2820 1005 2876 Jeremias
1037 2820 1197 2875 enim
1228 2824 1365 2875 ante
1414 2820 1711 2875 Christum
1762 2826 1938 2875 natus
1970 2827 2078 2878 est.

500 2911 773 2968 CHRIST.
808 2913 945 2966 Erat
973 2911 1180 2981 utique
1215 2910 1388 2982 juxta
1436 2911 1847 2966 testimonium
1890 2913 2079 2967 sancti

424 2999 690 3071 Apostoli
719 2999 970 3054 dicentis
1009 2999 1156 3053 alios
1186 3016 1292 3070 per
1337 2999 1582 3064 nubem,
1615 3000 1763 3055 alios
1814 3017 1945 3055 vero
1976 3018 2081 3072 per

427 3105 590 3144 mare
621 3088 803 3143 fuisse
834 3088 1176 3160 baptizatos.
1211 3090 1280 3141 Et
1311 3089 1594 3144 Dominus
1634 3089 1696 3144 in
1747 3090 2077 3163 Evangeliis

423 3177 544 3233 ait:
570 3200 597 3227 ιι
631 3178 749 3233 Nisi
784 3178 918 3248 quis
950 3183 1230 3232 nascatur
1270 3194 1338 3233 ea
1369 3194 1524 3248 aqua
1572 3184 1627 3232 et
1673 3179 1904 3249 spiritu,
1954 3196 2074 3235 non
2108 3148 2149 3215 C

424 3269 790 3341 ingredietur
818 3285 1065 3341 regnum
1085 3269 1411 3323 cceloruml.
1434 3291 1460 3319 ››
1480 3268 1757 3340 Adeoque
1778 3270 2076 3326 Abraham

428 3365 487 3415 et
512 3362 673 3415 Isaac
706 3363 764 3412 et
793 3358 969 3413 Jacob
1002 3358 1319 3429 cmterique
1365 3364 1501 3413 ante
1532 3358 1828 3413 Christum
1861 3360 2076 3423 sancti,

426 3449 527 3521 qui
560 3448 809 3521 ingressi
839 3454 978 3502 sunt
1025 3464 1274 3520 regnum
1315 3448 1619 3512 caelorum,
1654 3449 1768 3503 nisi
1802 3448 2074 3519 baptizati

420 3536 698 3605 fuissent,
730 3554 851 3591 non
902 3538 1105 3606 utique
1155 3538 1407 3592 salutem
1455 3537 1710 3591 fuissent
1748 3539 2071 3594 consecuti.

427 3627 699 3681 Testatur
730 3626 785 3678 id
813 3643 946 3680 vero
983 3626 1056 3697 Sp
1085 3628 1233 3681 ritus
1283 3632 1522 3681 sanctus
1556 3627 1833 3697 inquiens
1860 3644 1872 3681 :
1912 3650 1936 3677 κ
1967 3628 2074 3681 Ab-

426 3712 669 3768 alienati
701 3720 839 3766 sunt
870 3722 1206 3783 peccatores
1237 3732 1270 3769 a
1298 3716 1545 3781 vulvas,»
1578 3716 1687 3770 hoc
1718 3723 1861 3770 esta
1882 3716 2076 3787 bapti-

430 3807 639 3857 smate.
668 3801 1065 3866 Quomobrem
1098 3805 1694 3871 conﬁtmnur,omnes
1725 3822 1825 3859 eos
1857 3806 1955 3876 qui
1986 3805 2075 3859 vel

428 3890 633 3945 salvati
666 3896 806 3944 sunt
834 3890 923 3944 vel
954 3891 1275 3958 salvantur,
1324 3911 1428 3964 per
1478 3894 1837 3965 baptismum
1870 3894 2075 3949 salvati

422 3984 565 4034 sunt
592 3980 683 4034 vel
715 3980 1018 4035 salvantur
1047 3981 1150 4035 Dei
1181 3982 1385 4052 gratia.

496 4158 744 4213 SARAC.
806 4159 1190 4231 Interrogavit
1237 4159 1475 4215 dicens:
1520 4160 1921 4216 Christianum
1972 4162 2074 4233 qui

415 4248 559 4304 facit
586 4248 947 4302 voluntatem
976 4248 1289 4319 ipsiusmet
1321 4250 1442 4316 Dei,
1474 4249 1779 4305 bonumne
1807 4268 1938 4305 esse
1985 4252 2072 4307 ais

419 4338 511 4393 vel
542 4336 766 4392 malum
786 4337 813 4392 ‘?

492 4428 833 4497 Agnoscens
865 4431 1061 4481 autem
1094 4426 1387 4483 vafritiem
1446 4428 1597 4499 ejus,
1650 4429 1943 4498 CHRIST.,
1974 4429 2071 4485 in-

427 4516 591 4587 quit:
627 4516 777 4580 Quid
811 4515 913 4569 tibi
946 4516 1091 4571 velis
1125 4517 1266 4572 scio.

499 4604 748 4659 SARAC.
783 4604 985 4659 Indica
1015 4604 1165 4659 illud
1195 4605 1360 4659 mihi-

494 4693 764 4749 CHRIST.
800 4694 1005 4748 Dicere
1054 4694 1138 4747 vis
1188 4693 1261 4749 ad
1310 4711 1443 4761 me;
1477 4695 1743 4751 Christus
1774 4696 2072 4751 voluntate

422 4797 633 4855 passus
665 4788 774 4847 est,
808 4799 883 4837 an
919 4783 1081 4838 non?
1122 4783 1286 4847 Quod
1336 4783 1383 4837 si
1427 4784 1532 4838 tibi
1578 4784 1817 4839 dixero:
1855 4785 2069 4839 Volun-

425 4875 542 4928 tate
574 4888 782 4943 passus
815 4877 942 4938 est;
976 4872 1123 4926 mihi
1174 4888 1467 4943 repones:
1519 4873 1648 4938 Abi,
1704 4890 1840 4945 ergo
1890 4873 2073 4929 adora

421 4961 675 5027 Judaaos,
709 4962 994 5032 quoniam
1026 4961 1388 5017 voluntatem
1414 4962 1517 5017 Dei
1550 4963 1630 5016 tui
1662 4962 1949 5017 fecerunt.

2185 2289 2375 2363 τυρίαν
2428 2292 2524 2343 τοῦ
2583 2287 2737 2364 ἁγίου
2792 2287 3157 2363 Εὐαγγελίου.
3223 2312 3251 2339 «
3281 2291 3444 2345 Ὅσοι
3493 2288 3587 2362 γὰρ
3625 2283 3783 2341 ἔλαὸον

2187 2377 2375 2446 αὐτὸν,
2433 2376 2617 2454 φησὶν,
2675 2374 2872 2431 ἔδωκεν
2931 2376 3117 2439 αὐτοῖς
3175 2375 3420 2450 ἐξουσίαν
3487 2376 3636 2432 τέκνα
3681 2380 3784 2431 Θεοῦ

2185 2466 2452 2540 γενέσθαι,
2499 2470 2615 2527 τοῖς
2671 2465 3013 2521 πιστεύουσιν
3066 2465 3141 2527 εἷς
3192 2466 3385 2536 αὐτὸν,
3440 2464 3616 2542 φησὶν,
3643 2462 3687 2518 οἳ
3711 2464 3786 2518 οὐκ

2188 2553 2239 2625 ἐξ
2270 2554 2539 2626 αἱμάτων,
2573 2551 2697 2609 οὐδὲ
2744 2552 2805 2609 ἐκ
2848 2552 3164 2628 θελήματος
3205 2553 3427 2629 ἀνδρὸς,
3457 2552 3578 2610 ἀλλ’
3608 2552 3659 2609 ἐκ
3682 2557 3785 2609 Θεοῦ

2187 2642 2545 2720 ἐγεννήθησαν
2582 2667 2608 2694 ››
2642 2640 2731 2697 διὰ
2758 2646 2856 2697 τοῦ
2890 2644 3289 2716 βαπτίσματος.

2255 2732 2317 2788 Ὀ
2348 2729 2404 2786 δὶ
2437 2732 2820 2801 ΕΝΑΝἸῚΟΣ,
2848 2732 2937 2786 καὶ
2997 2733 3065 2801 ἧν
3098 2734 3203 2806 πρὸ
3234 2735 3482 2805 Χριστοῦ
3514 2732 3785 2809 βάπτισμαε

2185 2821 2214 2875 6
2244 2821 2349 2897 γὰρ
2379 2820 2645 2896 Ἱερεμίας
2675 2820 2782 2896 πρὸ
2809 2824 3044 2895 Χριστοῦ
3064 2827 3339 2897 γεννᾶται.

2256 2913 2319 2969 Ὀ
2348 2914 2586 2969 ΧΡΙΣΤ.
2645 2913 2765 2982 Ἦν,
2822 2912 2962 2967 κατᾶ
3014 2913 3113 2979 τήν
3179 2912 3480 2988 μαρτυρίαν
3530 2916 3620 2967 τοῦ
3668 2909 3786 2986 ἁγίου

2186 3000 2527 3057 Ἀποστόλου
2559 2999 2877 3063 Φάσκοντος’
2926 3001 3010 3055 ὅτι
3052 3001 3106 3055 οἱ
3158 3003 3252 3074 μὲν
3305 2998 3401 3056 διὰ
3424 2996 3789 3077 νεφέλης,οίδὶ

2188 3088 2277 3145 διὰ
2305 3088 2581 3160 θαλάσσης
2634 3084 3059 3159 ἐϐαπτίσθησαν.
3116 3089 3218 3146 Καὶ
3270 3090 3297 3144 6
3347 3088 3620 3164 Κύριοςέν
3650 3087 3786 3163 Εὐαγ-

2183 3176 2395 3254 γελίοις
2428 3177 2611 3257 φησίν·
2666 3202 2694 3229 ‹‹
2728 3179 2849 3234 Ἐὰν
2908 3180 2983 3251 μή
3032 3200 3116 3240 τις
3159 3183 3401 3253 γεννηθῇ
3435 3178 3503 3233 δι’
3532 3177 3700 3239 ὕδατος
3719 3176 3786 3231 καὶ

2184 3268 2511 3342 πνεύματος,
2546 3267 2606 3322 οὐ
2642 3269 2718 3340 μή
2754 3268 2971 3343 εἰσέλθῃ
3019 3267 3097 3329 εἷς
3144 3270 3242 3337 τὴν
3281 3266 3563 3342 βασιλείαν
3591 3272 3682 3322 τῶν
3707 3266 3783 3320 οὖ-

2185 3362 2381 3431 ρανῶν.
2416 3382 2444 3409 ››
2496 3364 2654 3412 Ὥστε
2701 3358 2729 3412 6
2778 3353 3037 3430 Ἀϐραάμ
3086 3357 3176 3412 καὶ
3222 3359 3411 3414 Ἰσαὰκ
3466 3362 3555 3413 καὶ
3610 3351 3783 3424 Ἰακὼϐ,

2182 3446 2271 3501 καὶ
2330 3448 2383 3501 οἱ
2442 3445 2630 3501 λοιποὶ
2684 3446 2790 3519 πρὸ
2844 3447 3077 3521 Χριστοῦ
3131 3447 3274 3521 ἅγιοι
3327 3447 3684 3522 εἰσερχόμενοι
3724 3443 3779 3505 είς

2181 3538 2280 3606 τήν
2345 3532 2623 3610 βασιλείαν
2681 3539 2789 3589 τῶν
2848 3535 3117 3610 οὐρανῶν,
3171 3534 3221 3589 εἲ
3268 3538 3351 3607 μὴ
3394 3532 3781 3607 πιτοεϐαπτὶσθη-

2183 3647 2299 3690 σαν,
2328 3625 2427 3679 οὐκ
2483 3622 2540 3678 ἂν
2600 3625 2885 3693 ἐσώζοντο.
2951 3630 3223 3698 Μαρτυρεῖ
3279 3623 3341 3680 δὲ
3400 3629 3462 3680 τὸ
3518 3630 3704 3697 Πνεῦμα
3734 3622 3779 3675 τὸ

2183 3715 2355 3789 ἅγιον,
2384 3713 2566 3788 λέγον⁸
2605 3738 2631 3763 ‹‹
2663 3713 3203 3788 ’Δπηλλοτρώθησαν
3266 3716 3322 3769 οἱ
3374 3714 3672 3790 ἁμαρτωλοί
3700 3712 3779 3765 ἀπὸ

2187 3806 2420 3876 μήτρας,
2456 3805 2659 3858 »τοῦτ’
2701 3801 2811 3857 ἔστι
2871 3806 2970 3871 τῆς
3028 3807 3125 3858 τοῦ
3183 3805 3575 3879 βαπτίσματος,
3627 3802 3781 3873 Χαριτι

2181 3891 2375 3947 τούτου
2408 3892 2819 3967 ὁμολογοῦμεν,
2870 3892 2953 3946 ’ὁτι
3012 3893 3203 3954 πάντες
3260 3894 3315 3947 υἱ
3376 3896 3619 3955 σωθέντες
3646 3890 3781 3944 καἱοὶ

2184 3983 2488 4053 σωζόμενοι
2538 3979 2627 4035 διὰ
2688 3981 3059 4055 βαπτίσματος
3118 3981 3399 4052 ἐσώθησαν
3451 3982 3537 4037 καὶ
3566 3984 3782 4050 σώζονται

2183 4070 2370 4146 χάριτι
2402 4074 2556 4127 Θεοῦ.

2241 4161 2312 4239 ⁵Ὀ
2391 4166 2551 4216 ΣΛΡ.
2629 4160 2817 4233 ἠρώτα
2893 4156 3088 4235 λέγων’
3165 4162 3269 4216 Τὸν
3348 4159 3651 4236 Χριστιανὸν
3710 4155 3780 4209 τὸν

2181 4255 2443 4304 ποιοῦντα
2499 4249 2563 4303 τὸ
2623 4248 2842 4322 θέλημα
2898 4248 3062 4304 αὺτοῦ
3117 4254 3215 4305 τοῦ
3271 4255 3433 4320 Θεοῦ,
3484 4249 3636 4304 καλὸν
3677 4245 3778 4301 εἶναι

2183 4342 2363 4414 Λὲγεις
2396 4341 2430 4408 ἢ
2463 4338 2626 4393 κακόν
2655 4357 2670 4406 ;

2252 4427 2421 4492 Γνοὺς
2450 4426 2507 4482 δὲ
2535 4428 2632 4496 τήν
2688 4429 3023 4503 πανουργίαν
3083 4428 3249 4485 αὐτοῦ
3308 4432 3338 4486 6
3400 4425 3777 4487 ΧΡΙΣΤΙΔΝΟΣ

2105 4524 2148 4586 D
2181 4511 2304 4595 ἔφη’
2337 4518 2404 4573 "tl
2436 4516 2610 4579 θέλεις
2643 4515 2816 4570 εἶπεῖν
2848 4515 3163 4590 ἐπίσταμαι.

2253 4607 2310 4662 Ὀ
2341 4610 2494 4660 ΣΑΡ.
2531 4604 2854 4678 Φανέρωσόν
2891 4626 2983 4677 μοι
3018 4604 3170 4661 αὐτό.

2253 4695 2314 4751 Ὁ
2345 4695 2573 4750 ΧΡΙΣΤ.
2610 4692 2792 4748 Εἲπεῖν
2842 4694 3017 4756 θέλεις
3069 4696 3205 4769 πρὸς
3255 4694 3377 4766 ἐμὶ,
3424 4694 3505 4749 ὅτι
3535 4696 3561 4748 6
3590 4689 3775 4764 Χριστὸς

2181 4781 2351 4856 θὲγων
2377 4776 2591 4849 ἔπαθεν,
2624 4778 2659 4851 ἤ
2696 4783 2773 4854 μὴ
2808 4782 3019 4851 θέλωνς
3071 4784 3174 4840 Καὶ
3219 4783 3305 4838 ἐάν
3338 4804 3423 4839 σοι
3454 4781 3601 4838 εἴπω.
3629 4775 3771 4835 Θέλων

2180 4866 2395 4935 ἔπαθεν,
2448 4868 2541 4924 ⁴ίνα
2601 4892 2693 4943 μοι
2755 4868 2931 4944 εἷ’πῃς,
2987 4871 3246 4937 Ἃπελθε,
3294 4871 3651 4940 προσκύνησον
3674 4866 3771 4924 τοὺς

2181 4957 2501 5030 Ἰουδαίους,
2534 4958 2723 5030 ἐπειδὴ
2755 4962 2816 5014 τὸ
2847 4959 3067 5034 θέλημα
3088 4966 3185 5016 τοῦ
3216 4966 3351 5017 Θεοῦ
3384 4961 3645 5030 ἐποίησαν.

494 5138 518 5173 ⁴
550 5141 690 5197 Gen.
723 5157 784 5209 ιι,
815 5144 838 5195 1
872 5144 927 5196 2.
959 5140 983 5174 ⁵
1010 5141 1224 5196 Jerem.
1259 5158 1297 5206 ι,
1330 5144 1381 5195 5.
1413 5141 1435 5176 ⁸
1463 5142 1819 5208 Joan.1,i2,
1856 5143 1940 5196 13.
1968 5142 1988 5176 ⁷
2020 5142 2075 5197 Jc

2216 5158 2304 5212 ιιι,
2337 5144 2389 5197 5.
2421 5142 2442 5176 ⁸
2473 5140 2627 5197 Psal.
2656 5158 2785 5210 Lvu,
2816 5143 2871 5196 4.

1779 5337 2017 5393 VARUE
2077 5336 2374 5392 LECTION
2380 5337 2481 5392 ES.

498 5484 596 5566 (m)_
623 5485 1011 5569 Leq..7:&v-:.mc
1046 5488 1135 5541 οὖν
1168 5488 1220 5571 εν
1252 5490 1435 5561 μήτρᾳ
1464 5486 1714 5571 ἔπλασεν.
1752 5491 1864 5544 ΧΡ.
1900 5490 2191 5571 Ἔμψυχον
2232 5486 2322 5540 καὶ
2372 5488 2744 5571 σπερματικήν
2797 5484 3021 5561 δύναμιν
3055 5486 3233 5558 ’Λδαμ
3262 5489 3312 5545 ἓν
3344 5492 3411 5563 τῇ
3440 5486 3609 5557 κοιλίᾳ
3632 5481 3741 5614 fit);

498 5573 684 5611 nmno
718 5564 894 5614 igitur
925 5577 985 5613 1n
1016 5567 1259 5614 matrice
1292 5562 1583 5614 formant.
1636 5562 1907 5614 CHRIST.
1966 5560 2297 5614 Anunalem
2343 5568 2739 5614 sementlnam
2777 5563 3053 5614 virtutem
3098 5563 3358 5614 Adamus
3394 5564 3454 5614 in
3482 5568 3657 5614 ventre
3736 5585 3741 5595 ι

425 5558 684 5613 Omnino
718 5558 894 5623 igitur
925 5560 985 5613 in
1016 5558 1261 5616 matrice
1292 5558 1583 5617 formavit.
1636 5562 1907 5617 CHIllST.
1966 5558 2297 5617 Animalem
2343 5558 2740 5618 sementinam
2777 5558 3054 5619 virtutem
3098 5563 3358 5622 Adamus
3387 5558 3457 5622 'in
3482 5568 3657 5619 ventre

422 5629 592 5687 hens.
626 5628 704 5701 (η)
738 5630 969 5685 Voculis
997 5629 1087 5684 καὶ
1113 5635 1178 5684 νᾶ
1206 5634 1359 5691 nihil
1388 5633 1709 5707 respondet
1732 5634 1795 5689 in
1826 5634 2144 5706 Lequieno.
