4044 6218
302 340 441 399 1341
514 342 521 343 ⁷

1295 345 1735 403 ΒῙΒΡΠΤΔΤῙΟ
1770 341 2135 400 SABACRNI
2171 341 2267 397 ΕΤ
2300 340 2741 396 CHRISTIANI.

3576 344 3735 403 1362‘

373 467 435 525 Ὀ
468 469 626 524 ΣΑΡ.
657 463 872 536 Οὕτως,
899 466 1055 546 φησὶ,
1106 468 1189 524 σοὶ
1233 465 1435 538 ἤθελυν
1486 469 1677 527 εἰπεῖν’
1728 464 1802 527 Ei’
1841 462 1954 521 έστί

2144 466 2391 522 SARAC.
2424 466 2542 521 Hoc
2568 466 2770 539 utique
2801 464 2909 521 tibi
2958 466 3155 523 dicere
3193 468 3502 540 volebam;
3535 476 3723 545 atque»

316 576 403 610 σοι
435 552 629 630 λόγος,
662 554 991 630 ἀποκρίθητί
1025 578 1140 630 μοι,

376 648 433 698 '0
491 646 716 701 ΧΡΙΣΤ.
778 644 854 698 Σὺ
908 643 1085 719 λέγεις
1141 646 1355 721 θέλημα
1407 646 1567 716 εἶναι,
1625 645 1734 722 ἐγὼ
1815 642 1959 719 λέγω

310 734 523 809 ἀνοχὴν
555 733 646 788 καὶ
684 733 1087 809 μακροθυμίαν.

378 824 442 881 Ὀ
476 825 633 880 ΣΑΡ.
670 823 839 879 Πόθεν
875 819 1006 896 δύνῃ
1032 827 1199 878 τοῦτο
1225 833 1601 901 παραστῆσαιε

378 912 436 966 Ὀ
466 914 709 969 ΧΡΙΣΤ.
743 910 840 966 Διά
892 912 1229 987 πραγμάτων
1279 911 1377 993 ἔφη
1434 916 1569 990 πρὸς
1620 913 1957 989 Σαρακηνόν·

306 998 643 1074 Καθημένου
664 1000 805 1074 ἐμοῦ
836 1002 926 1055 καὶ
974 1006 1096 1072 σοῦ,
1149 1002 1184 1071 ἢ
1235 1005 1551 1078 ἱσταμένου,
1601 1002 1820 1059 δύναταί
1874 1023 1960 1064 τις

303 1090 360 1163 ὶξ
392 1093 553 1164 ἡμῶν
588 1089 713 1145 ἄνευ
740 1096 843 1159 τῆς
892 1087 1131 1162 ἐξουσίας
1175 1092 1264 1148 καὶ
1307 1091 1618 1156 δεσποτείας
1670 1096 1768 1149 τοῦ
1824 1095 1960 1148 Θεοῦ

308 1179 611 1250 ἀναστῆναι
641 1180 677 1250 ἢ
708 1179 996 1247 κινηθῆναι
1023 1197 1037 1248 ;

378 1268 479 1324 Καὶ
510 1269 539 1324 6
572 1274 727 1326 ΣΑΡ.
759 1264 856 1324 Οὔ.

377 1358 439 1416 Ὀ
470 1359 707 1416 ΧΡΙΣΤ.
737 1364 843 1415 Τοῦ
903 1364 1037 1417 Θεοῦ
1095 1359 1365 1432 εἰπόντος,
1424 1362 1514 1430 Μὴ
1580 1359 1815 1435 κλέψῃς,
1879 1361 1955 1434 μή

306 1445 641 1522 πορνεύσῃς,
677 1449 753 1521 μὴ
789 1449 1079 1524 φονεύσῃς,
1112 1449 1175 1504 ού
1235 1447 1380 1513 θέλει
1426 1449 1516 1504 ἳνα
1545 1446 1840 1523 κλέψωμεν
1871 1448 1960 1503 καὶ

305 1536 693 1612 πυρνεύσωμεν
725 1540 814 1592 καὶ
847 1539 1221 1617 φονεύσωμεν.

382 1629 443 1686 Ὀ
477 1630 635 1685 ΣΔΡ.
669 1628 837 1705 Οὐχί.
894 1630 958 1688 Εἰ
1019 1630 1123 1707 γὰρ
1173 1625 1378 1701 ἔθελεν,
1430 1626 1617 1687 ούκᾶν
1650 1631 1816 1700 εἶπεν,
1866 1631 1953 1700 Μὴ

305 1715 541 1793 κλέψῃς,
578 1720 655 1792 μὴ
687 1719 1007 1795 πορνεύσῃς,
1036 1722 1112 1793 μὴ
1145 1719 1431 1797 φονεύσῃς.

380 1898 438 1953 Ὀ
467 1897 697 1956 χΡιΣΤ.
732 1898 871 1971 Δόξα
898 1898 977 1968 τῷ
1000 1902 1137 1970 Θεῷ,
1170 1897 1253 1952 ὅτι
1283 1896 1345 1952 σὺ
1378 1898 1751 1973 ὡμολόγησας
1779 1897 1953 1973 λέγων

304 1986 343 2039 ἂ
373 1984 518 2050 θέλω
550 1985 743 2044 εἰπεῖν.
778 1984 921 2044 Ἰδοὺ
954 1988 1176 2051 συνέθου
1210 2009 1328 2061 μοι,
1368 1986 1452 2042 ὅτι
1500 1985 1684 2051 οὐδεὶς
1713 1988 1763 2058 ἑξ
1794 1990 1954 2060 ἡμῶν

304 2071 433 2129 ἃνευ
474 2079 573 2130 τοῦ
631 2080 765 2131 Θεοῦ
823 2074 1046 2131 δύναται
1096 2074 1453 2146 ἀναστῆναιῆ
1483 2078 1794 2147 κινηθῆναι.
1854 2076 1954 2133 Καὶ

304 2163 391 2218 ὅτι
451 2163 513 2219 οὐ
570 2162 714 2220 θέλει
747 2165 929 2227 ὁΘεὸς
982 2162 1075 2219 ’ἱνα
1130 2162 1435 2239 κλήψωμεν
1487 2164 1956 2240 ἤπορνεύσωμεν.

303 2254 433 2311 ’Βάν
483 2250 604 2325 ἃρτι
661 2255 891 2317 ἀναστὰς
949 2253 1194 2321 ἀπέλθω,
1243 2255 1333 2309 καὶ
1388 2253 1577 2328 κλέψω
1609 2256 1643 2324 ἢ
1677 2255 1960 2329 πορνευώ-

312 2363 411 2397 σω⁹
472 2342 527 2397 τί
576 2343 707 2398 αὐτὸ
765 2343 987 2418 λέγειςς
1046 2342 1277 2416 Θέλημα
1334 2344 1555 2414 Θεοῦ,ἢ
1601 2345 1955 2420 συγχώρησιν

310 2429 405 2485 καὶ
434 2430 645 2508 ἀνοχὴν
677 2431 766 2487 καὶ
802 2431 1177 2508 μακροθυμίαν
1202 2452 1216 2502 ;

381 2611 439 2663 Ὀ
472 2614 626 2668 ΣΑΡ.
664 2611 881 2682 Νοήσας
911 2611 1002 2666 καὶ
1055 2612 1332 2684 Θαυμάσας
1381 2609 1505 2689 ἔφη’
1558 2608 1813 2681 Ἀληθῶς
1869 2607 1964 2667 οῦ-

306 2721 422 2762 τως
458 2697 598 2775 ἔχει.

381 2790 437 2843 'O
468 2792 695 2847 ΧΡΙΣΤ.
728 2789 944 2855 Νόησον
977 2790 1068 2845 καὶ
1102 2793 1286 2859 τοῦτο,
1343 2788 1427 2844 ὅτι
1478 2786 1781 2862 δυναμένου
1829 2793 1963 2845 Θεοῦ

306 2880 564 2950 πατάξαι,
595 2878 948 2954 ἀνεχώρησεν
981 2880 1117 2955 πρὸς
1161 2879 1254 2934 τὸν
1303 2880 1552 2959 σταυρόν·
1602 2881 1748 2933 τοῦτ’
1797 2876 1960 2938 ἔστιν.

306 2968 759 3045 ἐμακροθύμησεν
793 2968 1028 3038 ἐπὶςτήν
1090 2968 1376 3043 ἁμαρτίαν·
1439 2966 1596 3025 Ἀλλ’
1648 2969 1775 3023 ὅταν
1827 2965 1961 3043 Θέλῃ

307 3057 442 3132 [ἶνα]
475 3059 825 3131 μετανοήσω,
888 3055 1195 3113 ἀποδίδωσί
1255 3079 1351 3131 μοι
1404 3059 1643 3132 καθάπερ
1701 3058 1791 3113 καὶ
1846 3062 1962 3120 τοῖς

316 3145 605 3209 Ἰουδαίοις
632 3146 906 3217 ἐποίησεν.
940 3147 1090 3205 Μετά
1119 3148 1222 3223 γὰρ
1266 3145 1407 3221 [ἔτη]
1458 3147 1624 3222 ὀλίγα
1674 3147 1958 3217 ἀνέστησεν

2072 556 2121 611 si
2154 557 2383 611 hiscere
2415 556 2569 627 potis
2595 572 2679 621 es,
2710 556 3003 627 responde
3034 557 3203 612 mihi.

2142 646 2410 701 CHRIST.
2444 648 2526 701 Tu
2574 646 2661 701 ais
2693 646 3060 703 voluntatem
3103 665 3255 716 esse,
3305 665 3409 723 ego
3442 652 3571 709 dico
3624 660 3716 711 to-

2070 734 2387 790 lerantiam
2421 741 2479 789 et
2508 735 3043 804 longanimitatem.

2142 826 2392 881 SABAC.
2428 825 2591 879 Unde
2621 824 2780 879 vales
2812 825 2924 880 hoc
2957 824 3369 883 demonstrare
3392 828 3419 883 ‘2

2144 914 2413 968 CHRIST.
2447 915 2527 968 Ex
2576 913 2752 968 rebus
2783 914 2865 968 ait
2902 914 2976 969 ad
3024 916 3405 983 Saracenum,
3462 918 3716 977 Sedente

2070 1019 2164 1057 me
2194 1003 2283 1058 vel
2318 1009 2392 1069 te,
2425 1009 2527 1058 aut
2557 1004 2734 1057 etiam
2785 1009 3001 1071 stanto,
3053 1010 3248 1075 potest
3294 1007 3396 1077 qui
3441 1024 3511 1063 ex
3542 1009 3717 1065 nobis

2071 1092 2197 1147 sine
2228 1098 2516 1163 potestate
2551 1098 2608 1147 et
2637 1092 2879 1148 arbitrio
2912 1093 3014 1147 Dei
3042 1110 3281 1167 surgere
3320 1103 3425 1153 aut
3451 1099 3716 1155 moveri?

2143 1270 2389 1325 SARAC.
2437 1269 2926 1343 Haudquaquam.

2138 1360 2407 1413 CHRIST.
2453 1361 2694 1415 Dicente
2727 1363 2884 1417 Deo:
2935 1364 3061 1418 Non
3104 1361 3419 1431 furaberis,
3451 1380 3571 1419 non
3591 1363 3714 1419 for-

2068 1447 2381 1515 nicaberis,
2417 1465 2539 1503 non
2570 1449 2804 1505 occides
2831 1468 2845 1517 ;
2880 1467 3021 1506 sane
3050 1468 3171 1506 non
3192 1452 3317 1507 vult
3336 1458 3403 1508 ut
3424 1453 3708 1523 furemur,

2064 1536 2428 1593 fornicemur
2452 1544 2554 1593 aut
2581 1538 2942 1595 occidamus.

2140 1628 2387 1683 SARAC.
2438 1629 2566 1682 Non
2615 1628 2841 1698 utique.
2892 1628 2950 1682 Si
2998 1628 3158 1684 enim
3208 1629 3365 1684 istud
3403 1630 3710 1698 voluisset,

2067 1718 2223 1772 haud
2256 1717 2556 1788 edixisset,
2588 1719 2715 1773 Non
2748 1719 2985 1788 fureris,
3038 1736 3159 1775 non
3206 1718 3539 1792 forniceris,
3590 1738 3727 1777 non.

1986 1846 2034 1912 Β
2067 1807 2321 1912 οίδιῑίᾶειειΣ

2136 1897 2405 1952 CHRIST.
2437 1896 2525 1952 Sit
2560 1896 2748 1969 gloria
2778 1899 2918 1967 Deo,
2970 1897 3111 1969 quia
3163 1904 3227 1953 tu
3274 1898 3554 1954 convenis
3586 1914 3714 1954 me-

2062 2003 2197 2041 cum
2243 2002 2311 2041 ea
2359 1986 2583 2054 dicens,
2631 2004 2762 2057 quae
2805 1987 3002 2043 dicere
3044 1988 3195 2044 volo.
3242 1989 3391 2061 Ergo
3439 1990 3714 2044 convenit

2063 2075 2168 2130 tibi
2197 2092 2452 2140 mecum,
2486 2076 2645 2146 quod
2685 2082 2955 2132 nostrum
2986 2093 3160 2132 nemo
3190 2076 3415 2148 absque
3452 2078 3570 2132 Deo
3605 2094 3714 2148 po-

2066 2171 2179 2220 test
2209 2181 2448 2236 surgere
2481 2170 2584 2220 aut
2606 2166 2848 2236 moveri,
2890 2167 3167 2237 quodque
3211 2182 3332 2220 non
3379 2166 3504 2220 vult
3532 2167 3709 2234 Deus,

2064 2263 2130 2312 ut
2158 2257 2428 2311 furemur
2457 2262 2561 2311 aut
2585 2257 2968 2311 fornicemur.
3000 2257 3054 2311 Si
3109 2273 3244 2325 ergo
3284 2256 3413 2328 jam
3462 2272 3711 2328 surgens

2065 2345 2297 2412 abeam,
2329 2350 2507 2416 atque
2535 2344 2697 2399 furer
2726 2345 2815 2400 vel
2858 2345 3154 2401 fornicer:
3210 2345 3353 2416 quid
3400 2345 3560 2400 istud
3607 2360 3711 2415 ap-

2066 2434 2299 2507 pellas?
2355 2435 2536 2488 Deine
2575 2434 2937 2490 voluntatem
2995 2435 3085 2489 vel
3140 2434 3597 2506 indulgentiam.
3656 2438 3715 2489 et

2067 2524 2442 2581 tolerantiam
2472 2530 2650 2596 atque
2682 2525 3193 2598 longanimitatem
3214 2525 3242 2581 ‘I

2142 2614 2389 2669 SARAC.
2427 2614 2555 2667 Vim
2588 2615 3030 2685 persentiscens
3060 2615 3389 2670 admiratus
3432 2616 3551 2670 ait:
3603 2615 3712 2669 Re-

2068 2702 2198 2774 ipsa
2229 2703 2312 2757 sic
2343 2718 2404 2756 se
2436 2702 2636 2757 habet.

2138 2790 2407 2845 CHRIST.
2441 2790 2642 2862 Cogita
2672 2795 2731 2844 et
2758 2791 2890 2855 hoc,
2947 2790 3106 2861 quod
3144 2807 3278 2846 cum
3324 2794 3525 2862 posset
3554 2792 3708 2845 Deus

2070 2884 2401 2951 percutere,
2432 2879 2507 2933 ad
2537 2896 2774 2934 crucem
2804 2880 3110 2934 contendit
3136 2898 3149 2935 :
3180 2881 3290 2934 hoc
3322 2885 3411 2934 est
3436 2878 3717 2951 longani-

2072 2970 2275 3024 mitate
2305 2985 2449 3022 usus
2480 2973 2571 3023 est
2601 2984 2737 3040 erga
2766 2975 3088 3039 peccatam.
3123 2970 3197 3023 At
3226 2968 3464 3038 quando
3496 2966 3624 3021 vult
3650 2970 3720 3021 ut

2071 3074 2166 3113 me
2196 3057 2499 3130 pmniteat,
2533 3056 2730 3112 reddit
2759 3057 2943 3124 mihi;
2999 3074 3117 3128 quo
3166 3056 3340 3112 modo
3391 3056 3511 3129 agit
3539 3055 3720 3111 etiam

2073 3165 2209 3221 erga
2235 3147 2488 3203 Judzeos.
2522 3149 2663 3202 Post
2690 3146 3061 3217 aliquantum
3087 3148 3247 3201 enim
3278 3146 3550 3201 excitavit
3578 3159 3718 3199 con-

309 3239 426 3293 κατ’
458 3236 633 3292 αὐτῶν
677 3236 770 3291 τὸν
826 3236 1008 3305 Τίτον,
1062 3237 1151 3292 καὶ
1210 3236 1634 3307 Οὐεσπασιανόν,
1688 3238 1776 3292 καὶ
1832 3236 1957 3300 τοὺς

2081 3208 2170 3293 tre:
2192 3237 2327 3292 illos
2356 3238 2549 3292 Titum
2578 3242 2635 3291 et
2669 3208 3095 3307 Vespasianum
3125 3242 3185 3291 et
3215 3237 3466 3302 Graacos,
3499 3239 3557 3290 et
3604 3234 3716 3290 de-

316 3323 626 3396 Ἔλληνας,
658 3326 747 3380 καί
778 3326 1027 3381 καθεῖλεν
1058 3326 1125 3380 τὰ
1155 3328 1481 3403 φρυίγματα
1509 3327 1710 3383 αὐτῶν.

393 3416 515 3472 Ἐὰν
546 3414 830 3488 ἐρωτηθῇς
863 3414 1010 3489 παρά
1048 3419 1369 3490 Σαρακηνοῦ
1415 3414 1695 3490 λέγοντος·
1745 3414 1810 3473 Τί
1860 3414 1959 3471 λέ-

316 3525 433 3581 γεις
492 3505 625 3559 εἶναι
680 3506 772 3560 τὸν
830 3506 1110 3580 Χριστόνς
1171 3505 1288 3561 εἰπὲ
1334 3506 1499 3577 αύτῷ·
1572 3505 1747 3580 Λόγον
1806 3510 1962 3563 Θεοῦ.

316 3591 501 3664 Μηδὲν
534 3593 585 3647 έν
613 3591 791 3665 τούτῳ
820 3594 1035 3664 νομίζω
1084 3595 1434 3666 ἁμαρτάνειν,
1484 3591 1671 3663 ἐπειδὴ
1719 3595 1806 3650 καὶ
1858 3593 1963 3649 Λό-

316 3703 412 3759 γος
443 3683 657 3756 Λέγεται
686 3682 835 3755 παρά
862 3684 929 3754 τῇ
964 3686 1173 3758 Γραφῇ,
1203 3682 1292 3737 καὶ
1325 3683 1506 3759 σοφία,
1545 3683 1635 3737 καὶ
1697 3683 1962 3758 βραχίων,

315 3772 410 3826 καί
441 3768 669 3843 δύναμις
700 3774 857 3841 Θεοῦ,
888 3772 978 3825 καὶ
1022 3769 1168 3826 ἄλλα
1217 3770 1403 3827 πολλά
1451 3776 1697 3844 τοιαῦτα,
1743 3771 1966 3827 πολυώ-

316 3880 486 3933 νυμος
514 3861 614 3934 γὰρ
647 3858 810 3917 ἐστιν.
847 3860 949 3917 Καὶ
998 3859 1061 3914 σὺ
1118 3860 1495 3935 ἀντερώτησον
1548 3861 1704 3916 αὐτὸν
1766 3858 1961 3937 λὲγων·

314 3948 383 4006 Τί
436 3947 655 4023 λέγεται
711 3948 859 4023 παρά
911 3952 980 4023 τῇ
1037 3954 1222 4027 Γραφῇ
1278 3951 1306 4005 6
1358 3950 1624 4025 Χριστός;
1683 3950 1813 4011 ἴσως
1867 3949 1962 4005 κᾶν

316 4035 525 4112 θελήσῃ
558 4035 833 4112 ἐρωτῆσαί
861 4058 918 4091 σε
948 4039 975 4092 6
1010 4039 1326 4109 Σαρακηνὸς
1384 4037 1525 4093 ἄλλο
1572 4060 1646 4106 τι,
1702 4040 1778 4111 μή
1831 4039 1965 4094 ἀπο-

312 4128 503 4201 κρίνου
537 4127 711 4198 αὐτῷ,
742 4122 847 4187 ἕως
878 4123 937 4181 ἄν
969 4125 1121 4182 λύσει
1150 4128 1213 4182 τὸ
1246 4126 1507 4201 ἐρώτημά
1553 4149 1674 4185 σου.
1735 4130 1966 4204 Ἀνάγκῃ

312 4219 446 4287 ποία
478 4214 907 4289 ἀποκριθήσεταί
940 4236 1027 4269 σοι
1088 4215 1283 4292 λέγων’
1336 4218 1485 4293 Παρά
1512 4221 1581 4291 τῇ
1614 4220 1800 4295 Γραφῇ
1860 4240 1963 4291 μου

313 4310 536 4378 Πνεῦμα
563 4305 654 4359 καὶ
686 4304 865 4379 Λόγος
917 4309 1052 4360 Θεοῦ
1100 4303 1313 4380 λέγεται
1341 4308 1369 4361 6
1402 4308 1654 4381 Χριστός.
1706 4308 1802 4365 Καὶ
1843 4308 1966 4364 τότε

311 4396 430 4453 εἰπὲ
492 4394 643 4467 αὐτῷ
701 4394 764 4449 σὺ
822 4393 1010 4450 πάλιν·
1068 4394 1138 4450 Td
1198 4394 1417 4469 Πνεῦμα
1470 4401 1567 4453 τοῦ
1624 4402 1759 4453 Θεοῦ
1815 4399 1901 4453 καὶ
1935 4401 1963 4453 ὁ

311 4487 510 4561 Λόγος,
568 4484 714 4558 παρά
772 4488 839 4558 τῇ
892 4488 1079 4563 Γραφῇ
1136 4507 1259 4554 σου,
1316 4485 1538 4543 ἄκτιστα
1621 4486 1863 4561 λέγονται
1924 4485 1958 4556 ἥ

2061 3331 2212 3404 jecit
2240 3330 2630 3401 petulantiam
2658 3344 2883 3384 eorum.

2144 3420 2199 3474 Si
2233 3419 2638 3489 interrogeris,
2673 3418 2963 3473 Saraceno
2986 3416 3239 3483 dicente;
3259 3417 3442 3482 Quem
3473 3414 3560 3469 ais
3584 3429 3714 3469 esse

2071 3507 2416 3564 Christum?
2454 3507 2767 3579 Responde
2816 3507 2925 3576 illi,
2977 3505 3233 3561 Verbum
3279 3505 3401 3560 Dei.
3448 3502 3604 3559 Nihil
3654 3504 3716 3557 in

2071 3599 2182 3654 hoc
2212 3596 2486 3651 aberrare
2517 3595 2790 3663 arbitror,
2824 3596 3103 3666 quoniam
3129 3600 3186 3649 et
3216 3594 3471 3648 Verbum
3498 3591 3717 3647 dicitur

2072 3704 2107 3743 a
2154 3688 2473 3757 Scriptura,
2524 3691 2584 3740 et
2630 3686 2922 3756 sapientia
2968 3690 3027 3739 et
3072 3684 3381 3739 brachium
3432 3688 3490 3737 et
3533 3681 3719 3737 virtus

2072 3778 2197 3844 Dei,
2240 3783 2297 3831 et
2344 3776 2461 3831 alia
2508 3775 2568 3830 id
2610 3791 2795 3847 genus
2839 3773 3048 3829 multa.
3100 3772 3505 3827 Multinomius
3557 3771 3717 3825 enim

2072 3872 2180 3922 est.
2213 3868 2295 3920 'l‘u
2326 3882 2459 3921 vero
2489 3864 2747 3919 vicissim
2780 3865 3079 3935 interroga
3105 3879 3241 3918 eum
3291 3861 3533 3927 dicens;
3563 3858 3713 3924 Quid

2071 3961 2311 4011 vocatur
2340 3972 2373 4011 a
2403 3956 2703 4025 Scriptura
2733 3952 3030 4008 Christus?
3060 3954 3329 4008 Fortasse
3362 3949 3592 4005 etiamsi
3623 3964 3719 4003 ve-

2073 4044 2141 4099 lit
2165 4045 2530 4117 interrogare
2564 4049 2622 4097 te
2653 4043 2981 4098 Saracenus
3012 4042 3084 4095 de
3116 4042 3317 4112 aliqua
3347 4038 3465 4093 alia
3492 4054 3554 4093 re
3581 4055 3595 4103 ;
3641 4054 3717 4092 ne

2070 4135 2432 4206 respondeas
2455 4134 2542 4188 illi
2556 4138 2874 4203 antequam
2890 4128 3506 4200 solveritpostulatum
3525 4132 3715 4181 tuum.

2071 4226 2195 4290 Qua
2223 4223 2577 4278 necessitate
2595 4227 2832 4276 coactus
2863 4218 3248 4289 respondebit
3277 4215 3381 4269 tibi
3412 4215 3640 4269 dicens:
3670 4216 3719 4269 A

2070 4314 2372 4385 Scriptura
2392 4328 2523 4365 mea
2546 4310 2795 4381 Spiritus
2828 4314 2885 4362 et
2916 4306 3163 4361 Verbum
3197 4305 3297 4359 Dei
3330 4302 3547 4358 dicitur
3562 4302 3723 4356 Chri-

2072 4404 2295 4459 stus.Et
2326 4406 2463 4455 tunc
2506 4398 2599 4454 dic
2648 4398 2734 4451 illi
2785 4402 2847 4451 tu
2900 4410 3159 4465 quoque:
3212 4392 3460 4463 Spiritus
3511 4390 3613 4445 Dei
3662 4394 3721 4445 et

2075 4491 2326 4547 Verbum
2347 4505 2381 4544 a
2403 4487 2703 4557 Scriptura
2727 4491 2827 4539 tua
2856 4485 3118 4539 increata
3147 4482 3445 4543 dicuntur,
3480 4495 3555 4534 an
3581 4494 3718 4534 vero

307 4574 539 4644 κτιστᾶς
573 4574 671 4629 Καὶ
699 4573 831 4629 έπάν
870 4572 995 4648 εἷ’-πῃ
1052 4575 1135 4629 ’ὁτι
1196 4574 1417 4630 ἃκτιστά
1475 4576 1629 4641 εἶσιν,
1689 4577 1805 4631 εἰπὲ
1861 4576 1957 4631 αύ-

2081 4584 2271 4634 creata
2289 4577 2317 4631 ‘I
2337 4580 2418 4631 Ac
2442 4576 2538 4629 ubi
2565 4573 2943 4646 responderit
2965 4578 3161 4628 creata
3194 4587 3345 4636 esse,
3369 4568 3461 4623 dic
3486 4568 3539 4621 ei
3563 4584 3574 4621 :
3608 4569 3719 4623 Ec-

304 4668 405 4736 τῆν
441 4664 537 4718 Καὶ
566 4662 647 4725 τίς
702 4660 879 4717 ἔκτισε
935 4663 998 4717 τὸ
1050 4666 1269 4735 Πνεῦμα
1327 4663 1417 4717 καὶ
1475 4665 1566 4719 τὸν
1632 4664 1801 4739 Λόγον
1858 4664 1955 4717 τοῦ

307 4756 479 4823 Θεοῦ;
541 4753 638 4806 Καὶ
693 4749 782 4805 έάν
842 4750 895 4824 ἐξ
955 4750 1185 4827 ἀπορίας
1239 4751 1363 4825 εἷ’πῃ
1422 4773 1528 4821 σοι,
1596 4752 1678 4807 ὅτι
1739 4754 1767 4807 6
1824 4752 1953 4815 Θεὸς

304 4840 439 4897 αύτά
492 4839 718 4912 ἔκτισεν,
780 4839 917 4896 έίπέ.
979 4836 1119 4894 Ἰδοὺ
1179 4839 1224 4895 εί
1285 4838 1470 4915 ἔλεγον
1530 4840 1634 4917 ἐγὼ
1706 4841 1840 4917 πρὸς
1897 4841 1954 4896 σὲ

302 4934 489 5000 τοῦτο,
522 4926 701 5003 ἔλεγες
736 4926 795 4982 ἄν
830 4928 966 5001 πρὸς
1026 4929 1113 5001 μὶ,
1173 4928 1256 4984 ὃτι
1308 4929 1600 5002 ’Πφάνισας
1656 4930 1755 4999 τήν
1815 4951 1951 5005 μαρ-

303 5020 489 5097 τυρίαν
522 5036 639 5074 σου’
671 5018 762 5073 καὶ
806 5022 905 5074 τοῦ
952 5017 1152 5074 λοιποῦ
1202 5018 1264 5074 ού
1314 5018 1624 5075 πιστεύεστε
1654 5024 1729 5093 (ο)
1761 5020 1859 5075 ὅσα
1888 5022 1948 5076 ἄν

305 5108 487 5185 εἴπῃς·
521 5111 709 5181 Ὅμως
740 5106 833 5164 οὗν
867 5108 957 5163 καὶ
987 5111 1147 5163 τοῦτο
1176 5106 1365 5178 έρωτω
1423 5130 1501 5177 σε,
1546 5110 1652 5184 πρὸ
1690 5114 1786 5166 τοῦ
1831 5110 1950 5165 κτί-

303 5220 389 5255 σαι
424 5200 453 5254 6
508 5199 641 5260 Θεὸς
696 5198 788 5253 τὸν
849 5196 1025 5271 Λόγον
1079 5196 1167 5251 καὶ
1225 5198 1289 5251 τὸ
1346 5201 1585 5271 Πνεῦμα,
1647 5197 1744 5252 οὐκ
1799 5202 1947 5275 εἶχεν

301 5294 518 5362 Πνεῦμα
549 5285 672 5343 οὐδὶ
699 5285 915 5361 Λόγον;
952 5285 1051 5340 Καὶ
1082 5284 1327 5363 φεύξεται
1373 5286 1481 5341 ἀπὸ
1530 5290 1627 5341 σοῦ
1672 5288 1749 5357 μὴ
1799 5284 1945 5363 ἔχων

298 5379 353 5437 τί
385 5380 770 5454 ἀποκριθῆναι.
804 5372 1085 5452 Αἱρετικοὶ
1115 5376 1218 5449 γὰρ
1252 5373 1384 5429 εἰσιν
1424 5375 1477 5430 οἱ
1523 5380 1765 5431 τοιοῦτοι
1812 5378 1947 5433 κατά

2069 4667 2202 4737 quis
2235 4666 2453 4720 creavit
2484 4664 2586 4719 Dei
2632 4664 2916 4735 Spiritum
2947 4668 3007 4716 et
3035 4660 3288 4715 Verbum
3311 4659 3338 4713 ‘I
3368 4656 3533 4722 Quod
3564 4656 3611 4710 si
3644 4654 3719 4710 ad

2064 4755 2280 4810 incitas
2313 4754 2588 4809 redactus
2630 4753 2847 4808 dixerit
2893 4751 3021 4820 tibi,
3076 4752 3257 4804 Deum
3310 4747 3413 4801 illa
3443 4760 3717 4810 creasse;

2060 4862 2306 4919 regere:
2340 4845 2486 4899 Etsi
2536 4843 2818 4899 dixissem
2871 4859 2977 4915 ego
3028 4840 3134 4894 tibi
3178 4856 3303 4894 rem
3348 4834 3715 4906 hujusmodi,

2061 4936 2472 5009 respondisses
2501 4935 2765 5006 profecto
2797 4933 2942 4988 mihi
2971 4949 2984 4986 :
3019 4934 3061 4985 E
3093 4930 3288 4985 medio
3323 4926 3615 4983 sustulisti
3640 4930 3720 4980 te-

2060 5026 2412 5081 stimonium
2437 5030 2699 5087 tuum,ac
2713 5041 2887 5094 porro
2901 5020 3057 5076 haud
3082 5016 3527 5075 confirmaveris
3549 5031 3719 5086 qua:-

2060 5132 2293 5186 cunque
2316 5112 2961 5168 dixeris.Nihilominus
3012 5115 3070 5165 et
3100 5108 3256 5164 istud
3286 5113 3342 5163 te
3372 5107 3669 5178 interrogo

2057 5206 2393 5275 Antequam
2426 5207 2657 5257 crearet
2686 5203 2839 5257 Deus
2872 5200 3128 5256 Verbum
3156 5204 3216 5253 et
3244 5197 3548 5269 Spiritum,
3590 5212 3712 5251 non

2058 5292 2315 5348 habebat
2343 5291 2626 5363 Spiritum
2656 5307 2851 5361 neque
2884 5288 3170 5344 Verbum?
3195 5294 3370 5357 atque
3392 5283 3717 5340 declinabit

2065 5397 2098 5437 a
2128 5388 2205 5449 te,
2236 5398 2354 5437 non
2386 5381 2610 5437 habens
2644 5380 2787 5452 quid
2838 5380 3216 5453 respondeat.
3250 5375 3520 5434 Haeretici
3553 5375 3714 5435 enim

1679 5548 1915 5605 VARle
1955 5549 2246 5609 LECTION
2254 5552 2353 5608 ES.

372 5666 447 5739 (0)
478 5666 649 5722 Forte
682 5680 991 5719 πιστευεται
1021 5665 1116 5718 vet
1142 5659 1577 5733 πιστευθήσεται.
