4040 6204
336 297 477 355 1343

1864 300 2231 354 ADDENDA.

3548 288 3659 365 ιειι

346 425 611 497 suntqui
641 425 751 480 hoc
781 424 1083 479 afﬁrmant
1128 426 1283 497 apud
1324 427 1665 495 Saracenos,
1698 427 1987 483 maxime-

2104 424 2472 498 Σαρακηνοῦς,
2528 425 2618 481 καὶ
2675 428 2812 481 πάνυ
2869 423 3159 501 βδελυκτοὶ
3233 428 3319 480 καὶ
3394 426 3661 502 ἀπόϐλητοι·

348 532 463 586 que
495 519 632 569 sunt
661 514 1092 568 abominabiles
1123 521 1180 569 et
1208 516 1571 586 propudiosi:
1593 523 1651 570 et
1681 518 1726 571 si
1760 516 1987 570 huncce

348 606 605 660 volueris
629 604 938 659 traducere
968 604 1125 675 apud
1156 606 1417 676 reliquos
1448 607 1790 673 Saracenos,
1816 607 1985 660 time-

348 694 435 749 bit
466 700 519 747 te
550 692 890 748 admodum.
926 694 1090 757 Quod
1122 693 1169 747 si
1202 694 1648 766 interrogaverit
1673 701 1725 750 te
1758 698 1988 750 Sarace-

345 799 459 838 nus
489 783 785 852 inquiens:
822 784 1132 836 Sermones
1165 784 1264 837 Dei
1298 786 1479 839 creati
1512 791 1743 839 suntan
1767 786 1989 839 increa-

344 873 437 928 ti?
467 873 671 927 Solent
701 871 857 925 enim
891 872 1062 926 nobis
1093 872 1351 943 objicere
1385 874 1536 928 hanc
1576 875 1985 945 interrogatio-

342 980 479 1019 nem
496 962 1075 1017 vehementissimam
1088 963 1381 1029 ,voluntes
1394 966 1705 1019 ostendere
1721 971 1985 1019 creatum

342 1071 471 1110 esse
506 1053 757 1107 Verbum
792 1054 915 1120 Dei,
950 1054 1106 1124 quod
1140 1071 1282 1108 sane
1324 1071 1443 1109 non
1478 1061 1585 1108 est.
1620 1054 1783 1119 Quod
1817 1055 1863 1109 si
1898 1053 1984 1108 di-

340 1143 497 1198 xeris
526 1146 778 1208 creatos,
810 1143 1030 1213 regerit
1057 1148 1263 1196 contra
1294 1148 1371 1207 te,
1424 1144 1579 1213 quod
1613 1161 1746 1198 ecce
1778 1160 1985 1197 omnes

342 1230 426 1285 dii
456 1246 590 1285 vero
618 1246 739 1285 non
770 1236 926 1287 sunt.
974 1233 1119 1286 Ecce
1152 1236 1213 1285 tu
1258 1231 1564 1287 confessus
1615 1250 1697 1299 es,
1732 1231 1983 1286 Verbum

341 1319 467 1387 Dei,
525 1336 661 1373 cum
719 1320 795 1374 sit
845 1320 1133 1389 Christus,
1188 1323 1371 1375 Deum
1420 1326 1618 1375 tamen
1667 1338 1787 1375 non
1831 1337 1981 1378 esse.

342 1408 758 1475 Quamobrem,
836 1425 1033 1479 neque
1112 1415 1340 1465 creatos
1422 1427 1615 1480 neque
1692 1410 1984 1466 increatos

344 1497 717 1552 Christianus
745 1499 1114 1569 respondens
1146 1498 1231 1552 illi
1263 1498 1525 1569 appellat
1566 1499 1833 1569 (dicens),
1868 1502 1982 1571 Ego

340 1601 528 1640 unum
575 1586 766 1640 solum
821 1587 1069 1641 Verbum
1124 1588 1225 1641 Dei
1257 1589 1319 1641 in
1363 1588 1663 1659 hypostasi
1695 1589 1984 1643 conﬁteor

340 1674 498 1745 quod
530 1674 607 1728 sit
635 1675 984 1743 increatum,
1026 1676 1528 1746 quemadmodum
1559 1682 1617 1731 et
1648 1683 1708 1731 tu
1734 1678 1982 1732 conﬁte-

2100 514 2189 569 καὶ
2223 515 2309 569 ἐὰν
2339 515 2498 569 αὐτὸν
2529 512 2687 589 Θέλῃς
2719 514 3076 588 δημοσιεῦσαι
3124 521 3243 577 τοῖς
3288 515 3481 579 λοιποῖς
3526 527 3665 599 Σαρα-

2097 609 2288 673 κηνοῖς
2322 600 2692 682 φοϐηθήσεταί
2725 626 2780 659 σε
2811 604 2955 659 πολύ
2985 608 3088 677 (Ρ).
3124 606 3229 661 Καὶ
3262 604 3344 659 ἐὰν
3393 606 3603 684 ἐρωτήσῃ
3626 635 3669 667 σε

2099 693 2127 746 ὁ
2161 693 2475 767 Σαρακηνὸς
2510 692 2708 767 λέγων·
2740 694 2815 747 Τὰ
2847 694 3015 767 Λόγια
3042 698 3140 748 τοῦ
3186 698 3317 749 Θεοῦ
3359 701 3525 751 κτιστά
3569 701 3668 753 εἰσιν

2097 782 2132 849 ἢ
2194 780 2460 851 ἅκτιστα;
2520 786 2688 838 Τοῦτο
2744 784 2844 856 γὰρ
2926 779 3335 855 προϐάλλονται
3386 805 3507 860 πρις
3560 791 3676 859 ἡμᾶς

2100 869 2359 947 ἐρώτημα
2386 869 2689 926 δεινότατον
2723 871 2969 936 θέλοντες
3012 870 3287 942 ἀποδεῖξαι
3336 874 3524 928 κτιστδν
3572 877 3677 932 εἶναι

2098 962 2186 1016 τὸν
2221 962 2395 1036 Λόγον
2423 966 2520 1016 τοῦ
2553 965 2708 1030 Θεοῦ,
2768 961 2899 1029 ὅπερ
2949 960 3048 1015 οὐκ
3103 960 3267 1018 ἔστιν.
3325 963 3385 1019 Εἰ
3438 960 3488 1018 δὲ
3533 962 3677 1041 εἷ’πης·

2099 1050 2299 1106 Κτιστά
2330 1049 2487 1119 εἶσιν,
2523 1049 2667 1126 λέγει
2701 1071 2808 1115 σοι,
2837 1049 2919 1104 ὅτι
2954 1048 3072 1104 ἰδοὺ
3125 1054 3297 1104 ταῦτα
3352 1050 3507 1105 πάντα
3551 1051 3680 1126 λόγια

2094 1142 2192 1193 τοῦ
2218 1142 2350 1193 Θεοῦ
2384 1139 2718 1213 ὑπάρχοντα,
2754 1136 2975 1193 ἅκτιστα
3037 1137 3132 1212 μέν
3186 1138 3311 1207 εἶσι,
3358 1139 3471 1194 Θεοὶ
3519 1138 3568 1195 δί
3606 1140 3683 1198 οῦκ

2096 1226 2247 1284 εἰσιν.
2281 1225 2421 1284 Ἰδοὺ
2452 1227 2514 1281 σὺ
2546 1227 2939 1302 ὡμολόγησας,
2995 1227 3075 1282 ὅτι
3110 1230 3138 1282 6
3167 1228 3395 1303 Χριστὸς
3445 1230 3600 1303 Λόγος
3624 1229 3680 1285 ὣν

2093 1320 2190 1371 τοῦ
2222 1319 2376 1385 Θεοῦ,
2410 1315 2510 1371 οὐκ
2538 1312 2649 1371 ἔστι
2680 1316 2832 1378 Θεός.
2866 1318 2958 1371 Διὸ
2994 1314 3135 1389 μηδὲ
3164 1316 3354 1371 κτιστὰ
3407 1316 3535 1390 μηδὲ
3570 1318 3685 1374 ἄκτι·

2093 1426 2190 1460 στα
2222 1406 2249 1459 6
2282 1407 2601 1479 Χριστιανὸς
2649 1405 2961 1479 ἀποκριθεὶς
3012 1405 3157 1477 αὐτῷ
3216 1405 3387 1480 λέγει’
3443 1408 3570 1481 Ἐγὼ
3617 1406 3688 1463 ἔνι

2098 1494 2261 1567 μόνον
2296 1495 2467 1569 Λόγον
2493 1499 2591 1549 τοῦ
2623 1499 2756 1549 Θεοῦ
2786 1493 2839 1549 έν
2873 1495 3159 1550 ὑποστάσει
3194 1494 3454 1569 ὁμολογῶ
3482 1494 3688 1552 ἃκτιστον

2093 1579 2241 1652 ὄντα,
2273 1585 2511 1658 καθάπερ
2560 1582 2649 1638 καὶ
2694 1583 2755 1638 σὺ
2813 1583 3201 1657 ὡμολόγησας·
3258 1583 3362 1651 τὴν
3408 1580 3462 1638 δὲ
3512 1583 3691 1639 ἃπασα-

2093 1674 2310 1750 Γραφήν
2344 1694 2471 1746 μου,
2523 1674 2587 1728 οὐ
2647 1672 2794 1747 λέγω
2852 1674 3043 1749 Λόγια,
3098 1672 3245 1727 ἆλλὰ
3304 1672 3515 1747 ῥήματα
3563 1679 3692 1729 Θεοῦ.

338 1762 459 1830 ris;
490 1763 642 1817 hanc
675 1769 856 1819 totam
888 1766 1252 1836 Scripturam
1286 1782 1479 1820 meam
1511 1782 1631 1820 non
1675 1766 1804 1820 dico
1855 1784 1975 1821 ser-

2096 1761 2193 1817 Καὶ
2227 1761 2313 1815 ἐὰν
2348 1760 2471 1837 εἴπῃ
2515 1763 2543 1817 6
2591 1761 2925 1836 Σαρακηνόςο
2980 1763 3077 1817 Καὶ
3125 1765 3243 1823 πῶς
3306 1760 3446 1835 λέγει
3478 1764 3503 1816 6
3531 1759 3688 1818 Δαϐίό·

340 1867 572 1921 mones,
601 1853 705 1907 sed
736 1852 1027 1909 dictiones
1060 1856 1182 1909 Dei.
1217 1856 1381 1919 Quod
1412 1856 1459 1909 si
1490 1856 1705 1911 dixerit
1743 1857 1981 1911 Sarace-

342 1958 457 1997 nus
483 1958 495 1995 :
527 1943 829 2007 Quomodo
864 1960 998 2016 ergo
1026 1945 1108 1999 ait
1138 1945 1316 2001 David
1347 1963 1359 1999 :
1392 1967 1418 1996 ‹‹
1451 1946 1765 2001 Sermones
1797 1946 1988 2000 Domi-

348 2031 432 2097 ni,
462 2047 766 2087 sermones
796 2034 925 2103 puri
958 2032 1019 2099 9;
1054 2058 1075 2085 ι
1114 2040 1173 2088 et
1214 2051 1373 2089 non:
1405 2034 1697 2089 dictiones
1728 2036 1984 2101 Domini,

342 2119 635 2175 dictiones
694 2122 899 2191 purae?
954 2122 1056 2176 Dic
1086 2123 1178 2177 ei:
1240 2124 1410 2177 Vates
1459 2125 1705 2195 ﬁgurate
1755 2124 1987 2178 locutus

346 2214 457 2276 est,
490 2216 549 2264 at
579 2226 701 2264 non
732 2211 990 2281 proprie.
1024 2211 1190 2275 Quod
1222 2212 1270 2266 si
1320 2212 1425 2265 tibi
1457 2212 1686 2266 dixerit.
1722 2212 1872 2277 Quid
1900 2219 1989 2266 est

347 2298 598 2370 ﬁgurata
632 2300 937 2371 propriave
985 2300 1204 2355 locutio
1225 2300 1252 2355 ‘?
1296 2303 1377 2355 Tu
1418 2318 1654 2373 regeras
1684 2302 1810 2356 illi:
1846 2304 1988 2356 Pro-

341 2387 472 2458 pria
502 2387 719 2443 locutio
770 2394 858 2443 est
903 2394 1065 2444 certa
1107 2390 1534 2445 demonstratio
1582 2391 1691 2455 rei,
1738 2391 1988 2458 ﬁgurata

342 2407 472 2458 pria
502 2407 719 2443 ιοοιιιιο
770 2407 858 2443 eat
903 2407 1065 2444 certa
1107 2407 1534 2445 aemonsuauo
1582 2407 1691 2455 rei,
1738 2407 1774 2444 n
1818 2407 1983 2445 urata

342 2490 481 2542 vero
509 2475 727 2530 locutio
788 2481 877 2531 est
922 2478 1121 2532 minus
1177 2484 1337 2533 certa
1393 2480 1477 2532 rei
1534 2407 1983 2533 demonjratio.

342 2565 507 2630 Quod
535 2566 584 2619 si
644 2572 903 2637 apponat
947 2566 1051 2621 tibi
1098 2568 1463 2622 Saracenus:
1514 2568 1747 2622 Fierine
1794 2573 1989 2638 potest

340 2658 408 2711 ut
456 2655 747 2725 propheta
796 2658 1066 2710 enuntiet
1090 2658 1286 2711 minus
1337 2663 1557 2712 certam
1590 2657 1674 2711 rei
1709 2657 1984 2711 demons-

342 2743 660 2797 trationem
682 2744 709 2798 ?
735 2744 835 2799 Dic
867 2745 918 2799 ei
952 2746 1150 2799 statim
1178 2762 1190 2802 :
1225 2748 1287 2799 In
1323 2747 1628 2816 prophetis
1660 2746 1987 2800 inanimata

342 2848 628 2903 personas
660 2833 810 2897 ﬁeri,
843 2834 1165 2905 oculosque
1197 2841 1255 2889 et
1282 2852 1385 2889 ora
1423 2836 1506 2890 eis
1541 2835 1714 2889 tribui
1748 2835 1981 2889 videris.

345 2923 733 2993 Quapropter,
780 2945 807 2971 α
856 2924 1009 2977 Mare
1062 2923 1205 2978 vidit
1253 2929 1309 2978 et
1356 2925 1504 2994 fugit
1534 2926 1595 2977 ¹⁰.
1631 2947 1659 2973 ››
1711 2926 1983 2978 Attamen

340 3027 502 3067 mare
533 3012 739 3069 oculos
772 3031 892 3069 non
924 3014 1121 3084 habet,
1169 3032 1361 3085 neque
1410 3016 1570 3070 enim
1622 3015 1843 3069 animal
1875 3021 1981 3068 est.

2093 1875 2120 1903 ‹‹
2154 1851 2326 1925 Λόγια
2358 1852 2579 1923 Κυρίου,
2615 1848 2774 1925 λόγια
2804 1852 2955 1927 ἁγνά·
2992 1875 3013 1902 ι
3050 1851 3140 1905 καὶ
3191 1849 3348 1925 οὐχὶ,
3390 1850 3461 1903 Τὰ
3510 1850 3693 1924 ῥήματα

2093 1940 2317 2014 Κυρίου,
2378 1940 2599 2015 ῥήματα
2664 1941 2834 2017 ἁγνά,
2910 1939 3027 1995 είπὶ
3100 1940 3268 2012 αὐτῷ’
3327 1941 3385 1995 Ὀ
3440 1944 3696 2019 Προφήτης

2090 2027 2505 2104 τροπολογικῶς
2543 2029 2835 2099 ἐλάλησεν,
2892 2030 2981 2084 καὶ
3036 2028 3098 2083 οῦ
3156 2029 3571 2104 κυριολογικῶς.
3612 2032 3694 2086 Καὶ

2094 2117 2180 2171 έάν
2217 2138 2300 2171 σοι
2327 2116 2475 2192 εἷ’πγγ
2518 2118 2581 2175 Τί
2640 2118 2782 2173 ἐστιν
2833 2116 3173 2193 τροπολογία
3226 2120 3320 2173 καὶ
3378 2117 3701 2193 κυριολογία;

2094 2204 2211 2260 εἷπε
2239 2206 2404 2277 αὐτῷ·
2450 2204 2782 2283 Κυριολογία
2840 2208 2933 2281 μέν
2989 2206 3153 2277 ἐστιν,
3214 2203 3411 2283 βεϐαία
3464 2204 3701 2276 ἀπόδειξις

2093 2294 2440 2369 πράγματος
2471 2294 2812 2370 τροπολογία
2842 2294 2899 2351 δέ
2930 2295 3072 2351 ἐστιν
3132 2292 3390 2359 ἀϐέϐαιος
3443 2294 3700 2366 ἂπόόειξις

2096 2384 2195 2440 Καὶ
2228 2384 2315 2439 ἐάν
2362 2406 2445 2439 σοι
2495 2384 2618 2458 εἷ’πῃ
2678 2386 2705 2439 6
2767 2387 3102 2461 Σαρακηνός·
3163 2384 3477 2462 Ἑνδέχεται
3516 2388 3700 2461 προφή-

2091 2494 2190 2543 την
2226 2473 2391 2528 εἰπεῖν
2455 2470 2708 2529 ἀϐέϐαιον
2766 2472 3081 2545 ἀπόδειξιν,
3142 2474 3258 2528 εῗπὶ
3315 2475 3462 2546 αὗτῷ
3516 2474 3704 2538 εὐθέως

2095 2563 2215 2617 Ἐπὶ
2246 2571 2363 2628 τοῖς
2388 2567 2695 2641 προφήταις
2721 2565 2789 2619 τὰ
2837 2562 3023 2637 ἄψυχα
3078 2564 3350 2637 πρόσωπα
3406 2568 3594 2629 ποιεῖν,
3636 2565 3708 2617 καὶ

2095 2655 2415 2735 ὀφθαλμοὺς
2469 2656 2557 2709 καὶ
2610 2654 2852 2725 στόματα
2909 2655 3068 2725 θεάσῃ
3126 2654 3336 2715 αὐτοῖς·
3400 2652 3551 2723 ὥστε,
3605 2655 3705 2708 «Ἠ

2091 2745 2330 2802 θάλασσα
2361 2744 2516 2813 εἶδεν,
2547 2745 2636 2799 καὶ
2667 2741 2879 2820 ἔφυγεν.
2910 2764 2937 2795 ι
2977 2740 3117 2797 ἰδοὺ
3147 2742 3238 2797 καὶ
3271 2741 3513 2806 θάλασσα
3534 2742 3711 2817 ὀφθαλ-

2097 2837 2231 2911 μοὺς
2259 2837 2362 2891 οὐκ
2394 2832 2532 2910 ἔχει,
2574 2833 2635 2888 οὐ
2684 2832 2785 2907 γάρ
2832 2832 2974 2887 ἐστιν
3017 2829 3292 2908 ἔμψυχος.
3354 2833 3456 2888 Καὶ
3509 2831 3705 2886 πάλινὸ

2092 2926 2249 2987 αὐτὸς
2276 2926 2571 3001 Προφήτης
2604 2924 2676 2984 ὡς
2706 2919 2955 2997 ἔμψυχον
3018 2922 3184 2989 αὐτὴν
3246 2919 3574 2996 διαλέγεται·
3606 2948 3629 2971 ‹‹
3658 2921 3713 2977 Τί

2092 3016 2175 3071 σοί
2204 3014 2338 3084 ἐστι,
2370 3014 2631 3080 θάλασσα,
2675 3012 2758 3067 ὅτι
2803 3008 3029 3086 ἕφυγεςς
3066 3035 3093 3061 ››
3142 3012 3230 3066 καὶ
3280 3011 3349 3065 τά
3400 3010 3537 3083 ἑξῆς.
3575 3036 3594 3061 σ
3625 3009 3711 3065 Καὶ

340 3102 564 3155 Rursus
623 3101 782 3157 idem
840 3104 1134 3174 Propheta
1200 3104 1359 3159 velut
1414 3105 1779 3159 animantem
1833 3102 1980 3157 illud

2096 3108 2129 3174 ἡ
2194 3106 2443 3178 μάχαιρα
2495 3104 2721 3178 φάγεται
2768 3102 2921 3174 κρέα,
2952 3122 2977 3153 ι
3016 3098 3160 3173 λέγει
3193 3102 3227 3168 ἡ
3262 3102 3476 3177 Γραφή.
3523 3100 3594 3154 Τὸ
3632 3099 3713 3171 γὰρ

344 3189 703 3260 alloquitur:
739 3216 764 3241 ‹‹
795 3192 943 3257 Quid
980 3193 1083 3247 tibi
1116 3199 1225 3260 est,
1259 3210 1439 3259 mare,
1476 3195 1613 3265 quia
1645 3194 1840 3265 fugisti
1875 3192 1913 3225 ¹¹
1954 3215 1981 3241 ››

346 3284 406 3333 et
436 3296 566 3350 quae
596 3287 944 3351 sequuntur.
980 3283 1128 3347 Quin
1173 3283 1351 3337 etiam
1387 3304 1413 3334 α
1461 3283 1700 3337 Gladius
1747 3284 1989 3337 devora-

343 3369 425 3424 vit
454 3386 662 3425 carnes
708 3392 734 3418 ι»
789 3370 931 3425 dicit
979 3372 1349 3442 Scriptura”.
1401 3376 1474 3426 At
1522 3373 1679 3426 enim
1729 3372 1988 3426 devorare

345 3458 418 3513 de
450 3476 549 3514 ore
582 3460 798 3515 dicitur
826 3460 982 3531 quod
1013 3461 1269 3515 comedit
1296 3478 1363 3516 ac
1393 3462 1563 3527 bibit,
1592 3462 1823 3532 gladius
1853 3478 1987 3515 vero

345 3549 521 3603 caadit
550 3549 813 3621 quidem,
850 3567 967 3605 non
1000 3556 1198 3605 tamen
1240 3551 1507 3623 deglutit.
1557 3552 1649 3605 Sic
1692 3557 1747 3604 et
1781 3550 1989 3604 dictio-

343 3654 451 3693 nes
483 3640 733 3707 ﬁgurata
763 3640 1060 3694 locutione
1091 3656 1233 3695 usus
1284 3658 1590 3695 sermones
1623 3642 1863 3705 vocavit,
1893 3646 1987 3694 ta-

343 3726 518 3781 metsi
552 3743 670 3781 non
704 3728 823 3782 sint
854 3744 1158 3783 sermones
1190 3729 1293 3783 sed
1320 3730 1627 3784 dictiones.
1664 3729 1763 3783 Sin
1792 3734 1987 3782 autem

346 3815 679 3871 sciscitatus
736 3816 951 3883 fuerit;
1002 3818 1303 3881 Quomodo
1363 3818 1672 3873 descendit
1724 3818 1875 3871 Deus
1930 3816 1990 3869 in

343 3908 583 3957 uterum
625 3902 943 3958 mulieris?
994 3907 1364 3976 Hespondeto
1414 3907 1546 3960 illi:
1590 3906 1991 3961 Adhibeamus

349 3992 703 4063 scripturam
738 3999 898 4049 tuam
948 4000 1006 4049 et
1038 4013 1251 4051 meam.
1312 3998 1613 4067 Scriptura
1661 4004 1761 4051 tua
1809 3997 1987 4053 dicit:

352 4101 377 4133 ι
412 4082 685 4150 Purgavit
715 4084 870 4138 Deus
915 4084 1200 4156 virginem
1254 4086 1493 4141 Mariam
1545 4103 1724 4157 supra
1753 4104 1992 4142 omnem

346 4172 701 4227 muliebrem
734 4190 994 4239 carnem,
1049 4175 1473 4246 descenditque
1522 4176 1772 4246 Spiritus
1804 4177 1904 4230 Dei
1937 4182 1996 4230 et

347 4261 602 4316 Verbum
657 4263 717 4316 in
778 4280 907 4317 eam
965 4265 1060 4333 (2).
1114 4288 1132 4311 ι
1182 4265 1560 4335 Evangelium
1611 4282 1748 4319 vero
1793 4281 1993 4319 meum

348 4351 555 4407 dicit:
609 4376 635 4403 ‹‹
699 4352 950 4423 Spiritus
1010 4360 1249 4408 sanctus
1315 4354 1691 4425 superveniet
1774 4354 1834 4408 in
1916 4360 1995 4422 te,

345 4448 405 4499 et
435 4443 616 4498 virtus
647 4442 933 4498 Altissimi
980 4444 1359 4499 obumbrabit
1409 4445 1510 4499 tibi
1546 4445 1609 4499 ¹³.
1646 4467 1673 4494 ››
1716 4448 1800 4499 En
1834 4444 1992 4499 idem

345 4532 627 4603 utrinque
658 4533 971 4588 verborum
1021 4551 1200 4589 sonus
1251 4542 1309 4589 et
1357 4552 1587 4589 sensus.
1640 4535 1890 4589 Adverto
1939 4540 1997 4589 et

347 4622 529 4687 istud,
570 4622 727 4693 quod
777 4640 989 4690 nempe
1040 4624 1367 4678 secundum
1418 4624 1838 4695 proprietatem
1889 4640 1996 4677 no-

350 4717 532 4767 stram
564 4713 724 4767 dicat
755 4713 1053 4783 Scriptura
1079 4714 1488 4769 ascensionem
1519 4715 1617 4769 Dei
1652 4720 1705 4768 et
1748 4714 1993 4767 descen-

351 4802 602 4871 sionem,
637 4803 883 4874 ﬁgurate
913 4803 1195 4856 nimirum
1227 4809 1287 4857 at
1314 4820 1432 4857 non
1464 4804 1721 4875 proprie.
1753 4803 1993 4872 Proprie

350 4894 512 4948 enim
543 4894 867 4948 descensus
896 4899 953 4947 et
981 4908 1265 4948 ascensus
1289 4894 1462 4965 juxta
1507 4891 1891 4964 philosophos
1922 4891 1994 4946 de

2097 3198 2283 3273 φαγεῖν
2318 3192 2404 3246 ἐπὶ
2433 3191 2700 3263 στόματος
2750 3189 2897 3264 λέγει
2944 3191 3021 3262 (q)
3071 3188 3377 3263 τρώγοντες
3422 3189 3512 3242 καὶ
3560 3188 3714 3241 πίνον·

2091 3306 2204 3349 τος,
2238 3285 2273 3352 ἡ
2308 3280 2365 3336 δὲ
2426 3282 2668 3355 μάχαιρα
2721 3280 2971 3350 τέμνεται
3037 3278 3155 3350 μὲν,
3210 3279 3276 3332 οὗ
3326 3278 3602 3332 καταπίνει
3655 3274 3717 3332 δέ.

2093 3373 2278 3434 Οὕτως
2309 3372 2395 3425 καὶ
2427 3371 2493 3425 τὰ
2604 3390 2745 3441 ματα
2774 3367 3199 3441 τροπολογήσας
3232 3366 3476 3437 ἐλᾶλησε
3528 3365 3720 3441 λόγους,

2094 3465 2228 3534 ἅπερ
2263 3458 2362 3515 οῦκ
2418 3459 2549 3513 εἰσιν
2610 3456 2795 3531 λόγια,
2864 3454 3010 3511 ἀλλᾶ
3068 3456 3308 3530 ῥήματα.
3376 3456 3474 3510 Καὶ
3528 3454 3610 3510 ἐάν
3652 3476 3720 3508 σοι

2094 3552 2242 3624 εῗπῃ,
2307 3554 2428 3610 Πῶς
2486 3546 2973 3615 κατῆλθενὸΘεὸς
3028 3544 3103 3607 ε’ς
3170 3543 3392 3599 κοιλίαν
3450 3545 3719 3618 γυ·ιαικός;

2095 3639 2210 3694 εἰπὲ
2242 3636 2405 3708 αὐτῷ·
2444 3638 2785 3711 Χρησώμεθα
2833 3638 2901 3707 τῇ
2950 3637 3133 3708 γραφῇ
3184 3654 3303 3699 σου,
3361 3634 3453 3687 καὶ
3501 3636 3567 3705 τῇ
3612 3637 3723 3706 Γρα-

2097 3733 2171 3805 φῇ
2209 3748 2333 3799 μου’
2394 3730 2428 3796 ἡ
2479 3728 2659 3800 γραφή
2722 3746 2818 3779 σου
2877 3724 3048 3797 λέγει,
3109 3725 3191 3777 δτι
3252 3722 3514 3797 ἐκάθηρεν
3554 3721 3722 3780 ὁΘεὸς

2094 3818 2193 3884 τὴν
2252 3817 2521 3888 Παρθένον
2586 3813 2791 3889 Μαρίαν
2855 3813 2987 3887 ὑπὲρ
3061 3817 3233 3865 πᾶσαν
3311 3814 3488 3884 σάρκα
3555 3830 3724 3884 γυναι-

2096 3907 2260 3971 κείαν,
2294 3906 2381 3959 καὶ
2431 3900 2630 3973 κατέϐη
2679 3908 2741 3958 τὸ
2791 3906 3011 3974 Πνεῦμα
3056 3905 3153 3955 τοῦ
3201 3904 3337 3955 Θεοῦ
3381 3900 3473 3954 καί
3507 3902 3534 3954 6
3566 3899 3721 3969 Λόγος

2097 3996 2148 4052 έν
2182 3995 2341 4067 αὐτῇ,
2398 3994 2489 4048 καὶ
2548 3994 2610 4048 τὸ
2669 3988 3011 4066 Εὐαγγέλιόν
3073 4011 3176 4061 μου
3234 3989 3411 4063 λέγει·
3469 3990 3725 4057 «Πνεῦμα

2099 4090 2258 4161 ἅγιον
2289 4082 2629 4139 ἐπελεύσεται
2664 4082 2748 4136 ἐπὶ
2784 4082 2859 4147 σε,
2902 4081 2991 4135 καὶ
3047 4077 3275 4151 δύναμις
3318 4079 3571 4152 Ὑψίστου
3624 4078 3730 4130 ἐπι-

2100 4174 2307 4230 σκιάσει
2346 4194 2451 4227 σοι.
2491 4196 2517 4222 ››
2577 4168 2720 4229 Ἰδοὺ
2771 4169 2867 4241 μία
2925 4171 3077 4243 φωνή
3126 4168 3457 4246 ἀμφοτέρων
3502 4171 3605 4221 τῶν
3652 4164 3730 4219 λέ-

2101 4268 2254 4337 ξεων,
2286 4264 2373 4317 καὶ
2409 4261 2460 4317 ἔν
2492 4260 2695 4333 νόημαο
2729 4260 2988 4313 Γινώσκω
3020 4256 3079 4313 δὲ
3115 4258 3203 4312 καὶ
3253 4262 3441 4321 τοῦτο,
3496 4258 3570 4317 ὡς
3611 4255 3733 4329 πρὸς

2099 4354 2197 4421 τήν
2257 4352 2522 4424 ἡμετέραν
2586 4346 2835 4417 ἰδιότητα
2910 4346 3055 4423 λέγει
3114 4349 3149 4417 ἡ
3208 4349 3398 4424 Γραφή
3458 4340 3732 4400 κατάϐασιν

2103 4445 2236 4497 Θεοῦ
2284 4442 2370 4494 xvi
2431 4435 2709 4509 ἀνάϐασιν,
2767 4442 3180 4512 τροπογογικῶς
3239 4437 3328 4490 καὶ
3380 4435 3445 4491 οὗ
3493 4433 3735 4507 κυριολο-

2102 4534 2295 4606 γικῶς.
2351 4528 2569 4602 Κυρίως
2620 4528 2724 4603 γὰρ
2795 4521 3087 4587 κατάϐασις
3160 4525 3249 4580 καὶ
3327 4520 3586 4585 ἀνάϐασις
3652 4521 3730 4577 ἐπὶ

2106 4621 2373 4693 σωμάτων
2434 4617 2647 4693 λέγεται
2706 4617 2841 4672 κατὰ
2884 4616 3243 4694 φιλοσόφους,
3304 4617 3333 4670 6
3381 4613 3441 4670 δὲ
3498 4615 3624 4675 Θεὸς
3676 4611 3735 4667 τὰ

2104 4710 2278 4764 πάντα
2308 4709 2574 4782 περιέχει,
2608 4707 2696 4761 καὶ
2742 4706 2806 4760 οὐ
2854 4705 3169 4779 περιέχεται
3220 4705 3322 4759 ὑπό
3364 4726 3517 4766 τινος
3552 4704 3729 4758 τόπου.

2104 4800 2247 4872 Ἐφη
2305 4799 2406 4870 γάρ
2453 4817 2537 4857 τις
2594 4799 2699 4849 τῶν
2760 4798 3082 4870 προφητῶν
3142 4819 3169 4845 ι(
3204 4792 3301 4855 Τίς
3359 4791 3624 4866 ἐμέτρησε
3673 4794 3733 4863 τῇ

2106 4888 2252 4963 χειρὶ
2287 4888 2455 4942 αὐτοῦ
2515 4886 2613 4954 τήν
2663 4884 2961 4953 θάλασσαν,
3006 4882 3098 4939 καὶ
3142 4882 3269 4948 τοὺς
3316 4881 3586 4957 οὐρανοὺς
3625 4900 3731 4935 σπιο

419 5063 443 5099 ⁹
470 5066 624 5123 Psal.
657 5082 734 5136 xi,
763 5070 816 5123 7.
899 5066 943 5103 ιθ
972 5065 1127 5123 Psal.
1162 5081 1291 5135 cxv,
1324 5066 1377 5121 3.
1458 5066 1501 5105 ¹¹
1533 5064 1682 5121 Ibid.
1722 5068 1775 5119 5.
1855 5062 1903 5099 ιε
1929 5064 1987 5118 Je

2096 5077 2145 5117 [ι.
2173 5077 2275 5131 xu,
2309 5062 2397 5119 12.
2475 5058 2693 5129 ίῆῑλιο.
2724 5076 2764 5129 ι,
2800 5060 2886 5113 35.

1711 5248 1947 5304 VARUE
1987 5244 2391 5303 LECTIONES.

422 5374 507 5447 (p)
538 5373 709 5446 Apud
739 5376 998 5446 Lequien
1029 5391 1193 5432 num.
1225 5376 1282 5447 2,
1314 5392 1445 5448 pag.
1481 5375 1603 5430 466.
1682 5375 1755 5446 (q)
1789 5372 2034 5447 Λέγεται.

1929 5528 2152 5583 NOTAE.

422 5658 499 5730 (2)
530 5651 745 5711 Confer
774 5651 1218 5725 Guadagnolum
1250 5655 1492 5728 Apolog.
1522 5672 1653 5728 pag.
1687 5658 1810 5711 2T1.
1844 5654 1967 5709 Imo
2001 5657 2185 5708 totam
2216 5648 2462 5709 consule
2488 5648 2857 5723 Apologi‘am.
