4044 6218
283 317 426 377 1345

1277 317 1704 372 DISPUTATIO
1737 318 2096 374 SARACENI
2134 323 2227 377 ET
2262 326 2718 401 CHRISTIANIJ

3551 337 3690 394 1346

284 447 453 518 θαμῇ,
487 448 661 499 πᾶσαν
691 445 789 513 τήν
823 449 927 518 γῆν
961 441 1156 516 δρακί;
1194 464 1217 494 υ
1276 441 1377 498 Καὶ
1430 439 1594 511 ὅλως,
1645 444 1818 496 πάντα
1861 444 1928 497 τὰ

2069 450 2386 521 OI‘pOI‘lbllS
2445 458 2905 526 pronuntiatur;
2960 459 3111 513 Deus
3157 465 3353 515 autem
3411 465 3688 521 universa

289 534 456 591 ὕδατα
509 537 614 591 ὑπὸ
675 540 876 611 χειρῶν
929 534 1061 589 εἰσιν
1120 538 1219 588 τοῦ
1274 538 1407 588 Θεοῦ
1465 535 1572 607 [καὶ
1636 535 1663 587 6
1715 533 1936 606 οὐρανὸς

288 624 535 701 ὃρακίἿ.
573 630 697 687 Πῶς
754 623 1025 701 ἐνδέχεται
1092 624 1251 685 αὐτὸς
1310 621 1421 693 ῗδὶᾳ
1478 624 1626 698 ⁹ίειρὶ
1680 627 1749 695 τῇ
1807 644 1937 677 κατ-

290 716 496 791 εχούσῃ
523 716 591 771 τὰ
620 717 794 770 πάντα
823 710 1119 784 καταϐῆναι
1176 713 1266 768 καὶ
1315 708 1575 782 ἀναϐῆναι
1607 735 1620 782 ;
1674 714 1796 768 Ἐὰν
1846 712 1937 767 καί

286 804 540 880 ἐρωτήσῃ
578 825 635 859 σε
671 806 699 859 ὁ
734 805 1049 880 Σαρακηνὸς
1103 801 1299 877 λέγων·
1362 803 1459 857 Καὶ
1519 802 1565 856 εἰ
1623 802 1753 864 Θεὸς
1810 803 1876 871 ἦν
1908 804 1935 856 6

283 895 539 968 Χριστὸς,
598 892 688 947 καὶ
748 890 940 970 ἔφαγεν
1001 893 1089 947 καὶ
1147 886 1314 961 ἔπιεν,
1373 892 1463 946 καὶ
1521 889 1787 960 ὕπνωσεν,
1846 892 1933 945 καὶ

286 984 355 1038 τὰ
384 980 549 1053 ἐξῆς;
582 982 699 1037 εἰπὲ
740 980 906 1053 αὐτῷ,
965 981 1049 1036 ὅτι
1105 983 1166 1039 Ὀ
1219 980 1551 1056 προαιώνιος
1614 982 1787 1057 Λόγος
1841 984 1937 1034 τοῦ

290 1075 448 1141 Θεοῦ,
483 1073 512 1126 6
549 1070 735 1133 κτίσας
790 1071 858 1127 τὰ
913 1072 1219 1143 σύμπαντα,
1276 1071 1455 1134 καθὼς
1508 1069 1651 1145 λέγει
1682 1071 1717 1138 ἡ
1752 1071 1936 1146 Γραφή

294 1181 424 1233 μου,
450 1159 540 1215 καὶ
567 1162 600 1229 ἡ
632 1161 812 1237 γραφή
846 1180 963 1229 σου,
996 1159 1154 1222 αὐτὸς
1188 1159 1248 1214 ἐκ
1273 1166 1374 1228 τῆς
1406 1160 1602 1234 σαρκὸς
1628 1166 1728 1228 τῆς
1784 1159 1940 1233 ἁγίας

300 1248 577 1325 Παρθένου
608 1248 823 1323 Μαρίας
856 1247 1141 1323 ἄνθρωπος
1169 1248 1462 1324 γενόμενος
1493 1248 1722 1317 τέλειος,
1756 1247 1939 1312 ἔννους

288 1339 377 1394 καῖ
413 1337 685 1413 ἔμψυχος·
722 1338 923 1400 ἐκεῖνος
955 1335 1168 1415 ἔφαγεν,
1204 1338 1295 1393 καὶ
1327 1337 1497 1408 ἔπιεν,
1528 1339 1613 1392 καὶ
1650 1337 1941 1409 ὕπνιωσεν,

288 1429 319 1483 6
350 1426 408 1482 δὲ
435 1426 609 1503 Λόγος
637 1432 733 1483 τοῦ
756 1432 888 1483 Θεοῦ
907 1428 1005 1483 οὐκ
1030 1426 1218 1503 ἔφαγεν
1243 1425 1372 1482 οὐδὲ
1401 1423 1545 1482 ἔπιεν
1576 1425 1700 1482 οὐδὲ
1729 1428 1943 1483 ὕπνωσε

290 1514 417 1571 οὐδὲ
447 1516 786 1586 ἐσταυρώθη,
817 1517 907 1571 καὶ
937 1517 1001 1571 τὰ
1033 1517 1177 1587 ἑξῆς.
1212 1518 1446 1572 Γίνωσκε
1494 1514 1572 1586 δὲ,
1621 1518 1704 1572 ὅτι
1735 1519 1763 1572 6
1802 1525 1939 1593 Χρι-

291 1608 417 1669 στὸς
452 1605 683 1669 διπλοῦς
721 1608 816 1679 μὲν
876 1608 1088 1681 λέγεται
1145 1612 1265 1668 ταῖς
1324 1605 1564 1684 φύσεσιν,
1627 1609 1702 1668 εἷς
1761 1605 1817 1662 δὲ
1874 1612 1940 1680 τῇ

296 1696 609 1753 ὑποστάσει.
668 1698 763 1758 Εἷς
820 1698 921 1771 γὰρ
954 1696 1345 1769 ὁπροαιώνιος
1403 1696 1576 1767 Λόγος
1631 1700 1731 1749 τοῦ
1787 1701 1940 1765 Θεοῦ,

2040 545 2512 614 comprehendit,
2546 547 2649 601 sed
2702 564 2821 601 non
2872 549 3397 619 comprehenditur
3438 553 3511 607 ab
3558 554 3683 608 ullo

2041 630 2191 686 loco.
2226 634 2323 688 Ait
2362 652 2618 706 namque
2676 636 2919 706 quidam
2975 639 3436 709 prophetarum:
3494 662 3519 691 ιι
3545 643 3684 706 Quis

2043 736 2286 776 mensus
2316 728 2405 777 est
2434 740 2614 779 manu
2646 742 2755 780 sua
2783 742 2967 792 mare,
3002 733 3060 780 et
3090 728 3268 783 caelos
3299 729 3515 799 palmo,
3567 746 3683 800 pu-

2041 808 2181 880 gillo
2242 816 2459 866 terram
2518 814 2855 869 universam
2891 815 2980 869 “‘2
3030 838 3057 864 »
3104 818 3173 869 Et
3224 818 3468 872 omnino
3519 834 3685 888 aqua:

2041 900 2332 954 universa,
2366 901 2473 955 sub
2507 920 2689 957 manu
2719 905 2821 957 Dei
2855 909 3110 959 sunt.....
3162 906 3267 969 Qui
3322 906 3448 961 ﬁeri
3497 911 3692 977 potest

2044 992 2108 1041 ut
2137 990 2187 1043 is
2211 1006 2391 1045 mann
2426 1008 2531 1045 sua
2562 992 2905 1047 continente
2937 993 3236 1061 universa,
3260 994 3693 1051 descendatvel

2045 1078 2372 1134 ascendat?
2402 1082 2471 1134 Et
2530 1082 2578 1134 si
2637 1082 3086 1153 interrogaverit
3144 1087 3198 1137 te
3240 1084 3568 1139 Saracenus
3614 1084 3696 1139 di-

2046 1182 2224 1222 cens:
2260 1168 2563 1239 Siquidem
2609 1172 2756 1225 Deus
2788 1178 2914 1226 erat
2963 1172 3250 1239 Christus,
3302 1189 3419 1243 qua
3464 1172 3696 1228 ratione

2047 1257 2305 1311 comedit
2334 1263 2393 1311 et
2417 1258 2568 1313 bibit
2626 1266 2684 1313 et
2723 1260 3018 1327 dormivit,
3071 1266 3180 1315 etc.
3229 1262 3331 1316 Dic
3372 1262 3458 1316 ei:
3504 1264 3694 1316 [liter-

2047 1361 2190 1398 num
2237 1346 2489 1401 Verbum
2552 1349 2674 1414 Dei,
2731 1348 2889 1419 quod
2938 1350 3157 1404 creavit
3211 1350 3434 1415 omnia,
3492 1356 3559 1405 ut
3613 1349 3697 1405 ait

2048 1433 2349 1504 Scriptura
2377 1452 2511 1491 mea
2544 1442 2601 1491 et
2633 1443 2749 1501 tua,
2782 1438 3105 1507 ipsummet
3133 1455 3203 1493 ex
3246 1455 3423 1493 carne
3477 1445 3696 1493 sanctas

2051 1524 2305 1593 Virginis
2355 1525 2546 1579 Maria)
2605 1525 2794 1579 factus
2855 1526 3031 1580 homo
3089 1527 3407 1596 perfectus.
3467 1528 3698 1581 ratione

2051 1619 2108 1666 et
2136 1613 2336 1666 anima
2369 1613 2669 1683 praeditus,
2707 1614 2755 1668 is
2787 1620 2876 1667 est
2909 1616 3008 1684 qui
3050 1615 3307 1669 comedit
3335 1615 3601 1684 bibitque
3632 1630 3699 1668 ac

2059 1701 2453 1756 dormivit.At
2475 1702 2729 1756 Verbum
2768 1704 2866 1757 Dei
2931 1720 3033 1757 nec
3085 1704 3344 1758 comedit
3386 1720 3496 1757 nec
3553 1702 3703 1756 bibit

294 1785 387 1839 καὶ
423 1785 556 1857 μετᾶ
585 1786 683 1853 τήν
713 1785 991 1860 πρόληψιν
1019 1794 1118 1855 τῆς
1174 1788 1367 1862 σαρκὸς
1435 1788 1806 1846 ὑποστατικῶς
1852 1788 1941 1841 καὶ

2069 1808 2164 1845 nec
2197 1791 2496 1855 dormivit,
2520 1808 2629 1845 nec
2657 1793 2815 1846 cruci
2850 1792 3091 1846 afﬁxum
3126 1798 3233 1859 est,
3285 1799 3395 1846 etc.
3449 1791 3699 1845 Adverte

296 1872 361 1927 οὐ
392 1878 653 1951 φυσικῶς
688 1874 749 1929 οὐ
795 1876 895 1950 γὰρ
950 1877 1249 1947 προσετέση
1307 1879 1374 1949 τῇ
1434 1873 1625 1950 Τριαδι
1684 1877 1935 1951 τέταρτον

2069 1885 2236 1933 .utem
2269 1880 2566 1934 Christum
2598 1881 2896 1951 duplicem
2954 1880 3069 1935 dici
3122 1881 3279 1951 quod
3323 1880 3395 1935 ad
3443 1885 3692 1935 naturas

290 1960 589 2036 πρόσωπον
625 1964 758 2035 μετά
785 1966 885 2032 τὴν
916 1964 1152 2040 ἄρῥητον
1187 1959 1376 2019 ἔνωσιν
1407 1972 1506 2034 τῆς
1540 1964 1757 2038 σαρκός.

2039 1969 2270 2035 attinet,
2326 1986 2511 2023 unum
2569 1986 2704 2023 vero
2764 1970 3090 2041 hypostasi.
3174 1971 3340 2024 Unus
3393 1970 3552 2024 enim
3610 1973 3701 2024 est

293 2060 585 2109 internum
618 2054 872 2110 Verbum
906 2056 1009 2111 Dei
1041 2056 1220 2112 etiam
1251 2062 1384 2128 post
1412 2062 1779 2128 assumptum
1810 2072 2070 2122 carnem,
2098 2057 2398 2127 hypostasi
2435 2063 2634 2112 tamen
2691 2074 2811 2112 non
2861 2065 3092 2113 natura.
3150 2060 3348 2129 Neque
3397 2059 3558 2112 enim
3610 2061 3701 2113 est

294 2142 531 2215 adjecta
560 2149 651 2199 est
677 2144 946 2199 Trinitati
978 2151 1190 2215 quarta
1221 2145 1493 2216 quendam
1526 2161 1781 2216 persona
1810 2150 1943 2215 post
1971 2146 2339 2200 ineffabilem
2371 2147 2700 2200 unitionem
2734 2148 2951 2201 earnis.

369 2230 432 2289 Ὀ
484 2236 639 2288 ΣΑΡ.
698 2233 821 2289 Ὅτι
879 2232 945 2302 ἢν
1004 2230 1186 2307 ἐγετελ
1243 2235 1307 2305 (s)
1367 2233 1544 2297 θεῖκὸν
1604 2231 1856 2287 ἀπέθανεν
1905 2229 1941 2301 ἤ

304 2322 411 2393 ζῇς

375 2409 511 2466 Εἰπὲ
565 2409 733 2483 αὐτῷ’
794 2409 894 2466 οὐκ
950 2408 1230 2479 ἀπέθανεν,
1291 2410 1506 2488 θαῤῥῶν
1560 2415 1628 2485 τῇ
1698 2414 1942 2488 Γραφικῇ

293 2496 587 2571 ἀποδείξει.
622 2501 781 2574 Λέφει
811 2502 912 2575 γὰρ
942 2504 976 2571 ἡ
1010 2502 1195 2577 Γραιφή
1228 2501 1584 2576 περὶτούτουο
1615 2525 1640 2551 ‹‹
1663 2500 1863 2564 Ἦλθεν
1884 2504 1944 2573 (ι)

293 2587 378 2643 ἆπ’
412 2589 577 2657 αὐτὴν
609 2589 637 2643 6
668 2591 890 2664 φυσικὸς
914 2594 1022 2645 τῶν
1079 2590 1378 2664 ἀνθρώπων
1440 2590 1663 2650 Θάνατος
1719 2593 1942 2660 μνήμην

295 2678 565 2752 καθᾶρξας
596 2680 630 2749 ἢ
666 2680 1070 2753 χειρωσάμενος
1100 2680 1236 2752 πρὸς
1264 2678 1315 2733 ἐν
1348 2681 1483 2750 ἡμῖν
1509 2676 1698 2752 ἂπαγε.
1723 2677 1946 2741 ’Ἄλλως

306 2770 435 2844 φέρε
467 2767 657 2824 εἰπεῖν.
690 2769 746 2821 Ὀ
773 2774 990 2842 πρῶτος
1049 2765 1333 2843 ἃνθρωπος
1389 2766 1653 2836 ὕπνωσεν,
1713 2769 1800 2822 καὶ
1846 2768 1946 2835 τήν

303 2857 545 2931 πλευρὰν
579 2858 845 2930 ἀφῃρέθη.

377 2946 438 3002 Ὁ
471 2949 621 3003 ΣΑΡ.
658 2944 797 3002 Ἰδοὺ
828 2949 903 3018 (u)
934 2946 1257 3022 πέπληγμαι
1290 2943 1343 3001 ἔν
1369 2967 1476 3001 τινι
1506 2946 1662 3017 τόπῳ
1690 2951 1789 3014 τῆς
1823 2964 1951 3019 σαρ-

308 3035 404 3097 κός
440 3056 566 3107 μου,
600 3036 686 3090 καὶ
742 3036 1013 3110 πληγεῖσα
1043 3039 1078 3105 ἡ
1112 3038 1238 3112 σάρξ
1301 3033 1553 3110 μώλωπα
1612 3032 1949 3103 ἀπετέλεσεν,

2124 2235 2373 2289 SAltAC.
2408 2235 2571 2299 Quod
2603 2235 2869 2290 divinum
2918 2235 3137 2303 dicitis,
3184 2240 3564 2291 mortuumne
3614 2238 3705 2290 est

2053 2340 2129 2378 an
2161 2324 2303 2377 vivit
2321 2322 2348 2377 ‘P

2126 2412 2435 2483 Responde
2464 2412 2551 2466 illi
2582 2429 2703 2467 non
2734 2412 2917 2468 fuisse
2962 2418 3261 2468 mortuum
3308 2413 3495 2469 fretus
3545 2411 3699 2467 Scri-

2054 2502 2270 2573 pturali
2330 2502 2859 2558 demonstratione.
2921 2503 3017 2557 Ait
3076 2504 3234 2558 enim
3283 2503 3356 2558 de
3396 2504 3507 2559 hoc
3552 2502 3700 2557 Scri-

2056 2597 2263 2662 ptura:
2294 2592 2492 2658 (Venit
2518 2591 2592 2645 ad
2623 2592 2812 2661 ipsam
2844 2592 3133 2645 naturalis
3163 2592 3495 2660 [hominum
3539 2607 3703 2645 mors

2058 2680 2405 2734 memoriam
2463 2679 2761 2733 lacessens
2812 2679 2899 2732 vel
2959 2678 3240 2749 subigens
3296 2679 3370 2732 ad
3418 2680 3480 2732 in
3528 2678 3702 2732 nobis

2058 2784 2258 2839 apage.
2294 2768 2480 2821 Aliter
2510 2772 2577 2820 ut
2604 2768 2686 2820 ita
2716 2766 2910 2820 dicam
2934 2768 3032 2835 (3).
3066 2766 3297 2819 Primus
3330 2766 3506 2819 homo
3564 2765 3703 2819 dor—-

2060 2856 2244 2921 mivit,
2271 2860 2328 2909 et
2358 2860 2518 2909 costa
2551 2854 2620 2909 ab
2654 2872 2721 2909 eo
2754 2860 2924 2925 capta
2956 2860 3064 2909 est.

2135 2943 2382 2999 SABAC.
2414 2946 2560 2998 Ecce
2592 2943 2825 3015 plagam
2855 2943 3055 3014 accepi
3087 2947 3249 2997 certo
3298 2941 3556 3012 quodam
3579 2942 3710 2997 loco

2065 3035 2261 3089 carnis
2293 3049 2461 3100 meae,
2494 3032 3035 3105 plagaquefaﬂ‘ecta
3082 3047 3217 3087 caro
3266 3031 3516 3086 vibicem
3568 3048 3713 3087 con-

305 3124 400 3179 καὶ
433 3098 484 3179 ἔν
512 3098 592 3197 tib
626 3098 1101 3200 ucblwttiiyévero
1133 3098 1374 3198 σκώληξ.
1427 3123 1524 3185 Τίς
1578 3123 1736 3178 αὐτὸν
1786 3098 1948 3178 ἔπλαέ

2069 3124 2264 3192 traxit,
2297 3129 2355 3177 et
2382 3123 2442 3176 in
2474 3122 2659 3177 vibice
2708 3122 2924 3175 vermis
2970 3125 3181 3176 enatus
3231 3127 3338 3176 est.
3390 3120 3530 3185 Quis
3575 3137 3711 3176 eum

314 3234 401 3269 σεν
434 3234 448 3283 ;

393 3303 453 3360 Ὀ
510 3304 692 3360 ΧΡΙΣ.
754 3303 913 3377 Λέγει
970 3303 1033 3357 τὸ
1089 3302 1177 3357 καὶ
1230 3302 1588 3379 προείπομεν·
1657 3302 1789 3375 μετὰ
1863 3301 1963 3369 τὴν

313 3391 541 3467 πρώτην
573 3386 857 3464 ἑϐδομαδα
900 3397 1000 3460 τῆς
1049 3390 1437 3463 κοσμοποιίας,
1489 3390 1598 3466 οὐχ
1645 3389 1962 3463 ἐὺρίσκομεν

318 3479 716 3552 οἱονδηποτοῦν
766 3487 991 3558 πρᾶγμα
1046 3480 1326 3537 πλάσαντα
1374 3483 1466 3537 τὸν
1526 3482 1673 3545 Θεὸν,
1707 3481 1741 3551 ἢ
1792 3478 1963 3535 πλάτ-

312 3591 500 3627 τοντοι⁸
536 3569 680 3627 ἀλλὰ
735 3575 816 3642 τῷ
873 3573 1247 3646 προστάγματι
1304 3575 1401 3625 τοῦ
1459 3574 1592 3625 Θεοῦ
1650 3570 1962 3645 προσετάγη

312 3659 369 3715 ἐν
401 3664 469 3734 τῇ
528 3662 718 3737 πρώτῃ
776 3655 1063 3732 ἐϐδομάδι,
1119 3661 1208 3714 καὶ
1266 3658 1509 3735 ἐγένοντο
1564 3659 1632 3714 τὰ
1686 3657 1962 3731 γινόμενα.

314 3749 467 3806 Μετᾶ
493 3755 610 3811 τοῖς
669 3750 1051 3824 προστάγμασι
1110 3748 1400 3824 κατεκρίθη
1461 3752 1532 3820 (υ)
1589 3749 1679 3802 καὶ
1740 3748 1967 3811 ἀκάνθας

313 3840 405 3894 καὶ
437 3834 732 3911 τριϐόλους
869 3838 1001 3894 Τότε
1028 3836 1085 3893 δὲ
1114 3839 1202 3893 καὶ
1236 3839 1271 3907 ἡ
1306 3838 1431 3913 σάρξ
1489 3840 1650 3911 ἡμῶν
1699 3842 1966 3914 κριθεῖσα,

319 3930 490 4003 μέχρι
544 3935 646 3999 τῆς
707 3930 948 4003 σήμερον
1006 3932 1228 4006 φθεῖρας
1298 3926 1389 3981 καὶ
1470 3926 1763 3997 σκώληκας
1839 3927 1969 3981 ἀνα-

317 4021 519 4074 τελεῖν.

395 4107 457 4163 Ὀ
489 4111 639 4164 ΣΑΡ.
672 4107 884 4181 Ἐρωτᾷ
907 4106 999 4161 τὸν
1048 4103 1390 4177 Χριστιανόψ
1454 4105 1660 4161 Λοιπὸυ
1714 4107 1799 4167 τίς
1857 4104 1970 4161 ἐστι

318 4194 473 4271 παρὰ
498 4194 580 4249 σοέ
616 4196 814 4269 μείζων
849 4197 948 4268 (y),
979 4196 1007 4249 6
1041 4195 1245 4271 ἁγιάζω
1276 4192 1311 4264 ἤ
1347 4195 1374 4249 6
1406 4196 1798 4272 ἁγιαζόμενος;

392 4372 558 4436 Γνοὺς
590 4371 645 4429 δὲ
676 4374 703 4429 6
735 4376 961 4432 ΧΡΙΣΤ.
1009 4374 1109 4442 τὴν
1164 4372 1401 4429 ἔνοπλον
1460 4373 1624 4429 αὐτοῦ
1679 4372 1970 4449 ἐρώτησιν,

313 4465 484 4519 εἶπεν·
512 4466 577 4517 ’⁷0
608 4462 784 4526 Θέλεις
815 4463 985 4519 εἰπεῖν
1016 4464 1290 4540 γινώσκω.

393 4612 441 4646 ¹⁴
465 4612 576 4667 Isa.
609 4628 688 4680 xx,
721 4614 806 4668 12.

2062 3214 2381 3271 formavit?

2135 3305 2294 3359 ΕΗΒ.
2330 3304 2482 3358 Dicit
2513 3300 2670 3373 quod
2702 3307 2756 3355 et
2806 3300 3037 3371 praafati
3088 3316 3314 3355 sumus.
3363 3302 3504 3355 Post
3550 3299 3715 3371 prio-

2066 3411 2192 3448 rem
2224 3392 2657 3447 hebdomadam
2688 3390 3005 3445 creationis
3039 3389 3267 3457 mundi,
3320 3406 3438 3444 non
3485 3388 3714 3460 reperi-

2068 3500 2202 3537 mus
2230 3482 2417 3537 ullam
2447 3498 2572 3535 rem
2604 3480 2894 3535 formasse
2925 3484 3028 3535 aut
3056 3478 3314 3534 formare
3348 3480 3553 3533 Deum.
3600 3476 3715 3534 Sed

2070 3570 2347 3626 mandate
2383 3569 2479 3624 Dei
2514 3574 2872 3640 praeceptum
2909 3572 2998 3622 est
3036 3568 3097 3622 in
3128 3568 3320 3638 prima
3358 3567 3462 3623 illa
3490 3566 3718 3622 hebdo-

2071 3660 2265 3723 mada,
2300 3659 2658 3728 fueruntque
2687 3674 2817 3727 qua:
2874 3662 3032 3711 sunt.
3081 3657 3303 3713 Deinde
3346 3655 3720 3728 jussionibus

2072 3750 2351 3804 damnata
2383 3753 2471 3803 est
2503 3753 2658 3801 terra
2687 3747 3060 3818 (germinare)
3088 3750 3146 3800 et
3202 3747 3405 3817 spinas
3445 3750 3503 3800 et
3531 3744 3722 3800 tribu-

2072 3839 2183 3893 los.
2217 3839 2377 3891 Tunc
2409 3836 2586 3891 etiam
2618 3852 2753 3890 caro
2809 3840 3017 3890 nostra
3061 3834 3363 3905 damnata,
3416 3850 3605 3905 usque
3658 3833 3724 3889 in

2073 3935 2429 4000 praesentem
2462 3926 2620 3981 diem
2653 3925 2960 3997 pediculos
2992 3931 3050 3979 et
3074 3941 3308 3980 vermes
3338 3924 3547 3998 gignit.

2147 4106 2392 4161 SABAC.
2475 4105 2803 4174 Interrogat
2864 4101 3267 4156 Christianum
3332 4116 3345 4153 :
3432 4100 3722 4153 Caeterum

2076 4214 2209 4251 vero
2234 4196 2367 4266 quis
2397 4192 2553 4263 apud
2588 4197 2639 4247 te
2669 4191 2859 4262 major
2890 4196 3000 4256 est,
3033 4190 3133 4260 qui
3167 4187 3495 4243 sanctiﬁcat
3523 4202 3600 4241 an
3621 4185 3725 4257 qui

2079 4285 2487 4341 sanctiﬁcatur
2510 4281 2537 4336 ?

2149 4377 2491 4443 Agnoscens
2522 4385 2655 4423 vero
2716 4366 2988 4434 CHRIST,
3036 4364 3316 4421 hostilem
3366 4364 3493 4436 ejus
3545 4362 3730 4417 inter-

2010 4448 2050 4510 ί)
2083 4460 2454 4533 rogationem
2485 4456 2603 4512 ait:
2628 4455 2795 4521 Quod
2830 4455 2936 4510 tibi
2966 4454 3074 4521 vis,
3105 4453 3396 4525 intelligo.

1692 4707 1944 4763 VARKE
1984 4704 2366 4762 LECTIONES

390 4854 458 4923 (τ’)
491 4854 625 4909 Hac
654 4854 977 4909 oscitanter
1007 4852 1251 4908 inserta.

1328 4852 1395 4923 (ε)
1427 4851 1547 4908 ”Οτ’
1576 4849 1634 4904 ἃν
1668 4848 1803 4924 λὲγῃ
1832 4850 1916 4908 τό.
1951 4853 2016 4905 In
2072 4847 2390 4924 Lequienio
2448 4842 2506 4924 ὃν
2560 4843 2750 4924 λέγετε
2797 4843 2948 4924 Θεὸν,
2989 4840 3240 4924 ᾆπὲθανε.
3293 4844 3477 4924 Quem
3524 4841 3719 4924 dic-itis

316 4914 530 4991 Deum,
560 4924 1072 4996 mortuusne‘est?
1144 4925 1206 4996 (ι)
1242 4914 1425 4996 Locus
1457 4914 1960 4995 corruptis'simus,
1993 4928 2051 4976 et
2081 4914 2274 4996 quiin
2308 4914 2870 4996 LequienioZdeest.‘
2916 4915 3002 4996 με)
3033 4914 3387 4996 Lequienius
3407 4931 3573 4996 num.
3599 4919 3653 4971 6.

316 4996 394 5067 (υ)
428 4989 705 5067 Lequien.
742 4995 875 5068 μετὰ
908 4991 964 5068 δὲ
995 4989 1427 5068 ςήνλτξαράϐαςιν
1458 4989 1646 5051 κατεκξ
1672 4998 1811 5050 Post
1852 4989 2383 5068 transgressionem
2415 5005 2569 5053 vero,
2605 4992 2714 5041 etc.

1332 5069 1400 5140 (ι)
1435 5068 1713 5139 Lequien.
1743 5083 1908 5121 num.
1939 5067 1993 5133 8,
2029 5082 2159 5137 pag.
2193 5065 2324 5117 469.

316 5072 721 5141 κατακριθεῖσα.

800 5070 873 5139 (y)
910 5064 1251 5123 Ἀνατέλλει.

2794 4987 2876 5057 (αξ)
2916 4984 3257 5040 Ἀνατέλκειν
3304 4986 3438 5058 Leq.
3477 4992 3537 5041 et
3588 5002 3727 5043 mox

1904 5253 2125 5309 NOTzE.

390 5391 465 5460 (3)
500 5391 555 5445 S.
592 5390 858 5447 Andreas
888 5393 1186 5449 Cretensis
1216 5398 1363 5447 orat.
1398 5394 1458 5447 in
1492 5390 1741 5447 Dormit.
1766 5389 1972 5460 S.AMa-

315 5457 425 5535 rite
452 5457 481 5529 §
515 5480 548 5535 v
580 5461 752 5518 initio
784 5464 856 5535 de
920 5471 1106 5519 morte
1167 5465 1437 5535 Deiparae
1490 5463 1702 5535 habei:
1760 5457 1975 5535 Μέχρις

316 5531 552 5609 αᾷτῆςρ
612 5534 835 5609 φυσικὸς
895 5539 1005 5609 τῶν
1060 5531 1360 5609 ἀνθρώπων
1422 5532 1674 5609 ἐχώρησε
1730 5531 1973 5609 θᾷνατος,

322 5554 489 5602 αυτης
524 5554 552 5587 ο
612 5554 835 5609 φυσικος
895 5555 1000 5589 των
1060 5554 1360 5602 ανθρώπων
1422 5554 1445 5588 ε
1493 5554 1674 5607 ωρησε
1730 5554 1973 5598 θανατος,

322 5603 385 5685 οὐ
446 5605 915 5685 μήν’-,καθεῖρξας,
977 5606 1051 5667 ὡς
1088 5606 1163 5685 ’ἐν
1226 5609 1388 5685 ᾐμῖν.
1449 5554 1974 5685 ξ-χειρωσάμενος,

324 5676 523 5750 ἄπαγε.
557 5677 705 5734 Hinc
736 5679 905 5735 locus
940 5676 1282 5737 omnimodo
1316 5676 1689 5748 emendatur,
1723 5676 1981 5750 explica-

2084 5390 2295 5453 turque
2319 5380 2461 5453 quid
2502 5381 2579 5435 sit
2599 5381 2961 5453 Scripturalis
2992 5377 3405 5453 demonstratio.
3438 5380 3734 5433 Prasterea

2083 5450 2273 5525 liquet
2304 5450 2637 5525 orationem
2698 5452 2861 5525 illam
2916 5451 3208 5525 Cretensi
3246 5450 3550 5517 tributam,
3592 5453 3732 5505 ante

2086 5522 2466 5597 scriptionem
2497 5524 2676 5597 hujus
2708 5522 3096 5597 dialogisatis
3138 5522 3336 5597 tritam
3384 5534 3729 5597 magnasque

2086 5590 2455 5653 auctoritatis
2487 5590 2692 5661 fuisse,
2744 5612 2880 5650 cum
2931 5594 3306 5667 Scripturalis
3352 5590 3585 5649 audiret
3630 5590 3734 5643 de-

2086 5667 2460 5728 monstratio.
