4040 6204
239 390 380 447 1349

1451 391 1835 446 ADVERSUS
1867 387 2425 444 ICONOCLASTAS.

3512 394 3653 451 1350

236 514 373 567 εἶναι
404 506 717 586 προϐάτων,
751 509 841 567 διά
871 509 1026 582 δόξαν
1053 513 1212 581 κενὴν
1244 511 1335 566 καὶ
1394 515 1582 584 μόνον,
1624 516 1732 565 τῶν
1766 513 1883 566 Πα-

2012 509 2404 581 praaditarum.
2432 510 2506 565 ob
2538 528 2750 567 vanam
2784 512 3075 569 duntaxat
3132 515 3406 587 gloriam,
3456 524 3651 588 pater-

235 603 408 674 τέρων
438 601 537 663 τὰς
594 602 777 678 φωνὰς
836 605 1248 678 παρωσάμενοι,
1306 602 1442 655 κατᾶ
1495 608 1596 669 τῆς
1654 600 1889 660 πίστεως

238 689 465 752 ἑαυτοὺς
525 691 866 763 ὁπλίσαντες,
918 692 985 746 τὰ
1039 693 1214 766 ὀρθῶς
1277 692 1364 746 ὑπ’
1422 690 1597 744 αὐτῶν
1658 687 1891 763 ῥηθέντα

242 774 589 854 στρεϐλοῦσι,
621 782 757 834 κατὰ
783 781 875 835 τὸν
899 777 1165 853 ἀδόκιμον
1214 779 1387 835 αὐτῶν
1438 780 1526 833 καὶ
1573 777 1893 849 τεθολωμέ-

244 887 337 921 νον
394 872 521 922 νοῦν
575 865 941 935 διδάσκοντες,
1016 872 1190 945 ’Ἃπερ
1269 869 1443 924 πάντα
1517 868 1721 923 ἐνώπια
1775 872 1891 928 τοῖς

244 954 510 1027 συνιοῦσι,
569 956 661 1012 καὶ
719 958 853 1032 ὀρθὰ
904 964 1021 1020 τοῖς
1077 959 1395 1032 εῦρίσπονσι
1474 962 1697 1033 γνῶσιν,
1758 956 1895 1011 κατᾶ

239 1045 305 1098 τὸ
334 1047 743 1120 γεγραμμένον.
777 1047 844 1103 Οἱ
879 1047 975 1118 μὲν
1002 1048 1107 1122 γὰρ
1140 1044 1268 1122 δόξῃ
1301 1048 1374 1120 (3)
1402 1048 1490 1101 καὶ
1543 1048 1765 1119 καθαρῷ
1792 1051 1892 1113 τῆς

248 1130 490 1196 διανοίας
523 1130 733 1207 ὄμματι
763 1140 882 1199 τοῖς
903 1137 1073 1210 ἱεροῖς
1129 1144 1227 1205 τῆς
1272 1135 1631 1200 θεοπνεύστου
1678 1140 1896 1212 Γραφῆς

244 1223 737 1298 περιτυγχάνοντες
796 1223 1004 1300 λόγοις,
1065 1222 1264 1303 ὄφελος
1312 1230 1482 1293 θεῖον,
1536 1222 1718 1299 ὣσπερ
1774 1222 1897 1277 τινὰ

242 1311 495 1387 οὐράνιον
525 1313 820 1387 θησαυρὸν,
850 1319 971 1376 ταῖς
1030 1314 1206 1369 αὐτῶν
1263 1314 1613 1383 εἷσοικίζουσι
1663 1316 1891 1387 ψυχαῖςο

244 1401 302 1455 οἱ
335 1398 393 1456 δὲ
420 1401 513 1456 τὸν
546 1406 671 1456 νοῦν
721 1400 940 1477 ἔχοντες
995 1408 1073 1475 τῷ
1120 1400 1303 1477 ψεύδει
1356 1402 1749 1479 προσνευκύτα,
1805 1401 1896 1456 καὶ

241 1496 347 1559 τῆς
370 1511 533 1544 τινων
565 1491 971 1565 ἀθυροστομίας
992 1494 1336 1565 ἡττώμενον,
1366 1492 1456 1547 καὶ
1485 1487 1727 1567 βεϐήλου
1752 1490 1900 1565 γνώ-

250 1598 388 1637 σεως
420 1578 675 1653 ἐραστὴν.
722 1578 939 1634 ἐκείνων
995 1578 1205 1636 ἔσονται
1262 1581 1537 1649 κοινωνοὶ,
1584 1581 1707 1654 περὶ
1761 1580 1837 1633 ὦν
1870 1579 1898 1633 ὁ

257 1667 524 1742 μακάριος
608 1667 824 1729 Παῦλος
908 1668 1122 1746 γράφει·
1203 1671 1292 1726 Ἐν
1380 1670 1459 1733 οἷς
1514 1670 1541 1723 ὁ
1601 1669 1731 1731 Θεὸς
1802 1672 1899 1723 τοῦ

246 1756 447 1818 αἰῶνος
501 1756 699 1812 τούτου
778 1757 1061 1834 ἐτύφλωσε
1141 1760 1206 1813 τά
1256 1760 1504 1830 νοήματα
1583 1763 1691 1813 τῶν
1770 1757 1896 1812 ἀπί-

1999 620 2107 658 nas
2137 620 2308 658 voces
2340 605 2743 675 repudiantes,
2778 607 3181 679 adversusque
3231 608 3409 663 ﬁdem
3465 617 3653 667 semet

1999 693 2111 762 ipsi
2145 698 2467 760 armantes,
2502 711 2633 764 quas
2666 702 2822 750 recte
2856 696 2927 750 ab
2962 697 3080 751 illis
3118 697 3275 751 dicta
3322 703 3463 751 sunt
3508 716 3647 754 con-

2001 786 2284 853 torquent
2330 783 2521 853 (juxta
2578 785 2956 855 reprobatam
3010 802 3177 841 suam
3235 785 3649 857 turbidamque

2000 878 2262 927 mentem
2295 873 2622 940 docentes),
2651 878 2803 943 (Quae
2836 878 3163 931 omnimodis
3210 879 3276 931 ob
3326 878 3508 932 oculos
3548 894 3650 947 po-

1998 960 2111 1016 sita
2139 969 2264 1016 sunt
2314 964 2764 1033 intelligentium,
2816 972 3076 1035 rectaque
3122 969 3191 1021 iis
3240 969 3337 1036 qui
3385 969 3656 1036 cognitio-

1998 1066 2122 1104 nem
2152 1053 2461 1113 inveniunt,
2495 1058 2562 1105 ut
2585 1053 2871 1123 scriptum
2898 1060 2987 1109 est
3016 1054 3112 1125 (b).
3150 1054 3241 1108 Illi
3301 1056 3453 1110 enim
3484 1060 3657 1111 acuta

2000 1155 2266 1210 puraque
2310 1141 2526 1195 mentis
2581 1143 2706 1195 acie
2768 1159 2965 1198 sacras
3020 1144 3301 1198 divinitus
3352 1144 3653 1216 inspirata)

2001 1226 2317 1297 Scripturaa
2351 1227 2527 1282 verba
2559 1228 2841 1300 legentes.
2868 1230 3133 1286 divinum
3157 1232 3649 1300 emolumentum,

2002 1315 2170 1384 quasi
2202 1317 2518 1386 quemdam
2546 1318 2846 1372 cmlestem
2877 1319 3242 1384 thesaurum,
3269 1321 3359 1374 sui
3387 1321 3650 1392 ipsorum

2001 1404 2314 1459 animabus
2347 1406 2709 1460 recondunt:
2746 1406 2843 1461 isti
2878 1424 3012 1463 vero
3060 1415 3320 1463 mentem
3373 1426 3508 1464 cum
3554 1410 3654 1465 ha-

2003 1492 2182 1547 beant
2208 1495 2281 1549 ad
2314 1494 2692 1549 mendacium
2726 1512 3106 1567 propensam.
3130 1514 3198 1552 ac
3221 1498 3651 1554 nonnullorum

2002 1582 2429 1652 impotentibus
2507 1584 2911 1639 locutionibus
3000 1586 3311 1654 devictam,
3389 1588 3654 1657 profana:

2004 1672 2182 1726 etiam
2218 1672 2484 1727 scientias
2538 1680 2859 1739 amantem,
2920 1675 3159 1729 illorum
3218 1677 3425 1746 utique
3470 1676 3656 1731 futuri

2004 1766 2145 1815 sunt
2176 1761 2510 1831 participes,
2546 1763 2617 1815 de
2659 1762 2873 1832 quibus
2911 1763 3120 1818 beatus
3142 1764 3359 1819 Paulus
3410 1765 3650 1821 scribit:

251 1866 417 1911 στων,
478 1845 554 1907 εἰς
611 1847 672 1900 τὸ
735 1847 811 1919 μή
872 1844 1153 1923 διαυγάσαι
1211 1847 1395 1910 αὐτοῖς
1451 1849 1541 1903 τὸν
1614 1847 1896 1919 φωτισμὸν

2012 1852 2068 1903 ιη
2099 1851 2295 1919 quibus
2330 1852 2471 1905 Deus
2499 1853 2683 1906 smculi
2715 1852 2875 1919 huius
2933 1857 3226 1908 emcaecavit
3273 1856 3515 1923 cogitata
3560 1857 3653 1909 in-

248 1940 349 1991 τοῦ
392 1935 735 2011 Εὐαγγελίου
790 1943 891 2006 τῆς
953 1934 1114 2007 δόξης
1169 1943 1264 1993 τοῦ
1322 1941 1578 2013 Χριστοῦ,
1637 1938 1696 2002 ’ὸς
1752 1938 1896 1991 ἐστιν

246 2025 408 2079 εἰκὼν
439 2029 536 2079 τοῦ
566 2029 721 2081 Θεοῦ,
752 2023 1137 2102 Τυφλώττουσι
1197 2027 1321 2101 γὰρ,
1379 2029 1469 2082 καὶ
1518 2027 1651 2082 εἰσιν
1699 2024 1895 2100 ὁδηγοὶ

246 2110 496 2187 τυφλῶν*
526 2118 815 2187 τοιγαροῦν
849 2114 1000 2169 οὗτοι
1028 2116 1117 2169 καὶ
1164 2120 1281 2177 τοῖς
1325 2118 1424 2185 τῆς
1472 2116 1749 2177 ἀπωλείας
1798 2114 1895 2187 ἐμ-

248 2201 510 2256 πίπτουσι
551 2202 790 2279 βόθροις.
846 2208 934 2264 Ὠς
988 2204 1089 2279 γὰρ
1146 2203 1306 2266 αὐτὸς
1365 2204 1393 2260 ὁ
1443 2208 1639 2277 Σωτὴρ
1689 2203 1892 2278 εἶ’ρηκε.

246 2290 465 2367 Τυφλὸς
519 2290 724 2367 τυφλὸν
785 2290 873 2346 ἐὰν
931 2289 1131 2367 ὁδηγῇ,
1213 2292 1512 2371 ἀμφότεροι
1588 2293 1667 2354 εἷς
1741 2290 1897 2367 βόθυ·

246 2399 343 2434 τον
402 2377 787 2453 ἐμπεσοῦνται,
845 2379 1299 2455 Καταφλυαροῦσι
1355 2382 1535 2437 τοίνυν
1587 2381 1730 2443 τινὲς
1788 2384 1893 2435 τῶν

246 2474 354 2537 τῆς
386 2467 639 2543 ἂλρθείας
666 2469 916 2544 Πατέρων
974 2471 1062 2523 καὶ
1125 2467 1489 2540 διδασκάλων,
1546 2472 1633 2525 καὶ
1688 2467 1755 2538 δὴ
1805 2467 1896 2523 καὶ

246 2555 576 2627 σκαιότητος
609 2552 934 2626 δίαϐολικῆς
960 2558 1049 2612 τὸν
1084 2559 1289 2614 οἰκεῖον
1321 2557 1702 2632 ἐμπλήσαντες
1750 2562 1896 2625 νοῦν,

248 2647 691 2720 παραχαράττειν
778 2644 1080 2721 ἐπείγονται
1143 2649 1207 2703 τὸ
1263 2654 1364 2718 τῆς
1450 2646 1709 2718 ἀληθείας
1796 2668 1901 2719 μυ-

250 2736 502 2807 στήριον,
534 2741 636 2804 τῆς
691 2738 826 2807 μετὰ
881 2737 1079 2810 σαρκὸς
1141 2736 1458 2809 οἰκονομίας
1507 2740 1606 2791 τοῦ
1656 2738 1897 2809 Μονογε-

248 2828 380 2885 νοῦς
436 2822 500 2877 οὐ
562 2824 780 2897 μετρίαν
865 2830 1150 2887 ποιοῦντες
1233 2824 1564 2900 κατάρῥησιν
1644 2828 1741 2896 (lt),
1820 2825 1895 2896 μὴ

244 2915 502 2973 νοοῦντες
563 2913 701 2985 μήτε
757 2909 792 2966 ἅ
839 2913 1085 2987 λέγουσι,
1151 2915 1289 2987 μήτε
1335 2912 1459 2988 περὶ
1534 2911 1698 2966 τίνων
1778 2909 1897 2967 δια-

256 2996 630 3066 ϐεϐαιοῦνται,
660 3001 797 3056 κατά
824 3003 887 3056 τὸ
917 3004 1311 3077 γεγραμμένον.

329 3090 398 3165 β’.
435 3089 658 3163 Εὐρεταὶ
692 3086 749 3143 δὲ
777 3096 878 3159 τῆς
906 3091 1166 3161 τοιαύτης
1194 3086 1440 3153 ἀσεϐείας
1466 3092 1716 3167 γεγόνασι
1756 3091 1899 3146 πολ-

246 3177 347 3234 λοὶ
382 3178 475 3250 μὶν
510 3179 597 3232 καὶ
630 3175 827 3254 ἕτεροι,
880 3180 1015 3234 κατὰ
1066 3180 1191 3242 σοὺς
1243 3179 1443 3235 ἄνωθεν
1498 3178 1902 3254 παρῳχηκότας

248 3266 502 3343 καιροὺς,
535 3271 627 3321 νῦν
662 3264 720 3322 δὲ
746 3270 846 3337 τῆς
875 3268 1091 3323 ἐκείνων
1122 3271 1477 3339 ἀνοσιότητος
1509 3269 1657 3324 οὗτοι
1685 3270 1738 3323 οἱ
1768 3290 1908 3345 προ-

253 3356 622 3433 φασιζόμενοι
654 3357 789 3412 κατὰ
815 3356 944 3421 τοὺς
974 3358 1124 3422 νὲους
1172 3357 1519 3435 Φαρισαίους.
1567 3360 1768 3433 Ὥσπερ
1808 3359 1912 3435 γὰρ

255 3444 491 3514 ἀληθῶς
520 3443 672 3500 αὐτοὶ
716 3446 1027 3520 ἠρνήσαντο
1081 3447 1173 3503 τὸν
1230 3448 1355 3502 Υἱὸν
1410 3452 1507 3502 τοῦ
1564 3452 1697 3503 Θεοῦ
1754 3446 1913 3522 σαρκὶ

255 3533 598 3605 ἐληλυθότα,
650 3535 793 3591 οὕτω
849 3538 939 3591 καὶ
995 3541 1083 3592 νῦν
1142 3539 1467 3613 νεοκήρυκες
1528 3540 1604 3610 μὴ
1666 3537 1912 3602 θέλοντες

258 3629 585 3699 προσκυνεῖν
610 3624 702 3679 καὶ
735 3620 1050 3695 σεϐάζεσθαι
1078 3633 1179 3695 τῆς
1212 3626 1469 3703 ἐνσάρκου
1520 3631 1617 3682 τοῦ
1673 3631 1913 3703 Χριστοῦ

259 3710 588 3787 παρουσίας,
645 3712 737 3768 καὶ
792 3721 894 3783 τῆς
949 3717 1088 3770 κατά
1143 3714 1314 3791 σάρκα
1396 3716 1561 3771 αὐτοῦ
1640 3717 1912 3791 ἀχράντου

247 3802 493 3876 Μητρὸς
524 3802 782 3858 καὶκατὰ
832 3803 1092 3874 ἀλήθειαν
1151 3806 1419 3861 Θεοτόκου
1470 3806 1560 3860 καὶ
1620 3804 1912 3879 ἀειπαρθέ-

258 3911 362 3945 νου
400 3890 633 3966 Μαρίας,
665 3891 754 3947 καὶ
785 3893 999 3948 πάντων
1032 3897 1139 3948 τῶν
1194 3894 1357 3970 ἁγίων
1401 3894 1566 3949 αὐτοῦ
1612 3894 1707 3955 τὰς
1754 3889 1911 3949 σεϐα-

258 3979 461 4053 σμίους
492 3979 582 4034 καὶ
615 3980 810 4044 σεπτὰς
845 3981 1077 4045 εἷ’κόνας.
1108 3981 1284 4039 Ἀλλὰ
1322 3983 1441 4038 νὲαν
1490 3986 1915 4055 κενοτομοῦντες

254 4067 685 4139 ἐτεκτονήσαντο
743 4070 943 4142 πίστιν,
1001 4071 1149 4147 παρὰ
1200 4071 1299 4139 τὴν
1384 4073 1620 4147 ἀρχῆθεν
1688 4072 1746 4127 ἐκ
1801 4076 1912 4127 τῶν

260 4159 437 4235 ἁγίων
467 4161 628 4233 ἡμῶν
661 4163 914 4237 Πατέρων
946 4162 1034 4217 καὶ
1071 4167 1328 4236 μαθητῶν
1358 4165 1445 4218 καὶ
1483 4161 1761 4239 διαδόχων
1804 4166 1914 4218 τῶν

256 4248 431 4324 ἁγίων
463 4248 786 4305 ἀποστόλων
837 4251 1216 4326 ὑπαρχόντων.
1241 4252 1330 4313 Ὧς
1374 4253 1479 4327 γὰρ
1529 4252 1715 4316 αὐτοῖς
1762 4250 1914 4325 ἔδοξε

254 4342 353 4392 νῦν
388 4334 659 4413 λέγοντες,
688 4337 856 4394 πλέον
887 4343 993 4394 τῶν
1025 4341 1195 4415 ἁγίων
1259 4341 1506 4416 Ηατὲρων
1540 4342 1614 4395 ὧν
1666 4342 1722 4395 οἱ
1754 4342 1913 4417 λόγοι

252 4424 353 4483 καὶ
385 4426 441 4481 αἱ
474 4426 659 4500 ἀρεταὶ
692 4429 968 4502 στήριγμα
994 4429 1085 4482 καὶ
1117 4426 1297 4499 στήλη
1328 4436 1430 4498 τῆς
1469 4429 1771 4498 καθολικῆς
1822 4428 1911 4484 καὶ

254 4514 637 4585 ἀποστολικῆς
676 4514 1006 4585 Ἐκκλησίας
1062 4518 1422 4592 ὑπάρχουσιν,
1476 4518 1629 4573 οὗτοι
1682 4519 1783 4587 τὴν
1816 4520 1906 4573 πί-

2004 1939 2269 2007 ﬁdelium,
2312 1946 2373 1992 ut
2428 1955 2537 1993 non
2595 1941 2940 2010 resplendeat
2984 1942 3098 1995 illis
3145 1943 3323 1997 lumen
3369 1942 3653 2011 Evangelii

2004 2028 2195 2095 gloria
2226 2027 2447 2093 Christi,
2507 2030 2605 2097 qui
2658 2035 2737 2083 est
2793 2028 2979 2098 imago
3033 2032 3132 2085 Dei
3178 2031 3271 2100 (c).
3327 2031 3656 2086 Caicutiunt

2006 2116 2187 2182 enim,
2221 2120 2280 2169 et
2308 2122 2448 2170 sunt
2506 2116 2685 2171 duces
2734 2134 3064 2173 caecorum:
3121 2119 3507 2187 quamobrem
3546 2120 3656 2175 hu-

1997 2204 2265 2274 jusmodi
2298 2204 2476 2259 etiam
2531 2204 2593 2259 in
2640 2205 2868 2260 foveam
2921 2206 3194 2261 incidunt
3244 2207 3542 2263 interitus.
3591 2209 3661 2263 Ut

2007 2291 2166 2345 enim
2200 2291 2455 2362 ipsemet
2485 2291 2748 2347 Salvator
2777 2294 2900 2347 ait:
2934 2294 3115 2350 Cacus
3150 2310 3349 2349 aecum
3395 2296 3443 2349 si
3471 2295 3656 2362 ducat,

2005 2379 2164 2433 ambo
2190 2382 2248 2432 in
2278 2383 2493 2448 foveam
2524 2380 2717 2435 cadent
2748 2381 2845 2451 (d).
2872 2381 3156 2436 Derident
3176 2382 3355 2454 igitur
3378 2382 3656 2437 nonnulli

2005 2469 2210 2523 Patres
2241 2484 2308 2522 ac
2364 2468 2677 2540 magistros
2738 2470 3042 2525 veritatis:
3103 2471 3225 2526 imo
3282 2488 3417 2527 vero
3473 2472 3655 2527 etiam

2006 2556 2301 2612 diabolica
2326 2558 2612 2627 pravitate
2643 2559 2949 2629 pr0prium
2998 2559 3316 2629 implentes
3363 2560 3655 2626 animum.

2008 2645 2344 2700 adulterare
2376 2646 2653 2701 nituntur
2682 2647 2945 2701 veritatis
2968 2648 3340 2718 mysterium,
3367 2648 3517 2702 nihil
3536 2664 3659 2703 non

2009 2750 2039 2788 e
2073 2734 2266 2787 medio
2300 2733 2509 2790 tollere
2541 2733 2847 2789 studentes
2879 2735 3385 2805 dispensationem
3446 2737 3660 2808 Unige—

2008 2822 2117 2876 niti
2147 2822 2476 2877 secundum
2510 2839 2775 2886 carnem,
2823 2840 2931 2879 non
2979 2824 3349 2893 intelligentes
3395 2841 3491 2879 nec
3539 2840 3661 2895 quae

2008 2911 2219 2977 dicunt,
2254 2928 2351 2965 nec
2382 2912 2448 2966 de
2472 2912 2672 2982 quibus
2701 2915 2981 2982 afﬁrmem
3008 2914 3100 2983 (e),
3126 2913 3298 2985 juxta
3328 2912 3486 2983 quod
3509 2912 3664 2968 Scri-

2014 3007 2190 3073 ptura
2221 3001 2384 3058 dicit.

2080 3094 2132 3145 2.
2170 3092 2512 3145 lnventores
2562 3107 2739 3157 porro
2771 3092 3110 3163 hujusmodi
3165 3091 3490 3163 impietatis
3536 3091 3668 3147 fue-

2016 3184 2157 3234 runt
2186 3178 2427 3250 quidem
2460 3184 2520 3233 et
2547 3179 2647 3234 alii
2681 3180 2882 3251 plures
2898 3198 3006 3253 per
3028 3182 3341 3252 superiora
3354 3186 3623 3253 tempora
3646 3200 3661 3250 ;

2019 3286 2181 3325 nunc
2210 3285 2347 3324 vero
2381 3268 2624 3323 illorum
2653 3270 2933 3325 facinoris
2963 3271 3060 3325 isti
3090 3287 3272 3326 novas
3314 3270 3664 3341 proﬁtentes

2018 3374 2247 3425 causas,
2271 3358 2440 3427 quasi
2462 3357 2597 3411 novi
2628 3358 2932 3415 Pharisaei.
2965 3359 3478 3424 Quemadmodum
3500 3359 3664 3415 enim

2017 3463 2223 3502 revera
2251 3445 2341 3500 illi
2372 3451 2667 3517 negarunt
2693 3446 2909 3501 Filium
2940 3448 3043 3502 Dei
3073 3465 3250 3504 carne
3282 3447 3550 3517 venisse;
3580 3448 3667 3504 sic

2019 3542 2077 3591 et
2107 3552 2267 3590 nunc
2297 3533 2429 3589 novi
2464 3534 2562 3588 isti
2593 3534 3034 3605 praedicatores,
3095 3536 3236 3591 dum
3284 3535 3499 3591 nolunt
3534 3534 3672 3591 ado-

2016 3641 2149 3680 rare
2180 3629 2239 3679 et
2267 3623 2461 3679 colere
2492 3623 2781 3679 adventus
2812 3624 3028 3680 Christi
3056 3625 3115 3680 in
3166 3641 3368 3693 carne,
3420 3625 3669 3696 ejusque

2018 3714 2348 3771 secundum
2367 3731 2607 3770 carnem
2623 3714 3019 3771 immaculata
3044 3717 3243 3771 Matris
3265 3731 3519 3787 vereque
3540 3714 3671 3770 Dei-

2018 3822 2175 3876 paraa
2205 3821 2273 3859 ac
2304 3821 2540 3875 semper
2556 3805 2810 3877 Virginis
2840 3806 3058 3875 Marias,
3081 3807 3223 3861 item
3256 3806 3521 3861 omnium
3540 3820 3671 3860 san-

2018 3902 2248 3951 ctorum
2277 3895 2404 3965 ejus
2435 3894 2743 3967 religiosas
2798 3896 3297 3967 honorandasque
3355 3895 3668 3967 imagines.

2019 3986 2131 4042 Sed
2161 4001 2371 4040 novam
2404 3985 2569 4039 novis
2600 3985 2778 4041 rebus
2833 3988 3144 4043 studentes
3198 3987 3567 4042 adornarunt
3596 3986 3668 4040 fi-

2018 4076 2175 4143 dem,
2209 4079 2417 4130 contra
2446 4078 2621 4143 atque
2656 4074 2728 4129 ab
2788 4076 2958 4131 initio
3008 4076 3348 4145 accepimus
3379 4092 3414 4130 a
3444 4073 3666 4130 sanctis

2018 4164 2239 4219 nostris
2260 4162 2557 4227 Patribus,
2591 4163 2899 4234 discipulis
2930 4181 2998 4219 ac
3021 4162 3464 4219 successoribus
3495 4178 3670 4233 apos-

2018 4255 2276 4309 tolorum
2308 4257 2668 4306 sanctorum.
2694 4253 3206 4317 Quemadmodum
3236 4252 3395 4307 enim
3427 4252 3573 4323 ipsis
3594 4250 3674 4306 vi-

2020 4360 2150 4397 sum
2184 4348 2272 4396 est
2301 4356 2461 4395 nunc
2493 4340 2710 4407 dicere,
2744 4341 2960 4397 melius
2991 4358 3170 4411 quam
3204 4342 3393 4396 sancti
3443 4343 3669 4409 Patres,

2020 4446 2272 4501 quorum
2304 4427 2481 4482 verba
2512 4433 2570 4482 et
2598 4430 2841 4484 virtutes
2873 4429 3127 4485 fulcrum
3161 4436 3301 4484 sunt
3328 4435 3507 4501 atque
3559 4445 3669 4484 co-

2020 4520 2225 4573 lumna
2253 4516 2559 4571 catholicae
2593 4523 2651 4571 et
2678 4518 3016 4590 apostolica:
3040 4519 3338 4589 Ecclesiae,
3370 4520 3466 4575 isti
3490 4517 3669 4573 fidem

248 4626 379 4661 στιν
410 4602 699 4681 φυλάττειν
756 4599 1218 4667 διαϐεϐαιοῦντες.
1269 4608 1373 4667 Τάς
1422 4607 1526 4681 γὰρ
1576 4606 1750 4661 αὐτῶν
1801 4610 1902 4660 τῶν

2023 4625 2083 4663 se
2114 4622 2344 4662 servare
2376 4606 2753 4675 proﬁtentur.
2788 4611 2863 4663 At
2893 4609 3053 4663 enim
3113 4609 3377 4680 ipsorum
3428 4610 3670 4664 Patrum

249 4696 516 4767 Πατέρων
550 4695 754 4772 φωνὰς,
782 4692 844 4757 ἅς
878 4694 1029 4750 αὐτοὶ
1074 4702 1283 4772 τρανῶς
1325 4697 1585 4769 ἐκήρυξαν
1631 4697 1753 4771 περὶ
1800 4700 1907 4751 τῶν

256 4781 575 4859 σεϐασμίων
599 4785 691 4841 καὶ
722 4791 1109 4861 προσκυνητῶν
1138 4787 1385 4855 εἲκόνων,
1421 4788 1570 4841 οὗτοι
1629 4788 1680 4841 οἱ
1723 4786 1908 4841 νεόσο-

249 4897 356 4951 φοι
388 4871 654 4937 λαϐόντες
684 4875 778 4939 τὰς
805 4874 991 4938 καλῶς
1026 4876 1129 4932 ὑπὸ
1159 4882 1268 4931 τῶν
1311 4880 1608 4953 προφητῶν
1660 4876 1912 4952 ῥηθείσας

251 4964 474 5041 φωνὰς,
505 4964 642 5020 κατᾶ
669 4966 765 5027 τὰς
803 4963 938 5028 ἰδίας
970 4964 1258 5038 ἐπιθυμίας
1286 4967 1421 5040 πρὸς
1461 4966 1551 5020 τὸν
1604 4963 1742 5020 ἴδιον
1788 4971 1913 5021 νοῦν

254 5048 645 5128 στρεϐλοῦσιν.
706 5054 796 5116 Ὠς
853 5055 955 5129 γὰρ
1014 5053 1166 5109 αὐτοὶ
1221 5055 1344 5130 περῖ
1411 5059 1517 5108 τῶν
1606 5053 1909 5110 εἰδωλικῶν

254 5144 466 5218 ξοάνων
501 5144 588 5197 καὶ
652 5141 980 5215 δαιμονικῶν
1035 5141 1255 5210 στηλῶν
1316 5145 1612 5218 φράσαντες
1672 5144 1911 5218 εῗρηκαν,

252 5232 413 5288 οὗτοι
446 5230 522 5293 εἰς
556 5231 837 5307 τὰςηάγίας
889 5231 1101 5295 εἰκόνας
1148 5231 1506 5306 μετέστρεψαν
1556 5232 1683 5297 τοὺς
1729 5232 1913 5308 ἁγίους

250 5320 507 5395 Πατέρας
537 5322 629 5376 καὶ
675 5319 1039 5383 διδασκάλους
1090 5329 1190 5390 τῆς
1242 5321 1395 5397 ἁγίας
1452 5322 1541 5377 καὶ
1606 5325 1915 5396 ἀμωμήτου

332 5422 407 5493 (b)
440 5433 601 5477 Prov.
634 5438 750 5490 vm,
782 5424 835 5477 9.
914 5423 982 5495 (c)
1018 5422 1066 5478 II
1096 5422 1225 5477 Cor.
1258 5424 1417 5491 IV,'4.

1496 5424 1572 5495 (ἀ)
1605 5424 1804 5479 Matth.
1838 5441 1928 5491 xv,
1964 5425 2048 5481 14.

2020 4713 2215 4765 voces,
2253 4710 2401 4765 quas
2448 4694 2561 4765 ipsi
2613 4696 2951 4752 luculenter
2995 4698 3471 4769 depraadicarunt
3517 4697 3676 4752 circa

2026 4787 2393 4843 venerandas
2423 4786 2877 4857 adorandasque
2920 4788 3229 4859 imagines,
3287 4786 3381 4840 isti
3415 4786 3549 4841 novi
3580 4802 3676 4841 sa-

2020 4881 2251 4951 pientes
2315 4880 2478 4947 (dum
2531 4878 2829 4948 arripiunt
2876 4895 3006 4947 qua)
3057 4877 3419 4946 cazteroquin
3463 4876 3614 4930 bene
3643 4891 3679 4930 a

2020 4969 2328 5040 prophetis
2362 4967 2732 5023 annuntiatae
2778 4973 2918 5020 sunt
2968 4967 3180 5035 voces),
3221 4966 3393 5036 juxta
3439 4964 3679 5035 propria

2024 5058 2317 5112 desideria
2339 5057 2413 5111 ad
2445 5056 2745 5127 propriam
2788 5060 3049 5109 mentem
3101 5058 3461 5125 pervertunt.
3508 5054 3677 5117 Qum-

2024 5164 2257 5217 cunque
2294 5146 2515 5201 etenim
2550 5145 2634 5198 illi
2670 5144 2741 5198 de
2775 5143 3068 5198 idolorum
3103 5142 3341 5197 statutis
3372 5158 3439 5197 ac
3461 5142 3681 5196 daemo-

2026 5238 2215 5291 niacis
2248 5235 2436 5289 titulis
2468 5234 2651 5289 locuti
2711 5233 3007 5299 dixerunt,
3053 5232 3149 5286 isti
3201 5232 3481 5287 adversus
3536 5246 3679 5287 san-

2028 5332 2149 5381 ctas
2182 5325 2470 5397 imagines
2504 5324 2858 5393 detorquent
2886 5328 3120 5377 sanctos
3152 5323 3356 5378 Patres
3388 5326 3446 5378 et
3477 5321 3682 5379 docto-

2128 5426 2194 5494 (e)
2225 5425 2250 5478 Ι
2280 5425 2429 5479 Tim.
2464 5439 2501 5491 ι,
2543 5426 2595 5476 Ἲ.

1854 5576 2077 5631 NOTAE.

329 5697 412 5772 (3)
441 5693 771 5775 Ὀξυδερκεῖ.

2092 5700 2168 5774 (4)
2200 5698 2541 5775 Καθαίρισιν.
