4044 6218
533 360 667 417 1351

2054 357 2421 412 ADDENDA.

3718 368 3816 422 1352

532 502 628 540 res
660 488 876 539 sanctae
910 483 1155 537 sincera:
1204 487 1263 536 et
1315 481 1655 536 orthodoxa)
1699 480 2154 535 Christianorum

2283 476 2373 529 καὶ
2407 475 2701 550 ὀρθοδόξου
2730 482 2837 532 τῶν
2896 482 3238 554 Χριστιανῶν
3297 479 3529 549 πίστεως,
3570 487 3816 559 παρωσάμε-

532 573 689 635 ﬁdei,
720 571 1100 642 repudiantes
1142 588 1346 625 eorum
1398 587 1566 624 voces
1615 576 1672 623 et
1717 570 2059 623 testimonia
2106 569 2179 622 de

530 664 852 716 incarnata)
884 662 1279 731 humanaeque
1310 662 1515 715 forma:
1551 659 1820 731 imrginis
1853 660 1980 728 ejus
2013 657 2181 728 depi-

534 751 643 805 ctis
677 752 899 804 sanctis
926 750 1216 815 iconibus,
1252 767 1398 820 quas
1430 750 1741 803 manifeste
1765 755 1830 802 ut
1849 748 2179 803 coleremus

535 855 601 895 ac
632 856 1052 893 veneraremur
1083 856 1192 893 nos
1243 838 1628 893 edocuerunt.
1679 836 2073 902 Quamobrem
2124 841 2181 891 et

533 946 671 984 mox
705 930 778 1001 (5)
813 930 1277 999 disputationem
1307 928 1587 983 adversus
1618 944 1796 981 novos
1828 926 2006 980 hosce
2029 942 2180 994 prm-

533 1020 826 1074 dicatores
858 1018 1089 1082 facturi,
1156 1020 1271 1073 Deo
1314 1018 1485 1072 nobis
1536 1017 1808 1087 spiritum
1870 1014 2177 1085 largiente,

531 1125 719 1180 pauca
751 1124 819 1163 ex
851 1108 1054 1163 multis
1088 1124 1477 1179 apponemus,
1512 1107 1746 1161 tametsi
1779 1106 1886 1159 viri
1918 1104 2013 1158 isti
2052 1107 2176 1156 tan-

532 1214 709 1271 quam
744 1198 901 1252 idola
929 1198 1268 1253 manufacta
1298 1199 1423 1252 ham
1456 1212 1693 1267 quoque
1724 1199 2088 1250 aversentur.

600 1291 650 1341 3.
686 1288 893 1343 Dicant
945 1288 1117 1343 nobis
1178 1288 1397 1342 turbidi
1442 1287 1536 1340 isti
1588 1286 1887 1356 sapientes
1932 1288 1992 1338 et
2030 1299 2172 1352 que-

525 1378 663 1445 ruli,
718 1394 953 1433 necnon
1009 1383 1305 1431 amatores
1376 1377 1569 1439 malas,
1606 1374 1888 1446 profanas,
1938 1374 2173 1441 Deoque

527 1468 786 1523 inimicae
818 1468 1026 1537 synodi
1058 1468 1151 1536 (6),
1188 1483 1316 1536 qua)
1377 1467 1492 1521 Deo
1544 1463 1922 1535 permittente
1974 1462 2174 1516 habita

528 1562 617 1609 est
647 1554 1157 1625 Constantinopoli
1180 1554 1238 1607 in
1272 1553 1400 1607 loco
1429 1553 1644 1607 Oneria
1666 1551 1962 1621 appellato
1990 1566 2001 1602 :
2026 1551 2173 1613 Quo-

532 1660 668 1699 nam
703 1644 876 1698 modo
910 1650 967 1697 et
1016 1659 1191 1713 scopo
1244 1647 1522 1712 paternas
1573 1640 1930 1711 repellentes
1979 1653 2169 1719 voces,

528 1735 853 1788 secundum
882 1740 1072 1788 vestra
1102 1750 1201 1786 vos
1230 1731 1524 1786 desideria
1548 1730 1909 1784 fascinantes
1940 1725 2169 1795 abrepti

525 1830 751 1878 erecto
812 1824 1066 1887 tramite,
1113 1838 1347 1892 quaque
1401 1838 1536 1875 esca
1588 1818 1839 1889 decepti,
1894 1816 2245 1919 deprava-B

525 1913 670 1968 mini
694 1912 721 1967 ?
752 1914 935 1967 Dicite
966 1912 1137 1966 nobis
1168 1912 1267 1981 qui
1300 1927 1457 1964 nunc
1489 1908 1779 1963 innovatis
1810 1906 2067 1960 recentis
2100 1904 2169 1957 ﬁ-

523 2003 616 2057 dei
651 2003 1103 2073 expositionem.
1138 2000 1421 2070 quidnam
1454 2000 1513 2052 in
1539 1999 1709 2052 terris
1741 1996 2166 2061 venerandum,

522 2092 868 2163 religiosum
900 2096 958 2145 et
988 2090 1292 2145 adorabile
1322 2094 1429 2153 est,
1465 2086 1623 2157 quod
1654 2103 1775 2141 non
1808 2086 1883 2139 sit
1907 2083 2167 2139 manufa-

522 2186 681 2235 ctum
705 2180 732 2234 ?
760 2181 913 2234 Crux
938 2180 965 2233 ?
994 2179 1192 2232 Altare
1220 2178 1246 2231 ?
1276 2177 1506 2231 Oblatio
1529 2176 1556 2230 ‘I
1585 2174 1962 2245 Evangelium
1986 2173 2013 2226 ‘2
2034 2173 2165 2226 Uni-

521 2285 689 2323 versa
720 2269 843 2321 haec
874 2266 1211 2321 manufacta
1240 2272 1412 2319 sunt:
1447 2265 1618 2319 nobis
1648 2261 2039 2318 nihilominus
2068 2276 2168 2315 ve-

522 2357 814 2412 nerabilia
840 2373 908 2411 ac
966 2355 1174 2410 salutis
1218 2353 1507 2426 symbola,
1558 2352 2059 2424 quemadmodum
2107 2355 2167 2403 et

521 2452 861 2500 sanctorum
892 2443 1198 2515 imagines,
1234 2449 1293 2497 et
1332 2443 1621 2497 incarnati
1665 2442 1878 2496 Christi
1924 2440 2165 2510 dispen-

520 2536 767 2591 sationis
793 2553 942 2590 νει-ω
991 2540 1167 2604 atque
1218 2535 1491 2587 humanm
1540 2531 1668 2603 ejus
1717 2531 1933 2596 carnis,
1984 2547 2161 2600 quam

515 2628 757 2694 pr0pter
785 2628 1048 2677 nostram
1081 2621 1333 2675 salutem
1366 2620 1597 2690 accepit
1622 2619 1692 2672 de
1752 2617 2074 2689 purissima
2106 2622 2165 2671 et

512 2712 764 2782 Deipara
794 2711 993 2774 Maria,
1026 2727 1157 2780 qum
1187 2714 1325 2763 sunt
1356 2714 1559 2762 nostra
1591 2723 1902 2762 assumens
1936 2706 2157 2772 omnia,

512 2806 752 2871 excepto
787 2800 1344 2870 duntaxatpeccato.
1372 2799 1560 2861 Quare
1586 2802 1644 2850 et
1674 2796 1964 2867 imagines
1997 2794 2158 2849 illius

513 2890 759 2961 ejusque
794 2889 1188 2944 immaculataa
1220 2887 1419 2941 Matris
1436 2902 1788 2940 veneramur
1805 2891 1863 2939 et
1882 2884 2153 2939 colimus.

512 2982 586 3033 At
615 2996 715 3033 vos
746 2983 1148 3034 commentum
1181 2977 1373 3031 facitis
1408 2974 1751 3047 hujusmodi
1782 2974 2152 3044 mysterium.

508 3069 622 3122 Nos
652 3084 784 3123 vero
813 3068 913 3138 qui
943 3067 1248 3121 veritatem
1281 3070 1596 3130 sectamur,
1629 3081 1760 3134 quin
1791 3069 1880 3116 est
1912 3067 2154 3117 sancto-

506 3166 638 3211 r‘um
669 3158 1075 3228 apostolorum
1106 3160 1561 3224 sanctorumque
1594 3169 1797 3207 eorum
1830 3151 2151 3223 discipulo-

2286 587 2366 619 νοι
2404 568 2498 627 τὰς
2527 566 2703 621 αὐτῶν
2766 571 2948 641 φωνὰς
3007 570 3098 623 καὶ
3164 572 3452 644 μαρτυρίας
3499 573 3603 647 περὶ
3648 582 3726 643 τῆς
3766 576 3819 629 ἐν.

2286 654 2485 725 σαρκου
2515 656 2603 709 καὶ
2634 656 2980 730 ἀνθρωπίνης
3040 658 3205 712 αὐτοῦ
3268 661 3573 736 μορφώσεως
3617 671 3816 736 χαρακτῆ-

2285 762 2379 813 ρος
2412 745 2785 819 ἱστορηθείσας
2819 748 2977 821 ἁγίας
3036 748 3269 813 εἰκόνας,
3318 749 3475 819 ἅσπερ
3518 752 3634 822 ἡμῖν
3679 757 3821 823 τρανῶς
3972 745 3973 797 l

2285 826 2456 885 σέϐειν
2490 834 2578 886 καὶ
2627 842 2945 907 προσκυνεῖν
3002 833 3270 906 ἐδίδαξαν.
3328 839 3404 891 Δι’
3432 839 3458 892 ὅ
3484 841 3562 892 καὶ
3607 840 3698 910 μετ’
3736 839 3820 893 ὀλί-

2281 941 2374 993 γον
2433 918 2715 977 ὃιάλεκτον
2775 924 2911 997 πρὸς
2965 924 3094 987 τοὺς
3144 929 3469 1000 νεοκήρυκας
3531 947 3822 999 ποιησομενοιε

2283 1014 2416 1063 Θεοῦ
2448 1008 2691 1074 διδόντος
2725 1015 2861 1085 ἡμῖν
2893 1015 2982 1068 καὶ
3016 1015 3079 1069 τὸ
3108 1014 3384 1086 ἀναπνεῖν,
3419 1015 3560 1089 ὀλίγα
3586 1015 3633 1069 ἐκ
3668 1016 3825 1071 πολλῶν

2280 1102 2690 1173 παραθήσομεν,
2722 1100 2820 1157 κᾶν
2854 1103 3007 1159 οὗτοι
3060 1104 3135 1165 ὡς
3180 1103 3529 1180 χειροποίητα
3572 1101 3700 1174 δῆθεν
3737 1105 3826 1159 ἀπι-

2279 1188 2625 1263 στρέφονται.

2349 1278 2414 1352 γ’.
2451 1280 2758 1354 Λεγέτωσαν
2820 1284 2956 1354 ἡμῖν
2987 1283 3039 1337 οἱ
3069 1281 3365 1360 θολόσοφοι
3413 1283 3497 1338 καὶ
3538 1282 3818 1356 μεμψίμδιροι

2278 1366 2364 1420 καὶ
2397 1366 2613 1440 ἀρεσταὶ
2644 1377 2744 1438 τῆς
2778 1372 2992 1448 φαύλης
3021 1372 3111 1426 καὶ
3165 1368 3406 1446 βεϐήλου
3455 1372 3536 1426 καὶ
3581 1371 3822 1446 ἔχθραιωῶ

2278 1475 2377 1524 σης
2410 1462 2527 1528 Θεῷ
2553 1456 2797 1530 συνόδου,
2832 1468 2930 1529 τῆς
2978 1462 3280 1537 γενομένης
3331 1462 3466 1516 κατὰ
3508 1465 3623 1515 Θεοῦ
3661 1480 3822 1535 avum-

2278 1546 2471 1617 ρισμὸν
2504 1544 2555 1599 ἐν
2592 1549 3165 1605 Κωνσταντινουπόλει
3198 1550 3273 1611 εἲς
3300 1552 3393 1604 τὸν
3420 1550 3573 1604 τόπον
3600 1551 3675 1604 τὸν
3711 1548 3824 1621 λεγόο

2279 1653 2440 1704 μενον
2470 1632 2699 1710 Ὁνέρια,
2734 1637 2879 1710 ποίῳ
2903 1640 3093 1712 τρόπῳ
3122 1640 3210 1694 καὶ
3244 1646 3432 1711 σκοπῷ
3459 1641 3545 1700 τὰς
3572 1644 3661 1693 τῶν
3706 1640 3825 1691 [Ιατὲ-

2277 1742 2382 1797 ρων
2417 1728 2886 1799 παρακρουόμενοι
2945 1729 3149 1804 φωνὰς,
3198 1729 3332 1784 κατᾶ
3384 1729 3474 1790 τὰς
3520 1726 3641 1789 ἰδίας
3690 1728 3827 1782 ἐπιθυ-

2279 1814 2402 1884 μίας
2457 1815 2679 1880 ἑαυτοὺς
2729 1818 3095 1891 ἐξαπατῶντες
3142 1820 3484 1893 ἐξελκόμενοι
3532 1820 3610 1875 καὶ
3647 1818 3827 1886 δελεαζὸ-

2281 1925 2433 1975 μενοι
2466 1903 2812 1981 στρεϐλεῖτε;
2848 1908 3048 1964 Εἴπατε
3079 1913 3238 1984 ἡμῖν,
3271 1912 3323 1965 οἱ
3355 1916 3442 1965 νῦν
3497 1913 3829 1981 κενοτομοῦντις

2275 1993 2395 2055 νέας
2426 1995 2657 2059 πίστεως
2691 1996 2919 2065 ἔκθεσιν,
2972 2004 3130 2054 ποῖον
3191 2000 3279 2055 ἐπὶ
3328 2007 3423 2068 εῆς
3467 2007 3561 2075 γῆς
3602 2018 3831 2072 προσκυνη-

2274 2084 2366 2136 τὸν
2398 2084 2487 2137 καὶ
2520 2080 2813 2158 σεϐάσμιον
2844 2089 2929 2142 καὶ
2994 2088 3285 2163 λατρευτόν
3346 2090 3488 2144 ἐστιν
3544 2086 3831 2162 ἀχειροποίη-

2275 2187 2405 2230 τον;
2440 2174 2468 2227 ὁ
2500 2174 2764 2249 σταυρός;
2817 2176 2880 2231 τὸ
2931 2178 3351 2251 Θυσιαστήριονς
3386 2180 3420 2246 ἡ
3477 2177 3751 2251 προσφοράς
3790 2173 3830 2226 τὸ

2274 2260 2642 2337 Εὐαγγέλιονς
2675 2263 2853 2319 Πάντα
2883 2267 3270 2341 χειροποίητα,
3324 2266 3453 2321 ἀλλ’
3500 2268 3623 2338 ἡμῖν
3668 2259 3835 2318 «eam

2273 2350 2362 2403 καὶ
2397 2353 2668 2424 σωσηρίας
2701 2350 2977 2426 σύμϐολα,
3010 2354 3191 2430 ὥσπερ
3221 2357 3311 2411 καὶ
3366 2356 3421 2409 αἱ
3466 2359 3567 2409 τῶν
3612 2352 3748 2426 ἁγίων
3784 2349 3836 2403 εἰ·

2271 2439 2447 2504 κόνες,
2476 2441 2566 2495 καὶ
2595 2448 2693 2511 τῆς
2723 2441 2981 2513 ἐνσάρκου
3028 2448 3126 2499 τοῦ
3176 2446 3416 2517 Χριστοῦ
3464 2441 3742 2514 οἰκονομίας
3774 2443 3840 2506 τῆς

2270 2526 2539 2598 ἀληθινῆς
2561 2530 2653 2585 καὶ
2684 2530 3032 2605 ἀνθρωπίνης
3076 2533 3241 2587 αὐτοῦ
3300 2533 3519 2607 σαρκὸς,
3568 2533 3625 2600 ἤν
3668 2528 3741 2583 διὰ
3774 2527 3840 2592 τήν

2270 2619 2431 2689 ἡμῶν
2476 2620 2750 2693 σωτηρίαν
2808 2616 3180 2692 προσελάϐετο
3238 2621 3299 2676 ἐκ
3361 2629 3462 2690 τῆς
3508 2620 3739 2692 πανάγνου
3780 2614 3841 2667 τιιὶ

2269 2707 2537 2761 Θεοτόκου
2568 2710 2801 2781 Μαρίας,
2831 2712 3003 2765 πάντα
3036 2713 3196 2781 ἡμῶν
3262 2706 3475 2777 λαϐὼν,
3531 2708 3684 2783 χωρὶς
3722 2706 3844 2776 μόνης

2266 2802 2365 2863 τῆς
2398 2797 2685 2869 ἁμαρτίας.
2731 2798 2825 2853 Διὸ
2881 2798 2968 2853 καὶ
3026 2801 3125 2868 τὴν
3187 2799 3372 2854 εἰκόνα
3428 2800 3605 2864 αὐτοῦ,
3656 2796 3726 2849 καὶ
3772 2794 3839 2855 τῆς

2268 2884 2542 2957 ἀχράντου
2573 2886 2738 2941 αὐτοῦ
2780 2889 3005 2963 Μητρὸς
3062 2893 3482 2960 προσκυνοῦμεν
3525 2889 3604 2942 καὶ
3652 2878 3841 2953 σὲῦομεν.

2266 2973 2361 3026 Καὶ
2401 2976 2555 3046 ὑμεῖς
2587 2972 2808 3045 δόκησιν
2840 2977 2903 3031 τὸ
2937 2979 3234 3049 μυστήριον
3285 2977 3655 3054 ἀπεργάζεσθε.
3700 2974 3841 3041 Ἡμεῖς

2265 3060 2321 3116 δὲ
2353 3064 2406 3116 οἱ
2435 3071 2535 3132 τῆς
2564 3064 2845 3136 ἀληθείας,
2900 3069 3001 3130 τῆς
3053 3070 3161 3120 τῶν
3212 3066 3389 3141 ἁγίων
3443 3063 3744 3125 ἀποστόλων,
3775 3056 3841 3111 καὶ

2260 3155 2365 3205 τῶν
2397 3152 2563 3227 ἁγίων
2597 3153 2772 3208 αὐτῶν
2806 3159 3063 3225 μαθητῶν
3123 3155 3212 3209 καὶ
3262 3152 3566 3231 διαδόχων,
3619 3149 3835 3223 ἡμετέρων

505 3264 637 3302 rum
668 3254 727 3301 et
756 3263 1185 3311 successorum,
1220 3245 1319 3314 qui
1352 3246 1552 3298 Patres
1573 3260 1641 3297 ac
1664 3242 1935 3296 doctores
1956 3240 2144 3295 nostri

2264 3236 2314 3293 δὲ
2349 3239 2597 3315 ΙΙατὲρων
2656 3243 2744 3296 καὶ
2800 3240 3161 3315 διδασκάλων,
3209 3244 3308 3312 τὴν
3367 3244 3495 3317 παρ’
3538 3241 3688 3297 αὐτῶν
3734 3238 3833 3306 ἡμῖν

503 3335 765 3402 fuerunt,
800 3352 931 3391 eam
963 3352 1093 3405 quae
1125 3334 1196 3389 ab
1228 3333 1347 3387 illis
1379 3333 1549 3387 nobis
1583 3332 1798 3386 tradita
1846 3331 1957 3385 fuit
2002 3331 2148 3385 fides

504 3425 661 3481 circa
680 3431 944 3481 sanctam
968 3430 1026 3479 et
1041 3422 1608 3480 consubstantialem
1633 3421 2146 3490 venerandamque

506 3516 871 3578 Trinitatem,
903 3514 1155 3568 revelata
1188 3513 1357 3577 facie,
1394 3513 1670 3582 claraque
1719 3527 1856 3564 voce
1906 3511 2143 3580 proﬁte-

504 3619 658 3667 mur,
707 3610 1063 3673 usurpantes
1112 3602 1259 3656 illud
1308 3602 1472 3656 Isaia)
1514 3601 1853 3671 prophetae:
1904 3600 2146 3653 Ascende

501 3693 598 3760 qui
628 3694 965 3760 evangelizas
994 3696 1051 3745 in
1082 3699 1317 3745 montem
1342 3691 1611 3745 excelsum
1640 3690 1729 3757 (f).
1765 3691 1877 3743 Nos
1909 3704 2144 3758 quoque

502 3780 878 3833 ascendimus
901 3780 973 3833 ad
987 3796 1279 3833 summam
1304 3780 1551 3850 gloriam
1570 3780 1744 3831 trium
1761 3778 2143 3832 consubstan-

473 3868 731 3923 .tialium
762 3884 1172 3939 personarum,
1231 3868 1694 3939 evangelizantes
1738 3867 1893 3921 bona
1940 3868 2144 3921 ortho-

500 3956 665 4012 doxae
698 3957 859 4021 fidei,
891 3963 949 4011 et
980 3957 1244 4011 dicentes
1272 3972 1283 4010 :

570 4049 622 4104 4.
658 4046 965 4102 Credimus
988 4048 1048 4101 in
1080 4048 1313 4101 Patrem
1359 4050 1417 4100 et
1478 4045 1692 4099 Filium
1750 4049 1807 4099 et
1860 4043 2140 4114 Spiritum

500 4142 789 4203 sanctum,
824 4153 954 4207 quae
986 4142 1075 4191 est
1106 4142 1307 4191 sancta
1334 4135 1607 4200 Trinitas,
1643 4136 1925 4201 increata,
1958 4139 2138 4188 mter-

500 4244 598 4291 na,
626 4226 958 4292 inconfusa,
992 4226 1262 4293 indivisa,
1316 4223 1858 4289 consubstantialis,
1910 4222 1970 4276 in
2020 4237 2139 4276 una

498 4316 824 4384 divinitate,
858 4333 1038 4389 regno
1084 4322 1141 4371 et
1186 4316 1614 4383 dominatione,
1661 4331 1791 4385 quae
1840 4314 1901 4367 in
1948 4312 2138 4366 tribus

497 4406 769 4478 personis
800 4406 918 4461 sive
960 4405 1377 4477 hypostasibus
1432 4409 1490 4459 et
1538 4402 2001 4475 prOprietatibus
2034 4400 2136 4456 ad-

495 4500 717 4560 oratur,
752 4502 803 4564 e(
852 4495 1233 4566 gloriﬁcatur.
1282 4494 1707 4564 Proprietatem
1756 4496 1956 4547 autem
2002 4506 2135 4545 cum

2257 3326 2651 3404 παραδοθεῖσαν
2684 3331 2863 3386 πίστιν
2918 3332 3041 3407 περὶ
3099 3340 3201 3403 τῆς
3256 3333 3419 3407 ἁγίας
3474 3333 3560 3387 καὶ
3601 3326 3834 3403 ὁμοουσίου

2256 3418 2345 3473 καὶ
2374 3428 2753 3494 προσκυνητῆς
2783 3419 3037 3495 Τριάδος,
3070 3421 3576 3497 ἀνακεκαλκμμὲνῳ
3622 3417 3837 3493 προσώπῳ

2257 3506 2484 3581 λαμπρᾷ
2513 3530 2571 3564 τε
2602 3513 2755 3585 φωνῇ
2790 3511 3017 3586 λέγομεν
3063 3511 3128 3566 τὰ
3172 3512 3268 3566 τοῦ
3313 3515 3600 3589 προφήτου
3648 3504 3836 3562 Ἡσαΐου·

2258 3592 2518 3666 Ἀνάϐηοι
2552 3599 2579 3652 6
2620 3598 3109 3674 εὐαγγελιζόμενος
3169 3600 3253 3656 ἐπ’
3308 3598 3445 3676 ὅρος
3502 3597 3714 3675 ὑψηλόν.
3767 3591 3836 3647 Καὶ

2254 3690 2417 3761 ἡμεῖς
2476 3690 2819 3765 ἀνερχόμεοα
2878 3691 2956 3753 εἷς
3013 3694 3112 3761 τὴν
3184 3695 3616 3767 τρισυπόστατον
3682 3692 3837 3760 ὁμοθυ-

2254 3777 2576 3855 σιοκόρυφον
2614 3777 2791 3851 δόξαν,
2823 3780 3303 3856 εὐαγγελιζόμενοι
3334 3783 3408 3837 τὰ
3434 3782 3605 3858 ἀγαθᾶ
3643 3781 3727 3842 τῆς
3769 3774 3835 3848 ὁρ-

2254 3864 2478 3936 θοδόξθυ
2498 3866 2754 3938 πίστεως,
2783 3866 3054 3944 λέγοντεςο

2324 4042 2385 4098 δ’.
2451 4051 2776 4117 Πιστευομεν
2825 4045 2901 4108 εἲς
2963 4046 3176 4121 Πατέρα
3231 4050 3323 4102 καὶ
3390 4049 3511 4102 ι”ιὸν
3589 4047 3667 4101 καὶ
3717 4042 3834 4115 ἃγισν

2252 4139 2489 4207 Πνεῦμα»
2522 4136 2642 4204 ἥτις
2676 4136 2817 4191 ἐστὶν
2872 4139 2906 4205 ἡ
2956 4138 3078 4211 ὶγία
3124 4138 3317 4212 Τριὰς,
3363 4138 3633 4204 ἃκτιστος,
3681 4131 3830 4195 ἀΐδιος,

2251 4223 2575 4299 ἀσόγχυτος,
2606 4222 2933 4301 ἀδιαίρετος,
2967 4226 3286 4298 ὁμοοόσιος,
3321 4227 3373 4282 ἐν
3409 4232 3507 4301 μιᾷ
3534 4226 3727 4292 Θεότητι
3770 4215 3834 4274 καὶ

2254 4312 2502 4387 βασιλεία
2530 4313 2618 4368 καί
2647 4314 2953 4389 κυριότητι,
2988 4313 3039 4369 ἐν
3066 4316 3213 4386 τρισὶ
3245 4320 3567 4389 προσώποις
3595 4315 3705 4383 ἦτοι
3733 4312 3831 4363 ὑπο·

2248 4401 2463 4456 στάσεσι
2490 4402 2577 4457 καὶ
2624 4400 2859 4473 ἰδιότησι
2913 4406 3371 4478 προσκυνουμένη
3430 4427 3490 4461 τε
3532 4403 3617 4459 καὶ
3662 4396 3835 4469 δοξολοο

2246 4493 2513 4567 γοωμένη.
2546 4490 2817 4564 ’ἰδιότητα
2846 4494 2945 4569 γᾶρ
2978 4495 3101 4550 ὅταν
3134 4494 3295 4564 ε’ίπω,
3325 4498 3421 4552 τὸν
3465 4495 3664 4569 Πατέρα
3706 4484 3831 4545 Ῑιστέ·

494 4583 646 4651 dico,
689 4586 922 4639 Patrem
980 4586 1213 4638 Patrem
1267 4583 1478 4655 cogita,
1527 4588 1587 4637 et
1640 4582 1853 4637 Filium
1900 4580 2134 4645 Filium,

2264 4604 2312 4636 ›α
2339 4584 2558 4652 νόησον,
2590 4582 2680 4637 καὶ
2708 4583 2799 4637 τὸν
2829 4583 2952 4638 Υἱὸν
2984 4584 3132 4651 Υἱὸν,
3160 4584 3253 4639 καὶ
3300 4586 3365 4640 τὸ
3408 4590 3612 4660 Πνεῦρα
3636 4582 3692 4637 τὸ
3717 4579 3829 4652 ἄγων

494 4672 896 4744 Spiritumque
920 4678 1188 4728 sanctum
1213 4672 1494 4743 Spiritum
1513 4676 1805 4726 sanctum.
1822 4671 1951 4724 Ista:
1976 4668 2136 4723 enim

494 4764 885 4834 proprietates
942 4763 1401 4832 haudquaquam
1448 4766 1888 4816 convertuntur.
1938 4760 2137 4827 Neque

495 4853 653 4908 enim
686 4858 879 4923 potest
909 4852 1009 4922 qui
1043 4854 1213 4907 Pater
1244 4857 1332 4905 est
1380 4850 1560 4905 Filius
1614 4866 1765 4917 esse,
1816 4848 1904 4902 vel
1953 4847 2135 4902 Filius

494 4943 685 5009 Pater,
720 4942 807 4997 vel
840 4942 1089 5013 Spiritus
1121 4946 1362 4996 sanctus
1395 4956 1523 4994 esse
1555 4942 1729 4993 Pater
1760 4939 1875 4993 sive
1910 4937 2091 4991 Filius
2120 4952 2132 4989 :

496 5030 598 5084 sed
630 5030 1131 5100 quemadmodum
1163 5030 1304 5098 dixi,
1338 5031 1511 5084 Pater
1537 5034 1628 5083 est
1656 5029 1848 5096 Pater,
1873 5033 1929 5081 et
1952 5025 2134 5081 Filius

494 5116 697 5184 Filius,
728 5125 785 5173 et
813 5120 1064 5191 Spiritus
1118 5124 1357 5173 sanctus
1407 5117 1658 5188 Spiritus
1699 5121 1958 5171 sanctus.
2010 5117 2133 5170 Non

496 5203 606 5257 fuit
638 5211 868 5279 tempus
900 5208 1135 5278 quando
1168 5224 1288 5263 non
1322 5212 1447 5262 erat
1501 5208 1693 5275 Pater,
1741 5222 1851 5262 nec
1902 5210 2134 5276 tempus

496 5291 608 5346 fuit
636 5298 869 5363 quando
902 5298 1082 5353 Filius
1112 5315 1230 5354 non
1262 5303 1406 5367 erat,
1462 5297 1615 5353 sicut
1658 5312 1851 5368 neque
1900 5302 2131 5367 tempus

569 5407 638 5477 (ﬁ)
668 5408 779 5463 Isa.
810 5428 899 5478 χι,
931 5416 983 5470 9.

2248 4674 2467 4741 Πνεῦμα
2498 4669 2672 4743 ἅγιον.
2707 4670 2873 4725 Αὗται
2902 4673 3003 4745 γὰρ
3034 4673 3091 4726 αἱ
3148 4670 3427 4743 ἰδιότητες
3477 4674 3576 4728 οὐκ
3602 4662 3833 4737 ῗᾶντιστρέ·

2243 4779 2450 4835 φονται.
2486 4758 2562 4815 Οὐ
2595 4756 2812 4813 δύναται
2833 4760 2934 4835 γὰρ
2966 4760 2994 4814 6
3029 4763 3213 4833 Πατήρ
3274 4762 3405 4823 Υἱὸς
3453 4762 3605 4829 εἶναι,
3635 4758 3665 4827 ἦ
3694 4757 3715 4810 6
3741 4751 3830 4807 Υἱὸς

2244 4844 2511 4920 Πατὴρ.ἤ
2543 4846 2605 4901 τὸ
2640 4851 2859 4919 Πνεῦμα
2897 4848 2959 4902 τὸ
3009 4849 3162 4922 ἅγιον
3218 4848 3352 4904 εἶναι
3419 4851 3600 4922 Πατὴρ
3651 4843 3682 4913 ἤ
3728 4839 3828 4896 Υἶότ

2245 4933 2371 4990 ἀλλ’
2403 4936 2475 4996 ὡς
2508 4935 2681 5005 εἶπον,
2718 4937 2901 5010 Πατήρ
2933 4938 2961 4991 δ
2993 4939 3202 5010 Πατὴρ,
3238 4938 3330 4993 καὶ
3366 4939 3491 4999 Υἱὸς
3514 4939 3560 5009 ζδ
3608 4934 3728 4999 Υἱὸς,
3763 4923 3823 4981 καῖ

2244 5028 2463 5098 Πνεῦμα
2494 5028 2647 5101 ἅγιον
2681 5026 2743 5081 τὸ
2776 5030 2995 5099 Πνεῦμα
3023 5027 3086 5082 τὸ
3141 5028 3313 5103 ἅγιεν.
3366 5028 3485 5087 Οὐκ
3519 5028 3583 5096 ἦν
3626 5042 3733 5079 ποτε
3764 5018 3825 5070 ὅτε

2244 5114 2346 5169 οὐκ
2374 5115 2442 5184 ἦν
2475 5115 2681 5186 Πατήρ,
2716 5114 2808 5169 καὶ
2840 5114 2939 5169 οῦκ
2966 5116 3031 5185 ἦν
3066 5137 3197 5171 ποτε
3228 5116 3317 5172 ὅτε
3349 5117 3453 5173 οὐκ
3494 5118 3559 5185 ἦν
3602 5114 3724 5176 Υἱὸς,
3760 5103 3821 5159 καί

2243 5203 2342 5259 οὐκ
2368 5204 2433 5272 ἦν
2466 5224 2603 5258 ποτε
2631 5204 2721 5258 ’ὀτε
2761 5205 2864 5259 οὐκ
2920 5206 2985 5274 ἦν
3043 5205 3107 5260 τὸ
3165 5211 3391 5279 Πνεῦμα
3451 5208 3511 5263 τὸ
3559 5204 3713 5279 ἅγιον.
3757 5190 3824 5249 Διά

2241 5297 2402 5348 τοῦτο
2432 5290 2816 5363 ἀκατάληπτος
2843 5292 2936 5348 καὶ
2992 5296 3027 5363 ἡ
3075 5293 3321 5369 γέννησις
3363 5300 3463 5350 τοῦ
3521 5286 3823 5363 Μονογενοῦςι

2077 5513 2296 5567 NOTAE.

555 5625 632 5695 (5)
666 5623 835 5700 EOI‘le
868 5626 1184 5700 respicitur
1223 5626 1295 5700 ad
1328 5634 1675 5699 sequentem
1709 5646 1887 5700 quam
1920 5629 2135 5685 edituri
2170 5645 2377 5683 sumus
2410 5628 2779 5683 orationem.
2817 5628 3017 5683 Comb.
3058 5629 3209 5684 brevi
3240 5638 3497 5687 conserta
3526 5621 3826 5696 disputatio"

562 5700 635 5773 (6)
667 5695 1203 5768 Copronymianam
1237 5695 1518 5771 intelligit
1547 5695 1863 5760 Combetis.
