4040 6204
168 391 308 448 1353

1397 374 1779 439 ADVERSUS
1815 380 2368 442 IGONOCLABTAS.

3442 400 3465 451 1
3475 394 3579 452 354

156 517 309 586 καὶή
343 514 667 588 ἐκπὸρευσις
725 518 822 569 τοῦ
874 512 1028 589 ἁγίου
1086 511 1417 584 Πνεῦματος.
1481 512 1788 581 Προσκυνεῖ

1924 507 2055 576 fuit,
2089 512 2328 581 quando
2387 530 2508 570 non
2560 519 2687 571 erat
2737 514 2990 587 Spiritus
3048 523 3309 577 sanctus.
3357 522 3584 587 Quam-

151 607 243 660 τὸν
275 606 488 675 Πατέρα
522 603 611 672 ςέν
640 603 785 673 αὐτῷ
814 607 1191 677 προσκυνεῖται
1226 601 1252 655 6
1285 602 1409 661 Υἱὸς
1434 601 1523 654 καὶ
1554 600 1616 653 τὸ
1648 599 1803 670 ἅγιον

152 699 391 766 Ηνεῦμα.
428 698 753 768 Προσκυνεῖς
781 693 873 747 τὸν
935 693 1057 746 Υὶόν
1121 711 1134 758 ;
1190 690 1240 744 ἐν
1299 690 1445 761 αὐτῷ
1486 690 1808 762 προσκυνεῖς

145 785 241 837 τὸν
300 785 512 855 Πατὲρα
570 782 657 837 καὶ
713 784 771 837 τὸ
834 783 984 855 ἅγιον
1054 784 1291 851 Πνεῦμα.
1356 781 1686 853 Προσκυνεῖς
1741 774 1804 828 τὸ

151 876 375 945 Πνεῦμα
404 874 466 927 τὸ
498 871 653 945 ἅγίον
685 892 696 940 ;
730 870 781 925 ἐν
833 870 979 943 αὐτῷ
1010 874 1332 945 προσκυνεῖς
1390 867 1479 922 καὶ
1538 865 1630 921 τὸν
1693 871 1802 919 Πα-

146 963 279 1035 τὲρα
309 963 398 1016 καὶ
432 962 523 1015 τὸν
549 962 694 1016 rio").
722 960 799 1018 Οὔ
861 959 1252 1035 συγχεομένων
1307 962 1416 1013 τῶν
1466 957 1796 1031 προσώπων,

147 1049 294 1104 ἀλλὰ
348 1048 438 1104 διὰ
489 1051 550 1103 τὸ
599 1050 795 1104 ταύτὸν
851 1053 941 1103 xui
991 1046 1413 1123 ἀπαράλλακτον
1456 1048 1556 1113 τῆς
1613 1042 1798 1103 οὐσίας

147 1136 292 1193 οὕτω
321 1143 485 1201 νοεῖς.
524 1139 667 1201 Μιᾶς
693 1138 794 1213 γὰρ
817 1137 983 1207 οὕσης
1008 1144 1107 1206 τῆς
1141 1136 1350 1211 φύσεως
1405 1135 1495 1189 καὶ
1546 1139 1645 1201 τῆς
1705 1130 1799 1185 οὐ-

143 1225 262 1288 σίας
287 1227 503 1295 καὶτῆς
536 1227 815 1296 θεότητος,
880 1225 976 1298 μία
1031 1226 1121 1280 καὶ
1177 1228 1210 1294 ἡ
1263 1221 1627 1297 προσκύνησίς
1685 1219 1797 1275 ἐστι

138 1322 243 1384 τῆς
267 1316 419 1389 ἁγίας
448 1316 541 1370 xui
571 1314 873 1383 ὀμοουσίου
904 1312 1161 1388 Τριάδος.
1197 1313 1351 1370 Ἀλλ’
1385 1308 1573 1378 ἐπειδή
1608 1310 1794 1381 Πατὴρ

139 1405 231 1458 xui
262 1406 385 1466 Γὶὸς
412 1404 501 1459 xui
536 1404 684 1477 ἅγιον
714 1409 951 1476 Πνεῦμα,
1005 1403 1366 1476 ὀνομάζονται
1424 1401 1513 1455 xui
1568 1398 1668 1454 εἶσὶ
1725 1399 1794 1469 τῇ

139 1494 239 1566 μὲν
296 1494 455 1565 οὐσίᾳ
502 1493 638 1549 κατᾶ
694 1495 867 1548 πάντα
930 1491 1014 1547 ἷ¹σα
1070 1492 1136 1548 τὰ
1190 1491 1334 1566 τρία⁶
1378 1488 1623 1545 ἀπέδωκε
1655 1485 1711 1542 δὲ
1754 1489 1788 1557 ἡ

131 1583 492 1647 θεόπνευστος
526 1584 711 1661 Γραφὴ
742 1584 840 1651 τήν
869 1582 1050 1657 ἀρχὴν
1078 1586 1157 1654 τῷ
1197 1580 1387 1654 Πατρὶ,
1441 1578 1531 1633 καὶ
1590 1577 1787 1633 λοιπὸν

129 1678 201 1747 τῇ
233 1677 333 1727 τοῦ
365 1673 576 1743 Πατρὸς
598 1670 816 1728 εὐδοκία
845 1672 933 1726 καί
967 1672 995 1725 6
1027 1672 1149 1731 Υἱὸς
1207 1670 1274 1725 τὰ
1322 1668 1495 1723 πάντα
1538 1666 1785 1736 ἐποίησεο

128 1763 316 1817 καὶτὸ
351 1764 572 1834 Πνεῦμα
598 1763 662 1817 τὸ
720 1763 870 1834 ἅγιον
928 1762 995 1815 τὰ
1051 1760 1220 1814 πάντα
1281 1756 1783 1830 ἐτελεσιούργησεν⁸

1923 598 2126 654 obrem
2159 602 2788 674 incomprehensibilis
2821 607 2999 661 etiam
3034 613 3123 661 est
3153 608 3447 680 Unigeniti
3489 630 3581 683 ge-

1918 689 2171 757 neratio,
2196 691 2458 762 itemque
2499 695 2803 764 processio
2837 697 3024 751 sancti
3080 697 3355 767 Spiritus.
3416 700 3573 753 Ado-

1915 794 2011 832 ras
2042 780 2323 838 Patrem?
2354 782 2414 835 in
2464 783 2592 853 ipso
2625 783 2906 839 adoratur
2962 785 3145 840 Filius
3204 791 3262 840 et
3321 787 3571 857 Spiritus

1914 872 2176 923 sanctus.
2208 869 2434 924 Adoras
2465 871 2679 926 Filium
2701 872 2728 926 ?
2759 873 2819 927 in
2844 873 2970 943 ipso
3002 873 3214 929 adoras
3251 877 3484 930 Patrem
3516 881 3572 931 et

1912 956 2196 1025 Spiritum
2221 965 2516 1013 sanctum.
2561 960 2785 1016 Adoras
2836 962 3116 1032 Spiritum
3149 970 3419 1019 sanctum
3442 964 3469 1018 ?
3500 966 3561 1019 in

1910 1044 2039 1114 ipso
2076 1046 2287 1101 adoras
2332 1052 2391 1102 et
2444 1049 2677 1102 Patrem
2730 1056 2789 1105 et
2840 1050 3075 1105 Filium.
3130 1054 3252 1106 Non
3299 1054 3564 1107 confusis

1908 1135 2204 1201 personis,
2260 1135 2364 1189 sed
2400 1143 2642 1207 prepter
2692 1138 3067 1194 identitatem
3114 1140 3565 1196 immutabilita-

1910 1227 2146 1292 temque
2179 1224 2452 1278 essentia)
2486 1225 2569 1279 sic
2615 1226 2856 1298 cogitas.
2923 1228 3067 1282 Cum
3127 1229 3287 1283 enim
3320 1246 3438 1284 una
3489 1231 3566 1285 sit

1906 1316 2117 1366 natura
2147 1316 2205 1366 et
2234 1314 2492 1368 essentia
2513 1320 2571 1369 et
2601 1315 3027 1380 divinitas,una
3079 1322 3168 1371 est
3224 1319 3402 1372 etiam
3455 1319 3559 1374 ad-

1905 1402 2091 1455 oratio
2107 1409 2324 1457 sanctae
2342 1408 2402 1458 et
2417 1405 2942 1460 consubstantialis
2956 1406 3403 1462 Trinitatis.Sed
3423 1425 3560 1479 quo-

1903 1491 2066 1546 niam
2092 1493 2284 1560 Pater,
2319 1494 2502 1549 Filius
2533 1511 2599 1549 ac
2647 1496 2899 1566 Spiritus
2924 1502 3184 1563 sanctus,
3244 1499 3561 1553 nominan-

1902 1586 1997 1635 tur
2027 1588 2085 1636 et
2115 1588 2252 1637 sunt
2271 1584 2531 1637 essentia
2552 1584 2794 1655 quidem
2818 1602 2924 1656 per
2945 1586 3144 1640 omnia
3157 1588 3416 1657 aequales
3439 1593 3560 1643 tres

1900 1670 1991 1724 ha;
2024 1687 2339 1741 personaa;
2387 1672 2689 1743 Scriptura
2746 1692 2883 1729 vero
2926 1675 3209 1730 divinitus
3268 1677 3559 1747 inspirata

1899 1759 2255 1831 principium
2286 1761 2557 1816 attribuit
2604 1764 2784 1826 Patri,
2817 1781 2884 1818 ac
2926 1766 3290 1835 cmteroquin
3320 1782 3386 1819 ex
3446 1768 3554 1821 Pa-

132 1850 281 1906 ἔστιν
338 1850 428 1906 οὖν
487 1851 616 1913 Θεὸς
678 1851 705 1905 ὁ
762 1850 972 1923 Πατὴρ,
1033 1849 1161 1910 Θεὸς
1225 1848 1253 1901 ὁ
1308 1847 1458 1914 Υἱὸς,
1535 1845 1665 1906 Θεὸς
1723 1843 1786 1898 τὸ

1903 1847 2005 1902 tris
2037 1847 2411 1920 beneplacito
2463 1850 2644 1906 etiam
2677 1852 2860 1907 Filius
2921 1854 3197 1909 universa
3229 1856 3445 1918 efTecit,
3498 1861 3557 1910 et

134 1944 363 2013 Πνεῦμα
393 1941 453 1993 τὸ
486 1940 660 2015 ἅγιον.
722 1936 878 1995 Ἀλλ’
934 1935 1317 2004 ἐπειδή,Θεὸς
1366 1934 1456 1989 καὶ
1514 1933 1643 1995 Θεὸς
1696 1931 1785 1987 καὶ

134 2031 292 2099 Θεὸς,
325 2028 385 2084 οὗ
418 2027 637 2084 δύνασαι
670 2028 863 2093 εἰπεῖν,
896 2032 1039 2102 τρεῖς
1070 2025 1215 2083 Θεοί.
1251 2023 1425 2080 Ἀλλὰ
1464 2024 1588 2099 τρία
1618 2021 1788 2096 πρόσ-

134 2140 262 2173 ωπα
336 2117 757 2191 ἐνθυμούμενος,
812 2113 1033 2171 ἕκαστον
1092 2114 1387 2188 πρόσωπον
1460 2109 1784 2185 ὁμολογῶν,

130 2211 215 2271 εἷς
245 2208 375 2269 Θεὸς
405 2206 651 2280 λέγεται,
685 2203 774 2260 διὰ
803 2207 863 2260 τὸ
917 2200 967 2259 ἕν
1030 2204 1120 2259 καὶ
1176 2204 1239 2258 τὸ
1294 2201 1487 2256 ταύτὸν
1535 2199 1636 2267 τῆς
1684 2198 1784 2273 φύ-

128 2318 271 2359 σεως
305 2297 393 2352 καὶ
422 2303 521 2365 τῆς
557 2297 814 2365 θεότητος
845 2294 935 2349 καὶ
965 2300 1062 2363 τῆς
1108 2292 1291 2355 οὐσίας
1344 2290 1435 2345 καὶ
1464 2297 1566 2359 τῆς
1597 2293 1779 2343 συναῖ-

126 2384 409 2454 διότητος.
444 2386 537 2440 Διὸ
566 2386 656 2440 καὶ
688 2383 883 2448 ἑνικῶς
913 2381 1208 2455 δοξάζομεν
1240 2382 1327 2436 καὶ
1370 2381 1781 2454 προσκυνοῦμεν

120 2478 225 2546 τὴν
262 2475 413 2551 ἁγίαν
446 2471 669 2551 Τριάδα.

200 2745 261 2799 ε’.
299 2743 608 2814 Ἐμάθομεν
651 2741 741 2796 καὶ
768 2738 1114 2811 πιστεύομεν,
1149 2738 1231 2792 ὅτι
1286 2735 1313 2790 ό
1367 2734 1492 2798 Υἱὸς
1520 2738 1616 2788 τοῦ
1647 2736 1782 2788 Θεοῦ

124 2833 395 2906 ἐγεννήθη
453 2829 512 2885 ἐκ
568 2835 667 2885 τοῦ
717 2831 927 2903 Πατρὸς
984 2827 1254 2903 ἀρρήτως,
1308 2823 1583 2899 ἀχρόνως,
1639 2822 1784 2876 ἀσω-

129 2924 346 2994 μάτως,
378 2920 483 2995 πρὸ
513 2920 728 2973 πάντων
760 2923 867 2973 τῶν
905 2916 1142 2973 αίώνων.
1193 2913 1365 2975 Αὐτὸς
1425 2913 1515 2966 οὗν
1581 2910 1607 2965 6
1662 2910 1785 2976 Υἱὸς

120 3014 227 3064 τοῦ
260 3013 415 3076 Θεοῦ,
445 3008 508 3062 τὸ
539 3012 652 3086 φῶς
675 3007 728 3062 ἐν
755 3011 851 3061 τοῦ
881 3006 1081 3083 φωτὸς,
1142 3003 1169 3058 6
1227 3001 1489 3072 ἀληθινὸς
1549 3000 1677 3060 Θεὸς
1725 2998 1784 3054 ἐκ

119 3103 226 3153 τοῦ
264 3096 527 3167 ἀληθινοῦ
556 3101 691 3151 Θεοῦ
720 3095 809 3150 xui
844 3094 1076 3168 Ματρὸς,
1134 3096 1201 3165 τῇ
1259 3088 1476 3162 εὐδοκίᾳ
1530 3094 1626 3144 τοῦ
1675 3095 1783 3144 Hu-

116 3188 260 3261 τρὸς
294 3186 575 3259 ἐσαρκώθη
630 3185 689 3240 ἐκ
726 3189 794 3258 τῇ
849 3186 1107 3256 πανάγνῳ
1155 3182 1244 3235 xui
1306 3181 1409 3235 ὑπὸ
1470 3178 1779 3250 Πνεόματος

118 3275 287 3351 ἁγίου
343 3276 784 3349 καθαγιαζομένῃ
843 3275 1102 3345 Παρθένῳ
1148 3274 1216 3343 τῇ
1268 3270 1393 3343 ἁγίᾳ
1451 3268 1651 3342 Μαρίᾳ,
1708 3265 1777 3340 τῇ

114 3364 331 3438 κυρίως
381 3365 470 3419 xui
518 3366 633 3419 κατ’
689 3363 947 3434 ἀλήθειαν
1000 3361 1269 3432 Θεοτόκῳ.
1332 3360 1431 3415 Καὶ
1485 3359 1666 3432 ὥσπερ
1725 3356 1785 3412 ὲκ

111 3458 221 3509 τοῦ
256 3455 474 3527 Πατρὸς
506 3456 541 3521 ἡ
577 3453 781 3529 γένεσις
840 3451 1004 3506 αὐτοῦ
1054 3454 1150 3504 τοῦ
1208 3450 1336 3503 Υἱοῦ
1395 3446 1782 3517 ἀκατάληπτός

111 3544 202 3605 τίς
238 3542 472 3597 ἐστικαὶ
503 3543 925 3615 ἀνερμήνευτος,
981 3542 1067 3594 καὶ
1104 3538 1194 3593 διὰ
1248 3542 1407 3592 τοῦτο
1459 3538 1637 3591 πίστει
1693 3536 1783 3589 καὶ

120 3636 321 3705 σιωπῇ
346 3637 754 3705 προσκυνοῦμεν
784 3631 872 3685 xui
931 3627 1244 3701 δοξαζομενθ
1281 3627 1422 3682 οὕτω
1479 3630 1575 3680 τοῦ
1624 3625 1786 3679 αὐτοῦ

120 3724 269 3777 Υἱοῦ
297 3726 395 3776 τοῦ
425 3719 556 3777 Θεοῦ
586 3723 677 3775 καὶ
707 3723 741 3789 ἡ
778 3720 837 3776 ἐκ
864 3727 963 3788 τῆς
1000 3718 1207 3794 μητρὸς
1266 3718 1355 3771 καὶ
1390 3716 1665 3790 Παρθένου
1714 3713 1787 3769 ἔν-

120 3832 337 3886 σαρκος
364 3810 633 3885 γέννησις,
668 3808 935 3886 ἅφραστός
956 3830 1065 3862 εστι
1096 3807 1186 3862 καὶ
1244 3803 1658 3879 ἀνεκδιήγητος.
1684 3802 1787 3859 Καὶ

128 3901 280 3973 μάθε
310 3904 449 3960 πῶς.

203 3992 275 4055 ς’.
308 3990 370 4046 Ὀ
392 3986 484 4043 οῦν
517 3987 821 4062 μονογενὴς
848 3987 971 4049 Υἱὸς
999 3989 1096 4039 τοῦ
1129 3987 1285 4050 Θεοῦ,
1351 3981 1377 4035 ὀ
1437 3982 1542 4055 πρὸ
1572 3979 1783 4034 πάντων

114 4086 241 4136 τῶν
279 4078 493 4133 αἰώνων
529 4077 587 4131 ἐκ
614 4080 712 4131 τοῦ
762 4074 974 4148 ῘΙατρὸς
1023 4073 1323 4147 γεννηθεὶς,
1382 4069 1785 4145 ἀπερίγραπτός

114 4171 275 4237 ἐστι,
305 4167 529 4222 καίᾶνω
560 4164 669 4220 ἐστὶ
702 4165 789 4219 καὶ
839 4164 1012 4229 κάτω,
1061 4161 1149 4216 καὶ
1199 4161 1265 4214 τὰ
1320 4162 1490 4213 πάντα
1550 4158 1602 4213 ἐν
1638 4158 1786 4232 χειρὶ

110 4257 277 4335 ἔχει,
310 4256 400 4311 xui
421 4256 488 4310 τὰ
515 4257 688 4310 πάντα
710 4254 761 4307 ἐν
808 4253 952 4323 αὐτῷ
984 4250 1293 4320 συνέστηκε,
1352 4249 1441 4302 xui
1498 4251 1564 4302 τὰ
1616 4248 1789 4301 πάντα

107 4348 369 4419 πληροῖ,
427 4345 514 4399 καὶ
606 4343 738 4417 ὑπὲρ
823 4342 889 4396 τὰ
955 4340 1133 4395 πάντα
1219 4336 1666 4412 ὑπερεκτείνεται,
1698 4337 1787 4390 καὶ

116 4438 394 4511 ὑπεράνω
448 4436 663 4489 πάντων
723 4431 971 4502 οὐρανῶν
1048 4428 1181 4499 ἐστι,
1222 4427 1314 4482 καὶ
1361 4428 1456 4487 τὰς
1517 4420 1786 4487 ἀϐύσσους

108 4529 365 4600 καθορᾷ.
426 4522 527 4579 Καὶ
587 4523 689 4577 οὐκ
718 4516 829 4575 ἔστι
888 4518 1059 4580 κτίσις
1144 4517 1353 4593 ἀφανὴς
1401 4514 1632 4569 ἐνώπιον
1687 4513 1788 4568 αὐ-

1900 1937 2151 2007 Spiritus
2179 1944 2422 1994 sanctus
2450 1940 2726 1996 universa
2755 1942 3003 2013 perfecit
3036 1960 3047 1996 :
3080 1949 3169 1998 est
3186 1960 3555 2014 consequen-

1898 2026 1987 2077 ter
2018 2024 2171 2079 Deus
2211 2026 2403 2091 Pater,
2439 2027 2592 2082 Deus
2642 2028 2847 2097 Filius,
2908 2031 3060 2084 Deus
3114 2032 3364 2100 Spiritus
3416 2049 3553 2087 san-

1897 2116 2044 2166 ctus.
2081 2115 2154 2166 At
2183 2113 2323 2182 quia
2352 2115 2527 2181 Deus,
2558 2121 2616 2169 et
2648 2117 2822 2179 Deus,
2867 2123 2926 2171 et
2987 2119 3136 2172 Deus
3163 2135 3175 2171 :
3228 2136 3348 2173 non
3380 2126 3551 2189 potes

1895 2210 2095 2259 tamen
2122 2205 2339 2268 dicere,
2369 2212 2485 2261 tres
2517 2207 2620 2263 dii.
2657 2209 2870 2262 Verum
2934 2216 3050 2264 tres
3102 2226 3387 2281 personas
3418 2213 3545 2266 ani-

1895 2310 1989 2347 mo
2022 2295 2308 2366 cogitans,
2342 2295 3008 2367 quamlibetpersonam
3040 2299 3353 2365 confitens,
3388 2317 3543 2354 unus

1892 2387 2047 2440 Deus
2079 2385 2296 2440 dicitur
2324 2404 2337 2452 ;
2362 2393 2603 2458 propter
2632 2389 2920 2443 unitatem
2954 2395 3011 2443 et
3039 2390 3409 2444 identitatem
3435 2406 3546 2444 na-

1892 2479 2038 2529 tura)
2071 2479 2128 2529 et
2164 2475 2489 2531 divinitatis
2547 2483 2605 2531 et
2662 2479 2934 2533 essentia)
2984 2484 3044 2533 et
3089 2479 3535 2535 comternitatis.

1892 2564 2285 2629 Quamobrem
2319 2570 2376 2621 et
2405 2566 2688 2638 singulari
2726 2584 2975 2622 numero
3008 2568 3407 2640 gloriﬁcamus
3441 2584 3535 2622 ve-

1892 2669 2292 2723 neramurque
2325 2660 2590 2709 sanctam
2612 2655 2979 2712 Trinitatem.

1965 2744 2017 2795 5.
2052 2741 2376 2797 Didicimus
2408 2748 2465 2797 et
2501 2742 2820 2803 credimus.
2882 2744 3040 2814 quod
3099 2746 3280 2799 Filius
3308 2746 3408 2800 Dei
3440 2761 3542 2815 ge-

1894 2830 2056 2883 nitus
2088 2835 2177 2884 est
2207 2848 2275 2885 ex
2303 2833 2474 2885 Patre
2521 2831 2924 2897 ineffabiliter,
2987 2833 3115 2888 sine
3167 2840 3433 2904 tempore
3485 2837 3543 2887 et

1894 2934 2159 2988 corpore,
2194 2924 2328 2973 ante
2361 2920 2563 2974 omnia
2594 2921 2829 2975 saecula.
2865 2922 3125 2992 Ipsemet
3172 2923 3354 2977 Filius
3413 2921 3537 2988 Dei,

1894 3007 1993 3076 qui
2029 3013 2119 3061 est
2149 3005 2352 3063 lumen
2381 3008 2454 3063 de
2482 3008 2731 3075 lumine,
2766 3012 2917 3065 Deus
2948 3028 3117 3066 verus
3149 3012 3219 3067 de
3256 3013 3370 3067 Deo
3406 3030 3537 3069 vero

1894 3099 1953 3149 et
1982 3097 2174 3157 Patre.
2209 3113 2279 3151 ex
2310 3097 2499 3151 Patris
2531 3097 2906 3168 beneplacito
2944 3099 3134 3155 factus
3167 3106 3257 3155 est
3280 3117 3417 3156 caro
3477 3103 3537 3157 in

1893 3184 2213 3253 purissima
2244 3190 2301 3239 et
2327 3203 2431 3255 per
2458 3187 2737 3257 Spiritum
2752 3191 3403 3246 sanctumsanctiﬁcata
3419 3192 3544 3245 Vir-

1894 3272 2029 3343 gine
2064 3279 2267 3329 sancta
2297 3274 2494 3337 Maria,
2522 3292 2652 3346 qua}
2711 3282 2800 3331 est
2839 3278 3075 3349 prOprie
3118 3279 3543 3351 verissimeque

1895 3363 2163 3434 Deipara.
2195 3367 2275 3420 Ac
2308 3366 2812 3435 quemadmodum
2847 3385 2977 3438 quae
3008 3374 3099 3423 est
3128 3386 3197 3423 ex
3246 3372 3417 3424 Patre
3444 3387 3542 3443 ge-

1896 3453 2124 3507 neratio
2152 3453 2339 3524 ipsius
2366 3454 2497 3508 Filii
2530 3455 3157 3526 incomprehensibilis
3189 3464 3278 3513 est
3310 3461 3543 3513 etinex-

1896 3540 2215 3610 plicabilis,
2250 3548 2682 3615 proptereaque
2717 3544 2879 3598 illam
2914 3546 3030 3600 fide
3061 3563 3129 3601 ac
3161 3548 3399 3602 silentio
3449 3548 3546 3602 ad-

1898 3646 2135 3685 oramus
2167 3636 2224 3684 et
2248 3631 2650 3703 glorificamus
2677 3650 2689 3686 :
2725 3634 2807 3688 sic
2838 3634 3104 3706 ejusdem
3133 3635 3262 3689 Filii
3308 3637 3408 3691 Dei
3443 3637 3547 3691 illa

1899 3720 2075 3774 etiam
2109 3737 2239 3790 quae
2273 3738 2342 3774 ex
2370 3726 2557 3776 matre
2588 3727 2678 3777 est
2708 3728 2766 3777 et
2792 3724 3026 3795 Virgine
3058 3725 3120 3779 in
3152 3742 3327 3780 carne
3367 3743 3547 3797 gene—

1898 3806 2071 3871 ratio,
2104 3806 2427 3861 ineﬂ‘abilis
2460 3814 2548 3862 est
2580 3814 2638 3863 et
2666 3809 3124 3880 inexplicabilis.
3167 3814 3245 3867 Ac
3278 3830 3393 3883 quo
3427 3829 3550 3868 mo.

1901 3897 1996 3961 do,
2021 3896 2203 3951 disce.

1971 3989 2021 4040 6.
2058 3986 2409 4058 Unigenitus
2442 3986 2622 4058 igitur
2652 3987 2836 4043 Filius
2866 3989 2989 4055 Dei,
3025 3990 3125 4059 qui
3164 3995 3301 4045 ante
3352 3992 3557 4047 omnia

1899 4074 2117 4129 szecula
2143 4092 2213 4129 ex
2241 4077 2411 4129 Patre
2453 4081 2626 4130 natus
2685 4081 2793 4143 est,
2856 4077 3409 4148 incircumscriptus
3440 4085 3549 4146 est,

1899 4180 2197 4234 supraque
2229 4168 2318 4217 est
2348 4168 2406 4217 et
2454 4163 2627 4229 infra,
2680 4164 3076 4235 universaque
3124 4165 3184 4219 in
3236 4182 3341 4220 sua
3388 4173 3552 4237 pote-

1899 4256 2046 4306 state
2075 4252 2272 4315 habet,
2299 4257 2357 4307 et
2386 4258 2600 4307 cuncta
2656 4252 2716 4305 in
2749 4252 2877 4323 ipso
2930 4257 3222 4321 constant,
3257 4259 3315 4308 et
3344 4254 3549 4310 omnia

1897 4339 2109 4412 replet,
2141 4346 2199 4396 et
2228 4341 2385 4395 ultra
2407 4340 2626 4410 quaevis
2675 4342 3214 4411 superextenditur,
3247 4359 3548 4414 supraque

1897 4446 2104 4484 omnes
2162 4428 2342 4483 caelos
2400 4433 2509 4495 est,
2572 4433 2629 4483 et
2681 4427 2924 4498 abyssos
2983 4429 3264 4485 intuetur.
3313 4434 3381 4485 Et
3437 4449 3550 4487 non

1896 4524 1973 4572 est
2002 4517 2120 4572 ulla
2145 4523 2402 4572 creatura
2425 4517 2717 4571 invisibilis
2745 4519 2804 4571 in
2849 4526 3144 4588 conspectu
3202 4520 3319 4589 ejus
3352 4522 3447 4592 (g).
3483 4525 3550 4577 In

110 4590 255 4673 τοῦ.
278 4590 380 4669 ¹Ἑν
416 4610 668 4688 ἀγγέλοις
700 4609 867 4677 ἐστὶν,
901 4606 1030 4669 ὅλος
1064 4604 1176 4661 ἄνω
1208 4604 1373 4671 ἐστὶν,
1419 4603 1550 4665 ὅλος
1583 4622 1786 4657 παντα-

1903 4605 2119 4678 angelis
2174 4611 2283 4669 est,
2334 4609 2491 4659 totus
2550 4622 2729 4677 supra
2776 4611 2886 4675 est,
2953 4612 3109 4663 totus
3168 4590 3550 4680 ubique'est.

112 4709 251 4781 χοῦ
284 4703 450 4758 ἐστιν.
496 4700 671 4761 Αὐτὸς
717 4699 811 4753 οῦν
870 4698 897 4751 6
949 4696 1075 4758 Υἱὸς
1124 4699 1221 4749 τοῦ
1272 4694 1403 4748 Θεοῦ
1463 4692 1490 4747 6
1538 4695 1786 4752 τοιοῦτος

108 4772 494 4864 τηλικοῦτος,
530 4789 557 4843 6
584 4787 861 4859 ἀπήλικος
896 4785 985 4840 καὶ
1041 4784 1337 4859 ἀμεγέθης,
1394 4778 1583 4849 ἐπειδή
1617 4778 1790 4834 πάντα

112 4882 389 4949 δύναται,
433 4878 666 4948 ἐδυνήθη
724 4876 814 4931 καὶ
863 4873 1150 4949 ἅνθρωπος
1195 4872 1460 4946 γενέσθαι.
1512 4869 1618 4925 Καὶ
1675 4868 1793 4923 κατ’

110 4973 404 5042 ἀλήθειαν
464 4968 785 5041 σαρκωθεῖς,
833 4965 922 5019 καὶ
983 4962 1398 5035 ἐνανθρωπήσας
1433 4958 1492 5013 ἐκ
1544 4957 1791 5030 Πνεῦμα-

108 5082 231 5122 τος
266 5058 429 5134 ἁγίου
458 5058 547 5112 xui
582 5056 792 5131 Μαρίας
823 5057 923 5123 τῆς
970 5048 1251 5126 Παρθένου
1308 5047 1418 5103 ἄνω
1446 5047 1547 5103 οὐκ
1586 5046 1791 5121 ἔλειψε,

111 5149 232 5206 καὶ
260 5133 413 5203 κάτω
440 5145 736 5220 σαρκωθείς
768 5144 795 5199 6
828 5143 988 5204 αὐτὸς
1021 5140 1174 5203 ὅλος.
1234 5138 1442 5197 Οὐκοῦν
1493 5137 1574 5199 τίς
1634 5133 1794 5191 δόνα-

106 5261 225 5295 ται
263 5236 464 5314 φράσαι
496 5236 531 5305 ἢ
564 5236 708 5296 ὅλως
740 5232 1100 5307 διηγήσασθαι
1141 5228 1202 5285 τὸ
1256 5229 1554 5301 μυστήριον
1592 5246 1606 5294 ;

108 5330 223 5385 ’ὁτι
258 5311 400 5400 πρὸς
426 5327 524 5393 τήν
558 5323 830 5379 εὐτέλειαν
860 5328 958 5390 τῆς
981 5318 1330 5392 ἀνθρωπίνης
1379 5316 1612 5393 φύσεως,
1659 5311 1793 5368 ἔδω-

106 5418 287 5485 κεν.νὴ
324 5415 437 5478 θεία
460 5413 646 5491 Γραφὴ
682 5411 843 5487 ὀλίγα
879 5410 999 5464 τινὰ
1111 5428 1273 5479 ματα,
1327 5405 1397 5460 δι’
1451 5402 1523 5459 ὦν
1580 5404 1607 5458 6
1667 5407 1792 5465 νοῦς

106 5510 182 5566 ἐν
255 5504 558 5561 ἀπολαύσει
627 5501 911 5572 δυνήσεται
968 5499 1235 5576 γενέσθαι,
1316 5496 1405 5551 καὶ
1482 5495 1794 5572 ἀφθέγκτως

226 5734 307 5807 (g)
342 5733 517 5789 Hebr.
551 5749 628 5801 ιγ,
655 5734 740 5786 13.

434 5844 705 5904 Pyram“
754 5840 864 5901 Gn.
912 5835 1117 5901 XCVI.

1902 4695 2035 4766 Ipse
2073 4694 2252 4767 igitur
2282 4694 2463 4749 Filius
2498 4694 2600 4749 Dei
2652 4694 2788 4749 talis
2836 4701 3174 4768 tantusque,
3219 4699 3386 4770 cujus
3444 4716 3556 4755 nec

1903 4798 2090 4837 avum
2122 4798 2231 4837 nec
2281 4781 2754 4854 magnitudinem
2807 4784 3112 4857 assignare
3148 4785 3287 4842 licet
3318 4805 3332 4853 ;
3366 4803 3556 4857 quan-

1903 4869 2223 4941 doquidem
2256 4871 2458 4925 omnia
2488 4875 2703 4942 potest,
2739 4872 2934 4943 potuit
2953 4873 3131 4928 etiam
3176 4874 3351 4929 homo
3402 4875 3552 4931 ﬁeri.

1902 4962 2093 5031 Atque
2125 4960 2187 5014 in
2219 4960 2463 5015 veritate
2497 4961 2842 5015 incarnatus
2903 4967 2961 5015 et
3017 4962 3194 5017 homo
3236 4963 3426 5018 factus
3486 4980 3556 5018 ex

1903 5048 2124 5119 Spiritu
2157 5056 2360 5103 sancto
2394 5055 2453 5103 et
2497 5049 2676 5103 Maria
2709 5049 2968 5122 Virgine,
3003 5052 3309 5122 superiora
3338 5069 3558 5123 nequa-

1902 5153 2084 5209 quam
2143 5137 2427 5203 deseruit,
2478 5143 2535 5191 et
2594 5138 2655 5193 in
2722 5138 3104 5193 inferioribus
3174 5157 3310 5195 caro
3366 5141 3557 5197 factus

1905 5227 2190 5281 idemmet
2220 5231 2376 5281 totus
2411 5231 2519 5281 est.
2555 5228 2695 5291 Quis
2728 5243 2866 5299 ergo
2899 5228 3088 5298 possit
3118 5228 3313 5284 dicere
3344 5236 3403 5284 et
3439 5247 3558 5286 om-

1905 5316 2046 5370 nino
2078 5332 2356 5370 enarrare
2402 5316 2751 5387 mysterium
2775 5316 2802 5370 ‘I
2858 5317 2978 5371 Nisi
3035 5318 3193 5387 quod
3224 5336 3329 5389 pro
3364 5320 3561 5374 tenui-

1906 5410 2022 5460 tate
2046 5405 2322 5459 humanaa
2352 5410 2579 5459 natura:
2612 5404 3005 5475 suppeditavit
3027 5406 3229 5462 divina
3259 5409 3562 5480 Scriptura

1903 5510 2092 5567 pauca
2122 5494 2397 5565 quaadam
2426 5494 2626 5563 verba,
2658 5510 2765 5566 per
2804 5512 2935 5566 qum
2968 5513 3139 5552 mens
3169 5497 3230 5553 in
3276 5498 3560 5554 fruitione
