4044 6218
555 334 572 384 Ι
585 329 691 384 355

544 452 759 507 versari
794 450 1032 522 poterit,
1065 466 1132 504 ac
1165 450 1308 520 quin
1341 455 1540 504 tamen
1593 447 1945 518 mysterium
1967 446 2193 502 edisse-

551 559 680 596 rere
711 547 910 610 queat,
943 539 1194 594 revereri
1230 538 1376 592 illud
1409 544 1467 592 et
1497 537 1766 593 adorare.

620 634 669 682 7.
707 629 886 682 Filius
919 645 1053 699 ergo
1089 629 1184 681 Dei
1220 629 1318 697 qui
1355 627 1629 697 nuspiam
1671 625 1799 697 capi
1832 630 2046 696 potest,
2101 627 2194 679 in-

547 735 783 788 gressus
808 723 895 770 est
927 723 1189 771 sanctam
1245 717 1564 787 Virginem,
1635 715 2076 784 assumpsitque
2127 729 2197 766 ex

549 816 763 862 natura
785 808 981 862 carnis
1036 808 1218 874 illius,
1272 807 1578 876 univitque
1645 805 1900 877 propria)
1961 804 2196 858 deitatis

549 899 849 969 hypostasi
885 915 1122 952 carnem
1161 903 1376 951 nostra:
1411 895 2004 959 consubstantialem,
2064 893 2194 948 ani-

551 1005 645 1042 ma
675 995 732 1040 et
761 988 987 1041 ratione
1031 987 1358 1056 praeditam,
1392 1003 1508 1056 qua
1563 986 1688 1056 ipse
1748 985 1910 1040 solus
1963 984 2194 1039 ratione

549 1077 727 1130 novit.
763 1076 1045 1130 Przefatus
1077 1076 1234 1130 enim
1259 1092 1410 1138 sum,
1445 1075 1603 1145 quod
1636 1090 1827 1145 neque
1852 1089 2196 1128 menscom-

549 1165 916 1238 prehendere
963 1165 1132 1228 valet,
1187 1182 1379 1234 neque
1412 1165 1600 1218 oratio
1651 1179 1946 1234 exponere
1979 1166 2192 1233 potest,

547 1271 741 1325 neque
771 1255 947 1307 debet
979 1255 1152 1307 homo
1186 1253 1605 1323 pernaturales
1625 1252 2195 1323 modosinvestigare

547 1345 705 1415 quod
739 1343 1072 1414 investigari
1130 1344 1471 1414 inquirique
1503 1342 1870 1413 impossibile
1904 1348 2012 1395 est.
2050 1342 2194 1396 Cum

545 1435 724 1502 igitur
755 1433 1038 1486 univisset
1083 1431 1192 1486 sibi
1253 1437 1554 1502 acceptam
1611 1448 1680 1485 ex
1739 1430 1842 1485 illa
1894 1436 2194 1494 naturam,

547 1523 727 1576 crevit
758 1522 856 1591 qui
890 1538 1153 1575 crescere
1215 1528 1423 1575 nactus
1484 1538 1600 1575 non
1635 1526 1723 1574 est
1763 1521 1862 1574 Dei
1897 1520 2078 1574 Filius
2130 1519 2193 1573 in

547 1611 782 1681 propria
809 1628 985 1664 carne
1019 1611 1282 1665 animata
1312 1611 1513 1665 anima
1563 1610 1835 1664 ratlonali
1871 1616 1930 1662 et
1958 1608 2193 1662 intelle-

550 1700 714 1755 tuali.
747 1702 857 1753 Nec
892 1706 1088 1753 tamen
1129 1701 1408 1754 amittens
1431 1699 1587 1770 quod
1647 1704 1773 1753 erat
1829 1699 1928 1752 Dei
1989 1698 2190 1765 Filius,

548 1791 735 1845 factus
767 1797 856 1844 est
889 1791 1087 1845 infans
1121 1792 1178 1845 in
1204 1797 1370 1845 utero
1406 1789 2071 1860 matris.Completaque
2104 1793 2194 1842 est

549 1882 734 1936 unitio
770 1881 1063 1935 indivulsa
1111 1888 1166 1934 et
1199 1881 1512 1936 inconfusa
1545 1879 1869 1935 divinitatis
1901 1878 2078 1934 simul
2139 1883 2197 1930 et

550 1970 958 2032 humanitatis,
992 1978 1233 2041 propter
1265 1978 1616 2040 quam'ecce
1676 1970 1775 2040 qui
1809 1969 2195 2039 incorporeus

550 2065 639 2112 est
670 2065 727 2112 et
759 2059 1147 2130 intangibilis,
1198 2075 1516 2129 corporeus
1573 2059 1762 2113 factus
1793 2063 1884 2111 est
1917 2058 2194 2129 tangique

549 2151 774 2216 potest:
811 2154 866 2201 et
898 2149 996 2218 qui
1030 2154 1165 2202 ante
1198 2148 1399 2202 omnia
1449 2147 1665 2201 saecula
1697 2164 1764 2201 ex
1815 2148 1986 2201 Patre
2017 2152 2194 2201 natus

547 2239 654 2299 est,
691 2252 824 2289 ecce
856 2236 1142 2290 idemmet
1173 2237 1349 2290 etiam
1382 2253 1451 2290 ex
1499 2242 1704 2290 sancta
1763 2235 1996 2304 Virgine
2056 2251 2191 2290 caro

544 2325 733 2379 factus
755 2328 1052 2380 nascitur:
1087 2327 1306 2397 quique
1340 2341 1373 2378 θ.
1397 2332 1642 2396 paterno
1693 2325 1828 2380 sinu
1879 2341 2189 2396 nunquam

545 2415 808 2480 recessit,
855 2415 1246 2485 universaque
1306 2414 1627 2469 divinitatis
1686 2414 1898 2468 virtute
1931 2415 2190 2484 comple-

545 2503 808 2569 ctitur,et
838 2504 1039 2558 omnia
1067 2504 1457 2574 omnipotenti
1489 2504 1538 2557 vi
1571 2500 2038 2576 continet,fidem
2065 2502 2191 2574 ipse

543 2592 730 2646 factus
763 2592 939 2646 homo
972 2610 1040 2647 ex
1068 2599 1272 2648 sancta
1333 2594 1563 2665 Virgine
1622 2610 1691 2647 ex
1744 2610 1931 2664 eaque
1990 2599 2187 2661 natus,

533 2681 696 2752 jacet
727 2681 786 2735 in
812 2683 1096 2752 priesepio
1125 2682 1495 2752 puer,fasciis
1519 2681 2050 2746 involutus,sancta
2066 2682 2188 2736 Vir-

541 2771 697 2842 gine,
717 2770 944 2841 virgine
966 2772 1404 2825 manentella'c
1429 2771 1588 2825 enim
1605 2770 1802 2824 divina
1815 2773 2192 2835 sunt.Quem-

541 2859 860 2917 admodum
893 2877 1150 2929 namque
1182 2861 1371 2914 unitio
1416 2860 1611 2914 carnis
1642 2865 1700 2914 et
1730 2860 2054 2914 divinitatis
2075 2861 2188 2914 im-

541 2949 1015 3020 pervestigabilis
1049 2955 1157 3002 est.
1183 2949 1264 3002 sic
1325 2956 1381 3003 et
1411 2949 1704 3004 nativitas.
1745 2951 1937 3004 Potuit
1992 2950 2186 3019 siqui-

541 3036 672 3089 dem
709 3035 971 3090 divinum
1006 3036 1258 3090 Verbum
1302 3036 1457 3106 quod
1491 3037 1869 3106 omnipotens
1919 3041 2008 3090 est
2024 3052 2185 3090 vera-

540 3127 686 3179 citer
718 3125 1014 3180 incarnari
1051 3131 1108 3178 et
1139 3125 1314 3179 homo
1375 3126 1501 3179 ﬁeri
1561 3125 1621 3178 in
1683 3126 1930 3179 Domina
1961 3130 2183 3191 nostra,

541 3215 820 3284 nascique
847 3232 915 3268 ex
950 3214 1072 3277 illa,
1116 3231 1182 3268 ac
1213 3215 1610 3286 virginitatem
1642 3215 1771 3286 ejus
1803 3215 1970 3285 quasi
1991 3214 2184 3286 sigillo

540 3304 831 3358 munitam
864 3320 1247 3369 conservare;
1305 3321 1420 3374 quo
1480 3310 1648 3375 pacto
1707 3304 1936 3358 scilicet
1984 3303 2188 3374 januis

540 3393 713 3446 etiam
750 3394 968 3447 clausis
1004 3393 1168 3446 stetit
1197 3394 1258 3446 in
1293 3393 1486 3447 medio
1519 3393 1970 3464 discipulorum.

607 3483 660 3533 8.
722 3482 1116 3545 Quamobrem
1176 3488 1379 3535 sancta
1429 3488 1485 3535 et
1541 3481 1866 3552 apostolica
1925 3480 2187 3536 Ecclesia

537 3583 667 3635 qum
699 3575 836 3621 sunt
867 3570 1068 3623 divina
1098 3570 1300 3623 omnia
1350 3577 1618 3640 prompte
1670 3570 1938 3640 suscipit,
1984 3570 2184 3624 omnia

536 3654 810 3721 ﬁdeliter,
845 3658 1046 3710 omnia
1078 3659 1371 3711 incuriose
1396 3664 1710 3713 veneratur
1767 3664 1824 3712 et
1879 3657 2086 3712 adorat
2125 3663 2184 3712 et

534 3741 694 3794 colit.
756 3745 883 3812 Ipse
939 3761 1072 3814 ergo
1120 3745 1219 3797 Dei
1281 3746 1461 3799 Filius
1507 3747 1659 3800 Deus
1690 3764 1881 3812 verus,
1942 3752 2183 3817 propter

533 3835 799 3885 nostram
859 3832 1110 3886 salutem
1173 3849 1319 3903 puer
1385 3840 1559 3887 natus
1629 3851 1896 3888 crescere
1961 3836 2180 3891 dicitur

532 3921 771 3990 propria
798 3937 995 3987 carne,
1058 3921 1276 3975 nostris
1328 3921 1648 3992 inculpatis
1700 3924 2020 3993 assumptis
2052 3940 2180 3994 pas-

532 4008 819 4076 sionibus,
863 4027 929 4064 ac
953 4013 1218 4080 proﬁcere
1246 4013 1518 4080 sapientia
1549 4017 1716 4080 atque
1763 4017 1922 4065 (etate
1947 4011 2047 4081 (ἡ),
2107 4029 2175 4066 eo

531 4099 689 4167 quod
737 4099 1021 4170 paulatim
1073 4100 1276 4154 isthmc
1334 4099 1694 4166 ostenderet,
1749 4115 1864 4169 quo
1924 4099 2177 4154 demon-

525 4193 742 4241 straret
769 4190 1005 4259 proprie
1037 4205 1289 4258 vereque
1322 4189 1504 4242 fuisse
1540 4188 2032 4243 incarnationem.
2064 4190 2174 4245 De-

525 4274 754 4346 fatigari
809 4279 985 4332 etiam
1047 4278 1282 4342 dicitur,
1340 4280 1586 4344 esurire,
1677 4279 1863 4347 sitire,
1943 4285 2002 4334 et
2050 4297 2171 4334 cum

524 4365 831 4422 hominibus
865 4375 1206 4423 conversatus
1236 4368 1404 4437 fuisse
1433 4369 1520 4438 (ί),
1553 4369 1774 4424 docens
1833 4386 1900 4424 ac
1955 4369 2167 4424 illumi-

521 4471 660 4508 nans
689 4474 897 4510 omnem
923 4457 1191 4511 hominem
1219 4461 1520 4512 venientem
1577 4461 1636 4513 in
1695 4459 1978 4515 mundum.
2038 4461 2170 4530 Ipse

523 4546 678 4599 enim
713 4553 803 4600 est
831 4547 928 4600 lux
956 4564 1085 4600 tre-ra
1116 4549 1211 4618 (Is).

589 4639 637 4689 9.
667 4637 954 4690 Craterum
982 4641 1223 4707 propter
1271 4637 1625 4692 immensam
1686 4654 1855 4692 suam
1900 4636 2164 4709 benigni-

518 4728 696 4779 tatem
722 4741 928 4795 passus
961 4741 1196 4794 quoque
1229 4732 1318 4779 est
1339 4742 1516 4781 carne
1548 4727 1804 4798 propria.
1841 4728 1970 4797 Ipse
1999 4726 2160 4780 enim

515 4813 800 4869 Dominus
831 4814 1032 4885 glorim
1067 4820 1305 4886 propter
1337 4832 1442 4869 nos
1465 4816 1781 4870 crucifixus
1799 4821 1888 4870 est
1910 4831 2160 4886 vereque

515 4918 742 4971 passus.
788 4903 1013 4957 Patitur
1047 4921 1218 4973 porro
1253 4921 1370 4958 non
1423 4904 1748 4970 divinitate,
1819 4905 1922 4960 sed
1981 4920 2159 4960 carne

513 4993 749 5062 prOpria
780 4993 1258 5062 inseparabiliter
1289 4993 1400 5047 sibi
1456 4994 1737 5065 adaptata
1792 4994 2157 5064 prmditaque

511 5081 711 5134 anima
736 5081 1012 5135 rationali
1050 5099 1061 5135 :
1091 5083 1343 5136 moritur
1373 5090 1597 5151 autem,
1632 5088 1903 5154 separata
1959 5083 2159 5137 videli-

509 5173 600 5219 cet
631 5169 830 5223 anima
860 5188 892 5223 a
923 5188 1187 5241 corpore.
1221 5172 1502 5227 Divinitas
1562 5189 1818 5243 namque
1852 5174 2157 5244 insepara-

507 5251 642 5307 bilis
672 5258 1060 5314 etinconl‘usa
1093 5263 1426 5331 animmque
1462 5262 1629 5316 unita
1662 5269 1787 5316 erat
1819 5268 1994 5333 atque
2023 5280 2155 5317 cor-

505 5342 652 5408 pori.
690 5343 1003 5400 Descendit
1052 5365 1187 5421 ergo
1249 5350 1346 5403 Dei
1411 5350 1591 5404 Filius
1645 5351 1854 5422 spiritu
1915 5367 2020 5405 suo
2079 5350 2152 5406 ad

501 5431 840 5482 sanctorum
898 5435 1158 5504 spiritus,
1221 5454 1577 5509 rursumque
1657 5438 1933 5504 surrexit,
1983 5439 2152 5495 unita

569 5645 642 5716 (h)
675 5643 809 5699 Luc.
845 5661 903 5714 ιι,
929 5650 1015 5702 52.
1052 5649 1116 5719 (ἱ)
1151 5651 1377 5704 Baruch
1410 5669 1485 5720 ιιι,
1519 5655 1606 5707 38.
1651 5653 1729 5725 (Ιι)
1754 5653 1920 5709 Joan.
1955 5670 1996 5724 ι,
2030 5657 2082 5710 9.

2081 321 2445 378 ADDENDA.

3715 331 3809 386 1356

2223 448 2275 512 Α
2309 441 2649 518 ὶκπΛαγῆναι
2723 441 2814 498 καὶ
2927 449 3253 516 προσκυνεῖν
3347 445 3408 500 τὸ
3495 447 3606 502 θεῖον
3669 455 3804 522 pecul,-

2309 552 2448 606 ριον.

2379 624 2440 692 ζ’,
2471 623 2532 679 Ὀ
2565 624 2657 676 οὗν
2692 624 2815 684 Υἱὸς
2841 627 2940 678 τοῦ
2971 629 3106 679 Θεοῦ
3167 625 3195 679 6
3250 625 3519 700 ἀχώρητος
3551 628 3736 696 εἶσῆλθεν
3767 631 3808 690 εἷς

2304 711 2402 778 τὴν
2431 711 2585 786 ἁγίαν
2624 714 2914 787 Παρθὲνον,
2958 713 3048 766 καὶ
3079 708 3374 768 ἐπελάϐετο
3405 714 3457 768 ἐκ
3479 721 3560 782 τῆς
3587 718 3812 792 φύσεωςτῆς

2307 801 2503 875 σαρκὸς
2528 801 2721 869 αὐτῆς,
2753 800 2844 856 καὶ
2875 803 3057 871 ⁴ἕ-ςνιιυσε
3082 805 3150 875 τῇ
3182 799 3291 873 ἰδίᾳ
3343 809 3439 871 τῆς
3487 804 3688 873 θεότητος
3732 807 3812 860 ὁποι

2305 893 2484 943 στάσει
2517 890 2686 964 σάρκα
2708 891 2807 958 τήν
2837 891 2977 962 ἡμῖν
3009 890 3333 961 ὁμοούσιον,
3365 889 3582 966 ἔμψυχόν
3601 914 3648 947 τε
3687 893 3814 948 καὶέν-

2303 998 2452 1048 νουν,
2487 978 2563 1041 ὡς
2596 978 2755 1040 αὐτὸς
2821 979 2986 1051 μόνος
3045 977 3181 1036 οἶδε.
3246 983 3494 1052 Ιίροεῖπον
3520 982 3602 1056 γὰρ
3641 983 3702 1036 ὅτι
3744 984 3815 1036 οδε

2302 1071 2422 1129 νοῦς
2470 1063 2866 1123 καταλαϐέσθαι
2923 1067 3126 1144 ἴσχόει,
3185 1069 3306 1124 οὕτε
3362 1067 3512 1144 λόγος
3580 1073 3816 1144 παραστῆναι

2304 1152 2544 1225 δύναται,
2580 1156 2703 1212 οὕτε
2733 1154 2942 1235 ὀφείλει
2975 1157 3258 1230 ἃνθρωπος
3316 1158 3621 1235 φυσιολογεῖν
3660 1159 3705 1212 τὸ
3728 1158 3818 1227 ἀνεξ-

2305 1245 2580 1320 ιχνίαστον
2637 1247 2725 1301 καὶ
2788 1245 3198 1321 ἀνεξερεύνητον
3250 1250 3484 1321 πρᾶγμα.
3539 1249 3725 1310 Ἐνώσας
3761 1249 3816 1300 οὖν

2303 1334 2476 1405 ἑαυτῷ
2503 1337 2601 1403 τὴν
2654 1334 2704 1405 ἐξ
2761 1334 2928 1404 αὐτῆς
2981 1335 3278 1412 ληφθεῖσαν
3338 1335 3505 1410 φύσιν,
3534 1336 3822 1406 ηὕξειὸἆνιιυ-

2303 1423 2398 1492 ξής
2432 1424 2552 1484 Υἱὸς
2580 1427 2682 1477 τοῦ
2713 1428 2848 1478 Θεοῦ
2875 1427 2944 1497 τῇ
2979 1421 3091 1494 ῗδίᾳ
3122 1425 3302 1499 σαρκὶ,
3360 1423 3684 1498 ἐμψυχωμένῃ

2301 1511 2502 1587 λογικῇ
2528 1533 2587 1566 τε
2612 1511 2699 1566 καὶ
2731 1517 2912 1587 νοερᾷ.
2949 1513 3051 1569 Καὶ
3085 1514 3164 1586 μὴ
3223 1515 3444 1587 τραπεὶς
3471 1515 3496 1568 6
3520 1515 3623 1575 Υἱὸς
3649 1516 3825 1566 1056:03-

2303 1600 2434 1676 ὅπερ
2463 1603 2552 1670 ἦν,
2585 1601 2792 1677 ἐγένετο
2855 1600 3053 1676 βρέφος
3112 1600 3162 1656 ἐν
3223 1607 3291 1675 τῇ
3344 1601 3519 1673 κοιλίᾳ
3566 1609 3647 1671 τῆς
3671 1601 3824 1674 μητρὸς·

2304 1692 2405 1746 Καὶ
2462 1689 2790 1760 ἀπετελέσθη
2851 1688 3044 1754 ’ἑνωσις
3105 1690 3410 1766 ἀδιαίρετος
3463 1694 3544 1747 καὶ
3617 1693 3829 1765 ἀσόγχυτις

2303 1781 2560 1849 θεότητός
2589 1800 2648 1834 τε
2675 1781 2764 1835 καὶ
2796 1781 3238 1854 ἆνθριυπότητος·
3289 1783 3382 1836 καὶ
3415 1780 3527 1835 ἰδοὺ
3571 1782 3595 1835 6
3632 1782 3829 1850 amp-.5;

2301 1868 2390 1922 καὶ
2417 1869 2783 1948 ἆψηλάφητος
2815 1871 3207 1942 σεσωμάτωται
3237 1871 3327 1925 καὶ
3377 1871 3674 1947 ψηλαφᾶται·
3719 1868 3780 1921 καὶ
3813 1865 3830 1918 ὁ

2303 1958 2409 2031 πρὸ
2439 1961 2651 2013 πάντων
2683 1963 2788 2014 τῶν
2851 1957 3063 2013 αἷώνων
3124 1959 3182 2014 ἐκ
3228 1964 3327 2014 τοῦ
3386 1962 3580 2033 Πατρὸς
3623 1957 3830 2032 γεννηθεὶς,

2304 2043 2422 2101 ἰδοὺ
2455 2047 2613 2110 αὐτὸς
2643 2048 2734 2103 καὶ
2777 2047 2838 2102 ἐκ
2865 2051 2965 2112 τῆς
3023 2046 3178 2122 ἁγίας
3209 2049 3476 2119 Παρθένου
3529 2045 3832 2120 σεσαρκωμένῡς

2303 2139 2573 2211 γεννᾶταιο
2607 2137 2696 2191 καὶ
2719 2137 2748 2190 6
2786 2137 2894 2190 τῶν
2926 2135 3150 2192 κόλπων
3181 2141 3290 2192 τῶν
3322 2141 3584 2212 πατρικῶν
3617 2137 3678 2208 μή
3724 2152 3834 2208 χωρι-

2302 2225 2470 2290 σθεὶς,
2518 2225 2607 2280 καὶ
2659 2227 2726 2280 τὰ
2773 2225 3058 2299 σύμπαντα
3107 2230 3176 2300 τῇ
3235 2224 3454 2300 δυνάμει
3527 2233 3617 2296 τῆς
3663 2223 3836 2291 θεότητος

2302 2314 2571 2389 συνέχων,
2601 2316 2691 2369 καὶ
2741 2315 2852 2371 τῶν
2882 2315 3095 2370 πάντων
3150 2319 3217 2389 τῇ
3274 2318 3712 2390 παντοκρατορικῇ
3736 2310 3837 2365 δυνά-

2305 2423 2393 2474 μει
2423 2400 2939 2477 περιδραττόμενος,
2973 2405 3002 2457 6
3034 2403 3196 2466 αὐτὸς
3255 2403 3653 2478 ἕνανθρωπήσας
3698 2401 3742 2454 ἐκ
3781 2405 3838 2464 τῆς

2299 2491 2452 2565 ἁγίας
2488 2489 2758 2566 Παρθένου
2787 2491 2876 2545 καὶ
2923 2492 3221 2567 γεννηθεὶς,
3275 2499 3451 2548 κεῖται
3498 2495 3546 2546 ἐν
3591 2493 3731 2568 φατιῃ
3770 2508 3844 2539 παι·

2301 2576 2417 2633 δίον
2449 2578 2964 2655 ἐσπαργανωμένον,
2994 2588 3094 2650 τῆς
3138 2581 3290 2655 ἁγίας
3347 2581 3606 2657 Παρθένου
3659 2575 3842 2651 παρθένοι.»

2303 2669 2582 2740 μεινάσης.
2617 2671 2694 2726 Τὰ
2748 2671 2852 2744 γὰρ
2913 2675 3032 2733 θεῖα
3087 2673 3312 2725 τοιαῦτα
3355 2670 3488 2727 ἐστι.
3517 2667 3790 2741 Ὥσπερ
3826 2665 3845 2728 ἦ

2299 2755 2492 2819 ἓνωσις
2513 2765 2615 2826 τῆς
2647 2759 2843 2833 σαρκὸς
2892 2758 2982 2812 καὶ
3041 2765 3142 2827 τῆς
3201 2761 3463 2830 θεότητος
3507 2758 3844 2832 ἀνεξεριόιιῃτος.

2298 2845 2440 2900 οὕτω
2470 2848 2559 2901 καὶ
2592 2850 2626 2917 ἠ
2656 2849 2929 2922 γέννησις.
2965 2845 3232 2918 Ἐδυνήθη
3267 2851 3376 2923 γὰρ
3411 2851 3438 2904 ὁ
3495 2848 3624 2909 θεῖος
3668 2845 3795 2919 Λόγος
3832 2841 3847 2892 ‘5‘

2296 2933 2716 3009 παντοδόναμος
2743 2936 2881 2992 κατὰ
2939 2934 3201 3007 ἀλήθειαν
3257 2941 3603 3013 σαρκωθῆναι
3649 2936 3720 2988 καὶ
3752 2931 3848 2985 ἐναν-

2297 3026 2582 3097 θρωπῆσαι
2612 3025 2664 3081 ἐν
2697 3030 2764 3098 τῇ
2797 3027 3084 3101 Δεσποίνῃ,
3110 3027 3200 3081 καὶ
3250 3026 3575 3103 γεννηθῇναῖ
3627 3024 3670 3096 ἐξ
3718 3022 3851 3087 ﬁtin

2295 3115 2384 3170 καὶ
2414 3117 2513 3184 τήν
2543 3116 2830 3190 παρθενίαν
2865 3116 3304 3193 ἐσφραγισμένην
3371 3117 3688 3190 διαφυλάξαι,

2296 3205 2391 3259 οὗν
2416 3206 2608 3278 ἀμέλει
2635 3205 2726 3261 καὶ
2755 3211 2862 3261 τῶν
2899 3209 3076 3282 θυρῶν
3109 3207 3513 3281 κεκλεισμένων
3544 3206 3657 3276 ἔστη
3683 3202 3724 3258 ἐν
3753 3198 3853 3274 μὲσφ

2291 3298 2397 3348 τῶν
2435 3300 2717 3367 μαθητῶν.

2927 449 3253 516 προσκυνεῖν

2227 1812 2270 1875 Β

2361 3476 2430 3544 η“.
2468 3476 2566 3529 Διὰ
2610 3480 2772 3530 τοῦτο
2829 3478 2864 3545 ἠ
2925 3476 3052 3552 ἁγία
3103 3477 3192 3532 καὶ
3245 3477 3587 3545 ἀποστολική
3641 3468 3859 3538 Ἐκκλιαὲ

2289 3583 2460 3618 παντα
2490 3564 2756 3626 εὐπειθῶς
2786 3566 2853 3619 τὰ
2907 3567 3025 3620 θεῖα
3081 3565 3444 3639 ἀποδέχεται,
3490 3567 3649 3622 πάντα
3695 3562 3860 3625 πιστῶς,

2288 3655 2462 3710 πάντα
2491 3654 3012 3732 ἀπολυπραγμόνως
3059 3654 3203 3714 σὲὖει
3256 3661 3353 3716 καὶ
3405 3662 3679 3735 προσκυνεῖ
3715 3654 3780 3708 καέ
3805 3672 3856 3702 τι·

2290 3748 2382 3813 μᾷ.
2418 3744 2590 3806 Αὐτὸς
2619 3743 2712 3799 οῦν
2745 3745 2772 3800 6
2805 3745 2930 3808 Υἱὸς
2962 3751 3098 3802 Θεοῦ
3131 3748 3158 3802 ὀ
3202 3747 3473 3819 ἀληθινὸς
3529 3747 3668 3813 Θεὸς,
3698 3741 3765 3796 διἆ
3787 3741 3853 3804 τὶν

2283 3834 2554 3908 ἡμετέραν
2585 3833 2856 3908 σωτηρίαν
2917 3833 3132 3890 παιδίον
3188 3839 3499 3912 γεννηθεὶς,
3556 3836 3707 3905 αῧξιιν
3745 3829 3858 3900 λὲγι·

2279 3941 2366 3977 ται
2393 3926 2460 3994 τῇ
2495 3920 2608 3994 ῒδίᾳ
2634 3924 2814 3992 σαργὶ,
2841 3925 2907 3978 τὰ
2935 3924 3180 4000 ἡμέτερα
3219 3927 3598 3998 οἰκειούμενος
3625 3915 3856 3983 dantis“?!

2279 4012 2449 4082 πάθη,
2507 4012 2593 4066 καὶ
2650 4012 2979 4087 προκόπτειν
3043 4015 3207 4093 σοφίᾳ
3283 4017 3380 4070 καὶ
3435 4013 3622 4085 ἡλικίᾳ
3679 4008 3750 4068 διὰ
3790 4008 3855 4072 τὴν

2277 4101 2414 4155 κατὰ
2448 4101 2611 4173 μέρος
2653 4099 2944 4173 ἀνάδειξιν,
3005 4105 3155 4166 ὃπως
3215 4103 3368 4180 δείξῃ
3411 4105 3606 4179 κυρίως
3645 4101 3720 4155 καὶ
3766 4093 3857 4149 κε’υά

2277 4188 2532 4260 ἂλήθειαν
2557 4191 2685 4244 εἶναι
2732 4192 2830 4260 τήν
2892 4191 3332 4269 ἐνανθρώπησιν.
3399 4196 3504 4252 Καὶ
3553 4196 3708 4261 κοπᾷν
3751 4186 3859 4258 Et?

2271 4299 2383 4345 ται,
2415 4279 2718 4348 καὶπεινῆν
2748 4281 2837 4334 καὶ
2883 4278 3066 4355 διψῆν,
3115 4284 3205 4337 καὶ
3264 4290 3390 4346 τοῖς
3449 4285 3734 4357 ἀνθρώποις
3771 4295 3855 4328 συν-

2275 4375 2700 4445 αναστραφῆναι,
2786 4367 2999 4441 διδάξαι
3096 4374 3185 4428 καὶ
3275 4373 3523 4450 φωτίσας
3596 4371 3744 4426 πάντα
3795 4363 3854 4416 ἐν·

2273 4458 2493 4530 θρωπον
2524 4453 2830 4532 ἐρχόμενον
2864 4459 2943 4523 εἷς
3005 4463 3096 4516 τὸν
3158 4461 3398 4536 κόσμον.
3430 4463 3602 4523 Αὐτὸς
3654 4463 3740 4532 γάρ
3780 4453 3852 4507 ἐστι

2198 4553 2243 4614 [)
2271 4545 2335 4599 τὸ
2356 4550 2471 4620 φῶς
2499 4546 2560 4600 τὸ
2590 4545 2874 4614 ἀληθινόν.

2343 4635 2415 4689 θ’.
2447 4635 2654 4688 Λοιπὸν
2687 4631 2746 4688 δὶ
2789 4631 2878 4689 διὰ
2933 4638 3032 4706 τὴν
3086 4636 3322 4714 ἄμετρον
3388 4641 3552 4696 αὐτοῦ
3605 4635 3850 4712 φιλανθρω·

2270 4721 2393 4776 πίαν
2415 4722 2504 4776 καὶ
2538 4718 2699 4786 ἔπαθε
2727 4726 2795 4796 τῇ
2830 4721 2942 4796 ἰδίᾳ
2988 4727 3166 4800 σαρκί.
3227 4727 3407 4790 Αὐτὸς
3470 4728 3572 4803 γὰρ
3628 4724 3653 4778 ὀ
3703 4719 3846 4792 Κύριος

2269 4817 2368 4880 τῆς
2395 4808 2558 4881 δόξης
2583 4812 2712 4885 ὑπὲρ
2745 4814 2907 4884 ἡμῶν
2941 4813 3282 4891 ἐσταυρώθη,
3313 4819 3408 4872 καὶ
3454 4819 3644 4891 πάσχει
3673 4810 3845 4878 ἁληθῶξι

2271 4899 2475 4974 Πάσχει
2506 4902 2608 4974 γὰρ
2641 4903 2704 4954 οὑ
2727 4905 2794 4974 τῇ
2839 4899 3056 4973 θεότητι
3109 4905 3255 4962 ἀλλὰ
3304 4911 3379 4979 τῇ
3424 4906 3720 4980 ἀδιαιρὲτως
3762 4913 3843 4949 ﬂ"

2267 4989 2491 5066 αφθείσῃ
2525 4987 2672 5061 αὐτῷ
2708 4987 2822 5061 ἰδίᾳ
2852 4993 3011 5066 σαρκὶ
3063 4993 3482 5070 ἂμψυχωμὲνῃ,
3537 4997 3617 5050 καὶ
3675 4983 3846 5050 ίιποϐττῖ’

2264 5099 2401 5146 σκει,
2431 5085 2532 5148 τῆς
2559 5078 2743 5152 ψυχῆς
2778 5077 3036 5150 δηλονότι
3063 5086 3444 5158 χωρισθείσης
3499 5089 3592 5140 τοῦ
3639 5081 3839 5150 σώμιτθςι

2263 5168 2326 5224 ἸΙ
2358 5169 2460 5242 γὰρ
2493 5167 2685 5238 θεότης
2720 5165 3030 5243 ἀδιαίρετος
3062 5173 3150 5227 καὶ
3182 5173 3506 5248 ἀσόγχυτος
3536 5172 3618 5230 καὶ
3656 5173 3711 5240 τῇ
3735 5159 3840 5237 4³Ιῇ

2262 5256 2519 5328 ἡνωμένη
2554 5257 2620 5324 ἧν
2655 5259 2744 5310 καὶ
2774 5263 2851 5329 τῷ
2901 5261 3137 5333 σώματι.
3203 5263 3497 5332 Κατῆλθεν
3557 5261 3640 5317 οὖν
3687 5259 3707 5310 ὁ
3754 5251 3837 5304 ι’ίὸς

2257 5351 2354 5401 τοῦ
2383 5349 2518 5401 Θεοῦ
2547 5349 2616 5419 τῇ
2650 5343 2762 5417 ἰδίᾳ
2792 5350 2948 5423 ψυχῇ
3003 5352 3139 5423 πρὸς
3189 5353 3288 5414 τὰς
3337 5357 3450 5408 τῶν
3492 5353 3646 5426 ἁγίων
3695 5339 3836 5417 ψυχᾶς,

2257 5435 2347 5490 καὶ
2377 5433 2542 5488 πάλιν
2576 5434 2794 5506 ἀνέστη,
2828 5443 2930 5507 τῆς
2958 5440 3145 5513 ψυχῆς
3189 5439 3491 5510 ἐνωθείσης
3545 5444 3616 5509 τῷ
3663 5433 3834 5501 σώματι.
