4040 6204
162 339 295 396 1357

1368 342 1751 398 ADVERSUS
1787 338 2343 397 ICDNOCLASTAB.

3436 343 3575 399 1358

156 463 382 531 Ἀνέστη
443 462 535 516 οὖν
586 461 613 515 6
661 461 822 524 αὐτὸς
886 465 1183 537 μονογενὴς
1242 466 1364 527 Υἱὸς
1421 469 1518 520 τοῦ
1574 466 1708 519 Θεοῦ
1736 465 1805 536 τῇ

1935 465 2155 536 :orpori
2184 467 2403 522 anima.
2438 467 2783 523 Resurrexit
2810 470 3010 525 autem
3038 467 3198 524 idem
3229 470 3569 541 unigenitus

157 549 270 621 ἰδία
317 548 564 621 δυνάμει*
626 551 905 622 Ἐξουσίαν
964 554 1068 627 γὰρ
1126 550 1265 628 ἔχω,
1326 554 1517 631 φησὶν,
1574 553 1675 620 τήν
1711 556 1811 624 ψυ-

158 642 267 715 χήν
321 661 427 711 μου
481 644 697 710 θεῖναι,
757 641 843 694 καὶ
906 639 1143 711 ἐξουσίαν
1204 641 1319 717 ἔχω
1376 642 1542 697 πάλιν
1622 635 1809 696 λαϐεῖν

159 729 351 797 αὐτὴν.

237 818 286 873 ι’.
341 818 602 878 ἈΑαστὰς
658 816 835 871 τοίνυν
880 818 1059 880 ὁΥἱὸς
1119 824 1220 874 τοῦ
1280 824 1417 875 Θεοῦ
1475 818 1534 874 ἐκ
1585 838 1811 893 νεκριον.

159 911 230 981 τῇ
266 904 378 977 ἰδίᾳ
437 906 843 981 ἐνανθρωπήσει
904 907 1182 985 ἀνελήφθη
1243 909 1319 972 εἰς
1348 908 1473 972 τοὺς
1526 906 1811 981 οὐρανούς.

159 1000 220 1051 Ὃ
275 999 339 1052 τὸ
395 998 523 1072 πρὶν
585 998 896 1070 ἀσώματος,
958 1003 1049 1052 νῦν
1089 1000 1116 1053 ὁ
1171 998 1329 1060 αὐτὸς
1380 996 1811 1073 σεσαρκωμὲνος·

161 1089 190 1142 ὁ
221 1088 284 1142 τὸ
315 1087 439 1161 πρὶν
503 1084 737 1154 ἁπλοῦς,
773 1092 864 1140 νῦν
897 1088 924 1142 6
954 1088 1115 1149 αὐτὸς
1170 1087 1443 1155 σύνθετος,
1487 1088 1616 1148 Θεὸς
1674 1087 1815 1158 ὁμοῦ

160 1177 252 1231 καὶ
300 1173 608 1250 ἄνθρωπος.
662 1175 827 1233 Μὲνει
884 1176 984 1249 γὰρ
1043 1176 1094 1230 ἐν
1146 1177 1293 1248 αὐτῷ
1341 1178 1493 1245 καὶή
1526 1175 1682 1253 φύσις
1713 1181 1813 1242 τῆς

158 1268 439 1336 θεότητος’
474 1266 566 1320 καὶ
598 1267 625 1320 6
654 1266 715 1320 1:6
748 1264 876 1340 πρὶν
936 1264 1144 1328 ἁπλοῦς
1179 1264 1251 1321 ὣν
1301 1267 1391 1321 καὶ
1424 1268 1499 1327 εἷς
1528 1272 1628 1334 τῆς
1658 1264 1815 1337 ἁγίας

151 1352 413 1428 Τριάδος,
444 1356 534 1407 καὶ
577 1357 665 1407 νῦν
703 1355 730 1407 6
762 1353 921 1415 αὐτὸς
956 1355 1027 1415 εἷς
1082 1354 1191 1409 ἐστι
1248 1363 1349 1425 τῆς
1407 1354 1557 1428 ἁγίας
1584 1351 1814 1429 Τριάδος

150 1444 615 1518 σεσαρκωμὲνος,
677 1443 767 1497 καὶ
828 1440 1248 1515 ἐνανθρωπῆσας
1285 1489 1295 1500 .
1360 1444 1456 1497 Καὶ
1526 1442 1658 1518 ὅπερ
1717 1440 1814 1496 οὐκ

149 1530 426 1603 ἠδύναντο
457 1533 629 1586 πᾶσαι
660 1533 713 1587 αἱ
750 1531 994 1607 οῦρᾶνιαι
1054 1530 1310 1605 δυναμεις
1368 1535 1660 1605 θεωρῆσαι·
1694 1529 1815 1585 θεό-

150 1642 299 1690 τητα
328 1621 430 1696 γὰρ
483 1627 585 1688 τῆς
614 1628 1000 1692 προσκυνητῆς
1028 1618 1260 1693 Τριάδος
1318 1618 1450 1674 ἰδεῖν
1501 1617 1680 1680 οὐδεὶς
1720 1617 1815 1672 δύ-

150 1728 333 1765 ναται·
366 1714 458 1762 νῦν
507 1710 598 1764 τὸν
657 1705 750 1763 ἕνα
806 1715 904 1777 τῆς
952 1709 1103 1782 ἁγίας
1134 1706 1382 1785 Τριάδος,
1417 1709 1508 1763 τὸν
1544 1714 1810 1782 μονογενῆ

1923 555 2103 609 Filius
2140 557 2239 610 Dei
2272 556 2483 611 virtute
2515 557 2790 628 propria:
2824 560 3152 613 Potestatem
3194 560 3336 611 enim
3378 560 3569 627 habeo,

1923 645 2141 715 inquit,
2185 645 2431 701 animam
2472 664 2645 701 meam
2686 664 2914 717 ponere,
2947 654 2999 702 et
3026 653 3351 717 potestatem
3400 648 3568 702 habeo

1922 737 2123 789 iterum
2151 751 2361 790 sumere
2389 736 2547 790 illam
2568 736 2656 807 (1),

1997 826 2080 878 10.
2125 824 2269 877 Cum
2318 824 2497 895 igitur
2550 825 2907 879 surrexisset
2953 825 3136 880 Filius
3164 825 3369 880 Deiex
3404 841 3571 879 mor-

1922 912 2059 974 tuis,
2100 913 2330 967 ratione
2387 930 2508 967 suaa
2558 914 2948 969 humanitatis
2988 920 3330 985 assumptus
3384 919 3473 969 est
3509 914 3572 969 in

1924 1000 2121 1056 caelos.
2156 1003 2208 1055 Is
2238 1018 2455 1073 nempe
2487 1003 2586 1072 qui
2621 1004 2786 1073 prius
2824 1004 3377 1075 eratincorporeus,
3413 1020 3571 1058 nunc

1923 1089 2081 1143 idem
2116 1090 2241 1161 ipse
2272 1107 2407 1146 caro
2448 1091 2658 1147 factus.
2694 1093 2801 1157 Qui
2862 1093 3025 1163 prius
3080 1092 3351 1163 simplex,
3411 1110 3572 1148 nunc

1924 1178 2080 1233 idem
2112 1180 2235 1251 ipse
2269 1182 2653 1252 compositus,
2680 1184 2833 1237 Deus
2865 1182 3043 1236 simul
3078 1187 3135 1236 et
3156 1182 3353 1236 homo.
3379 1184 3576 1237 Manet

1924 1266 2083 1321 enim
2116 1268 2175 1321 in
2214 1267 2316 1322 illo
2358 1273 2572 1324 natura
2619 1270 2797 1324 etiam
2853 1269 3179 1325 divinitatis
3214 1286 3227 1324 :
3278 1275 3336 1323 et
3390 1270 3441 1324 is
3473 1269 3573 1340 qui

1924 1356 2088 1425 prius
2111 1355 2363 1427 simplex
2405 1362 2531 1412 erat
2575 1374 2848 1428 unusque
2893 1358 2965 1413 de
3011 1363 3216 1413 sancta
3265 1359 3570 1425 Trinitate,

1922 1460 2080 1497 nunc
2110 1444 2289 1499 etiam
2326 1445 2485 1500 idem
2544 1446 2668 1517 ipse
2722 1464 2877 1501 unus
2931 1447 3002 1501 de
3062 1452 3264 1501 sancta
3289 1447 3573 1501 Trinitate

1924 1539 2013 1587 est
2042 1533 2405 1600 incarnatus,
2431 1540 2489 1589 et
2518 1534 2708 1589 factus
2747 1536 2946 1590 homo.
2981 1535 3265 1605 Quodque
3315 1552 3433 1589 non
3468 1552 3573 1605 po-

1923 1626 2119 1675 terant
2154 1639 2362 1677 omnes
2393 1623 2662 1678 ccelestes
2693 1624 2939 1678 virtutes
2990 1623 3283 1693 speculari
3314 1641 3327 1689 ;
3365 1624 3575 1678 divini-

1924 1714 2105 1764 tatem
2137 1710 2294 1764 enim
2324 1711 2641 1766 adoranda:
2672 1712 2975 1766 Trinitatis
3005 1712 3200 1765 videre
3235 1728 3408 1765 nemo
3458 1728 3572 1783 po-

154 1800 286 1853 Υἱὸν
317 1802 415 1853 τοῦ
451 1802 584 1852 Θεοῦ
619 1796 879 1872 βλέπουσι
910 1799 1047 1851 κατὰ
1101 1797 1193 1852 τὸν
1248 1798 1564 1871 φαινόμενον
1598 1798 1813 1871 ἅνθρω-

1935 1803 2074 1865 test;
2108 1816 2266 1854 nunc
2296 1816 2482 1854 unum
2512 1800 2584 1855 de
2617 1804 2824 1855 sancta
2852 1801 3135 1855 Trinitate
3196 1800 3567 1871 unigenitum

158 1909 291 1953 πον,
321 1886 623 1947 ἐννοοῦντες
679 1887 741 1939 τὸ
770 1885 1136 1961 απερίγραφον
1193 1893 1293 1955 τῆς
1325 1886 1492 1940 αὐτοῦ
1537 1885 1815 1953 θεότητος.

158 1980 338 2032 Τοῦτο
393 1976 496 2049 γὰρ
557 1974 696 2028 ἐστιν
730 1975 759 2027 ’ὁ
790 1977 935 2028 εἶπεν
980 1974 1009 2028 6
1041 1994 1301 2046 μακαριος
1356 1973 1589 2035 Ηαῦλος.
1639 1975 1815 2047 "uapor;

153 2064 434 2140 ἀγγέλοις.
498 2058 877 2139 υρρσελάῦετο
934 2062 1112 2116 τοίνυν
1156 2063 1184 2117 ὃ
1216 2063 1317 2116 οὐκ
1374 2063 1512 2136 εἶχε,
1553 2062 1643 2116 καὶ
1677 2056 1814 2136 ἔχει,

154 2154 303 2229 λέγω
337 2150 405 2220 δή
438 2153 539 2219 τὴν
572 2151 843 2226 ἡμετέραν
895 2153 1076 2227 φύσιν,
1136 2151 1211 2212 εἷς
1274 2150 1473 2213 αἰῶνας
1516 2155 1622 2205 τῶν
1681 2150 1816 2203 αἰώ-

148 2265 263 2297 νων
302 2289 314 2299 .
381 2241 479 2295 Καὶ
538 2239 703 2296 πάλιν
743 2260 754 2271 ’
832 2240 1171 2315 Ἐρχόμενον
1224 2242 1360 2311 μετά
1417 2237 1577 2309 δόξης
1636 2244 1819 2313 κρῖναι

152 2335 363 2400 ζῶντας
394 2330 483 2383 καὶ
530 2326 771 2402 νεκροὺς,
832 2325 957 2396 ἤτοι
1019 2325 1260 2388 δικαίους
1308 2328 1397 2382 καὶ
1431 2325 1815 2402 ἁμαρτωλούς,

150 2420 295 2482 Τοὺς
361 2421 454 2493 μὶν
515 2423 719 2493 κρῖναι,
780 2418 893 2473 ἀντὶ
936 2422 1032 2472 τοῦ
1076 2416 1383 2486 δικαιῶσαι,
1418 2415 1507 2472 διὰ
1558 2419 1627 2473 τὰ
1676 2417 1820 2472 καλὰ

150 2511 335 2564 αὐτῶν
394 2507 546 2583 ἔργα,
605 2508 735 2569 τοὺς
788 2505 844 2561 δὲ
900 2513 1219 2582 κατακρῖναι
1270 2505 1358 2562 διὰ
1412 2508 1513 2575 τὴν
1569 2506 1816 2561 ἀπιστίαν

156 2598 366 2666 αὐτῶν,
400 2599 490 2651 καὶ
520 2598 615 2659 τὰς
643 2598 740 2665 τῆς
771 2596 958 2658 κακίας
990 2594 1165 2651 αὐτῶν
1197 2595 1438 2671 πράξεις.

244 2868 330 2922 ια’.
365 2862 615 2920 Διδάσκει
648 2866 797 2935 ἡμᾶς
845 2863 907 2918 τὸ
956 2859 1237 2936 σύμϐολον
1282 2861 1573 2917 πιστεύεινο
1609 2862 1706 2918 Καὶ
1742 2860 1818 2924 εἷς

164 2956 296 3029 μίαν
358 2954 510 3029 ἁγίαν
576 2950 877 3020 καθολικὴν
935 2952 1023 3006 καὶ
1100 2950 1468 3019 ἀποστολικήν
1537 2954 1633 3005 τοῦ
1686 2954 1820 3005 Θεοῦ

167 3046 533 3114 ΈκκΙησίαν.
596 3043 676 3100 Οὐ
736 3039 953 3096 δύναται
1003 3038 1301 3110 Ἐκκλησία
1340 3043 1375 3109 ἡ
1407 3037 1680 3108 καθολικὴ
1720 3039 1821 3111 μό-

155 3156 251 3189 νον
321 3135 588 3207 ὑπάρχειν
671 3129 1007 3200 ἀποστολική
1042 3177 1054 3188 .
1113 3132 1175 3186 ἹΙ
1228 3129 1329 3204 γὰρ
1406 3127 1821 3201 παντοδύναμος

155 3223 379 3297 ἐξουσία
438 3230 536 3292 τῆς
592 3222 855 3299 κεφαλῆς,
914 3224 1034 3291 ἣτις
1090 3218 1229 3275 ἐστίν
1267 3221 1575 3291 ὁΧριστὸς,
1629 3219 1821 3294 ἴσχυσε

149 3313 248 3369 διὰ
304 3317 414 3367 τῶν
470 3311 792 3366 ἀποστόλων
854 3312 943 3365 τὸν
1019 3310 1259 3373 καθόλου
1331 3310 1536 3381 κόσμον
1601 3313 1816 3363 σῶσαι.

146 3406 346 3461 Ἔστιν
371 3400 463 3456 οὖν
494 3404 526 3470 ἡ
564 3400 686 3476 ἁγία
724 3404 821 3454 τοῦ
880 3403 1016 3453 Θεοῦ
1075 3396 1343 3468 καθολινή
1408 3396 1727 3467 Ἐκκλησία,
1758 3397 1821 3451 τὸ

149 3494 418 3564 σύστημα
462 3494 567 3544 τῶν
625 3491 716 3543 ἀπ’
773 3490 969 3549 αἰῶνος
1028 3488 1195 3562 ἁγίων
1252 3486 1521 3560 Πατὲρων,
1556 3505 1819 3560 πατριαρ·

154 3587 310 3658 χῶν,
368 3584 667 3656 προφητῶν
726 3578 1094 3647 ἀποστόλων,
1146 3575 1561 3652 somehow.
1619 3574 1824 3649 μαρτύ-

160 3691 279 3745 ρων
340 3672 423 3731 οἷς
471 3669 767 3741 προσετέθη
829 3665 1183 3721 πιστεύσαντα
1256 3663 1604 3737 ὁμοθυμαδὸν
1650 3665 1823 3718 πάντα

160 3761 239 3814 τὰ
295 3754 446 3828 ἔθνη.
506 3758 805 3831 Ἐθεώρουν
866 3757 966 3832 γὰρ
1021 3754 1104 3809 ὅτι
1136 3754 1419 3816 ἐκπαντὸς
1466 3758 1655 3829 γὲνους
1710 3758 1818 3808 τῶν

153 3849 271 3905 ὑπὸ
317 3852 424 3903 τῶν
486 3847 729 3920 οὐρανῶν
790 3846 879 3901 καὶ
935 3847 1033 3914 τὴν
1094 3844 1262 3911 αὐτὴν
1321 3849 1427 3898 τῶν
1486 3845 1820 3918 Χριστιανῶν

148 3938 348 3993 πίστιν
381 3936 624 4011 ἔχουσιν.
673 3938 832 3992 Ἀνευ
890 3936 989 4011 γὰρ
1040 3938 1137 3989 τοῦ
1198 3933 1354 4008 ἁγίου
1414 3933 1728 4004 Ilva-Sparta;
1758 3932 1821 3987 οὐ

152 4026 393 4082 δύναται
426 4022 710 4096 πάνδημον
756 4024 845 4077 καὶ
882 4020 1302 4096 μυριόγλωσσον
1356 4022 1629 4093 ἄθροισμα
1660 4020 1735 4080 εἷς
1768 4013 1821 4073 ἔν

140 4118 422 4195 φρόνημα
484 4117 584 4182 τῆς
636 4111 1014 4182 ἀληθεστάτης
1072 4110 1305 4173 πίστεως
1361 4110 1535 4164 ἐλθεῖν
1573 4153 1585 4165 .
1650 4107 1820 4163 Πάλιν

139 4208 258 4282 γὰρ
296 4205 463 4277 Αέγω,
494 4202 579 4257 ὅτι
634 4200 905 4269 καθολική
954 4201 1098 4273 παρὰ
1126 4201 1286 4253 τοῦτό
1320 4198 1428 4253 ἐστί
1462 4220 1516 4253 τε
1545 4197 1635 4253 καὶ
1668 4197 1825 4271 λίγε-

139 4316 270 4364 ται,
307 4292 396 4348 διά
421 4293 482 4348 τὸ
512 4292 792 4348 ἀλλόκοτα
840 4291 929 4346 καὶ
969 4288 1287 4365 πολυσχιδῆ
1316 4291 1403 4344 καὶ
1458 4288 1618 4365 ἄγρια
1647 4288 1824 4357 πάσης

139 4392 261 4456 τῆς
325 4382 561 4456 ὑφηλίου
625 4379 1015 4456 μυριόγλωσσά
1042 4400 1099 4433 τε
1130 4379 1278 4447 ἔθνη,
1314 4378 1390 4439 εἲς
1452 4377 1577 4451 μίαν
1622 4374 1825 4451 ε’ίρηνι-

142 4476 261 4543 κήν
295 4473 387 4527 καὶ
420 4472 692 4547 σωτήριον
725 4468 903 4523 πίστιν
935 4489 994 4523 τε
1023 4467 1112 4522 καὶ
1144 4466 1468 4541 θεογνωσίαν
1497 4466 1655 4522 εἶναι.

238 4652 337 4727 ιβ’.
373 4650 705 4722 Πιστεόομεν
763 4652 1049 4725 τοῖγαροῦν
1097 4647 1174 4711 εἷς
1234 4645 1357 4719 μίαν
1414 4646 1565 4721 ἁγίαν
1599 4644 1827 4709 καθολι-

154 4743 271 4810 κὴν
300 4740 391 4795 καὶ
445 4737 819 4807 ἀποπολικήν
879 4742 974 4792 τοῦ
1034 4740 1171 4793 Θεοῦ
1230 4735 1542 4805 Έκκησίαν,
1574 4733 1625 4788 ἐν
1726 4754 1827 4806 μα-

160 4832 507 4903 θητευθῆναι
564 4828 619 4883 ἐν
668 4832 736 4901 τῇ
795 4828 1124 4901 κατηχήσει.
1186 4825 1288 4881 Καὶ
1344 4824 1683 4897 γινώσκομεν
1720 4828 1827 4876 Πα-

155 4922 305 4995 τέρα
351 4920 443 4973 καὶ
499 4916 622 4973 Υίὸν
652 4918 742 4972 καὶ
801 4918 951 4991 ἅγιον
1014 4918 1257 4987 Πνεῦμα,
1314 4913 1403 4968 καὶ
1457 4911 1831 4988 βαπτιζόμεθα

157 5011 246 5072 εἷς
309 5008 372 5063 τὸ
433 5004 611 5081 ὄνομα
656 5011 753 5062 τοῦ
823 5004 1055 5080 Πατρὸς,
1096 5004 1186 5059 καὶ
1236 5006 1334 5057 τοῦ
1393 5002 1543 5071 Υἱοῦ,
1587 5002 1678 5056 καί
1734 5004 1830 5055 τοῦ

160 5098 335 5175 ἁγίου
394 5096 737 5169 Πνεῦματος,
791 5096 878 5151 καὶ
940 5088 1432 5167 μεταλαμϐάνομεν
1496 5095 1594 5145 τοῦ
1654 5111 1834 5159 σωτη-

166 5189 305 5265 ρίου
353 5188 607 5259 σώματος
661 5187 746 5241 καὶ
808 5184 1036 5255 α’ίματος
1087 5187 1184 5237 τοῦ
1233 5182 1361 5235 Υἱοῦ
1413 5185 1510 5235 τοῦ
1541 5184 1694 5249 Θεοῦ,
1738 5183 1834 5234 τοῦ

167 5281 251 5334 δι’
283 5280 438 5349 ἡμᾶς
476 5280 545 5349 τῇ
604 5280 701 5330 τοῦ
759 5275 968 5349 Ιῐατρὸς
1025 5270 1245 5342 εὐδοκία
1298 5270 1835 5345 ἐνανθρωπήσαντος,

161 5367 270 5425 καὶ
336 5366 668 5429 ἀπθανόντος
739 5363 868 5436 ὑπὲρ
950 5364 1110 5435 ἡμῶν
1148 5403 1160 5417 .
1223 5356 1581 5415 Λιδάσκεσθαι
1644 5355 1701 5412 δὲ
1750 5358 1836 5412 καὶ

169 5458 443 5534 πράττειν
470 5456 566 5518 τὰς
616 5452 761 5518 θείας
818 5451 983 5508 αὐτοῦ
1037 5451 1127 5506 καὶ
1182 5448 1533 5525 εὒαγγελιιιᾶς
1588 5447 1841 5517 ἐντολὰς,

249 5678 319 5747 (l)
349 5677 515 5731 Joan.
548 5692 604 5745 χ,
643 5676 726 5730 18.
771 5671 914 5744 (m)I
946 5669 1092 5724 Tim.
1127 5685 1211 5735 nr,
1248 5668 1333 5722 16.

1929 1887 2142 1942 Filium
2166 1889 2267 1942 Dei
2290 1889 2860 1959 continenturjuxta
2877 1888 3222 1943 sensibilem
3249 1889 3577 1956 hominem,

1928 1978 2127 2030 animo
2158 1977 2551 2049 imaginantes
2595 1978 3170 2049 incircumscriptam
3202 1979 3330 2047 ejus
3362 1977 3578 2031 divini-

1930 2069 2129 2121 tatem.
2156 2068 2273 2121 Hoc
2300 2066 2446 2121 illud
2480 2073 2569 2120 est
2597 2066 2755 2135 quod
2781 2067 2859 2120 ait
2882 2067 3091 2120 beatus
3124 2066 3372 2119 Paulus:
3414 2068 3571 2119 Visus

1927 2161 2002 2208 est
2034 2155 2241 2223 angelis
2272 2155 2374 2225 (m)
2405 2155 2742 2225 Assumpsit
2780 2171 2916 2226 ergo
2959 2154 3116 2225 quod
3139 2171 3259 2209 non
3291 2154 3567 2219 habebat,

1929 2248 1987 2297 et
2020 2244 2218 2311 habet,
2251 2250 2536 2310 nostram,
2586 2245 2855 2314 inquam,
2908 2250 3203 2310 naturam,
3236 2244 3299 2298 in
3355 2243 3572 2297 saecula

1930 2332 2303 2387 saeculorum.
2332 2335 2742 2403 Rursumque:
2785 2335 3086 2387 Venturum
3117 2350 3239 2387 cum
3269 2333 3449 2400 gloria
3470 2333 3574 2401 ju-

1929 2420 2116 2475 dicare
2164 2424 2310 2476 vi‘vos
2340 2428 2391 2475 et
2438 2429 2699 2487 mortuos,
2755 2422 2875 2476 sive
2898 2423 3095 2493 justos
3128 2426 3186 2475 et
3211 2427 3574 2492 peccatores.

1932 2512 2009 2564 Ac
2085 2510 2221 2564 illos
2295 2510 2536 2581 quidem
2604 2512 2883 2580 judicare,
2936 2511 3049 2565 hoc
3105 2515 3213 2579 est,
3263 2511 3578 2579 justi/icore

1928 2604 2171 2668 propter
2201 2597 2358 2652 bona
2402 2614 2606 2652 eorum
2638 2614 2837 2668 opera,
2867 2598 2974 2652 hos
3004 2615 3138 2652 vero
3180 2598 3578 2653 condemnare

1929 2692 2171 2756 propter
2218 2685 2634 2740 inﬁdelitatem
2674 2686 2961 2756 ipsorum,
2998 2691 3056 2739 et
3106 2685 3407 2755 pravitatis
3458 2702 3578 2741 sum

1928 2774 2213 2828 facinora.

2004 2867 2088 2917 11.
2122 2864 2301 2917 Docet
2328 2879 2439 2917 nos
2480 2861 2822 2934 Symbolum
2871 2860 3154 2916 credere:
3189 2863 3251 2917 Et
3304 2862 3365 2917 in
3406 2878 3577 2918 unam

1927 2959 2173 3007 sanctam
2231 2952 2557 3006 catholicam
2614 2958 2778 3021 atque
2839 2952 3195 3021 apostolicam
3246 2950 3341 3006 Dei
3392 2952 3574 3006 Eccle-

1927 3039 2086 3096 siam.
2148 3042 2273 3095 Non
2322 3044 2515 3111 potest
2571 3039 2833 3095 Ecclesia
2891 3039 3182 3095 catholica
3219 3040 3411 3095 solum
3446 3056 3574 3095 esse

1931 3131 2267 3201 apostolica.
2307 3131 2695 3200 Omnipotens
2745 3130 2907 3184 enim
2950 3130 3035 3183 vis
3086 3130 3293 3199 captis,
3344 3130 3445 3199 qui
3487 3133 3575 3183 est

1932 3220 2221 3286 Christus,
2244 3220 2438 3291 potuit
2464 3235 2570 3290 per
2596 3218 2897 3289 apostolos
2923 3217 3210 3273 mundum
3233 3219 3573 3273 universum

1928 3309 2172 3364 salvare.
2207 3312 2308 3363 Est
2354 3326 2490 3380 ergo
2541 3313 2745 3383 sancta
2801 3308 2903 3362 Dei
2954 3308 3246 3363 catholica
3291 3307 3573 3368 Ecclesia.

1928 3404 2112 3453 cmtus
2144 3402 2487 3453 sanctorum
2535 3400 2777 3451 Patrum
2812 3397 2913 3467 qui
2944 3414 2978 3451 a
3007 3397 3223 3451 saeculo
3274 3402 3429 3462 sunt,
3474 3412 3578 3467 pa-

1931 3489 2353 3553 triarcharum,
2407 3488 2833 3557 prophetarum
2868 3528 2881 3553 ,
2935 3488 3362 3557 apostolorum,
3406 3502 3577 3541 evan-

1928 3578 2295 3647 gelistarum,
2330 3581 2679 3648 martyrum,
2715 3575 2931 3646 quibus
2982 3576 3225 3645 adjectae
3258 3580 3396 3630 sunt
3438 3591 3581 3629 con-

1930 3667 2184 3721 Corditer
2252 3665 2563 3719 credentes
2626 3671 2829 3735 gentes
2897 3665 3226 3721 universae.
3294 3663 3583 3719 Videbant

1930 3756 2092 3811 enim
2116 3755 2273 3825 quod
2304 3771 2374 3809 ex
2404 3754 2567 3808 omni
2595 3770 2809 3824 genere
2837 3754 3146 3808 hominum
3169 3754 3269 3823 qui
3294 3753 3400 3807 sub
3432 3753 3579 3808 c0310

1930 3850 2070 3899 sunt
2095 3842 2364 3898 eamdem
2397 3858 2529 3896 cum
2562 3841 2910 3896 Christianis
2945 3841 3121 3896 fidem
3166 3840 3406 3895 habent.
3441 3840 3579 3895 Sine

1932 3937 2133 3987 sancto
2158 3932 2317 3986 enim
2338 3931 2558 4001 Spiritu
2592 3930 2799 4000 nequit
2828 3930 3180 3984 universalis
3205 3946 3271 3984 ac
3314 3929 3576 3983 infinita-

1931 4038 2063 4076 rum
2104 4021 2439 4092 linguarum
2472 4019 2742 4073 collectio
2776 4020 2835 4073 in
2880 4036 3059 4073 unam
3092 4018 3450 4072 sententiam
3480 4033 3576 4070 ve-

1931 4111 2182 4165 rissima:
2212 4109 2349 4164 fidei
2397 4109 2732 4164 convenire.
2791 4109 3012 4162 lterum
3064 4107 3224 4160 enim
3255 4106 3408 4169 dico,
3443 4105 3575 4159 ideo

1932 4199 2285 4255 catholicam
2327 4214 2454 4252 esse
2507 4196 2914 4267 appelarique,
2960 4194 3116 4264 quod
3163 4199 3368 4265 gentes
3398 4193 3578 4248 dissi-

1933 4288 2322 4342 millimorum
2362 4301 2616 4350 morum,
2678 4281 3047 4338 multimodaa
3094 4286 3269 4351 atque
3319 4286 3579 4353 agrestes

1934 4378 2112 4431 totius
2140 4375 2319 4440 orbis,
2366 4374 2857 4442 inﬁnitarumque
2906 4372 3266 4444 linguarum,
3301 4371 3361 4424 in
3400 4385 3581 4425 unam

1934 4465 2242 4537 paciﬁcam
2260 4479 2327 4518 ac
2358 4462 2679 4517 salutarem
2702 4461 2881 4517 ﬁdem
2909 4465 2967 4515 et
2987 4460 3089 4515 Dei
3121 4459 3582 4532 cognitationem

1856 4538 1904 4600 Ῑ)
1935 4554 2290 4610 coalescant.

2010 4646 2094 4696 12.
2129 4640 2436 4697 Credimus
2467 4640 2646 4713 igitur
2692 4640 2754 4694 in
2795 4656 2976 4695 unam
3018 4643 3283 4694 sanctam
3334 4636 3584 4693 catholi—

1938 4750 2066 4787 cam
2110 4737 2169 4787 et
2219 4730 2607 4802 apostolicam
2668 4730 2768 4785 Dei
2826 4729 3173 4793 Ecclesiam,
3219 4728 3281 4782 in
3316 4742 3432 4797 qua
3478 4741 3586 4796 per

1938 4821 2375 4879 institutionem
2399 4818 2724 4875 erudimur.
2758 4818 3177 4891 Cognoscimus
3208 4832 3442 4887 quoque
3474 4816 3584 4871 Pa—

1940 4919 2092 4968 trem
2140 4917 2200 4965 et
2245 4910 2457 4965 Filium
2489 4913 2547 4963 et
2574 4908 2857 4979 Spiritum
2908 4912 3200 4970 sanctum,
3232 4912 3291 4960 et
3318 4904 3585 4975 baptiza-

1944 5018 2078 5056 mur
2104 5000 2164 5054 in
2195 4999 2436 5054 nomine
2477 4996 2666 5052 Patris
2696 5002 2755 5051 et
2794 4996 2925 5050 Filii
2972 5002 3030 5051 et
3071 4995 3321 5066 Spiritus
3374 4994 3585 5061 sancti,

1946 5098 2121 5163 atque
2161 5088 2669 5145 communicamus
2726 5087 2989 5143 salviﬁco
3051 5086 3283 5157 corpori
3336 5091 3393 5140 et
3442 5100 3587 5141 san-

1948 5182 2109 5254 guini
2141 5179 2271 5233 Filii
2324 5178 2444 5246 Dei,
2506 5177 2606 5247 qui
2638 5183 2877 5247 propter
2916 5193 3025 5231 nos
3059 5193 3127 5230 ex
3174 5174 3363 5230 Patris
3410 5174 3591 5228 bene-

1950 5270 2161 5341 placiw
2208 5267 2401 5322 factus
2458 5271 2548 5320 est
2594 5265 2795 5329 homo,
2843 5271 2901 5319 et
2954 5281 3060 5336 pro
3108 5264 3279 5318 nobis
3328 5267 3597 5318 mortuus

1953 5364 2060 5415 est.
2096 5360 2387 5414 Docemur
2410 5360 2609 5410 autem
2658 5355 2838 5409 etiam
2889 5354 3080 5409 facere
3138 5354 3336 5410 divina
3384 5352 3513 5424 ejus
3545 5354 3604 5405 et

1954 5445 2290 5518 evangelica
2322 5442 2621 5509 mandata,
2654 5442 2967 5499 admittere
2991 5460 3228 5514 quoque
3274 5440 3603 5497 certissime
