4044 6218
419 375 443 426 1
457 370 562 425 359

1957 355 2326 406 ADDENDA.

3721 359 3852 413 1360

420 497 703 554 divinitus
762 492 1080 562 inspiratas
1135 489 1466 558 Scripturas
1537 483 1760 537 Veteris
1819 480 2083 550 Novique

2208 476 2645 552 παραλαμϐάνειν
2675 506 2734 538 τε
2776 484 3036 559 ἀσφαλῶς
3078 486 3172 546 τὰς
3213 484 3606 548 Θεοπνεῦστῦυς
3641 483 3852 556 Γραῖαἶιξ

421 583 802 645 Testamenti,
840 599 942 651 per
981 597 1127 650 quas
1181 579 1404 650 jugiter
1447 576 1504 628 in
1538 573 1652 628 ﬁde
1685 587 1950 626 crescere
1982 569 2080 622 bo-

423 691 617 744 naque
663 671 1027 725 conscientia
1078 670 1126 720 is
1160 668 1372 738 dignus
1407 666 1491 726 fit,
1539 663 1639 733 qui
1691 660 1952 715 studiose
2005 657 2079 713 ad

423 764 556 816 illas
614 762 813 815 animo
873 757 1168 813 incumbit
1227 773 1329 826 pro
1385 770 1491 808 sua
1544 752 1914 820 aliorumque
1956 747 2079 801 uti-

429 852 619 904 litate.

501 943 584 993 13.
614 942 903 993 Caeterum
937 937 1038 1006 qui
1073 936 1196 989 hinc
1232 933 1490 988 ﬁdeliter
1520 936 1800 1000 recteque
1830 940 2083 998 perpen-

430 1029 645 1083 derant
694 1027 880 1082 sancti
931 1028 1133 1080 Patres
1185 1023 1371 1078 nostri
1413 1038 1479 1076 ac
1534 1017 1843 1091 religionis
1893 1012 2084 1085 magi-

428 1118 534 1173 stri
567 1116 897 1172 docuerunt
927 1132 1036 1169 nos
1087 1128 1346 1184 quonam
1401 1108 1576 1164 modo
1628 1107 1951 1162 debeamus
1985 1116 2084 1156 co-

426 1205 549 1259 lere
583 1210 640 1257 et
668 1203 934 1258 venerari
973 1200 1258 1256 salutaria
1308 1197 1446 1253 fidei
1498 1194 1784 1266 symbola.
1837 1193 2086 1246 Crucem

428 1293 704 1348 videlicet
732 1292 970 1355 Christi,
1008 1295 1321 1361 propterea
1367 1286 1527 1357 quod
1581 1285 1643 1338 in
1682 1283 1786 1337 illa
1817 1279 2087 1336 conﬁxus

433 1383 611 1437 fuerit
640 1382 822 1437 clavis
853 1380 1133 1444 Salvator,
1172 1383 1456 1447 tanquam
1489 1374 1587 1444 qui
1638 1389 1743 1444 per
1794 1370 1959 1424 illam
1993 1383 2088 1421 re-

435 1472 842 1542 demptionem
891 1468 1064 1523 nobis
1118 1466 1373 1539 gratiose
1428 1462 1767 1526 indulserit,
1804 1463 1862 1513 et
1905 1475 1940 1512 a
1971 1472 2090 1510 ma-

441 1560 758 1616 ledictione
791 1576 922 1629 quae
956 1575 1025 1611 ex
1075 1556 1236 1628 ligno
1290 1555 1422 1620 fuit,
1457 1551 1813 1607 liberaverit.
1867 1547 2088 1611 Altare,

442 1655 726 1719 tanquam
750 1647 1125 1702 Dominicum
1146 1644 1718 1712 immaculatumque
1744 1653 2094 1695 monumen-

442 1744 589 1792 tum.
642 1737 1050 1799 Oblationem,
1098 1740 1381 1804 tanquam
1435 1748 1650 1802 corpus
1700 1728 1933 1784 Domini
1984 1742 2091 1780 no-

3507 571 3530 587 '\
3566 575 3574 586 ν

2187 576 2284 636 τῆς
2319 570 2565 632 ΙΙαλαιᾶς
2614 573 2703 627 καὶ
2745 581 2845 643 τῆς
2907 579 3110 642 Καινῆς
3168 576 3465 642 Arati-ﬁnge,
3503 571 3571 625 δι’

2189 654 2362 728 αὔξειν
2397 659 2472 722 εἷς
2505 662 2681 716 πίστιν
2732 664 2821 718 καὶ
2872 664 3080 738 ἀγαθὴν
3137 661 3472 732 συνείδησιν,
3507 663 3536 714 ὁ
3578 661 3856 731 ἐπιμελῶς

3651 572 3675 587 γ

3640 593 3717 623 ων
3779 591 3852 623 ἐζΞὶ

2189 755 2478 824 προσὲχων
2535 752 2721 814 αὐταῖς
2780 757 3125 826 καταξιοῦται
3185 753 3322 828 πρός
3391 773 3449 806 τε
3512 752 3717 805 ἑαυτοῦ
3774 750 3854 802 καὶ

2192 834 2376 892 ἄλλων
2411 838 2707 917 ὠφέλειαν.

2266 929 2328 1002 ιγ’
2387 930 2589 984 Λοιπὸν
2647 935 2815 986 ταῦτα
2871 932 2924 985 οἱ
2977 953 3184 992 πιστως
3237 930 3325 986 καὶ
3388 931 3568 1004 ὀρθῶς
3636 929 3856 1002 ἐρευνή-

2194 1036 2373 1079 σαντες
2407 1019 2460 1072 oi
2491 1020 2639 1094 ἅγιοι
2679 1022 2839 1092 ἡμῶν
2877 1021 3109 1095 Πατὲρες
3159 1022 3246 1075 καὶ
3299 1023 3400 1089 τῆς
3450 1014 3740 1079 εὐσεϐείας
3783 1013 3857 1070 δι’

2195 1102 2475 1174 δάσκαλοι,
2526 1106 2772 1179 ἐδίδαξαν
2807 1111 2954 1182 ἡμᾶς
2988 1109 3131 1183 ποίῳ
3161 1110 3350 1184 τρόπῳ
3405 1107 3721 1184 ὀφείλομεν
3776 1103 3858 1158 σὲ-

2195 1189 2307 1248 ϐειν
2337 1195 2427 1250 καὶ
2484 1203 2808 1271 προσκυνεῖν
2861 1199 2929 1252 τὰ
2988 1201 3232 1272 σωτήρια
3286 1193 3544 1270 σύμϐολα
3609 1202 3715 1264 τῆς
3773 1193 3860 1247 πί-

2197 1304 2384 1348 στεως,
2422 1287 2529 1341 Τὸν
2593 1287 2819 1360 σταυρὸν
2873 1291 2971 1342 τοῦ
3032 1289 3294 1362 Χριστοῦ,
3351 1284 3441 1340 διὰ
3496 1286 3593 1339 τὸν
3630 1283 3687 1338 ἐν
3721 1283 3864 1351 αὐτῷ

2195 1373 2627 1447 προσηλωθέντα
2677 1382 2931 1451 Σωτῆρα,
2966 1375 3040 1437 ὡς
3085 1373 3153 1430 δι’
3197 1375 3360 1430 αὐτοῦ
3390 1378 3530 1446 ἡμῖν
3588 1373 3862 1448 λύτρωσιν

2197 1481 2592 1536 χαρισαμενου,
2621 1466 2709 1519 καὶ
2740 1472 2843 1535 τῆς
2878 1464 2936 1520 ἐκ
2989 1469 3088 1520 τοῦ
3147 1465 3311 1535 ξύλου
3368 1465 3617 1535 κατάρας
3651 1460 3864 1524 ἐλευθεο

2200 1551 2494 1624 ρώσαντος.
2527 1554 2598 1607 Τὸ
2658 1551 2715 1608 δὲ
2774 1556 3184 1629 Θυσιαστήριον,
3248 1554 3322 1616 ὡς
3353 1555 3415 1608 τὸ
3446 1552 3716 1625 κυριακὸν
3775 1551 3862 1604 καὶ

2198 1637 2469 1715 ἄχραντον
2506 1649 2718 1715 μνῆμα.
2751 1646 2859 1712 Τὴν
2892 1641 2949 1697 δὲ
2981 1644 3291 1719 προσφορὰν
3319 1687 3332 1711 ,
3369 1643 3442 1703 ὡς
3473 1643 3535 1696 τὸ
3573 1646 3744 1712 σῶμα
3775 1643 3864 1693 τοῦ

2207 1729 2404 1800 Κυρίου
2461 1733 2626 1803 ἡμῶν
2687 1733 2868 1798 Ἰησοῦ
2925 1735 3183 1807 Χριστοῦ,
3235 1737 3333 1786 τοῦ
3394 1729 3673 1800 ἀληθινοῦ
3735 1726 3866 1783 Θεοῦ

444 1827 547 1882 stri
576 1831 718 1880 Jesu
749 1825 986 1891 Christi,
1025 1824 1141 1878 veri
1184 1824 1282 1877 Dei
1317 1826 1376 1876 et
1406 1820 1721 1876 Salvatoris
1755 1819 2092 1872 animarum

2208 1820 2290 1871 καὶ
2323 1817 2579 1892 Σωτῆρος
2626 1823 2734 1873 τῶν
2785 1820 3067 1894 ἡμετέρων
3121 1825 3338 1895 ψυχῶν.
3373 1821 3458 1876 Τὰ
3509 1817 3570 1873 δὲ
3625 1818 3866 1890 Eua-(Ti;-

442 1922 802 1971 nostrarum.
832 1914 1143 1985 Evangelia
1167 1929 1322 1977 vero,
1350 1917 1633 1981 tanquam
1668 1925 1798 1979 quas
1830 1907 1900 1961 ab
1933 1906 2094 1976 ipso-

445 2011 566 2059 met
598 2007 714 2058 Deo
751 2004 937 2058 Verbo
975 2001 1358 2074 pronuntiata
1396 1999 1618 2053 fuerint
1665 2003 1722 2052 et
1766 1994 2103 2051 actionibus

445 2097 723 2151 exercita.
758 2096 1050 2166 Imagines
1100 2098 1298 2147 autem
1357 2090 1514 2161 quod
1574 2089 1819 2152 attinet;
1871 2085 2102 2157 quoties

449 2201 578 2238 eam
613 2201 742 2253 qua)
776 2189 864 2236 est
899 2183 1129 2236 Domini
1165 2180 1350 2234 nostri
1401 2180 1537 2233 Jesu
1569 2177 1783 2231 Christi
1836 2176 2103 2229 intacta:-

451 2289 566 2342 que
605 2289 673 2326 ac
710 2270 1279 2325 immaculatissimaa
1326 2267 1454 2338 ejus
1505 2265 1820 2338 genetricis
1870 2269 1929 2317 et
1975 2261 2103 2316 dei-

451 2376 608 2431 paras
642 2359 1115 2422 Mariaeintueor,
1141 2357 1339 2411 statim
1386 2360 1563 2425 atque
1610 2354 1771 2408 illico
1831 2369 1937 2423 per
1967 2350 2102 2406 illas

455 2456 715 2504 mentem
744 2449 901 2519 erigo
932 2447 1005 2502 ad
1037 2451 1362 2500 extremam
1395 2444 1523 2514 ejus
1555 2449 1796 2514 pr0pter
1827 2457 1934 2495 nos
1965 2456 2106 2511 pau-

455 2543 745 2611 pertatem
778 2553 845 2591 ac
890 2535 1356 2598 demissionem;
1409 2531 1704 2603 siquidem
1757 2547 1891 2586 cum
1949 2531 2103 2583 Deus

455 2633 612 2682 esset
640 2627 891 2681 formam
950 2625 1098 2678 servi
1163 2622 1411 2693 accepit,
1471 2637 1758 2692 suamque
1821 2618 2104 2674 ancillam

455 2719 696 2771 Matrem
737 2715 952 2781 effecit,
1011 2720 1188 2782 atque
1249 2711 1320 2765 ab
1383 2710 1485 2765 illa
1543 2711 1760 2781 quippe
1820 2707 2106 2780 puerulus

455 2804 853 2876 bajulabatur,
887 2820 954 2857 ac
986 2819 1055 2856 ex
1086 2801 1363 2872 virgineis
1396 2800 1673 2854 mammis
1703 2799 1793 2853 lac
1839 2797 2104 2868 sugebat.

456 2895 600 2948 Cum
670 2893 846 2964 igitur
903 2890 1204 2946 sensibilis
1257 2889 1463 2944 oculus
1513 2888 1833 2959 imaginem
1879 2887 2107 2940 intente

457 2983 722 3053 respicit,
756 2979 1224 3035 intellectualem
1277 2979 1470 3033 cordis
1521 2977 1760 3033 oculum
1794 2977 1854 3030 in
1886 2980 2108 3046 myste-

460 3071 616 3125 rium
647 3072 968 3125 incarnatze
999 3067 1465 3139 dispensationis
1491 3083 1731 3133 exacuo,
1765 3070 1941 3135 atque
1972 3079 2107 3135 gra-

462 3161 837 3215 vissimorum
891 3158 1334 3226 multorumque
1393 3161 1767 3226 peccatorum
1836 3169 2104 3208 meorum

451 3251 682 3305 veniam
715 3249 1002 3320 deprecor
1026 3263 1058 3301 a
1088 3247 1351 3300 bonitate
1393 3251 1449 3298 et
1477 3243 1888 3299 misericordia
1917 3241 2102 3309 illius,

452 3340 696 3396 dicens:
743 3340 934 3395 Gloria
993 3338 1110 3403 tibi,
1165 3339 1340 3391 Deus:
1402 3336 1659 3389 Salvator
1712 3336 1809 3402 mi,
1851 3336 2105 3388 miserere

452 3433 558 3484 mei
583 3431 910 3499 peccatoris,
971 3433 1021 3481 et
1071 3426 1299 3494 indulge
1355 3425 1531 3480 multa
1583 3429 1808 3494 peccata
1859 3439 1978 3476 mea
2006 3424 2105 3491 qui

439 3536 550 3588 pro
580 3535 661 3572 me
708 3524 967 3571 natu-ram
1015 3532 1190 3570 meam
1231 3516 1487 3585 portasti,
1521 3529 1633 3567 uno
1683 3512 1959 3566 duntaxat
2011 3527 2102 3565 ea:-

448 3614 603 3676 cepto
629 3613 878 3675 peccato.

512 3697 594 3748 14.
629 3695 869 3758 Quoties
900 3710 1036 3747 vero
1084 3692 1348 3762 Deiparm
1403 3690 1654 3763 Virginis
1708 3689 1899 3744 Maria)
1948 3689 2098 3744 ima-

443 3784 640 3855 ginem
670 3781 1063 3851 contemplor,
1100 3779 1299 3833 statim
1359 3778 1488 3833 dico
1523 3796 1534 3832 :
1581 3777 1953 3834 Immaculata
1999 3779 2098 3833 Dei

447 3873 714 3941 genitriar,
772 3873 950 3923 Mater
1003 3869 1203 3922 Christi
1250 3869 1364 3932 Dei,
1419 3884 1517 3922 ora
1575 3869 1776 3922 Filium
1834 3875 1990 3922 tuum
2032 3885 2096 3923 ac

441 3962 609 4013 Deum
639 3975 832 4023 meum,
868 3963 927 4010 ut
965 3958 1293 4010 misereatur
1340 3958 1445 4009 mei
1493 3972 1591 4010 sua
1625 3957 1868 4010 bonitate
1918 3963 1968 4011 et
1995 3959 2098 4010 mi-

437 4048 753 4104 sericordia.
811 4047 1041 4101 Multum
1109 4047 1252 4099 enim
1305 4045 1449 4098 valet
1506 4046 1837 4113 supplicatio
1896 4045 2092 4100 Matris

440 4137 892 4192 adolitinr'ndam
953 4133 1352 4202 benignitatem
1409 4133 1643 4187 Domini.
1695 4136 1772 4188 Ne
1826 4134 2093 4203 despicias

434 4229 786 4298 peccantium
839 4241 1044 4296 preces,
1081 4242 1109 4277 ο
1140 4223 1626 4289 venerabilissima,
1669 4222 1931 4290 quoniam
1988 4225 2088 4276 mi-

438 4322 666 4373 sericors
700 4324 775 4370 cst
807 4323 853 4370 et
888 4315 1100 4369 salrm‘e
1153 4320 1361 4383 potest,
1421 4315 1518 4380 qui
1571 4315 1730 4365 etiam
1771 4329 1879 4380 pro
1935 4314 2090 4366 nobis

435 4411 562 4476 pati
595 4407 856 4475 dignatus
887 4412 980 4458 est.

513 4501 595 4548 lii.
632 4495 875 4561 Quando
909 4501 1107 4548 autem
1142 4494 1439 4562 conspicio
1472 4492 1789 4562 imaginem
1833 4491 2085 4563 alicujus

2203 1906 2322 1979 λια,
2354 1907 2428 1968 ὡς
2489 1909 2579 1962 ὑπ’
2623 1909 2791 1963 αὐτοῦ
2847 1914 2944 1964 τοῦ
2999 1914 3131 1965 Θεοῦ
3191 1910 3367 1984 Λόγου
3428 1906 3757 1976 λαληθὲντα
3785 1908 3870 1959 καὶ

2204 1999 2536 2072 πραχθέντα.
2597 1998 2706 2062 Τὰς
2763 1996 2819 2053 δὲ
2888 1998 3124 2067 εἰκόνας,
3183 2000 3285 2066 τήν
3347 1999 3442 2070 μὲν
3503 2001 3608 2052 τοῦ
3671 1997 3872 2065 Κυρίου

2204 2088 2364 2158 ἡμῶν
2412 2088 2594 2156 Ἰησοῦ
2645 2091 2884 2147 Χριστοῦ
2937 2089 3028 2142 καὶ
3084 2090 3183 2156 τῆς
3240 2087 3520 2162 ἆχράντου
3575 2086 3670 2140 καὶ
3739 2107 3871 2138 παν-

2205 2173 2442 2229 ασπίλου
2500 2174 2664 2229 αὐτοῦ
2725 2176 2934 2249 μητρὸς
2975 2176 3066 2230 καὶ
3125 2177 3392 2231 Θεοτόκου
3453 2175 3680 2250 Μαρίας
3747 2173 3866 2228 ὅταν

2206 2262 2328 2331 ἴδω,
2370 2263 2564 2328 εὐθέως
2604 2264 2693 2320 καὶ
2753 2265 2878 2337 παρ’
2919 2264 3053 2320 αὐτὰ
3103 2266 3193 2320 τὸν
3225 2269 3351 2319 νοῦν
3411 2260 3600 2338 ἆνᾶγω
3661 2263 3746 2327 εἰς
3775 2265 3868 2331 τὴν

2206 2353 2370 2428 ἄκραν
2413 2353 2577 2408 αὐτοῦ
2629 2355 2763 2428 πρὸς
2821 2356 2970 2428 ἡμᾶς
3023 2355 3303 2429 πτωχείαν
3357 2355 3444 2408 καὶ
3509 2347 3872 2426 συγκαταϐα-

2207 2465 2310 2510 σιν⁹
2343 2446 2425 2498 ὅτι
2458 2447 2585 2506 Θεὸς
2633 2443 2706 2499 ὢν
2771 2448 2986 2524 μορφὴν
3039 2444 3239 2502 δούλου
3298 2441 3487 2513 ἔλαϐε,
3519 2466 3615 2498 και
3645 2445 3754 2511 τὴν
3795 2444 3874 2496 oi-

2206 2533 2352 2588 κείαν
2410 2531 2614 2604 δούλην
2679 2536 2889 2610 μητέρα
2945 2535 3203 2604 ἐποίησε,
3261 2536 3348 2590 καὶ
3409 2535 3500 2589 ὑπ’
3559 2533 3742 2601 αὐτῆς
3806 2533 3878 2590 ὡς

2207 2623 2403 2690 νήπιος
2435 2619 2776 2693 ἐϐαστάζετο,
2824 2622 2914 2677 καὶ
2973 2622 3034 2678 ἐκ
3076 2627 3412 2697 παρθενικῶν
3470 2625 3663 2694 μαζῶν
3727 2619 3879 2694 γάλα

2208 2709 2460 2780 ἐθήλασε·
2513 2712 2602 2766 καὶ
2661 2711 2856 2766 λοιπὸν
2914 2714 2976 2767 τὸ
3034 2712 3290 2782 αἰσθητόν
3351 2710 3509 2783 ὄμμα
3571 2710 3721 2784 πρὸς
3777 2711 3875 2776 τήν

2210 2799 2390 2853 εἰκόνα
2438 2802 2641 2864 ἀτεκῶς
2683 2798 2921 2876 βλέπων,
2952 2801 3016 2856 τὸ
3068 2803 3265 2869 νοητὸν
3295 2807 3393 2868 τῆς
3449 2795 3684 2872 καρδίας
3720 2795 3882 2870 ὄμμα

2209 2887 2302 2940 σὺν
2342 2893 2420 2959 τῷ
2449 2893 2528 2960 νῷ
2557 2889 2632 2950 εἷς
2661 2890 2722 2943 τὸ
2765 2893 3062 2964 μυστήριον
3094 2896 3194 2957 τῆς
3242 2888 3503 2960 ἐνσαρκου
3542 2887 3880 2959 οἰκονομίας

2209 2976 2498 3046 ἀκοντίζω,
2542 2979 2632 3032 καὶ
2691 2978 2814 3051 περῖ
2870 2984 2978 3034 τῶν
3039 2979 3436 3052 ἀσυγγνώστων
3495 2977 3589 3030 καὶ
3641 2976 3881 3030 ualui“;

2214 3087 2321 3137 μου
2377 3067 2787 3140 ἁμαρτημάτων
2849 3065 3043 3140 δέομαι
3109 3069 3206 3135 τήν
3266 3067 3580 3141 ἁγαθότητα
3640 3065 3740 3119 καὶ
3795 3065 3884 3119 εὖ·

2215 3155 2558 3230 σπλαγγνίαν
2593 3156 2778 3224 αὐτοῦ,
2839 3156 3036 3231 λέγων·
3102 3157 3240 3228 Δόξα
3299 3177 3404 3224 σοι,
3439 3157 3468 3209 ὁ
3495 3157 3656 3217 Θειῖςο
3692 3156 3725 3208 ὁ
3761 3161 3882 3208 Σω-

2213 3246 2317 3312 τήρ
2363 3266 2488 3316 μου,
2541 3244 2764 3316 ἐλέησόν
2830 3267 2900 3319 μο
2948 3247 3039 3300 τὸν
3098 3243 3428 3320 ἁμαρτωλὸν
3495 3244 3590 3298 καὶ
3642 3245 3882 3319 συγχώ-

2215 3354 2380 3407 ρησον
2409 3336 2503 3395 τὰς
2545 3332 2762 3396 πολλὰς
2801 3356 2905 3407 μου
2961 3336 3250 3410 ἁμαρτίας,
3300 3335 3329 3388 ὁ
3375 3332 3448 3388 δι’
3499 3334 3600 3407 ἐμὲ
3645 3334 3709 3388 τὸ
3761 3334 3882 3386 κατ’

2213 3422 2311 3495 ἐμὲ
2337 3422 2587 3499 φορέσας,
2623 3422 2756 3498 δίχα
2789 3425 2960 3497 μόνης
2983 3431 3084 3494 τῆς
3115 3423 3402 3500 ἁμαρτίας.

2283 3687 2365 3746 ιδ’.
2397 3693 2562 3748 ’Ὀταν
2598 3690 2654 3747 δὲ
2683 3698 2783 3761 τῆς
2821 3691 3089 3748 Θεοτῦκου
3151 3693 3426 3768 Παρθένου
3489 3694 3716 3768 Μαρίας
3777 3695 3875 3760 τήν

2206 3779 2388 3834 εἰκόνα
2446 3779 2766 3852 θεάσωμαι,
2824 3781 3027 3845 εὐθὲως
3080 3781 3243 3858 λέγω·
3307 3787 3556 3856 Αχραντε
3618 3784 3874 3848 Θεοτόκε,

2205 3875 2388 3943 Μῆτερ
2447 3874 2678 3943 Χριστοῦ
2735 3875 2830 3924 τοῦ
2891 3875 3058 3938 Θεοῦ,
3120 3865 3381 3946 πρέσϐευε
3438 3873 3530 3924 τὸν
3597 3872 3725 3924 Υίόν
3783 3893 3874 3924 σου

2202 3957 2291 4011 καὶ
2342 3958 2468 4012 Θεόν
2528 3980 2653 4030 μου,
2724 3958 2876 4020 ὅπως
2937 3959 3138 4033 ἐλεήσῃ
3203 3980 3268 4032 με
3451 3960 3620 4015 αὐτοῦ
3671 3958 3872 4033 ἀγιθᾶο

2199 4065 2324 4114 τητι
2374 4045 2461 4100 καὶ
2519 4044 2944 4121 εὐσπλαγχνίᾳ·
3009 4047 3195 4102 πολλὰ
3273 4050 3376 4122 γὰρ
3433 4048 3620 4121 ἱσχῦει
3682 4047 3869 4116 δέησις

2201 4135 2426 4207 Μητρὸς
2502 4136 2637 4209 πρὸς
2721 4135 2998 4208 εὐμένειαν
3073 4135 3390 4192 Δεσπότου.
3478 4139 3571 4204 Μή
3636 4137 3872 4211 παρίδῃς

2197 4221 2541 4297 ἁμαρτωλῶν
2600 4223 2801 4278 ⁴ἱκεσίαν
2841 4268 2853 4292 ,
2908 4228 2941 4293 ἠ
3019 4227 3325 4297 πάνσεμνος
3361 4269 3375 4291 ,
3462 4227 3546 4279 ὅτι

2199 4309 2309 4365 ἐστὶ
2339 4313 2428 4366 καὶ
2461 4315 2650 4381 σώζειν
2683 4312 2978 4385 δυναμενος
3009 4357 3023 4385 ,
3076 4315 3103 4368 ὁ
3157 4314 3244 4367 καὶ
3294 4317 3486 4368 παθεῖν
3535 4315 3676 4389 ὑπὲρ
3709 4320 3865 4388 ἡμῶν

2197 4397 2556 4472 καταδεξάμεν
2567 4422 2643 4461 ος.

3611 4225 3743 4295 ἐλεῆ
3755 4250 3864 4297 μων

2276 4491 2353 4546 ιε’.
2384 4498 2544 4544 Ὅταν
2580 4488 2636 4544 δὲ
2669 4489 2766 4544 ἴδω
2829 4489 3010 4545 εἰκόνα
3059 4490 3382 4545 ἀποστόλου
3417 4494 3451 4561 ἢ
3494 4513 3796 4566 μαρτυρος,
3828 4491 3858 4559 ἢ

439 4586 686 4655 apostoli
731 4592 832 4637 aut
894 4583 1167 4653 martyris
1223 4582 1310 4636 vel
1372 4582 1616 4635 alterius
1659 4582 1866 4643 sancti,
1904 4583 2089 4635 histo-

2208 4599 2345 4639 τινος
2393 4583 2500 4632 τῶν
2563 4578 2751 4652 ἁγίων,
2785 4581 3027 4652 ἱστορίαν
3082 4585 3189 4633 τῶν
3251 4583 3606 4653 παθημάτων
3671 4583 3855 4646 αὐτῶν,

437 4677 583 4729 riam
632 4692 845 4745 nempe
910 4673 1252 4742 passionum
1314 4689 1539 4734 mirum,
1606 4687 1750 4739 quas
1808 4688 2091 4740 generose

433 4783 535 4835 pro
570 4765 803 4818 Christo
850 4762 1247 4832 pertulerimt,
1305 4761 1468 4812 (lim:
1528 4760 1714 4812 ("Neria
1774 4760 1896 4825 tibi,
1935 4765 2089 4826 Deus,

438 4853 602 4920 hust
643 4854 877 4922 apostoli
928 4852 1007 4903 rel
1059 4851 1220 4917 hujus
1260 4851 1432 4901 sant-ti.
1489 4852 1677 4916 Atque
1712 4849 1834 4900 lltl'C
1867 4850 1950 4902 sic
2003 4850 2088 4903 di-

442 4958 609 5000 cens.
669 4943 914 5013 gloriam
970 4941 1084 4992 De-o
1142 4938 1359 4990 tribuo.
1397 4939 1476 4989 lla
1509 4936 1617 4988 hoc
1650 4938 1822 4990 modo
1855 4940 2084 5008 accepi-

443 5045 574 5084 mus
609 5050 636 5084 a
673 5031 893 5084 sanctis
928 5027 1216 5081 l'atrilius.
1251 5042 1502 5095 quorum
1545 5027 1718 5078 etiam
1768 5029 2009 5081 nomina
2033 5034 2087 5081 et

442 5121 618 5173 verba
654 5122 712 5173 in
747 5119 895 5172 libro
945 5118 1018 5186 (7)
1070 5115 1552 5186 consignabimus
1586 5116 1630 5168 si
1684 5115 1782 5168 Dei
1818 5117 2086 5172 voluntas

443 5221 508 5258 ac
541 5209 906 5276 providentia
938 5207 1159 5261 tulerit.

510 5295 591 5347 16.
620 5301 692 5349 At
722 5315 821 5350 vos
845 5297 976 5350 novi
1009 5296 1425 5366 praidicatores
1461 5301 1516 5347 et
1549 5295 1758 5348 inanes
1793 5296 2081 5366 theologi:

437 5381 548 5433 Vos
582 5384 682 5450 qui
716 5388 969 5440 assecuti
995 5385 1134 5439 estis
1167 5384 1652 5454 praedicationem
1678 5386 2081 5454 apostolorum

2202 4669 2274 4720 ὧν
2333 4665 2419 4720 διὰ
2475 4667 2701 4739 Χριστὸν
2769 4670 3058 4740 ὑπέμειναν
3117 4668 3423 4741 γενναίως,
3499 4669 3672 4744 λεγωο
3729 4671 3852 4736 Δόξα

2200 4776 2306 4824 σοι,
2367 4757 2394 4809 ὁ
2444 4758 2570 4817 Θεὸς
2627 4755 2783 4810 τοῦδε
2841 4757 3150 4812 ἀποστόλου
3291 4755 3459 4811 τοῦδε
3522 4764 3627 4812 τοῦ
3689 4758 3848 4833 ἁγίου.

2200 4845 2300 4899 Καὶ
2334 4850 2499 4899 ταῦτα
2559 4844 2701 4900 οὕτω
2760 4845 2951 4920 λέγων,
2987 4847 3061 4907 εἷς
3119 4849 3246 4901 Θεὸν
3275 4849 3376 4913 τήν
3431 4845 3595 4916 δὸξυ
3633 4849 3854 4917 ἀναπέμ-

2199 4954 2305 4989 πω.
2346 4937 2527 4989 Ταῦτα
2586 4934 2728 4988 οὕτω
2761 4932 3143 5008 παρελάϐομεν
3203 4936 3259 4988 ἐκ
3316 4941 3425 4989 τῶν
3463 4939 3636 5010 αγίων
3700 4935 3848 4992 llzté-

2199 5044 2329 5095 ρων,
2364 5025 2435 5076 ὠν
2469 5023 2557 5077 καὶ
2588 5024 2652 5077 τὰ
2685 5026 2927 5096 ὀνόματα
2967 5026 3056 5078 καὶ
3086 5025 3214 5086 τοὺς
3250 5023 3454 5100 λόγους
3491 5027 3542 5079 ἐν
3609 5033 3690 5099 τῷ
3745 5024 3845 5078 τεέ-

2197 5132 2284 5186 χει
2317 5113 2909 5185 παρασημειωσόμεθα,
2957 5118 3088 5168 Θεοῦ
3144 5113 3411 5188 βουλήσει
3469 5117 3554 5170 καὶ
3617 5114 3836 5190 προνοίᾳ.

2271 5293 2350 5359 ιζ’.
2388 5293 2571 5364 Ὑμεῖς
2625 5287 2680 5344 δὲ
2734 5291 2784 5344 0i
2843 5293 3170 5364 νεοκήρυκες
3223 5292 3316 5345 καὶ
3387 5293 3536 5347 κενοὶ
3589 5291 3834 5361 θεολόγοι.

2198 5386 2352 5456 ὑμεῖς
2391 5383 2443 5437 οἱ
2474 5383 2737 5456 τυχόντες
2771 5381 2832 5436 τὸ
2861 5384 3124 5456 κήρυγμα
3174 5387 3284 5437 τῶν
3340 5384 3512 5458 ἁγίων
3545 5379 3826 5437 ἀποστόλων

2029 5565 2250 5620 NOTAE.

513 5682 590 5750 (7]
623 5677 836 5732 Confer
867 5682 1193 5736 orationem
1226 5683 1754 5742 demonstrativam
1787 5686 1858 5742 de
1887 5689 2069 5744 sacris
2097 5687 2483 5762 Imaginibus,
2527 5691 2566 5741 t.
2605 5689 2766 5754 XCV,
2799 5687 2904 5742 309
2936 5702 3058 5757 seq.
