4040 6204
200 401 330 459 1361

1424 411 1465 460 Α
1478 413 1574 463 DV
1585 412 1813 464 ERSUS
1848 410 2395 469 ICONOCLASTAS.

3472 417 3605 468 13:32.

196 527 423 584 καὶτῶν
476 527 648 581 αὐτῶν
697 525 972 604 διαδόχων
1018 529 1107 584 καὶ
1157 532 1438 602 μαθήτῶν,
1479 533 1761 603 ἡμετέρων
1796 528 1830 585 δ

1968 533 2326 607 illorumque
2358 554 2763 591 successorum
2798 553 2862 590 ac
2896 537 3345 605 discipulorum,
3368 542 3605 597 Paii'um

198 616 454 692 Πατέρων
486 617 576 671 καὶ
609 613 971 690 διδασκάλων,
1026 619 1203 680 καθὼς
1252 618 1406 674 αὐτοὶ
1450 623 1585 693 ἡμῖν
1617 617 1851 693 παραδε-

196 705 435 762 δώκασιν
494 704 592 760 ἐπὸ
645 710 744 761 τοῦ
799 712 1061 778 κυριακοῦ
1123 710 1333 772 πάθους
1389 710 1479 763 καὶ
1526 716 1626 777 τῆς
1675 729 1851 779 σωτηο

192 794 320 871 ρίου
379 795 738 865 ἀναστάσεως,
794 796 960 871 μέχρι
1019 804 1120 866 τῆς
1178 796 1460 871 παρούσης
1512 796 1853 860 ίνδικτιῶνος

192 882 419 959 ὀγδόης,
456 880 548 954 ἔτη
595 883 890 939 ἑπτακόσια
942 886 1021 958 με’
1077 883 1328 960 λέγουσιν
1362 886 1517 957 εἶναι,
1549 886 1639 941 καὶ
1672 886 1855 942 ἔκτοτε

187 975 284 1029 καὶ
333 971 440 1034 ἓως
503 974 669 1048 μέχρι
727 974 815 1028 καὶ
873 978 964 1028 νῦν
1028 974 1079 1029 αἰ
1139 971 1431 1048 σεϐάσμιαι
1481 976 1683 1037 εἷκόνες
1715 976 1850 1045 ἦσαν

188 1064 281 1121 καὶ
314 1064 447 1119 εῗσίν
482 1064 588 1118 ὑπὸ
634 1069 741 1118 τῶν
801 1069 1031 1135 πιστῶν,
1093 1065 1168 1127 ὡς
1219 1065 1583 1139 προείπομεν,
1616 1087 1851 1142 προσκυ-

187 1153 470 1227 νούμεναι·
528 1150 762 1223 ἐδείξατε
819 1154 902 1207 ’ὀτι
960 1154 1028 1208 τὰ
1101 1154 1398 1209 ἑπτακόσια
1453 1160 1619 1210 ταῦτα
1670 1154 1762 1226 ἔτη
1816 1158 1851 1224 ἡ

185 1239 467 1310 καθολική
514 1242 605 1296 καὶ
648 1240 992 1312 ἀποστολικὴ
1052 1242 1378 1314 Ἐκκλησία,
1436 1244 1527 1298 καὶ
1587 1246 1637 1299 οἱ
1690 1241 1851 1300 διδά-

183 1330 383 1387 σκαλοι
414 1329 506 1385 καὶ
565 1331 617 1384 οἱ
674 1331 934 1404 ποιμένες
993 1331 1168 1401 αὐτῆς
1225 1330 1560 1403 ἐπλανῶντο,
1593 1332 1682 1388 καὶ
1725 1334 1850 1407 ὑμῖν

180 1426 307 1483 τοῖς
336 1420 658 1495 νεοκήρυξιν
687 1419 1045 1498 ἀπεκαλύφθη
1092 1423 1126 1491 ἡ
1177 1421 1406 1492 ἀλήθεια
1431 1429 1534 1492 τῆς
1577 1422 1810 1487 πίστεως
1836 1427 1852 1479 3

181 1510 277 1581 Ἐξ
310 1508 444 1565 ὅτου
499 1510 603 1585 γὰρ
660 1509 761 1578 τήν
825 1505 1045 1585 ἔρευναν
1105 1511 1308 1581 ταύτην
1365 1509 1562 1587 ἤρξατε
1601 1519 1850 1583 ποιῆσαι,

180 1601 330 1657 εἰσὶν
382 1596 475 1671 ἔτη
534 1599 729 1656 πλεῖον
785 1601 821 1671 ἢ
878 1598 1110 1656 ἔλασσον
1161 1607 1260 1674 με’.
1322 1602 1457 1659 Ἀπὸ
1488 1603 1592 1677 γὰρ
1625 1602 1850 1673 έννάτης

177 1688 563 1761 ἐπινεμήσεως
641 1686 844 1763 ἤρξατε
920 1692 991 1762 τῇ
1072 1690 1306 1762 ἀληθείᾳ
1360 1692 1698 1746 ἀντιπίπτειν
1759 1678 1850 1747 καῖ

177 1777 398 1851 ἐρευνᾷν
428 1778 491 1832 τὸ
550 1781 669 1839 πῶς
724 1775 1077 1851 διαστρέψετε
1135 1778 1201 1833 τὰ
1257 1776 1611 1858 ἀδιάστροφα.
1666 1782 1848 1837 Ἐπει-

1958 640 2027 678 ac
2060 626 2483 696 magistrorum
2533 633 2894 687 nostrorum,
2948 626 3243 696 quomodo
3294 628 3403 696 ipsi
3437 631 3607 685 nobis

1958 712 2335 768 tradiderunt
2378 719 2438 782 (a
2496 722 2760 785 tempore
2830 714 3151 770 Dominicze
3210 716 3504 785 passionis
3553 726 3610 770 et

1961 801 2283 857 salutiferas
2336 803 2793 858 resurrectionis
2867 818 3055 873 usque
3123 802 3198 857 ad
3251 812 3606 873 przrsentem

1959 896 2223 945 octavam
2256 890 2666 953 indictionem.
2690 908 2879 946 annos
2910 908 3039 946 esse
3070 891 3237 946 aiunt
3265 893 3600 964 septingeir

1956 983 2050 1034 tos
2084 979 2474 1053 quadraginta
2523 981 2810 1051 quinque,
2859 985 3058 1051 atque,
3112 979 3186 1034 ab
3236 997 3303 1035 eo
3341 986 3605 1053 tempore

1958 1084 2146 1138 usque
2179 1069 2468 1123 hactenus
2508 1068 2880 1123 venerabiles
2934 1069 3221 1139 imagines
3278 1068 3522 1124 fuerunt
3551 1077 3609 1125 et

1960 1162 2099 1212 sunt
2122 1163 2415 1212 veneratus
2448 1174 2482 1213 a
2508 1157 2784 1213 ﬁdelibus
2834 1158 3331 1229 quemadmodum
3379 1159 3606 1229 praefati

1959 1249 2207 1317 sumus).
2267 1248 2382 1302 Vos
2440 1246 2805 1315 ostendistis,
2839 1247 2998 1318 quod
3045 1263 3151 1318 per
3199 1248 3604 1320 septingentos

1957 1334 2135 1389 hosce
2166 1352 2357 1390 annos
2398 1336 2688 1391 catholica
2741 1341 2800 1390 et
2840 1335 3165 1407 apostolica
3206 1336 3469 1391 Ecclesia
3499 1337 3603 1392 do-

1958 1428 2267 1494 ctoresque
2307 1429 2366 1479 et
2407 1429 2675 1495 pastores
2719 1424 2848 1496 ejus
2897 1425 3240 1491 erraverint,
3274 1425 3436 1479 vobis
3468 1443 3601 1481 vero

1957 1512 2295 1568 recentibus
2345 1512 2837 1585 praedicatoribus
2892 1513 3150 1568 revelata
3178 1512 3357 1567 fuerit
3387 1515 3601 1570 veritas

1960 1601 2144 1658 ﬁdei?
2164 1604 2244 1657 Ex
2267 1619 2382 1674 quo
2406 1602 2567 1658 enim
2589 1603 3038 1674 inquisitionem
3061 1603 3213 1657 hanc
3235 1603 3598 1671 instituistis,

1956 1696 2095 1747 sunt
2123 1692 2263 1746 anni
2303 1691 2438 1763 plus
2492 1692 2692 1748 minus
2750 1692 3015 1762 quinque
3074 1697 3133 1746 et
3187 1691 3598 1764 quadraginta.

1955 1780 2226 1851 C(Bpistis
2258 1796 2516 1852 namque
2570 1797 2605 1836 a
2659 1797 2818 1836 nona
2873 1780 3199 1836 indictione
3232 1780 3464 1836 veritati
3495 1781 3598 1836 ad-

174 1864 251 1935 δὴ
308 1864 395 1919 ἐπὶ
454 1866 553 1934 τήν
613 1866 814 1939 πέτραν
863 1871 964 1934 τῆς
1042 1864 1301 1935 ἀληθείας
1356 1864 1718 1939 ᾠκοδόμησαν
1779 1868 1830 1922 οἱ

1952 1871 2171 1926 versari
2230 1870 2497 1941 illudque
2555 1870 2881 1940 inquirere,
2943 1885 3203 1940 quonam
3260 1875 3431 1940 pacto
3464 1887 3597 1941 quas

173 1954 327 2031 ἅγιοι
383 1956 547 2026 ἡμῶν
605 1954 859 2028 Πατέρες,
916 1954 1006 2008 καὶ
1063 1954 1233 2009 πύλαι
1293 1952 1425 2026 ᾃδου
1474 1954 1535 2010 οὐ
1564 1958 1828 2033 κατισχύ-

171 2064 362 2099 σουσιν
396 2043 589 2113 αὐτῆς,
650 2042 784 2118 ἅπερ
835 2043 935 2099 εἰσὶ
994 2042 1062 2098 τὰ
1112 2040 1270 2099 ἄδικα
1318 2045 1405 2100 καὶ
1454 2046 1671 2121 πονηρᾶ
1713 2050 1821 2101 τῶν

151 2134 449 2209 αἱρετικῶν
511 2132 775 2205 στόματα.
838 2133 1205 2202 Ἠπιστήσάτε
1256 2139 1374 2196 τοῖς
1430 2134 1660 2207 πατράσι
1731 2124 1820 2190 καὶ

146 2227 236 2295 τῷ
299 2221 657 2297 βαπτίσματι,
712 2221 741 2275 ὃ
800 2223 932 2295 παρ’
1007 2220 1184 2276 αὐτῶν
1241 2220 1518 2301 εἷλήφατι,
1571 2223 1663 2278 καὶ
1724 2223 1823 2279 οὑκ

150 2309 411 2384 ἐδέξασθε
453 2309 628 2366 αὐτῶν
680 2310 781 2379 τὴν
840 2310 1021 2365 πίστιν
1077 2311 1165 2365 καὶ
1224 2310 1351 2373 τοὺς
1385 2310 1609 2386 λόγους.
1646 2308 1819 2369 Ἐδεί-

148 2402 281 2473 ξατε
307 2402 522 2474 τρανῶς
577 2397 738 2453 τίνων
802 2397 1042 2471 μαθηταί
1101 2398 1219 2453 ἐστε
1273 2399 1363 2454 καὶ
1422 2396 1697 2475 διάδοχοι.
1729 2400 1818 2464 Ὠς

145 2490 327 2564 γὰρὴ
362 2485 521 2543 ἄνοια
572 2488 727 2561 ὑμῶν
774 2484 1061 2562 πρόδηλος
1112 2488 1452 2565 γενησομένη
1513 2488 1704 2566 ἐφάνη,
1735 2487 1818 2545 ὅτι

151 2578 383 2634 ἐκείνων
438 2576 554 2632 ἐστὲ
614 2578 882 2650 μαθηταὶ,
940 2580 1049 2631 τῶν
1126 2576 1437 2653 κραξάντων
1498 2577 1589 2632 σὺν
1649 2580 1821 2651 Ἀννᾳ

144 2669 246 2724 καὶ
280 2668 505 2744 Καϊάφᾳ
558 2667 699 2741 πρὸς
757 2663 1022 2736 Πιλᾶτον,
1078 2666 1354 2743 λέγουσιν·
1413 2668 1602 2740 Ἡμεῖς
1664 2669 1819 2742 βασι-

147 2758 263 2813 λέα
318 2756 418 2811 οόκ
468 2752 674 2829 ἔχομεν
741 2756 788 2810 εἳ
852 2757 928 2829 μὴ
991 2755 1254 2831 Καίσαρα,
1314 2754 1359 2810 εἷ
1403 2756 1493 2811 καὶ
1542 2751 1818 2830 προϐάτου

148 2845 325 2923 δορὰν
386 2844 610 2921 έπέχετε
665 2844 755 2900 καὶ
826 2843 1088 2918 ποιμένος
1165 2843 1366 2915 στολὴν
1439 2844 1816 2919 ἀμφιέννυσθε.

146 2938 252 2999 Ὠς
298 2937 401 3013 γὰρ
452 2935 651 2991 έκεῖνσι
697 2935 793 2991 τὸν
843 2940 1080 3008 Σωτῆρα
1117 2934 1422 3010 ἠρνήσαντο
1460 2933 1599 2988 κατὰ
1646 2934 1817 3008 πρόσ-

150 3046 315 3082 ωπον
375 3024 637 3093 Πιλάτου,
697 3024 785 3080 καὶ
869 3027 1061 3079 τοῦτον
1138 3027 1354 3097 σταυρῷ
1410 3022 1817 3097 προσπήξαντες

151 3115 481 3186 ἀνήλωσανο
510 3113 673 3176 αὐτὸς
705 3110 763 3168 δὲ
807 3116 876 3186 τῇ
923 3114 1077 3186 θεϊκῇ
1137 3111 1301 3166 αὑτοῦ
1341 3109 1566 3184 δυνάμει
1596 3110 1812 3180 ἀνέστη,

1937 1960 2269 2018 rectissima
2300 1964 2438 2013 sunt
2466 1963 2798 2030 pervertere
2829 1958 3088 2029 possitis.
3114 1959 3187 2012 At
3207 1958 3369 2013 enim
3402 1975 3583 2030 supra

1934 2055 2163 2122 petram
2186 2048 2452 2103 veritatis
2474 2047 2914 2103 aediﬁcaverunt
2934 2047 3120 2102 sancti
3140 2049 3342 2102 Patres
3365 2048 3577 2117 nostri,

1933 2146 1986 2194 et
2017 2145 2200 2209 portae
2242 2138 2413 2205 inferi
2455 2153 2564 2191 non
2604 2136 2984 2207 prmalebunt
3030 2136 3286 2191 adversus
3329 2153 3446 2190 eam
3476 2137 3577 2206 (η),

1933 2244 2065 2300 qum
2118 2226 2397 2280 videlicet
2446 2230 2585 2279 sunt
2639 2225 2845 2295 iniqua
2892 2230 2950 2278 et
3004 2223 3581 2279 consceleratissima

1931 2317 2348 2374 haareticorum
2405 2330 2529 2372 ora.
2573 2313 2778 2369 Fidem
2829 2312 3094 2385 praebere
3152 2314 3436 2369 renuistis
3474 2316 3582 2371 Pa-

1931 2407 2120 2462 tribus
2163 2409 2223 2460 et
2267 2404 2582 2475 baptismo,
2618 2419 2793 2474 quem
2843 2402 2917 2457 ab
2956 2402 3079 2457 illis
3110 2402 3437 2474 recepistis,
3471 2419 3581 2458 nec

1930 2511 2136 2551 eorum
2168 2493 2348 2549 ﬁdem
2381 2507 2804 2562 sermonesque
2828 2491 3193 2562 suscepistis.
3222 2491 3580 2547 Ostendistis

1927 2584 2160 2656 liquido
2192 2597 2592 2654 quorumnam
2623 2580 2899 2650 discipuli
2923 2580 3052 2635 sitis
3082 2596 3150 2634 ac
3182 2596 3576 2636 successores.

1927 2673 2204 2730 Amentia
2263 2671 2423 2726 enim
2480 2673 2675 2725 vestra
2721 2668 3039 2723 manifesta
3085 2666 3284 2722 futura
3313 2667 3436 2723 visa
3467 2673 3577 2737 est,

1927 2762 2087 2834 quod
2117 2776 2332 2831 nempe
2364 2774 2570 2814 eorum
2604 2757 2733 2812 sitis
2775 2755 3073 2826 discipuli,
3106 2756 3205 2826 qui
3241 2772 3374 2810 eum
3405 2760 3577 2812 Anna

1927 2856 1986 2906 et
2009 2850 2231 2921 Caipha
2260 2847 2334 2903 ad
2367 2847 2625 2901 Pilatum
2683 2844 3010 2900 clamantes
3065 2843 3306 2898 dicunt:
3356 2845 3460 2899 Nos
3486 2861 3573 2899 re-

1923 2956 2044 3011 gem
2073 2955 2183 2993 non
2233 2936 2491 2991 habemus
2540 2937 2649 2989 nisi
2708 2933 2968 2988 Caesarem
3025 2933 3118 3001 (0),
3181 2932 3414 2987 tametsi
3448 2933 3572 2987 ovis

1924 3028 2144 3101 pellem
2202 3024 2455 3093 hebetis,
2518 3030 2577 3079 et
2631 3023 2886 3095 pastoris
2963 3020 3177 3076 stolam
3225 3020 3569 3076 induimini.

1924 3113 2433 3183 Quemadmodum
2491 3112 2653 3167 enim
2710 3110 2797 3165 illi
2856 3110 3215 3166 Salvatorem
3281 3114 3575 3182 negarunt

144 3204 248 3261 καί
278 3203 511 3273 ἀνῆλθεν
568 3201 621 3258 ἐν
681 3206 797 3264 τοῖς
856 3201 1125 3275 ὑψίστοις,
1173 3200 1263 3256 καὶ
1294 3198 1551 3271 έκάθησεν
1583 3199 1635 3255 έν
1669 3198 1815 3273 δεξιᾷ

1935 3222 2127 3262 coram
2157 3203 2307 3260 facie
2339 3202 2533 3259 Pilati.
2580 3207 2759 3271 atque
2808 3200 2967 3256 hunc
3005 3200 3201 3271 ipsum
3241 3199 3401 3254 cruci
3440 3199 3570 3255 afﬁ-

150 3301 266 3363 τῆς
325 3288 719 3368 μεγαλωσύνης
795 3292 895 3345 τοῦ
967 3293 1103 3345 Θεοῦ
1156 3287 1248 3344 καὶ
1305 3288 1536 3363 Πατρός
1590 3290 1659 3347 ⁸Ὀ
1713 3288 1816 3365 γὰρ

152 3378 359 3447 ἔπαθεν
418 3381 548 3455 ὑπὲρ
622 3382 781 3453 ἡμῶν
861 3378 1041 3453 σαρκὶ,
1118 3372 1309 3433 ἔπαθεν
1380 3376 1605 3456 ἐφάπαξ,
1659 3379 1823 3433 θάνα-

150 3495 259 3537 τος
315 3470 480 3526 αὑτοῦ
536 3469 717 3526 οὐκέτι
765 3469 1027 3545 κυριεύει,
1083 3471 1181 3523 κᾶν
1241 3469 1399 3541 ὑμεῖς
1445 3466 1820 3546 φιλοπόλεμοι

153 3563 322 3623 ὄντες
355 3560 494 3635 πρὸς
551 3561 701 3632 ἡμᾶς
759 3556 1147 3636 φιλονεικεῖτε·
1209 3556 1469 3619 ὡσαύτως
1515 3556 1604 3612 καὶ
1640 3557 1819 3630 ὑμεῖς,

151 3650 214 3707 έν
246 3653 329 3722 τῷ
355 3649 446 3702 τὸν
482 3653 717 3721 Σωτῆρα
760 3647 836 3718 μή
887 3643 1171 3721 ἰσχύοντες
1204 3643 1263 3699 ἐκ
1294 3641 1545 3719 δευτέρου
1577 3649 1819 3721 σταυρῶ-

151 3760 275 3807 σαι,
329 3736 407 3799 είς
452 3734 583 3799 τοὺς
631 3742 735 3805 τῆς
777 3733 1037 3808 ἐνσαρκου
1084 3733 1403 3807 οἰκονομίας
1454 3732 1619 3789 αὑτοῦ
1648 3752 1820 3808 χαρα-

141 3830 368 3903 κτῆρας
427 3826 516 3880 καὶ
577 3824 676 3887 τὰς
759 3824 1121 3896 ὑπομνήσεις,
1183 3821 1275 3877 σὺν
1332 3825 1402 3897 τῇ
1458 3822 1595 3877 κατὰ
1650 3823 1821 3898 σάρκα

146 3917 329 3973 αὐτοῦ
392 3914 586 3988 μητρὶ,
644 3914 733 3969 καὶ
793 3918 912 3975 τοῖς
970 3912 1146 3987 ἁγίοις
1199 3912 1368 3967 αὐτοῦ
1428 3917 1697 3985 μαθηταῖς
1729 3913 1820 3968 καὶ

145 4003 500 4066 ἀποστόλοις
527 4008 699 4057 πᾶσαν
756 4003 856 4071 τήν
908 4001 1096 4056 κακίαν
1149 4001 1297 4073 ὑμῶν
1346 3998 1645 4075 προδήλως
1675 3998 1818 4056 ἐδεί-

142 4099 304 4170 ξατε.
366 4091 464 4147 Καί
526 4091 630 4167 γὰρ
692 4090 745 4146 έν
801 4091 930 4163 πυρὶ
1005 4088 1096 4145 καὶ
1155 4088 1206 4144 έν
1266 4089 1484 4164 μυρίαις
1543 4094 1821 4164 μηχαναῖς

141 4184 469 4260 ἐχρήσασθε
527 4181 665 4234 κατᾶ
715 4182 825 4234 τῶν
887 4176 1050 4254 ἁγίων
1098 4176 1343 4246 εἰκόνων,
1375 4176 1689 4250 νομίζοντες
1716 4177 1816 4245 τήν

146 4273 393 4347 μνήμην
447 4267 619 4323 αὐτῶν
673 4265 877 4328 τελέως
922 4265 1307 4342 ἆπαλειφῆναι,
1342 4266 1480 4321 κατᾶ
1504 4270 1613 4322 τῶν
1640 4286 1818 4343 χαρα-

136 4363 379 4432 κτήρων
405 4365 505 4428 τῆς
558 4356 1019 4432 χρωματουργίας
1064 4355 1239 4410 αὐτῶν
1280 4355 1639 4427 ἀναμνήσεως
1692 4377 1820 4428 μαι-

135 4452 405 4521 νόμενοι.
438 4444 598 4503 Ἀλλ’
635 4445 790 4518 ὅμως
815 4445 907 4499 καὶ
937 4448 1105 4499 ταῦτα
1135 4443 1484 4517 πράττοντες,
1507 4446 1626 4508 καθ’
1662 4445 1815 4516 ὑμῶν

136 4540 339 4596 αὐτῶν
370 4537 599 4591 ἀκονᾶτε
643 4555 707 4589 το
766 4533 917 4611 ξίφος
972 4540 1071 4602 τῆς
1107 4530 1497 4608 δικαιοκρισίας
1532 4536 1628 4587 τοῦ
1656 4537 1816 4606 Θεοῦ,

1929 3300 2135 3370 gentes
2184 3309 2214 3348 e
2266 3291 2462 3347 medio
2515 3290 2927 3355 sustulerunt;
2982 3289 3109 3360 ipse
3148 3294 3347 3343 tamen
3377 3288 3576 3345 divina

1929 3401 2037 3442 sua
2064 3384 2277 3439 virtute
2325 3379 2669 3449 resurrexit,
2714 3378 3101 3450 ascenditque
3150 3378 3213 3432 in
3260 3375 3572 3434 cmlos'se-

1929 3473 2133 3546 ditque
2191 3471 2266 3528 ad
2321 3470 2625 3525 dexteram
2677 3468 3007 3540 majestatis
3064 3467 3167 3522 Dei
3227 3471 3287 3522 et
3338 3466 3569 3535 Patris;

1928 3563 2082 3630 Quod
2112 3563 2258 3617 enim
2280 3575 2475 3631 passus
2503 3561 2575 3614 sit
2603 3574 2708 3628 pro
2757 3558 2910 3613 nobis
2957 3573 3121 3612 carne
3150 3556 3251 3627 (ρ),
3272 3571 3467 3627 passus
3495 3562 3573 3610 est

1925 3652 2128 3715 semel;
2156 3666 2301 3705 mors
2329 3650 2380 3704 ei
2428 3648 2665 3718 amplius
2704 3662 2817 3701 non
2855 3646 3174 3700 dominatur
3205 3645 3300 3715 (q).
3334 3643 3570 3699 tametsi

1925 3758 2026 3796 vos
2055 3737 2374 3796 adversarii
2406 3742 2615 3791 contra
2644 3751 2751 3789 nos
2782 3734 2961 3790 rixari
2992 3732 3371 3789 contenditis.
3402 3731 3569 3788 Haud

1924 3830 2099 3886 aliter
2128 3833 2188 3883 et
2214 3843 2336 3890 vos,
2386 3842 2522 3881 cum
2578 3823 2890 3895 nequeatis
2941 3822 3299 3878 Salvatorem
3351 3821 3568 3876 iterum

1924 3919 2085 3974 cruci
2116 3917 2380 3989 afﬁgere,
2412 3915 2473 3970 in
2530 3913 2819 3986 imagines
2877 3918 2937 3967 et
2986 3911 3355 3966 monimenta
3383 3910 3570 3981 ipsius

1923 4024 2031 4080 per
2079 4022 2322 4062 carnem
2370 4001 2850 4074 dispensationis,
2905 4017 3040 4056 cum
3088 4000 3351 4054 humana
3382 4003 3568 4053 matre

1924 4096 2075 4168 ejus,
2110 4099 2168 4149 et
2214 4092 2437 4149 sanctis
2486 4091 2648 4146 illius
2687 4089 2996 4160 discipulis
3043 4094 3220 4158 atque
3259 4086 3566 4157 apostolis,

1922 4184 2255 4240 universam
2305 4180 2593 4236 malitiam
2642 4184 2896 4234 vestram
2953 4176 3256 4231 evidenter
3304 4174 3566 4229 ostendi-

1922 4274 2051 4331 stis.
2083 4274 2221 4344 Igne
2279 4270 2436 4325 enim
2493 4273 2552 4324 et
2606 4266 2859 4322 inﬁnitis
2907 4263 3448 4320 machinationibus
3477 4261 3569 4317 usi

1922 4364 2066 4420 estis
2096 4361 2375 4417 adversus
2422 4363 2657 4412 sanctas
2698 4356 2987 4427 imagines
3033 4354 3168 4419 (rati
3217 4351 3566 4406 memoriam

1923 4467 2129 4509 eorum
2159 4447 2429 4503 funditus
2461 4446 2864 4500 oblitteratum
2887 4443 3005 4514 iri),
3030 4447 3236 4497 contra
3266 4441 3564 4495 characte-

1920 4559 2017 4597 res
2039 4539 2286 4609 depictas
2331 4552 2536 4591 eorum
2584 4534 2884 4588 memorim
2932 4532 3152 4587 furiose
3196 4528 3560 4584 debacchati.

136 4634 247 4686 καί
281 4623 506 4694 πολλῆς
540 4608 920 4699 μακροθυμίας
977 4623 1067 4678 καὶ
1125 4622 1484 4696 ἀγαθότητος.
1519 4624 1610 4678 Διὸ
1640 4643 1813 4697 παρα-

1935 4608 2318 4685 Vihilominus
2363 4624 2455 4679 vel
2505 4623 2588 4679 sic
2636 4628 2897 4695 agentes,
2947 4621 3227 4676 adversus
3256 4636 3359 4673 vos
3405 4619 3564 4689 ipsos

132 4715 317 4775 καλῶ
367 4716 506 4787 ὑμᾶς
560 4712 859 4788 ἀποῤῥίψαι
911 4713 1009 4779 τήν
1060 4714 1219 4781 κενὴν
1254 4709 1603 4767 διδασκαλίαν
1636 4713 1809 4785 ὑμῶν,

132 4807 242 4863 καὶ
315 4804 600 4877 μέμψασθε
657 4802 868 4863 ἑαυτοῖς
924 4799 1128 4869 καλῶς,
1188 4800 1269 4876 ἐφ’
1327 4804 1410 4865 οἷς
1466 4799 1816 4874 διεπράξασθε

136 4898 366 4955 κακῶς.
425 4893 801 4963 Ἀνορθώσατε
858 4891 925 4947 τὰ
970 4888 1265 4965 παρειμένα
1322 4890 1525 4965 γόνατα
1568 4898 1670 4959 τῆς
1710 4895 1813 4963 ψυ-

136 4991 290 5061 χῆς,
352 4982 440 5036 καὶ
500 4984 763 5055 τραχείας
821 4979 982 5054 ὀρθάς
1039 4981 1321 5048 ποιήσατε·
1383 4979 1472 5033 καὶ
1529 4980 1621 5040 τὰς
1665 4979 1816 5055 ἁγίας

136 5071 341 5149 φωνάς
374 5074 478 5124 τῶν
514 5070 767 5143 Ιιατέρων
829 5067 921 5122 σὺν
980 5071 1116 5141 ἡμῖν
1173 5073 1293 5129 ταῖς
1347 5069 1522 5144 ἁγίαις
1555 5068 1723 5122 εἰκόσι
1752 5070 1815 5122 τὸ

138 5156 323 5221 σέϐας
380 5157 754 5230 ἀναπέμψατε,
801 5156 951 5218 ὅπως
1002 5161 1158 5230 κοινῇ
1213 5161 1280 5231 τῇ
1314 5162 1468 5235 φωνῇ
1504 5156 1655 5227 δόξαν
1691 5159 1819 5211 ἀνα-

136 5253 468 5322 πέμψωμεν
526 5251 605 5318 τῷ
666 5246 844 5321 Κυρίῳ
901 5249 1061 5319 ἡμῶν
1126 5248 1307 5315 Ἰησοῦ
1348 5251 1570 5320 Χριστῷ
1600 5248 1819 5319 τῷΥἱῷ

136 5344 253 5395 τοῦ
288 5341 445 5402 Θεοῦ,
480 5336 572 5390 σὺν
604 5340 684 5407 τῷ
733 5336 959 5409 ἀνάρχῳ
1012 5336 1179 5390 αὑτοῦ
1230 5336 1420 5410 Πατρὶ,
1453 5336 1541 5390 καὶ
1571 5341 1649 5406 τῷ
1682 5341 1821 5404 ζωο-

140 5432 309 5497 ποιῷ
368 5426 538 5479 αὐτοῦ
600 5423 897 5497 Πνεύματι,
954 5429 1045 5478 νῦν
1102 5423 1191 5479 καί
1249 5424 1356 5494 ἀεὶ,
1415 5424 1504 5479 καὶ
1565 5425 1641 5486 εἷς
1690 5424 1819 5487 τοὺς

137 5517 366 5578 αἰῶνας
395 5517 501 5569 τῶν
528 5512 763 5569 αίώνων.
798 5514 999 5586 Ἀμήν.

1921 4717 2183 4792 gladium
2216 4714 2503 4769 exacuitis
2525 4713 2674 4783 justi
2698 4712 2909 4783 judicii
2948 4711 3072 4778 Dei,
3105 4715 3164 4764 et
3202 4708 3403 4763 multae
3435 4708 3565 4777 ejus

1920 4803 2391 4877 longanimitatis
2449 4809 2507 4855 et
2560 4801 2861 4855 bonitatis.
2922 4798 3317 4864 Quamobrem
3362 4797 3566 4849 hortor

1922 4913 2042 4958 vos,
2078 4899 2142 4948 ut
2171 4892 2464 4961 abjiciatis
2506 4907 2715 4944 novam
2767 4890 3097 4944 doctrinam
3148 4893 3421 4953 vestram,
3456 4884 3565 4937 be-

1924 5001 2118 5054 neque
2151 4981 2401 5035 deleatis
2460 4998 2561 5051 pro
2623 4980 2694 5032 iis
2726 4997 2856 5050 qum
2916 4978 3071 5032 mole
3099 4976 3317 5045 egistis.
3354 4973 3568 5044 Erigite

1927 5072 2215 5129 dissoluta
2245 5087 2436 5141 genua
2484 5069 2717 5133 animas,
2772 5075 2829 5121 et
2870 5073 3063 5121 rectos
3111 5082 3347 5135 gressus
3376 5064 3571 5132 facite,

1929 5162 2253 5217 secundum
2315 5164 2668 5228 sanctasque
2738 5159 2975 5211 Patrum
3037 5172 3204 5208 voces
3263 5154 3572 5208 nobiscum

1931 5251 2153 5306 sanctis
2205 5248 2475 5303 iconibus
2524 5246 2745 5300 cultum
2799 5244 3079 5299 tribuite:
3131 5256 3245 5312 quo
3276 5241 3574 5297 communi

1929 5357 2067 5393 voce
2099 5339 2345 5410 gloriam
2398 5337 2600 5390 demus
2650 5335 2897 5389 Domino
2946 5339 3147 5387 nostro
3178 5334 3314 5386 Jesu
3346 5332 3578 5387 Christo

1932 5430 2037 5484 Dei
2070 5428 2237 5485 Filio.
2279 5443 2412 5481 cum
2461 5431 2683 5479 aeterno
2735 5426 2863 5493 ejus
2916 5424 3087 5477 Patre
3138 5427 3196 5473 et
3244 5422 3575 5476 viviﬁcante

1934 5519 2063 5588 ejus
2095 5516 2336 5587 Spiritu,
2362 5530 2520 5567 nunc
2570 5517 2627 5567 et
2674 5526 2927 5582 semper,
2962 5516 3019 5563 et
3048 5511 3108 5564 in
3142 5508 3360 5564 saecula
3390 5524 3581 5563 saecu-

1933 5606 2149 5661 lorum.
2183 5608 2391 5658 Amen.

231 5750 317 5821 (n)
351 5748 553 5805 Matth.
587 5762 703 5819 xvx,
739 5749 826 5802 18.
859 5747 934 5821 (o)
966 5748 1133 5805 Joan.
1165 5764 1281 5821 xu,
1316 5748 1406 5805 15.
1448 5749 1526 5821 (p)
1555 5749 1581 5803 Ι
1606 5751 1766 5810 Petr.
1794 5765 1830 5807 ιτ

1942 5789 1956 5806 .
1989 5750 2064 5823 (q)
2096 5750 2263 5804 Rom.
2296 5763 2373 5817 v1,
2402 5749 2453 5802 9.
