4040 6204
545 367 566 421 1
578 367 682 422 363

2088 368 2328 421 ADDEN
2342 370 2431 418 DA
2441 408 2452 418 .
3739 377 3837 432 1364

577 512 3838 555 W

1592 665 1686 757 S.
1747 663 2215 753 JOANNIS
2287 664 2914 750 DAMASCENI

1976 857 2536 991 HYMNI.

758 1193 945 1249 Canon
996 1196 1050 1249 in
1096 1196 1489 1249 Dormitionem
1521 1194 1621 1248 Dei
1658 1192 1971 1248 Genitricis.

615 1301 657 1353 Ι.
693 1301 969 1371 Aperiam
1025 1319 1089 1355 os
1150 1318 1347 1355 meum
1404 1306 1463 1355 et
1521 1299 1733 1370 spiritu
1796 1296 2078 1368 implebo,
2136 1301 2195 1350 et

544 1389 787 1444 verbum
816 1390 1049 1461 Reginae
1096 1391 1261 1445 Matri
1309 1389 1610 1455 eructabo,
1662 1393 1720 1442 et
1764 1403 1892 1441 eam
1924 1386 2195 1440 hilariter

546 1479 830 1549 aspiciam
863 1479 1152 1545 laudans;
1190 1480 1439 1550 ejusque
1488 1478 1777 1533 miracula
1822 1475 2195 1530 laetabundus

549 1568 884 1622 concinam.

620 1658 687 1710 II.
721 1655 1057 1710 Juvenculae
1092 1657 1379 1729 Virgines,
1428 1674 1590 1711 nunc
1639 1656 1815 1710 simul
1853 1673 1986 1709 cum
2019 1656 2197 1710 Maria

549 1746 927 1817 prophetissa
957 1746 1263 1800 Canticum
1314 1748 1390 1801 De
1441 1748 1593 1800 exitu
1623 1745 1898 1799 alacriter
1928 1743 2154 1798 fundite
2181 1762 2193 1809 ;

550 1836 723 1907 Virgo
753 1835 909 1889 enim
941 1841 999 1889 et
1028 1836 1205 1889 unica
1253 1837 1504 1907 Deipara
1552 1835 1626 1890 ad
1677 1834 1975 1889 cmlestcm
2008 1834 2197 1887 haare-

548 1926 792 1981 ditatem
827 1926 1270 1981 transmittitur.

619 2017 712 2068 ΙΙΙ.
746 2018 820 2069 Te
857 2013 1069 2069 merito
1103 2016 1365 2086 quidem,
1416 2033 1449 2070 ο
1502 2014 1822 2086 purissima
1871 2019 1927 2067 et
1970 2014 2195 2080 Divina,

548 2110 831 2174 tanquam
865 2105 1193 2158 animatum
1244 2104 1479 2164 coelum,
1512 2104 1772 2158 coelestia
1820 2102 2199 2157 tabernacula

551 2199 947 2262 exceperunt;
982 2193 1241 2263 Regique
1273 2209 1340 2245 ac
1381 2193 1520 2257 Deo,
1582 2209 1613 2245 o
1673 2192 1847 2260 plane
1898 2191 2199 2261 inculpata

552 2281 798 2351 (Virgo),
833 2288 1043 2335 ornata
1074 2280 1253 2334 veluti
1287 2282 1532 2351 Sponsa,
1569 2281 1835 2334 hilariter
1866 2280 2124 2333 astitisti.

623 2369 873 2421 Tuarum
938 2368 1179 2422 laudum
1240 2373 1533 2432 cantores,
1587 2384 1619 2421 o
1675 2367 1941 2437 Deipara,
1989 2367 2110 2421 vive
2143 2373 2201 2422 et

554 2456 892 2527 incorrupte
942 2456 1093 2521 fons,
1157 2456 1483 2527 spiritalem
1539 2457 1695 2510 inter
1735 2471 1796 2509 se
1825 2456 2071 2509 chorum
2103 2473 2196 2510 ce-

2217 1190 2271 1256 Α

2446 1188 2627 1242 Κανὼν
2664 1185 2741 1247 εἷς
2770 1187 2869 1253 τὴν
2903 1185 3167 1259 κοίμησιν
3196 1193 3295 1255 τῆς
3330 1188 3657 1259 Θεομήτορος
3683 1189 3757 1260 (ο).

2374 1294 2453 1348 Α’·
2545 1292 2776 1362 Ἀνοίξω
2859 1292 2921 1347 τὸ
2980 1292 3155 1364 στόμα
3218 1313 3322 1365 μου
3379 1292 3465 1346 καὶ
3506 1291 3852 1365 πληρωθήτομσι

2306 1382 2615 1454 πνεύματος
2664 1384 2755 1437 καὶ
2805 1382 2970 1455 λόγον
3024 1382 3309 1455 ἐρεύξομαι
3360 1386 3427 1454 τῇ
3479 1380 3692 1455 βασιλίδι
3728 1386 3852 1458 μητρί·

2305 1474 2398 1525 καὶ
2444 1470 2755 1544 ὀφθήσομαι
2812 1469 3054 1546 φαιδρῶς
3108 1472 3513 1545 πανηγυρίζων,
3564 1471 3642 1525 καὶ
3685 1470 3771 1540 iam
3792 1496 3854 1546 γη-

2305 1558 2533 1631 θόμενος
2559 1561 2761 1629 ταύτης
2789 1561 2855 1614 τὰ
2887 1560 3155 1633 Θαύματα.

2378 1654 2451 1703 B'.
2492 1651 2752 1723 Παρθενοι
2802 1646 3061 1714 νεάνιδες,
3120 1647 3211 1703 σὺν
3272 1648 3495 1721 Μαριὰμ
3543 1654 3607 1721 τῇ
3641 1650 3855 1723 apo-pini:

2306 1734 2454 1808 ᾠδὴν
2509 1738 2608 1806 τήν
2662 1736 2865 1807 ἐξόδιον
2922 1741 3013 1791 νῦν
3074 1735 3400 1809 ἀλαλάξατεο
3455 1740 3489 1807 ἡ
3547 1738 3771 1810 Παρθενος
3793 1742 3855 1812 vi;

2305 1824 2396 1879 καὶ
2448 1827 2587 1898 μόνη
2641 1827 2901 1887 Θεοτόκος
2958 1827 3093 1899 πρὸς
3140 1825 3295 1896 λῆξιν
3358 1826 3601 1899 οὐράνιον
3638 1822 3857 1895 διαϐιϐάζε-

2304 1932 2416 1969 ται.

2380 2010 2449 2059 Γ’.
2485 2004 2674 2075 Ἀξίως
2726 2005 2800 2066 ὡς
2843 2001 3095 2079 ’ἔμψυχόν
3144 2025 3201 2058 σε
3248 2004 3476 2079 οὐρανὸν
3531 2002 3773 2074 ὑπεδέξατο
3806 2006 3862 2059 οὗ·

2309 2095 2486 2169 ράνια,
2543 2092 2801 2167 πάναγνε,
2862 2095 2979 2147 θεῖα
3046 2092 3408 2165 σκηνώματα,
3462 2093 3549 2146 καὶ
3602 2095 3861 2166 παρὲσιιικκ

2308 2179 2547 2260 φαιδρῶς
2580 2182 2914 2254 ὡραϊσμένη,
2948 2183 3022 2243 ὡς
3056 2180 3148 2255 [ὦ]
3180 2181 3372 2259 νύμφη
3407 2181 3694 2254 πανάμωμε
3726 2186 3785 2251 τῷ
3807 2184 3865 2255 βα-

2309 2270 2453 2327 σιλεῖ
2480 2271 2568 2325 καί
2602 2276 2735 2343 Θεῷ.

2380 2360 2521 2420 Τοὺς
2561 2360 2689 2421 σοὺς
2742 2357 3105 2435 ὑμνολόγους,
3157 2359 3412 2427 Θιοτόκε,
3444 2363 3478 2428 ἡ
3510 2364 3647 2429 ζῶσα
3670 2362 3739 2414 καὶ
3768 2359 3866 2434 57.8:-

2306 2470 2401 2511 τος
2446 2451 2625 2524 πηγὴ,
2687 2449 2868 2503 Θίασον
2930 2451 3403 2524 συγκροτήσαντας
3458 2449 3776 2519 πνευματικὸν
3800 2469 3867 2500 στι·

554 2544 854 2598 lebrantes
898 2544 1224 2610 conﬁrma;
1277 2549 1336 2597 et
1388 2545 1449 2598 in
1499 2544 1699 2599 divina
1756 2543 2043 2598 memoria
2100 2551 2192 2600 tua

2307 2539 2533 2612 ρὲωσονο
2576 2536 2663 2591 καὶ
2700 2537 2751 2592 ἐν
2805 2541 2874 2611 τῇ
2938 2539 3055 2609 θείᾳ
3116 2540 3314 2612 μνήμῃ
3374 2559 3470 2592 σου
3502 2539 3737 2615 στεφάνων
3764 2535 3868 2607 δόξῃς

555 2632 755 2702 gloriae
787 2634 1021 2687 coronis
1042 2632 1302 2704 dignare.

629 2724 708 2775 Ex
739 2721 974 2775 mortali
1007 2727 1173 2775 utero
1223 2722 1510 2793 producta
1540 2723 1872 2778 secundum
1904 2729 2198 2792 naturam,

555 2810 1005 2865 convenientem
1055 2827 1203 2881 pura
1233 2811 1455 2865 exitum
1508 2811 1849 2879 absolvisti;
1882 2830 2201 2885 veramque

554 2900 729 2953 enixa
766 2899 966 2963 vitam,
1020 2899 1091 2953 ad
1142 2899 1401 2954 divinam
1453 2900 1993 2973 subsistentemque
2020 2903 2199 2957 vitam

554 2987 841 3056 migrasti.

624 3078 1052 3149 'l‘heologorum
1085 3076 1259 3131 turba
1300 3093 1329 3131 e
1362 3076 1580 3132 ﬁnibus
1629 3084 1819 3145 terra),
1853 3080 2199 3151 angelorum

555 3165 873 3220 multitudo
926 3166 997 3220 ab
1025 3166 1164 3231 alto,
1199 3166 1597 3236 omnipotenti
1630 3172 1778 3221 nutu
1809 3175 2203 3239 properarunt

553 3256 613 3309 in
647 3255 807 3319 Sion,
863 3260 996 3321 tuas,
1049 3254 1368 3309 laudabilis
1424 3255 1688 3324 Domina,
1738 3257 2059 3327 sepulturas
2089 3258 2201 3312 mi-

553 3343 882 3397 nistraturi.

632 3433 718 3486 IV.
754 3431 1046 3495 Divinum,
1102 3430 1509 3501 investigabile
1565 3432 1879 3486 consilium
1928 3434 2203 3491 incarna-

558 3521 739 3575 tionis
771 3538 839 3573 ex
882 3525 935 3573 te
980 3520 1212 3591 Virgine
1260 3519 1685 3591 obstupescens
1716 3521 2002 3577 Altissimi
2058 3541 2201 3594 pro-

560 3610 738 3679 pheta
765 3608 1053 3675 Habacuc,
1116 3608 1463 3663 exclamavit
1492 3626 1504 3662 :
1565 3609 1752 3665 Gloria
1776 3615 2040 3680 potentia:
2073 3620 2200 3678 tuae,

559 3698 798 3750 Domine.

633 3785 841 3839 Mirum
875 3801 1015 3839 sane
1047 3785 1157 3839 fuit
1187 3787 1450 3857 aspicere
1494 3787 1663 3859 Regis
1695 3790 2047 3845 universalis
2080 3791 2205 3846 ani-

2306 2628 2561 2698 ἀξιωσον.

2376 2723 2587 2786 Θνητῆς
2644 2715 2693 2788 ἐξ
2756 2716 2956 2793 ὀσφύος
3016 2721 3364 2791 προαχθεῖσα
3420 2718 3517 2786 τήν
3572 2717 3708 2793 φύσιν
3733 2714 3868 2769 iutil-

2305 2802 2480 2873 ληλον
2541 2804 2678 2879 ἀγνή
2735 2805 2835 2873 τὴν
2891 2801 3071 2876 ἔξοδον
3129 2801 3417 2874 διήνυσας·
3481 2809 3687 2859 τεκοῦσα
3734 2802 3779 2857 εἰ
3810 2804 3869 2866 τὴν

2305 2895 2475 2955 ὅντως
2540 2895 2684 2961 ζωήν
2741 2893 2877 2968 πρὸς
2932 2894 3031 2961 τήν
3096 2894 3245 2961 ζωὴν
3311 2896 3641 2965 μεθεστηκας
3672 2894 3753 2962 τὴν
3777 2893 3867 2954 θείαν

2304 2983 2392 3037 καὶ
2425 2982 2805 3037 ἔνυπόστατὸν.

2377 3076 2564 3143 Δῆμος
2620 3070 2893 3145 Θεολόγων
2954 3071 3013 3125 ἐκ
3070 3071 3348 3143 περάτων,
3405 3071 3457 3144 ἐξ
3517 3072 3670 3145 ὕψους
3696 3068 3868 3146 ἀγγέλων

2306 3157 2363 3214 δὲ
2388 3159 2600 3227 πληθὺς
2656 3160 2792 3233 πρὸς
2848 3162 2947 3229 τήν
3010 3161 3151 3214 Σιὼν
3212 3162 3518 3235 ἠπείγοντο
3565 3159 3872 3228 itast-03win

2303 3250 2551 3323 νεύματι,
2586 3250 2910 3324 ἀξιόχρεως,
2963 3250 3253 3319 Δὲσποινα,
3299 3254 3371 3324 τῇ
3427 3254 3493 3325 σῇ
3532 3254 3664 3328 ταφῇ
3693 3249 3871 3317 λειτουρ-

2304 3342 2372 3414 γή
2381 3360 2580 3403 σαντες.

2378 3436 2448 3485 Δ’.
2507 3431 2619 3497 Τὴν
2674 3429 3076 3504 ἀνεξιχνίαστον
3136 3428 3282 3492 θείαν
3352 3430 3559 3502 βουλὴν
3616 3432 3700 3497 τὴν
3738 3428 3870 3491 ἐκτῆς

2308 3517 2581 3591 Παρθένου
2640 3517 2961 3592 σαρκώσεώς
3019 3539 3113 3571 σου
3187 3522 3287 3572 τοῦ
3367 3520 3616 3593 Ὑψίστου
3666 3520 3871 3592 προφήτης

2309 3602 2590 3679 Ἀϐακουμ
2658 3606 2957 3679 ἐξεστηκὼς
3024 3605 3343 3679 ἐκραύγαζε.
3427 3609 3562 3678 Δόξα
3613 3612 3672 3680 τῇ
3718 3604 3871 3673 δυνάμει

2310 3717 2427 3767 σου,
2456 3700 2634 3769 Κύριε.

2382 3781 2601 3858 Θάμϐος
2656 3786 2720 3854 ἦν
2771 3786 3056 3850 Θεάσασθαι
3112 3787 3204 3840 τὸν
3261 3786 3498 3860 οὐρανὸν
3550 3791 3639 3841 τοῦ
3676 3779 3872 3855 ﬂauam.

556 3881 778 3929 matum
813 3875 1024 3929 caelum
1056 3881 1226 3929 terrae
1260 3877 1427 3931 sinus
1457 3878 1814 3948 ingrediens.
1841 3881 2025 3945 Quam
2055 3882 2192 3936 mira

2316 3872 2455 3935 λέως
2490 3869 2736 3949 ἔμρυχον
2786 3873 2911 3934 τοὺς
2970 3879 3235 3937 κενεῶνας
3296 3876 3670 3951 ὑπερχόμενον
3696 3878 3875 3943 τῆςδξὶςι

553 3980 733 4035 opera
765 3970 864 4019 tua
894 3963 905 4017 l
941 3964 1132 4019 Gloria
1155 3966 1420 4034 potentiae
1444 3972 1571 4034 tum,
1595 3970 1840 4023 Domine.

622 4143 925 4213 Siquidem
1013 4142 1636 4214 incomprehensibilis
1722 4146 1899 4217 hujus
1952 4148 2199 4215 fructus,

551 4248 657 4303 per
687 4248 865 4302 quam
898 4231 1111 4286 cmlum
1144 4231 1500 4302 locupletius
1533 4234 1751 4288 factum
1784 4240 1892 4300 est,
1931 4236 2196 4306 sepultuc

551 4338 698 4387 ram,
724 4326 788 4375 ut
818 4320 1106 4387 mortalis,
1135 4321 1289 4374 ultro
1322 4323 1603 4374 sustinrzit
1631 4341 1642 4387 ;
1679 4323 1974 4392 quomodo
2007 4325 2201 4395 sepul-

551 4415 743 4464 turam
770 4409 896 4463 sine
920 4408 1068 4462 virili
1095 4411 1390 4464 consortio
1414 4410 1587 4464 enixa
1613 4411 1779 4481 Virgo
1804 4412 2155 4468 detrectabit
2173 4414 2200 4468 ?

627 4500 683 4551 ln
746 4504 865 4563 tuo,
926 4497 1026 4550 Dei
1088 4498 1383 4559 Genetrix,
1444 4499 1697 4553 transitu
1757 4501 2196 4570 amplissimum

549 4593 735 4644 tuum.
768 4585 867 4640 Dei
899 4601 1081 4654 capax
1114 4602 1327 4655 corpus
1359 4586 1704 4658 angelorum
1735 4590 1970 4659 agmina
1998 4606 2195 4645 sacra-

548 4676 793 4731 tissimis
824 4675 936 4730 alis
967 4691 1099 4729 cum
1132 4680 1388 4729 tremore
1421 4680 1477 4729 et
1506 4676 1718 4746 gaudio
1750 4684 2084 4734 contexere.

623 4768 681 4819 V.
717 4766 941 4819 Cuncta
972 4764 1034 4817 in
1076 4762 1274 4817 divina
1308 4770 1406 4818 tua
1454 4765 1745 4820 memoria
1795 4767 2192 4838 Obstupuere;

548 4862 608 4910 tu
641 4856 819 4915 enim,
852 4854 1159 4923 inexperta
1213 4852 1320 4905 viri
1377 4853 1568 4925 Virgo,
1621 4871 1650 4908 e
1700 4859 1875 4919 terra,
1912 4862 2193 4928 tanquam

546 4962 683 5001 arca
712 4945 862 5010 vitm,
889 4943 961 4997 ad
992 4942 1229 4997 caeleste
1260 4941 1630 4996 domicilium
1664 4944 1972 5007 transiisti,
2007 4948 2195 5001 omni-

544 5036 655 5090 bus
686 5040 742 5089 te
774 5032 1227 5087 concinentibus
1248 5047 1454 5101 pacem
1484 5048 1588 5102 pro
1614 5033 1881 5088 mercede
1914 5034 2190 5105 largiens.

614 5124 1043 5195 Theologorum
1102 5120 1279 5174 hodie
1334 5126 1695 5191 concrepant
1752 5121 1929 5187 tubae,
1991 5124 2192 5177 multi-

545 5228 691 5267 sona
722 5213 1028 5266 hominum
1060 5224 1218 5263 nunc
1240 5208 1443 5280 lingua
1473 5209 1793 5279 pradicet;
1826 5226 1927 5264 aer
1958 5212 2191 5266 infinito

2314 3964 2400 4023 Ὠς
2461 3964 2740 4036 θαυμαστά
2791 3962 2857 4017 τά
2915 3960 3047 4035 ἔργα
3106 3966 3240 4020 sou!
3306 3968 3449 4036 Δόξα
3495 3962 3873 4037 τῇδυνάμεισηυ.

2312 4050 2496 4125 Κύριε.

2380 4140 2445 4196 Εἰ
2477 4142 2505 4194 ὁ
2534 4139 2922 4208 ἀκατάληπτος
2964 4139 3168 4209 ταύτης
3216 4143 3433 4205 καρπὸς
3491 4140 3560 4195 δι’
3611 4143 3672 4208 ἦν
3720 4136 3871 4210 air-mi;

2308 4226 2649 4304 ἐχρημάτισε
2685 4230 2860 4304 ταφὴν
2926 4229 3129 4296 ὑπέστη
3191 4229 3464 4291 ἑκουσίως
3497 4231 3569 4290 ὡς
3597 4228 3778 4298 θνητὸς,
3801 4226 3870 4279 πέις

2305 4319 2404 4386 τήν
2436 4318 2611 4394 ταφὴν
2643 4317 2929 4393 ἀρνήσεται
2962 4320 2997 4386 ἡ
3030 4316 3425 4393 ἀπειρογάμως
3456 4322 3718 4389 κυήσασι;

2377 4499 2467 4553 Ἐν
2497 4501 2563 4569 τῇ
2628 4497 2949 4568 μεταστάσει
3011 4518 3131 4565 σου,
3192 4505 3371 4570 μῆτερ
3433 4503 3586 4563 Θεοῦ,
3640 4493 3868 4570 εὐρυχωρέ-

2302 4608 2460 4641 τατον
2519 4592 2677 4658 σῶμα
2732 4608 2827 4641 σου
2905 4584 3169 4661 θεοὸὀχον
3232 4593 3347 4641 τῶν
3411 4588 3650 4663 ἀγγέλων
3702 4577 3862 4656 στρπτῖί

2306 4678 2618 4753 ίερωτάταις
2648 4679 2864 4751 πτέρυξι
2896 4677 3090 4750 τρόμῳ
3119 4679 3205 4731 καὶ
3242 4684 3397 4753 χαρᾷ
3428 4679 3798 4733 συνεκάλυπτον.

2376 4772 2447 4823 E'.
2485 4768 2698 4837 Ἐξὲστη
2742 4767 2807 4821 τὰ
2856 4768 3141 4839 σύμπαντα
3195 4766 3280 4820 ἐπὶ
3336 4772 3407 4841 τῇ
3462 4769 3576 4839 Θείᾳ
3620 4767 3772 4839 μνήμη,
3792 4780 3861 4813 σεδ.

2306 4856 2380 4909 Σὺ
2410 4858 2530 4930 γὰρ,
2570 4855 2907 4929 ἀπειρόγαμε
2957 4858 3216 4930 Παρθὲνε,
3264 4863 3442 4928 γῆθεν
3494 4853 3860 4927 μετέπηςῶπεξ

2304 4949 2448 5014 ζωῆς
2477 4940 2712 5005 κιϐωτὸς
2761 4946 2898 5014 πρὸς
2946 4945 3046 5012 τὴν
3094 4944 3424 5017 ἐπουράνιον
3463 4948 3646 5017 μονὴν,
3674 4941 3859 4995 πᾶςιτεῖς

2306 5035 2534 5105 ὑμνοῦσί
2567 5054 2623 5087 σε
2652 5034 2751 5101 τήν
2780 5032 3005 5106 εἰρήνην
3039 5029 3408 5107 βραϐεύουσα.

2376 5124 2738 5195 Κροτείτωσαν
2800 5121 3097 5196 σάλπιγγες
3178 5127 3286 5175 τῶν
3355 5122 3633 5195 θεολόγων
3680 5122 3855 5189 σήμερῡῖ

2302 5212 2527 5285 γλῶσσα
2559 5209 2613 5266 δὲ
2658 5209 3047 5285 πολύφθογγος
3108 5211 3419 5281 ἀνθρώπων
3476 5218 3567 5265 νῦν
3621 5206 3854 5286 asangm

546 5302 843 5355 cellucens
874 5300 1121 5363 lumine,
1154 5298 1591 5364 circumsonet;
1631 5298 1826 5367 angeli
1858 5299 2192 5369 purissimae

2315 5266 2350 5285 ιν
2820 5266 2828 5285 .
2931 5266 2977 5284 ..
3036 5266 3047 5271 -
3208 5266 3215 5281 .

2306 5300 2654 5373 Περιηχείτω
2708 5300 2837 5370 ἀὴρ,
2896 5299 3103 5374 ἀπείρῳ
3160 5296 3527 5371 λαμπόμενος
3571 5297 3853 5375 auten:-

546 5388 961 5443 dormitionem
996 5386 1233 5458 hymnis
1267 5386 1706 5441 concelebrent.

618 5540 692 5607 (α)
724 5540 963 5603 Inuum,
999 5538 1249 5606 Catalog.
1283 5539 1401 5593 cod.
1437 5538 1608 5593 Graec.
1660 5541 1898 5604 Μαινὶι.,

2305 5386 2395 5442 λοι
2428 5388 2759 5461 ὑμνείτωσαν
2791 5394 2892 5456 τῆς
2924 5390 3195 5463 πανάγνου
3224 5389 3331 5456 τήν
3361 5389 3636 5461 κοίμησιν.

1953 5557 2008 5610 p.
2042 5541 2185 5612 418.
2219 5570 2287 5580 -
2323 5541 2399 5594 De
2449 5540 2559 5594 hoc
2602 5556 2826 5595 canone
2859 5539 2980 5594 sive
3012 5539 3229 5610 hymno
3264 5541 3441 5595 nulla
3470 5528 3847 5612 prorsusmettt‘is

546 5611 605 5664 in
627 5602 1309 5684 ‘L'equinianaeditione.
1334 5610 1489 5663 Duos
1523 5602 2080 5684 tamenhuju’smodi
2107 5610 2177 5665 ab
2198 5612 2421 5684 Joanne
2446 5613 2807 5667 Damasceno
2840 5602 3207 5682 conscriptos
3239 5602 3524 5682 operibus
3556 5615 3667 5684 ejus
3690 5602 3846 5663 mediiis

544 5685 901 5737 annumerat
933 5678 1231 5733 Fabricius
1258 5696 1510 5749 quorum
1542 5680 1692 5736 alter
1724 5678 1848 5753 ipse
1881 5688 1969 5738 est
1989 5682 2061 5737 de
2093 5699 2207 5753 quo
2238 5682 2450 5755 agitur.
