4040 6204
175 381 316 438 1365

1115 386 1358 442 CANON
1399 388 1473 441 ΙΝ
1509 386 2013 441 DORMITIONEM
2057 389 2174 442 DEI
2217 393 2647 447 GENITRICIS.

3447 396 3469 447 1
3481 396 3586 450 366

245 505 317 559 Τὸ
346 506 534 565 σκεῦος
564 501 819 577 διέπρεπε
873 512 975 575 τῆς
1033 507 1271 583 ἐκλογῆς
1315 511 1432 568 τοῖς
1480 506 1672 579 ὕμνοις
1705 523 1818 561 σου·

2013 511 2122 565 Vas
2155 511 2464 569 electionis
2518 515 2674 570 inter
2731 516 2878 570 alios
2925 516 3139 570 claruit
3200 518 3335 582 tuis,
3389 519 3579 590 Virgo,

167 592 304 654 ὅλος
337 591 700 665 ἐξιστάμενος,
737 595 988 668 Παρθένε·
1034 593 1277 669 ἔκδημος
1337 596 1466 657 ὅλος
1520 596 1820 672 ἱερώμενος

162 687 282 754 Θεῷ
310 687 430 744 τοῖς
463 689 592 737 πᾶσι
626 683 930 753 θεόληπτος
987 685 1078 740 καὶ
1125 683 1200 741 ὣν
1259 682 1429 748 ὅντως
1488 692 1578 740 καί
1611 682 1817 740 δεικνύ-

162 793 352 847 μενος,
384 773 615 827 Θεοτόκε
646 771 982 846 πανύμνητε.

229 948 310 1008 3’.
370 951 480 1020 Τήν
538 951 682 1006 θείαν
768 952 971 1023 ταύτην
1031 953 1120 1008 καὶ
1180 951 1468 1025 πάνδημον
1527 951 1811 1012 τελοῦντες

159 1041 384 1114 ἑορτήν,
419 1040 470 1094 οἱ
503 1040 812 1115 θεόφρονες,
844 1049 946 1111 τῆς
978 1045 1331 1116 Θεομήτορος
1373 1039 1522 1096 δεῦτε
1567 1041 1661 1104 τὰς
1694 1046 1813 1114 χεῖ-

156 1150 259 1204 ρας
291 1131 652 1204 κροτήσωμεν
683 1130 776 1184 τὸν
809 1129 860 1201 ἐξ
891 1131 1056 1200 αὐτῆς
1087 1134 1348 1207 τεχθέντα
1395 1137 1607 1187 πιστοῖς
1657 1128 1814 1201 δοξά-

159 1225 366 1288 ζοντες.

233 1306 330 1362 Ἐκ
360 1308 455 1360 σοῦ
491 1305 608 1373 ζωὴ
641 1304 967 1361 ἀνατέταλκε
1022 1308 1116 1369 τὰς
1172 1306 1322 1370 κλεῖς
1379 1314 1478 1377 τῆς
1523 1305 1810 1383 παρθενίας

153 1395 236 1468 μὴ
270 1393 499 1450 λύσασα.
537 1395 664 1456 Πῶς
695 1395 788 1448 οὗν
820 1395 883 1450 τὸ
936 1394 1208 1470 ἄχραντον
1268 1397 1575 1472 ζωαρχικόν
1607 1397 1664 1452 τέ
1716 1417 1812 1451 σου

153 1486 426 1554 σκήνωμα
496 1485 597 1552 τῆς
649 1487 746 1538 τοῦ
833 1486 1069 1548 θανάτου
1126 1485 1316 1561 πείρας
1399 1484 1624 1561 γέγονας
1685 1486 1809 1559 μέτ-

150 1592 297 1648 οχος
331 1591 344 1642 ;

225 1668 384 1730 Ζωῆς
417 1662 692 1734 ὑπάρξασα
741 1661 997 1734 τέμενος,
1059 1669 1206 1734 ζωῆς
1265 1670 1368 1733 τῆς
1421 1661 1600 1718 ἀϊδίου
1655 1662 1810 1719 τετύο

150 1768 360 1826 χηκας·
394 1748 483 1804 διὰ
513 1751 741 1813 θανάτου
766 1751 867 1826 γὰρ
898 1752 1033 1824 πρὸς
1061 1754 1159 1820 τὴν
1221 1755 1365 1822 ζωὴν
1434 1747 1807 1824 μεταϐέϐηκας

146 1843 184 1910 ἡ
223 1841 324 1909 τήν
360 1841 503 1909 ζωήν
536 1845 763 1895 τεκοῦσα
792 1841 894 1908 τὴν
920 1840 1301 1898 ἐνυπόστατον.

217 1931 294 1987 Z'.
327 1927 441 1986 Οὐκ
467 1927 786 2001 ἐλάτρευσαν
840 1932 908 2003 τῇ
964 1931 1134 1984 κτίσει
1195 1930 1246 1984 οἰ
1305 1929 1590 2007 θεόφρονες
1648 1929 1796 2002 παρά

139 2020 239 2074 τὸν
273 2019 563 2075 Κτίσαντα·
597 2015 743 2073 ἀλλὰ
785 2020 956 2093 πυρὸς
1011 2015 1242 2088 ἀπειλῆν
1305 2017 1563 2092 ἀνδρείως
1620 2019 1797 2087 πατή-

138 2129 354 2176 σαντες,
443 2104 665 2183 ἔχαιρον
751 2105 1077 2181 ψάλλοντες,
1154 2109 1525 2180 ’Υπερύμνητε
1602 2109 1628 2160 ὁ
1685 2111 1791 2161 τῶν

143 2199 406 2272 Πατέρων
444 2195 640 2271 Κύριος
669 2196 759 2250 καὶ
793 2197 943 2262 Θεὸς,
977 2196 1274 2270 εὐλογητὸς
1306 2199 1373 2252 εἴ.

217 2302 500 2358 Νεανίσκοι
558 2301 647 2356 καὶ
705 2303 960 2371 παρθένοι
1025 2309 1124 2371 τῆς
1211 2303 1480 2376 Παρθένου
1563 2322 1621 2356 τε
1702 2300 1794 2356 καὶ

138 2393 504 2466 Θεομήτρρος
561 2393 660 2460 τὴν
716 2393 939 2464 μνήμην
1001 2386 1271 2461 σέϐοντες,
1329 2385 1626 2466 πρεσϐύται
1704 2390 1794 2446 καὶ

134 2479 409 2556 ἃρχοντες
463 2480 554 2535 καὶ
627 2481 874 2556 βασιλεῖς
949 2479 1040 2534 σὺν
1118 2485 1328 2555 κριταῖς
1415 2477 1795 2553 μελῳδήσατε,

129 2571 200 2627 Ὀ
267 2573 378 2624 τῶν
469 2569 717 2645 πατέρων
799 2568 1000 2644 Κύριος
1082 2570 1170 2625 καὶ
1255 2570 1406 2640 Θεὸς,
1493 2567 1793 2644 εὐλογητὸς

131 2662 207 2715 εἴ.

211 2745 645 2803 Σαλπισατωσαν
703 2752 772 2822 τῇ
824 2747 1082 2825 σάλπιγγι
1156 2752 1253 2802 τοῦ
1325 2747 1629 2818 πνεύματος
1692 2745 1791 2822 ὅρη

131 2838 416 2912 οὐράνια,
476 2834 930 2912 ἂγαλλιάσθωσαν
997 2836 1184 2913 βουνοὶ
1240 2836 1329 2891 καὶ
1401 2837 1792 2903 σκιρτάτωσανο

133 2934 279 2993 θεῖοι
313 2925 636 2995 ἀπόστολοι,
661 2929 696 2997 ἡ
726 2929 1027 3001 πανήγυρις
1075 2933 1177 2996 τῆς
1227 2926 1519 2993 Θεοτόκου,
1553 2927 1794 3000 σήμερον

137 3019 423 3090 μυστικῶς
449 3036 550 3069 παν
559 3036 661 3090 ηγυ
669 3015 802 3090 ρίσω
811 3035 904 3087 μεν
916 3059 928 3071 .

209 3103 275 3160 Ἥ
329 3102 585 3175 πανίερυς
635 3104 958 3176 μετάστασις
1020 3109 1121 3172 τῆς
1182 3101 1329 3166 θείας
1377 3120 1472 3154 σου
1521 3101 1610 3154 καὶ
1661 3100 1793 3170 ἄκη-

135 3193 316 3267 ράτου
380 3193 589 3264 μητρὸς
636 3192 704 3246 τὰ
762 3190 1107 3264 ὑπερκόσμια
1159 3195 1267 3246 τῶν
1346 3187 1457 3243 ἅνω
1513 3185 1793 3262 δυνάμεων

130 3283 370 3355 ἤθροισε
399 3281 672 3353 τάγματα·
736 3279 1178 3355 συνευφραίνεσθε
1233 3283 1350 3342 τοῖς
1408 3276 1495 3331 ἐπὶ
1551 3285 1653 3353 γῆς
1712 3293 1796 3333 σοι

144 3368 479 3445 μέλπουσιν
515 3371 574 3427 Ὀ
607 3375 758 3439 Θεος,
785 3368 1084 3444 εὐλογητὸς
1115 3370 1180 3425 εἴ.

215 3461 292 3516 Η’.
359 3457 565 3521 Ηαῖδας
621 3457 833 3532 εὐαγεῖς
890 3458 942 3512 ἐν
1001 3461 1070 3532 τῇ
1119 3457 1335 3531 καμίνῳ
1406 3460 1434 3513 ὁ
1491 3458 1652 3520 τόκος
1702 3463 1801 3526 τῆς

137 3549 418 3605 Θεοτόκου
451 3546 770 3603 διεσώσατο·
819 3547 944 3602 τότε
1006 3549 1099 3620 μὲν
1157 3548 1522 3621 τυπούμενος,
1607 3551 1697 3602 νῦν
1744 3543 1801 3600 δὲ

143 3637 566 3714 ἐνεργούμενος,
624 3638 725 3705 τήν
777 3635 1106 3708 οἰκουμένην
1159 3634 1604 3712 ἅπασανξξῆγειρε
1659 3633 1800 3709 ψάλ-

140 3726 378 3797 λουσάν,
414 3727 520 3784 Τὸν
558 3726 748 3801 Κύριον
787 3726 1021 3798 ὑμνεῖτε,
1049 3727 1116 3781 τὰ
1145 3720 1292 3801 ἔργα.

214 3835 326 3900 Τήν
365 3836 590 3908 μνήμην
620 3854 738 3902 σου,
769 3829 1006 3908 ἇχραντε
1039 3833 1290 3906 Παρθένε,
1348 3833 1550 3909 Ἀρχαί
1595 3855 1654 3888 τε
1709 3835 1798 3889 καὶ

140 3923 423 3995 Ἐξουσίαι
508 3923 599 3977 καὶ
659 3922 947 3995 Δυνάμεις,
1032 3920 1324 3997 Ἄγγελοι,
1410 3922 1798 3998 Ἀρχάγγελοι,

139 4013 752 4089 Θρόνοι,Κυριότητες,
810 4013 877 4065 τὰ
925 4007 1555 4086 Χερουϐὶμιδοεάζουσι·
1587 4012 1677 4066 καὶ
1733 4011 1799 4066 τὰ

139 4102 349 4182 φρικτᾶ
381 4101 647 4178 Σεραφίμ·
701 4101 1001 4174 ἀνθρώπων
1059 4097 1229 4174 δὲὲτὸ
1286 4099 1441 4175 γένος
1502 4100 1796 4174 ὑμνοῦμεν,

136 4193 238 4248 καὶ
275 4192 656 4266 ὑπερυψοῢμεν
689 4189 764 4251 εἰς
794 4188 995 4251 πάντας
1027 4188 1154 4250 τοὺς
1192 4187 1412 4250 αἰῶνας,

219 4373 283 4430 Ὀ
317 4371 482 4443 ξὲνως
509 4367 735 4437 οἰκήσας
766 4365 818 4422 ἐν
877 4369 946 4441 τῇ
1002 4365 1258 4441 ἆχράντῳ
1317 4388 1412 4421 σου
1468 4364 1630 4436 νηδύϊ
1645 4369 1798 4442 ἰσαρ-

132 4461 418 4534 κούμενος
449 4457 611 4520 οὗτος
654 4456 717 4511 τὸ
781 4454 1034 4529 πανίερον
1062 4457 1276 4528 πνεῦμά
1331 4477 1426 4511 σου
1485 4453 1798 4530 δεξάμενος⁹

136 4553 200 4609 ἐν
237 4553 417 4621 ἑαυτῷ
446 4548 774 4602 κατέπαυσεν
805 4546 878 4608 ὡς
913 4544 1203 4622 ὀφειλέτης
1251 4545 1392 4609 Υἱός.
1429 4547 1521 4600 Διό
1582 4566 1639 4600 σε
1693 4547 1792 4615 τὴν

135 4642 422 4714 Παρθένον
454 4637 729 4710 ὑμνοῦμεν
761 4635 852 4689 καὶ
885 4635 1285 4709 ὑπερυψοῠμεν.

211 4733 285 4784 ’Ὠ
333 4731 436 4782 τῶν
494 4726 626 4800 ὑπὲρ
687 4722 892 4778 ἔννοιαν
953 4724 1241 4796 θαυμάτων
1291 4729 1393 4792 τῆς
1424 4722 1793 4798 ξᾶειπαρθένου

131 4820 235 4877 καὶ
271 4817 620 4888 Θεομήτορος
658 4815 670 4868 l
705 4812 885 4889 Τάφον
927 4811 1031 4887 γὰρ
1091 4811 1352 4881 οἰκήσάσα
1413 4809 1578 4884 ἔδειξε
1620 4811 1796 4888 παρά-

134 4911 328 4967 δεισον
361 4907 407 4979 ᾧ
437 4907 778 4979 παρεστῶτες
819 4905 1056 4975 σήμερον
1121 4901 1425 4976 χαίροντες,
1483 4900 1792 4975 ψάλλομενο

131 5000 248 5055 Τὸν
285 4996 487 5070 Κύριον
518 4994 746 5063 ἡμνεῖτε
775 4989 866 5044 καὶ
903 4989 1258 5061 ὑπερυψοῦτε.

218 5094 296 5143 Θ“.
351 5089 526 5144 ’Ἅπας
576 5080 811 5154 γηγενὴς
870 5079 1140 5154 σκιρτάτω
1195 5082 1274 5150 τῷ
1325 5078 1590 5150 πνεύματι
1651 5078 1797 5152 λαμ-

126 5172 620 5249 παδουχούμενος.
656 5169 1077 5243 Πανηγυριζέτω
1109 5165 1166 5222 δὲ
1214 5165 1394 5222 ἀΰλων
1454 5168 1593 5221 νόων
1640 5166 1795 5245 φύσις

128 5264 478 5345 γεραίρουσα
526 5261 625 5329 τήν
683 5257 828 5334 ἱερὰν
895 5256 1215 5330 μετάστασιν
1271 5264 1370 5326 τῆς
1421 5259 1792 5331 Θεομήτορος*

125 5357 230 5414 καὶ
271 5353 474 5430 βοάτω,
526 5345 776 5423 Χαίροις,
836 5347 1261 5422 παμμακάριστε
1319 5353 1565 5417 Θεοτοκε,
1634 5347 1793 5422 ἁγνὴ,

131 5443 485 5516 ἀειπάρθετε.

217 5536 384 5588 Δεῦτε
403 5529 458 5584 ἐν
494 5528 639 5583 Σιὼν
668 5529 748 5596 τῷ
779 5523 911 5597 θείῳ
943 5525 1034 5579 καὶ
1091 5524 1238 5579 πίονι
1297 5520 1413 5599 ὅρει
1467 5529 1563 5579 τοῦ
1592 5529 1792 5594 ζῶντος

133 5627 286 5681 Θεοῦ
339 5615 802 5695 ἀγαλλιασώμεθα
850 5616 948 5684 τήν
1011 5614 1272 5669 θεοτόκον
1327 5614 1792 5688 ἐνοπτριζόμενοι.

131 5713 285 5788 πρὸς
313 5709 413 5784 γὰρ
445 5709 546 5778 τὴν
602 5703 725 5760 λίαν
777 5704 1060 5780 κρείττονα
1114 5703 1204 5758 καὶ
1263 5704 1534 5779 θειοτέραν
1591 5705 1793 5775 σκηνὴν

1929 601 2196 666 canticis,
2233 609 2390 658 totus
2425 604 2485 657 in
2518 605 2972 659 admirationem
3031 610 3268 673 raptus;
3327 610 3580 680 peregri-

1927 705 2041 743 nus
2073 692 2268 747 omnis
2302 694 2646 749 sacriﬁcans
2707 695 2844 759 Deo,
2905 700 2962 748 et
3001 695 3340 765 quicunque
3373 699 3571 750 omni-

1925 777 2035 833 bus
2070 785 2177 850 est,
2214 786 2273 836 et
2303 799 2433 836 vere
2464 783 2799 838 ostenditur
2819 783 3014 837 divino
3039 785 3283 838 numine
3315 783 3570 853 afﬂatus,

1927 883 1959 922 ο
1993 868 2162 941 Virgo
2195 871 2361 924 omni
2396 889 2642 942 prorsus
2680 877 2853 927 cantu
2886 873 3254 945 dignissima.

1999 958 2088 1012 VI.
2127 959 2392 1015 Divinam
2426 963 2578 1016 hanc
2611 967 2668 1016 et
2697 962 2996 1034 publicam
3057 963 3158 1018 Dei
3216 962 3421 1016 matris
3476 980 3574 1015 co-

1927 1043 2120 1100 lentes
2178 1047 2578 1116 festivitatem,
2640 1068 2671 1103 ο
2732 1051 2937 1105 Divina
2993 1051 3310 1121 sapientes,
3397 1051 3570 1117 agite,

1923 1135 2201 1190 manibus
2236 1137 2610 1208 plaudamus,
2647 1155 2716 1193 ex
2739 1139 2842 1193 illa
2872 1145 3075 1194 natum
3110 1140 3381 1194 fidelibus
3413 1141 3569 1194 cele-

1920 1222 2182 1280 brantes.

1994 1315 2074 1368 Ex
2107 1319 2161 1368 te
2193 1321 2324 1371 orta
2357 1322 2445 1370 est
2488 1318 2603 1371 vita
2665 1318 3026 1389 Virginitatis
3084 1317 3274 1373 claves
3318 1318 3567 1385 minime

1921 1402 2176 1458 solvens.
2209 1405 2512 1468 Quomodo
2535 1407 2732 1476 igitur,
2753 1424 2886 1461 cum
2919 1407 3366 1462 immaculatum
3388 1412 3564 1478 atque

1920 1491 1982 1545 in
2014 1493 2224 1562 primis
2241 1494 2414 1548 vitale
2448 1495 2895 1550 tabernaculum
2928 1502 3092 1550 tuum
3124 1497 3321 1562 fuerit,
3358 1497 3562 1550 mortis

1921 1580 2304 1650 experientiae
2335 1581 2490 1637 facta
2517 1599 2580 1637 es
2612 1583 2904 1654 particeps
2935 1584 2961 1638 ?

1993 1671 2134 1725 Vitae
2168 1672 2296 1742 ipsa
2328 1673 2638 1744 templum,
2674 1676 2849 1728 vitam
2883 1681 3055 1729 nacta
3087 1690 3149 1728 es
3180 1679 3558 1745 perpetuam;

1919 1776 2026 1830 per
2057 1766 2308 1815 mortem
2343 1763 2502 1816 enim
2525 1763 2597 1817 ad
2646 1763 2824 1818 vitam
2879 1764 3190 1831 transiisti,
3225 1781 3355 1834 quae
3383 1764 3560 1818 vitam

1838 1879 1882 1943 Β
1917 1865 2050 1903 vere
2075 1847 2497 1905 subsistentem
2525 1853 2846 1923 pepereris.

1984 1939 2099 1991 VII.
2136 1938 2342 1992 Divina
2374 1939 2674 2010 sapientes
2704 1940 2810 1994 viri
2839 1947 3169 1995 creaturam
3223 1957 3326 2011 pro
3384 1941 3554 1995 Crea~

1905 2029 2032 2078 tore
2063 2041 2183 2078 non
2219 2025 2662 2093 adoraverunt;
2705 2027 2806 2081 sed
2865 2027 3016 2099 ignis
3067 2029 3259 2082 minas
3308 2028 3556 2083 viriliter

1905 2113 2219 2184 patientes,
2282 2113 2657 2180 laetabantur,
2689 2123 3010 2170 canentes:
3052 2117 3268 2171 Summe
3301 2117 3550 2172 laudabi-

1907 2202 1972 2256 lis
2003 2204 2232 2255 Patrum
2258 2205 2486 2256 Domine
2516 2221 2580 2280 de
2613 2205 2768 2271 Deus,
2799 2206 3109 2259 benedictus
3140 2222 3212 2260 es.

1976 2309 2280 2364 Juvenculi
2314 2315 2371 2362 et
2427 2310 2702 2382 virgines,
2761 2316 2887 2366 tum
2938 2313 3213 2384 Virginis,
3273 2320 3397 2367 tum
3449 2313 3550 2366 Dei

1905 2398 2102 2453 Matris
2128 2399 2474 2453 memoriam
2507 2406 2874 2467 venerantes,
2908 2418 3079 2454 senes
3139 2406 3197 2454 et
3254 2401 3552 2471 principes

1905 2492 2160 2559 etureges
2191 2504 2324 2542 cum
2349 2487 2654 2559 judicibus
2696 2494 2929 2544 cantate
2984 2507 2996 2545 :
3048 2496 3275 2545 Patr-um
3329 2492 3553 2544 Domine

1905 2593 1967 2632 ac
1996 2577 2154 2646 Deus,
2183 2577 2494 2632 benedictus
2521 2593 2591 2632 es.

1977 2754 2136 2809 Tuba
2167 2754 2410 2823 spiritus
2443 2759 2677 2809 montes
2709 2754 2978 2809 caelestes
3036 2755 3333 2827 clangant,
3368 2757 3551 2812 colles

1905 2843 2202 2915 gaudeant
2227 2847 2286 2898 et
2314 2843 2630 2897 exsultent.
2668 2843 2869 2907 Hodie,
2894 2843 3146 2912 apostoli
3178 2844 3379 2909 divini,
3416 2845 3550 2900 Dei-

1907 2948 2066 3003 paraa
2090 2931 2354 2986 laudatio
2387 2949 2400 2996 ;
2434 2930 2682 3001 mystice
2720 2931 3050 2986 laudemus.

1981 3109 2402 3166 Sanctissimus
2436 3109 2648 3164 divina:
2709 3115 2767 3163 et
2821 3109 3179 3179 incorruptze
3213 3110 3410 3165 Matris
3438 3117 3552 3166 tua)

1909 3199 2195 3254 transitus
2225 3198 2488 3253 coelestia
2519 3215 2906 3269 supernarum
2925 3200 3286 3253 Potestatum
3319 3201 3555 3270 agmina

1911 3287 2259 3342 tremefecit.
2287 3287 2431 3340 Cum
2465 3287 2585 3341 illis
2615 3286 3014 3357 gaudendum,
3042 3288 3141 3357 qui
3172 3288 3274 3342 tibi
3307 3289 3366 3342 in
3401 3295 3554 3344 terra

1909 3383 2130 3432 canunt
2156 3393 2168 3430 :
2202 3377 2522 3431 Benedictus
2552 3393 2624 3443 es,
2654 3377 2807 3431 Deus.

1984 3467 2124 3520 VIII.
2161 3466 2408 3520 Sanctos
2465 3482 2681 3536 pueros
2726 3465 2975 3519 servavit
3025 3466 3086 3519 in
3144 3465 3383 3522 fornace
3449 3468 3552 3522 Dei

1912 3555 2226 3610 Genitricis
2251 3560 2476 3626 partus,
2515 3560 2656 3609 tunc
2716 3555 3000 3626 ﬁguratus
3049 3555 3287 3626 quidem
3324 3573 3338 3620 ;
3395 3573 3555 3611 nunc

1910 3661 2045 3698 vero
2078 3643 2378 3715 impletus,
2414 3644 2753 3698 universum
2794 3643 2998 3698 orbem
3032 3643 3304 3698 excitavit
3336 3661 3552 3698 canen-

1911 3740 2029 3789 tem
2068 3750 2080 3787 :
2114 3733 2382 3799 Laudate,
2416 3749 2600 3802 opera,
2628 3731 2939 3786 Dominum.

1979 3843 2184 3906 Tuam,
2218 3838 2603 3893 immaculata
2633 3839 2824 3911 Virgo,
2879 3839 3228 3892 memoriam
3248 3839 3552 3910 Principa-

1910 3934 2026 3995 tus,
2059 3931 2389 3984 Potestates
2433 3943 2500 3982 ac
2543 3928 2800 3982 Virtutes
2835 3945 2847 3992 ;
2899 3928 3128 3998 Angeli,
3177 3930 3552 4001 Archangeli,

1907 4018 2151 4081 Throni,
2213 4016 2682 4079 Dominationes,
2751 4017 3067 4071 Cherubim
3127 4033 3194 4071 ac
3245 4019 3554 4072 tremenda

1909 4107 2218 4178 Seraphim
2249 4106 2525 4161 laudlbus
2557 4105 3014 4171 concelebrant;
3076 4106 3383 4160 hominum
3416 4123 3549 4162 vero

1906 4212 2094 4270 genus
2127 4195 2397 4252 canimus
2430 4201 2488 4248 et
2537 4193 3057 4264 superextollimus
3105 4194 3166 4246 in
3197 4195 3397 4248 omnia
3441 4212 3550 4249 sae-

1905 4287 2058 4344 cula.

1979 4376 2086 4441 Qui
2117 4375 2180 4429 in
2210 4379 2310 4429 tuo
2343 4371 2725 4426 immaculato
2780 4376 2980 4424 ventre
3025 4371 3376 4440 hospitatus,
3430 4389 3552 4428 car-

1907 4481 2044 4520 nem
2077 4463 2292 4526 induit,
2319 4463 2368 4515 is
2401 4461 2841 4515 sanctissimum
2902 4459 3176 4529 spiritum
3236 4466 3400 4515 tuum
3446 4479 3547 4516 ex-

1907 4554 2158 4625 cipiens,
2192 4552 2254 4605 in
2285 4552 2434 4621 ipso,
2469 4555 2751 4619 tanquam
2801 4549 3036 4602 debitor
3060 4549 3261 4607 Filius.
3314 4551 3548 4620 requie-

1905 4644 2005 4698 vit.
2030 4642 2166 4696 ldeo
2191 4646 2246 4695 te
2277 4639 2576 4711 Virginem
2616 4639 2887 4693 canimus
2919 4643 2976 4693 et
3005 4639 3545 4708 superextollimus.

1975 4732 2018 4787 Ο
2079 4729 2387 4784 intellectu
2452 4727 2665 4782 altiora
2714 4743 2950 4798 semper
3010 4727 3259 4797 Virginis
3322 4744 3388 4783 ac
3449 4729 3547 4783 Dei

1905 4819 2217 4876 Genitricis
2265 4817 2583 4874 miracula!
2618 4819 2935 4887 Postquam
2995 4817 3153 4871 enim
3213 4817 3551 4889 sepulcrum

1905 4910 2208 4975 habitavit,
2244 4907 2586 4980 paradisum
2621 4907 2899 4970 ostendit,
2948 4907 3040 4960 cui
3074 4912 3333 4961 astantes
3374 4907 3548 4962 hodie

1904 4999 2025 5054 laeti
2059 4998 2363 5052 canimus:
2395 4999 2624 5050 Cantate
2649 5001 2700 5048 et
2720 4995 3137 5064 superemtollite
3171 4997 3474 5050 Dominum.

1975 5089 2072 5142 IX.
2137 5085 2454 5156 Terrigena
2493 5084 2686 5138 omnis
2753 5083 2963 5152 spiritu
3024 5083 3298 5150 exsultet,
3358 5085 3547 5139 facem

1902 5177 2122 5232 ferens.
2158 5174 2439 5230 Mentium
2473 5189 2607 5226 vero
2653 5172 2915 5226 materiae
2967 5173 3280 5226 exsortium
3336 5179 3550 5228 natura

1905 5266 1966 5321 in
1998 5265 2203 5320 laudes
2236 5270 2348 5330 eat,
2409 5256 2676 5316 sanctum
2729 5261 2828 5314 Dei
2879 5261 3192 5315 Genitricis
3231 5263 3546 5317 transitum

1903 5371 2226 5419 venerans;
2261 5357 2320 5406 et
2349 5351 2638 5405 exclamet
2673 5367 2684 5404 :
2719 5351 2899 5418 Sal-ve,
2951 5351 3258 5406 beatissima
3292 5352 3546 5422 Deipara,

1896 5460 2065 5514 pura,
2090 5458 2298 5510 semper
2325 5442 2511 5509 Virgo.

1977 5532 2163 5603 Agite,
2199 5531 2259 5584 in
2303 5529 2464 5594 Sion,
2523 5527 2719 5582 divino
2779 5531 2836 5581 et
2891 5528 3092 5600 pingui
3141 5528 3244 5583 Dei
3302 5529 3548 5584 viventis

1903 5627 2106 5676 monte
2161 5617 2611 5683 exsultabimus,
2681 5618 2992 5688 Deiparam
3064 5617 3223 5672 velut
3274 5619 3333 5673 in
3416 5636 3544 5689 spe-

1904 5711 2038 5768 culo
2061 5711 2365 5765 intuentes
2390 5724 2404 5777 ;
2428 5708 2584 5762 hanc
2615 5706 2772 5760 enim
2803 5707 2926 5776 ille,
2961 5713 3241 5780 tanquam
3272 5714 3541 5763 matrem.
