4044 6218
505 381 641 436 1367
2022 375 2102 425 AI

2227 374 2390 425 NDA.
3721 375 3824 429 1368

507 506 581 561 ad
613 500 990 576 praestantius
1019 499 1394 569 diviniusque
1427 495 1878 552 tabernaculum
1913 495 1975 550 in
2006 496 2104 550 Sal

2230 549 2237 560 _
2270 491 2345 556 ὡς
2373 492 2582 568 μητέρα
2610 491 2812 563 ταύτην
2840 491 2918 556 εἰς
2954 490 3022 546 τὰ
3080 493 3252 568 Ἀγια
3304 497 3411 549 τῶν
3466 492 3616 569 ἁγίων
3669 515 3827 568 μετατι-

509 599 604 650 cta
628 596 973 648 sanctorum
1003 588 1334 644 transtulit.
2267 593 2415 652 θησι.

583 682 770 753 Agite,
805 697 837 734 ο
872 679 1101 746 fideles,
1133 677 1205 732 ad
1265 676 1367 732 Dei
1429 675 1745 731 Genitricis
1814 674 2155 746 sepulcrum

2342 676 2527 742 Δεῦτε,
2561 672 2616 726 οἱ
2637 672 2844 740 πιστοὶ,
2873 672 2954 743 τῷ
2976 670 3130 746 τάφῳ
3156 671 3537 746 προσέλθωμεν
3559 679 3646 742 τῆς
3664 678 3825 746 Θεομή-

517 769 891 837 accedemus,
926 768 1195 838 illudque
1225 765 1942 837 amplectemur,pectora,
1968 764 2114 820 labra

2263 781 2446 837 τορος·
2481 763 2570 816 καὶ
2605 761 3084 835 περιπτυξώμεθα,
3117 759 3362 835 καρδίας,
3411 761 3591 838 χείλη,
3644 760 3826 835 ὄμματα,

510 860 736 925 oculos,
768 859 1026 913 frontem
1058 858 1288 911 sincere
1337 855 1684 928 afﬁgentes;
1719 854 1974 926 indeque
2010 855 2107 909 hat

2269 851 2495 922 μέτωπα
2578 848 2891 924 εἰλικρινῶς
2957 849 3380 925 προσάπτοντες*
3437 852 3520 906 καὶ
3576 851 3827 926 ἀρυσὼμεῧα

507 950 734 1004 riemus
764 948 1003 1018 copiosa
1042 945 1508 1001 medicaminum
1539 960 1809 1014 munera,
1843 960 1873 998 e
1902 960 2104 1016 pereni

2268 937 2510 1012 ἰαμάτων
2535 935 2744 1015 ἄφθονα
2769 939 3089 1014 χαρίσματα
3147 937 3207 993 ἐκ
3262 947 3444 1015 πηγῆς
3499 940 3694 996 ἀεννάου
3737 940 3830 1016 Blu-

505 1038 667 1093 fonte
713 1037 1042 1092 manantia.

943 1037 1017 1091 tia
1030 1077 1042 1091 .
2267 1028 2540 1086 στάνοντα,

575 1128 791 1198 Accipe
823 1143 854 1181 a
887 1125 1080 1192 nobis,
1127 1125 1226 1179 Dei
1275 1124 1528 1179 viventis
1585 1124 1786 1193 Mater,
1855 1122 2152 1177 canticum

2339 1116 2514 1193 Δέχου
2544 1118 2671 1192 παρ’
2702 1119 2863 1191 ἡμῶν
2923 1115 3072 1190 ᾠδὴν
3130 1119 3230 1188 τὴν
3288 1116 3514 1189 ἐξόδιον,
3569 1124 3728 1193 Mite-9
3769 1124 3833 1174 τοῦ

507 1219 578 1273 De
599 1219 752 1270 exitu
782 1233 803 1279 ;
833 1231 1063 1285 nosque
1096 1213 1358 1268 luciferas
1390 1228 1458 1268 ac
1515 1213 1727 1266 divinae
1783 1216 1896 1266 tua)
1953 1211 2101 1282 grati

2268 1210 2470 1276 ζῶντος
2501 1211 2659 1273 Θεοῦ,
2716 1207 2805 1262 καὶ
2854 1211 2921 1280 τῇ
2977 1208 3286 1286 φωτοφόρῳ
3333 1229 3429 1263 σου
3480 1210 3565 1262 καὶ
3607 1208 3707 1280 θείᾳ
3751 1209 3834 1263 ἐπι·

508 1305 616 1360 sub
647 1303 860 1359 umbra
890 1308 1129 1374 protege
1163 1320 1175 1369 ;
1208 1303 1330 1373 regi
1381 1302 1737 1372 triumphos,
1787 1300 2100 1354 Christicol

2268 1296 2484 1350 σκίασον
2512 1298 2720 1372 χάριτι’
2773 1300 2853 1368 τῷ
2909 1296 3127 1370 βασιλεῖ
3181 1300 3250 1351 τὰ
3306 1299 3556 1372 ορόπαια,
3608 1297 3678 1369 τῷ
3719 1304 3835 1374 φιλο-

507 1394 726 1466 populo
758 1409 985 1463 pacem,
1019 1391 1371 1446 canentibus
1413 1389 1649 1445 veniam
1702 1390 2104 1459 animarumqt

2266 1385 2480 1460 χρίστῳ
2511 1383 2628 1456 λαῷ
2657 1386 2756 1454 τήν
2787 1384 3031 1458 εἰρήνην,
3080 1383 3268 1459 ἄφεσιν
3324 1392 3444 1448 τοῖς
3494 1385 3734 1460 μέλπουσι
3776 1390 3833 1441 ιιαέ

513 1480 766 1535 salutem
800 1478 1112 1549 elargiens.

2266 1479 2460 1550 ψυχῶν
2493 1475 2763 1551 σωτηρίαν
2801 1471 3157 1548 βραϐεύουσα.

765 1847 1023 1900 Carmina
1041 1846 1114 1899 ad
1133 1845 1529 1899 exodiasticum
1548 1846 1906 1913 pertinentia.
2189 1847 2235 1910 Β

2189 1847 2235 1910 Β
2413 1839 2691 1915 Ἰδιόμελα
2723 1841 2774 1896 ἐν
2797 1843 3094 1915 ἀκολουθίᾳ
3136 1848 3233 1898 τοῦ
3275 1841 3636 1914 έξοδιαστικοῦ
3660 1847 3741 1919 (α).

514 1954 792 2018 Quaenam
829 1951 958 2005 vita;
988 1951 1277 2022 voluptas,
1313 1958 1538 2022 perstat
1567 1952 1789 2006 doloris
1823 1970 2052 2024 expers,

2269 1948 2407 2004 Ποία
2437 1954 2536 2002 τοῦ
2572 1949 2693 2024 βίου
2714 1952 2892 2026 τρυφὴ
2926 1947 3162 2022 διαμένει
3213 1949 3398 2020 λύπης
3434 1951 3715 2027 ἀμέτοχος,

517 2043 656 2106 Quae
690 2041 877 2112 gloria
907 2044 1256 2111 permansit,
1292 2041 1352 2094 in
1394 2047 1550 2094 terra
1594 2041 1694 2095 diu
1729 2041 2010 2098 duratura
2041 2045 2068 2098 ‘I

1858 2051 2010 2098 itura
2041 2045 2068 2098 ‘I
2269 2036 2406 2090 Ποία
2439 2034 2564 2110 δόξα
2586 2036 2805 2108 ἕστηκεν
2834 2037 2922 2092 ἐπὶ
2953 2041 3055 2113 γῆς
3089 2040 3455 2111 ἀμετάθετοςς

520 2134 740 2188 Umbra
771 2136 983 2185 cuncta
1010 2131 1134 2184 haec
1168 2135 1306 2184 sunt
1336 2131 1684 2197 infirmiora,
1745 2139 1959 2186 cuncta
2017 2150 2117 2187 son

2275 2126 2451 2181 Πάντα
2498 2133 2650 2191 σκιᾶς
2719 2129 3090 2204 ἀσθενέστερα,
3169 2131 3346 2184 πάντα
3411 2129 3626 2204 ὀνείρων
3692 2131 3844 2200 ἀπατη-

1599 2220 1737 2290 [niis
1767 2221 2088 2276 fallaciora.

3600 2217 3798 2294 [λότεριι.

527 2311 583 2365 Si
657 2309 747 2363 vel
795 2325 980 2362 unum
1063 2313 1432 2362 momentum
1479 2307 1664 2362 fluat:
1717 2317 1930 2365 cuncta
1979 2311 2124 2366 letui

2108 2329 2164 2366 m
2273 2305 2390 2362 Μία
2420 2305 2586 2382 ῥοπὴ,
2618 2306 2707 2360 καὶ
2736 2311 2905 2362 ταῦτα
2933 2306 3107 2362 πάντα
3137 2308 3366 2372 θάνατος
3395 2307 3705 2385 διαδέχεται.

1811 2400 2092 2474 [colliget.

530 2491 740 2544 Verum
773 2488 834 2542 in
865 2487 1092 2541 lumine
1122 2487 1318 2542 vultus
1349 2487 1452 2551 tui,
1487 2489 1735 2543 Christe.

2271 2483 2434 2541 Ἀλλ’
2461 2483 2514 2540 ἐν
2544 2489 2623 2557 τῷ
2653 2485 2815 2564 φωτὶ,
2849 2488 3071 2560 Χριστὲ,
3102 2492 3204 2542 τοῦ
3233 2489 3540 2562 προσώπου
3571 2509 3676 2558 σου,

529 2580 598 2632 Et
630 2579 689 2631 in
723 2576 1187 2648 pulchritudinis
1221 2582 1334 2630 tua;
1359 2577 1667 2642 suavitate,

2275 2575 2378 2630 Καὶ
2406 2573 2486 2646 τῷ
2507 2574 2812 2648 γλυκασμῷ
2832 2583 2932 2639 τοῖς
2957 2583 3056 2646 σῆς
3077 2577 3450 2652 ὡραιότητος,

527 2667 590 2720 Ei
615 2682 789 2736 quem
821 2665 1068 2737 elegisti,
1104 2664 1179 2720 da
1204 2667 1493 2735 requiem,
1523 2674 1588 2721 ut
1615 2668 1928 2742 benignus.

2274 2665 2374 2720 ’Όν
2417 2663 2659 2735 ἐξελέξω,
2693 2667 3019 2734 ἀνάπαυσον,
3044 2666 3120 2728 ὡς
3151 2665 3561 2743 φιλάνθρωπος.

527 2757 652 2810 Heu
684 2754 1061 2825 melqualem
1091 2754 1308 2810 luctam
1340 2756 1541 2811 anima
1569 2773 1599 2812 e
1621 2774 1867 2830 corpore
1899 2767 2124 2832 separat

2275 2751 2463 2826 Οῗμοι,
2497 2754 2609 2808 οἷον
2638 2755 2823 2830 ἀγῶνα
2882 2753 2999 2829 ἔχει
3031 2757 3066 2824 ἡ
3106 2757 3259 2830 ψυχὴ
3294 2758 3645 2832 χωριζομένη
3695 2757 3743 2811 ἐκ
3785 2759 3851 2809 τοῦ

1765 2848 2045 2919 [sustinet
2073 2853 2100 2906 ‘I

3557 2849 3649 2920 [σώ
3658 2866 3808 2920 ματος.

526 2934 649 2988 Heu
681 2949 775 2987 me
811 2932 822 2986 l
860 2939 1148 3004 quantum
1170 2932 1382 3004 plorat,
1416 2951 1527 2990 nec
1561 2943 1649 2990 est
1679 2939 1778 3008 qui
1815 2939 2123 2996 misereatt

2275 2929 2468 3004 Οἴμοι,
2500 2934 2624 2988 τότε
2653 2933 2795 2988 πόσα
2826 2929 3068 3008 δακρύει,
3099 2935 3188 2989 καὶ
3221 2934 3328 3011 οὐχ
3393 2936 3619 3012 ὑπάρχει
3672 2937 3696 2990 ὁ
3733 2935 3856 2989 ἐλεῶν

1919 3029 2094 3100 [ejus.

3637 3024 3807 3099 [αὐτήν.

527 3111 614 3164 Ad
642 3111 888 3182 angelos
920 3112 968 3165 si
992 3117 1295 3166 convertat
1323 3112 1547 3179 oculos,
1581 3113 1746 3169 irrite
1780 3115 2124 3188 deprecatur

2277 3110 2421 3186 Πρὸς
2458 3109 2588 3174 τοὺς
2638 3109 2901 3187 ἀγγέλους
2955 3113 3023 3166 τὰ
3091 3109 3315 3186 ὄμματα
3361 3114 3615 3192 ῥέπουσα,
3671 3117 3857 3188 ἄπρακτα

2195 3213 2237 3277 C
3487 3204 3810 3279 [καθικετεῦει.

527 3288 580 3342 Si
609 3289 682 3342 ad
707 3289 982 3343 homines
1017 3288 1220 3343 tendat
1246 3305 1485 3356 manus,
1521 3307 1692 3362 opem
1717 3294 1816 3364 qui
1859 3294 2031 3360 ferat,
2057 3314 2124 3352 nc

2287 3289 2430 3361 Πρὸς
2488 3287 2614 3351 τοὺς
2670 3288 2990 3364 ἀνθρώπους
3033 3290 3130 3352 τὰς
3186 3295 3384 3366 χεῖρας
3464 3291 3760 3358 ἐκτείνουσα,
3795 3289 3863 3344 οὐκ

1838 3385 2101 3451 [invenit.
3205 3376 3347 3454 [ἔχει
3405 3403 3435 3437 τ

3205 3376 3347 3454 [ἔχει
3405 3383 3500 3437 τὸν
3536 3384 3811 3458 βοηθοῦντα.

529 3468 775 3532 Idcirco,
811 3468 1011 3523 dilecti
1041 3469 1273 3536 fratres,
1319 3469 1665 3526 brevitatem
1724 3474 1853 3528 vita}
1912 3483 2126 3532 conten

2286 3466 2399 3534 Διὸ,
2454 3465 2724 3541 ἀγαπητοί
2783 3489 2890 3541 μου
2943 3465 3193 3546 ἀδελφοὶ,
3253 3468 3607 3541 ἐννοήσαντες
3653 3474 3784 3541 ἡμῶν
3822 3467 3864 3520 τὸ

1914 3565 2102 3636 [plati,
3315 3562 3511 3638 [βραχῖ

3315 3562 3530 3638 [βριιιχὺ
3563 3566 3654 3625 τῆς
3684 3567 3812 3629 ζωῆς,

535 3645 818 3714 Requiem
851 3646 1128 3700 defuncto
1171 3647 1330 3713 huic,
1364 3664 1397 3702 a
1427 3649 1656 3704 Christo
1689 3651 2096 3723 deprecemur.

2279 3647 2376 3716 Τῷ
2408 3649 2728 3719 μεταστάντι
2759 3650 2858 3718 τήν
2919 3653 3215 3707 ανάπαυσιν
3270 3656 3425 3729 παρὰ
3479 3656 3701 3729 Χριστοῦ
3750 3649 3861 3716 αἴτη-

3593 3743 3682 3818 [σώ
3689 3751 3811 3812 luso-1!,

530 3823 598 3874 Et
630 3838 904 3892 magnam
939 3823 1252 3878 animabus
1283 3828 1503 3881 nostris
1537 3830 2029 3890 misericordiam.

1821 3832 2029 3890 rdiam,
2282 3825 2383 3880 Καὶ
2405 3832 2527 3888 ταῖς
2553 3830 2758 3902 ψυχαῖς
2789 3831 2953 3901 ἡμῶν
2975 3831 3037 3885 τὸ
3073 3831 3211 3907 μέγα
3240 3829 3418 3895 ἕλεος.

532 3912 771 3966 Vanitas
787 3919 924 3965 sunt
951 3913 1214 3966 humana
1228 3922 1459 3978 cuncta,
1487 3934 1619 3986 quae
1635 3926 1767 3988 post
1786 3928 2035 3977 mortem
2051 3941 2126 3979 no

2280 3917 2461 3970 υᾶντα
2515 3917 2812 3988 ματαιότης
2853 3920 2919 3972 τὰ
2975 3920 3310 3995 ἀνθρώπινα,
3367 3923 3471 3977 ὅσα
3527 3922 3630 3997 οὐχ
3681 3921 3859 3993 ὑπάρχει

1449 4007 1728 4078 [amplius
1760 4011 2096 4066 exstabunt.

3421 4013 3577 4086 [μετὰ
3605 4011 3811 4079 θάνατον,

525 4089 750 4144 Divitiaa
783 4107 1075 4162 nusquam
1131 4099 1469 4162 supersunt,
1521 4111 1630 4149 nec
1689 4113 1798 4152 nos
1857 4101 2122 4157 comitati

2071 4107 2174 4158 ,tur
2281 4095 2360 4150 Οὐ
2393 4097 2685 4169 παραμένει
2718 4098 2746 4151 ὁ
2778 4096 3038 4168 πλοῦτος,
3075 4099 3136 4153 οὗ
3163 4097 3444 4156 συνοδευει
3467 4105 3500 4170 ἡ
3535 4099 3668 4168 δόξα.

1866 4188 2094 4260 [gloria.

527 4271 787 4340 Repente
819 4286 1077 4341 namque
1107 4274 1532 4342 superveni-ins
1565 4291 1744 4343 mors,
1776 4277 1900 4333 haac
1958 4286 2124 4336 cuncl

2278 4270 2555 4337 Ἐπελθὼν
2586 4275 2685 4348 γὰρ
2720 4276 2748 4329 ὁ
2777 4275 3006 4336 θάνατος
3055 4281 3222 4332 ταῦτα
3253 4278 3428 4334 πάντα
3458 4278 3783 4356 ἐξηφάνισται,

1798 4366 2092 4440 [dissipat.

691 4476 921 4530 Christo
953 4482 1267 4548 prOpterea
1296 4479 1618 4534 immortali
1648 4480 1996 4540 clamemus.

2564 4482 2658 4535 Διὸ
2685 4483 2906 4556 Χριστῷ
2933 4487 3014 4556 τῷ
3046 4483 3296 4556 ἀθανάτῳ
3332 4487 3643 4558 βοήσωμεν.

520 4583 582 4635 Ei
617 4582 716 4652 qui
751 4599 784 4637 a
816 4582 988 4636 nobis
1021 4583 1294 4654 migravit
1321 4584 1394 4640 da
1425 4587 1714 4657 requiem,

2198 4584 2243 4646 Il
2273 4588 2378 4642 Τὸν
2418 4588 2751 4660 μεταστάντα
2781 4589 2832 4660 ἐξ
2862 4591 3021 4661 ἡμῶν
3055 4591 3389 4651 ἀνάπαυσον,

518 4671 625 4725 Ubi
658 4672 986 4726 laetantium
1009 4673 1278 4727 omnium
1311 4679 1402 4728 est
1430 4675 1736 4732 habitatio.

2274 4678 2441 4740 Ἔνθα
2472 4678 2686 4731 πάντων
2715 4677 2856 4731 ἐστὶν
2899 4678 3344 4755 εὐφραινομένων
3375 4683 3411 4750 ἠ
3442 4681 3694 4737 κατοικία.

518 4760 624 4814 Ubi
660 4761 866 4815 mundi
901 4767 990 4816 est
1018 4761 1264 4816 affectus
1285 4762 1312 4816 ?

2272 4770 2383 4820 Ποῦ
2415 4765 2554 4820 ἐστιν
2587 4769 2621 4835 ἡ
2651 4770 2746 4821 τοῦ
2775 4768 2986 4839 κόσμου
3009 4769 3349 4842 προσπάθεια
3383 4790 3395 4838 ;

521 4849 624 4904 Ubi
662 4867 858 4904 rerum
895 4850 1165 4905 inanium
1214 4851 1490 4922 species?

2273 4859 2383 4908 Ποῦ
2417 4854 2558 4909 ἐστιν
2591 4858 2625 4924 ἡ
2658 4860 2766 4910 τῶν
2801 4856 3145 4930 προσκαίρων
3180 4859 3449 4934 φαντασία
3483 4879 3495 4928 ;

518 4940 623 4994 Ubi
657 4956 868 4994 aurum
901 4945 959 4993 et
989 4946 1298 5012 argentum
1329 4941 1356 4995 ?

2271 4948 2383 4998 Ποῦ
2407 4942 2549 4997 ἐστιν
2585 4946 2612 4998 ὁ
2645 4945 2848 5019 χρυσὸς
2882 4946 2972 5000 καὶ
3005 4947 3032 4998 ὁ
3066 4946 3306 5020 ἄργυρος
3337 4968 3351 5014 ς

517 5028 623 5083 Ubi
656 5028 828 5085 turba
859 5034 916 5082 et
949 5029 1238 5085 tumultus
1271 5029 1631 5086 famulorum
1669 5032 1696 5087 ?

2273 5033 2384 5090 Ποῦ
2415 5030 2555 5087 ἐστιν
2587 5037 2693 5087 τῶν
2729 5033 2952 5088 οἰκετῶν
2981 5036 3016 5102 ἡ
3049 5033 3371 5109 πλημμὺρα
3401 5039 3492 5092 καὶ
3523 5037 3550 5092 ὁ
3571 5029 3798 5110 Θόρῦῦοςὶ

516 5117 727 5172 Omnia
758 5118 970 5189 pulvis,

2271 5121 2450 5177 Πάντα
2479 5121 2648 5190 κόνις,

513 5204 726 5261 Omnia
755 5208 929 5275 cinis,

2271 5208 2448 5266 Πᾶντα
2477 5212 2671 5288 τέφρα,

511 5290 721 5348 Omnia
751 5303 890 5351 sunt
911 5297 1158 5353 umbraa.

1020 5297 1158 5353 brm.
2269 5303 2452 5358 Πάντα
2479 5302 2617 5358 σκιά.

511 5377 726 5434 Verum
756 5383 1015 5440 accedite
1050 5391 1108 5440 et
1134 5386 1455 5443 immortali
1495 5388 1617 5461 regi
1648 5389 1978 5447 clamemus
2006 5408 2018 5447 :

2270 5389 2447 5448 Ἀλλὰ
2478 5387 2650 5462 δεῦτε,
2682 5393 2971 5468 βοήσωμεν
2996 5398 3078 5466 τῷ
3107 5393 3366 5467 ἀθανάτῳ
3393 5394 3621 5472 βασιλεῖ.

583 5613 660 5704 (ξι)
681 5614 1072 5704 ἐκβιίέίᾼρλμ
1107 5619 1341 5703 ῌΑΝιεθι,
1375 5622 1679 5704 [nescimus
1709 5625 2158 5704 hymmologg‘cus,
2191 5627 2287 5704 ll],
2329 5629 2414 5704 9t},
2452 5628 2685 5704 Legitur
2700 5584 2890 5686 etiam
2923 5633 2984 5688 in
3016 5633 3220 5690 Officio
3279 5635 3678 5704 exsequiarum
3724 5620 3830 5696 apud

501 5689 544 5743 Ι.
589 5689 742 5744 Goar
775 5699 788 5738 :
821 5687 1217 5757 Euchologium
1245 5693 1356 5746 sive
1380 5694 1597 5750 Rituale
1626 5687 1943 5752 Hraerorum
1973 5687 2065 5753 ed.
2099 5687 2156 5756 2.,
2191 5687 2469 5769 Venetiis,
2514 5687 2670 5770 {1730,
2697 5703 2802 5760 428
2843 5719 2859 5772 ;
2893 5705 2984 5762 ed.
3019 5687 3211 5763 Paris.
3233 5687 3358 5760 532W.
