4040 6204
225 373 367 429 1369
1209 375 1284 427 1N
1321 374 1462 427 SEX
1498 370 1797 424 HYMNOB

2034 366 2249 418 ENTES
2286 365 2642 420 MONITUM.
3492 359 3629 414 1370

228 514 418 588 Κρόιε,
448 511 823 569 τῶνᾟίωνῗων
872 534 967 568 σου
1019 509 1232 589 ἀγαθῶν
1294 510 1523 585 ἀξίωσον
1570 511 1663 565 τὸν
1716 529 1823 583 μετέ

2039 490 2237 550 omine
2278 490 2516 547 internis
2555 490 2672 545 tuis
2700 488 2874 543 bonis
2906 486 3061 541 dona
3099 503 3231 540 cum
3264 487 3361 556 qui
3394 504 3428 541 a
3456 486 3628 542 nobis

1151 576 1369 675 [στάντᾶ
1401 601 1452 670 ἐξ
1484 602 1666 672 ἡμῶν,
1716 576 1726 583 '
2492 673 2505 675 _
2636 672 2643 675 _
2739 671 2746 675 _

3162 576 3472 646 [migravit,

221 692 546 750 Ἀναπαύων
579 691 737 747 αὐτὸν
770 689 821 745 ὲν
848 690 918 765 τῇ
946 690 1138 767 ἀγήρῳ
1151 665 1557 764 ιμακαριότίητνί.
1650 665 1659 669 ν

1988 679 2053 731 In
2084 675 2450 731 indeﬁcienti
2492 670 2859 727 beatitudine
2891 668 3028 723 data
3056 666 3145 720 illi
3178 665 3402 735 requie.

550 851 3629 892 ____________________________________________________..__

224 882 543 893 —_.__—

1218 1028 1549 1084 MONITUM
1581 1026 1660 1080 IN
1692 1024 1827 1080 SEX
1875 1019 2162 1077 HYMNOS
2200 1014 2635 1081 SEQUENTES.

1172 1196 1344 1265 (Anc.
1378 1195 1510 1249 MAI.
1542 1190 1805 1264 Spicileg.
1836 1192 1991 1245 Rom.
2024 1187 2115 1258 1X,
2148 1204 2205 1258 p.
2236 1200 2356 1251 xxx,
2388 1183 2489 1235 713
2524 1178 2680 1250 sqq.)

292 1519 360 1574 In
390 1515 693 1573 evolendis
718 1515 932 1572 Grmcis
962 1514 1246 1571 vaticanaa
1278 1513 1653 1569 bibliothecae
1683 1509 1989 1567 codicibus
2036 1524 2133 1562 res
2172 1507 2471 1577 insperata
2502 1500 2645 1556 mihi
2681 1497 2911 1554 accidit.
2945 1496 3089 1550 Dum
3125 1490 3284 1545 enim
3332 1484 3630 1558 poeticum

218 1606 501 1662 volumen
532 1605 912 1677 inspicerem,
943 1604 1005 1659 in
1040 1621 1155 1676 quo
1186 1621 1307 1659 non
1341 1604 1468 1658 sine
1501 1602 1686 1658 multo
1723 1599 2084 1656 scholiorum
2117 1595 2400 1651 comitatu
2432 1596 2571 1647 sunt
2602 1589 2907 1653 Pindarus,
2942 1581 3251 1643 Hesiodus,
3286 1581 3481 1648 partes
3506 1574 3627 1626 Ho-

219 1696 397 1761 meri,
428 1694 703 1765 Eschyli,
737 1699 794 1747 et
823 1693 1137 1759 Theocriti,
1171 1692 1557 1748 animadverti
1590 1690 1765 1762 paulo
1797 1688 2107 1744 differente
2139 1685 2480 1739 charactere
2512 1678 2733 1748 scripta
2765 1675 2907 1729 folia
2938 1689 3037 1727 sex
3068 1671 3129 1723 in
3179 1664 3426 1721 diversis
3466 1660 3627 1714 codi-

222 1785 311 1841 cis
344 1784 632 1856 partibus,
653 1782 853 1853 ibique
886 1783 1131 1837 totidem
1163 1780 1525 1853 deprehendi
1548 1779 1849 1851 prosaicos
1866 1776 2056 1832 sancti
2074 1773 2313 1830 Joannis
2345 1768 2690 1826 Damasceni
2719 1767 2991 1837 hymnos,
3018 1776 3164 1830 quos
3196 1754 3378 1811 Graeci
3400 1748 3628 1806 κανόνας

221 1839 550 1946 appellant,
583 1839 842 1927 inediios
874 1888 1118 1943 prorsus
1146 1878 1204 1926 et
1232 1839 1565 1944 incognitos
1602 1868 1817 1923 Allatio
1848 1867 1985 1938 ipsi,
2018 1864 2305 1927 Fabricio,
2338 1867 2396 1917 et
2426 1857 2729 1929 Lequinio,
2764 1855 2861 1925 qui
2896 1853 2966 1906 de
3000 1848 3187 1904 sancti
3218 1845 3323 1898 viri
3356 1839 3634 1937 lucubra-

221 1964 485 2019 tionibus
518 1968 637 2017 tam
667 1967 938 2017 accurate
965 1961 1349 2032 scripserunt.
1386 1962 1582 2029 Neque
1610 1974 1746 2013 vero
1769 1958 1893 2012 hac
1932 1955 2075 2010 folia
2132 1953 2329 2008 aliena
2370 1954 2511 2005 sunt
2540 1965 2574 2002 a
2599 1946 2822 2011 codice,
2880 1941 2969 1995 vel
3010 1939 3282 2001 obtrusa;
3326 1931 3432 1987 sed
3492 1928 3633 2000 quia

222 2053 453 2109 scholia
482 2052 557 2106 ad
589 2050 903 2122 praedictos
935 2056 1139 2121 poetas
1170 2049 1470 2105 interdum
1521 2047 1883 2102 rarescentia
1927 2044 2182 2116 spatium
2213 2055 2460 2097 vacuum
2493 2037 2541 2092 si
2574 2054 2693 2091 non
2725 2030 2987 2087 universi
3042 2028 3168 2082 folii
3198 2030 3257 2079 at
3287 2022 3470 2095 partis
3501 2020 3630 2091 ejus

219 2143 501 2197 maximae
534 2140 972 2211 relinquebant,
1005 2138 1225 2193 idcirco
1258 2138 1641 2194 amanuensis
1667 2137 1884 2207 aliquis
1915 2135 2002 2189 vel
2028 2132 2247 2188 codicis
2271 2130 2548 2185 dominus
2580 2129 2878 2181 vacantem
2904 2124 3112 2174 nactus
3144 2116 3361 2177 locum,
3398 2114 3635 2165 Damas-

220 2234 352 2291 ceni
380 2234 489 2288 hos
519 2202 793 2305 hymnos,
827 2231 1041 2302 quibus
1089 2231 1385 2302 praacipue
1418 2202 1841 2298 delectabatur,
1882 2227 2008 2281 illic
2056 2225 2372 2295 descripsit
2407 2219 2673 2293 profanis
2721 2216 2964 2271 scholiis
3012 2207 3394 2278 interpositos
3430 2221 3441 2257 :
3476 2210 3533 2257 et
3578 2202 3626 2255 si

218 2322 568 2380 eorumdem
594 2322 953 2393 hymnorum
984 2325 1181 2391 partes
1211 2320 1459 2390 aliquot,
1495 2318 1795 2374 consuetis
1826 2315 2096 2371 codicum
2128 2292 2364 2369 casibus
2396 2292 2723 2382 perierunt.
2750 2310 2859 2377 Ego
2893 2303 3072 2375 igitur
3094 2304 3152 2353 et
3184 2296 3328 2351 tanti
3368 2292 3627 2348 auctoris

217 2413 486 2477 nomine,
520 2380 678 2481 quod
708 2410 770 2464 in
807 2380 1176 2481 singulorum
1208 2380 1567 2480 hymnorum
1597 2406 1786 2461 titulis
1816 2404 2182 2467 occurrebat,
2216 2408 2276 2457 et
2303 2380 2433 2471 ipsa
2460 2415 2522 2453 re
2546 2396 2893 2459 delectatus,
2922 2390 3042 2462 pati
3072 2404 3192 2442 non
3224 2383 3410 2455 potui,
3442 2385 3508 2434 ut
3538 2380 3627 2433 ha:

220 2501 574 2557 Christianas
603 2516 722 2555 non
755 2497 1177 2553 contemnendi
1209 2478 1383 2569 pretii
1406 2495 1676 2566 reliquias
1710 2495 1771 2548 in
1803 2494 2039 2549 ethnico
2072 2492 2294 2548 diutius
2327 2488 2555 2544 tumulo
2601 2486 2884 2556 dispersas
2925 2481 3215 2552 jacerent.
3264 2478 3627 2543 Hymnorum

220 2590 367 2646 ordo
400 2590 461 2644 in
511 2588 712 2644 codice
744 2587 839 2643 hic
870 2592 975 2642 est.
1016 2586 1166 2642 lfol.
1209 2562 1249 2641 ’4
1280 2591 1339 2641 et
1368 2590 1398 2639 5
1433 2604 1447 2652 ;
1506 2562 1567 2639 in
1598 2589 1866 2639 sanctum
1927 2582 2209 2638 Basilium
2268 2582 2540 2651 Magnum
2596 2578 2672 2646 (1)
2723 2575 2790 2640 lI,
2843 2571 2882 2625 f.
2934 2574 2985 2638 5,
3038 2569 3101 2621 in
3151 2569 3421 2620 sanctum
3454 2562 3624 2615 Joan-

220 2695 360 2734 nem
395 2678 881 2748 Chrysostomum
914 2676 1009 2742 IIl,
1042 2675 1083 2728 f.
1133 2676 1255 2741 107,
1306 2675 1366 2728 in
1416 2679 1686 2729 sanctum
1737 2671 2041 2727 Nicolaum
2091 2673 2440 2741 Myrensem.
2497 2667 2587 2718 1V.
2620 2664 2661 2718 f.
2709 2666 2805 2716 107
2834 2660 2893 2725 b,
2938 2660 2999 2711 in
3059 2660 3329 2711 sanctum
3388 2652 3627 2702 Petrum

220 2741 631 2839 apostolorum
691 2741 1041 2836 principem.
1102 2767 1157 2831 V,
1192 2764 1230 2818 f.
1268 2765 1389 2829 153,
1433 2764 1494 2817 in
1555 2768 1825 2817 sanctum
1886 2760 2195 2829 Georgium
2255 2762 2597 2827 martyrem,
2630 2754 2718 2817 Vl,
2752 2751 2920 2804 £172
2943 2753 3000 2801 et
3055 2746 3176 2809 173,
3236 2743 3296 2794 in
3356 2741 3627 2792 sanctum

217 2856 482 2911 Blasium
511 2870 678 2924 aeque
710 2859 1031 2924 martyrem
1065 2853 1165 2906 :in
1194 2851 1408 2922 quibus
1440 2851 1550 2905 rite
1582 2851 1654 2905 ad
1686 2852 1899 2905 Graecas
1928 2848 2180 2920 liturgiaa
2211 2825 2484 2901 normam
2515 2860 2582 2897 ac
2603 2843 2761 2913 leges
2791 2832 3224 2893 constituendis
3256 2825 3627 2883 commodam

220 2947 372 3003 mihi
404 2916 645 3017 operam
677 2916 931 3015 praebuit
959 2946 1024 2999 Β.
1058 2916 1265 2999 Petrus
1299 2944 1595 3014 Matranga
1626 2916 2103 3003 Gnaeo-Siculus:
2144 2954 2321 3009 quem
2354 2943 2412 2991 et
2441 2936 2587 2991 alias
2617 2930 2861 2987 honoris
2904 2942 3081 2982 causa
3129 2918 3441 2993 appellavi.
3477 2916 3626 2969 Sane

223 3036 459 3092 occasio
485 3035 635 3090 forte
666 3051 787 3089 non
818 3033 1024 3095 deerit,
1050 3049 1168 3103 qua
1192 3034 1299 3087 hos
1322 3032 1601 3103 pulchros
1633 3031 1887 3101 hymnos
1920 3029 2231 3085 Latinitate
2264 3026 2437 3082 simul
2459 3031 2517 3080 et
2540 3024 2752 3078 idoneo
2776 3014 3204 3075 commentario
3236 3010 3458 3063 donare
3490 3005 3624 3058 lice-

219 3126 312 3181 bit
349 3143 361 3180 :
394 3142 554 3180 nunc
584 3125 643 3178 hi
676 3129 874 3178 tamen
905 3123 997 3177 vix
1024 3097 1087 3176 iri
1107 3097 1511 3193 angulo-pleni
1535 3121 1663 3192 jam
1678 3097 2010 3173 ivoluminis
2040 3117 2325 3189 hospitari
2359 3119 2605 3186 queunt.
2638 3110 2881 3166 Interim
2912 3104 3330 3178 praedictorum
3358 3097 3627 3151 divorum

218 3215 403 3270 rebus
433 3214 632 3286 gestis,
670 3212 925 3283 scriptis,
962 3211 1287 3277 miraculis,
1321 3226 1388 3265 ac
1420 3210 1719 3280 martyriis
1754 3225 1939 3262 novus
1961 3224 2027 3262 ac
2059 3207 2174 3261 ﬁde
2204 3206 2417 3277 dignus
2449 3201 2676 3258 accedit
2724 3198 2889 3254 testis
2919 3197 3173 3250 Joannes
3205 3191 3625 3243 Damascenus.

218 3275 633 3373 Basiliivatque
655 3275 1057 3371 Chrysostomi
1088 3275 1465 3355 celebrantur
1494 3275 1786 3369 sapientia
1807 3303 1865 3351 et
1892 3297 2103 3367 pietas,
2126 3275 2347 3350 Nicolai
2384 3293 2628 3347 virtutes
2661 3296 2719 3344 et
2740 3285 3007 3359 prodigia
3029 3300 3047 3337 :
3077 3284 3285 3351 quarto
3316 3278 3376 3329 in
3408 3275 3628 3345 hymno

220 3393 372 3449 dicit
400 3392 802 3447 Damascenus
825 3388 1301 3443 commendatam
1334 3390 1504 3443 Petro
1538 3387 1860 3442 Ecclesiam
1891 3365 1923 3440 ξι
1953 3385 2206 3452 Christo,
2237 3399 2414 3454 quam
2456 3381 2557 3435 ille
2590 3377 2818 3451 egregie
2849 3374 3017 3428 navis
3050 3371 3236 3424 instar
3264 3365 3628 3438 gubernant.

223 3481 505 3553 Appellat
530 3482 775 3550 insuper
801 3481 1039 3533 Petrum
1071 3480 1270 3532 Romae
1295 3483 1568 3543 tutorem,
1599 3477 1759 3548 regni
1791 3476 2046 3530 caelestis
2078 3451 2411 3528 divitiarum
2442 3469 2767 3533 custodem,
2805 3463 2940 3519 fidei
2964 3467 3212 3533 petram,
3246 3462 3303 3511 et
3332 3451 3634 3509 catholica)

222 3544 508 3626 Ecclesiae
542 3544 781 3622 ﬁrm-um
808 3566 1283 3621 fundamentum.
1321 3566 1594 3620 Reditum
1630 3544 1865 3636 quoque
1897 3565 2164 3634 ejusdem
2200 3562 2355 3616 Petri
2391 3558 2856 3629 Hierosolymam
2887 3552 3018 3624 (sub
3040 3547 3281 3604 Claudio
3312 3544 3479 3613 imp.)
3512 3556 3636 3594 me-

219 3665 443 3723 morat,
478 3675 586 3712 nec
619 3658 747 3728 ejus
782 3656 853 3710 de
887 3657 1125 3710 Simone
1150 3658 1309 3728 Mago
1344 3656 1708 3726 triumphum
1743 3656 1965 3709 reticet.
1998 3656 2262 3725 Hymnus
2302 3652 2364 3706 in
2413 3648 2724 3719 Georgium
2766 3649 3084 3714 martyrem
3131 3654 3199 3692 eo
3230 3636 3479 3689 fortasse
3512 3636 3633 3684 stu-

216 3750 455 3806 diosius
486 3723 732 3819 legetur,
764 3745 904 3815 quia
936 3745 1049 3799 divi
1084 3723 1267 3816 hujus
1288 3723 1543 3799 historia
1570 3744 1771 3799 multis
1810 3723 2072 3798 tenebris
2103 3743 2294 3797 adhuc
2344 3746 2433 3795 est
2463 3738 2757 3793 obvoluta.
2793 3735 3055 3805 Hymnus
3087 3726 3344 3795 denique
3398 3723 3459 3775 in
3485 3736 3635 3773 mar-

213 3847 415 3913 tyrem
450 3836 711 3891 Blasium
744 3836 835 3888 vix
866 3834 1025 3888 brevi
1057 3834 1259 3905 aliqua
1288 3834 1503 3888 lacuna
1532 3833 1797 3898 laborat;
1832 3849 2014 3904 quare
2050 3832 2454 3888 continentem
2499 3833 2799 3901 gestorum
2840 3823 2969 3893 ejus
3004 3835 3071 3873 ac
3102 3814 3503 3888 prodigiorum
3538 3809 3638 3863 de-

218 3927 625 3998 scriptionem
650 3923 939 3979 videmus.
976 3923 1153 3977 Porro
1178 3923 1525 3977 Damasceni
1548 3924 1663 3977 vim
1688 3901 2255 3995 hymnographicam
2288 3937 2393 3974 cur
2422 3935 2525 3991 ego
2548 3916 2782 3971 laudem
2801 3907 3198 3984 ?jampridem
3229 3901 3591 3956 dilaudatam
3609 3914 3642 3952 a

217 3991 454 4074 Joanne
486 4012 1020 4082 Hierosolymitano
1053 4012 1185 4083 ejus
1218 4012 1539 4083 biographo
1571 4029 1699 4082 cap.
1733 3991 1793 4065 31
1831 4017 1889 4065 et
1922 3991 2113 4081 seqq,
2144 4016 2200 4065 et
2226 4028 2259 4064 a
2289 4008 2467 4064 Suida
2498 4020 2734 4078 quoque
2763 4020 2887 4057 voc.
2913 4001 3087 4055 Ἰωαν.
3120 4003 3357 4064 Δαμασκ.
3393 3991 3485 4044 his
3515 4004 3644 4042 ver—

217 4106 325 4161 bis
385 4102 806 4174 amplissimis:
859 4097 1267 4175 Συγγρᾶμματα
1326 4098 1488 4153 αὐτοῦ
1545 4100 1635 4153 καὶ
1695 4100 1747 4153 οἱ
1807 4097 2096 4172 ᾁσματικοὶ
2153 4097 2373 4158 κανόνες
2432 4091 2683 4167 ἴαμϐικοί
2736 4112 2793 4146 τι
2848 4089 2935 4144 καὶ
2993 4078 3394 4156 καταλογάδην·
3429 4078 3644 4148 οἳγοῧν

226 4190 531 4265 ᾀσματικοὶ
571 4189 789 4250 κανόνες
850 4188 1101 4243 Ἰωάννου
1131 4209 1187 4242 τε
1217 4188 1305 4242 καὶ
1365 4191 1558 4260 Κοσμᾶ
1616 4188 1896 4263 σύγκρισιν
1954 4187 2054 4242 οὐκ
2109 4185 2370 4256 ἐδέξαντο,
2405 4181 2529 4239 οὐδὲ
2593 4181 2852 4255 δέξαιντο,
2920 4178 3113 4249 μέχρις
3172 4170 3231 4224 ἂν
3266 4168 3439 4220 ὁκαθ’
3492 4167 3640 4234 ἡμᾶς

224 4279 358 4343 ϐίος
388 4281 842 4355 περαιωθήσεταιο
875 4282 1027 4334 Inter
1072 4282 1302 4334 Joannis
1347 4283 1555 4350 scripta
1610 4256 1819 4335 nuinei't

2047 4282 2364 4332 :anticorum
2417 4289 2670 4339 canones,
2705 4280 2814 4325 tum
2870 4264 3067 4322 iambis
3116 4268 3228 4315 tum
3259 4261 3423 4313 etiam
3462 4256 3642 4309 solum

221 4375 485 4430 oratione
513 4372 726 4440 scripti.
762 4372 836 4424 Hi
879 4371 1216 4424 canticorum
1246 4386 1499 4437 canones,
1533 4376 1643 4423 tam
1668 4371 1899 4424 Joannis
1930 4385 2095 4438 quam
2144 4368 2343 4423 Cosme
2373 4365 2584 4418 nullam
2628 4378 2746 4415 cum
2778 4360 3013 4413 aliorum
3058 4354 3212 4423 paris
3245 4349 3455 4418 generis
3504 4347 3636 4399 scri-

211 4466 341 4535 ptis
375 4462 842 4531 comparationem
871 4475 1116 4529 unquam
1146 4459 1507 4525 admiserunt,
1540 4475 1713 4528 neque
1742 4458 2052 4523 admittent,
2086 4456 2335 4526 quandiu
2366 4454 2647 4507 hominum
2674 4449 2791 4505 vita
2816 4446 3058 4502 durabit.

1830 4609 2051 4664 ΝΟΤιΕ.

305 4738 380 4807 (1)
402 4736 685 4815 _Diversus
717 4734 892 4815 plane
923 4734 1020 4787 hic
1045 4738 1141 4815 est
1168 4735 1427 4815 hymnus
1470 4733 1542 4789 ab
1575 4733 1691 4815 alio
1726 4734 1885 4815 ejus—
2000 4731 2569 4815 multiplicabantur.
2607 4760 2669 4815 τι
2703 4729 2847 4815 Haec,
2881 4727 2943 4815 in
2978 4726 3114 4815 1299
3149 4723 3409 4815 pprgilf‘ato
3463 4720 3647 4815 refert

305 4751 380 4807 (1)
416 4751 685 4791 Uiversus
717 4751 892 4815 plane
925 4751 1020 4787 mc
1053 4751 1141 4787 esr
1168 4751 1427 4858 ngmnus
1470 4751 1542 4789 an
1575 4751 1691 4788 auo
1726 4751 1885 4803 ejus—
2000 4751 2569 4804 muulpllcaoantur.
2607 4760 2669 4769 -—-
2704 4751 2835 4783 nam
2882 4751 2943 4781 ιιι
2986 4751 3114 4781 ιυυυ
3170 4751 3409 4794 μι-ευιαιυ
3464 4751 3641 4774 mm

220 4810 370 4894 dein
400 4810 747 4894 Damagcem
783 4823 843 4859 in
894 4810 1164 4894 sanctum
1250 4806 1509 4887 asilium,
1540 4806 1638 4887 qui
1674 4805 1889 4876 legitur
2000 4809 2140 4860 Anc.
2172 4807 2279 4858 ΜΑι
2309 4820 2320 4855 :
2355 4827 2400 4894 α’
2430 4804 2493 4855 In
2526 4800 2729 4891 cod’ice
2780 4799 3103 4894 [Val.£225]
3146 4796 3184 4849 f.
3221 4799 3344 4894 ἳξὶοί
3385 4794 3600 4865 legitur
3629 4808 3641 4845 :

1441 4884 1474 4894 ,.
1761 4893 1766 4894 ,
1814 4877 1828 4894 ι
2009 4884 2020 4894 .
2302 4875 2312 4888 ι
2469 4876 2530 4894 _~
2609 4884 2678 4894 μ.-
2741 4872 2827 4894 ,ξη
2898 4892 2924 4894 ._
2965 4890 3054 4894 -.μμ
3116 4866 3246 4894 n.._.'
3294 4886 3313 4894 -
3346 4885 3402 4894 Α..
3431 4862 3614 4894 η....,.ζ...

220 4883 299 4963 in.
323 4883 545 4963 Menam
573 4880 905 4963 Graecorum
930 4876 1398 4963 die‘t'Japuarii,
1426 4862 1679 4948 et’cujus
1712 4862 1811 4931 ver

2044 4875 2353 4963 ap‘acxrjvo:
2385 4872 2433 4927 ἐν
2467 4876 2544 4940 τῷ
2603 4870 2679 4931 εἷς
2739 4862 2829 4923 τὸν
2896 4868 3054 4941 μέγαν
3088 4862 3402 4953 ’Βασίλείον
3431 4862 3639 4929 δίανόνι,

2352 4946 2362 4960 ς
2513 4947 2537 4956 ~
2605 4947 2642 4963 η
2690 4962 2701 4963 γ
2759 4944 2768 4956 ι
2859 4942 2869 4963 ς
2912 4941 3031 4963 up,
3121 4959 3204 4963 --μῄ
3267 4941 3358 4963 __:
3421 4935 3548 4963 νςλπ
3581 4934 3639 4963 -ὶ.

216 4934 457 5035 aliquot
498 4950 891 5035 recitavimus,
916 4954 981 5030 .t.
1038 4949 1124 5002 VI.
1167 4949 1362 5035 'Praaf.'
1389 4934 1457 5020 'p.
1633 4948 1781 5035 sane

2047 4934 2174 5001 ῗδξὼν
2231 4934 2386 5021 (inci,
2444 4934 2542 4998 τοῧ
2602 4944 2807 5016 Πατρὸς
2852 4934 3058 5007 δ’Υἱῦς,
3121 4937 3207 4991 καὶ
3267 4941 3363 4989 τοῦ
3421 4935 3551 4987 Υἱοῦ
3581 4934 3642 4987 τὸ

2105 5023 2131 5033 ~
2282 5022 2317 5035 η
2461 5034 2467 5035 ,
2491 5034 2495 5035 ,
2521 5034 2527 5035 ,
2556 5032 2634 5035 ,A,n
2677 5019 2724 5035 L-
2783 5032 2867 5035 ,μη
2889 5032 2975 5035 __-_
3012 5012 3299 5035 14----‘_-...'-\
3352 5010 3411 5035 Jn
3441 5024 3642 5035 ηνιηιιιιιη

220 5024 499 5097 ejusdem
524 5038 679 5092 saepe
711 5020 963 5076 oratoris
987 5021 1330 5097 complures
1350 5010 1638 5097 homilias
1664 5019 1734 5097 de
1766 5036 1886 5097 uno
1997 5010 2636 5097 1Jv26_na"Damascenus
2672 5010 2729 5069 in
2770 5032 2977 5069 canone
3010 5012 3300 5081 (tropario)
3347 5010 3411 5090 de
3441 5024 3643 5075 magno

223 5080 563 5172 eodemque
595 5080 942 5172 argumento
979 5080 1297 5172 velsancto
1332 5093 1452 5145 viro
1486 5092 1547 5146 in
1578 5091 1747 5172 libris
1779 5092 1884 5172 ha-
1995 5080 2205 5172 Basilio
2225 5093 2317 5172 ait
2342 5086 2955 5172 :himagohestnpatris
3008 5080 3211 5148 Filius,
3260 5080 3391 5136 Filii
3441 5087 3640 5133 autem

225 5160 484 5248 bemus;
515 5160 691 5236 prout
746 5180 948 5248 a‘nnua
996 5163 1343 5248 solemnitas
1387 5161 1748 5245 recurrebat,
1802 5163 1887 5218 sic
1996 5166 2189 5237 imago
2224 5162 2495 5233 Spiritus.
2526 5182 2552 5209 ››
2584 5162 2681 5213 Ec.
2716 5160 2957 5213 Puaor.

225 5239 440 5311 hymni
470 5234 708 5308 quoque
734 5235 808 5289 ob
842 5234 1113 5290 eamdem
1147 5234 1613 5290 anniversariam
1644 5251 1885 5290 causam
