4040 6204
471 272 603 329 1371
1986 295 2066 345 Al?

2178 298 2348 353 ‘NDA.
3666 320 3773 376 1372

467 406 2873 447 Μ

2878 440 2907 445 _
2980 442 3001 443 γέ
3040 441 3125 447 νγ...
3164 441 3433 451 -——_—_—-...
3464 446 3521 453 γ,-

1147 561 1679 662 JOANNIS
1744 569 2333 669 MONACHI
2398 579 2830 679 HYMNI
2898 585 3177 681 SEX-

1954 781 2369 796 ᾖ

724 990 732 998 .
950 954 1248 1009 JOANNIS
1295 956 1627 1011 MONACHI
2136 944 2190 1011 A
2702 952 3003 1008 IQANNor
3053 955 3385 1013 MONAXOI‘

710 1041 995 1096 HYMNUS
1037 1043 1106 1096 IN
1156 1043 1479 1097 SANCTUM
1522 1045 1870 1100 BASILIUM.

2400 1037 2634 1091 ΚΑΝΩΝ
2674 1041 2787 1095 ΕΙΣ
2832 1044 2977 1097 TON
3020 1046 3232 1101 APION
3275 1050 3646 1118 summos,

470 1128 855 1211 Cujus-prima“:
883 1130 1092 1211 litterae
1123 1149 1139 1185 :
1167 1132 1447 1211 Cantibus
1470 1149 1929 1211 canomagnum
1952 1136 2065 1192 Bas

2218 1119 2295 1180 Οὖ
2327 1126 2360 1191 ὴ
2394 1123 2741 1211 ἀκροστιχίςο
2784 1131 3063 1211 Ζᾼσσμασιν
3094 1130 3264 1211 jam.
3293 1134 3557 1211 Βασιλειον
3608 1140 3682 1191 τὸν
3708 1143 3782 1211 μὲ-

612 1196 779 1255 lium.
816 1202 926 1257 Ode
962 1206 1009 1270 l,
1041 1204 1217 1258 Sanus
1266 1203 1345 1273 pl.
1394 1208 1444 1256 2.
1492 1206 1660 1259 Maris
1690 1196 1965 1274 ﬂuvctibus.

2350 1196 2475 1268 γαν,
2498 1196 2744 1273 ’ῼδή”Α’·
2956 1202 3051 1257 πλ.
3192 1204 3401 1276 Κῦματι
3430 1207 3684 1278 θαλάσσης.

540 1307 625 1360 ΑΙ)
658 1308 793 1363 altis
818 1309 982 1364 calis
1015 1309 1300 1381 despicito
1320 1327 1447 1375 nos,
1482 1310 1746 1366 divinum
1773 1314 2115 1369 honestum-

2289 1302 2589 1375 Οὐρανόθεν
2646 1310 2735 1382 ἀφ’
2782 1308 2954 1382 ὕψους
3014 1313 3161 1381 ἡμᾶς
3220 1312 3542 1382 ἐποπτεῦοις,
3586 1318 3681 1378 θεία
3723 1324 3785 1373 καὶ

470 1413 583 1466 que
611 1402 667 1450 et
699 1414 932 1452 sacrum
956 1406 1168 1470 caput;
1201 1405 1582 1470 mentemque
1614 1418 1801 1473 regas,
1837 1419 1904 1457 ac
1934 1403 2065 1458 vitai

2217 1393 2454 1465 πάντιμε
2514 1396 2602 1449 καὶ
2652 1397 2770 1472 ἱερά
2818 1397 3053 1474 κεφαλή·
3106 1402 3193 1455 καὶ
3246 1403 3575 1466 κατευθύναις
3618 1407 3693 1460 τὸν
3716 1407 3788 1462 λόο

470 1491 736 1540 nostram
761 1502 994 1557 semper
1018 1486 1091 1541 ad
1124 1486 1411 1557 optimum
1447 1487 1683 1560 dirigas.

2219 1502 2337 1556 γον,
2384 1484 2473 1537 καὶ
2525 1486 2615 1539 τὸν
2676 1485 2795 1559 βίον
2852 1489 2943 1542 τὸν
2994 1490 3257 1565 ἡμέτερον
3315 1489 3568 1565 διεξάγοις
3615 1495 3789 1551 πάντοτι

2219 1573 2355 1648 πρὸς
2382 1573 2445 1627 τὸ
2476 1572 2939 1651 λυσιτελέστερον.

543 1664 623 1716 Tu
680 1663 1111 1732 indesinenter,
1170 1670 1235 1720 ut
1284 1666 1522 1733 Paulus,
1580 1667 1790 1723 avebas
1849 1671 2113 1741 corporis

2294 1669 2367 1716 Συ
2397 1665 2533 1718 κατὰ
2561 1666 2655 1719 τὸν
2685 1665 2903 1722 Παῦλον
2942 1669 3040 1735 τήν
3088 1668 3375 1743 ἱπιθυμίαν
3424 1677 3519 1740 τῆς
3548 1671 3791 1737 ἀναλύσεως

474 1751 617 1806 solvi
650 1753 939 1807 vinculis:
983 1753 1262 1809 benevole
1295 1771 1450 1823 vero,
1484 1762 1549 1810 ut
1592 1756 1827 1829 benigni
1861 1759 1959 1813 Dei
1992 1776 2069 1814 se]

2221 1753 2367 1827 εἶχες
2399 1750 2703 1808 ἁνὲνδοτον·
2755 1756 2818 1809 τὸ
2862 1758 2931 1827 τῇ
2965 1757 3119 1829 σαρκὶ
3152 1755 3210 1811 δὲ
3239 1758 3555 1832 προσμένειν
3587 1758 3647 1814 δι’
3684 1765 3793 1835 ἡμᾶς

478 1856 599 1906 vus,
626 1842 976 1897 existimasti
1008 1844 1213 1898 utilius
1243 1850 1445 1900 nostra
1474 1862 1653 1901 causa
1682 1847 1743 1901 in
1770 1863 1945 1903 carne
1977 1865 2073 1919 per

2221 1843 2639 1916 ἀναγκαιότερον
2691 1844 3094 1920 φιλανθρώπως
3146 1842 3383 1921 ἔκρινας,
3430 1850 3500 1910 ὡς
3540 1848 3708 1912 δοῦλος
3733 1875 3792 1923 φι-

474 1946 729 1987 manere.

2222 1931 2548 2005 λανθρώπου
2574 1930 2725 1989 Θεοῦ.

547 2024 787 2094 Magnus
800 2022 859 2076 in
884 2023 1066 2094 signis
1078 2022 1482 2095 prodigiisque
1496 2024 1651 2079 visus
1671 2042 1732 2079 es
1749 2042 1761 2079 :
1785 2026 1938 2082 facta
1955 2027 2117 2082 enim

2294 2023 2480 2096 Μέγας
2529 2020 2579 2075 ἐν
2641 2022 2891 2094 σημείοις
2948 2023 3288 2098 καὶτάρασιν
3347 2021 3546 2102 ὤφθης·
3600 2034 3681 2082 τοῦ
3725 2032 3794 2103 γὰρ

473 2112 799 2167 reverenda
830 2112 1199 2166 invocatione
1222 2114 1351 2183 ejus
1384 2114 1480 2184 qui
1524 2130 1708 2168 areas
1757 2116 1875 2169 orci
1918 2123 2068 2187 porta

2221 2110 2513 2185 τρίψοντος
2554 2110 2729 2173 πύλας
2774 2116 2871 2165 τοῦ
2930 2108 3061 2183 ᾅδου
3112 2112 3330 2187 χαλκᾶς
3379 2119 3445 2188 τῇ
3495 2111 3676 2191 φοϐερᾷ
3712 2116 3794 2172 tm-

471 2201 779 2273 confregit,
812 2206 871 2255 tu
913 2201 1103 2255 ferrea
1152 2201 1433 2272 repagula
1484 2202 1829 2267 contudisti,
1881 2220 2066 2276 quoqt

2222 2198 2415 2270 κλήσει
2471 2198 2732 2275 σιδηροῦς
2796 2202 3051 2275 μοχλοῦς
3107 2202 3463 2271 ωνὲθλασας,
3516 2206 3597 2258 καὶ
3640 2212 3800 2267 πιστοῖς

468 2289 769 2345 interdicti
801 2291 1035 2344 fuerant
1064 2288 1351 2361 templum
1376 2290 1650 2346 fidelibus
1672 2293 2004 2349 restituisti.

1550 2291 1650 2345 bus
1672 2293 2004 2349 restituisti.
2148 2300 2193 2364 Β
2222 2284 2507 2352 ἀπέδωκας
2535 2291 2661 2343 ναὸν
2694 2292 2753 2345 ὃν
2784 2290 3145 2365 ἀφῃρέθησαν.

541 2379 822 2433 Cantibus
861 2378 1075 2433 divinis
1121 2378 1453 2433 divinorum
1503 2381 1851 2452 angelorum
1883 2388 2115 2453 oporte-

2292 2384 2559 2451 ’ᾼγμασιν
2605 2378 2798 2441 ἀύλοις
2854 2378 3037 2435 ἀύλων
3095 2380 3353 2455 ἀγγὲλων
3392 2380 3497 2437 ἔδει
3527 2385 3799 2458 γεραίρεσθαι

469 2467 571 2523 bat
601 2466 713 2522 coli
744 2472 921 2537 atque
950 2468 1222 2522 coronari
1255 2473 1416 2523 tuam
1455 2470 1781 2541 angelicam
1828 2472 2028 2539 vitam,
2061 2499 2064 2519 ι

2215 2471 2305 2526 καὶ
2357 2470 2776 2547 καταστὲφισθαί
2828 2491 2928 2524 σου
2959 2472 3050 2525 τὸν
3086 2469 3383 2545 ῗσάγγελον
3444 2473 3577 2547 βίον,
3629 2474 3796 2540 καίτήν

471 2557 532 2611 in
563 2557 813 2611 materia
846 2557 1110 2611 materia
1144 2564 1465 2627 expertem,
1500 2575 1679 2630 quam
1711 2560 1771 2614 in
1804 2561 1896 2615 his
1942 2567 2063 2616 terr

2216 2558 2382 2615 ἄϋλον
2415 2560 2467 2614 ἐν
2500 2558 2809 2634 ὕλῃζζωὴν,
2842 2559 2907 2628 ἢν
2941 2557 2994 2613 ἐν
3023 2563 3093 2635 γῇ
3125 2562 3493 2636 κατώρθωσας
3523 2562 3591 2625 ὡς
3619 2560 3800 2636 ἄγγελος

470 2646 686 2701 duxisti
720 2662 839 2701 non
866 2644 1038 2700 aliter
1066 2646 1141 2701 ac
1160 2646 1459 2701 terrestris
1490 2649 1754 2720 angelus.

873 2644 1038 2700 aliter
1066 2646 1141 2701 ac
1160 2646 1459 2701 terrestris
1490 2649 1754 2720 angelus.
2215 2647 2468 2724 ἐπίγειος.

538 2738 807 2806 Deiparae.
853 2767 923 2777 -
968 2738 1041 2790 Te
1100 2735 1516 2807 praﬂgurabat
1594 2737 1695 2792 ille
1768 2756 1874 2810 per
1948 2756 2110 2795 mare

2285 2737 2593 2793 Θεοτόκιον.
2630 2770 2694 2779 -
2738 2737 2807 2791 Σὲ
2854 2737 3264 2814 προεζωγράφει
3316 2741 3351 2808 ἠ
3405 2737 3455 2793 ἐν
3497 2743 3561 2813 τῇ
3607 2736 3794 2809 θαλάσσῃ

467 2826 754 2879 transitus
784 2824 1013 2894 antiqui
1039 2823 1213 2878 Israel
1247 2840 1259 2891 ;
1295 2840 1432 2879 nam
1464 2826 1771 2881 immadidi
1802 2828 2062 2883 madidm

2211 2826 2382 2894 ἐκείνη
2454 2822 2700 2889 διάϐασις
2766 2830 2865 2880 τοῦ
2922 2825 3162 2880 παλαιοῦ
3248 2827 3495 2901 Ἰσραήλ’
3573 2827 3653 2880 καὶ
3721 2826 3794 2899 vi;

464 2914 715 2971 fundum
747 2917 1156 2986 peragrarunt,
1191 2913 1344 2966 sicut
1376 2914 1504 2968 sine
1542 2914 1674 2969 labe
1698 2918 2043 2988 concepisti,

2211 2915 2415 2977 ἐκεῖνος
2436 2911 2694 2990 ἆϐρὸχως
2724 2917 2815 2970 τὸν
2850 2916 3009 2990 ὑγρὸν
3057 2917 3218 2991 βυθὸν
3254 2916 3552 2985 ἐπέζευσεν,
3583 2917 3649 2977 ὡς
3692 2915 3794 2986 ιῦτῇ

472 3004 640 3073 Virgo
671 3003 1071 3059 immaculata.

2208 3008 2536 3081 γεγέννηκας
2566 3008 2840 3081 ἀσπορως,
2872 3007 3228 3080 ὑπεράμιυμε.

911 3111 1021 3167 Ode
1049 3113 1148 3166 ΙΙΙ.
1184 3113 1247 3167 Te
1275 3128 1439 3183 super
1468 3128 1655 3182 aquas.

2603 3111 2732 3193 ’ῼδὴ
2765 3114 2836 3169 Γ“.
2873 3113 2941 3167 Σὲ
2971 3117 3078 3167 τῶν
3113 3113 3200 3168 ἐπὶ
3236 3112 3472 3171 ὑδάτων.

538 3200 608 3255 Ut
637 3216 878 3270 caperes
911 3205 1098 3254 totum
1131 3207 1347 3255 sancta
1378 3202 1680 3256 Trinitatis
1704 3200 2103 3273 splendorem,

2283 3203 2419 3277 [Ἵνα
2451 3205 2510 3277 χ]
2543 3205 2761 3277 ωρήσῃς
2821 3204 2897 3276 (1)
2952 3202 3088 3272 ὅλην
3116 3204 3214 3271 τήν
3265 3202 3543 3276 ἔλλαμψιν
3575 3210 3661 3271 τῆς
3686 3202 3798 3274 ἄγξας

464 3296 565 3345 tuo
588 3292 786 3345 animo
822 3290 1101 3345 omnibus
1133 3292 1385 3346 terrenis
1432 3291 1884 3363 cogitationibus
1928 3293 2059 3347 inte‘

2210 3289 2462 3369 Τριάδος,
2496 3291 2767 3367 ἐχώρισας
2824 3292 2914 3345 τὸν
2957 3296 3079 3346 νοῧν
3113 3313 3210 3347 σου
3242 3292 3423 3364 πάσης
3480 3290 3697 3353 ὑλώδους
3732 3290 3797 3362 ἒμ-

463 3382 662 3437 dixisti
690 3399 702 3449 ;
737 3382 895 3436 hunc
912 3382 1227 3437 virtutibus
1258 3381 1513 3437 reddens
1536 3381 1916 3455 splendidum
1948 3383 2058 3438 velt

2212 3384 2465 3459 φάσεως·
2528 3382 2740 3456 ἀρεταῖς
2802 3376 3139 3443 ἐστίνεϐωσας
3197 3387 3396 3437 τοῦτον
3457 3383 3529 3443 ὡς
3594 3380 3794 3454 ἔσοπτρον

462 3472 690 3527 clarum
722 3472 1228 3543 purissimumque
1275 3472 1604 3543 speculum.

1365 3472 1604 3527 Eculum.
2213 3469 2425 3546 διαυγὲς
2447 3471 2534 3525 καὶ
2556 3470 2960 3543 καθαρώτατον.

534 3563 607 3616 Te
636 3561 889 3617 alterum
927 3563 1123 3617 Mosen
1176 3560 1389 3633 adepta
1419 3569 1508 3616 est
1563 3561 1734 3617 turba
1782 3563 2103 3617 monacho-

2282 3561 2418 3617 Νέον
2449 3563 2505 3614 σὶ
2536 3559 2763 3614 Μωϋσέα
2820 3558 3089 3633 εὐτυχησι
3133 3564 3244 3614 τῶν
3283 3566 3565 3631 μοναστπν
3618 3560 3671 3613 τὸ
3718 3556 3795 3611 σιξ-

464 3667 638 3705 rum:
683 3655 814 3705 tuos
858 3667 1163 3705 sermones
1202 3650 1448 3721 perinde
1479 3666 1547 3705 ac
1596 3650 1823 3705 divinas
1872 3651 2059 3723 regula

2214 3670 2333 3728 φος·
2357 3648 2484 3710 τοὺς
2513 3648 2644 3709 σοὺς
2678 3648 2835 3704 αὐτοὶ
2880 3647 3078 3723 λόγους
3136 3650 3210 3710 ὡς
3267 3651 3451 3713 θείους
3478 3649 3664 3721 νόμους
3707 3666 3797 3701 κστ-

463 3740 745 3807 retinent,
796 3746 977 3809 utque
1025 3740 1306 3795 Mosaicas
1357 3739 1586 3795 tabulas
1622 3746 1723 3796 tua
1766 3740 1985 3812 scripta
2031 3740 2058 3795 d

2213 3738 2420 3815 ἔχουσι’
2458 3740 2752 3801 Μωσαϊκάς
2822 3739 2896 3800 ὡς
2952 3736 3165 3801 πλάκας
3226 3734 3284 3792 δὶ
3342 3738 3411 3793 τά
3468 3737 3800 3814 συγγράμματα

466 3830 722 3886 ascetica
744 3828 879 3883 vita.

2211 3830 2275 3883 τά
2306 3830 2440 3903 πρὸς
2474 3833 2697 3897 άσκησιν
2731 3826 3044 3901 ἀλείφοντα.

534 3920 671 3973 sine
703 3918 993 3990 principio
1026 3921 1280 3983 Patrem,
1314 3925 1492 3990 atque
1526 3920 1760 3985 Filium.
1804 3926 2104 3975 sanctum-

2285 3919 2557 3992 Ἀναρχον
2610 3917 2702 3972 τὸν
2764 3917 2995 3992 Πατέρα,
3057 3916 3401 3992 συνανάρχον
3458 3917 3544 3971 τὸν
3592 3911 3801 3979 Titinia!

464 4027 576 4081 que
609 4009 891 4081 Spiritum
924 4008 1332 4079 pradicavisti,
1368 4014 1424 4065 et
1453 4010 1524 4064 de
1550 4027 1671 4065 una
1700 4011 1879 4065 trium
1911 4027 2059 4082 pers«

2213 4008 2275 4063 τὸ
2308 4012 2525 4079 Πνεῦμα
2576 4005 2858 4080 ἐκήρυξας·
2921 4006 3011 4060 καὶ
3077 4007 3202 4079 μίαν
3263 4012 3376 4061 τῶν
3408 4010 3566 4082 τριῶν
3620 4001 3800 4059 ὑποστά·

464 4116 675 4156 narum
709 4099 1200 4154 consubstantiali
1221 4099 1523 4155 divinitate
1554 4098 1887 4155 disseruisti
1915 4118 1927 4167 ;
1951 4117 2059 4155 unt

2215 4117 2348 4152 σεων
2411 4097 2630 4173 ὁμοφυῆ
2690 4096 2917 4165 θεότητα
2973 4092 3336 4169 ὲθεολόγησα’
3399 4096 3471 4157 εἷς
3530 4092 3799 4167 Θεὸςγᾶρῆ

466 4192 627 4245 enim
661 4191 814 4244 Deus
845 4194 935 4245 est
955 4195 1159 4244 sancta
1188 4190 1459 4244 Trinitas.

962 4195 1159 4244 sancta
1188 4190 1459 4244 Trinitas.
2214 4184 2338 4263 ἁγία
2369 4186 2557 4260 Τριάς.

539 4278 892 4335 Orthodoxis
932 4278 1108 4333 fidem
1158 4278 1552 4333 corroborasti
1586 4279 1943 4351 sapientium
1966 4296 2106 4350 apo-

2288 4275 2473 4331 ῙῘίστιν
2530 4269 2835 4346 ὁρθοδόξοις
2898 4273 3183 4348 ἑκράτυνας
3243 4279 3353 4328 τῶν
3408 4278 3578 4350 σοφῶν
3623 4269 3804 4326 ἀποστό-

467 4369 792 4434 stolorum;
829 4383 1079 4437 quorum
1110 4367 1591 4439 pradicationem
1623 4368 1824 4440 impiis
1871 4368 2062 4424 vocibt

2216 4363 2348 4421 λωψ
2384 4366 2445 4419 τὸ
2489 4360 2753 4439 ’κήρυγμα
2799 4360 2857 4417 δὲ
2885 4367 3047 4417 τοῦτο
3085 4363 3195 4424 τᾶἷς
3225 4364 3495 4425 ἀντιθέοις
3546 4361 3800 4436 κηρύγμασι

465 4459 867 4529 impugnatam
891 4455 1240 4520 obﬁrmasti,
1273 4473 1304 4510 ο
1329 4455 1526 4511 Basili.

2215 4451 2684 4528 πολιορκούμενον
2716 4450 3145 4527 κατωχύριυσας,
3179 4452 3455 4510 Βασίλειε.

534 4554 880 4621 Deipara.~—
905 4548 1225 4620 Splendida
1256 4548 1405 4603 lucis
1434 4549 1624 4603 nubes
1656 4566 1724 4604 ex
1754 4549 1873 4604 iliis
1905 4550 2041 4617 tuis,
2074 4567 2106 4605 ο

2289 4545 2597 4600 Θεοτόκιον.
2634 4549 2783 4598 -Ἠ
2840 4547 2937 4598 τοῦ
3003 4544 3181 4621 φωτὸς
3238 4542 3442 4615 νεφὲλη
3506 4538 3738 4595 ἀνέτειλεν
3762 4536 3799 4586 ἐι

470 4644 659 4713 Virgo,
714 4639 1017 4694 suscitavit
1064 4638 1251 4692 solem
1300 4637 1522 4707 gloria,
1570 4638 1986 4709 splendoribus
2016 4639 2065 4693 in

2218 4632 2466 4709 λαγόνων
2525 4654 2642 4699 σου,
2699 4632 2872 4707 Κόρη,
2930 4632 3024 4686 τὸν
3074 4631 3237 4701 ἥλιον
3295 4640 3399 4701 τῆς
3459 4630 3629 4701 δόξης,
3658 4627 3799 4713 αὐγαῖς

468 4711 680 4788 creata
740 4729 1084 4794 divinitatis,
1144 4726 1308 4781 omni
1370 4733 1653 4782 creatura
1700 4733 2063 4799 apparentem

2220 4723 2476 4777 ἀκτίστου
2532 4722 2789 4788 θεότητος
2824 4766 2837 4791 ,
2896 4742 3041 4794 πασῃ
3096 4725 3164 4795 τῇ
3222 4723 3400 4791 κτίσει
3458 4720 3693 4798 φανέντα,
3738 4711 3797 4767 iu?

466 4819 856 4889 fraudemque
896 4815 1217 4887 impietatis
1248 4815 1573 4870 tollentem.

2220 4811 2547 4887 ἀφανίσαντα
2574 4812 2673 4880 τὴν
2707 4811 2915 4880 ἀπάτην
2946 4818 3043 4880 τῆς
3075 4810 3397 4881 ἀθεότητος.

862 4926 973 4980 Ode
1018 4925 1111 4980 IV.
1146 4924 1377 4977 Audiuit
1395 4939 1708 4993 perversus.

2613 4915 2739 4996 ᾩδή
2773 4923 2842 4973 Δ⁹.
2869 4918 3130 4987 Ἀκήκοεν
3156 4919 3182 4972 ὁ
3207 4918 3472 4991 πονηρός.

538 5014 1046 5084 Quemadmodum
1065 5014 1224 5086 regio
1252 5013 1432 5084 pallio
1464 5012 1614 5067 sacri
1638 5012 1925 5067 sacerdoti
1950 5014 2109 5069 chla-

2296 5007 2578 5066 Βασίλειον
2632 5008 2706 5068 ὡς
2740 5004 3001 5081 χλαμύδα
3058 5008 3157 5073 τῆς
3213 5006 3360 5071 θείας
3419 5003 3693 5081 ἱεριυσῦνης
3736 4996 3800 5063 Ti“

465 5111 636 5181 myde
686 5109 927 5164 indutus
985 5110 1159 5175 atque
1227 5109 1457 5159 erectus
1515 5104 1841 5173 apparuisti
1906 5121 2060 5159 cora]

2219 5094 2480 5153 διπλοῖδα
2520 5091 2962 5168 ἁναϐεϐλημένον
3024 5116 3080 5149 σε
3128 5096 3213 5148 καὶ
3249 5091 3437 5161 ὄρθιον
3492 5091 3796 5159 ἀνεστήλωιης

465 5180 785 5263 tribunali;
815 5198 941 5251 visu
981 5195 1247 5249 turbatus
1294 5194 1424 5259 fuit,
1459 5193 1518 5247 in
1577 5192 1749 5247 corde
1800 5194 2060 5264 perculsm

2217 5189 2376 5245 αὑτὸν
2410 5188 2517 5261 πρὸ
2545 5190 2643 5241 τοῦ
2764 5206 2931 5258 ματος
2964 5228 2979 5252 ,
3034 5181 3165 5238 ἱδὼν
3227 5182 3520 5252 διεσείσθη,
3550 5181 3632 5241 τὰς
3660 5180 3796 5251 φρένας

464 5287 577 5340 fuit
608 5287 1055 5341 crudelissimus
1088 5284 1431 5354 imperator.

2219 5278 2486 5351 ἐξεπλάγη
2526 5274 2781 5351 βασιλεὺς
2809 5275 2836 5328 ὁ
2868 5274 3245 5345 ἀνομώτατος.

538 5376 791 5430 Audenti
824 5376 1075 5446 Spiritus
1108 5372 1294 5428 sancti
1340 5376 1615 5426 naturam
1660 5372 1914 5427 maxime
1942 5388 2111 5426 vene-

2293 5369 2453 5423 Κάτω
2487 5367 2587 5433 τὴν
2612 5360 3055 5442 φρικωδεστάτην
3109 5366 3205 5417 τοῦ
3261 5368 3572 5435 Πνευματος
3616 5354 3792 5449 Euenit

466 5464 713 5519 randam
771 5481 1008 5535 negare,
1043 5470 1105 5518 tu
1144 5462 1249 5517 tibi
1280 5462 1405 5533 ipse
1446 5460 1600 5515 male
1658 5461 1885 5532 precari
1917 5459 2061 5515 susti

2222 5478 2365 5533 φημι
2414 5459 2510 5509 τοῦ
2567 5453 2768 5530 ἁγίου,
2828 5456 3035 5524 σεαυτῷ
3091 5449 3392 5528 ἐθαρῥησας
3447 5449 3718 5524 ἀράσασθαι·
3764 5461 3791 5491 ει

536 5646 612 5717 (ί)
644 5641 747 5697 Hic
780 5644 837 5695 et
865 5639 1006 5695 alibi
1037 5640 1268 5697 codices
1298 5638 1527 5714 pagina
1559 5638 1746 5695 cuitro
1779 5638 2098 5695 decurtata
2129 5635 2567 5708 aliquantulum
2618 5634 2879 5691 fuerunt.
2907 5631 3121 5688 Confer
3168 5637 3369 5687 tamen
3413 5629 3578 5698 infra,
3615 5644 3663 5697 p.
3704 5624 3787 5676 719·
