4044 6218
286 306 429 363 1373

1520 311 1820 364 HYMNUS
1856 310 1932 365 IN
1966 313 2026 366 8.
2066 314 2426 372 BASILIUM.

3551 331 3687 386 1374

286 428 362 499 μὴ
399 432 643 491 συνπτῶς
679 428 812 502 μετὰ
862 430 1070 505 Πατρὸς
1121 430 1211 485 καὶ
1242 430 1370 484 Υίοῦ
1402 431 1476 491 ὡς
1525 429 1678 506 φύσει
1724 430 1905 504 ὁμότι·

2043 435 2247 506 nuisti,
2281 440 2396 495 nisi
2427 445 2848 501 convenienter
2896 464 3030 503 cum
3084 451 3253 504 Patre
3303 456 3360 504 et
3417 452 3559 507 Filio
3616 458 3683 509 ut

284 538 390 589 μον
415 517 519 592 [λέ]
556 538 620 592 γο
661 518 839 582 ιςαύτὸ
869 520 931 574 τὸ
963 523 1182 593 Πνεῦμα
1210 521 1300 574 καὶ
1341 520 1413 581 ὡς
1446 518 1772 593 ὁμοούσιον.

357 693 567 774 Σοφίας
593 697 680 752 καὶ
742 695 1053 771 ἐπιστήμης
1111 696 1351 772 ἐκράτεις
1404 696 1485 771 τῷ
1519 698 1763 773 περιόντι
1817 703 1925 753 τῶν

284 786 627 861 μετεχόντων
653 792 754 856 τῆς
784 787 956 857 αὐτῆς
987 786 1232 849 παιδείας
1270 788 1355 858 σὺ,
1390 786 1662 844 Βασίλειε·
1696 791 1792 841 σοῦ
1824 787 1926 863 γὰρ

280 877 421 951 πρὸς
448 878 541 932 τὸν
575 874 779 952 δρόμον
812 878 900 933 καὶ
960 879 1051 934 τὸν
1104 879 1305 951 τρόπον
1366 878 1519 933 αὐτοὶ
1572 878 1729 949 πεζοὶ
1781 880 1926 954 παρά

276 963 480 1022 Λύδιον
506 968 656 1042 ἅρμα
684 965 903 1024 ἐδόκουν
931 970 1169 1045 τρέχειν,
1200 969 1296 1024 κᾶν
1318 967 1629 1045 συντρέχειν
1656 963 1849 1041 ᾤοντο.

356 1147 560 1209 Ἰθόνας
584 1147 763 1221 ὥσπερ
821 1146 1029 1204 ὁλκάδα
1059 1147 1246 1212 δεινῶς
1294 1147 1773 1222 κλυδωνιζομένην
1820 1151 1922 1219 τὴν

277 1235 607 1307 Ἐκκλησίαν
638 1242 716 1309 τῷ
747 1235 970 1313 σφοδρῷ
1022 1243 1257 1313 χειμῶνι
1314 1243 1420 1293 τῶν
1478 1239 1752 1311 αἱρέσεων,
1787 1239 1922 1312 πρὸς

269 1324 590 1399 ἀρθοδοξίας
622 1326 794 1402 ὅρμον
828 1326 1091 1384 ἄκλυστον
1122 1332 1222 1383 τοῦ
1244 1326 1523 1392 κλύδωνος
1548 1336 1648 1398 τῆς
1680 1324 1923 1392 ἀσεϐείας

282 1415 494 1492 ἐρῥύσω
523 1418 745 1488 ταύτην,
780 1416 920 1472 οἷάκι
951 1422 1059 1472 τῶν
1094 1416 1274 1494 λόγων
1305 1438 1421 1473 σου.

346 1594 655 1651 Θεοτόκιον.
713 1628 782 1638 --
839 1594 1170 1674 Ἑξαλείφειν
1228 1596 1498 1672 ἁμαρτίας
1546 1597 1573 1651 6
1628 1593 1920 1669 δυνάμενος

274 1684 431 1757 μόνῳ
460 1687 706 1758 νεύματι,
738 1686 836 1756 τὴν
882 1685 1123 1761 μεγάλην
1156 1687 1422 1760 ἁμαρτίαν
1456 1690 1552 1741 τοῦ
1598 1690 1794 1741 πιστοῦ
1822 1707 1918 1761 γυο

265 1774 426 1829 ναίου
458 1775 729 1849 ἐξήλειψε
786 1776 875 1831 καὶ
925 1780 1032 1831 τῶν
1088 1777 1346 1831 πάντοθεν
1404 1775 1566 1831 αὐτοῦ
1623 1780 1799 1830 κακῶν
1833 1773 1920 1831 διὰ

272 1868 373 1919 σοῦ
402 1862 567 1939 ἄκραν
600 1863 979 1921 κατεσκέδασεν
1013 1866 1430 1939 ἁμνημοσόνην.

556 1999 685 2078 ᾨδὴ
718 2002 792 2058 E'.
826 2004 917 2073 Τῷ
947 1999 1229 2074 συνδέσμῳ
1257 2008 1357 2071 τῆς
1385 2002 1624 2075 ἀγάπης.

335 2109 478 2164 Ἴσον
512 2107 705 2169 πάντες
736 2108 870 2162 κατὰ
900 2106 1066 2181 λόγον
1099 2109 1291 2182 άρετήν
1322 2108 1379 2163 τέ
1400 2130 1495 2163 σου
1526 2107 1904 2164 ἀπελείποντο⁶

254 2196 495 2267 οὐρανοῦ
552 2198 837 2272 καθάπερ,
904 2202 1128 2271 μάκαρ,
1195 2205 1294 2267 τῆς
1371 2199 1585 2260 ἀκτῖνος
1666 2197 1907 2268 ἡλιακῆς

251 2286 502 2362 ἀτεχνῶς
532 2288 584 2341 οἱ
633 2287 975 2362 πανταχόθεν
1027 2288 1162 2362 πρὸς
1217 2287 1352 2343 αὐτὰ
1412 2286 1724 2361 βλέποντες·
1786 2286 1907 2362 ὕψει

257 2376 542 2439 πολιτείας
574 2377 676 2453 γὰρ
712 2375 941 2452 οὐρανὸς
972 2374 1183 2449 ὤφθης.

335 2554 585 2629 Οὗρανίῳ
617 2554 743 2628 θείῳ
798 2552 966 2631 ἄρτῳ,
1029 2555 1228 2629 ὑψηλῷ
1286 2577 1380 2610 σου
1429 2553 1598 2632 λόγῳ,
1633 2554 1903 2627 Βασίλειε,

261 2644 436 2718 Λόγος
462 2646 623 2720 ἄρτος
652 2647 753 2720 γὰρ
785 2644 1049 2721 ἀγγέλων,
1082 2642 1382 2721 διατρέφεις
1414 2645 1593 2720 ψυχάς
1639 2647 1907 2710 πεινώσας

258 2736 413 2807 Θεὸν⁹
456 2735 545 2789 καὶ
577 2734 905 2804 ἐκζητούσας
941 2735 1149 2811 τροφήν
1182 2734 1244 2787 οὐ
1280 2732 1522 2809 ῥέουσαν,
1554 2733 1772 2806 μᾶλλον
1807 2736 1901 2808 μὲν

264 2826 356 2880 οὖν
394 2822 659 2897 μένουσαν
684 2824 758 2885 εἷς
779 2824 867 2878 τὸν
896 2823 1086 2880 αἰῶνα.

334 2916 524 2988 [Πεπν]
550 2913 720 2976 ευκὼς
752 2912 881 2967 εἵσω
909 2913 998 2967 καὶ
1040 2912 1261 2975 σύννους
1313 2913 1379 2968 τὰ
1426 2911 1633 2979 πολλὰ,
1669 2915 1902 2986 τρισμά-

260 3024 386 3079 καρ,
445 3000 681 3064 ἐδείκνυς
737 3003 837 3069 τήν
873 3000 1070 3071 ἐσθῆτα
1117 3003 1207 3056 καὶ
1265 3003 1364 3072 τήν
1428 3002 1629 3077 βρῶσιν
1681 3001 1904 3071 εὐτελὴς

259 3092 339 3148 ἀεὶ
372 3091 460 3146 καὶ
494 3086 802 3160 λιτότατος,
836 3089 1020 3165 ὠχρὸς
1042 3091 1105 3145 τὸ
1138 3088 1298 3161 εἶδες,
1323 3089 1517 3163 σεμνὰς
1548 3112 1610 3146 το
1642 3088 1901 3167 βάδισμα,

252 3184 561 3253 σιωπηλὸς,
599 3181 897 3256 πρόχειρος
929 3180 1053 3254 περὶ
1084 3181 1174 3235 τὸν
1205 3179 1386 3256 λόγον.

328 3272 616 3327 Θεοτόκιον
650 3313 662 3325 .
724 3304 792 3312 -
850 3271 962 3338 Τήν
1017 3270 1201 3344 ψυχήν
1256 3270 1568 3345 ἆγικσθιῖσα
1602 3316 1615 3340 ,

250 3366 418 3433 σῶμα
475 3360 932 3434 προκαθαρθεῖσα,
992 3359 1189 3430 σεμνή,
1248 3359 1572 3423 ἐπελθόντος
1599 3381 1695 3415 του
1747 3360 1905 3435 ἁγίου

249 3446 340 3503 ἐπὶ
404 3450 503 3518 σὲ,
561 3450 892 3520 πανάμωμε,
953 3446 1290 3520 ΙΙνεύματος,
1348 3449 1446 3516 τὴν
1503 3454 1600 3502 τοῦ
1656 3449 1906 3522 Ὑψίστου

247 3535 478 3611 ἄπειρον
506 3535 732 3609 δύναμιν
766 3535 853 3590 σοὶ
886 3535 1271 3590 ἐπισκιάσασαν
1300 3535 1663 3608 καθυπεδέξω.

792 3670 920 3751 ’ῼδὴ
959 3674 1019 3742 ζ’.
1071 3680 1173 3728 Συν
1182 3674 1344 3750 εχέθη
1358 3718 1368 3729 .

335 3781 670 3860 Ὀρθοδόξων
702 3783 828 3841 ἀλλ’
878 3786 942 3840 οὐ
974 3782 1286 3854 κακοδόζων
1343 3784 1636 3858 πρόμαχος
1685 3779 1904 3858 ἄμαχος

261 3875 464 3953 ὀφθεὶς,
494 3876 595 3944 τήν
627 3875 856 3951 πυρίνην
886 3873 1136 3950 γλῶσσαν
1197 3875 1269 3936 ὡς
1313 3873 1579 3950 ῥομφαίαν
1636 3872 1902 3949 φλογερὰν

257 3963 450 4039 ἐκχέας
488 4009 501 4035 ,
555 3964 846 4035 ἐξεναντίας
901 3970 1011 4020 τῶν
1083 3965 1297 4039 ἐχθρῶν
1387 3962 1749 4026 συνέκλεισας’
1808 3967 1905 4017 τοῦ

252 4055 417 4130 ἀέρος
450 4053 507 4110 δέ
536 4058 633 4124 τῆς
665 4054 904 4126 ἐξουσίας
946 4055 1038 4110 τόν
1087 4056 1281 4131 πικρὸν
1341 4052 1582 4129 ἄρχοντα
1630 4051 1898 4127 κατέτρω-

255 4166 350 4206 σας
374 4144 427 4198 ἐν
460 4146 600 4218 αὐτῇ
631 4151 750 4208 τοῖς
778 4147 875 4212 τῆς
902 4145 1179 4206 ἀπειθείας
1213 4143 1529 4218 ἐνεργοῦντα
1561 4143 1721 4204 υἱοῖς.

325 4234 679 4306 Νοουμένσιν,
729 4232 853 4289 ἀλλ’
896 4233 955 4288 οὐ
994 4232 1369 4308 βλεπομένων,
1414 4231 1788 4305 ἐλπιζομένων
1823 4230 1899 4300 δὲ,

254 4330 439 4403 σαφῶς
499 4325 786 4386 ὑπόστασις
826 4328 861 4393 ἡ
908 4324 1107 4387 πίστις’
1168 4324 1233 4394 ἢν
1290 4325 1351 4378 σὺ
1400 4325 1733 4396 κτησάμενος
1790 4330 1899 4379 τῶν

257 4414 644 4489 βλεπομένων,
701 4415 773 4475 ὡς
832 4412 1137 4487 λυομένων,
1188 4418 1464 4488 νουνεχῶς
1524 4412 1804 4490 ἡλόγησας
1830 4418 1898 4488 τῇ

250 4501 424 4581 ἐφέσει
454 4508 560 4559 τῶν
598 4506 675 4576 μὴ
714 4503 1092 4579 βλεπομένων·
1126 4504 1192 4558 τὰ
1216 4504 1318 4579 γὰρ
1374 4501 1683 4580 βλεπόμενα
1724 4504 1896 4579 πρόσ-

518 4594 531 4610 ι
578 4592 590 4611 1
735 4593 748 4611 \
853 4594 868 4611 ἱ
1268 4594 1280 4611 Ι
1489 4592 1508 4614 Ισ
1533 4593 1543 4613 1

252 4613 417 4667 καιρα
445 4614 534 4647 και
566 4614 779 4668 ρευστα,
808 4614 877 4647 τα
906 4590 963 4648 δὲ
998 4594 1073 4666 μή
1111 4591 1421 4665 βλεπομενα
1452 4614 1667 4651 αιωνια.

334 4681 737 4759 Μεγαλόφρων,
789 4681 915 4737 ἀλλ’
971 4683 1034 4737 οὐ
1089 4683 1486 4759 ταπεινόφρων,
1529 4677 1715 4758 ὤφθης
1770 4687 1902 4737 Θεοῦ

255 4778 653 4848 προπολεμῶν,
688 4776 874 4829 ὁπᾶσι
934 4770 1002 4828 δι’
1057 4771 1259 4827 ἐκεῖνον
1320 4772 1752 4844 παπεινούμενος
1810 4774 1897 4826 καὶ

256 4864 643 4940 προσπίπτων·
695 4861 785 4916 καὶ
844 4862 946 4936 γὰρ
1008 4860 1269 4935 ὑπάρχων
1322 4860 1523 4931 κτίσμα
1562 4864 1716 4927 Θεοῦ,
1753 4859 1903 4932 ὅμως

249 4954 344 5010 καὶ
400 4955 529 5015 Θεὸς
585 4955 722 5009 εἶναι
800 4951 1221 5023 κεκελευσμένος
1259 4995 1272 5020 ,
1350 4951 1582 5012 ἀπείπας
1649 4948 1901 5021 κτίσματι

243 5048 571 5117 προσκυνεῖν
632 5042 705 5104 ὡς
763 5045 921 5113 Qui)“
968 5041 1097 5102 Θεὸς
1155 5042 1258 5115 γὰρ
1320 5041 1348 5094 6
1405 5039 1627 5109 κτίστης
1686 5038 1901 5095 πάντων

246 5131 528 5194 ἄκτιστος.

329 5224 417 5279 Ἐν
445 5220 524 5295 τῷ
550 5220 827 5296 πράττειν,
885 5218 1012 5274 ἀλλ’
1066 5219 1168 5273 οὐκ
1216 5217 1267 5273 ἐν
1310 5223 1389 5290 τῷ
1419 5216 1621 5301 λέγειν,
1682 5216 1898 5291 μᾶλλον

250 5309 416 5373 εἰδὼς
444 5313 543 5380 τήν
576 5311 792 5385 ἀρετήν·
823 5310 913 5363 καὶ
966 5307 1068 5383 γὰρ
1124 5307 1399 5380 ἀπράκτου
1432 5302 1602 5380 λόγου
1632 5313 1900 5380 κρεῖσσον,

248 5401 325 5461 ὥς
355 5422 542 5478 φησιν,
576 5398 791 5476 ἄφωνον
823 5395 1003 5473 ἔργον·
1057 5397 1124 5452 τὰ
1166 5396 1395 5453 πλεῖστα
1446 5397 1692 5470 πράττων
1728 5398 1760 5466 ἢ
1800 5420 1902 5469 μα-

250 5492 387 5555 Θὼν,
437 5487 731 5551 ἐδίδασκες·
770 5489 799 5542 6
829 5489 1064 5557 ποιήσας
1124 5486 1249 5559 γὰρ,
1306 5485 1417 5540 εἶτα
1476 5482 1713 5557 διδάξας,
1746 5487 1903 5551 οὗτος

256 5578 595 5650 κληθήσεται
652 5577 815 5652 μέγας
862 5577 913 5630 ἐν
960 5574 1231 5649 οὐρανοῖς,
1279 5575 1306 5626 ὁ
1351 5578 1458 5628 τῶν
1513 5574 1751 5649 οὐρανῶν
1802 5576 1900 5650 βα-

1697 3272 1787 3326 καὶ
1842 3273 1904 3326 τὸ

262 5670 447 5732 σιλεὺς
498 5667 736 5744 εἴρηκεν.
797 5669 991 5735 (Deest
1030 5670 1182 5720 Θεοτ.
1232 5671 1289 5721 et
1330 5665 1457 5721 odaa
1509 5667 1619 5721 VII.
1674 5667 1901 5743 echus.)
1952 5734 1953 5737 η

2004 533 2219 583 natura
2247 532 2373 602 pari
2407 533 2631 591 honore
2663 538 2938 593 affectum
2977 545 3036 593 et
3079 541 3653 600 consubstantialem

2039 616 2323 688 Spiritum
2355 630 2625 681 sanctum
2656 629 3041 698 proﬁtereris.

2110 713 2223 765 Per
2248 714 2602 784 sapientiam
2653 722 2829 787 atque
2881 718 3211 787 scientiam,
3263 737 3295 775 ο
3328 720 3526 791 Basili,
3558 739 3687 776 om-

2037 818 2144 857 nes
2175 804 2495 876 participes
2528 807 2797 878 ejusdem
2843 808 3236 863 institutionis
3285 809 3476 864 vicisti
3506 829 3519 877 ;
3552 827 3689 864 nam

2036 893 2363 948 secundum
2396 900 2564 951 tuum
2594 914 2835 952 cursum
2864 902 2921 951 et
2953 902 3083 952 tuos
3116 915 3335 962 mores,
3370 898 3456 953 illi
3490 906 3556 954 ut
3585 917 3689 970 pe-

2035 979 2187 1037 dites
2233 984 2306 1037 ad
2366 986 2610 1056 Lydium
2664 1003 2904 1042 currum
2960 988 3247 1042 cursitare
3306 988 3682 1047 videbantur:

2034 1074 2304 1141 quamvis
2341 1080 2393 1130 te
2428 1077 2593 1147 sequi
2627 1094 2797 1147 posse
2830 1076 3258 1131 existimarent.

2104 1164 2417 1235 Postquam
2451 1165 2717 1220 direxisti
2769 1171 2833 1219 ut
2888 1183 3116 1233 navem,
3168 1166 3674 1238 Ecclesiam,gra-

2030 1252 2178 1306 viter
2233 1254 2512 1325 agitatam
2564 1255 2897 1309 vehementi
2958 1256 3262 1309 htereseon
3304 1260 3677 1325 tempestate,

2032 1345 2094 1397 in
2125 1344 2463 1399 orthodoxae
2484 1345 2618 1400 ﬁdei
2639 1352 2874 1416 portum
2895 1350 3085 1400 tutum
3113 1363 3146 1400 a
3178 1345 3455 1417 procellis
3476 1345 3687 1416 impie-

2032 1433 2191 1501 tatis,
2235 1449 2577 1489 sermonum
2626 1440 2862 1489 tuorum
2902 1435 3071 1505 quasi
3117 1435 3517 1506 gubernaculo
3568 1434 3680 1489 du-

2027 1522 2185 1577 xisti.

2104 1612 2369 1682 Deiparae.
2402 1642 2471 1650 -—
2529 1613 2635 1677 Qui
2695 1618 2889 1683 potest
2946 1612 3069 1667 solo
3126 1617 3273 1666 nutu
3331 1610 3671 1666 oblitterare

2030 1707 2270 1773 peccata
2293 1718 2463 1774 grave
2494 1701 2689 1757 ﬁdelis
2732 1701 2967 1756 feminas
3016 1706 3322 1772 peccatum
3368 1699 3675 1754 oblittera-

2030 1792 2130 1859 vit,
2169 1808 2276 1863 per
2332 1797 2504 1862 teque
2561 1791 2762 1846 omnia
2824 1791 2983 1846 mala
3033 1796 3317 1861 perpetua
3374 1788 3669 1844 oblivione

1946 1864 1996 1931 Β
2027 1880 2326 1937 exstinxit.

2436 1999 2547 2053 Ode
2586 2000 2649 2052 V.
2689 1998 2920 2052 Vincula
2948 1997 3257 2050 charitatis.

2090 2125 2319 2179 Pariter
2349 2140 2555 2178 amnes
2589 2122 2878 2194 sapientia
2912 2128 2969 2175 et
3008 2122 3221 2174 virtute
3272 2126 3326 2174 te
3359 2120 3669 2175 inferiores

2019 2218 2225 2280 erant;
2286 2213 2455 2283 quasi
2516 2212 2760 2277 ecmlis,
2819 2210 3076 2273 obeate,
3134 2224 3341 2262 omnes
3394 2208 3668 2263 homines

2017 2302 2285 2373 undique
2317 2302 2768 2356 circumstantes
2800 2299 3101 2353 habebant
3131 2314 3200 2353 ea
3221 2302 3377 2351 certe
3412 2297 3665 2350 solarem

2015 2391 2284 2458 radium;
2342 2390 2583 2445 sublimi
2616 2390 2775 2444 enim
2832 2389 2961 2443 vitae
2990 2403 3203 2460 genere
3254 2385 3467 2440 cwlum
3498 2392 3667 2456 puta-

2014 2480 2195 2536 baris.

2085 2571 2317 2626 Caelesti
2351 2570 2546 2625 divino
2578 2587 2751 2641 pane,
2793 2587 2899 2641 per
2947 2574 3077 2622 tuos
3119 2566 3402 2621 sublimes
3434 2582 3661 2620 sermo-

2015 2676 2142 2722 nes,
2174 2677 2206 2713 ο
2240 2660 2417 2714 Basili
2449 2662 2608 2729 (nam
2655 2659 2898 2714 verbum
2939 2658 3109 2729 panis
3148 2662 3236 2711 est
3264 2655 3657 2727 angelorum),

2016 2750 2211 2804 nutris
2241 2750 2473 2804 animas
2506 2751 2691 2803 Deum
2724 2750 3075 2811 esurientes,
3112 2765 3179 2801 ac
3214 2751 3549 2816 quaerentes
3579 2746 3663 2799 ci-

2011 2836 2153 2891 bum
2186 2854 2306 2892 non
2320 2837 2675 2903 ﬂuxum,sed
2690 2836 2961 2908 potiusin
2986 2840 3273 2889 aeternum
3298 2838 3658 2887 manentem.

2084 2929 2298 2982 Tecum
2330 2934 2613 2999 reputans
2658 2932 2714 2979 et
2762 2926 3111 2995 plerumque
3143 2921 3592 2995 cogitabundus,
3627 2936 3659 2974 ο

2014 3022 2102 3070 ter
2134 3016 2325 3083 beate,
2374 3032 2608 3087 semper
2656 3015 2953 3070 videbaris
3002 3014 3214 3068 vestitu
3246 3028 3313 3067 ac
3345 3010 3474 3065 cibo
3508 3009 3657 3063 sim-

2014 3105 2149 3177 plex
2180 3122 2246 3161 ac
2275 3105 2540 3178 frugalis,
2573 3105 2736 3159 fusco
2770 3104 2954 3172 vultu,
2986 3102 3175 3175 gravis
3218 3103 3476 3166 incessu,
3514 3099 3659 3153 taci-

2019 3199 2251 3261 turnus,
2286 3194 2441 3249 haud
2471 3210 2691 3265 pronus
2721 3194 2796 3249 ad
2825 3192 3088 3247 verbum.

2090 3285 2361 3352 Deipamz.
2403 3315 2469 3324 -
2515 3285 2727 3338 Sancta
2774 3282 2977 3336 anima
3024 3286 3082 3335 et
3129 3295 3375 3351 corpore
3425 3293 3593 3350 puro,
3626 3294 3658 3331 ο

2015 3373 2352 3428 veneranda
2380 3374 2572 3446 Virgo,
2606 3373 2823 3445 Spiritu
2855 3376 3057 3426 sancto
3098 3370 3171 3425 ad
3203 3377 3279 3436 te,
3311 3386 3344 3423 ο
3375 3368 3661 3422 immacu-

2014 3462 2153 3529 lata,
2188 3465 2487 3529 veniente,
2520 3464 2873 3517 immensam
2914 3460 3200 3516 Altissimi
3249 3457 3573 3530 potentiam
3607 3463 3660 3511 te

2014 3552 2469 3607 adumbrantem
2501 3552 2755 3607 subiisti.

2504 3685 2613 3739 Ode
2651 3686 2743 3739 Vl.
2774 3684 3013 3739 Collecta
3040 3684 3175 3752 fuit.

2084 3791 2582 3858 Orthodoxorum,
2607 3808 2725 3846 non
2750 3790 3247 3846 heterodoxorum
3272 3789 3388 3842 Lux
3407 3787 3657 3841 invictus

2013 3882 2361 3952 apparuisti,
2397 3887 2455 3935 et
2484 3882 2717 3954 igneam
2767 3882 3030 3953 linguam
3081 3885 3146 3934 ut
3177 3878 3521 3933 ﬂammeum
3555 3893 3655 3931 en-

2013 3988 2137 4025 sem
2170 3972 2551 4045 distringens,
2576 3971 2944 4027 adversarios
2966 3970 3303 4026 confudisti.
3331 3971 3410 4022 Ea
3440 3984 3654 4023 saevum

2012 4062 2166 4115 aeris
2225 4063 2557 4133 principem
2622 4061 2956 4132 adjutorem
3014 4061 3273 4115 ﬁliorum
3332 4057 3654 4124 impietatis

2013 4151 2338 4221 perculisti.

2082 4242 2147 4296 In
2181 4240 2449 4311 cogitatis
2480 4256 2548 4294 ac
2592 4239 2864 4310 speratis,
2909 4254 3031 4292 non
3082 4252 3217 4291 vero
3267 4235 3329 4287 in
3375 4232 3648 4301 aspectis,

2011 4347 2146 4384 vera
2178 4332 2322 4385 fides
2354 4336 2441 4384 est
2471 4329 2826 4399 hypostasis,
2857 4344 3029 4398 quam
3066 4332 3126 4379 tu
3158 4325 3494 4395 acquirens,
3524 4322 3651 4374 visi“

2008 4419 2173 4481 bilia,
2208 4425 2271 4473 ut
2300 4418 2521 4473 caduca
2562 4418 2862 4488 sapienter
2904 4417 3222 4486 despexisti
3270 4412 3654 4467 invisibilium

2014 4508 2207 4562 studio
2235 4526 2248 4574 ;
2281 4523 2419 4562 nam
2450 4523 2545 4561 res
2592 4507 2728 4562 visre
2774 4511 2913 4561 sunt
2957 4506 3128 4561 ﬂuxas
3160 4522 3227 4560 ac
3260 4499 3654 4573 temporariae,

1926 4594 1977 4664 Β
2014 4601 2075 4652 at
2104 4613 2199 4651 res
2230 4613 2348 4652 non
2380 4601 2632 4667 aspectaa
2664 4600 2803 4651 sunt
2827 4601 3082 4651 interna).

2086 4686 2510 4757 Magnanimus,
2537 4692 2595 4739 at
2615 4702 2737 4739 non
2776 4684 3089 4749 demissus,
3118 4700 3223 4754 pro
3256 4683 3373 4736 Deo
3403 4680 3560 4733 visus
3592 4695 3654 4733 es

2014 4775 2697 4846 propugnans,omnibus
2720 4775 2964 4829 humilis
2982 4773 3054 4828 ob
3074 4772 3239 4827 illum
3260 4768 3654 4835 etmodestus;

2014 4871 2078 4919 ut
2108 4866 2265 4919 enim
2300 4882 2429 4919 eras
2462 4865 2562 4920 Dei
2608 4870 2899 4927 creatura,
2953 4863 3089 4916 licet
3120 4863 3270 4916 Deus
3301 4876 3429 4914 esse
3449 4859 3655 4929 jussus

2011 4952 2216 5020 fueris,
2277 4971 2396 5008 non
2453 4954 2689 5008 voluisti
2769 4952 3014 5007 adorare
3091 4957 3423 5005 creaturam
3478 4947 3655 5002 veluti

2013 5044 2238 5109 Deum;
2270 5044 2424 5098 Deus
2457 5043 2617 5098 enim
2650 5046 2882 5098 creator
2911 5041 3177 5096 omnium
3209 5044 3297 5094 est
3335 5038 3652 5092 increatus.

2086 5223 2152 5276 In
2183 5223 2348 5285 actis,
2381 5238 2499 5278 non
2532 5222 2591 5275 in
2625 5221 2819 5276 verbis
2850 5237 3078 5292 ponens
3108 5220 3324 5291 potius,
3356 5219 3653 5285 virtutem,

2012 5328 2150 5366 nam
2188 5312 2479 5366 inefﬁcaci
2520 5311 2717 5373 verbo,
2761 5316 2825 5364 ut
2844 5310 2945 5375 ait,
2974 5316 3215 5380 prmstat
3246 5315 3445 5363 mutus
3466 5315 3653 5363 actus.

2012 5402 2368 5473 Plerumque
2427 5419 2628 5475 agens,
2686 5402 2991 5458 discensve
3039 5400 3329 5468 docebas;
3361 5402 3461 5471 qui
3494 5401 3653 5455 enim

2012 5492 2149 5563 egit,
2184 5492 2319 5546 dein
2350 5492 2567 5559 docuit,
2603 5492 2703 5546 ille
2742 5492 3045 5547 vocabitur
3094 5508 3342 5565 magnus
3375 5498 3434 5547 tn
3468 5490 3649 5557 ccelis,

2010 5588 2074 5636 ut
2106 5585 2223 5637 Rex
2253 5582 2536 5637 caelorum
2569 5581 2735 5637 dixit.
