4044 6218
365 308 508 366 4375

1045 431 1154 486 Odc
1189 431 1335 484 VIII.

441 546 627 600 Curru
659 544 856 595 vectus
883 537 1064 603 aerio,
1115 553 1237 591 non
1285 552 1419 590 vero
1477 536 1771 591 ﬂammeis
1823 536 2014 606 equis,

370 632 640 688 insidens
672 627 832 683 aerio
865 625 1136 680 vehiculo
1169 625 1475 694 virtutum,
1500 642 1533 681 ο
1566 625 1766 692 Basili,
1795 625 1868 680 ad
1899 641 2018 680 me-

368 729 489 777 tam
521 719 821 775 caelestem
851 731 912 770 es
938 720 1268 786 provectus.

440 897 742 954 Pastorale
760 912 1000 951 carmen
1018 912 1153 950 cum
1171 899 1268 949 tuo
1293 893 1572 965 pastorali
1589 894 1740 965 pedo
1759 892 2016 963 tubaque

354 987 662 1058 *spirituali
695 1002 917 1041 canens
941 987 1306 1056 congregasti
1339 1002 1474 1039 oves
1511 984 1571 1038 in
1607 999 1786 1038 unam
1815 983 2014 1049 ﬁdem,

369 1077 432 1132 in
467 1077 626 1131 idem
656 1091 963 1148 pascuum,
993 1074 1263 1146 spinosas
1292 1075 1549 1129 haareses
1579 1073 1894 1145 fugientes.

443 1255 597 1310 Nove
655 1251 856 1316 Paule,
905 1249 1301 1307 Ecclesiarum
1351 1251 1649 1322 magister,
1677 1250 2014 1306 universam

373 1348 590 1398 terram
623 1357 762 1396 voce
812 1346 912 1394 tua
960 1337 1495 1410 comprehendens,
1528 1355 1561 1393 ο
1609 1355 1780 1394 mens
1809 1337 2018 1394 coales-

373 1432 468 1497 tis,
505 1429 814 1502 theologiaa
845 1429 1069 1484 tonitru
1106 1429 1421 1497 divinaque
1470 1428 1632 1497 tuba,
1686 1426 1950 1491 laudare,
1981 1442 2015 1480 ο

374 1519 574 1573 Basili.

447 1608 588 1662 Cum
649 1608 923 1662 Creatore
983 1607 1253 1678 quisquis
1309 1607 1370 1662 in
1427 1605 1631 1677 lingua
1673 1604 1823 1678 gerit
1850 1608 2018 1659 tuum

377 1697 771 1751 hexaemeron
816 1702 874 1751 et
902 1697 955 1750 ei
985 1696 1258 1762 attendit,
1311 1701 1368 1750 et
1418 1695 1576 1750 novit
1607 1699 1892 1749 creaturis
1923 1709 2019 1748 ra-

1886 304 2255 358 ADDENDA.

2043 429 2097 495 Α

3651 297 3792 351 1376

2783 425 2962 506 [νοδὴ
2997 428 3073 483 u'.
3110 430 3128 500 ]

2197 531 2654 607 Ἀρματηλάτης,
2713 530 3026 609 ἀεροϐατῶν
3066 536 3302 608 αἱθέριος
3361 533 3427 587 οὐ
3491 530 3790 608 τριλογίνων

2127 619 2306 676 ἵππων
2368 616 2579 692 ἐπιϐὰς,
2637 623 2916 697 πτερόεντι
2967 621 3024 678 δὲ
3079 624 3282 699 ἀρετῶν
3355 623 3618 696 ὀχήματι
3679 619 3787 672 ἐπι-

2127 707 2419 783 διωρεύων,
2452 709 2720 782 Βασίλειε,
2754 712 2843 766 καὶ
2892 714 3029 789 πρὸς
3078 713 3271 767 νύσσαν
3304 712 3568 787 ούρανιον
3631 707 3789 763 έλαύ-

2124 819 2255 858 νων,

2197 889 2404 960 Νόμιον
2463 890 2632 963 μέλος
2681 896 2975 964 ποιμενικῇ
3047 913 3146 946 σου
3201 891 3519 965 καλαύροπι
3584 887 3788 959 λογικῇ

2123 999 2183 1035 τε
2213 978 2427 1055 σύριγγι
2487 984 2676 1054 φωνῶν
2735 988 2834 1049 τῆς
2893 981 3132 1054 ποίμνης
3181 979 3446 1055 ἤθροισας
3498 980 3569 1033 τὰ
3624 980 3791 1050 θρέμ-

2129 1089 2270 1140 ματα
2300 1068 2376 1130 εἷς
2438 1069 2562 1140 μίαν
2615 1069 2816 1139 πίστιν,
2868 1068 2942 1132 είς
3000 1066 3091 1124 ἕνα
3136 1069 3302 1124 τόπον
3354 1067 3569 1144 χλόης,
3628 1067 3790 1119 ἀκανο

2126 1153 2321 1218 θώδεις
2353 1156 2584 1231 αἱρέσεις
2612 1156 2934 1234 ἐκφυγόντα.

2195 1246 2257 1302 Ὀ
2304 1246 2420 1308 νέος
2471 1244 2706 1316 Παῦλος,
2763 1246 3112 1317 Ἑκκλησιῶν
3171 1249 3199 1302 6
3257 1243 3618 1308 διδάσκαλος,
3657 1246 3685 1298 ὁ
3718 1250 3794 1316 τῷ

2125 1332 2343 1411 φθόγγῳ
2399 1329 2843 1407 συμπαραλαϐὼν
2899 1337 2999 1404 τὴν
3065 1337 3155 1391 ὑπ’
3211 1335 3541 1408 ούρανῶν,ὁ
3576 1337 3709 1392 νοῦς
3766 1334 3791 1386 6

2126 1421 2399 1497 οὐράνιος,
2431 1423 2464 1492 ἠ
2499 1423 2756 1497 Θεολόγος
2792 1424 2993 1499 βροντὴ
3029 1425 3118 1478 καὶ
3161 1425 3275 1480 θεία
3321 1424 3582 1498 σάλπιγξ,
3619 1424 3792 1499 εύφηο

2129 1511 2355 1584 μείσθω,
2397 1511 2701 1573 Βασίλειος.

2201 1603 2348 1659 Μετὰ
2384 1607 2480 1657 τοῦ
2513 1603 2739 1658 Κτίστου
2770 1607 2872 1666 πᾶς
2933 1605 2960 1659 6
3016 1605 3116 1673 τὴν
3167 1604 3265 1672 σὴν
3323 1605 3637 1676 ἒξαήμερον
3704 1600 3791 1656 Sui

2124 1686 2362 1766 γλόττης
2416 1691 2591 1767 φέρων
2650 1691 2740 1746 καὶ
2799 1693 2934 1766 αὐτῇ
2992 1694 3084 1748 τὸν
3143 1697 3265 1747 νοῦν
3327 1692 3561 1769 έφιοτῶν
3603 1739 3619 1762 ,
3699 1691 3791 1744 καὶ

374 1786 589 1854 tiones,
636 1791 695 1840 et
740 1787 1078 1841 Creatorem
1129 1785 1380 1840 mirat‘ur
1428 1784 1555 1839 visu
1603 1783 1728 1838 solo
1760 1781 2018 1837 doctoris

2169 1778 2352 1853 ίνεταιδ
2400 1780 2488 1834 καὶ
2520 1781 2745 1844 κτίσεως
2794 1783 3046 1857 γινώσκει
3109 1780 3327 1856 λόγους,
3377 1782 3469 1835 καὶ
3521 1780 3793 1852 θαυμάζει

372 1880 568 1929 utens.

444 1965 714 2033 Deiparaa.
760 1995 829 2002 —
889 1961 1049 2018 Idem
1111 1964 1268 2018 Deus
1326 1962 1549 2017 nostris
1605 1960 1873 2033 patribus
1933 1959 2022 2014 lo—

373 2058 545 2107 cutus
578 2058 751 2107 antea
781 2052 1014 2107 diverse
1040 2069 1108 2107 ac
1157 2051 1568 2121 multifariam,
1620 2051 1792 2105 nobis
1824 2051 1886 2104 in
1919 2048 2020 2104 Fi-

373 2140 456 2195 lio
489 2147 791 2211 posterum
824 2140 1054 2196 locutus
1087 2147 1196 2205 est,
1237 2157 1377 2194 nam
1424 2141 1576 2194 Deus
1621 2139 1878 2194 Verbum
1928 2138 2022 2191 in-

374 2235 653 2286 carnatus
685 2246 939 2302 regnans
970 2247 1104 2284 cum
1150 2231 1268 2284 Deo
1301 2231 1470 2284 Patre
1507 2245 1579 2283 ex
1609 2233 1664 2283 te
1703 2233 1879 2282 natus
1911 2231 2019 2286 est,

377 2335 410 2373 ο
445 2319 613 2390 Virgo
647 2323 872 2374 sancta.

764 2495 876 2551 Ode
905 2495 987 2550 IX.
1022 2496 1222 2564 Legum
1244 2498 1624 2564 paternarum.

450 2637 689 2692 Noctem
721 2636 1076 2708 profundam
1107 2636 1538 2708 obscuramque
1575 2635 2026 2692 tenebrosarum

382 2727 688 2780 haereseon
721 2724 1044 2797 dissipasti,
1078 2742 1324 2798 surgens
1355 2731 1420 2781 ut
1442 2726 1551 2794 sol,
1587 2742 1882 2798 supraque
1906 2743 2026 2780 om-

379 2832 486 2871 nes
517 2815 821 2887 explicans
851 2821 1027 2870 rectm
1059 2815 1196 2870 ﬁdei
1227 2815 1445 2880 radios,
1479 2816 1808 2887 incolisque
1837 2821 2026 2872 terra-

379 2922 534 2965 rum,
568 2921 600 2957 ο
634 2904 832 2974 Basili,
866 2904 1059 2960 lucem
1116 2904 1254 2958 ﬁdei
1307 2905 1648 2960 orthodoxaa
1705 2922 2025 2977 spargens;

381 2991 642 3046 tenebrae
675 2992 835 3047 enim
867 2993 927 3048 in
976 2992 1172 3049 lucem
1223 2993 1637 3061 immutantur,
1687 2999 1746 3048 et
1800 2995 2029 3050 veritati

385 3081 542 3137 cedit
569 3082 968 3137 mendacium.

456 3172 746 3227 Ornavisti
782 3176 836 3227 te
867 3172 1042 3226 variis
1093 3171 1379 3227 doctrinae
1425 3172 1636 3227 divinae
1684 3171 1932 3228 ﬂoribus
1962 3172 2022 3226 in
2057 3156 2099 3222 C

385 3261 570 3332 pratis
619 3260 1068 3331 spiritualibus;
1121 3261 1528 3334 intelligibiles
1577 3261 1737 3316 enim
1769 3262 2032 3332 Scriptu-

386 3366 466 3403 ra)
498 3350 700 3404 hortos
731 3349 1203 3417 circumvolasti;
1252 3355 1316 3404 ut
1366 3349 1626 3421 prudens
1665 3349 1792 3422 apis
1821 3350 2029 3404 indus-

389 3440 502 3494 tria
533 3456 600 3494 ac
639 3439 956 3506 laboriosa,
1006 3440 1324 3512 mysticum
1373 3439 1692 3495 condidisti
1724 3440 2033 3512 theologia)

389 3527 528 3594 mel,
562 3527 1022 3582 amaritudinem
1071 3529 1376 3583 haereseou
1427 3529 1735 3597 hebetans,
1789 3528 2032 3583 hacum-

393 3631 504 3685 que
539 3616 854 3687 participes
886 3615 1251 3672 demulcens.

462 3705 714 3773 Tempus
747 3709 804 3757 et
833 3705 1168 3775 sepulcrum
1203 3722 1333 3775 quas
1365 3705 1720 3760 oblivionem
1750 3705 2042 3760 inducunt

391 3794 542 3846 viam
567 3791 832 3846 innatam
854 3793 1327 3855 amiserunt.non
1347 3796 1707 3849 sustinentes
1721 3801 1834 3849 tuas
1859 3811 2039 3849 sacra)

395 3881 694 3936 memorias
717 3881 952 3951 pondus
972 3897 1138 3946 ;nam
1162 3882 1321 3946 licet,
1345 3899 1377 3936 ο
1401 3882 1669 3949 beate,ex
1693 3883 1854 3936 hisce
1869 3882 2041 3936 terris

399 3969 743 4036 excesseris,
776 3969 919 4024 vivis
955 3975 1190 4037 tamen;
1216 3970 1364 4041 justi
1397 3971 1557 4025 enim
1590 3972 1650 4025 in
1692 3972 1809 4024 Deo
1844 3971 2044 4025 vivunt

401 4064 458 4114 et
488 4064 617 4130 post
652 4064 896 4114 mortem
940 4058 1116 4113 vitam
1161 4059 1223 4114 in
1275 4059 1504 4114 Christo
1554 4058 1838 4126 abditam,
1871 4059 2043 4130 cujus

399 4150 492 4204 fac
522 4165 638 4202 non
673 4149 991 4220 participes
1023 4148 1138 4202 tuis
1169 4148 1464 4220 precibus.

473 4240 828 4292 Immensam
862 4238 1095 4309 igneam
1127 4239 1467 4294 columnam
1503 4243 1555 4294 te
1586 4238 1729 4293 vidit
1767 4237 2045 4293 columna

403 4328 620 4384 deserti
654 4329 934 4399 Ephraim
961 4347 974 4394 ;
1009 4329 1135 4383 visu
1166 4328 1607 4400 obstupefactus
1629 4345 1926 4399 occupans
1948 4344 2043 4381 ur-

403 4419 538 4474 bem
569 4417 1027 4486 Cmsarum,cum
1059 4419 1282 4473 invenit
1313 4424 1368 4473 te
1399 4435 1534 4473 cum
1565 4418 1782 4489 populo
1813 4433 2049 4472 versan-

2127 1889 2186 1923 τε
2213 1870 2303 1924 τὸν
2340 1869 2573 1938 Κτίστην
2607 1871 2725 1943 ἅψει
2755 1870 2893 1944 μόνῃ
2926 1873 3217 1946 χρώμενος
3250 1868 3613 1925 διδασκάλου.

2201 1957 2510 2013 Θεοτόκιον.
2552 1958 2710 2014 -Ὁ
2765 1963 2882 2019 τοῖς
2938 1958 3166 2029 πατράσι
3229 1959 3360 2019 Θεός
3417 1956 3684 2026 λαλήσας
3734 1958 3794 2010 τὸ

2129 2043 2394 2119 πρότερον
2427 2042 2794 2120 πολυτρόπως
2840 2046 2931 2100 καὶ
2985 2051 3315 2119 πολυμερῶς
3349 2093 3362 2109 ,
3393 2049 3536 2118 ἡμῖν
3592 2045 3648 2100 ἐν
3687 2047 3797 2115 fit;

2132 2133 2352 2208 ὕστερον
2387 2131 2643 2204 ἐλάλησε.
2695 2136 2798 2190 Καὶ
2829 2135 2929 2209 γὰρ
2989 2137 3015 2189 6
3074 2135 3273 2190 τούτου
3327 2135 3633 2209 σύνθρονος
3663 2137 3794 2196 Θεὸς

2131 2221 2313 2297 Λόγος
2341 2223 2678 2300 σαρκοφόρος
2701 2221 2759 2277 ἐκ
2784 2227 2879 2277 σοῦ
2906 2223 3171 2299 προῆλθε,
3207 2224 3382 2296 Κόρη.

2567 2497 2696 2578 ’ῼδή
2729 2506 2801 2558 6'.
2831 2499 3030 2572 Νόμων
3060 2500 3349 2573 πατρῴων.

2207 2645 2385 2701 Νύκτα
2447 2648 2665 2714 βαθεῖαν
2722 2648 2808 2701 καὶ
2872 2645 3136 2718 ἀσέληνον
3211 2652 3319 2702 τῶν
3392 2651 3643 2723 ζοφερῶν
3706 2649 3790 2700 αἳ-

2135 2736 2332 2813 ρέσεων
2394 2733 2786 2806 διεσκέδασας,
2846 2734 3126 2798 ἀνατείλας
3190 2737 3373 2811 ὥσπερ
3427 2737 3598 2804 ἥλιος
3630 2782 3644 2805 ,
3701 2736 3791 2790 καὶ

2134 2832 2294 2880 πᾶσιν
2355 2823 2681 2902 έφαπλώσας
2742 2832 2946 2900 χρυσᾶς
3001 2825 3216 2887 ἀκτῖνας
3289 2827 3527 2887 πίστεως
3581 2827 3794 2901 ὀρθῆς,

2133 2915 2224 2970 καὶ
2275 2920 2394 2976 τοῖς
2450 2916 2502 2970 ἐν
2558 2919 2630 2990 γῇ
2687 2914 3079 2988 κατασπείρας,
3133 2913 3404 2980 Βασίλειε,
3472 2912 3795 2987 ὁρθοδοξίας

2137 3006 2356 3082 φέγγοςο
2393 3003 2655 3074 ἐξίσταται
2689 3004 2829 3077 φωτῖ
2854 3003 2959 3078 γὰρ
2987 3005 3045 3058 τὸ
3075 3004 3286 3072 σκότος,
3316 3003 3409 3058 καί
3454 3008 3524 3077 τῇ
3557 3002 3797 3074 ἀληθείᾳ

2139 3092 2406 3167 ἐπιχωρεῖ
2435 3094 2498 3147 τὸ
2524 3089 2744 3164 ψεῦδος.

2206 3183 2376 3250 ’Ἃνθη
2427 3179 2652 3235 ποικίλα
2697 3180 2840 3244 θείας
2867 3181 3121 3254 γνώσεως
3172 3181 3232 3235 ἐκ
3277 3181 3529 3256 λογικῶν
3585 3180 3786 3253 λειμών

2138 3290 2244 3324 νων
2304 3267 2771 3341 ἀπανθισάμενος’
2839 3269 3058 3343 νοεροὺς
3115 3269 3217 3344 γὰρ
3300 3269 3633 3343 περιίπτασο
3689 3276 3788 3336 τῆς

2139 3364 2360 3435 Γραφῆς
2413 3355 2769 3432 παραδείσους
2801 3378 2813 3390 ·
2889 3359 2963 3420 ὡς
3016 3360 3176 3433 νοερᾶ
3229 3379 3311 3417 τις
3360 3359 3594 3430 μέλισσα
3652 3359 3789 3432 σοερή

2140 3448 2231 3502 καὶ
2264 3445 2542 3524 φιλεργὸς,
2587 3448 2846 3519 μυστικὸν
2880 3446 3224 3522 ἑγεώργησας
3283 3445 3577 3520 θεολογίας
3645 3448 3792 3519 μέλι,

2143 3535 2398 3612 αἱρέσεων
2452 3536 2668 3609 πικρίαν
2725 3531 3032 3608 ἁμϐλύνας,
3090 3536 3179 3589 καὶ
3235 3535 3365 3598 τοὺς
3421 3535 3795 3611 μετασχόντας

2145 3621 2310 3677 αὐτοῦ
2333 3622 2796 3698 καταγλυκαίνων.

2221 3711 2424 3788 Χρόνος
2478 3711 2566 3765 καὶ
2623 3711 2791 3789 τάφος
2859 3710 3039 3783 λήθης
3103 3713 3353 3786 πρόξενοι
3408 3714 3510 3781 τήν
3574 3713 3806 3789 φυσικήν

2149 3800 2412 3876 ἐνέργειαν
2464 3801 2852 3873 ἆπηρνήσαντο
2886 3843 2898 3867 ,
2946 3800 3032 3856 ἐπὶ
3095 3801 3177 3856 σοὶ
3237 3804 3312 3873 μὴ
3373 3805 3807 3878 κατισχύσαντες

2148 3898 2248 3961 τῆς
2307 3892 2454 3965 ἱερᾶς
2508 3913 2606 3946 σου
2669 3894 2893 3963 μνήμης
2927 3910 2939 3923 ·
2991 3889 3086 3945 κᾶν
3141 3893 3242 3966 γὰρ
3290 3891 3478 3947 ἐνθάδε
3517 3939 3530 3962 ,
3596 3897 3807 3966 μάκαρ,

2150 3979 2514 4054 ἀπηχλάγης,
2564 3979 2709 4035 ἀλλά
2743 3985 2858 4053 ζῇς.
2911 3981 3000 4037 Ἐν
3029 3985 3144 4051 Θεῷ
3174 4002 3274 4056 γαρ
3329 3983 3381 4034 οἱ
3417 3979 3623 4037 δίκαιοι
3680 3991 3804 4052 ζωσι

2151 4070 2239 4122 καί
2277 4072 2410 4142 μετὰ
2433 4067 2593 4132 τέλος
2626 4070 2768 4137 ζωὴν
2805 4071 2903 4138 τήν
2939 4068 2989 4123 έν
3024 4071 3242 4143 Χριστῳ
3271 4071 3664 4142 κρυπτομένην

2152 4160 2301 4232 ἡμᾶς
2337 4159 2607 4232 μετόχους
2638 4155 2913 4228 ἀνάδειξον
2943 4158 3132 4234 εὐχαῖς
3164 4180 3278 4218 σου,

2225 4248 2598 4322 Οὐρανομήκη
2633 4244 2827 4301 στύλον
2890 4248 3114 4322 πύρινον
3151 4250 3177 4302 ὁ
3207 4256 3306 4317 τῆς
3338 4247 3556 4323 ἐρήμου
3619 4251 3814 4310 στύλος

2153 4337 2392 4413 Ἐφραὶμ
2420 4335 2630 4390 κατεῖδε
2684 4337 2763 4391 σέ⁰
2828 4334 3118 4411 ἐκπλαγεὶς
3167 4335 3223 4392 δὲ
3281 4342 3360 4409 τῷ
3419 4340 3815 4412 δραματι,τὴν

2157 4427 2469 4497 Καισαρέων
2521 4425 2684 4480 πόλιν
2739 4421 3197 4497 καταλαμϐάνων,
3257 4427 3720 4500 προσομιλοῦντα
3749 4435 3817 4497 τῷ

3699 4074 3811 4140 ,ἧς

405 4515 546 4573 tem,
603 4507 853 4562 miratur
903 4507 1170 4580 prodigia
1219 4508 1448 4579 majora
1495 4507 1815 4579 prioribus,
1864 4507 2030 4577 siqui-

2159 4515 2277 4584 λαῷ
2331 4515 2583 4588 εὑρηκὼς
2615 4535 2691 4582 σε,
2748 4515 2988 4569 τεθέαται
3043 4517 3330 4590 καινότερα
3390 4521 3498 4570 τῶν
3559 4521 3814 4590 πρώτων,

405 4597 540 4652 dem
589 4598 820 4669 aspexit
871 4597 932 4651 in
992 4597 1274 4668 mysterio
1335 4596 1672 4652 columbam
1732 4595 1926 4651 albam
1976 4612 2030 4650 ac

2163 4601 2361 4671 λευκὴν
2393 4603 2710 4680 περιστερὰν
2753 4605 2890 4675 πρὸς
2939 4605 2999 4659 τὸ
3043 4605 3134 4666 οὗς
3167 4626 3250 4659 σοι
3281 4602 3655 4678 διαλέγουσαν
3692 4606 3817 4662 ἰδὼν

404 4703 606 4742 aurem
641 4687 745 4741 tibi
779 4686 1142 4756 loquentem.

477 4777 745 4847 Deiparw.
769 4807 836 4815 —
858 4776 1113 4845 Corpore
1135 4773 1398 4840 indutus,
1423 4774 1626 4845 quiest
1645 4774 2050 4843 incorporeus,

406 4883 476 4920 ex
507 4873 706 4921 ventre
740 4871 859 4930 tuo,
893 4882 925 4919 ο
958 4863 1198 4936 Regina,
1245 4863 1424 4928 exiit;
1477 4863 1576 4933 qui
1628 4862 1806 4917 verbo
1839 4861 2056 4915 creavit

407 4955 814 5026 incorpoream
839 4958 1318 5022 naturam.atque
1346 4969 1552 5007 omnes
1575 4957 1897 5017 creaturas,
1929 4956 2052 5004 tum

407 5044 728 5099 rationales
755 5051 875 5098 tum
898 5041 1594 5108 irrationales,exsistere
1617 5039 1774 5106 fecit,
1809 5038 2051 5093 Dei‘Pa-

409 5133 514 5185 tris
543 5134 815 5200 Verbum;
842 5133 1040 5203 itaque
1068 5130 1423 5202 cupiditates
1449 5129 1713 5200 corporis
1730 5128 2052 5198 restingue,

408 5235 539 5288 quae
571 5223 832 5278 animam
859 5238 1053 5277 meam
1084 5221 1448 5284 interimunt,
1480 5235 1513 5274 ο
1550 5219 1690 5273 Vitas
1721 5219 1922 5272 Mater.

671 5408 780 5463 Ode
802 5411 869 5467 Χ.
902 5413 982 5468 Ne
1013 5411 1199 5482 lugeas
1226 5425 1391 5482 super
1414 5425 1520 5479 me,
1551 5425 1582 5465 ο
1610 5410 1804 5464 Mater.

481 5552 825 5620 Postquam,
853 5558 920 5607 ut
965 5552 1196 5609 divinus
1239 5552 1505 5626 pontifex
1533 5552 1698 5626 regni
1733 5552 1858 5620 Dei,
1890 5551 2048 5608 cele-

410 5639 594 5698 brasti
625 5641 1026 5696 venerandum
1075 5647 1133 5697 et
1157 5658 1358 5699 revera
1388 5659 1624 5700 sacrum
1675 5641 2056 5715 mysterium,

2164 4691 2214 4748 ἰν
2254 4714 2426 4764 μυστη
2439 4692 2555 4768 ρίῳ.

2233 4782 2543 4839 Θεοτόκιον.
2602 4815 2665 4824 -
2725 4779 3133 4860 Σωματοιρὸρος
3185 4785 3213 4837 6
3263 4783 3562 4856 ἀσώματος

2161 4873 2392 4947 γαστρός
2446 4892 2582 4937 σου,
2638 4871 2903 4925 Δέσποινα
2960 4870 3335 4945 προελήλυθεν
3369 4894 3380 4905 ·

2165 4960 2569 5033 συστησάμενος
2629 4961 2729 5028 τὴν
2793 4962 3080 5032 ἀσώματον
3139 4961 3298 5036 φύσιν
3335 5007 3347 5026 ,

2166 5052 2367 5104 ἅπασαν
2403 5049 2586 5104 οὐτίαν
2617 5051 2906 5124 γεννητὴν,
2958 5048 3184 5125 λογικὴν
3219 5072 3274 5103 τε
3305 5052 3396 5104 καὶ
3432 5052 3699 5125 αλΛογον,
3730 5057 3817 5104 τοῦ

2165 5143 2301 5195 Θεοῦ
2326 5140 2535 5213 Πατρὸς
2569 5138 2762 5213 Λόγος·
2812 5136 2896 5193 διό
2961 5160 3063 5211 μου
3119 5141 3185 5193 τὰ
3233 5145 3332 5193 τοῦ
3392 5143 3656 5213 σώματος
3684 5144 3812 5207 παθη

2164 5225 2465 5301 νέκρωσον,
2494 5232 2785 5303 νεκροῦντα
2816 5229 2908 5282 τὸν
2937 5232 3063 5282 νοῦν
3101 5249 3228 5300 μου,
3265 5235 3413 5298 ζωῆς
3446 5237 3644 5306 μῆτερ.

3626 4786 3687 4839 ἐκ
3733 4792 3823 4852 τῆς

3410 4963 3501 5016 καὶ
3559 4963 3820 5023 οὖσιώαας

2452 5398 2582 5478 ᾨδὴ
2634 5402 2690 5460 Ι’.
2729 5403 2820 5471 Μὴ
2855 5399 3126 5476 ἐποδύρου
3159 5423 3285 5476 μου,
3320 5405 3535 5477 Μῆτερ.

2236 5548 2611 5624 Ἱερουργήσας
2643 5546 2720 5609 ὡς
2753 5550 2897 5611 θεῖος
2950 5550 3048 5602 τοῦ
3101 5549 3234 5602 Θεοῦ
3263 5546 3543 5623 ἱεράρχης
3590 5554 3688 5615 τῆς

2168 5637 2374 5700 σιΛείας
2406 5637 2467 5692 τὸ
2525 5637 2717 5693 σεπτὸν
2770 5636 2862 5693 καὶ
2917 5631 3083 5700 ὅντως
3134 5636 3308 5712 ἱερὸν,
3364 5636 3477 5711 ἱερὶ
3545 5635 3800 5704 Βασίλειε,
