4044 6218
225 371 361 426 1377

1355 373 1659 428 HYMNUS
1696 370 1767 420 IN
1805 368 1866 420 8.
1908 362 2512 425 CHRYSOSTOMUM.

3498 382 3520 435 1
3529 381 3635 436 378

224 491 583 566 Εὖαγγὲλιον,
638 501 737 562 τῆς
795 500 895 562 σῆς
956 494 1259 569 ἱερουργίας
1318 495 1627 567 ἀπείληφας
1675 488 1863 564 μισθὸν

2012 492 2277 561 ecepisti,
2306 510 2338 546 ο
2371 510 2537 549 sacer
2558 494 2758 557 Basili,
2784 496 3118 551 mercedem
3151 501 3462 557 sacerdotii
3495 505 3623 559 sine

226 583 403 658 χωρὶς
466 582 694 654 αἳματος
758 589 1091 655 μαρτυρικοῦ
1145 585 1233 638 καὶ
1294 584 1616 660 στεφανίτης
1666 580 1872 657 φανείς.

300 763 385 822 Ὠς
438 760 653 834 οὖρανῷ
712 761 1071 836 παμμεγέθει,
1134 763 1209 823 ὡς
1264 759 1413 833 ἡλίῳ
1463 758 1722 835 ἐμψύχῳ,
1759 759 1785 813 ὁ
1821 756 1872 812 ἐν

225 850 373 922 ἡλίῳ
405 850 595 903 ἑαυτοῦ
646 850 708 903 τὸ
759 851 1025 921 σκήνωμα
1072 850 1262 916 τιθεὶς,
1313 851 1404 904 καὶ
1450 849 1524 911 είς
1553 850 1681 913 τοὺς
1712 849 1873 919 οὐρα-

224 938 347 1001 νοὺς
388 937 440 992 ὲν
489 938 572 992 σοὶ
627 937 895 1010 ἐνῴκισεν’
950 941 1255 1009 Ἐνοικήσω
1303 939 1427 1015 γὰρ,
1461 936 1587 1015 ἔφη,
1618 938 1873 1011 περὶτῶν

227 1030 362 1083 κατά
392 1028 469 1094 σὲ,
502 1028 589 1081 καὶ
623 1026 1051 1101 ἑμπεριπατήσω
1083 1030 1396 1101 θεοπρεπῶς
1428 1026 1479 1081 ἐν
1522 1028 1733 1088 αὐτοῖς.

303 1113 657 1189 Ἀναδραμὼν
706 1115 765 1169 ἐκ
810 1120 916 1170 τῶν
967 1136 1115 1169 κατω
1163 1116 1299 1189 πρὸς
1341 1116 1442 1183 τήν
1477 1112 1588 1169 ἅνω
1618 1111 1873 1187 πατρίδα,

228 1206 316 1258 καὶ
347 1203 439 1258 σὺν
469 1202 726 1279 ἀγγέλοις
775 1203 1053 1270 παρεστὼς
1102 1202 1181 1275 τῷ
1226 1203 1405 1279 θρόνῳ
1434 1208 1513 1275 τῷ
1540 1206 1749 1279 φρικτῴ
1775 1203 1873 1269 τῆς

230 1293 555 1365 ὑπερουσίου
613 1290 869 1363 Τριάδος,
931 1292 1063 1362 δσιε,
1126 1292 1255 1366 ὑπὲρ
1314 1295 1379 1361 ἧς
1438 1290 1695 1367 ἠγωνίσω
1740 1290 1873 1365 πρὸς

231 1380 455 1454 δῦναμιν
512 1382 562 1436 ἐν
595 1386 692 1457 γῇ,
753 1380 1102 1455 μεμνημένος
1140 1383 1215 1454 μή
1249 1380 1420 1456 λίπῃς
1446 1385 1554 1435 τῶν
1593 1379 1877 1453 μεμνημέ-

227 1493 333 1525 νων
364 1493 481 1527 σου.

304 1566 577 1621 Νεανικῶς
609 1557 915 1634 ἐξηλέγχθη
952 1560 1098 1634 παρά
1148 1563 1243 1613 σιῦ
1291 1560 1319 1614 ὁ
1363 1555 1651 1629 τολμήσας
1685 1576 1875 1610 συντα-

223 1655 487 1705 πεινῶσαι
539 1648 714 1720 ἐαυτῷ
755 1650 1012 1718 θεότητος
1066 1648 1301 1725 μορφὴν,
1359 1646 1434 1709 είς
1489 1643 1735 1701 δουλείαν
1780 1640 1876 1698 ἕλ-

224 1761 339 1793 κων
393 1740 491 1807 τὴν
548 1735 871 1806 δεσποτικὴν
930 1742 1134 1806 κακῶς,
1194 1738 1292 1804 τήν
1333 1737 1669 1811 ὑπὲρχρονον
1717 1732 1871 1811 φύσιν

1986 582 2272 652 sanguine
2306 582 2571 654 martyrii
2612 600 2832 639 corona
2862 585 3175 641 redimitus
3207 605 3517 659 apparens.

2058 760 2129 813 Ut
2160 759 2219 813 in
2253 760 2398 814 caelo
2426 761 2742 828 immenso,
2780 769 2843 817 ut
2883 764 2942 817 in
2997 765 3121 818 sole
3148 765 3498 837 vivificante,
3531 769 3631 823 ille

1986 848 2085 917 qui
2122 848 2373 903 tetendit
2402 850 2460 904 in
2494 850 2617 905 sole
2650 869 2822 906 suum
2857 853 3307 909 tabernaculum
3340 862 3396 909 et
3425 858 3483 911 in
3517 874 3629 911 cna-

1985 936 2040 989 lo
2075 936 2135 991 in
2169 943 2221 991 te
2255 938 2573 993 habitavit:
2619 940 2966 996 Inhabitabo
3007 942 3188 1009 enim,
3224 944 3417 1014 inquit
3445 945 3516 1000 de
3548 946 3631 1000 tui

1986 1026 2304 1093 similibus,
2339 1033 2398 1082 et
2427 1029 2742 1100 magniﬁce
2769 1030 2829 1084 in
2863 1030 2948 1085 eis
2980 1031 3317 1087 ambulabo.

2056 1116 2373 1171 Transiens
2420 1117 2493 1171 de
2542 1118 2634 1172 his
2685 1119 2859 1173 terris
2908 1118 2982 1173 ad
3033 1120 3332 1175 cmlestem
3356 1123 3629 1192 patriam,

1988 1204 2347 1276 adstansque
2387 1222 2521 1260 cum
2570 1207 2799 1278 angelis
2848 1208 3062 1263 throno
3116 1210 3449 1265 venerando
3499 1228 3639 1266 san-

1985 1292 2265 1348 ctissimas
2296 1294 2617 1360 Trinitatis,
2642 1313 2673 1350 ο
2697 1303 2919 1364 sancte,
2954 1314 3058 1367 pro
3090 1315 3227 1369 qua,
3253 1305 3541 1369 quantum
3573 1301 3634 1355 in

1988 1386 2043 1435 te
2094 1382 2224 1449 fuit,
2274 1383 2335 1436 in
2387 1385 2559 1438 terris
2604 1384 2941 1453 decertasti,
2993 1403 3223 1443 memor
3267 1405 3341 1444 ne
3373 1388 3635 1444 derelin-

1987 1487 2135 1540 quas
2167 1487 2267 1525 eos
2298 1472 2398 1541 qui
2434 1473 2514 1526 tui
2550 1475 2973 1529 meminerunt.

2057 1559 2309 1613 Omnino
2340 1576 2374 1614 a
2404 1566 2459 1614 te
2491 1562 2826 1617 confutatus
2857 1564 2967 1617 fuit
2996 1564 3107 1618 iste
3128 1566 3229 1635 qui
3262 1566 3511 1621 formam
3542 1568 3636 1621 Di-

1986 1648 2245 1703 vinitatis
2275 1666 2464 1719 usque
2512 1650 2584 1705 ad
2626 1668 2688 1705 se
2740 1651 3071 1723 deprimere
3103 1670 3283 1709 ausus
3316 1660 3425 1717 est,
3457 1672 3631 1724 prave

1985 1742 2219 1791 vertens
2250 1738 2312 1791 in
2344 1739 2615 1793 servilem
2644 1740 3013 1795 Dominicam
3044 1743 3325 1812 speciem,
3358 1749 3632 1798 naturam

224 1828 318 1883 γαῖ
360 1827 633 1893 ἀκτιστον,
692 1826 858 1890 τιθείς
916 1826 1153 1901 πονηρὸν
1210 1828 1299 1880 οἷα
1354 1825 1555 1897 κτίσμα
1614 1825 1747 1897 μετά
1774 1828 1872 1891 τῆς

2011 1829 2271 1879 oternam
2321 1832 2379 1880 et
2420 1827 2766 1895 increatam,
2801 1833 2860 1882 et
2887 1830 3055 1899 quasi
3088 1830 3265 1886 vilem
3297 1836 3631 1886 creaturam

227 1917 476 1980 κτίσεως.

305 2007 481 2083 Νέφος
540 2004 690 2079 παχὺ
746 2008 846 2058 τοῦ
906 2004 1130 2077 σαρκίου
1188 2001 1430 2078 διασχὼν
1485 2004 1575 2057 καὶ
1624 2003 1686 2057 τὸ
1723 1999 1881 2063 δάνος

228 2094 631 2166 διαλυσάμενος
661 2098 729 2168 τῇ
762 2099 860 2169 γῇ,
898 2094 1114 2169 ἀσχέτῳ
1162 2096 1231 2165 τῇ
1282 2096 1460 2167 ψυχῇ,
1488 2091 1579 2147 καὶ
1609 2090 1700 2145 νοΐ
1730 2090 1882 2163 ἀὺλῳ

228 2189 324 2240 νῦν
383 2183 740 2254 εἰσελήλυθας
813 2184 903 2237 τὸν
984 2180 1215 2237 ἀνείδεον
1288 2181 1484 2258 γνόφον
1561 2180 1651 2235 καὶ
1713 2177 1878 2235 ἅϋλον

230 2272 449 2345 ὁμιλεῖν
484 2272 574 2327 καὶ
607 2278 842 2327 συνεῖναι
875 2270 963 2325 καὶ
988 2268 1488 2347 συνευφραίνεσθαι.

306 2364 367 2418 ἹΙ
426 2366 522 2417 τοῦ
580 2366 712 2417 Θεοῦ
770 2360 1071 2430 Ἐκκλησία
1122 2356 1383 2436 ἀσφαλῶς
1442 2354 1744 2431 ἔδρασμένη
1805 2355 1879 2418 ὡς

230 2450 477 2523 θεμελίῳ
508 2449 731 2527 ἀρῥαγεῖ
778 2450 869 2504 καὶ
926 2450 1095 2523 πέτρᾳ
1152 2451 1360 2520 στερεᾷ,
1407 2449 1476 2519 τῇ
1521 2444 1749 2517 ἀσείστφ
1784 2444 1882 2516 βά-

231 2561 314 2593 σει
362 2544 431 2612 τῇ
478 2544 587 2593 τῶν
634 2536 919 2613 δογμάτων
972 2558 1088 2602 σου,
1142 2534 1390 2590 ἐναντίων
1440 2535 1651 2607 ἀνεμων
1685 2538 1879 2596 πνοαῖς

228 2636 566 2707 τυφωνικαῖς
597 2629 985 2704 ἀπερίτρεπτος
1019 2627 1114 2701 μὲν
1156 2627 1311 2698 πόθῳ
1338 2626 1557 2698 τιμῶσά
1587 2645 1664 2681 σε.

309 2804 611 2863 Θεοτόκιον.
662 2840 731 2849 —
790 2806 881 2877 Σὲ,
940 2805 1176 2880 παναγία
1234 2801 1484 2878 Παρθὲνε,
1518 2799 1878 2875 ἀκαταίσχυν-

230 2919 329 2952 τον
391 2892 612 2963 πρέσϐιν
697 2896 788 2951 καὶ
875 2894 1143 2969 μεσιτείαν
1231 2892 1430 2965 εὐμενῆ
1488 2884 1879 2962 προϐάλλομαι

235 2991 446 3047 πιστῶς
472 2990 551 3057 τῷ
585 2986 642 3040 ἐκ
674 2989 769 3039 σοῦ
794 2986 1061 3059 τεχθέντι·
1095 2982 1185 3036 καὶ
1236 2979 1457 3035 ἱκετεύω
1488 3000 1566 3048 σε,
1598 2983 1703 3033 τῶν
1736 2976 1879 3034 πολ-

230 3080 347 3130 Λῶν
386 3097 488 3148 μου
519 3076 871 3146 πταισμάτων
917 3073 983 3127 τά
1026 3070 1215 3141 πλήθη
1260 3070 1328 3124 τὰ
1370 3066 1557 3124 πολλὰ
1590 3072 1882 3142 μητρικαῖς

227 3187 332 3220 σου
362 3160 671 3238 πρεσϐείαις
702 3160 871 3239 ἄρδην
897 3161 1200 3234 ἐξάλειψον.

715 3324 1039 3381 ἸΩΔΝΝΟΥ
1077 3321 1408 3379 ΜΟΝΑΧΟΥ

484 3453 708 3507 ΚΑΝΩΝ
767 3451 882 3505 ΕΙΣ
936 3450 1073 3504 ΤΟΝ
1116 3445 1632 3502 ΧΡΥΣΟΣΤΟΜΟΝ

225 3561 309 3617 Οὔ
365 3560 400 3627 ἡ
461 3555 781 3632 ἀκροστιχίς
835 3554 994 3632 αὕτηξ
1073 3548 1657 3632 Συνώνυμοςιμέλπει
1695 3548 1882 3632 ,σε’τὸ

303 3618 540 3704 χρυσοῦν
576 3618 769 3699 στόμα.
804 3618 1037 3709 Οἴκτρὸς
1071 3618 1318 3709 μοναχὸις
1352 3621 1442 3709 καὶ
1467 3618 1664 3706 ίκὲτης
1695 3618 1881 3709 ’ίωάγ-

299 3691 418 3772 ἵης.
480 3691 685 3776 Ἦμος
716 3714 813 3754 πΛ.
877 3691 951 3772 β’.’
1007 3691 1561 3767 ΚύματΓθαλασσης
1612 3692 1703 3745 τὸν
1746 3691 1883 3764 κρύ-

302 3778 501 3848 ψαντα.

306 3917 546 3987 Στὸματι
596 3913 811 3985 πηλίνῳ
859 3911 949 3966 καὶ
1000 3908 1225 3985 γλώσσῃ
1273 3905 1466 3983 γεώδει
1518 3926 1575 3960 σε
1612 3907 1703 3960 τὸν
1738 3907 1885 3979 Χρυ-

233 4010 502 4077 σίστομον
539 4005 723 4077 ὑμνεῖν
774 4001 1015 4077 ὁρμῶντί
1080 4021 1194 4071 μοι,
1255 3999 1561 4073 χρυσοφαὲς
1596 3995 1883 4069 οὐρανόθεν

234 4098 383 4157 θείας
430 4096 680 4169 γνώσεως
738 4094 1037 4166 ἀμάρυγμα
1084 4088 1437 4164 ἐξαστράψας,
1499 4087 1736 4162 φώτισον
1792 4086 1883 4140 τὸν

230 4191 364 4241 νοῦν
398 4185 485 4239 καὶ
517 4186 618 4253 τὴν
649 4180 869 4257 καρδίαν
909 4201 1013 4252 μου

306 4274 477 4343 Ὕλην
527 4269 886 4348 φθειρομένην
933 4269 1021 4323 καὶ
1076 4266 1297 4342 ῥέουσαν
1348 4261 1522 4337 δόξαν,
1562 4264 1650 4319 καὶ
1682 4264 1889 4337 κόσμον

226 4364 524 4435 τύμπαντα
570 4363 659 4415 καὶ
709 4359 1128 4431 κοσμοκράτορα
1174 4352 1551 4429 περιδραμὼν,
1600 4354 1714 4408 ἀντὶ
1756 4355 1886 4407 πάν-

227 4476 344 4508 των
376 4453 466 4506 τὸν
510 4450 735 4524 Χριστὸν
796 4448 1027 4517 ἐκτήσω,
1088 4446 1391 4521 πάγχρυσε·
1450 4442 1512 4499 οὗ
1553 4443 1780 4517 τρωθεὶς
1809 4447 1890 4514 τῷ

233 4538 401 4617 ἔρωτι
434 4543 633 4615 ἡγήσω
668 4541 841 4593 πάντα
872 4530 1141 4591 σκύϐαλα.

310 4719 521 4791 Νόμοις
570 4722 670 4772 τοῦ
728 4721 991 4784 Σωτῆρος
1055 4713 1295 4785 Χριστοῦ
1349 4709 1751 4782 πειθαρχήσας,
1784 4708 1889 4762 ἀπὸ

231 4808 493 4878 νεότητος
528 4807 613 4862 ἐπὶ
664 4810 773 4859 τῶν
832 4799 998 4875 ὤμων
1056 4821 1152 4854 σου
1210 4792 1493 4852 ἀναλαϐὼν
1535 4796 1627 4850 τὸν
1660 4797 1886 4871 σταυρὸν

236 4921 358 4965 σου,
406 4897 496 4952 διά
550 4897 731 4951 πόνων
789 4902 888 4963 τῆς
948 4894 1227 4961 ἀσκήσεως
1284 4888 1429 4959 αὐτῷ
1484 4887 1887 4957 ἠκολούθησας,

233 4988 439 5061 σαρκὸς
468 4992 668 5059 νεκρῶν
696 4986 757 5039 τὸ
792 4983 961 5060 φρόνη
975 5003 1068 5053 μα.

314 5081 552 5155 ᾯκησας
639 5077 877 5150 ἐρήμους
955 5068 1211 5139 ἀϐάτους,
1291 5066 1574 5144 ἀνύδρους,
1644 5065 1887 5143 ἅστεγος,

235 5168 487 5237 ἄσκευος,
522 5167 783 5244 ἄτροφος,
836 5166 1134 5238 ἄγνωστος,
1194 5159 1375 5233 ὥσπερ
1422 5160 1449 5213 ὁ
1484 5157 1646 5232 μέγας
1675 5156 1889 5228 Ἠλίας,

232 5260 498 5325 Ἰωάννης
538 5278 596 5310 τε
646 5256 672 5309 ὁ
717 5251 1057 5328 πρόδρομος,
1108 5251 1180 5304 ὧν
1236 5248 1419 5318 ζηλῶν
1475 5245 1758 5316 ὲζήλωσας
1788 5247 1887 5315 τήν

240 5346 571 5423 παῤῥησίαν,
604 5342 745 5418 ἅγιε.

314 5435 483 5503 Νίκην
532 5432 921 5507 λαμπροτάτην
978 5430 1265 5501 ἀράμενος,

241 5524 539 5601 δράκοντος
574 5525 705 5599 μετά
731 5521 1006 5598 τροπαίων
1042 5518 1335 5593 λαμπρῶν,
1367 5515 1440 5578 ὥς
1477 5536 1561 5577 τις
1615 5513 1884 5587 ὀλυμπιο-

240 5617 425 5685 νίκης,
456 5615 583 5687 θείῳ
633 5612 901 5685 [Ινεύματι
950 5608 1269 5687 φερόμενος,
1319 5604 1472 5669 αὖθις
1522 5601 1889 5680 ἐπανέδραμες

240 5706 376 5781 πρὸς
409 5706 509 5774 τὴν
543 5702 903 5779 ἐνεγκαμένην
924 5719 1000 5755 σε.

1349 5427 1546 5499 μάκαρ,
1599 5424 1735 5478 κατά
1788 5422 1890 5478 τοῦ

1988 1912 2165 1969 rebus
2188 1914 2399 1969 creatis
2422 1932 2844 1971 annumerans.

2059 2002 2284 2057 Nubem
2315 2019 2575 2058 crassam
2612 2006 2808 2060 carnis
2857 2023 3270 2078 perrumpens,
3314 2006 3632 2077 debitaque

1988 2095 2161 2146 terrae
2211 2091 2462 2155 solvens,
2498 2108 2617 2147 una
2659 2109 2794 2147 cum
2844 2094 3059 2149 invicto
3102 2096 3303 2149 animo
3338 2100 3395 2149 et
3433 2101 3632 2150 mente

1988 2180 2211 2237 cmlesti
2272 2197 2433 2235 nunc
2491 2181 2720 2236 habitas
2778 2182 3062 2237 informes
3134 2188 3191 2237 et
3258 2184 3635 2253 incorporeas

1989 2270 2264 2324 tenebras
2291 2270 2352 2323 in
2385 2270 2602 2339 quibus
2634 2270 2773 2324 licet
2803 2271 3025 2326 versari
3060 2277 3236 2341 atque
3263 2272 3541 2342 gaudere.

2056 2359 2263 2413 Divina
2313 2358 2576 2414 Ecclesia
2643 2364 2768 2413 tuto
2837 2359 3077 2415 condita
3119 2359 3279 2414 velut
3327 2360 3386 2413 in
3454 2359 3639 2414 infra-

1986 2453 2079 2502 cto
2110 2447 2499 2503 fundamento
2539 2454 2598 2503 et
2647 2448 2706 2503 in
2756 2448 2999 2521 scopulo
3053 2450 3245 2515 ﬁrmo,
3279 2449 3636 2504 inconcussa

1987 2535 2115 2590 basi
2172 2541 2410 2591 tuorum
2464 2535 2826 2609 dogmatum,
2886 2537 3267 2593 adversorum
3324 2544 3634 2592 ventorum

1988 2627 2132 2681 ﬂatu
2156 2627 2410 2682 violento
2434 2644 2553 2682 non
2582 2633 2871 2696 movetur,
2898 2634 3073 2698 teque
3096 2634 3413 2683 veneratur
3435 2636 3493 2683 et
3515 2646 3640 2683 sus-

1989 2716 2153 2787 picit.

2059 2806 2335 2874 Deiparae.
2397 2835 2465 2843 —
2522 2805 2617 2867 Te,
2680 2803 3054 2858 sanctissima
3099 2803 3289 2874 Virgo,
3340 2804 3641 2858 honoran-

1987 2891 2124 2946 dam
2158 2891 2411 2963 legatam
2442 2892 2848 2962 Optimamque
2900 2891 3308 2945 mediatricem
3342 2891 3636 2961 prmmitto

1986 2979 2243 3034 libenter
2271 2979 2345 3034 ad
2371 2978 2583 3033 Filium
2616 2978 2686 3033 de
2730 2984 2784 3033 te
2816 2979 3106 3051 genitum,
3138 2984 3314 3049 teque
3347 2979 3637 3049 supplico,

1986 3069 2274 3142 plurimos
2314 3069 2515 3140 lapsus
2545 3084 2710 3123 meos
2769 3074 2827 3123 et
2883 3072 3124 3140 peccata
3154 3072 3425 3124 materna
3454 3068 3641 3122 inter-

1991 3159 2260 3214 cessione
2293 3164 2394 3213 tua
2422 3157 2666 3213 omnino
2700 3156 2851 3215 dele.

2468 3319 2765 3375 JOANNIS
2813 3318 3156 3375 MONACHI.

2302 3443 2591 3499 HYMNUS
2629 3444 2700 3498 IN
2740 3442 3327 3499 CHRYSOSTOMUM.

1991 3551 2190 3604 Prima
2233 3565 2487 3604 versuum
2538 3548 2735 3603 littera:
2782 3550 3137 3618 signiﬁcant:
3187 3548 3353 3603 Alter
3380 3549 3639 3603 Joannes

2063 3620 2265 3675 laudat
2286 3627 2362 3688 te,
2382 3637 2630 3675 aureum
2654 3638 2738 3675 os.
2766 3621 2939 3675 Miser
2962 3620 3289 3675 monachus
3313 3625 3372 3675 et
3393 3620 3644 3690 supplex

2060 3693 2339 3750 Joannes.
2372 3693 2549 3748 Sanus
2573 3693 2655 3763 pl.
2690 3693 2756 3758 ΙΙ,
2790 3692 3046 3761 ﬂuctibus
3084 3695 3253 3747 maris
3283 3692 3568 3747 celantem.

2068 3909 2177 3962 Ore
2209 3906 2369 3961 luteo
2402 3910 2460 3962 et
2491 3906 2694 3979 lingua
2740 3905 3005 3961 terrestri
3057 3910 3111 3961 te
3159 3906 3645 3976 Chrysostomum

1994 3996 2295 4051 celebrare
2326 3996 2603 4065 tentanti,
2661 3994 2877 4050 emisso
2910 3994 2983 4048 de
3018 3994 3180 4049 caelis
3210 3994 3647 4066 fulgentissima

1993 4085 2205 4140 divinas
2236 4085 2568 4157 disciplina:
2601 4084 2942 4156 splendore,
2968 4088 3232 4138 mentem
3263 4081 3541 4135 illumina
3566 4080 3646 4133 si-

1996 4175 2123 4231 mul
2154 4181 2212 4229 et
2240 4180 2468 4246 pectus.

2064 4263 2146 4315 Tu
2186 4260 2426 4331 quidem
2478 4258 2837 4328 contemptis
2889 4272 3019 4325 quas
3068 4254 3331 4325 peritura
3379 4256 3537 4315 sunt,
3587 4255 3648 4305 et

1994 4350 2235 4421 fugitiva
2284 4348 2495 4420 gloria,
2555 4351 2613 4400 et
2662 4346 2938 4399 universo
2990 4341 3234 4404 mundo,
3268 4346 3325 4393 et
3375 4339 3644 4410 principe

1996 4437 2203 4492 mundi
2253 4436 2485 4499 Satana,
2519 4434 2604 4487 vir
2650 4449 2849 4499 auree,
2877 4432 3004 4486 loco
3046 4430 3315 4484 omnium
3346 4427 3646 4483 Christum

1996 4527 2245 4597 adeptus
2277 4540 2339 4579 es
2363 4542 2376 4590 ;
2410 4524 2580 4595 cujus
2607 4538 2808 4577 amore
2832 4520 3065 4576 saucius
3088 4519 3290 4574 omnia
3319 4517 3645 4572 detrimen-

2000 4621 2125 4670 tum
2148 4613 2425 4669 ducebas.

2070 4703 2319 4775 Legibus
2350 4701 2667 4756 Salvatoris
2713 4700 2927 4754 Christi
2960 4696 3297 4768 indulgens,
3324 4712 3359 4751 a
3389 4694 3644 4766 pueritia

2000 4808 2177 4863 super
2208 4792 2487 4846 humeros
2519 4806 2755 4845 crucem
2804 4790 2933 4859 ejus
2964 4786 3301 4856 suscepisti,
3336 4784 3641 4855 ipsiusque

2002 4900 2106 4954 per
2136 4881 2467 4952 disciplinas
2500 4878 2731 4934 labores
2762 4875 3087 4941 adhaesisti,
3113 4874 3482 4929 mortificatis
3514 4888 3644 4928 car-

2001 4974 2094 5027 nis
2127 4970 2423 5026 sensibus.

2071 5059 2422 5115 Inhabitasti
2454 5057 2688 5112 deserta
2719 5056 2892 5123 invia,
2929 5054 3239 5124 inaquosa.
3272 5050 3648 5116 exsul,vesti-

2003 5149 2219 5206 mentis
2250 5148 2498 5218 ciboque
2526 5145 2864 5210 destitutus,
2897 5143 3157 5213 ignotus,
3192 5140 3350 5195 haud
3382 5156 3551 5194 secus
3581 5155 3650 5194 ac

2003 5258 2252 5313 magnus
2284 5238 2461 5303 Elias,
2506 5242 2681 5307 atque
2727 5236 2981 5290 Joannes
3009 5248 3360 5303 praecursor,
3393 5246 3648 5301 quorum

2004 5330 2282 5387 fiduciam
2308 5326 2525 5381 imitari
2560 5323 2859 5389 studuisti,
2894 5321 3290 5377 sanctissime.

2036 5420 2241 5476 Relata
2262 5416 2504 5470 victoria
2530 5412 3033 5485 splendidissima,
3052 5410 3278 5477 beatus,
3295 5409 3365 5464 de
3390 5407 3647 5463 dracone

2003 5508 2260 5565 illustria
2293 5512 2532 5575 tropaea,
2577 5503 2735 5557 velut
2780 5502 2964 5557 victor
3011 5501 3071 5555 in
3113 5499 3435 5571 Olympicis
3468 5498 3645 5561 ludis,

2004 5598 2200 5653 divino
2229 5593 2441 5667 spiritu
2488 5597 2821 5664 reportans,
2874 5607 3081 5646 rursus
3129 5589 3202 5645 ad
3248 5604 3379 5645 eam
3418 5584 3648 5643 rediisti

2003 5707 2137 5766 quae
2171 5693 2226 5743 te
2257 5686 2537 5759 gesserat.
