  <div class='ocr_page' id='page_1' title='image "/cluster/home/n/w/nwhite01/storage/ocr_20150623/96/hvd.32044073502122/695.png"; bbox 0 0 4040 6204; ppageno 0'>
   <div class='ocr_carea' id='block_1_1' title="bbox 462 366 599 421">
    <p class='ocr_par' dir='ltr' id='par_1_1' title="bbox 462 366 599 421">
     <span class='ocr_line' id='line_1_1' title="bbox 462 366 599 421; baseline 0.007 -1"><span class='ocrx_word' id='word_1_1' title='bbox 462 366 599 421; x_wconf 82' lang='grc'>1379</span> 
     </span>
    </p>
   </div>
   <div class='ocr_carea' id='block_1_2' title="bbox 1980 358 3786 425">
    <p class='ocr_par' dir='ltr' id='par_1_2' title="bbox 1980 358 3786 425">
     <span class='ocr_line' id='line_1_2' title="bbox 1980 358 3786 425; baseline 0.005 -9"><span class='ocrx_word' id='word_1_2' title='bbox 1980 358 2340 416; x_wconf 71' lang='grc' dir='ltr'>ΔΒΒΒΝΟΔ.</span> <span class='ocrx_word' id='word_1_3' title='bbox 3679 369 3786 425; x_wconf 77' lang='grc'>1380</span> 
     </span>
    </p>
   </div>
   <div class='ocr_carea' id='block_1_3' title="bbox 532 483 2116 561">
    <p class='ocr_par' dir='ltr' id='par_1_3' title="bbox 532 486 2096 561">
     <span class='ocr_line' id='line_1_3' title="bbox 532 486 2096 561; baseline -0.004 -16"><span class='ocrx_word' id='word_1_4' title='bbox 532 494 800 561; x_wconf 72' lang='lat' dir='ltr'>Deiparae.</span> <span class='ocrx_word' id='word_1_5' title='bbox 833 523 901 530; x_wconf 95' lang='lat'><strong>—</strong></span> <span class='ocrx_word' id='word_1_6' title='bbox 932 491 1037 555; x_wconf 88' lang='lat' dir='ltr'>Qui</span> <span class='ocrx_word' id='word_1_7' title='bbox 1072 491 1130 544; x_wconf 92' lang='lat' dir='ltr'>in</span> <span class='ocrx_word' id='word_1_8' title='bbox 1155 490 1467 545; x_wconf 91' lang='lat' dir='ltr'>indeﬁnito</span> <span class='ocrx_word' id='word_1_9' title='bbox 1491 492 1625 546; x_wconf 86' lang='lat' dir='ltr'>sinu</span> <span class='ocrx_word' id='word_1_10' title='bbox 1649 491 1765 545; x_wconf 83' lang='lat' dir='ltr'>divi</span> <span class='ocrx_word' id='word_1_11' title='bbox 1799 486 2096 543; x_wconf 88' lang='lat' dir='ltr'>Genitoris</span> 
     </span>
    </p>
   </div>
   <div class='ocr_carea' id='block_1_4' title="bbox 2234 483 3788 561">
    <p class='ocr_par' dir='ltr' id='par_1_4' title="bbox 2282 483 3788 559">
     <span class='ocr_line' id='line_1_4' title="bbox 2282 483 3788 559; baseline -0.001 -22"><span class='ocrx_word' id='word_1_12' title='bbox 2282 483 2591 541; x_wconf 83' lang='grc' dir='ltr'>Θεοτόκιον.</span> <span class='ocrx_word' id='word_1_13' title='bbox 2650 514 2713 527; x_wconf 66' lang='grc' dir='ltr'>σοι</span> <span class='ocrx_word' id='word_1_14' title='bbox 2762 484 2823 541; x_wconf 81' lang='grc' dir='ltr'><strong>Ὀ</strong></span> <span class='ocrx_word' id='word_1_15' title='bbox 2878 485 3302 559; x_wconf 78' lang='grc' dir='ltr'>ἀπεριγράπτοις</span> <span class='ocrx_word' id='word_1_16' title='bbox 3368 487 3641 558; x_wconf 73' lang='grc' dir='ltr'>καθήμενος</span> <span class='ocrx_word' id='word_1_17' title='bbox 3687 492 3788 547; x_wconf 70' lang='grc' dir='ltr'>κάλ.</span> 
     </span>
    </p>
   </div>
   <div class='ocr_carea' id='block_1_5' title="bbox 458 578 2106 649">
    <p class='ocr_par' dir='ltr' id='par_1_5' title="bbox 458 578 2106 649">
     <span class='ocr_line' id='line_1_5' title="bbox 458 578 2106 649; baseline -0.004 -16"><span class='ocrx_word' id='word_1_18' title='bbox 458 580 678 633; x_wconf 87' lang='lat' dir='ltr'>inﬁniti</span> <span class='ocrx_word' id='word_1_19' title='bbox 713 580 920 645; x_wconf 89' lang='lat' dir='ltr'>Patris,</span> <span class='ocrx_word' id='word_1_20' title='bbox 967 586 1249 649; x_wconf 76' lang='lat' dir='ltr'>tanquam</span> <span class='ocrx_word' id='word_1_21' title='bbox 1301 580 1679 634; x_wconf 87' lang='lat' dir='ltr'>indeﬁnitum</span> <span class='ocrx_word' id='word_1_22' title='bbox 1726 578 1979 632; x_wconf 85' lang='lat' dir='ltr'>Verbum</span> <span class='ocrx_word' id='word_1_23' title='bbox 2013 590 2106 628; x_wconf 90' lang='lat' dir='ltr'>re-</span> 
     </span>
    </p>
   </div>
   <div class='ocr_carea' id='block_1_6' title="bbox 463 665 2116 739">
    <p class='ocr_par' dir='ltr' id='par_1_6' title="bbox 463 665 2116 739">
     <span class='ocr_line' id='line_1_6' title="bbox 463 665 2116 739; baseline -0.003 -17"><span class='ocrx_word' id='word_1_24' title='bbox 463 670 637 734; x_wconf 88' lang='lat' dir='ltr'>sidet,</span> <span class='ocrx_word' id='word_1_25' title='bbox 666 669 823 723; x_wconf 89' lang='lat' dir='ltr'>idem</span> <span class='ocrx_word' id='word_1_26' title='bbox 854 686 1029 724; x_wconf 88' lang='lat' dir='ltr'>carne</span> <span class='ocrx_word' id='word_1_27' title='bbox 1063 671 1265 723; x_wconf 88' lang='lat' dir='ltr'>ﬁnitus</span> <span class='ocrx_word' id='word_1_28' title='bbox 1290 686 1467 738; x_wconf 84' lang='lat' dir='ltr'>quam</span> <span class='ocrx_word' id='word_1_29' title='bbox 1491 675 1597 723; x_wconf 90' lang='lat' dir='ltr'>ate</span> <span class='ocrx_word' id='word_1_30' title='bbox 1628 667 1978 739; x_wconf 89' lang='lat' dir='ltr'>suscepit,in</span> <span class='ocrx_word' id='word_1_31' title='bbox 2010 665 2116 718; x_wconf 90' lang='lat' dir='ltr'>im-</span> 
     </span>
    </p>
   </div>
   <div class='ocr_carea' id='block_1_7' title="bbox 468 754 2114 831">
    <p class='ocr_par' dir='ltr' id='par_1_7' title="bbox 468 754 2114 831">
     <span class='ocr_line' id='line_1_7' title="bbox 468 754 2114 831; baseline -0.004 -19"><span class='ocrx_word' id='word_1_32' title='bbox 468 758 760 813; x_wconf 90' lang='lat' dir='ltr'>maculato</span> <span class='ocrx_word' id='word_1_33' title='bbox 780 763 879 813; x_wconf 91' lang='lat' dir='ltr'>tuo</span> <span class='ocrx_word' id='word_1_34' title='bbox 892 759 1114 831; x_wconf 87' lang='lat' dir='ltr'>gremio</span> <span class='ocrx_word' id='word_1_35' title='bbox 1129 759 1413 829; x_wconf 86' lang='lat' dir='ltr'>puerulus</span> <span class='ocrx_word' id='word_1_36' title='bbox 1432 754 2114 829; x_wconf 88' lang='lat' dir='ltr'>quiescit,sanctissima.</span> 
     </span>
    </p>
   </div>
   <div class='ocr_carea' id='block_1_8' title="bbox 914 935 1670 1006">
    <p class='ocr_par' dir='ltr' id='par_1_8' title="bbox 914 935 1670 1006">
     <span class='ocr_line' id='line_1_8' title="bbox 914 935 1670 1006; baseline -0.004 -17"><span class='ocrx_word' id='word_1_37' title='bbox 914 935 1024 989; x_wconf 91' lang='lat' dir='ltr'>Ode</span> <span class='ocrx_word' id='word_1_38' title='bbox 1051 936 1149 988; x_wconf 85' lang='grc' dir='ltr'>ΙΙΙ.</span> <span class='ocrx_word' id='word_1_39' title='bbox 1190 938 1256 989; x_wconf 90' lang='lat' dir='ltr'>Te</span> <span class='ocrx_word' id='word_1_40' title='bbox 1284 952 1449 1006; x_wconf 81' lang='lat' dir='ltr'>super</span> <span class='ocrx_word' id='word_1_41' title='bbox 1477 950 1670 1004; x_wconf 87' lang='lat' dir='ltr'>aquas.</span> 
     </span>
    </p>
   </div>
   <div class='ocr_carea' id='block_1_9' title="bbox 543 1018 2121 1091">
    <p class='ocr_par' dir='ltr' id='par_1_9' title="bbox 543 1018 2121 1091">
     <span class='ocr_line' id='line_1_9' title="bbox 543 1018 2121 1091; baseline -0.003 -14"><span class='ocrx_word' id='word_1_42' title='bbox 543 1024 757 1077; x_wconf 84' lang='lat' dir='ltr'>Christi</span> <span class='ocrx_word' id='word_1_43' title='bbox 791 1028 1052 1078; x_wconf 88' lang='lat' dir='ltr'>mentem</span> <span class='ocrx_word' id='word_1_44' title='bbox 1083 1031 1457 1091; x_wconf 85' lang='lat' dir='ltr'>consecutus,</span> <span class='ocrx_word' id='word_1_45' title='bbox 1487 1020 1958 1079; x_wconf 89' lang='lat' dir='ltr'>misericordiam</span> <span class='ocrx_word' id='word_1_46' title='bbox 1992 1018 2121 1089; x_wconf 87' lang='lat' dir='ltr'>ejus</span> 
     </span>
    </p>
   </div>
   <div class='ocr_carea' id='block_1_10' title="bbox 472 1112 2119 1183">
    <p class='ocr_par' dir='ltr' id='par_1_10' title="bbox 472 1112 2119 1183">
     <span class='ocr_line' id='line_1_10' title="bbox 472 1112 2119 1183; baseline -0.003 -18"><span class='ocrx_word' id='word_1_47' title='bbox 472 1112 534 1165; x_wconf 93' lang='lat' dir='ltr'>in</span> <span class='ocrx_word' id='word_1_48' title='bbox 566 1119 855 1183; x_wconf 88' lang='lat' dir='ltr'>quantum</span> <span class='ocrx_word' id='word_1_49' title='bbox 888 1113 1145 1167; x_wconf 88' lang='lat' dir='ltr'>hominis</span> <span class='ocrx_word' id='word_1_50' title='bbox 1192 1118 1319 1167; x_wconf 88' lang='lat' dir='ltr'>erat</span> <span class='ocrx_word' id='word_1_51' title='bbox 1358 1114 1622 1168; x_wconf 84' lang='lat' dir='ltr'>imitatus</span> <span class='ocrx_word' id='word_1_52' title='bbox 1655 1127 1757 1175; x_wconf 89' lang='lat' dir='ltr'>es;</span> <span class='ocrx_word' id='word_1_53' title='bbox 1812 1114 1871 1163; x_wconf 90' lang='lat' dir='ltr'>et</span> <span class='ocrx_word' id='word_1_54' title='bbox 1912 1123 2119 1162; x_wconf 89' lang='lat' dir='ltr'>omnes</span> 
     </span>
    </p>
   </div>
   <div class='ocr_carea' id='block_1_11' title="bbox 474 1196 2117 1273">
    <p class='ocr_par' dir='ltr' id='par_1_11' title="bbox 474 1196 2117 1273">
     <span class='ocr_line' id='line_1_11' title="bbox 474 1196 2117 1273; baseline -0.004 -17"><span class='ocrx_word' id='word_1_55' title='bbox 474 1202 693 1256; x_wconf 89' lang='lat' dir='ltr'>servari</span> <span class='ocrx_word' id='word_1_56' title='bbox 723 1202 955 1257; x_wconf 89' lang='lat' dir='ltr'>voluisti</span> <span class='ocrx_word' id='word_1_57' title='bbox 996 1220 1101 1273; x_wconf 91' lang='lat' dir='ltr'>per</span> <span class='ocrx_word' id='word_1_58' title='bbox 1133 1203 1424 1257; x_wconf 90' lang='lat' dir='ltr'>malorum</span> <span class='ocrx_word' id='word_1_59' title='bbox 1475 1202 1911 1258; x_wconf 86' lang='lat' dir='ltr'>confessionem</span> <span class='ocrx_word' id='word_1_60' title='bbox 1942 1202 2000 1252; x_wconf 89' lang='lat' dir='ltr'>et</span> <span class='ocrx_word' id='word_1_61' title='bbox 2028 1196 2117 1250; x_wconf 82' lang='lat' dir='ltr'>fu-</span> 
     </span>
    </p>
   </div>
   <div class='ocr_carea' id='block_1_12' title="bbox 470 1287 2117 1363">
    <p class='ocr_par' dir='ltr' id='par_1_12' title="bbox 470 1287 2117 1363">
     <span class='ocr_line' id='line_1_12' title="bbox 470 1287 2117 1363; baseline -0.004 -18"><span class='ocrx_word' id='word_1_62' title='bbox 470 1307 625 1363; x_wconf 87' lang='lat' dir='ltr'>gam,</span> <span class='ocrx_word' id='word_1_63' title='bbox 684 1309 789 1361; x_wconf 89' lang='lat' dir='ltr'>per</span> <span class='ocrx_word' id='word_1_64' title='bbox 858 1292 1153 1347; x_wconf 83' lang='lat' dir='ltr'>sinceram</span> <span class='ocrx_word' id='word_1_65' title='bbox 1240 1292 1768 1362; x_wconf 89' lang='lat' dir='ltr'>vehementemque</span> <span class='ocrx_word' id='word_1_66' title='bbox 1824 1287 2117 1360; x_wconf 73' lang='lat' dir='ltr'>poeniten-</span> 
     </span>
    </p>
   </div>
   <div class='ocr_carea' id='block_1_13' title="bbox 472 1380 636 1434">
    <p class='ocr_par' dir='ltr' id='par_1_13' title="bbox 472 1380 636 1434">
     <span class='ocr_line' id='line_1_13' title="bbox 472 1380 636 1434; baseline -0.012 0"><span class='ocrx_word' id='word_1_67' title='bbox 472 1380 636 1434; x_wconf 87' lang='lat' dir='ltr'>tiam.</span> 
     </span>
    </p>
   </div>
   <div class='ocr_carea' id='block_1_14' title="bbox 548 1462 2119 1539">
    <p class='ocr_par' dir='ltr' id='par_1_14' title="bbox 548 1462 2119 1539">
     <span class='ocr_line' id='line_1_14' title="bbox 548 1462 2119 1539; baseline -0.004 -17"><span class='ocrx_word' id='word_1_68' title='bbox 548 1469 724 1522; x_wconf 88' lang='lat' dir='ltr'>Unxit</span> <span class='ocrx_word' id='word_1_69' title='bbox 753 1473 808 1522; x_wconf 90' lang='lat' dir='ltr'>te</span> <span class='ocrx_word' id='word_1_70' title='bbox 841 1474 1078 1523; x_wconf 89' lang='lat' dir='ltr'>sanctus</span> <span class='ocrx_word' id='word_1_71' title='bbox 1112 1470 1366 1539; x_wconf 87' lang='lat' dir='ltr'>Spiritus</span> <span class='ocrx_word' id='word_1_72' title='bbox 1398 1471 1571 1533; x_wconf 90' lang='lat' dir='ltr'>Deus,</span> <span class='ocrx_word' id='word_1_73' title='bbox 1599 1470 1751 1523; x_wconf 89' lang='lat' dir='ltr'>Deus</span> <span class='ocrx_word' id='word_1_74' title='bbox 1782 1471 1939 1531; x_wconf 86' lang='lat' dir='ltr'>tuus,</span> <span class='ocrx_word' id='word_1_75' title='bbox 1964 1468 2031 1517; x_wconf 91' lang='lat' dir='ltr'>ut</span> <span class='ocrx_word' id='word_1_76' title='bbox 2056 1462 2119 1516; x_wconf 92' lang='lat' dir='ltr'>in</span> 
     </span>
    </p>
   </div>
   <div class='ocr_carea' id='block_1_15' title="bbox 473 1557 2119 1626">
    <p class='ocr_par' dir='ltr' id='par_1_15' title="bbox 473 1557 2119 1626">
     <span class='ocr_line' id='line_1_15' title="bbox 473 1557 2119 1626; baseline -0.004 -16"><span class='ocrx_word' id='word_1_77' title='bbox 473 1560 605 1610; x_wconf 88' lang='lat' dir='ltr'>tuos</span> <span class='ocrx_word' id='word_1_78' title='bbox 636 1557 833 1611; x_wconf 91' lang='lat' dir='ltr'>oleum</span> <span class='ocrx_word' id='word_1_79' title='bbox 857 1557 1268 1611; x_wconf 79' lang='lat' dir='ltr'>exsultationis</span> <span class='ocrx_word' id='word_1_80' title='bbox 1293 1558 1649 1620; x_wconf 72' lang='lat' dir='ltr'>elfunderes,</span> <span class='ocrx_word' id='word_1_81' title='bbox 1677 1561 1735 1609; x_wconf 90' lang='lat' dir='ltr'>et</span> <span class='ocrx_word' id='word_1_82' title='bbox 1755 1557 2119 1626; x_wconf 88' lang='lat' dir='ltr'>unguentem</span> 
     </span>
    </p>
   </div>
   <div class='ocr_carea' id='block_1_16' title="bbox 476 1642 2119 1713">
    <p class='ocr_par' dir='ltr' id='par_1_16' title="bbox 476 1642 2119 1713">
     <span class='ocr_line' id='line_1_16' title="bbox 476 1642 2119 1713; baseline 0 -16"><span class='ocrx_word' id='word_1_83' title='bbox 476 1644 685 1698; x_wconf 60' lang='lat' dir='ltr'>divinas</span> <span class='ocrx_word' id='word_1_84' title='bbox 718 1646 1038 1713; x_wconf 87' lang='lat' dir='ltr'>unctionis,</span> <span class='ocrx_word' id='word_1_85' title='bbox 1066 1653 1122 1700; x_wconf 90' lang='lat' dir='ltr'>et</span> <span class='ocrx_word' id='word_1_86' title='bbox 1142 1646 1363 1700; x_wconf 84' lang='lat' dir='ltr'>difﬂuit</span> <span class='ocrx_word' id='word_1_87' title='bbox 1383 1646 1455 1701; x_wconf 90' lang='lat' dir='ltr'>de</span> <span class='ocrx_word' id='word_1_88' title='bbox 1476 1645 1649 1701; x_wconf 88' lang='lat' dir='ltr'>labiis</span> <span class='ocrx_word' id='word_1_89' title='bbox 1673 1645 1793 1698; x_wconf 88' lang='lat' dir='ltr'>suis</span> <span class='ocrx_word' id='word_1_90' title='bbox 1828 1642 2119 1697; x_wconf 85' lang='lat' dir='ltr'>ditissima</span> 
     </span>
    </p>
   </div>
   <div class='ocr_carea' id='block_1_17' title="bbox 474 1736 681 1805">
    <p class='ocr_par' dir='ltr' id='par_1_17' title="bbox 474 1736 681 1805">
     <span class='ocr_line' id='line_1_17' title="bbox 474 1736 681 1805; baseline 0.01 -19"><span class='ocrx_word' id='word_1_91' title='bbox 474 1736 681 1805; x_wconf 87' lang='lat' dir='ltr'>gratia.</span> 
     </span>
    </p>
   </div>
   <div class='ocr_carea' id='block_1_18' title="bbox 2222 571 3788 651">
    <p class='ocr_par' dir='ltr' id='par_1_18' title="bbox 2222 571 3788 651">
     <span class='ocr_line' id='line_1_18' title="bbox 2222 571 3788 651; baseline 0.006 -27"><span class='ocrx_word' id='word_1_92' title='bbox 2222 592 2345 632; x_wconf 87' lang='grc' dir='ltr'>ποις</span> <span class='ocrx_word' id='word_1_93' title='bbox 2405 571 2549 626; x_wconf 84' lang='grc' dir='ltr'>Οείου</span> <span class='ocrx_word' id='word_1_94' title='bbox 2633 575 2964 646; x_wconf 73' lang='grc' dir='ltr'>Γεννήτορος</span> <span class='ocrx_word' id='word_1_95' title='bbox 3051 574 3450 647; x_wconf 82' lang='grc' dir='ltr'>ἀπεριγράπτου</span> <span class='ocrx_word' id='word_1_96' title='bbox 3504 578 3687 651; x_wconf 74' lang='grc' dir='ltr'>Πατρδς</span> <span class='ocrx_word' id='word_1_97' title='bbox 3735 582 3788 642; x_wconf 83' lang='grc' dir='ltr'>ὡς</span> 
     </span>
    </p>
   </div>
   <div class='ocr_carea' id='block_1_19' title="bbox 2224 658 3788 740">
    <p class='ocr_par' dir='ltr' id='par_1_19' title="bbox 2224 658 3788 740">
     <span class='ocr_line' id='line_1_19' title="bbox 2224 658 3788 740; baseline 0.003 -27"><span class='ocrx_word' id='word_1_98' title='bbox 2224 658 2625 736; x_wconf 84' lang='grc' dir='ltr'>ἀπερίγραπτος</span> <span class='ocrx_word' id='word_1_99' title='bbox 2684 661 2884 735; x_wconf 83' lang='grc' dir='ltr'>Λόγος,</span> <span class='ocrx_word' id='word_1_100' title='bbox 2941 666 3011 734; x_wconf 82' lang='grc' dir='ltr'>τῇ</span> <span class='ocrx_word' id='word_1_101' title='bbox 3070 664 3230 734; x_wconf 79' lang='grc' dir='ltr'>σαρκὶ</span> <span class='ocrx_word' id='word_1_102' title='bbox 3282 665 3606 740; x_wconf 58' lang='grc' dir='ltr'>περιγραφαῖς</span> <span class='ocrx_word' id='word_1_103' title='bbox 3656 669 3711 738; x_wconf 76' lang='grc' dir='ltr'>τῇ</span> <span class='ocrx_word' id='word_1_104' title='bbox 3747 669 3788 723; x_wconf 75' lang='grc' dir='ltr'>ὲκ</span> 
     </span>
    </p>
   </div>
   <div class='ocr_carea' id='block_1_20' title="bbox 2223 749 3791 827">
    <p class='ocr_par' dir='ltr' id='par_1_20' title="bbox 2223 749 3791 827">
     <span class='ocr_line' id='line_1_20' title="bbox 2223 749 3791 827; baseline 0.005 -25"><span class='ocrx_word' id='word_1_105' title='bbox 2223 753 2339 817; x_wconf 91' lang='grc' dir='ltr'>σοῦ,</span> <span class='ocrx_word' id='word_1_106' title='bbox 2369 754 2487 813; x_wconf 88' lang='grc' dir='ltr'>τοῖς</span> <span class='ocrx_word' id='word_1_107' title='bbox 2517 749 2809 824; x_wconf 79' lang='grc' dir='ltr'>αχράντοις</span> <span class='ocrx_word' id='word_1_108' title='bbox 2857 749 3091 812; x_wconf 84' lang='grc' dir='ltr'>κόλποις</span> <span class='ocrx_word' id='word_1_109' title='bbox 3139 772 3235 805; x_wconf 91' lang='grc' dir='ltr'>σου</span> <span class='ocrx_word' id='word_1_110' title='bbox 3291 750 3500 827; x_wconf 70' lang='grc' dir='ltr'>βρέφος,</span> <span class='ocrx_word' id='word_1_111' title='bbox 3532 756 3672 827; x_wconf 72' lang='grc' dir='ltr'>ἁγνὴ,</span> <span class='ocrx_word' id='word_1_112' title='bbox 3696 760 3791 810; x_wconf 73' lang='grc' dir='ltr'>καθ-</span> 
     </span>
    </p>
   </div>
   <div class='ocr_carea' id='block_1_21' title="bbox 2223 839 2419 907">
    <p class='ocr_par' dir='ltr' id='par_1_21' title="bbox 2223 839 2419 907">
     <span class='ocr_line' id='line_1_21' title="bbox 2223 839 2419 907; baseline 0.005 -15"><span class='ocrx_word' id='word_1_113' title='bbox 2223 839 2395 907; x_wconf 74' lang='grc' dir='ltr'>έζεται</span> <span class='ocrx_word' id='word_1_114' title='bbox 2406 880 2419 893; x_wconf 89' lang='grc'><strong>.</strong></span> 
     </span>
    </p>
   </div>
   <div class='ocr_carea' id='block_1_22' title="bbox 2612 928 3467 1007">
    <p class='ocr_par' dir='ltr' id='par_1_22' title="bbox 2612 928 3467 1007">
     <span class='ocr_line' id='line_1_22' title="bbox 2612 928 3467 1007; baseline 0 -22"><span class='ocrx_word' id='word_1_115' title='bbox 2612 929 2745 1007; x_wconf 79' lang='grc' dir='ltr'>’ῼδὴ</span> <span class='ocrx_word' id='word_1_116' title='bbox 2776 932 2848 987; x_wconf 73' lang='lat' dir='ltr'>I&quot;.</span> <span class='ocrx_word' id='word_1_117' title='bbox 2885 932 2955 986; x_wconf 70' lang='grc' dir='ltr'><strong>Σὲ</strong></span> <span class='ocrx_word' id='word_1_118' title='bbox 2984 936 3092 985; x_wconf 80' lang='grc' dir='ltr'>τῶν</span> <span class='ocrx_word' id='word_1_119' title='bbox 3126 930 3212 985; x_wconf 78' lang='grc' dir='ltr'>ἐπὶ</span> <span class='ocrx_word' id='word_1_120' title='bbox 3247 928 3467 986; x_wconf 78' lang='grc' dir='ltr'>ὑδάτων.</span> 
     </span>
    </p>
   </div>
   <div class='ocr_carea' id='block_1_23' title="bbox 2296 1016 3796 1094">
    <p class='ocr_par' dir='ltr' id='par_1_23' title="bbox 2296 1016 3796 1094">
     <span class='ocr_line' id='line_1_23' title="bbox 2296 1016 3796 1094; baseline 0.005 -24"><span class='ocrx_word' id='word_1_121' title='bbox 2296 1016 2369 1071; x_wconf 78' lang='grc' dir='ltr'>Σὺ</span> <span class='ocrx_word' id='word_1_122' title='bbox 2400 1022 2525 1073; x_wconf 90' lang='grc' dir='ltr'>νοῦν</span> <span class='ocrx_word' id='word_1_123' title='bbox 2574 1023 2814 1094; x_wconf 79' lang='grc' dir='ltr'>Χριστοῦ</span> <span class='ocrx_word' id='word_1_124' title='bbox 2862 1017 3198 1090; x_wconf 79' lang='grc' dir='ltr'>πλουτήσας,</span> <span class='ocrx_word' id='word_1_125' title='bbox 3250 1017 3520 1089; x_wconf 76' lang='grc' dir='ltr'>ἐζήλωσας</span> <span class='ocrx_word' id='word_1_126' title='bbox 3560 1023 3649 1091; x_wconf 80' lang='grc' dir='ltr'>τήν</span> <span class='ocrx_word' id='word_1_127' title='bbox 3672 1022 3796 1079; x_wconf 68' lang='grc' dir='ltr'>αὑτοῦ</span> 
     </span>
    </p>
   </div>
   <div class='ocr_carea' id='block_1_24' title="bbox 2223 1104 3795 1182">
    <p class='ocr_par' dir='ltr' id='par_1_24' title="bbox 2223 1104 3795 1182">
     <span class='ocr_line' id='line_1_24' title="bbox 2223 1104 3795 1182; baseline 0.004 -22"><span class='ocrx_word' id='word_1_128' title='bbox 2223 1104 2627 1182; x_wconf 80' lang='grc' dir='ltr'>εὖσπλαγχνίαν</span> <span class='ocrx_word' id='word_1_129' title='bbox 2710 1110 2785 1170; x_wconf 83' lang='grc' dir='ltr'>ὡς</span> <span class='ocrx_word' id='word_1_130' title='bbox 2868 1106 3094 1163; x_wconf 86' lang='grc' dir='ltr'>δυνατὸν</span> <span class='ocrx_word' id='word_1_131' title='bbox 3179 1110 3466 1181; x_wconf 71' lang='grc' dir='ltr'>ἀνθρώπῳο</span> <span class='ocrx_word' id='word_1_132' title='bbox 3522 1111 3605 1164; x_wconf 80' lang='lat' dir='ltr'>xui</span> <span class='ocrx_word' id='word_1_133' title='bbox 3668 1117 3795 1167; x_wconf 74' lang='grc' dir='ltr'>σῶσαι</span> 
     </span>
    </p>
   </div>
   <div class='ocr_carea' id='block_1_25' title="bbox 2223 1194 3798 1274">
    <p class='ocr_par' dir='ltr' id='par_1_25' title="bbox 2223 1194 3798 1274">
     <span class='ocr_line' id='line_1_25' title="bbox 2223 1194 3798 1274; baseline 0.004 -25"><span class='ocrx_word' id='word_1_134' title='bbox 2223 1195 2423 1257; x_wconf 87' lang='grc' dir='ltr'>πάντας</span> <span class='ocrx_word' id='word_1_135' title='bbox 2452 1194 2785 1259; x_wconf 81' lang='grc' dir='ltr'>ἐσπούδασας</span> <span class='ocrx_word' id='word_1_136' title='bbox 2841 1195 2910 1252; x_wconf 88' lang='grc' dir='ltr'>δι’</span> <span class='ocrx_word' id='word_1_137' title='bbox 2960 1197 3322 1273; x_wconf 80' lang='grc' dir='ltr'>ὲξομολογίας</span> <span class='ocrx_word' id='word_1_138' title='bbox 3369 1200 3457 1253; x_wconf 84' lang='lat' dir='ltr'>xui</span> <span class='ocrx_word' id='word_1_139' title='bbox 3504 1197 3695 1274; x_wconf 75' lang='grc' dir='ltr'>ἀποχῆς</span> <span class='ocrx_word' id='word_1_140' title='bbox 3720 1223 3798 1255; x_wconf 77' lang='grc' dir='ltr'>κα-</span> 
     </span>
    </p>
   </div>
   <div class='ocr_carea' id='block_1_26' title="bbox 2221 1284 3404 1360">
    <p class='ocr_par' dir='ltr' id='par_1_26' title="bbox 2221 1284 3404 1360">
     <span class='ocr_line' id='line_1_26' title="bbox 2221 1284 3404 1360; baseline 0.003 -21"><span class='ocrx_word' id='word_1_141' title='bbox 2221 1288 2356 1355; x_wconf 82' lang='grc' dir='ltr'>κῶν,</span> <span class='ocrx_word' id='word_1_142' title='bbox 2388 1285 2478 1340; x_wconf 83' lang='grc' dir='ltr'>καὶ</span> <span class='ocrx_word' id='word_1_143' title='bbox 2511 1284 2826 1359; x_wconf 82' lang='grc' dir='ltr'>ἐμπράκτου</span> <span class='ocrx_word' id='word_1_144' title='bbox 2858 1288 3141 1360; x_wconf 80' lang='grc' dir='ltr'>μετανοίας</span> <span class='ocrx_word' id='word_1_145' title='bbox 3174 1288 3404 1360; x_wconf 78' lang='grc' dir='ltr'>θερμῆς.</span> 
     </span>
    </p>
   </div>
   <div class='ocr_carea' id='block_1_27' title="bbox 2295 1462 3801 1539">
    <p class='ocr_par' dir='ltr' id='par_1_27' title="bbox 2295 1462 3801 1539">
     <span class='ocr_line' id='line_1_27' title="bbox 2295 1462 3801 1539; baseline 0.002 -23"><span class='ocrx_word' id='word_1_146' title='bbox 2295 1464 2523 1539; x_wconf 76' lang='grc' dir='ltr'>Ἓχρισὲ</span> <span class='ocrx_word' id='word_1_147' title='bbox 2554 1485 2612 1518; x_wconf 91' lang='grc' dir='ltr'>σε</span> <span class='ocrx_word' id='word_1_148' title='bbox 2641 1464 2703 1519; x_wconf 90' lang='grc' dir='ltr'>τὸ</span> <span class='ocrx_word' id='word_1_149' title='bbox 2737 1469 2957 1538; x_wconf 85' lang='grc' dir='ltr'>Πνεῦμα</span> <span class='ocrx_word' id='word_1_150' title='bbox 2988 1466 3048 1519; x_wconf 88' lang='grc' dir='ltr'>τὸ</span> <span class='ocrx_word' id='word_1_151' title='bbox 3080 1466 3233 1539; x_wconf 72' lang='grc' dir='ltr'>ἅγιον</span> <span class='ocrx_word' id='word_1_152' title='bbox 3286 1467 3314 1519; x_wconf 90' lang='grc' dir='ltr'>ὁ</span> <span class='ocrx_word' id='word_1_153' title='bbox 3372 1465 3517 1533; x_wconf 83' lang='grc' dir='ltr'>Θεὸς,</span> <span class='ocrx_word' id='word_1_154' title='bbox 3551 1464 3576 1517; x_wconf 86' lang='grc' dir='ltr'>ὁ</span> <span class='ocrx_word' id='word_1_155' title='bbox 3602 1462 3711 1525; x_wconf 78' lang='grc' dir='ltr'>Θιός</span> <span class='ocrx_word' id='word_1_156' title='bbox 3733 1486 3801 1519; x_wconf 78' lang='grc' dir='ltr'>σου</span> 
     </span>
    </p>
   </div>
   <div class='ocr_carea' id='block_1_28' title="bbox 2224 1547 3801 1629">
    <p class='ocr_par' dir='ltr' id='par_1_28' title="bbox 2224 1547 3801 1629">
     <span class='ocr_line' id='line_1_28' title="bbox 2224 1547 3801 1629; baseline 0.001 -24"><span class='ocrx_word' id='word_1_157' title='bbox 2224 1549 2310 1605; x_wconf 76' lang='grc' dir='ltr'>ἐπὶ</span> <span class='ocrx_word' id='word_1_158' title='bbox 2367 1552 2494 1615; x_wconf 78' lang='grc' dir='ltr'>τοὺς</span> <span class='ocrx_word' id='word_1_159' title='bbox 2554 1553 2679 1615; x_wconf 81' lang='grc' dir='ltr'>σοὺς</span> <span class='ocrx_word' id='word_1_160' title='bbox 2737 1554 3010 1629; x_wconf 78' lang='grc' dir='ltr'>μετόχους</span> <span class='ocrx_word' id='word_1_161' title='bbox 3068 1553 3451 1627; x_wconf 80' lang='grc' dir='ltr'>ἀγαλλιάσεως</span> <span class='ocrx_word' id='word_1_162' title='bbox 3505 1547 3685 1621; x_wconf 81' lang='grc' dir='ltr'>ἔλαιον,</span> <span class='ocrx_word' id='word_1_163' title='bbox 3738 1555 3801 1607; x_wconf 76' lang='grc' dir='ltr'>καὶ</span> 
     </span>
    </p>
   </div>
   <div class='ocr_carea' id='block_1_29' title="bbox 2229 1639 3804 1718">
    <p class='ocr_par' dir='ltr' id='par_1_29' title="bbox 2229 1639 3804 1718">
     <span class='ocr_line' id='line_1_29' title="bbox 2229 1639 3804 1718; baseline 0 -23"><span class='ocrx_word' id='word_1_164' title='bbox 2229 1640 2397 1715; x_wconf 68' lang='grc' dir='ltr'>μύρον</span> <span class='ocrx_word' id='word_1_165' title='bbox 2460 1641 2607 1705; x_wconf 83' lang='grc' dir='ltr'>θείου</span> <span class='ocrx_word' id='word_1_166' title='bbox 2663 1642 2990 1716; x_wconf 80' lang='grc' dir='ltr'>χρίσματος,</span> <span class='ocrx_word' id='word_1_167' title='bbox 3045 1644 3136 1698; x_wconf 81' lang='grc' dir='ltr'>καὶ</span> <span class='ocrx_word' id='word_1_168' title='bbox 3192 1642 3425 1718; x_wconf 72' lang='grc' dir='ltr'>ἐξεχύθη</span> <span class='ocrx_word' id='word_1_169' title='bbox 3486 1662 3577 1696; x_wconf 88' lang='grc' dir='ltr'>σου</span> <span class='ocrx_word' id='word_1_170' title='bbox 3620 1639 3804 1714; x_wconf 69' lang='grc' dir='ltr'>δαψιλὴς</span> 
     </span>
    </p>
   </div>
   <div class='ocr_carea' id='block_1_30' title="bbox 2226 1730 2767 1806">
    <p class='ocr_par' dir='ltr' id='par_1_30' title="bbox 2226 1730 2767 1806">
     <span class='ocr_line' id='line_1_30' title="bbox 2226 1730 2767 1806; baseline 0.007 -22"><span class='ocrx_word' id='word_1_171' title='bbox 2226 1732 2386 1806; x_wconf 86' lang='grc' dir='ltr'>χάρις</span> <span class='ocrx_word' id='word_1_172' title='bbox 2420 1730 2471 1785; x_wconf 83' lang='grc' dir='ltr'>ἐν</span> <span class='ocrx_word' id='word_1_173' title='bbox 2508 1731 2767 1806; x_wconf 88' lang='grc' dir='ltr'>χείλεσιν.</span> 
     </span>
    </p>
   </div>
   <div class='ocr_carea' id='block_1_31' title="bbox 545 1818 2116 1914">
    <p class='ocr_par' dir='ltr' id='par_1_31' title="bbox 545 1822 2116 1896">
     <span class='ocr_line' id='line_1_31' title="bbox 545 1822 2116 1896; baseline -0.003 -16"><span class='ocrx_word' id='word_1_174' title='bbox 545 1828 846 1896; x_wconf 85' lang='lat' dir='ltr'>Tanquam</span> <span class='ocrx_word' id='word_1_175' title='bbox 879 1842 1040 1879; x_wconf 89' lang='lat' dir='ltr'>mare</span> <span class='ocrx_word' id='word_1_176' title='bbox 1073 1825 1339 1896; x_wconf 90' lang='lat' dir='ltr'>erupisti,</span> <span class='ocrx_word' id='word_1_177' title='bbox 1369 1826 1804 1895; x_wconf 87' lang='lat' dir='ltr'>Chrysostome,</span> <span class='ocrx_word' id='word_1_178' title='bbox 1839 1822 2116 1877; x_wconf 91' lang='lat' dir='ltr'>suavissi-</span> 
     </span>
    </p>
   </div>
   <div class='ocr_carea' id='block_1_32' title="bbox 2234 1818 3803 1914">
    <p class='ocr_par' dir='ltr' id='par_1_32' title="bbox 2298 1818 3803 1914">
     <span class='ocr_line' id='line_1_32' title="bbox 2298 1818 3803 1914; baseline 0 -39"><span class='ocrx_word' id='word_1_179' title='bbox 2298 1819 2538 1894; x_wconf 72' lang='grc' dir='ltr'>Πέλαγος</span> <span class='ocrx_word' id='word_1_180' title='bbox 2596 1821 2882 1896; x_wconf 78' lang='grc' dir='ltr'>ἐξηρεὺξω,</span> <span class='ocrx_word' id='word_1_181' title='bbox 2943 1822 3315 1914; x_wconf 60' lang='grc' dir='ltr'>Χρυσόστομε,</span> <span class='ocrx_word' id='word_1_182' title='bbox 3381 1818 3610 1896; x_wconf 78' lang='grc' dir='ltr'>διδαχῶν</span> <span class='ocrx_word' id='word_1_183' title='bbox 3650 1821 3803 1897; x_wconf 76' lang='grc' dir='ltr'>γλυχυο</span> 
     </span>
    </p>
   </div>
   <div class='ocr_carea' id='block_1_33' title="bbox 471 1911 2113 1982">
    <p class='ocr_par' dir='ltr' id='par_1_33' title="bbox 471 1911 2113 1982">
     <span class='ocr_line' id='line_1_33' title="bbox 471 1911 2113 1982; baseline -0.003 -12"><span class='ocrx_word' id='word_1_184' title='bbox 471 1932 704 1970; x_wconf 90' lang='lat' dir='ltr'>marum</span> <span class='ocrx_word' id='word_1_185' title='bbox 737 1915 1162 1982; x_wconf 87' lang='lat' dir='ltr'>doctrinarum,</span> <span class='ocrx_word' id='word_1_186' title='bbox 1221 1921 1277 1968; x_wconf 88' lang='lat' dir='ltr'>et</span> <span class='ocrx_word' id='word_1_187' title='bbox 1328 1915 1602 1969; x_wconf 87' lang='lat' dir='ltr'>arefactis</span> <span class='ocrx_word' id='word_1_188' title='bbox 1655 1913 1831 1968; x_wconf 88' lang='lat' dir='ltr'>simul</span> <span class='ocrx_word' id='word_1_189' title='bbox 1863 1911 2113 1967; x_wconf 65' lang='lat' dir='ltr'>caenosis</span> 
     </span>
    </p>
   </div>
   <div class='ocr_carea' id='block_1_34' title="bbox 470 2000 2112 2073">
    <p class='ocr_par' dir='ltr' id='par_1_34' title="bbox 470 2000 2112 2073">
     <span class='ocr_line' id='line_1_34' title="bbox 470 2000 2112 2073; baseline -0.002 -17"><span class='ocrx_word' id='word_1_190' title='bbox 470 2004 841 2073; x_wconf 88' lang='lat' dir='ltr'>turbidisque</span> <span class='ocrx_word' id='word_1_191' title='bbox 875 2008 933 2056; x_wconf 90' lang='lat' dir='ltr'>et</span> <span class='ocrx_word' id='word_1_192' title='bbox 963 2003 1167 2056; x_wconf 89' lang='lat' dir='ltr'>invisis</span> <span class='ocrx_word' id='word_1_193' title='bbox 1216 2008 1273 2055; x_wconf 91' lang='lat' dir='ltr'>et</span> <span class='ocrx_word' id='word_1_194' title='bbox 1320 2002 1665 2055; x_wconf 83' lang='lat' dir='ltr'>salsissimis</span> <span class='ocrx_word' id='word_1_195' title='bbox 1697 2000 2112 2055; x_wconf 72' lang='lat' dir='ltr'>haereticorum</span> 
     </span>
    </p>
   </div>
   <div class='ocr_carea' id='block_1_35' title="bbox 465 2090 1738 2162">
    <p class='ocr_par' dir='ltr' id='par_1_35' title="bbox 465 2090 1738 2162">
     <span class='ocr_line' id='line_1_35' title="bbox 465 2090 1738 2162; baseline -0.002 -15"><span class='ocrx_word' id='word_1_196' title='bbox 465 2092 805 2162; x_wconf 79' lang='lat' dir='ltr'>paludibus,</span> <span class='ocrx_word' id='word_1_197' title='bbox 838 2098 897 2146; x_wconf 88' lang='lat' dir='ltr'>et</span> <span class='ocrx_word' id='word_1_198' title='bbox 925 2092 1160 2145; x_wconf 81' lang='lat' dir='ltr'>refectis</span> <span class='ocrx_word' id='word_1_199' title='bbox 1191 2090 1469 2145; x_wconf 87' lang='lat' dir='ltr'>cordibus</span> <span class='ocrx_word' id='word_1_200' title='bbox 1499 2091 1738 2145; x_wconf 89' lang='lat' dir='ltr'>nostris.</span> 
     </span>
    </p>
   </div>
   <div class='ocr_carea' id='block_1_36' title="bbox 535 2177 2111 2251">
    <p class='ocr_par' dir='ltr' id='par_1_36' title="bbox 535 2177 2111 2251">
     <span class='ocr_line' id='line_1_36' title="bbox 535 2177 2111 2251; baseline -0.003 -15"><span class='ocrx_word' id='word_1_201' title='bbox 535 2185 804 2251; x_wconf 67' lang='lat' dir='ltr'>Deiparae.</span> <span class='ocrx_word' id='word_1_202' title='bbox 831 2212 896 2222; x_wconf 96' lang='lat'>—</span> <span class='ocrx_word' id='word_1_203' title='bbox 922 2181 992 2235; x_wconf 88' lang='lat' dir='ltr'>Ut</span> <span class='ocrx_word' id='word_1_204' title='bbox 1014 2180 1486 2250; x_wconf 81' lang='lat' dir='ltr'>comprehendas</span> <span class='ocrx_word' id='word_1_205' title='bbox 1511 2186 1697 2233; x_wconf 87' lang='lat' dir='ltr'>totum</span> <span class='ocrx_word' id='word_1_206' title='bbox 1732 2177 2111 2249; x_wconf 88' lang='lat' dir='ltr'>splendorem</span> 
     </span>
    </p>
   </div>
   <div class='ocr_carea' id='block_1_37' title="bbox 463 2268 1913 2339">
    <p class='ocr_par' dir='ltr' id='par_1_37' title="bbox 463 2268 1913 2339">
     <span class='ocr_line' id='line_1_37' title="bbox 463 2268 1913 2339; baseline -0.003 -14"><span class='ocrx_word' id='word_1_207' title='bbox 463 2277 679 2325; x_wconf 73' lang='lat' dir='ltr'>sanctas</span> <span class='ocrx_word' id='word_1_208' title='bbox 710 2270 1029 2337; x_wconf 83' lang='lat' dir='ltr'>Trinitatis,</span> <span class='ocrx_word' id='word_1_209' title='bbox 1064 2269 1485 2325; x_wconf 90' lang='lat' dir='ltr'>illuminasti...</span> <span class='ocrx_word' id='word_1_210' title='bbox 1520 2268 1913 2339; x_wconf 82' lang='lat' dir='ltr'>rejicientem.</span> 
     </span>
    </p>
   </div>
   <div class='ocr_carea' id='block_1_38' title="bbox 1156 2475 1408 2530">
    <p class='ocr_par' dir='ltr' id='par_1_38' title="bbox 1156 2475 1408 2530">
     <span class='ocr_line' id='line_1_38' title="bbox 1156 2475 1408 2530; baseline -0.004 0"><span class='ocrx_word' id='word_1_211' title='bbox 1156 2475 1265 2530; x_wconf 86' lang='lat' dir='ltr'>Ode</span> <span class='ocrx_word' id='word_1_212' title='bbox 1306 2476 1335 2529; x_wconf 91' lang='grc' dir='ltr'><em>Ι</em></span> <span class='ocrx_word' id='word_1_213' title='bbox 1347 2476 1408 2529; x_wconf 79' lang='grc' dir='ltr'>γ.</span> 
     </span>
    </p>
   </div>
   <div class='ocr_carea' id='block_1_39' title="bbox 537 2588 2117 2664">
    <p class='ocr_par' dir='ltr' id='par_1_39' title="bbox 537 2588 2117 2664">
     <span class='ocr_line' id='line_1_39' title="bbox 537 2588 2117 2664; baseline -0.004 -16"><span class='ocrx_word' id='word_1_214' title='bbox 677 2592 883 2664; x_wconf 90' lang='lat' dir='ltr'>purior</span> <span class='ocrx_word' id='word_1_215' title='bbox 913 2591 1187 2663; x_wconf 80' lang='lat' dir='ltr'>apparuit</span> <span class='ocrx_word' id='word_1_216' title='bbox 1216 2606 1386 2645; x_wconf 90' lang='lat' dir='ltr'>mens</span> <span class='ocrx_word' id='word_1_217' title='bbox 1420 2594 1539 2655; x_wconf 88' lang='lat' dir='ltr'>tua,</span> <span class='ocrx_word' id='word_1_218' title='bbox 1573 2588 1992 2659; x_wconf 85' lang='lat' dir='ltr'>Chrysostome</span> <span class='ocrx_word' id='word_1_219' title='bbox 2028 2592 2117 2642; x_wconf 87' lang='lat' dir='ltr'>ter</span> 
     </span>
    </p>
   </div>
   <div class='ocr_carea' id='block_1_40' title="bbox 461 2676 2116 2751">
    <p class='ocr_par' dir='ltr' id='par_1_40' title="bbox 461 2676 2116 2751">
     <span class='ocr_line' id='line_1_40' title="bbox 461 2676 2116 2751; baseline -0.003 -15"><span class='ocrx_word' id='word_1_220' title='bbox 461 2681 653 2747; x_wconf 86' lang='lat' dir='ltr'>beate,</span> <span class='ocrx_word' id='word_1_221' title='bbox 686 2683 932 2735; x_wconf 84' lang='lat' dir='ltr'>aﬁ‘ectus</span> <span class='ocrx_word' id='word_1_222' title='bbox 960 2696 1226 2751; x_wconf 87' lang='lat' dir='ltr'>quosque</span> <span class='ocrx_word' id='word_1_223' title='bbox 1258 2679 1522 2749; x_wconf 90' lang='lat' dir='ltr'>impuros</span> <span class='ocrx_word' id='word_1_224' title='bbox 1554 2684 1612 2731; x_wconf 91' lang='lat' dir='ltr'>et</span> <span class='ocrx_word' id='word_1_225' title='bbox 1640 2676 1992 2731; x_wconf 90' lang='lat' dir='ltr'>libidinosos</span> <span class='ocrx_word' id='word_1_226' title='bbox 2024 2692 2116 2731; x_wconf 88' lang='lat' dir='ltr'>ca-</span> 
     </span>
    </p>
   </div>
   <div class='ocr_carea' id='block_1_41' title="bbox 462 2766 1673 2838">
    <p class='ocr_par' dir='ltr' id='par_1_41' title="bbox 462 2766 1673 2838">
     <span class='ocr_line' id='line_1_41' title="bbox 462 2766 1673 2838; baseline -0.004 -14"><span class='ocrx_word' id='word_1_227' title='bbox 462 2770 676 2824; x_wconf 88' lang='lat' dir='ltr'>stitatis</span> <span class='ocrx_word' id='word_1_228' title='bbox 710 2770 941 2825; x_wconf 89' lang='lat' dir='ltr'>camino</span> <span class='ocrx_word' id='word_1_229' title='bbox 983 2769 1045 2823; x_wconf 92' lang='lat' dir='ltr'>in</span> <span class='ocrx_word' id='word_1_230' title='bbox 1078 2768 1343 2823; x_wconf 89' lang='lat' dir='ltr'>cinerem</span> <span class='ocrx_word' id='word_1_231' title='bbox 1376 2766 1673 2838; x_wconf 89' lang='lat' dir='ltr'>redegisti.</span> 
     </span>
    </p>
   </div>
   <div class='ocr_carea' id='block_1_42' title="bbox 534 2942 2110 3019">
    <p class='ocr_par' dir='ltr' id='par_1_42' title="bbox 534 2942 2110 3019">
     <span class='ocr_line' id='line_1_42' title="bbox 534 2942 2110 3019; baseline -0.004 -19"><span class='ocrx_word' id='word_1_232' title='bbox 534 2948 707 3019; x_wconf 87' lang='lat' dir='ltr'>Virga</span> <span class='ocrx_word' id='word_1_233' title='bbox 737 2948 909 3019; x_wconf 90' lang='lat' dir='ltr'>ignea</span> <span class='ocrx_word' id='word_1_234' title='bbox 938 2963 1131 3002; x_wconf 71' lang='lat' dir='ltr'>aurem</span> <span class='ocrx_word' id='word_1_235' title='bbox 1166 2950 1279 3000; x_wconf 70' lang='lat' dir='ltr'>tum</span> <span class='ocrx_word' id='word_1_236' title='bbox 1312 2944 1619 3009; x_wconf 69' lang='lat' dir='ltr'>doctrinm,</span> <span class='ocrx_word' id='word_1_237' title='bbox 1645 2947 1703 2997; x_wconf 93' lang='lat' dir='ltr'>et</span> <span class='ocrx_word' id='word_1_238' title='bbox 1730 2942 1945 2996; x_wconf 87' lang='lat' dir='ltr'>Christi</span> <span class='ocrx_word' id='word_1_239' title='bbox 1979 2958 2110 3012; x_wconf 89' lang='lat' dir='ltr'>ope,</span> 
     </span>
    </p>
   </div>
   <div class='ocr_carea' id='block_1_43' title="bbox 466 3031 2113 3102">
    <p class='ocr_par' dir='ltr' id='par_1_43' title="bbox 466 3031 2113 3102">
     <span class='ocr_line' id='line_1_43' title="bbox 466 3031 2113 3102; baseline -0.002 -12"><span class='ocrx_word' id='word_1_240' title='bbox 466 3037 557 3091; x_wconf 88' lang='lat' dir='ltr'>vel</span> <span class='ocrx_word' id='word_1_241' title='bbox 590 3038 961 3092; x_wconf 83' lang='lat' dir='ltr'>tumultuans</span> <span class='ocrx_word' id='word_1_242' title='bbox 982 3036 1240 3091; x_wconf 65' lang='lat' dir='ltr'>avaritiae</span> <span class='ocrx_word' id='word_1_243' title='bbox 1263 3050 1425 3089; x_wconf 89' lang='lat' dir='ltr'>mare</span> <span class='ocrx_word' id='word_1_244' title='bbox 1447 3032 1817 3088; x_wconf 87' lang='lat' dir='ltr'>miserationi</span> <span class='ocrx_word' id='word_1_245' title='bbox 1848 3031 2113 3102; x_wconf 88' lang='lat' dir='ltr'>pervium</span> 
     </span>
    </p>
   </div>
   <div class='ocr_carea' id='block_1_44' title="bbox 462 3121 1967 3196">
    <p class='ocr_par' dir='ltr' id='par_1_44' title="bbox 462 3121 1967 3196">
     <span class='ocr_line' id='line_1_44' title="bbox 462 3121 1967 3196; baseline -0.004 -15"><span class='ocrx_word' id='word_1_246' title='bbox 462 3126 677 3194; x_wconf 84' lang='lat' dir='ltr'>fecisti,</span> <span class='ocrx_word' id='word_1_247' title='bbox 710 3143 839 3196; x_wconf 65' lang='lat' dir='ltr'>quae</span> <span class='ocrx_word' id='word_1_248' title='bbox 871 3124 1013 3179; x_wconf 89' lang='lat' dir='ltr'>illuc</span> <span class='ocrx_word' id='word_1_249' title='bbox 1046 3125 1207 3195; x_wconf 85' lang='lat' dir='ltr'>prius</span> <span class='ocrx_word' id='word_1_250' title='bbox 1238 3123 1519 3179; x_wconf 86' lang='lat' dir='ltr'>accedere</span> <span class='ocrx_word' id='word_1_251' title='bbox 1544 3139 1665 3177; x_wconf 89' lang='lat' dir='ltr'>non</span> <span class='ocrx_word' id='word_1_252' title='bbox 1695 3121 1967 3177; x_wconf 89' lang='lat' dir='ltr'>audebat.</span> 
     </span>
    </p>
   </div>
   <div class='ocr_carea' id='block_1_45' title="bbox 536 3302 2115 3377">
    <p class='ocr_par' dir='ltr' id='par_1_45' title="bbox 536 3302 2115 3377">
     <span class='ocr_line' id='line_1_45' title="bbox 536 3302 2115 3377; baseline -0.004 -18"><span class='ocrx_word' id='word_1_253' title='bbox 536 3307 716 3360; x_wconf 86' lang='lat' dir='ltr'>Primi</span> <span class='ocrx_word' id='word_1_254' title='bbox 741 3306 995 3377; x_wconf 86' lang='lat' dir='ltr'>pastoris</span> <span class='ocrx_word' id='word_1_255' title='bbox 1014 3305 1280 3371; x_wconf 89' lang='lat' dir='ltr'>numine,</span> <span class='ocrx_word' id='word_1_256' title='bbox 1305 3303 1546 3359; x_wconf 84' lang='lat' dir='ltr'>admisit</span> <span class='ocrx_word' id='word_1_257' title='bbox 1566 3308 1620 3356; x_wconf 90' lang='lat' dir='ltr'>te</span> <span class='ocrx_word' id='word_1_258' title='bbox 1642 3302 2115 3374; x_wconf 87' lang='lat' dir='ltr'>egregiuspastor</span> 
     </span>
    </p>
   </div>
   <div class='ocr_carea' id='block_1_46' title="bbox 463 3390 2113 3464">
    <p class='ocr_par' dir='ltr' id='par_1_46' title="bbox 463 3390 2113 3464">
     <span class='ocr_line' id='line_1_46' title="bbox 463 3390 2113 3464; baseline -0.004 -14"><span class='ocrx_word' id='word_1_259' title='bbox 463 3395 534 3450; x_wconf 89' lang='lat' dir='ltr'>ad</span> <span class='ocrx_word' id='word_1_260' title='bbox 566 3413 804 3451; x_wconf 89' lang='lat' dir='ltr'>ararum</span> <span class='ocrx_word' id='word_1_261' title='bbox 831 3396 1253 3462; x_wconf 88' lang='lat' dir='ltr'>ministerium,</span> <span class='ocrx_word' id='word_1_262' title='bbox 1287 3411 1421 3450; x_wconf 87' lang='lat' dir='ltr'>mox</span> <span class='ocrx_word' id='word_1_263' title='bbox 1452 3398 1759 3464; x_wconf 88' lang='lat' dir='ltr'>pastorum</span> <span class='ocrx_word' id='word_1_264' title='bbox 1780 3390 2113 3462; x_wconf 89' lang='lat' dir='ltr'>principem</span> 
     </span>
    </p>
   </div>
   <div class='ocr_carea' id='block_1_47' title="bbox 460 3487 753 3541">
    <p class='ocr_par' dir='ltr' id='par_1_47' title="bbox 460 3487 753 3541">
     <span class='ocr_line' id='line_1_47' title="bbox 460 3487 753 3541; baseline 0.003 -1"><span class='ocrx_word' id='word_1_265' title='bbox 460 3487 753 3541; x_wconf 87' lang='lat' dir='ltr'>futurum.</span> 
     </span>
    </p>
   </div>
   <div class='ocr_carea' id='block_1_48' title="bbox 536 3571 2112 3645">
    <p class='ocr_par' dir='ltr' id='par_1_48' title="bbox 536 3571 2112 3645">
     <span class='ocr_line' id='line_1_48' title="bbox 536 3571 2112 3645; baseline -0.005 -16"><span class='ocrx_word' id='word_1_266' title='bbox 536 3577 805 3645; x_wconf 73' lang='lat' dir='ltr'>Deiparaz.</span> <span class='ocrx_word' id='word_1_267' title='bbox 827 3606 895 3615; x_wconf 96' lang='lat'>—</span> <span class='ocrx_word' id='word_1_268' title='bbox 917 3577 996 3628; x_wconf 94' lang='lat' dir='ltr'>Tu</span> <span class='ocrx_word' id='word_1_269' title='bbox 1020 3592 1150 3645; x_wconf 71' lang='lat' dir='ltr'>qum</span> <span class='ocrx_word' id='word_1_270' title='bbox 1174 3572 1505 3644; x_wconf 90' lang='lat' dir='ltr'>incorporei</span> <span class='ocrx_word' id='word_1_271' title='bbox 1530 3588 1665 3627; x_wconf 86' lang='lat' dir='ltr'>voce</span> <span class='ocrx_word' id='word_1_272' title='bbox 1693 3571 2112 3641; x_wconf 89' lang='lat' dir='ltr'>incorporeum</span> 
     </span>
    </p>
   </div>
   <div class='ocr_carea' id='block_1_49' title="bbox 466 3658 2114 3734">
    <p class='ocr_par' dir='ltr' id='par_1_49' title="bbox 466 3658 2114 3734">
     <span class='ocr_line' id='line_1_49' title="bbox 466 3658 2114 3734; baseline -0.003 -18"><span class='ocrx_word' id='word_1_273' title='bbox 466 3664 720 3734; x_wconf 79' lang='lat' dir='ltr'>genuisti</span> <span class='ocrx_word' id='word_1_274' title='bbox 747 3681 817 3718; x_wconf 84' lang='lat' dir='ltr'>ex</span> <span class='ocrx_word' id='word_1_275' title='bbox 840 3669 895 3718; x_wconf 89' lang='lat' dir='ltr'>te</span> <span class='ocrx_word' id='word_1_276' title='bbox 917 3680 1129 3734; x_wconf 84' lang='lat' dir='ltr'>corpus</span> <span class='ocrx_word' id='word_1_277' title='bbox 1154 3660 1794 3733; x_wconf 84' lang='lat' dir='ltr'>sumpturum,Virgo,a</span> <span class='ocrx_word' id='word_1_278' title='bbox 1812 3658 2114 3730; x_wconf 89' lang='lat' dir='ltr'>corporeis</span> 
     </span>
    </p>
   </div>
   <div class='ocr_carea' id='block_1_50' title="bbox 468 3747 2112 3821">
    <p class='ocr_par' dir='ltr' id='par_1_50' title="bbox 468 3747 2112 3821">
     <span class='ocr_line' id='line_1_50' title="bbox 468 3747 2112 3821; baseline -0.003 -16"><span class='ocrx_word' id='word_1_279' title='bbox 468 3752 778 3806; x_wconf 66' lang='lat' dir='ltr'>affectibus</span> <span class='ocrx_word' id='word_1_280' title='bbox 812 3752 997 3806; x_wconf 89' lang='lat' dir='ltr'>libera</span> <span class='ocrx_word' id='word_1_281' title='bbox 1028 3758 1289 3806; x_wconf 90' lang='lat' dir='ltr'>mentem</span> <span class='ocrx_word' id='word_1_282' title='bbox 1324 3767 1538 3819; x_wconf 89' lang='lat' dir='ltr'>meam,</span> <span class='ocrx_word' id='word_1_283' title='bbox 1572 3766 1702 3821; x_wconf 67' lang='lat' dir='ltr'>quae</span> <span class='ocrx_word' id='word_1_284' title='bbox 1745 3747 2112 3819; x_wconf 90' lang='lat' dir='ltr'>incorporeis</span> 
     </span>
    </p>
   </div>
   <div class='ocr_carea' id='block_1_51' title="bbox 466 3841 990 3912">
    <p class='ocr_par' dir='ltr' id='par_1_51' title="bbox 466 3841 990 3912">
     <span class='ocr_line' id='line_1_51' title="bbox 466 3841 990 3912; baseline 0 -19"><span class='ocrx_word' id='word_1_285' title='bbox 466 3841 692 3912; x_wconf 83' lang='lat' dir='ltr'>angelis</span> <span class='ocrx_word' id='word_1_286' title='bbox 723 3846 990 3911; x_wconf 56' lang='lat' dir='ltr'>praestas.</span> 
     </span>
    </p>
   </div>
   <div class='ocr_carea' id='block_1_52' title="bbox 568 3962 2004 4033">
    <p class='ocr_par' dir='ltr' id='par_1_52' title="bbox 568 3962 2004 4033">
     <span class='ocr_line' id='line_1_52' title="bbox 568 3962 2004 4033; baseline -0.005 -11"><span class='ocrx_word' id='word_1_287' title='bbox 568 3965 679 4022; x_wconf 87' lang='lat' dir='ltr'>Ode</span> <span class='ocrx_word' id='word_1_288' title='bbox 715 3967 781 4021; x_wconf 88' lang='lat' dir='ltr'>V.</span> <span class='ocrx_word' id='word_1_289' title='bbox 817 3968 1026 4020; x_wconf 73' lang='lat' dir='ltr'>Divina:</span> <span class='ocrx_word' id='word_1_290' title='bbox 1073 3967 1537 4033; x_wconf 77' lang='lat' dir='ltr'>manifestationis</span> <span class='ocrx_word' id='word_1_291' title='bbox 1591 3971 1723 4028; x_wconf 71' lang='lat' dir='ltr'>tuac,</span> <span class='ocrx_word' id='word_1_292' title='bbox 1770 3962 2004 4019; x_wconf 82' lang='lat' dir='ltr'>Christe.</span> 
     </span>
    </p>
   </div>
   <div class='ocr_carea' id='block_1_53' title="bbox 532 4079 2114 4153">
    <p class='ocr_par' dir='ltr' id='par_1_53' title="bbox 532 4079 2114 4153">
     <span class='ocr_line' id='line_1_53' title="bbox 532 4079 2114 4153; baseline -0.003 -17"><span class='ocrx_word' id='word_1_293' title='bbox 532 4082 663 4149; x_wconf 88' lang='lat' dir='ltr'>Qui,</span> <span class='ocrx_word' id='word_1_294' title='bbox 688 4087 742 4136; x_wconf 91' lang='lat' dir='ltr'>te</span> <span class='ocrx_word' id='word_1_295' title='bbox 765 4081 1031 4136; x_wconf 91' lang='lat' dir='ltr'>nondum</span> <span class='ocrx_word' id='word_1_296' title='bbox 1058 4081 1278 4153; x_wconf 85' lang='lat' dir='ltr'>genito,</span> <span class='ocrx_word' id='word_1_297' title='bbox 1300 4080 1679 4151; x_wconf 89' lang='lat' dir='ltr'>splendorem</span> <span class='ocrx_word' id='word_1_298' title='bbox 1702 4079 2114 4151; x_wconf 85' lang='lat' dir='ltr'>fulgoremque</span> 
     </span>
    </p>
   </div>
   <div class='ocr_carea' id='block_1_54' title="bbox 464 4167 2115 4241">
    <p class='ocr_par' dir='ltr' id='par_1_54' title="bbox 464 4167 2115 4241">
     <span class='ocr_line' id='line_1_54' title="bbox 464 4167 2115 4241; baseline -0.003 -16"><span class='ocrx_word' id='word_1_299' title='bbox 464 4172 677 4226; x_wconf 60' lang='lat' dir='ltr'>animus</span> <span class='ocrx_word' id='word_1_300' title='bbox 705 4177 818 4225; x_wconf 64' lang='lat' dir='ltr'>tua:</span> <span class='ocrx_word' id='word_1_301' title='bbox 850 4171 1162 4241; x_wconf 68' lang='lat' dir='ltr'>prmscivit,</span> <span class='ocrx_word' id='word_1_302' title='bbox 1188 4172 1407 4241; x_wconf 86' lang='lat' dir='ltr'>quique</span> <span class='ocrx_word' id='word_1_303' title='bbox 1442 4175 1495 4223; x_wconf 90' lang='lat' dir='ltr'>te</span> <span class='ocrx_word' id='word_1_304' title='bbox 1529 4167 1919 4223; x_wconf 86' lang='lat' dir='ltr'>sanctiﬁcavit</span> <span class='ocrx_word' id='word_1_305' title='bbox 1949 4172 2115 4221; x_wconf 87' lang='lat' dir='ltr'>ante-</span> 
     </span>
    </p>
   </div>
   <div class='ocr_carea' id='block_1_55' title="bbox 465 4254 2114 4329">
    <p class='ocr_par' dir='ltr' id='par_1_55' title="bbox 465 4254 2114 4329">
     <span class='ocr_line' id='line_1_55' title="bbox 465 4254 2114 4329; baseline -0.004 -15"><span class='ocrx_word' id='word_1_306' title='bbox 465 4276 643 4329; x_wconf 89' lang='lat' dir='ltr'>quam</span> <span class='ocrx_word' id='word_1_307' title='bbox 674 4261 734 4313; x_wconf 90' lang='lat' dir='ltr'>in</span> <span class='ocrx_word' id='word_1_308' title='bbox 769 4266 935 4315; x_wconf 91' lang='lat' dir='ltr'>utero</span> <span class='ocrx_word' id='word_1_309' title='bbox 968 4259 1331 4324; x_wconf 88' lang='lat' dir='ltr'>formareris,</span> <span class='ocrx_word' id='word_1_310' title='bbox 1369 4264 1570 4313; x_wconf 88' lang='lat' dir='ltr'>sancte</span> <span class='ocrx_word' id='word_1_311' title='bbox 1597 4258 1684 4311; x_wconf 89' lang='lat' dir='ltr'>vir</span> <span class='ocrx_word' id='word_1_312' title='bbox 1714 4272 1913 4323; x_wconf 90' lang='lat' dir='ltr'>auree,</span> <span class='ocrx_word' id='word_1_313' title='bbox 1957 4254 2114 4309; x_wconf 91' lang='lat' dir='ltr'>idem</span> 
     </span>
    </p>
   </div>
   <div class='ocr_carea' id='block_1_56' title="bbox 461 4347 2119 4419">
    <p class='ocr_par' dir='ltr' id='par_1_56' title="bbox 461 4347 2119 4419">
     <span class='ocr_line' id='line_1_56' title="bbox 461 4347 2119 4419; baseline -0.002 -17"><span class='ocrx_word' id='word_1_314' title='bbox 461 4350 622 4403; x_wconf 88' lang='lat' dir='ltr'>velut</span> <span class='ocrx_word' id='word_1_315' title='bbox 650 4350 833 4404; x_wconf 89' lang='lat' dir='ltr'>alium</span> <span class='ocrx_word' id='word_1_316' title='bbox 865 4350 1181 4403; x_wconf 86' lang='lat' dir='ltr'>Jeremiam</span> <span class='ocrx_word' id='word_1_317' title='bbox 1216 4364 1357 4402; x_wconf 90' lang='lat' dir='ltr'>sane</span> <span class='ocrx_word' id='word_1_318' title='bbox 1386 4354 1442 4402; x_wconf 89' lang='lat' dir='ltr'>te</span> <span class='ocrx_word' id='word_1_319' title='bbox 1464 4347 1699 4419; x_wconf 80' lang='lat' dir='ltr'>vigilem</span> <span class='ocrx_word' id='word_1_320' title='bbox 1731 4351 2030 4417; x_wconf 88' lang='lat' dir='ltr'>pastorem</span> <span class='ocrx_word' id='word_1_321' title='bbox 2059 4348 2119 4398; x_wconf 83' lang='lat' dir='ltr'>et</span> 
     </span>
    </p>
   </div>
   <div class='ocr_carea' id='block_1_57' title="bbox 464 4437 1471 4509">
    <p class='ocr_par' dir='ltr' id='par_1_57' title="bbox 464 4437 1471 4509">
     <span class='ocr_line' id='line_1_57' title="bbox 464 4437 1471 4509; baseline -0.003 -16"><span class='ocrx_word' id='word_1_322' title='bbox 464 4438 771 4493; x_wconf 90' lang='lat' dir='ltr'>custodem</span> <span class='ocrx_word' id='word_1_323' title='bbox 802 4439 959 4509; x_wconf 82' lang='lat' dir='ltr'>gregi</span> <span class='ocrx_word' id='word_1_324' title='bbox 994 4455 1099 4492; x_wconf 87' lang='lat' dir='ltr'>suo</span> <span class='ocrx_word' id='word_1_325' title='bbox 1132 4437 1471 4507; x_wconf 64' lang='lat' dir='ltr'>praeposuit.</span> 
     </span>
    </p>
   </div>
   <div class='ocr_carea' id='block_1_58' title="bbox 539 4526 2113 4599">
    <p class='ocr_par' dir='ltr' id='par_1_58' title="bbox 539 4526 2113 4599">
     <span class='ocr_line' id='line_1_58' title="bbox 539 4526 2113 4599; baseline -0.003 -18"><span class='ocrx_word' id='word_1_326' title='bbox 539 4531 583 4581; x_wconf 83' lang='lat' dir='ltr'><strong>A</strong></span> <span class='ocrx_word' id='word_1_327' title='bbox 616 4529 754 4593; x_wconf 92' lang='lat' dir='ltr'>Deo,</span> <span class='ocrx_word' id='word_1_328' title='bbox 792 4528 1122 4599; x_wconf 88' lang='lat' dir='ltr'>paupertati</span> <span class='ocrx_word' id='word_1_329' title='bbox 1148 4532 1365 4580; x_wconf 69' lang='lat' dir='ltr'>nostra)</span> <span class='ocrx_word' id='word_1_330' title='bbox 1389 4526 1761 4592; x_wconf 86' lang='lat' dir='ltr'>consulente,</span> <span class='ocrx_word' id='word_1_331' title='bbox 1785 4538 2113 4596; x_wconf 85' lang='lat' dir='ltr'>pauperum</span> 
     </span>
    </p>
   </div>
   <div class='ocr_carea' id='block_1_59' title="bbox 466 4614 2115 4687">
    <p class='ocr_par' dir='ltr' id='par_1_59' title="bbox 466 4614 2115 4687">
     <span class='ocr_line' id='line_1_59' title="bbox 466 4614 2115 4687; baseline -0.001 -16"><span class='ocrx_word' id='word_1_332' title='bbox 466 4618 826 4671; x_wconf 88' lang='lat' dir='ltr'>constitutus</span> <span class='ocrx_word' id='word_1_333' title='bbox 850 4633 1069 4687; x_wconf 66' lang='lat' dir='ltr'>praeses</span> <span class='ocrx_word' id='word_1_334' title='bbox 1092 4622 1150 4669; x_wconf 92' lang='lat' dir='ltr'>et</span> <span class='ocrx_word' id='word_1_335' title='bbox 1172 4616 1510 4684; x_wconf 84' lang='lat' dir='ltr'>auxiliator,</span> <span class='ocrx_word' id='word_1_336' title='bbox 1541 4621 1597 4669; x_wconf 91' lang='lat' dir='ltr'>et</span> <span class='ocrx_word' id='word_1_337' title='bbox 1618 4614 1953 4669; x_wconf 88' lang='lat' dir='ltr'>communis</span> <span class='ocrx_word' id='word_1_338' title='bbox 1984 4630 2115 4686; x_wconf 84' lang='lat' dir='ltr'>ege-</span> 
     </span>
    </p>
   </div>
   <div class='ocr_carea' id='block_1_60' title="bbox 465 4704 2116 4777">
    <p class='ocr_par' dir='ltr' id='par_1_60' title="bbox 465 4704 2116 4777">
     <span class='ocr_line' id='line_1_60' title="bbox 465 4704 2116 4777; baseline -0.002 -16"><span class='ocrx_word' id='word_1_339' title='bbox 465 4723 683 4761; x_wconf 90' lang='lat' dir='ltr'>norum</span> <span class='ocrx_word' id='word_1_340' title='bbox 716 4706 1109 4777; x_wconf 88' lang='lat' dir='ltr'>providentia,</span> <span class='ocrx_word' id='word_1_341' title='bbox 1163 4704 1430 4777; x_wconf 88' lang='lat' dir='ltr'>linguam</span> <span class='ocrx_word' id='word_1_342' title='bbox 1476 4710 1635 4759; x_wconf 88' lang='lat' dir='ltr'>tuam</span> <span class='ocrx_word' id='word_1_343' title='bbox 1685 4720 1926 4758; x_wconf 88' lang='lat' dir='ltr'>auream</span> <span class='ocrx_word' id='word_1_344' title='bbox 1957 4704 2116 4758; x_wconf 85' lang='lat' dir='ltr'>velut</span> 
     </span>
    </p>
   </div>
   <div class='ocr_carea' id='block_1_61' title="bbox 466 4793 2115 4867">
    <p class='ocr_par' dir='ltr' id='par_1_61' title="bbox 466 4793 2115 4867">
     <span class='ocr_line' id='line_1_61' title="bbox 466 4793 2115 4867; baseline -0.001 -17"><span class='ocrx_word' id='word_1_345' title='bbox 466 4797 677 4851; x_wconf 91' lang='lat' dir='ltr'>clavim</span> <span class='ocrx_word' id='word_1_346' title='bbox 711 4813 1018 4850; x_wconf 88' lang='lat' dir='ltr'>avarorum</span> <span class='ocrx_word' id='word_1_347' title='bbox 1050 4811 1217 4867; x_wconf 87' lang='lat' dir='ltr'>gazas</span> <span class='ocrx_word' id='word_1_348' title='bbox 1249 4800 1306 4848; x_wconf 89' lang='lat' dir='ltr'>et</span> <span class='ocrx_word' id='word_1_349' title='bbox 1353 4795 1661 4849; x_wconf 88' lang='lat' dir='ltr'>thesauros</span> <span class='ocrx_word' id='word_1_350' title='bbox 1694 4793 2013 4863; x_wconf 89' lang='lat' dir='ltr'>reclusisti,</span> <span class='ocrx_word' id='word_1_351' title='bbox 2046 4809 2115 4848; x_wconf 84' lang='lat' dir='ltr'>ac</span> 
     </span>
    </p>
   </div>
   <div class='ocr_carea' id='block_1_62' title="bbox 468 4884 1195 4957">
    <p class='ocr_par' dir='ltr' id='par_1_62' title="bbox 468 4884 1195 4957">
     <span class='ocr_line' id='line_1_62' title="bbox 468 4884 1195 4957; baseline -0.006 -17"><span class='ocrx_word' id='word_1_352' title='bbox 468 4885 830 4957; x_wconf 89' lang='lat' dir='ltr'>pauperibus</span> <span class='ocrx_word' id='word_1_353' title='bbox 862 4884 1195 4956; x_wconf 87' lang='lat' dir='ltr'>resignasti.</span> 
     </span>
    </p>
   </div>
   <div class='ocr_carea' id='block_1_63' title="bbox 541 5063 2117 5135">
    <p class='ocr_par' dir='ltr' id='par_1_63' title="bbox 541 5063 2117 5135">
     <span class='ocr_line' id='line_1_63' title="bbox 541 5063 2117 5135; baseline -0.003 -13"><span class='ocrx_word' id='word_1_354' title='bbox 541 5068 746 5122; x_wconf 82' lang='lat' dir='ltr'>Merita</span> <span class='ocrx_word' id='word_1_355' title='bbox 777 5067 1099 5131; x_wconf 88' lang='lat' dir='ltr'>celeritate,</span> <span class='ocrx_word' id='word_1_356' title='bbox 1151 5069 1482 5135; x_wconf 89' lang='lat' dir='ltr'>meritoque</span> <span class='ocrx_word' id='word_1_357' title='bbox 1530 5063 1723 5118; x_wconf 89' lang='lat' dir='ltr'>studio</span> <span class='ocrx_word' id='word_1_358' title='bbox 1772 5063 2000 5117; x_wconf 85' lang='lat' dir='ltr'>vocavit</span> <span class='ocrx_word' id='word_1_359' title='bbox 2038 5068 2117 5128; x_wconf 88' lang='lat' dir='ltr'>te,</span> 
     </span>
    </p>
   </div>
   <div class='ocr_carea' id='block_1_64' title="bbox 470 5151 2120 5229">
    <p class='ocr_par' dir='ltr' id='par_1_64' title="bbox 470 5151 2120 5229">
     <span class='ocr_line' id='line_1_64' title="bbox 470 5151 2120 5229; baseline -0.004 -17"><span class='ocrx_word' id='word_1_360' title='bbox 470 5174 574 5212; x_wconf 88' lang='lat' dir='ltr'>ceu</span> <span class='ocrx_word' id='word_1_361' title='bbox 608 5158 883 5229; x_wconf 83' lang='lat' dir='ltr'>angelum</span> <span class='ocrx_word' id='word_1_362' title='bbox 937 5156 1059 5220; x_wconf 89' lang='lat' dir='ltr'>Dei,</span> <span class='ocrx_word' id='word_1_363' title='bbox 1108 5155 1323 5209; x_wconf 88' lang='lat' dir='ltr'>ardens</span> <span class='ocrx_word' id='word_1_364' title='bbox 1367 5154 1601 5224; x_wconf 86' lang='lat' dir='ltr'>piorum</span> <span class='ocrx_word' id='word_1_365' title='bbox 1634 5168 1836 5223; x_wconf 84' lang='lat' dir='ltr'>regum</span> <span class='ocrx_word' id='word_1_366' title='bbox 1870 5151 2019 5205; x_wconf 88' lang='lat' dir='ltr'>ﬁdes</span> <span class='ocrx_word' id='word_1_367' title='bbox 2049 5168 2120 5206; x_wconf 85' lang='lat' dir='ltr'>ex</span> 
     </span>
    </p>
   </div>
   <div class='ocr_carea' id='block_1_65' title="bbox 471 5243 2121 5317">
    <p class='ocr_par' dir='ltr' id='par_1_65' title="bbox 471 5243 2121 5317">
     <span class='ocr_line' id='line_1_65' title="bbox 471 5243 2121 5317; baseline -0.002 -18"><span class='ocrx_word' id='word_1_368' title='bbox 471 5248 783 5301; x_wconf 82' lang='lat' dir='ltr'>Antiochia</span> <span class='ocrx_word' id='word_1_369' title='bbox 816 5246 997 5317; x_wconf 62' lang='lat' dir='ltr'>Syria;</span> <span class='ocrx_word' id='word_1_370' title='bbox 1029 5250 1087 5299; x_wconf 92' lang='lat' dir='ltr'>et</span> <span class='ocrx_word' id='word_1_371' title='bbox 1116 5244 1381 5315; x_wconf 84' lang='lat' dir='ltr'>reginam</span> <span class='ocrx_word' id='word_1_372' title='bbox 1408 5243 1705 5297; x_wconf 87' lang='lat' dir='ltr'>civitatum</span> <span class='ocrx_word' id='word_1_373' title='bbox 1730 5257 1862 5295; x_wconf 91' lang='lat' dir='ltr'>cum</span> <span class='ocrx_word' id='word_1_374' title='bbox 1889 5257 2121 5296; x_wconf 88' lang='lat' dir='ltr'>summa</span> 
     </span>
    </p>
   </div>
   <div class='ocr_carea' id='block_1_66' title="bbox 473 5330 2121 5405">
    <p class='ocr_par' dir='ltr' id='par_1_66' title="bbox 473 5330 2121 5405">
     <span class='ocr_line' id='line_1_66' title="bbox 473 5330 2121 5405; baseline -0.001 -18"><span class='ocrx_word' id='word_1_375' title='bbox 473 5335 681 5405; x_wconf 86' lang='lat' dir='ltr'>gloria,</span> <span class='ocrx_word' id='word_1_376' title='bbox 716 5352 848 5389; x_wconf 91' lang='lat' dir='ltr'>cum</span> <span class='ocrx_word' id='word_1_377' title='bbox 892 5351 1103 5403; x_wconf 74' lang='lat' dir='ltr'>magno</span> <span class='ocrx_word' id='word_1_378' title='bbox 1136 5334 1419 5388; x_wconf 90' lang='lat' dir='ltr'>comitatu</span> <span class='ocrx_word' id='word_1_379' title='bbox 1452 5331 1863 5402; x_wconf 86' lang='lat' dir='ltr'>condignoque</span> <span class='ocrx_word' id='word_1_380' title='bbox 1896 5330 2121 5385; x_wconf 88' lang='lat' dir='ltr'>honore</span> 
     </span>
    </p>
   </div>
   <div class='ocr_carea' id='block_1_67' title="bbox 477 5422 817 5478">
    <p class='ocr_par' dir='ltr' id='par_1_67' title="bbox 477 5422 817 5478">
     <span class='ocr_line' id='line_1_67' title="bbox 477 5422 817 5478; baseline 0.009 -3"><span class='ocrx_word' id='word_1_381' title='bbox 477 5422 817 5478; x_wconf 87' lang='lat' dir='ltr'>deductum.</span> 
     </span>
    </p>
   </div>
   <div class='ocr_carea' id='block_1_68' title="bbox 550 5507 2123 5582">
    <p class='ocr_par' dir='ltr' id='par_1_68' title="bbox 550 5507 2123 5582">
     <span class='ocr_line' id='line_1_68' title="bbox 550 5507 2123 5582; baseline -0.001 -17"><span class='ocrx_word' id='word_1_382' title='bbox 550 5513 691 5565; x_wconf 89' lang='lat' dir='ltr'>Tota</span> <span class='ocrx_word' id='word_1_383' title='bbox 719 5513 969 5566; x_wconf 84' lang='lat' dir='ltr'>civitatis</span> <span class='ocrx_word' id='word_1_384' title='bbox 999 5512 1186 5582; x_wconf 89' lang='lat' dir='ltr'>plebs,</span> <span class='ocrx_word' id='word_1_385' title='bbox 1220 5517 1503 5581; x_wconf 88' lang='lat' dir='ltr'>tanquam</span> <span class='ocrx_word' id='word_1_386' title='bbox 1536 5508 1607 5563; x_wconf 89' lang='lat' dir='ltr'>ad</span> <span class='ocrx_word' id='word_1_387' title='bbox 1639 5507 1937 5579; x_wconf 90' lang='lat' dir='ltr'>publicam</span> <span class='ocrx_word' id='word_1_388' title='bbox 1959 5508 2123 5563; x_wconf 88' lang='lat' dir='ltr'>festi-</span> 
     </span>
    </p>
   </div>
   <div class='ocr_carea' id='block_1_69' title="bbox 482 5597 2125 5670">
    <p class='ocr_par' dir='ltr' id='par_1_69' title="bbox 482 5597 2125 5670">
     <span class='ocr_line' id='line_1_69' title="bbox 482 5597 2125 5670; baseline 0.001 -17"><span class='ocrx_word' id='word_1_389' title='bbox 482 5602 723 5654; x_wconf 70' lang='lat' dir='ltr'>vitatem</span> <span class='ocrx_word' id='word_1_390' title='bbox 756 5616 1128 5661; x_wconf 84' lang='lat' dir='ltr'>concurrens,</span> <span class='ocrx_word' id='word_1_391' title='bbox 1175 5607 1231 5653; x_wconf 89' lang='lat' dir='ltr'>et</span> <span class='ocrx_word' id='word_1_392' title='bbox 1261 5606 1544 5670; x_wconf 86' lang='lat' dir='ltr'>tanquam</span> <span class='ocrx_word' id='word_1_393' title='bbox 1575 5597 1648 5653; x_wconf 90' lang='lat' dir='ltr'>ad</span> <span class='ocrx_word' id='word_1_394' title='bbox 1684 5597 2125 5654; x_wconf 86' lang='lat' dir='ltr'>solemnitatem</span> 
     </span>
    </p>
   </div>
   <div class='ocr_carea' id='block_1_70' title="bbox 483 5687 2125 5762">
    <p class='ocr_par' dir='ltr' id='par_1_70' title="bbox 483 5687 2125 5762">
     <span class='ocr_line' id='line_1_70' title="bbox 483 5687 2125 5762; baseline 0 -17"><span class='ocrx_word' id='word_1_395' title='bbox 483 5690 706 5746; x_wconf 60' lang='lat' dir='ltr'>laetitias</span> <span class='ocrx_word' id='word_1_396' title='bbox 738 5688 972 5762; x_wconf 88' lang='lat' dir='ltr'>plenam</span> <span class='ocrx_word' id='word_1_397' title='bbox 995 5704 1065 5742; x_wconf 80' lang='lat' dir='ltr'>ex</span> <span class='ocrx_word' id='word_1_398' title='bbox 1085 5689 1227 5743; x_wconf 88' lang='lat' dir='ltr'>urbe</span> <span class='ocrx_word' id='word_1_399' title='bbox 1250 5705 1602 5761; x_wconf 86' lang='lat' dir='ltr'>properans,</span> <span class='ocrx_word' id='word_1_400' title='bbox 1625 5687 1987 5744; x_wconf 88' lang='lat' dir='ltr'>clamoribus</span> <span class='ocrx_word' id='word_1_401' title='bbox 2018 5689 2125 5746; x_wconf 87' lang='lat' dir='ltr'>tibi</span> 
     </span>
    </p>
   </div>
   <div class='ocr_carea' id='block_1_71' title="bbox 2220 1905 3799 1986">
    <p class='ocr_par' dir='ltr' id='par_1_71' title="bbox 2220 1905 3799 1986">
     <span class='ocr_line' id='line_1_71' title="bbox 2220 1905 3799 1986; baseline 0 -23"><span class='ocrx_word' id='word_1_402' title='bbox 2220 1908 2417 1979; x_wconf 86' lang='grc' dir='ltr'>τάτων,</span> <span class='ocrx_word' id='word_1_403' title='bbox 2451 1909 2705 1983; x_wconf 81' lang='grc' dir='ltr'>αίρὲσεων</span> <span class='ocrx_word' id='word_1_404' title='bbox 2738 1910 2990 1984; x_wconf 79' lang='grc' dir='ltr'>ξηραῖνον</span> <span class='ocrx_word' id='word_1_405' title='bbox 3030 1913 3099 1965; x_wconf 71' lang='grc' dir='ltr'>τὰ</span> <span class='ocrx_word' id='word_1_406' title='bbox 3148 1905 3477 1986; x_wconf 76' lang='grc' dir='ltr'>βορϐορώδη</span> <span class='ocrx_word' id='word_1_407' title='bbox 3513 1906 3799 1983; x_wconf 69' lang='grc' dir='ltr'>ὀμϐρήματα,</span> 
     </span>
    </p>
   </div>
   <div class='ocr_carea' id='block_1_72' title="bbox 2220 1995 3803 2073">
    <p class='ocr_par' dir='ltr' id='par_1_72' title="bbox 2220 1995 3803 2073">
     <span class='ocr_line' id='line_1_72' title="bbox 2220 1995 3803 2073; baseline -0.001 -19"><span class='ocrx_word' id='word_1_408' title='bbox 2220 1998 2309 2054; x_wconf 71' lang='grc' dir='ltr'>κάξ</span> <span class='ocrx_word' id='word_1_409' title='bbox 2360 1998 2578 2073; x_wconf 73' lang='grc' dir='ltr'>θολερὰ,</span> <span class='ocrx_word' id='word_1_410' title='bbox 2624 2000 2713 2054; x_wconf 85' lang='lat' dir='ltr'>xui</span> <span class='ocrx_word' id='word_1_411' title='bbox 2772 1996 2966 2068; x_wconf 70' lang='grc' dir='ltr'>ἄποτα,</span> <span class='ocrx_word' id='word_1_412' title='bbox 3026 2000 3115 2055; x_wconf 85' lang='lat' dir='ltr'>xui</span> <span class='ocrx_word' id='word_1_413' title='bbox 3172 1995 3687 2072; x_wconf 73' lang='grc' dir='ltr'>ἀλμυρόϐρυτα,τὰς</span> <span class='ocrx_word' id='word_1_414' title='bbox 3710 2022 3803 2073; x_wconf 63' lang='grc' dir='ltr'>καρ-</span> 
     </span>
    </p>
   </div>
   <div class='ocr_carea' id='block_1_73' title="bbox 2224 2087 2798 2162">
    <p class='ocr_par' dir='ltr' id='par_1_73' title="bbox 2224 2087 2798 2162">
     <span class='ocr_line' id='line_1_73' title="bbox 2224 2087 2798 2162; baseline 0.003 -19"><span class='ocrx_word' id='word_1_415' title='bbox 2224 2087 2339 2152; x_wconf 86' lang='grc' dir='ltr'>δίας</span> <span class='ocrx_word' id='word_1_416' title='bbox 2370 2095 2587 2144; x_wconf 87' lang='grc' dir='ltr'>πιαῖνον</span> <span class='ocrx_word' id='word_1_417' title='bbox 2614 2092 2649 2159; x_wconf 72' lang='grc' dir='ltr'><strong>ἡ</strong></span> <span class='ocrx_word' id='word_1_418' title='bbox 2660 2094 2775 2162; x_wconf 84' lang='grc' dir='ltr'>μῶν</span> <span class='ocrx_word' id='word_1_419' title='bbox 2786 2133 2798 2145; x_wconf 95' lang='grc'><strong><em>.</em></strong></span> 
     </span>
    </p>
   </div>
   <div class='ocr_carea' id='block_1_74' title="bbox 2294 2176 3803 2253">
    <p class='ocr_par' dir='ltr' id='par_1_74' title="bbox 2294 2176 3803 2253">
     <span class='ocr_line' id='line_1_74' title="bbox 2294 2176 3803 2253; baseline -0.003 -20"><span class='ocrx_word' id='word_1_420' title='bbox 2294 2180 2601 2235; x_wconf 81' lang='grc' dir='ltr'>Θεοτόκιον.</span> <span class='ocrx_word' id='word_1_421' title='bbox 2660 2212 2724 2221; x_wconf 91' lang='lat'><strong><em>—</em></strong></span> <span class='ocrx_word' id='word_1_422' title='bbox 2773 2179 2887 2235; x_wconf 84' lang='grc' dir='ltr'>Ἰνα</span> <span class='ocrx_word' id='word_1_423' title='bbox 2938 2181 3204 2253; x_wconf 78' lang='grc' dir='ltr'>χωρήσῃς</span> <span class='ocrx_word' id='word_1_424' title='bbox 3263 2177 3409 2248; x_wconf 76' lang='grc' dir='ltr'>ὅλην</span> <span class='ocrx_word' id='word_1_425' title='bbox 3463 2180 3557 2248; x_wconf 80' lang='grc' dir='ltr'>τὴν</span> <span class='ocrx_word' id='word_1_426' title='bbox 3587 2176 3803 2250; x_wconf 61' lang='grc' dir='ltr'>ἔλλαμψιν</span> 
     </span>
    </p>
   </div>
   <div class='ocr_carea' id='block_1_75' title="bbox 2221 2262 3803 2341">
    <p class='ocr_par' dir='ltr' id='par_1_75' title="bbox 2221 2262 3803 2341">
     <span class='ocr_line' id='line_1_75' title="bbox 2221 2262 3803 2341; baseline -0.001 -20"><span class='ocrx_word' id='word_1_427' title='bbox 2221 2270 2323 2331; x_wconf 78' lang='grc' dir='ltr'>τῆς</span> <span class='ocrx_word' id='word_1_428' title='bbox 2357 2267 2513 2341; x_wconf 82' lang='grc' dir='ltr'>ἁγίας</span> <span class='ocrx_word' id='word_1_429' title='bbox 2541 2264 2799 2341; x_wconf 84' lang='grc' dir='ltr'>Τριάδος,</span> <span class='ocrx_word' id='word_1_430' title='bbox 2828 2262 3163 2329; x_wconf 74' lang='grc' dir='ltr'>ἐπίλόωσας</span> <span class='ocrx_word' id='word_1_431' title='bbox 3212 2268 3381 2324; x_wconf 84' lang='grc' dir='ltr'>τὸν...</span> <span class='ocrx_word' id='word_1_432' title='bbox 3435 2267 3803 2322; x_wconf 70' lang='grc' dir='ltr'>ἀναπτόσοντα...</span> 
     </span>
    </p>
   </div>
   <div class='ocr_carea' id='block_1_76' title="bbox 2224 2358 3333 2430">
    <p class='ocr_par' dir='ltr' id='par_1_76' title="bbox 2224 2358 3333 2430">
     <span class='ocr_line' id='line_1_76' title="bbox 2224 2358 3333 2430; baseline 0.001 -17"><span class='ocrx_word' id='word_1_433' title='bbox 2224 2360 2398 2414; x_wconf 89' lang='lat' dir='ltr'>Deest</span> <span class='ocrx_word' id='word_1_434' title='bbox 2427 2375 2562 2430; x_wconf 86' lang='lat' dir='ltr'>pars</span> <span class='ocrx_word' id='word_1_435' title='bbox 2591 2362 2745 2415; x_wconf 86' lang='grc' dir='ltr'>Θεοτ.</span> <span class='ocrx_word' id='word_1_436' title='bbox 2780 2364 2837 2413; x_wconf 91' lang='lat' dir='ltr'>et</span> <span class='ocrx_word' id='word_1_437' title='bbox 2865 2358 2994 2413; x_wconf 68' lang='lat' dir='ltr'>odaa</span> <span class='ocrx_word' id='word_1_438' title='bbox 3024 2360 3095 2412; x_wconf 87' lang='lat' dir='ltr'><strong>IV</strong></span> <span class='ocrx_word' id='word_1_439' title='bbox 3124 2359 3333 2414; x_wconf 86' lang='lat' dir='ltr'>echus.</span> 
     </span>
    </p>
   </div>
   <div class='ocr_carea' id='block_1_77' title="bbox 2916 2478 3162 2560">
    <p class='ocr_par' dir='ltr' id='par_1_77' title="bbox 2916 2478 3162 2560">
     <span class='ocr_line' id='line_1_77' title="bbox 2916 2478 3162 2560; baseline 0.004 -25"><span class='ocrx_word' id='word_1_440' title='bbox 2916 2478 3045 2560; x_wconf 81' lang='grc' dir='ltr'>ᾨδῆ</span> <span class='ocrx_word' id='word_1_441' title='bbox 3089 2487 3162 2537; x_wconf 69' lang='grc' dir='ltr'>Αν.</span> 
     </span>
    </p>
   </div>
   <div class='ocr_carea' id='block_1_78' title="bbox 2346 2590 3807 2669">
    <p class='ocr_par' dir='ltr' id='par_1_78' title="bbox 2346 2590 3807 2669">
     <span class='ocr_line' id='line_1_78' title="bbox 2346 2590 3807 2669; baseline -0.002 -21"><span class='ocrx_word' id='word_1_442' title='bbox 2346 2636 2358 2648; x_wconf 96' lang='grc'><em>.</em></span> <span class='ocrx_word' id='word_1_443' title='bbox 2440 2598 2537 2648; x_wconf 91' lang='grc' dir='ltr'>σοῦ</span> <span class='ocrx_word' id='word_1_444' title='bbox 2608 2594 2857 2669; x_wconf 82' lang='grc' dir='ltr'>ιύροίζου</span> <span class='ocrx_word' id='word_1_445' title='bbox 2936 2592 3323 2669; x_wconf 82' lang='grc' dir='ltr'>καθαρώτερος</span> <span class='ocrx_word' id='word_1_446' title='bbox 3384 2596 3414 2648; x_wconf 83' lang='grc' dir='ltr'>ὁ</span> <span class='ocrx_word' id='word_1_447' title='bbox 3467 2593 3555 2655; x_wconf 83' lang='grc' dir='ltr'>σὸς</span> <span class='ocrx_word' id='word_1_448' title='bbox 3601 2590 3807 2647; x_wconf 72' lang='grc' dir='ltr'>δέδεικται</span> 
     </span>
    </p>
   </div>
   <div class='ocr_carea' id='block_1_79' title="bbox 2222 2681 3807 2759">
    <p class='ocr_par' dir='ltr' id='par_1_79' title="bbox 2222 2681 3807 2759">
     <span class='ocr_line' id='line_1_79' title="bbox 2222 2681 3807 2759; baseline -0.003 -22"><span class='ocrx_word' id='word_1_449' title='bbox 2222 2688 2364 2752; x_wconf 87' lang='grc' dir='ltr'>νοῦς,</span> <span class='ocrx_word' id='word_1_450' title='bbox 2399 2684 2758 2759; x_wconf 76' lang='grc' dir='ltr'>Χρυσόπομε</span> <span class='ocrx_word' id='word_1_451' title='bbox 2785 2684 3116 2759; x_wconf 79' lang='grc' dir='ltr'>τρισμάκαρ,</span> <span class='ocrx_word' id='word_1_452' title='bbox 3148 2689 3251 2737; x_wconf 87' lang='grc' dir='ltr'>πᾶν</span> <span class='ocrx_word' id='word_1_453' title='bbox 3312 2683 3545 2756; x_wconf 73' lang='grc' dir='ltr'>ἐμπαθὲς</span> <span class='ocrx_word' id='word_1_454' title='bbox 3574 2684 3653 2736; x_wconf 86' lang='lat' dir='ltr'>xui</span> <span class='ocrx_word' id='word_1_455' title='bbox 3680 2681 3807 2755; x_wconf 73' lang='grc' dir='ltr'>πρόσ-</span> 
     </span>
    </p>
   </div>
   <div class='ocr_carea' id='block_1_80' title="bbox 2224 2770 3808 2848">
    <p class='ocr_par' dir='ltr' id='par_1_80' title="bbox 2224 2770 3808 2848">
     <span class='ocr_line' id='line_1_80' title="bbox 2224 2770 3808 2848; baseline -0.001 -22"><span class='ocrx_word' id='word_1_456' title='bbox 2224 2771 2355 2828; x_wconf 90' lang='grc' dir='ltr'>υλον</span> <span class='ocrx_word' id='word_1_457' title='bbox 2385 2772 2585 2847; x_wconf 85' lang='grc' dir='ltr'>νόημα⁶</span> <span class='ocrx_word' id='word_1_458' title='bbox 2643 2770 2734 2827; x_wconf 81' lang='grc' dir='ltr'>καὶ</span> <span class='ocrx_word' id='word_1_459' title='bbox 2789 2773 2891 2847; x_wconf 77' lang='grc' dir='ltr'>γὰρ</span> <span class='ocrx_word' id='word_1_460' title='bbox 2940 2773 3038 2841; x_wconf 78' lang='grc' dir='ltr'>τήν</span> <span class='ocrx_word' id='word_1_461' title='bbox 3093 2771 3312 2848; x_wconf 77' lang='grc' dir='ltr'>ἁγνείαν</span> <span class='ocrx_word' id='word_1_462' title='bbox 3377 2772 3575 2847; x_wconf 78' lang='grc' dir='ltr'>χωνείᾳ</span> <span class='ocrx_word' id='word_1_463' title='bbox 3615 2770 3808 2825; x_wconf 70' lang='grc' dir='ltr'>ἆναπετὲ·</span> 
     </span>
    </p>
   </div>
   <div class='ocr_carea' id='block_1_81' title="bbox 2223 2879 2458 2935">
    <p class='ocr_par' dir='ltr' id='par_1_81' title="bbox 2223 2879 2458 2935">
     <span class='ocr_line' id='line_1_81' title="bbox 2223 2879 2458 2935; baseline 0.013 -21"><span class='ocrx_word' id='word_1_464' title='bbox 2223 2879 2458 2935; x_wconf 80' lang='grc' dir='ltr'>φρωσεν.</span> 
     </span>
    </p>
   </div>
   <div class='ocr_carea' id='block_1_82' title="bbox 2292 2945 3810 3024">
    <p class='ocr_par' dir='ltr' id='par_1_82' title="bbox 2292 2945 3810 3024">
     <span class='ocr_line' id='line_1_82' title="bbox 2292 2945 3810 3024; baseline -0.003 -19"><span class='ocrx_word' id='word_1_465' title='bbox 2292 2945 2511 3022; x_wconf 76' lang='grc' dir='ltr'>Ῥάϐδῳ</span> <span class='ocrx_word' id='word_1_466' title='bbox 2540 2949 2737 3024; x_wconf 77' lang='grc' dir='ltr'>πυρίνῃ</span> <span class='ocrx_word' id='word_1_467' title='bbox 2791 2953 2897 3005; x_wconf 79' lang='grc' dir='ltr'>τῶν</span> <span class='ocrx_word' id='word_1_468' title='bbox 2957 2953 3297 3024; x_wconf 82' lang='grc' dir='ltr'>παγχρυσῶν</span> <span class='ocrx_word' id='word_1_469' title='bbox 3362 2971 3459 3005; x_wconf 91' lang='grc' dir='ltr'>σου</span> <span class='ocrx_word' id='word_1_470' title='bbox 3514 2946 3725 3023; x_wconf 59' lang='grc' dir='ltr'>διδαχὼ</span> <span class='ocrx_word' id='word_1_471' title='bbox 3747 2946 3810 3002; x_wconf 69' lang='grc' dir='ltr'>διὰ</span> 
     </span>
    </p>
   </div>
   <div class='ocr_carea' id='block_1_83' title="bbox 2222 3036 3809 3116">
    <p class='ocr_par' dir='ltr' id='par_1_83' title="bbox 2222 3036 3809 3116">
     <span class='ocr_line' id='line_1_83' title="bbox 2222 3036 3809 3116; baseline -0.005 -21"><span class='ocrx_word' id='word_1_472' title='bbox 2222 3041 2487 3113; x_wconf 85' lang='grc' dir='ltr'>Χριστοῦ,</span> <span class='ocrx_word' id='word_1_473' title='bbox 2534 3039 2623 3093; x_wconf 86' lang='grc' dir='ltr'>καὶ</span> <span class='ocrx_word' id='word_1_474' title='bbox 2673 3046 2774 3108; x_wconf 83' lang='grc' dir='ltr'>τῆς</span> <span class='ocrx_word' id='word_1_475' title='bbox 2818 3038 3178 3116; x_wconf 78' lang='grc' dir='ltr'>φιλαργυρίας</span> <span class='ocrx_word' id='word_1_476' title='bbox 3226 3041 3631 3112; x_wconf 80' lang='grc' dir='ltr'>κυμαινομὲνην</span> <span class='ocrx_word' id='word_1_477' title='bbox 3657 3036 3809 3100; x_wconf 69' lang='grc' dir='ltr'>θάλασ-</span> 
     </span>
    </p>
   </div>
   <div class='ocr_carea' id='block_1_84' title="bbox 2224 3124 3811 3203">
    <p class='ocr_par' dir='ltr' id='par_1_84' title="bbox 2224 3124 3811 3203">
     <span class='ocr_line' id='line_1_84' title="bbox 2224 3124 3811 3203; baseline -0.003 -22"><span class='ocrx_word' id='word_1_478' title='bbox 2224 3148 2314 3181; x_wconf 90' lang='grc' dir='ltr'>σαν</span> <span class='ocrx_word' id='word_1_479' title='bbox 2366 3126 2562 3197; x_wconf 72' lang='grc' dir='ltr'>ἔθηκας</span> <span class='ocrx_word' id='word_1_480' title='bbox 2617 3128 2786 3203; x_wconf 79' lang='grc' dir='ltr'>βατήν</span> <span class='ocrx_word' id='word_1_481' title='bbox 2836 3132 2905 3202; x_wconf 78' lang='grc' dir='ltr'>τῇ</span> <span class='ocrx_word' id='word_1_482' title='bbox 2962 3126 3335 3203; x_wconf 78' lang='grc' dir='ltr'>ἐλεημοσύνῃ,</span> <span class='ocrx_word' id='word_1_483' title='bbox 3387 3124 3578 3184; x_wconf 75' lang='grc' dir='ltr'>ἄϐατον</span> <span class='ocrx_word' id='word_1_484' title='bbox 3616 3128 3743 3182; x_wconf 74' lang='grc' dir='ltr'>οὖσαν</span> <span class='ocrx_word' id='word_1_485' title='bbox 3768 3125 3811 3179; x_wconf 77' lang='grc' dir='ltr'>τὸ</span> 
     </span>
    </p>
   </div>
   <div class='ocr_carea' id='block_1_85' title="bbox 2145 3210 2373 3290">
    <p class='ocr_par' dir='ltr' id='par_1_85' title="bbox 2145 3210 2373 3290">
     <span class='ocr_line' id='line_1_85' title="bbox 2145 3210 2373 3290; baseline -0.004 -19"><span class='ocrx_word' id='word_1_486' title='bbox 2145 3210 2189 3278; x_wconf 86' lang='lat' dir='ltr'><strong><em>C</em></strong></span> <span class='ocrx_word' id='word_1_487' title='bbox 2228 3216 2373 3290; x_wconf 89' lang='grc' dir='ltr'>πρίν.</span> 
     </span>
    </p>
   </div>
   <div class='ocr_carea' id='block_1_86' title="bbox 2290 3302 3809 3381">
    <p class='ocr_par' dir='ltr' id='par_1_86' title="bbox 2290 3302 3809 3381">
     <span class='ocr_line' id='line_1_86' title="bbox 2290 3302 3809 3381; baseline -0.003 -21"><span class='ocrx_word' id='word_1_488' title='bbox 2290 3311 2396 3361; x_wconf 88' lang='grc' dir='ltr'>Τοῦ</span> <span class='ocrx_word' id='word_1_489' title='bbox 2423 3306 2824 3381; x_wconf 76' lang='grc' dir='ltr'>ἀρχιποιμὲνος</span> <span class='ocrx_word' id='word_1_490' title='bbox 2854 3312 2970 3368; x_wconf 85' lang='grc' dir='ltr'>τοῖς</span> <span class='ocrx_word' id='word_1_491' title='bbox 3020 3307 3278 3379; x_wconf 74' lang='grc' dir='ltr'>νεύμασιν</span> <span class='ocrx_word' id='word_1_492' title='bbox 3331 3308 3361 3361; x_wconf 83' lang='grc' dir='ltr'><strong>ὁ</strong></span> <span class='ocrx_word' id='word_1_493' title='bbox 3409 3307 3610 3379; x_wconf 72' lang='grc' dir='ltr'>ποιμὴν</span> <span class='ocrx_word' id='word_1_494' title='bbox 3639 3302 3809 3362; x_wconf 60' lang='lat' dir='ltr'>buli;</span> 
     </span>
    </p>
   </div>
   <div class='ocr_carea' id='block_1_87' title="bbox 2223 3394 3811 3470">
    <p class='ocr_par' dir='ltr' id='par_1_87' title="bbox 2223 3394 3811 3470">
     <span class='ocr_line' id='line_1_87' title="bbox 2223 3394 3811 3470; baseline -0.003 -21"><span class='ocrx_word' id='word_1_495' title='bbox 2223 3395 2368 3465; x_wconf 79' lang='grc' dir='ltr'>ἄξιον</span> <span class='ocrx_word' id='word_1_496' title='bbox 2420 3395 2765 3470; x_wconf 72' lang='grc' dir='ltr'>παραστάτην</span> <span class='ocrx_word' id='word_1_497' title='bbox 2818 3394 3077 3469; x_wconf 87' lang='grc' dir='ltr'>προσάγει</span> <span class='ocrx_word' id='word_1_498' title='bbox 3126 3416 3184 3449; x_wconf 92' lang='grc' dir='ltr'>σε</span> <span class='ocrx_word' id='word_1_499' title='bbox 3227 3399 3312 3466; x_wconf 79' lang='grc' dir='ltr'>τῷ</span> <span class='ocrx_word' id='word_1_500' title='bbox 3366 3396 3589 3469; x_wconf 70' lang='grc' dir='ltr'>βήματι,</span> <span class='ocrx_word' id='word_1_501' title='bbox 3625 3394 3701 3447; x_wconf 88' lang='grc' dir='ltr'>τὸν</span> <span class='ocrx_word' id='word_1_502' title='bbox 3729 3404 3811 3461; x_wconf 73' lang='grc' dir='ltr'>μετ’</span> 
     </span>
    </p>
   </div>
   <div class='ocr_carea' id='block_1_88' title="bbox 2222 3479 3421 3554">
    <p class='ocr_par' dir='ltr' id='par_1_88' title="bbox 2222 3479 3421 3554">
     <span class='ocr_line' id='line_1_88' title="bbox 2222 3479 3421 3554; baseline 0.003 -20"><span class='ocrx_word' id='word_1_503' title='bbox 2222 3480 2284 3535; x_wconf 79' lang='grc' dir='ltr'>οὐ</span> <span class='ocrx_word' id='word_1_504' title='bbox 2313 3479 2455 3535; x_wconf 82' lang='grc' dir='ltr'>πολὺ</span> <span class='ocrx_word' id='word_1_505' title='bbox 2485 3485 2592 3535; x_wconf 82' lang='grc' dir='ltr'>τῶν</span> <span class='ocrx_word' id='word_1_506' title='bbox 2624 3480 2903 3553; x_wconf 73' lang='grc' dir='ltr'>ποιμένων</span> <span class='ocrx_word' id='word_1_507' title='bbox 2937 3481 3099 3554; x_wconf 73' lang='grc' dir='ltr'>μέγαν</span> <span class='ocrx_word' id='word_1_508' title='bbox 3134 3480 3421 3551; x_wconf 82' lang='grc' dir='ltr'>ἐσόμενον.</span> 
     </span>
    </p>
   </div>
   <div class='ocr_carea' id='block_1_89' title="bbox 2291 3567 3809 3648">
    <p class='ocr_par' dir='ltr' id='par_1_89' title="bbox 2291 3567 3809 3648">
     <span class='ocr_line' id='line_1_89' title="bbox 2291 3567 3809 3648; baseline -0.005 -23"><span class='ocrx_word' id='word_1_509' title='bbox 2291 3570 2599 3628; x_wconf 85' lang='grc' dir='ltr'>Θεοτόκιον.</span> <span class='ocrx_word' id='word_1_510' title='bbox 2652 3603 2720 3612; x_wconf 87' lang='grc'><strong><em>-</em></strong></span> <span class='ocrx_word' id='word_1_511' title='bbox 2773 3569 3179 3648; x_wconf 76' lang='grc' dir='ltr'>Σωματοφόρον</span> <span class='ocrx_word' id='word_1_512' title='bbox 3235 3570 3333 3624; x_wconf 82' lang='grc' dir='ltr'>τὸν</span> <span class='ocrx_word' id='word_1_513' title='bbox 3395 3571 3665 3642; x_wconf 80' lang='grc' dir='ltr'>ἀσώματον</span> <span class='ocrx_word' id='word_1_514' title='bbox 3706 3567 3809 3619; x_wconf 65' lang='lat' dir='ltr'>dm-</span> 
     </span>
    </p>
   </div>
   <div class='ocr_carea' id='block_1_90' title="bbox 2225 3653 3807 3736">
    <p class='ocr_par' dir='ltr' id='par_1_90' title="bbox 2225 3653 3807 3736">
     <span class='ocr_line' id='line_1_90' title="bbox 2225 3653 3807 3736; baseline -0.006 -22"><span class='ocrx_word' id='word_1_515' title='bbox 2225 3663 2394 3733; x_wconf 79' lang='grc' dir='ltr'>μάτου</span> <span class='ocrx_word' id='word_1_516' title='bbox 2447 3663 2598 3736; x_wconf 78' lang='grc' dir='ltr'>φωνῇ</span> <span class='ocrx_word' id='word_1_517' title='bbox 2656 3662 2981 3734; x_wconf 69' lang='grc' dir='ltr'>γεννήσασα,</span> <span class='ocrx_word' id='word_1_518' title='bbox 3044 3662 3301 3734; x_wconf 76' lang='grc' dir='ltr'>Παρθὲνε,</span> <span class='ocrx_word' id='word_1_519' title='bbox 3366 3662 3673 3721; x_wconf 80' lang='grc' dir='ltr'>σωματικῶν</span> <span class='ocrx_word' id='word_1_520' title='bbox 3721 3653 3807 3727; x_wconf 70' lang='grc' dir='ltr'>ὀρέ-</span> 
     </span>
    </p>
   </div>
   <div class='ocr_carea' id='block_1_91' title="bbox 2220 3746 3808 3823">
    <p class='ocr_par' dir='ltr' id='par_1_91' title="bbox 2220 3746 3808 3823">
     <span class='ocr_line' id='line_1_91' title="bbox 2220 3746 3808 3823; baseline -0.002 -22"><span class='ocrx_word' id='word_1_521' title='bbox 2220 3748 2349 3818; x_wconf 78' lang='grc' dir='ltr'>ξεων</span> <span class='ocrx_word' id='word_1_522' title='bbox 2377 3746 2532 3823; x_wconf 81' lang='grc' dir='ltr'>ῥῦσαί</span> <span class='ocrx_word' id='word_1_523' title='bbox 2569 3769 2672 3821; x_wconf 91' lang='grc' dir='ltr'>μου</span> <span class='ocrx_word' id='word_1_524' title='bbox 2700 3749 2793 3802; x_wconf 90' lang='grc' dir='ltr'>τὸν</span> <span class='ocrx_word' id='word_1_525' title='bbox 2843 3752 2991 3816; x_wconf 90' lang='grc' dir='ltr'>νοῦν,</span> <span class='ocrx_word' id='word_1_526' title='bbox 3038 3748 3347 3821; x_wconf 78' lang='grc' dir='ltr'>ἀσωμάτων</span> <span class='ocrx_word' id='word_1_527' title='bbox 3407 3747 3646 3822; x_wconf 83' lang='grc' dir='ltr'>ἀγγέλων</span> <span class='ocrx_word' id='word_1_528' title='bbox 3686 3747 3808 3815; x_wconf 77' lang='grc' dir='ltr'>ὑπερ·</span> 
     </span>
    </p>
   </div>
   <div class='ocr_carea' id='block_1_92' title="bbox 2221 3838 2445 3911">
    <p class='ocr_par' dir='ltr' id='par_1_92' title="bbox 2221 3838 2445 3911">
     <span class='ocr_line' id='line_1_92' title="bbox 2221 3838 2445 3911; baseline 0.004 -20"><span class='ocrx_word' id='word_1_529' title='bbox 2221 3838 2445 3911; x_wconf 81' lang='grc' dir='ltr'>ἑχουσα.</span> 
     </span>
    </p>
   </div>
   <div class='ocr_carea' id='block_1_93' title="bbox 2543 3960 3545 4042">
    <p class='ocr_par' dir='ltr' id='par_1_93' title="bbox 2543 3960 3545 4042">
     <span class='ocr_line' id='line_1_93' title="bbox 2543 3960 3545 4042; baseline 0.002 -25"><span class='ocrx_word' id='word_1_530' title='bbox 2543 3960 2672 4042; x_wconf 83' lang='grc' dir='ltr'>’ῼδὴ</span> <span class='ocrx_word' id='word_1_531' title='bbox 2707 3968 2778 4020; x_wconf 87' lang='grc' dir='ltr'>Ε¹.</span> <span class='ocrx_word' id='word_1_532' title='bbox 2812 3961 3136 4026; x_wconf 69' lang='grc' dir='ltr'>Θεοφανείας</span> <span class='ocrx_word' id='word_1_533' title='bbox 3168 3984 3285 4031; x_wconf 90' lang='grc' dir='ltr'>σου,</span> <span class='ocrx_word' id='word_1_534' title='bbox 3322 3963 3545 4038; x_wconf 81' lang='grc' dir='ltr'>Χριστέ.</span> 
     </span>
    </p>
   </div>
   <div class='ocr_carea' id='block_1_94' title="bbox 2292 4068 3814 4153">
    <p class='ocr_par' dir='ltr' id='par_1_94' title="bbox 2292 4068 3814 4153">
     <span class='ocr_line' id='line_1_94' title="bbox 2292 4068 3814 4153; baseline -0.005 -20"><span class='ocrx_word' id='word_1_535' title='bbox 2292 4080 2347 4131; x_wconf 76' lang='grc' dir='ltr'><strong>Ὀ</strong></span> <span class='ocrx_word' id='word_1_536' title='bbox 2386 4079 2492 4152; x_wconf 92' lang='grc' dir='ltr'>πρὸ</span> <span class='ocrx_word' id='word_1_537' title='bbox 2522 4081 2830 4152; x_wconf 75' lang='grc' dir='ltr'>γεννήσεως</span> <span class='ocrx_word' id='word_1_538' title='bbox 2880 4076 3038 4140; x_wconf 85' lang='grc' dir='ltr'>εἰδὼς</span> <span class='ocrx_word' id='word_1_539' title='bbox 3084 4078 3147 4133; x_wconf 86' lang='grc' dir='ltr'>τὸ</span> <span class='ocrx_word' id='word_1_540' title='bbox 3194 4079 3502 4153; x_wconf 78' lang='grc' dir='ltr'>χρυσαυγὶς</span> <span class='ocrx_word' id='word_1_541' title='bbox 3528 4074 3611 4130; x_wconf 84' lang='lat' dir='ltr'>xui</span> <span class='ocrx_word' id='word_1_542' title='bbox 3641 4068 3814 4151; x_wconf 71' lang='grc' dir='ltr'>φαιδρὸν</span> 
     </span>
    </p>
   </div>
   <div class='ocr_carea' id='block_1_95' title="bbox 2218 4164 3815 4242">
    <p class='ocr_par' dir='ltr' id='par_1_95' title="bbox 2218 4164 3815 4242">
     <span class='ocr_line' id='line_1_95' title="bbox 2218 4164 3815 4242; baseline -0.007 -18"><span class='ocrx_word' id='word_1_543' title='bbox 2218 4172 2319 4233; x_wconf 80' lang='grc' dir='ltr'>τῆς</span> <span class='ocrx_word' id='word_1_544' title='bbox 2341 4171 2526 4242; x_wconf 78' lang='grc' dir='ltr'>ψυχῆς</span> <span class='ocrx_word' id='word_1_545' title='bbox 2557 4190 2673 4239; x_wconf 87' lang='grc' dir='ltr'>σου,</span> <span class='ocrx_word' id='word_1_546' title='bbox 2706 4169 2793 4223; x_wconf 82' lang='grc' dir='ltr'>καὶ</span> <span class='ocrx_word' id='word_1_547' title='bbox 2826 4168 2933 4241; x_wconf 87' lang='grc' dir='ltr'>πρὸ</span> <span class='ocrx_word' id='word_1_548' title='bbox 2979 4172 3077 4223; x_wconf 91' lang='grc' dir='ltr'>τοῦ</span> <span class='ocrx_word' id='word_1_549' title='bbox 3128 4166 3444 4237; x_wconf 77' lang='grc' dir='ltr'>πλασθῆναι</span> <span class='ocrx_word' id='word_1_550' title='bbox 3494 4167 3543 4222; x_wconf 76' lang='grc' dir='ltr'>ἐν</span> <span class='ocrx_word' id='word_1_551' title='bbox 3587 4169 3648 4237; x_wconf 77' lang='grc' dir='ltr'>τῇ</span> <span class='ocrx_word' id='word_1_552' title='bbox 3678 4164 3815 4234; x_wconf 65' lang='grc' dir='ltr'>μήτρᾳ</span> 
     </span>
    </p>
   </div>
   <div class='ocr_carea' id='block_1_96' title="bbox 2224 4252 3814 4335">
    <p class='ocr_par' dir='ltr' id='par_1_96' title="bbox 2224 4252 3814 4335">
     <span class='ocr_line' id='line_1_96' title="bbox 2224 4252 3814 4335; baseline -0.006 -24"><span class='ocrx_word' id='word_1_553' title='bbox 2224 4277 2280 4311; x_wconf 89' lang='grc' dir='ltr'>σε</span> <span class='ocrx_word' id='word_1_554' title='bbox 2310 4259 2560 4331; x_wconf 81' lang='grc' dir='ltr'>ἁγιάσας,</span> <span class='ocrx_word' id='word_1_555' title='bbox 2612 4258 2732 4331; x_wconf 74' lang='grc' dir='ltr'>ἅγιε</span> <span class='ocrx_word' id='word_1_556' title='bbox 2779 4256 3083 4333; x_wconf 81' lang='grc' dir='ltr'>πάγχρυσε,</span> <span class='ocrx_word' id='word_1_557' title='bbox 3133 4257 3208 4318; x_wconf 82' lang='grc' dir='ltr'>ὡς</span> <span class='ocrx_word' id='word_1_558' title='bbox 3255 4260 3544 4335; x_wconf 63' lang='grc' dir='ltr'>προφήτην</span> <span class='ocrx_word' id='word_1_559' title='bbox 3577 4252 3723 4309; x_wconf 69' lang='grc' dir='ltr'>ἄλλον</span> <span class='ocrx_word' id='word_1_560' title='bbox 3750 4269 3814 4303; x_wconf 75' lang='grc' dir='ltr'>σι·</span> 
     </span>
    </p>
   </div>
   <div class='ocr_carea' id='block_1_97' title="bbox 2222 4343 3814 4423">
    <p class='ocr_par' dir='ltr' id='par_1_97' title="bbox 2222 4343 3814 4423">
     <span class='ocr_line' id='line_1_97' title="bbox 2222 4343 3814 4423; baseline -0.003 -24"><span class='ocrx_word' id='word_1_561' title='bbox 2222 4346 2623 4423; x_wconf 76' lang='grc' dir='ltr'>φῶςἹερεμίαν</span> <span class='ocrx_word' id='word_1_562' title='bbox 2673 4367 2731 4401; x_wconf 87' lang='grc' dir='ltr'>σε</span> <span class='ocrx_word' id='word_1_563' title='bbox 2780 4343 3049 4421; x_wconf 78' lang='grc' dir='ltr'>ἄγρυπνον</span> <span class='ocrx_word' id='word_1_564' title='bbox 3104 4346 3345 4419; x_wconf 73' lang='grc' dir='ltr'>ποιμένα</span> <span class='ocrx_word' id='word_1_565' title='bbox 3396 4347 3485 4401; x_wconf 82' lang='grc' dir='ltr'>καὶ</span> <span class='ocrx_word' id='word_1_566' title='bbox 3535 4348 3723 4421; x_wconf 70' lang='grc' dir='ltr'>φύλακα</span> <span class='ocrx_word' id='word_1_567' title='bbox 3746 4344 3814 4403; x_wconf 64' lang='grc' dir='ltr'>τῆς</span> 
     </span>
    </p>
   </div>
   <div class='ocr_carea' id='block_1_98' title="bbox 2222 4431 3086 4510">
    <p class='ocr_par' dir='ltr' id='par_1_98' title="bbox 2222 4431 3086 4510">
     <span class='ocr_line' id='line_1_98' title="bbox 2222 4431 3086 4510; baseline 0.002 -21"><span class='ocrx_word' id='word_1_568' title='bbox 2222 4435 2386 4490; x_wconf 82' lang='grc' dir='ltr'>αὐτοῦ</span> <span class='ocrx_word' id='word_1_569' title='bbox 2417 4438 2657 4508; x_wconf 81' lang='grc' dir='ltr'>ποίμνης</span> <span class='ocrx_word' id='word_1_570' title='bbox 2689 4431 3086 4510; x_wconf 78' lang='grc' dir='ltr'>προϐάλλεται.</span> 
     </span>
    </p>
   </div>
   <div class='ocr_carea' id='block_1_99' title="bbox 2295 4518 3814 4600">
    <p class='ocr_par' dir='ltr' id='par_1_99' title="bbox 2295 4518 3814 4600">
     <span class='ocr_line' id='line_1_99' title="bbox 2295 4518 3814 4600; baseline -0.003 -22"><span class='ocrx_word' id='word_1_571' title='bbox 2295 4526 2423 4579; x_wconf 80' lang='grc' dir='ltr'>Ὑπὸ</span> <span class='ocrx_word' id='word_1_572' title='bbox 2454 4529 2586 4579; x_wconf 88' lang='grc' dir='ltr'>Θεοῦ</span> <span class='ocrx_word' id='word_1_573' title='bbox 2616 4524 3025 4600; x_wconf 77' lang='grc' dir='ltr'>προχειρισθεὶς</span> <span class='ocrx_word' id='word_1_574' title='bbox 3072 4528 3170 4579; x_wconf 87' lang='grc' dir='ltr'>τοῦ</span> <span class='ocrx_word' id='word_1_575' title='bbox 3215 4525 3315 4592; x_wconf 71' lang='grc' dir='ltr'>τὴν</span> <span class='ocrx_word' id='word_1_576' title='bbox 3360 4527 3523 4598; x_wconf 75' lang='grc' dir='ltr'>ἡμῶν</span> <span class='ocrx_word' id='word_1_577' title='bbox 3552 4518 3814 4577; x_wconf 51' lang='lat' dir='ltr'>eadem:</span> 
     </span>
    </p>
   </div>
   <div class='ocr_carea' id='block_1_100' title="bbox 2227 4613 3810 4691">
    <p class='ocr_par' dir='ltr' id='par_1_100' title="bbox 2227 4613 3810 4691">
     <span class='ocr_line' id='line_1_100' title="bbox 2227 4613 3810 4691; baseline 0 -21"><span class='ocrx_word' id='word_1_578' title='bbox 2227 4615 2526 4691; x_wconf 85' lang='grc' dir='ltr'>πτωχείαν,</span> <span class='ocrx_word' id='word_1_579' title='bbox 2574 4622 2680 4672; x_wconf 84' lang='grc' dir='ltr'>τῶν</span> <span class='ocrx_word' id='word_1_580' title='bbox 2734 4620 2976 4691; x_wconf 79' lang='grc' dir='ltr'>πτωχῶν</span> <span class='ocrx_word' id='word_1_581' title='bbox 3028 4616 3345 4691; x_wconf 85' lang='grc' dir='ltr'>προστάτης</span> <span class='ocrx_word' id='word_1_582' title='bbox 3394 4616 3483 4671; x_wconf 86' lang='lat' dir='ltr'>xui</span> <span class='ocrx_word' id='word_1_583' title='bbox 3532 4613 3810 4687; x_wconf 68' lang='grc' dir='ltr'>υπὲρμαχθξν</span> 
     </span>
    </p>
   </div>
   <div class='ocr_carea' id='block_1_101' title="bbox 2221 4692 3813 4779">
    <p class='ocr_par' dir='ltr' id='par_1_101' title="bbox 2221 4692 3813 4779">
     <span class='ocr_line' id='line_1_101' title="bbox 2221 4692 3813 4779; baseline -0.006 -19"><span class='ocrx_word' id='word_1_584' title='bbox 2221 4706 2311 4760; x_wconf 82' lang='grc' dir='ltr'>καὶ</span> <span class='ocrx_word' id='word_1_585' title='bbox 2355 4707 2511 4775; x_wconf 77' lang='grc' dir='ltr'>κοινὴ</span> <span class='ocrx_word' id='word_1_586' title='bbox 2565 4707 2811 4775; x_wconf 77' lang='grc' dir='ltr'>πενήτων</span> <span class='ocrx_word' id='word_1_587' title='bbox 2861 4706 3195 4779; x_wconf 71' lang='grc' dir='ltr'>προμήθεια,</span> <span class='ocrx_word' id='word_1_588' title='bbox 3252 4700 3518 4777; x_wconf 77' lang='grc' dir='ltr'>ἐμϐαλὼν</span> <span class='ocrx_word' id='word_1_589' title='bbox 3566 4704 3633 4763; x_wconf 84' lang='grc' dir='ltr'>ὡς</span> <span class='ocrx_word' id='word_1_590' title='bbox 3672 4692 3813 4753; x_wconf 72' lang='grc' dir='ltr'>κλεῖδα</span> 
     </span>
    </p>
   </div>
   <div class='ocr_carea' id='block_1_102' title="bbox 2223 4783 3813 4872">
    <p class='ocr_par' dir='ltr' id='par_1_102' title="bbox 2223 4783 3813 4872">
     <span class='ocr_line' id='line_1_102' title="bbox 2223 4783 3813 4872; baseline -0.019 -4"><span class='ocrx_word' id='word_1_591' title='bbox 2223 4803 2435 4871; x_wconf 77' lang='grc' dir='ltr'>χρυσῆν</span> <span class='ocrx_word' id='word_1_592' title='bbox 2486 4795 2737 4872; x_wconf 84' lang='grc' dir='ltr'>γλῶσσαν</span> <span class='ocrx_word' id='word_1_593' title='bbox 2781 4797 2881 4865; x_wconf 71' lang='grc' dir='ltr'>τὴν</span> <span class='ocrx_word' id='word_1_594' title='bbox 2933 4796 3250 4871; x_wconf 79' lang='grc' dir='ltr'>πάγχρυσον</span> <span class='ocrx_word' id='word_1_595' title='bbox 3297 4802 3420 4857; x_wconf 83' lang='grc' dir='ltr'>τοῖς</span> <span class='ocrx_word' id='word_1_596' title='bbox 3466 4799 3567 4850; x_wconf 78' lang='grc' dir='ltr'>τῶν</span> <span class='ocrx_word' id='word_1_597' title='bbox 3608 4783 3813 4865; x_wconf 60' lang='grc' dir='ltr'>φιλαργύ-</span> 
     </span>
    </p>
   </div>
   <div class='ocr_carea' id='block_1_103' title="bbox 2227 4884 3813 4961">
    <p class='ocr_par' dir='ltr' id='par_1_103' title="bbox 2227 4884 3813 4961">
     <span class='ocr_line' id='line_1_103' title="bbox 2227 4884 3813 4961; baseline -0.005 -22"><span class='ocrx_word' id='word_1_598' title='bbox 2227 4906 2335 4959; x_wconf 87' lang='grc' dir='ltr'>ρων</span> <span class='ocrx_word' id='word_1_599' title='bbox 2389 4884 2641 4959; x_wconf 85' lang='grc' dir='ltr'>ταμείοις</span> <span class='ocrx_word' id='word_1_600' title='bbox 2694 4885 2783 4941; x_wconf 83' lang='grc' dir='ltr'>καὶ</span> <span class='ocrx_word' id='word_1_601' title='bbox 2862 4891 3178 4961; x_wconf 82' lang='grc' dir='ltr'>θησαυροῖς,</span> <span class='ocrx_word' id='word_1_602' title='bbox 3236 4885 3464 4958; x_wconf 74' lang='grc' dir='ltr'>ἢνοιξας</span> <span class='ocrx_word' id='word_1_603' title='bbox 3518 4887 3667 4938; x_wconf 84' lang='grc' dir='ltr'>ταῦτα</span> <span class='ocrx_word' id='word_1_604' title='bbox 3716 4896 3813 4931; x_wconf 70' lang='grc' dir='ltr'>πτυ-</span> 
     </span>
    </p>
   </div>
   <div class='ocr_carea' id='block_1_104' title="bbox 2231 4992 2378 5049">
    <p class='ocr_par' dir='ltr' id='par_1_104' title="bbox 2231 4992 2378 5049">
     <span class='ocr_line' id='line_1_104' title="bbox 2231 4992 2378 5049; baseline 0.02 -22"><span class='ocrx_word' id='word_1_605' title='bbox 2231 4992 2378 5049; x_wconf 88' lang='grc' dir='ltr'>χοις.</span> 
     </span>
    </p>
   </div>
   <div class='ocr_carea' id='block_1_105' title="bbox 2303 5047 3805 5138">
    <p class='ocr_par' dir='ltr' id='par_1_105' title="bbox 2303 5047 3805 5138">
     <span class='ocr_line' id='line_1_105' title="bbox 2303 5047 3805 5138; baseline -0.005 -21"><span class='ocrx_word' id='word_1_606' title='bbox 2303 5062 2557 5135; x_wconf 86' lang='grc' dir='ltr'>Συντόνῳ</span> <span class='ocrx_word' id='word_1_607' title='bbox 2604 5062 2761 5138; x_wconf 85' lang='grc' dir='ltr'>τάχει</span> <span class='ocrx_word' id='word_1_608' title='bbox 2810 5063 2899 5119; x_wconf 87' lang='lat' dir='ltr'>xui</span> <span class='ocrx_word' id='word_1_609' title='bbox 2944 5061 3156 5137; x_wconf 79' lang='grc' dir='ltr'>σπουδῇ</span> <span class='ocrx_word' id='word_1_610' title='bbox 3189 5065 3373 5125; x_wconf 88' lang='grc' dir='ltr'>πίστις</span> <span class='ocrx_word' id='word_1_611' title='bbox 3420 5062 3588 5136; x_wconf 81' lang='grc' dir='ltr'>Θερμή</span> <span class='ocrx_word' id='word_1_612' title='bbox 3634 5047 3805 5112; x_wconf 67' lang='grc' dir='ltr'>εὐσεϐῶν</span> 
     </span>
    </p>
   </div>
   <div class='ocr_carea' id='block_1_106' title="bbox 2234 5140 3803 5227">
    <p class='ocr_par' dir='ltr' id='par_1_106' title="bbox 2234 5140 3803 5227">
     <span class='ocr_line' id='line_1_106' title="bbox 2234 5140 3803 5227; baseline -0.001 -21"><span class='ocrx_word' id='word_1_613' title='bbox 2234 5151 2502 5226; x_wconf 73' lang='grc' dir='ltr'>βασιλέων</span> <span class='ocrx_word' id='word_1_614' title='bbox 2572 5152 2621 5224; x_wconf 75' lang='grc' dir='ltr'>ἐξ</span> <span class='ocrx_word' id='word_1_615' title='bbox 2684 5152 3023 5227; x_wconf 83' lang='grc' dir='ltr'>Ἀντιοχείας</span> <span class='ocrx_word' id='word_1_616' title='bbox 3086 5156 3185 5220; x_wconf 71' lang='grc' dir='ltr'>τῆς</span> <span class='ocrx_word' id='word_1_617' title='bbox 3251 5147 3698 5224; x_wconf 73' lang='grc' dir='ltr'>Συρίαςσεπρὸς</span> <span class='ocrx_word' id='word_1_618' title='bbox 3738 5140 3803 5204; x_wconf 54' lang='grc' dir='ltr'>τήν</span> 
     </span>
    </p>
   </div>
   <div class='ocr_carea' id='block_1_107' title="bbox 2234 5230 3803 5317">
    <p class='ocr_par' dir='ltr' id='par_1_107' title="bbox 2234 5230 3803 5317">
     <span class='ocr_line' id='line_1_107' title="bbox 2234 5230 3803 5317; baseline 0.001 -21"><span class='ocrx_word' id='word_1_619' title='bbox 2234 5240 2488 5317; x_wconf 81' lang='grc' dir='ltr'>βασιλίδα</span> <span class='ocrx_word' id='word_1_620' title='bbox 2533 5246 2641 5295; x_wconf 82' lang='grc' dir='ltr'>τῶν</span> <span class='ocrx_word' id='word_1_621' title='bbox 2685 5241 2921 5313; x_wconf 68' lang='grc' dir='ltr'>πόλεων⁷</span> <span class='ocrx_word' id='word_1_622' title='bbox 2958 5242 3093 5315; x_wconf 71' lang='grc' dir='ltr'>μετὰ</span> <span class='ocrx_word' id='word_1_623' title='bbox 3130 5238 3290 5312; x_wconf 74' lang='grc' dir='ltr'>δόξης</span> <span class='ocrx_word' id='word_1_624' title='bbox 3319 5241 3405 5295; x_wconf 80' lang='grc' dir='ltr'>ὅτι</span> <span class='ocrx_word' id='word_1_625' title='bbox 3447 5238 3667 5304; x_wconf 74' lang='grc' dir='ltr'>πολλῆς.</span> <span class='ocrx_word' id='word_1_626' title='bbox 3694 5230 3803 5302; x_wconf 57' lang='lat'>3099&#39;</span> 
     </span>
    </p>
   </div>
   <div class='ocr_carea' id='block_1_108' title="bbox 2230 5317 3802 5410">
    <p class='ocr_par' dir='ltr' id='par_1_108' title="bbox 2230 5325 3802 5410">
     <span class='ocr_line' id='line_1_108' title="bbox 2230 5325 3802 5410; baseline -0.001 -24"><span class='ocrx_word' id='word_1_627' title='bbox 2230 5331 2421 5410; x_wconf 77' lang='grc' dir='ltr'>φορίας</span> <span class='ocrx_word' id='word_1_628' title='bbox 2467 5352 2524 5385; x_wconf 88' lang='grc' dir='ltr'>τε</span> <span class='ocrx_word' id='word_1_629' title='bbox 2570 5330 2660 5385; x_wconf 84' lang='grc' dir='ltr'>καὶ</span> <span class='ocrx_word' id='word_1_630' title='bbox 2706 5338 2875 5403; x_wconf 81' lang='grc' dir='ltr'>τιμῆς</span> <span class='ocrx_word' id='word_1_631' title='bbox 2924 5331 3013 5386; x_wconf 83' lang='grc' dir='ltr'>καὶ</span> <span class='ocrx_word' id='word_1_632' title='bbox 3059 5332 3380 5406; x_wconf 71' lang='grc' dir='ltr'>πρεπούσης</span> <span class='ocrx_word' id='word_1_633' title='bbox 3426 5328 3586 5387; x_wconf 60' lang='lat' dir='ltr'>animi);</span> <span class='ocrx_word' id='word_1_634' title='bbox 3616 5325 3679 5384; x_wconf 72' lang='grc' dir='ltr'>ὡς</span> <span class='ocrx_word' id='word_1_635' title='bbox 3712 5326 3802 5373; x_wconf 70' lang='grc' dir='ltr'>θεον</span> 
     </span>
    </p>
   </div>
   <div class='ocr_carea' id='block_1_109' title="bbox 2232 5415 2666 5497">
    <p class='ocr_par' dir='ltr' id='par_1_109' title="bbox 2232 5415 2666 5497">
     <span class='ocr_line' id='line_1_109' title="bbox 2232 5415 2666 5497; baseline 0 -21"><span class='ocrx_word' id='word_1_636' title='bbox 2232 5418 2466 5497; x_wconf 80' lang='grc' dir='ltr'>ἄγγελον</span> <span class='ocrx_word' id='word_1_637' title='bbox 2496 5415 2666 5482; x_wconf 75' lang='grc' dir='ltr'>ἔθετο.</span> 
     </span>
    </p>
   </div>
   <div class='ocr_carea' id='block_1_110' title="bbox 2303 5503 3802 5578">
    <p class='ocr_par' dir='ltr' id='par_1_110' title="bbox 2303 5503 3802 5578">
     <span class='ocr_line' id='line_1_110' title="bbox 2303 5503 3802 5578; baseline -0.007 -12"><span class='ocrx_word' id='word_1_638' title='bbox 2303 5511 2365 5566; x_wconf 89' lang='grc' dir='ltr'>Ὀ</span> <span class='ocrx_word' id='word_1_639' title='bbox 2391 5514 2498 5570; x_wconf 78' lang='grc' dir='ltr'>πᾶς</span> <span class='ocrx_word' id='word_1_640' title='bbox 2527 5516 2629 5577; x_wconf 83' lang='grc' dir='ltr'>τῆς</span> <span class='ocrx_word' id='word_1_641' title='bbox 2656 5508 2875 5571; x_wconf 89' lang='grc' dir='ltr'>πόλεως</span> <span class='ocrx_word' id='word_1_642' title='bbox 2908 5507 3041 5571; x_wconf 83' lang='grc' dir='ltr'>λάὸς</span> <span class='ocrx_word' id='word_1_643' title='bbox 3064 5510 3148 5572; x_wconf 53' lang='grc' dir='ltr'>’ὡς</span> <span class='ocrx_word' id='word_1_644' title='bbox 3197 5510 3271 5571; x_wconf 83' lang='grc' dir='ltr'>εἰς</span> <span class='ocrx_word' id='word_1_645' title='bbox 3319 5509 3510 5576; x_wconf 70' lang='grc' dir='ltr'>κοινὴν</span> <span class='ocrx_word' id='word_1_646' title='bbox 3537 5503 3701 5578; x_wconf 66' lang='grc' dir='ltr'>ἑορτήν</span> <span class='ocrx_word' id='word_1_647' title='bbox 3717 5517 3802 5551; x_wconf 71' lang='grc' dir='ltr'>συν·</span> 
     </span>
    </p>
   </div>
   <div class='ocr_carea' id='block_1_111' title="bbox 2235 5582 3801 5675">
    <p class='ocr_par' dir='ltr' id='par_1_111' title="bbox 2235 5582 3801 5675">
     <span class='ocr_line' id='line_1_111' title="bbox 2235 5582 3801 5675; baseline -0.01 -14"><span class='ocrx_word' id='word_1_648' title='bbox 2235 5596 2555 5675; x_wconf 77' lang='grc' dir='ltr'>δραμόντες,</span> <span class='ocrx_word' id='word_1_649' title='bbox 2603 5599 2691 5653; x_wconf 86' lang='grc' dir='ltr'>καὶ</span> <span class='ocrx_word' id='word_1_650' title='bbox 2755 5598 2828 5660; x_wconf 86' lang='grc' dir='ltr'>ὡς</span> <span class='ocrx_word' id='word_1_651' title='bbox 2890 5598 2967 5661; x_wconf 77' lang='grc' dir='ltr'>εἷς</span> <span class='ocrx_word' id='word_1_652' title='bbox 3014 5600 3316 5674; x_wconf 74' lang='grc' dir='ltr'>πανήγυριν</span> <span class='ocrx_word' id='word_1_653' title='bbox 3350 5594 3676 5671; x_wconf 71' lang='grc' dir='ltr'>γαρμόσυνον</span> <span class='ocrx_word' id='word_1_654' title='bbox 3700 5582 3801 5658; x_wconf 66' lang='grc' dir='ltr'>ξειλο</span> 
     </span>
    </p>
   </div>
   <div class='ocr_carea' id='block_1_112' title="bbox 2237 5682 3797 5761">
    <p class='ocr_par' dir='ltr' id='par_1_112' title="bbox 2237 5682 3797 5761">
     <span class='ocr_line' id='line_1_112' title="bbox 2237 5682 3797 5761; baseline -0.014 -17"><span class='ocrx_word' id='word_1_655' title='bbox 2237 5687 2418 5752; x_wconf 86' lang='grc' dir='ltr'>θόντες</span> <span class='ocrx_word' id='word_1_656' title='bbox 2451 5682 2551 5758; x_wconf 80' lang='grc' dir='ltr'>ἔξω</span> <span class='ocrx_word' id='word_1_657' title='bbox 2580 5690 2683 5741; x_wconf 89' lang='grc' dir='ltr'>τοῦ</span> <span class='ocrx_word' id='word_1_658' title='bbox 2731 5685 2956 5758; x_wconf 71' lang='grc' dir='ltr'>ἄστεως,</span> <span class='ocrx_word' id='word_1_659' title='bbox 3010 5690 3146 5761; x_wconf 78' lang='grc' dir='ltr'>μετὰ</span> <span class='ocrx_word' id='word_1_660' title='bbox 3189 5686 3402 5760; x_wconf 77' lang='grc' dir='ltr'>κρότων</span> <span class='ocrx_word' id='word_1_661' title='bbox 3444 5684 3722 5759; x_wconf 71' lang='grc' dir='ltr'>περιχιρῶς</span> <span class='ocrx_word' id='word_1_662' title='bbox 3745 5691 3797 5725; x_wconf 70' lang='lat' dir='ltr'>ao:</span> 
     </span>
    </p>
   </div>
  </div>
