  <div class='ocr_page' id='page_1' title='image "/cluster/home/n/w/nwhite01/storage/ocr_20150623/96/hvd.32044073502122/696.png"; bbox 0 0 4044 6218; ppageno 0'>
   <div class='ocr_carea' id='block_1_1' title="bbox 217 372 355 455">
    <p class='ocr_par' dir='ltr' id='par_1_1' title="bbox 217 372 355 455">
     <span class='ocr_line' id='line_1_1' title="bbox 217 372 355 455; baseline -0.014 0"><span class='ocrx_word' id='word_1_1' title='bbox 217 372 355 455; x_wconf 73' lang='lat' dir='ltr'>i381</span> 
     </span>
    </p>
   </div>
   <div class='ocr_carea' id='block_1_2' title="bbox 1344 386 2501 446">
    <p class='ocr_par' dir='ltr' id='par_1_2' title="bbox 1344 386 2501 446">
     <span class='ocr_line' id='line_1_2' title="bbox 1344 386 2501 446; baseline -0.004 -2"><span class='ocrx_word' id='word_1_2' title='bbox 1344 392 1642 446; x_wconf 81' lang='lat' dir='ltr'><strong>HYMNUB</strong></span> <span class='ocrx_word' id='word_1_3' title='bbox 1682 391 1754 444; x_wconf 80' lang='lat' dir='ltr'>IN</span> <span class='ocrx_word' id='word_1_4' title='bbox 1793 388 1854 443; x_wconf 82' lang='lat'>8.</span> <span class='ocrx_word' id='word_1_5' title='bbox 1895 386 2501 445; x_wconf 79' lang='lat' dir='ltr'>CHRYBOBTOMUM.</span> 
     </span>
    </p>
   </div>
   <div class='ocr_carea' id='block_1_3' title="bbox 3488 402 3627 457">
    <p class='ocr_par' dir='ltr' id='par_1_3' title="bbox 3488 402 3627 457">
     <span class='ocr_line' id='line_1_3' title="bbox 3488 402 3627 457; baseline -0.007 0"><span class='ocrx_word' id='word_1_6' title='bbox 3488 404 3508 457; x_wconf 86' lang='grc'><strong>1</strong></span> <span class='ocrx_word' id='word_1_7' title='bbox 3520 402 3627 457; x_wconf 85' lang='grc'>382</span> 
     </span>
    </p>
   </div>
   <div class='ocr_carea' id='block_1_4' title="bbox 214 510 1899 608">
    <p class='ocr_par' dir='ltr' id='par_1_4' title="bbox 214 510 1899 607">
     <span class='ocr_line' id='line_1_4' title="bbox 214 510 1899 607; baseline -0.008 -30"><span class='ocrx_word' id='word_1_8' title='bbox 214 522 683 595; x_wconf 78' lang='grc' dir='ltr'>προηπήντησαν,</span> <span class='ocrx_word' id='word_1_9' title='bbox 742 511 1111 591; x_wconf 73' lang='grc' dir='ltr'>ἐπιϐατηρίων</span> <span class='ocrx_word' id='word_1_10' title='bbox 1172 513 1462 587; x_wconf 79' lang='grc' dir='ltr'>πιούμενοι</span> <span class='ocrx_word' id='word_1_11' title='bbox 1518 510 1899 607; x_wconf 18' lang='grc' dir='ltr'>προπομπήν,</span> 
     </span>
    </p>
   </div>
   <div class='ocr_carea' id='block_1_5' title="bbox 2028 510 3625 608">
    <p class='ocr_par' dir='ltr' id='par_1_5' title="bbox 2028 511 3625 600">
     <span class='ocr_line' id='line_1_5' title="bbox 2028 511 3625 600; baseline 0.011 -35"><span class='ocrx_word' id='word_1_12' title='bbox 2028 511 2283 567; x_wconf 65' lang='grc' dir='ltr'>(ευιῐειῐιε</span> <span class='ocrx_word' id='word_1_13' title='bbox 2316 512 2485 568; x_wconf 86' lang='lat' dir='ltr'>obvia</span> <span class='ocrx_word' id='word_1_14' title='bbox 2512 515 2691 581; x_wconf 85' lang='lat' dir='ltr'>venit,</span> <span class='ocrx_word' id='word_1_15' title='bbox 2726 521 2783 570; x_wconf 93' lang='lat' dir='ltr'>et</span> <span class='ocrx_word' id='word_1_16' title='bbox 2813 517 2968 573; x_wconf 91' lang='lat' dir='ltr'>inter</span> <span class='ocrx_word' id='word_1_17' title='bbox 2996 517 3234 575; x_wconf 89' lang='lat' dir='ltr'>festivos</span> <span class='ocrx_word' id='word_1_18' title='bbox 3260 524 3473 594; x_wconf 88' lang='lat' dir='ltr'>gradus</span> <span class='ocrx_word' id='word_1_19' title='bbox 3496 546 3625 600; x_wconf 91' lang='lat' dir='ltr'>pro-</span> 
     </span>
    </p>
   </div>
   <div class='ocr_carea' id='block_1_6' title="bbox 220 605 674 664">
    <p class='ocr_par' dir='ltr' id='par_1_6' title="bbox 220 605 674 664">
     <span class='ocr_line' id='line_1_6' title="bbox 220 605 674 664; baseline -0.004 0"><span class='ocrx_word' id='word_1_20' title='bbox 220 632 309 664; x_wconf 87' lang='grc' dir='ltr'>σοι</span> <span class='ocrx_word' id='word_1_21' title='bbox 337 605 674 664; x_wconf 78' lang='grc' dir='ltr'>ἐπεισόδιον.</span> 
     </span>
    </p>
   </div>
   <div class='ocr_carea' id='block_1_7' title="bbox 296 688 1869 766">
    <p class='ocr_par' dir='ltr' id='par_1_7' title="bbox 296 688 1869 766">
     <span class='ocr_line' id='line_1_7' title="bbox 296 688 1869 766; baseline -0.01 -11"><span class='ocrx_word' id='word_1_22' title='bbox 296 698 603 755; x_wconf 79' lang='grc' dir='ltr'>Θεοτόκιον.</span> <span class='ocrx_word' id='word_1_23' title='bbox 665 730 731 737; x_wconf 95' lang='lat'><strong>—</strong></span> <span class='ocrx_word' id='word_1_24' title='bbox 793 696 949 765; x_wconf 84' lang='grc' dir='ltr'>Μόνη</span> <span class='ocrx_word' id='word_1_25' title='bbox 1006 693 1056 749; x_wconf 79' lang='grc' dir='ltr'>ὲν</span> <span class='ocrx_word' id='word_1_26' title='bbox 1107 694 1302 754; x_wconf 81' lang='grc' dir='ltr'>πάσαις</span> <span class='ocrx_word' id='word_1_27' title='bbox 1344 695 1548 766; x_wconf 80' lang='grc' dir='ltr'>γενεαῖς</span> <span class='ocrx_word' id='word_1_28' title='bbox 1584 688 1869 762; x_wconf 74' lang='grc' dir='ltr'>ὑπερφυῶς</span> 
     </span>
    </p>
   </div>
   <div class='ocr_carea' id='block_1_8' title="bbox 219 778 1865 863">
    <p class='ocr_par' dir='ltr' id='par_1_8' title="bbox 219 778 1865 863">
     <span class='ocr_line' id='line_1_8' title="bbox 219 778 1865 863; baseline -0.01 -19"><span class='ocrx_word' id='word_1_29' title='bbox 219 790 313 844; x_wconf 79' lang='grc' dir='ltr'>καὶ</span> <span class='ocrx_word' id='word_1_30' title='bbox 375 788 646 863; x_wconf 80' lang='grc' dir='ltr'>Παροὲνος</span> <span class='ocrx_word' id='word_1_31' title='bbox 698 786 787 839; x_wconf 80' lang='grc' dir='ltr'>καὶ</span> <span class='ocrx_word' id='word_1_32' title='bbox 848 786 1050 859; x_wconf 75' lang='grc' dir='ltr'>Μήτηρ</span> <span class='ocrx_word' id='word_1_33' title='bbox 1114 780 1497 858; x_wconf 85' lang='grc' dir='ltr'>χρηματίζεις,</span> <span class='ocrx_word' id='word_1_34' title='bbox 1583 778 1865 843; x_wconf 77' lang='grc' dir='ltr'>Δὲσποινα,</span> 
     </span>
    </p>
   </div>
   <div class='ocr_carea' id='block_1_9' title="bbox 221 864 1866 954">
    <p class='ocr_par' dir='ltr' id='par_1_9' title="bbox 221 864 1866 954">
     <span class='ocr_line' id='line_1_9' title="bbox 221 864 1866 954; baseline -0.009 -23"><span class='ocrx_word' id='word_1_35' title='bbox 221 879 527 954; x_wconf 60' lang='grc' dir='ltr'>γεννήσασα</span> <span class='ocrx_word' id='word_1_36' title='bbox 606 873 804 949; x_wconf 60' lang='grc' dir='ltr'>βρέφος</span> <span class='ocrx_word' id='word_1_37' title='bbox 889 873 1219 945; x_wconf 85' lang='grc' dir='ltr'>προαιώνιον</span> <span class='ocrx_word' id='word_1_38' title='bbox 1287 870 1546 945; x_wconf 79' lang='grc' dir='ltr'>ἄχρονον,</span> <span class='ocrx_word' id='word_1_39' title='bbox 1614 864 1866 941; x_wconf 63' lang='grc' dir='ltr'>γεννηθὲν</span> 
     </span>
    </p>
   </div>
   <div class='ocr_carea' id='block_1_10' title="bbox 226 951 1873 1039">
    <p class='ocr_par' dir='ltr' id='par_1_10' title="bbox 226 951 1873 1039">
     <span class='ocr_line' id='line_1_10' title="bbox 226 951 1873 1039; baseline -0.009 -18"><span class='ocrx_word' id='word_1_40' title='bbox 226 951 323 1039; x_wconf 68' lang='grc' dir='ltr'>μὲν</span> <span class='ocrx_word' id='word_1_41' title='bbox 372 964 431 1019; x_wconf 78' lang='grc' dir='ltr'>ἐκ</span> <span class='ocrx_word' id='word_1_42' title='bbox 483 967 581 1018; x_wconf 87' lang='grc' dir='ltr'>τοῦ</span> <span class='ocrx_word' id='word_1_43' title='bbox 639 962 850 1035; x_wconf 78' lang='grc' dir='ltr'>Πατρὸς</span> <span class='ocrx_word' id='word_1_44' title='bbox 912 959 1033 1015; x_wconf 78' lang='grc' dir='ltr'>ἄνευ</span> <span class='ocrx_word' id='word_1_45' title='bbox 1095 961 1301 1033; x_wconf 87' lang='grc' dir='ltr'>μητρὸς</span> <span class='ocrx_word' id='word_1_46' title='bbox 1368 955 1475 1032; x_wconf 85' lang='grc' dir='ltr'>πρὸ</span> <span class='ocrx_word' id='word_1_47' title='bbox 1537 953 1755 1014; x_wconf 87' lang='grc' dir='ltr'>παντός·</span> <span class='ocrx_word' id='word_1_48' title='bbox 1814 951 1873 1007; x_wconf 74' lang='grc' dir='ltr'>ἐκ</span> 
     </span>
    </p>
   </div>
   <div class='ocr_carea' id='block_1_11' title="bbox 224 1042 1871 1127">
    <p class='ocr_par' dir='ltr' id='par_1_11' title="bbox 224 1042 1871 1127">
     <span class='ocr_line' id='line_1_11' title="bbox 224 1042 1871 1127; baseline -0.008 -18"><span class='ocrx_word' id='word_1_49' title='bbox 224 1060 324 1110; x_wconf 89' lang='grc' dir='ltr'>σοῦ</span> <span class='ocrx_word' id='word_1_50' title='bbox 352 1056 451 1122; x_wconf 74' lang='grc' dir='ltr'>τῆς</span> <span class='ocrx_word' id='word_1_51' title='bbox 477 1053 687 1127; x_wconf 85' lang='grc' dir='ltr'>μητρὸς</span> <span class='ocrx_word' id='word_1_52' title='bbox 716 1052 789 1113; x_wconf 85' lang='grc' dir='ltr'>ὡς</span> <span class='ocrx_word' id='word_1_53' title='bbox 843 1048 956 1105; x_wconf 76' lang='grc' dir='ltr'>οἶδε</span> <span class='ocrx_word' id='word_1_54' title='bbox 1019 1051 1150 1123; x_wconf 72' lang='grc' dir='ltr'>μετὰ</span> <span class='ocrx_word' id='word_1_55' title='bbox 1205 1049 1266 1103; x_wconf 88' lang='grc' dir='ltr'>τὸ</span> <span class='ocrx_word' id='word_1_56' title='bbox 1318 1052 1420 1101; x_wconf 80' lang='grc' dir='ltr'>πᾶν</span> <span class='ocrx_word' id='word_1_57' title='bbox 1480 1044 1610 1101; x_wconf 80' lang='grc' dir='ltr'>δίχα</span> <span class='ocrx_word' id='word_1_58' title='bbox 1666 1042 1871 1117; x_wconf 85' lang='grc' dir='ltr'>πατρὸς</span> 
     </span>
    </p>
   </div>
   <div class='ocr_carea' id='block_1_12' title="bbox 227 1143 447 1214">
    <p class='ocr_par' dir='ltr' id='par_1_12' title="bbox 227 1143 447 1214">
     <span class='ocr_line' id='line_1_12' title="bbox 227 1143 447 1214; baseline -0.005 -16"><span class='ocrx_word' id='word_1_59' title='bbox 227 1143 447 1214; x_wconf 75' lang='grc' dir='ltr'>κυηθὲν.</span> 
     </span>
    </p>
   </div>
   <div class='ocr_carea' id='block_1_13' title="bbox 892 1259 1184 1340">
    <p class='ocr_par' dir='ltr' id='par_1_13' title="bbox 892 1259 1184 1340">
     <span class='ocr_line' id='line_1_13' title="bbox 892 1259 1184 1340; baseline 0.007 -24"><span class='ocrx_word' id='word_1_60' title='bbox 892 1259 1004 1340; x_wconf 42' lang='lat' dir='ltr'>est</span> <span class='ocrx_word' id='word_1_61' title='bbox 1040 1262 1100 1330; x_wconf 67' lang='grc' dir='ltr'>ξ’.</span> <span class='ocrx_word' id='word_1_62' title='bbox 1128 1303 1140 1316; x_wconf 95' lang='grc'><em>.</em></span> <span class='ocrx_word' id='word_1_63' title='bbox 1168 1302 1184 1318; x_wconf 95' lang='grc'><strong>.</strong></span> 
     </span>
    </p>
   </div>
   <div class='ocr_carea' id='block_1_14' title="bbox 306 1372 1879 1452">
    <p class='ocr_par' dir='ltr' id='par_1_14' title="bbox 306 1372 1879 1452">
     <span class='ocr_line' id='line_1_14' title="bbox 306 1372 1879 1452; baseline -0.006 -16"><span class='ocrx_word' id='word_1_64' title='bbox 306 1379 622 1443; x_wconf 82' lang='grc' dir='ltr'>Ἀνατείλας</span> <span class='ocrx_word' id='word_1_65' title='bbox 651 1378 737 1434; x_wconf 77' lang='grc' dir='ltr'>οἶα</span> <span class='ocrx_word' id='word_1_66' title='bbox 765 1378 1146 1452; x_wconf 82' lang='grc' dir='ltr'>χρυσαυγίζων</span> <span class='ocrx_word' id='word_1_67' title='bbox 1177 1373 1341 1445; x_wconf 71' lang='grc' dir='ltr'>ἥλιος</span> <span class='ocrx_word' id='word_1_68' title='bbox 1396 1376 1487 1429; x_wconf 87' lang='grc' dir='ltr'>καὶ</span> <span class='ocrx_word' id='word_1_69' title='bbox 1533 1372 1879 1450; x_wconf 73' lang='grc' dir='ltr'>χρυσοφαὴς,</span> 
     </span>
    </p>
   </div>
   <div class='ocr_carea' id='block_1_15' title="bbox 228 1463 1879 1545">
    <p class='ocr_par' dir='ltr' id='par_1_15' title="bbox 228 1463 1879 1545">
     <span class='ocr_line' id='line_1_15' title="bbox 228 1463 1879 1545; baseline -0.006 -18"><span class='ocrx_word' id='word_1_70' title='bbox 228 1474 306 1534; x_wconf 85' lang='grc' dir='ltr'>ὡς</span> <span class='ocrx_word' id='word_1_71' title='bbox 338 1471 397 1526; x_wconf 76' lang='grc' dir='ltr'>ἐκ</span> <span class='ocrx_word' id='word_1_72' title='bbox 426 1474 633 1525; x_wconf 87' lang='grc' dir='ltr'>παστοῦ</span> <span class='ocrx_word' id='word_1_73' title='bbox 662 1469 918 1545; x_wconf 76' lang='grc' dir='ltr'>νυμφίος,</span> <span class='ocrx_word' id='word_1_74' title='bbox 951 1468 1003 1522; x_wconf 79' lang='grc' dir='ltr'>ἐν</span> <span class='ocrx_word' id='word_1_75' title='bbox 1030 1472 1108 1538; x_wconf 75' lang='grc' dir='ltr'>τῷ</span> <span class='ocrx_word' id='word_1_76' title='bbox 1166 1466 1288 1540; x_wconf 71' lang='grc' dir='ltr'>ὕψει</span> <span class='ocrx_word' id='word_1_77' title='bbox 1351 1470 1431 1538; x_wconf 79' lang='grc' dir='ltr'>τῷ</span> <span class='ocrx_word' id='word_1_78' title='bbox 1487 1472 1584 1535; x_wconf 84' lang='grc' dir='ltr'>τῆς</span> <span class='ocrx_word' id='word_1_79' title='bbox 1636 1463 1879 1534; x_wconf 81' lang='grc' dir='ltr'>Ἐκκλη-</span> 
     </span>
    </p>
   </div>
   <div class='ocr_carea' id='block_1_16' title="bbox 228 1552 1883 1634">
    <p class='ocr_par' dir='ltr' id='par_1_16' title="bbox 228 1552 1883 1634">
     <span class='ocr_line' id='line_1_16' title="bbox 228 1552 1883 1634; baseline -0.007 -18"><span class='ocrx_word' id='word_1_80' title='bbox 228 1561 353 1622; x_wconf 84' lang='grc' dir='ltr'>σίας</span> <span class='ocrx_word' id='word_1_81' title='bbox 388 1565 620 1634; x_wconf 76' lang='grc' dir='ltr'>χρυσαῖς</span> <span class='ocrx_word' id='word_1_82' title='bbox 651 1560 827 1613; x_wconf 79' lang='grc' dir='ltr'>ἀκτῖσι</span> <span class='ocrx_word' id='word_1_83' title='bbox 853 1565 952 1626; x_wconf 79' lang='grc' dir='ltr'>τῆς</span> <span class='ocrx_word' id='word_1_84' title='bbox 985 1554 1333 1616; x_wconf 76' lang='grc' dir='ltr'>διδασκαλίας</span> <span class='ocrx_word' id='word_1_85' title='bbox 1382 1576 1478 1608; x_wconf 89' lang='grc' dir='ltr'>σου</span> <span class='ocrx_word' id='word_1_86' title='bbox 1533 1552 1883 1627; x_wconf 83' lang='grc' dir='ltr'>κατεχρύσω-</span> 
     </span>
    </p>
   </div>
   <div class='ocr_carea' id='block_1_17' title="bbox 225 1640 1883 1718">
    <p class='ocr_par' dir='ltr' id='par_1_17' title="bbox 225 1640 1883 1718">
     <span class='ocr_line' id='line_1_17' title="bbox 225 1640 1883 1718; baseline -0.005 -15"><span class='ocrx_word' id='word_1_87' title='bbox 225 1671 324 1711; x_wconf 87' lang='grc' dir='ltr'>σας</span> <span class='ocrx_word' id='word_1_88' title='bbox 356 1651 454 1718; x_wconf 80' lang='grc' dir='ltr'>τήν</span> <span class='ocrx_word' id='word_1_89' title='bbox 488 1652 661 1703; x_wconf 81' lang='grc' dir='ltr'>πᾶσαν</span> <span class='ocrx_word' id='word_1_90' title='bbox 695 1646 890 1710; x_wconf 79' lang='grc' dir='ltr'>κτίσιν,</span> <span class='ocrx_word' id='word_1_91' title='bbox 922 1646 1009 1700; x_wconf 84' lang='grc' dir='ltr'>καὶ</span> <span class='ocrx_word' id='word_1_92' title='bbox 1072 1640 1414 1704; x_wconf 72' lang='grc' dir='ltr'>διεσκέδασας</span> <span class='ocrx_word' id='word_1_93' title='bbox 1468 1641 1582 1717; x_wconf 83' lang='grc' dir='ltr'>ἔαρι</span> <span class='ocrx_word' id='word_1_94' title='bbox 1640 1644 1883 1715; x_wconf 76' lang='grc' dir='ltr'>μυστικῷ</span> 
     </span>
    </p>
   </div>
   <div class='ocr_carea' id='block_1_18' title="bbox 226 1734 1284 1813">
    <p class='ocr_par' dir='ltr' id='par_1_18' title="bbox 226 1734 1284 1813">
     <span class='ocr_line' id='line_1_18' title="bbox 226 1734 1284 1813; baseline -0.008 -20"><span class='ocrx_word' id='word_1_95' title='bbox 226 1740 325 1793; x_wconf 84' lang='grc' dir='ltr'>τὸν</span> <span class='ocrx_word' id='word_1_96' title='bbox 363 1737 530 1813; x_wconf 80' lang='grc' dir='ltr'>βαρὺν</span> <span class='ocrx_word' id='word_1_97' title='bbox 566 1742 817 1812; x_wconf 84' lang='grc' dir='ltr'>χειμῶνα</span> <span class='ocrx_word' id='word_1_98' title='bbox 846 1740 954 1789; x_wconf 86' lang='grc' dir='ltr'>τῶν</span> <span class='ocrx_word' id='word_1_99' title='bbox 1008 1734 1284 1808; x_wconf 69' lang='grc' dir='ltr'>αἱρέσεων,</span> 
     </span>
    </p>
   </div>
   <div class='ocr_carea' id='block_1_19' title="bbox 312 1820 1883 1900">
    <p class='ocr_par' dir='ltr' id='par_1_19' title="bbox 312 1820 1883 1900">
     <span class='ocr_line' id='line_1_19' title="bbox 312 1820 1883 1900; baseline -0.006 -19"><span class='ocrx_word' id='word_1_100' title='bbox 312 1825 638 1900; x_wconf 85' lang='grc' dir='ltr'>Κατεπλάγη</span> <span class='ocrx_word' id='word_1_101' title='bbox 703 1822 983 1900; x_wconf 74' lang='grc' dir='ltr'>βασιλεὺς,</span> <span class='ocrx_word' id='word_1_102' title='bbox 1032 1825 1122 1877; x_wconf 79' lang='grc' dir='ltr'>καὶ</span> <span class='ocrx_word' id='word_1_103' title='bbox 1181 1820 1380 1894; x_wconf 74' lang='grc' dir='ltr'>δῆμος,</span> <span class='ocrx_word' id='word_1_104' title='bbox 1438 1820 1527 1875; x_wconf 76' lang='grc' dir='ltr'>καὶ</span> <span class='ocrx_word' id='word_1_105' title='bbox 1608 1821 1794 1895; x_wconf 66' lang='grc' dir='ltr'>ἱερέων</span> <span class='ocrx_word' id='word_1_106' title='bbox 1855 1820 1883 1872; x_wconf 82' lang='grc' dir='ltr'>ὁ</span> 
     </span>
    </p>
   </div>
   <div class='ocr_carea' id='block_1_20' title="bbox 1974 602 3007 663">
    <p class='ocr_par' dir='ltr' id='par_1_20' title="bbox 1974 602 3007 663">
     <span class='ocr_line' id='line_1_20' title="bbox 1974 602 3007 663; baseline 0.007 -7"><span class='ocrx_word' id='word_1_107' title='bbox 1974 602 2286 658; x_wconf 81' lang='lat' dir='ltr'>cedentem</span> <span class='ocrx_word' id='word_1_108' title='bbox 2322 604 2383 657; x_wconf 89' lang='lat' dir='ltr'>in</span> <span class='ocrx_word' id='word_1_109' title='bbox 2416 606 2709 661; x_wconf 89' lang='lat' dir='ltr'>civitatem</span> <span class='ocrx_word' id='word_1_110' title='bbox 2747 608 3007 663; x_wconf 85' lang='lat' dir='ltr'>deduxit.</span> 
     </span>
    </p>
   </div>
   <div class='ocr_carea' id='block_1_21' title="bbox 2046 693 3624 775">
    <p class='ocr_par' dir='ltr' id='par_1_21' title="bbox 2046 693 3624 775">
     <span class='ocr_line' id='line_1_21' title="bbox 2046 693 3624 775; baseline 0.01 -30"><span class='ocrx_word' id='word_1_111' title='bbox 2046 693 2316 761; x_wconf 74' lang='lat' dir='ltr'>Deiparae.</span> <span class='ocrx_word' id='word_1_112' title='bbox 2352 724 2416 732; x_wconf 88' lang='lat'><strong><em>—</em></strong></span> <span class='ocrx_word' id='word_1_113' title='bbox 2450 694 2583 749; x_wconf 89' lang='lat' dir='ltr'>Sola</span> <span class='ocrx_word' id='word_1_114' title='bbox 2616 714 2685 751; x_wconf 79' lang='lat' dir='ltr'>ex</span> <span class='ocrx_word' id='word_1_115' title='bbox 2735 699 3012 753; x_wconf 89' lang='lat' dir='ltr'>omnibus</span> <span class='ocrx_word' id='word_1_116' title='bbox 3062 700 3345 775; x_wconf 72' lang='lat' dir='ltr'>singulari</span> <span class='ocrx_word' id='word_1_117' title='bbox 3379 720 3624 762; x_wconf 88' lang='lat' dir='ltr'>munere</span> 
     </span>
    </p>
   </div>
   <div class='ocr_carea' id='block_1_22' title="bbox 1977 779 3622 861">
    <p class='ocr_par' dir='ltr' id='par_1_22' title="bbox 1977 779 3622 861">
     <span class='ocr_line' id='line_1_22' title="bbox 1977 779 3622 861; baseline 0.011 -30"><span class='ocrx_word' id='word_1_118' title='bbox 1977 779 2148 851; x_wconf 87' lang='lat' dir='ltr'>Virgo</span> <span class='ocrx_word' id='word_1_119' title='bbox 2182 781 2360 837; x_wconf 84' lang='lat' dir='ltr'>simul</span> <span class='ocrx_word' id='word_1_120' title='bbox 2392 788 2449 836; x_wconf 89' lang='lat' dir='ltr'>et</span> <span class='ocrx_word' id='word_1_121' title='bbox 2478 785 2657 838; x_wconf 82' lang='lat' dir='ltr'>Mater</span> <span class='ocrx_word' id='word_1_122' title='bbox 2686 787 3349 861; x_wconf 69' lang='lat' dir='ltr'>vocaris.Domina,qua3</span> <span class='ocrx_word' id='word_1_123' title='bbox 3374 810 3622 861; x_wconf 89' lang='lat' dir='ltr'>puerum</span> 
     </span>
    </p>
   </div>
   <div class='ocr_carea' id='block_1_23' title="bbox 1976 869 3619 950">
    <p class='ocr_par' dir='ltr' id='par_1_23' title="bbox 1976 869 3619 950">
     <span class='ocr_line' id='line_1_23' title="bbox 1976 869 3619 950; baseline 0.01 -29"><span class='ocrx_word' id='word_1_124' title='bbox 1976 869 2230 940; x_wconf 80' lang='lat' dir='ltr'>genuisti</span> <span class='ocrx_word' id='word_1_125' title='bbox 2290 878 2427 926; x_wconf 93' lang='lat' dir='ltr'>ante</span> <span class='ocrx_word' id='word_1_126' title='bbox 2488 876 2704 930; x_wconf 65' lang='lat' dir='ltr'>saecula</span> <span class='ocrx_word' id='word_1_127' title='bbox 2753 893 2818 931; x_wconf 90' lang='lat' dir='ltr'>ac</span> <span class='ocrx_word' id='word_1_128' title='bbox 2864 882 3132 949; x_wconf 87' lang='lat' dir='ltr'>tempora</span> <span class='ocrx_word' id='word_1_129' title='bbox 3179 882 3619 950; x_wconf 83' lang='lat' dir='ltr'>subsistentem,</span> 
     </span>
    </p>
   </div>
   <div class='ocr_carea' id='block_1_24' title="bbox 1978 961 3617 1039">
    <p class='ocr_par' dir='ltr' id='par_1_24' title="bbox 1978 961 3617 1039">
     <span class='ocr_line' id='line_1_24' title="bbox 1978 961 3617 1039; baseline 0.009 -27"><span class='ocrx_word' id='word_1_130' title='bbox 1978 962 2115 1012; x_wconf 82' lang='lat' dir='ltr'>ante</span> <span class='ocrx_word' id='word_1_131' title='bbox 2148 961 2350 1015; x_wconf 81' lang='lat' dir='ltr'>omnia</span> <span class='ocrx_word' id='word_1_132' title='bbox 2378 962 2643 1033; x_wconf 89' lang='lat' dir='ltr'>genitum</span> <span class='ocrx_word' id='word_1_133' title='bbox 2693 982 2762 1020; x_wconf 86' lang='lat' dir='ltr'>ex</span> <span class='ocrx_word' id='word_1_134' title='bbox 2793 973 2956 1037; x_wconf 84' lang='lat' dir='ltr'>patre</span> <span class='ocrx_word' id='word_1_135' title='bbox 3008 969 3134 1023; x_wconf 90' lang='lat' dir='ltr'>sine</span> <span class='ocrx_word' id='word_1_136' title='bbox 3182 976 3391 1039; x_wconf 86' lang='lat' dir='ltr'>matre,</span> <span class='ocrx_word' id='word_1_137' title='bbox 3444 989 3514 1027; x_wconf 82' lang='lat' dir='ltr'>ex</span> <span class='ocrx_word' id='word_1_138' title='bbox 3564 979 3617 1027; x_wconf 88' lang='lat' dir='ltr'>te</span> 
     </span>
    </p>
   </div>
   <div class='ocr_carea' id='block_1_25' title="bbox 1980 1053 3320 1130">
    <p class='ocr_par' dir='ltr' id='par_1_25' title="bbox 1980 1053 3320 1130">
     <span class='ocr_line' id='line_1_25' title="bbox 1980 1053 3320 1130; baseline 0.011 -30"><span class='ocrx_word' id='word_1_139' title='bbox 1980 1053 2176 1104; x_wconf 88' lang='lat' dir='ltr'>autem</span> <span class='ocrx_word' id='word_1_140' title='bbox 2206 1055 2393 1105; x_wconf 85' lang='lat' dir='ltr'>matre</span> <span class='ocrx_word' id='word_1_141' title='bbox 2423 1058 2629 1122; x_wconf 88' lang='lat' dir='ltr'>postea</span> <span class='ocrx_word' id='word_1_142' title='bbox 2657 1061 2851 1110; x_wconf 88' lang='lat' dir='ltr'>ortum</span> <span class='ocrx_word' id='word_1_143' title='bbox 2883 1057 3105 1129; x_wconf 83' lang='lat' dir='ltr'>absque</span> <span class='ocrx_word' id='word_1_144' title='bbox 3136 1066 3320 1130; x_wconf 80' lang='lat' dir='ltr'>patre.</span> 
     </span>
    </p>
   </div>
   <div class='ocr_carea' id='block_1_26' title="bbox 2687 1271 2930 1330">
    <p class='ocr_par' dir='ltr' id='par_1_26' title="bbox 2687 1271 2930 1330">
     <span class='ocr_line' id='line_1_26' title="bbox 2687 1271 2930 1330; baseline 0.016 -4"><span class='ocrx_word' id='word_1_145' title='bbox 2687 1271 2798 1326; x_wconf 86' lang='lat' dir='ltr'>Ode</span> <span class='ocrx_word' id='word_1_146' title='bbox 2837 1274 2930 1330; x_wconf 88' lang='lat' dir='ltr'>VI.</span> 
     </span>
    </p>
   </div>
   <div class='ocr_carea' id='block_1_27' title="bbox 2057 1379 3641 1461">
    <p class='ocr_par' dir='ltr' id='par_1_27' title="bbox 2057 1379 3641 1461">
     <span class='ocr_line' id='line_1_27' title="bbox 2057 1379 3641 1461; baseline 0.009 -29"><span class='ocrx_word' id='word_1_147' title='bbox 2057 1379 2266 1434; x_wconf 82' lang='lat' dir='ltr'>Oriens</span> <span class='ocrx_word' id='word_1_148' title='bbox 2295 1381 2455 1436; x_wconf 88' lang='lat' dir='ltr'>velut</span> <span class='ocrx_word' id='word_1_149' title='bbox 2475 1383 2563 1438; x_wconf 89' lang='lat' dir='ltr'>sol</span> <span class='ocrx_word' id='word_1_150' title='bbox 2593 1400 2737 1440; x_wconf 88' lang='lat' dir='ltr'>auro</span> <span class='ocrx_word' id='word_1_151' title='bbox 2758 1386 2990 1459; x_wconf 78' lang='lat' dir='ltr'>fulgens</span> <span class='ocrx_word' id='word_1_152' title='bbox 3014 1394 3072 1443; x_wconf 87' lang='lat' dir='ltr'>et</span> <span class='ocrx_word' id='word_1_153' title='bbox 3101 1389 3641 1461; x_wconf 85' lang='lat' dir='ltr'>splendidus,velut</span> 
     </span>
    </p>
   </div>
   <div class='ocr_carea' id='block_1_28' title="bbox 1987 1473 3638 1541">
    <p class='ocr_par' dir='ltr' id='par_1_28' title="bbox 1987 1473 3638 1541">
     <span class='ocr_line' id='line_1_28' title="bbox 1987 1473 3638 1541; baseline 0.009 -20"><span class='ocrx_word' id='word_1_154' title='bbox 1987 1483 2240 1538; x_wconf 89' lang='lat' dir='ltr'>sponsus</span> <span class='ocrx_word' id='word_1_155' title='bbox 2289 1487 2360 1525; x_wconf 82' lang='lat' dir='ltr'>ex</span> <span class='ocrx_word' id='word_1_156' title='bbox 2420 1473 2700 1541; x_wconf 84' lang='lat' dir='ltr'>thalamo,</span> <span class='ocrx_word' id='word_1_157' title='bbox 2747 1476 2808 1529; x_wconf 91' lang='lat' dir='ltr'>in</span> <span class='ocrx_word' id='word_1_158' title='bbox 2857 1493 3091 1532; x_wconf 90' lang='lat' dir='ltr'>summa</span> <span class='ocrx_word' id='word_1_159' title='bbox 3138 1480 3399 1535; x_wconf 87' lang='lat' dir='ltr'>Ecclesia</span> <span class='ocrx_word' id='word_1_160' title='bbox 3442 1483 3638 1536; x_wconf 85' lang='lat' dir='ltr'>aureis</span> 
     </span>
    </p>
   </div>
   <div class='ocr_carea' id='block_1_29' title="bbox 1988 1556 3633 1636">
    <p class='ocr_par' dir='ltr' id='par_1_29' title="bbox 1988 1556 3633 1636">
     <span class='ocr_line' id='line_1_29' title="bbox 1988 1556 3633 1636; baseline 0.007 -25"><span class='ocrx_word' id='word_1_161' title='bbox 1988 1556 2274 1614; x_wconf 72' lang='lat' dir='ltr'>doctrinm</span> <span class='ocrx_word' id='word_1_162' title='bbox 2305 1566 2421 1615; x_wconf 71' lang='lat' dir='ltr'>tum</span> <span class='ocrx_word' id='word_1_163' title='bbox 2450 1564 2632 1617; x_wconf 88' lang='lat' dir='ltr'>radiis</span> <span class='ocrx_word' id='word_1_164' title='bbox 2650 1581 2887 1619; x_wconf 91' lang='lat' dir='ltr'>omnem</span> <span class='ocrx_word' id='word_1_165' title='bbox 2911 1572 3239 1621; x_wconf 88' lang='lat' dir='ltr'>creaturam</span> <span class='ocrx_word' id='word_1_166' title='bbox 3259 1568 3633 1636; x_wconf 90' lang='lat' dir='ltr'>illuminasti,</span> 
     </span>
    </p>
   </div>
   <div class='ocr_carea' id='block_1_30' title="bbox 1991 1650 3633 1723">
    <p class='ocr_par' dir='ltr' id='par_1_30' title="bbox 1991 1650 3633 1723">
     <span class='ocr_line' id='line_1_30' title="bbox 1991 1650 3633 1723; baseline 0.007 -21"><span class='ocrx_word' id='word_1_167' title='bbox 1991 1652 2048 1702; x_wconf 93' lang='lat' dir='ltr'>et</span> <span class='ocrx_word' id='word_1_168' title='bbox 2079 1650 2329 1720; x_wconf 86' lang='lat' dir='ltr'>mystica</span> <span class='ocrx_word' id='word_1_169' title='bbox 2356 1657 2559 1706; x_wconf 79' lang='lat' dir='ltr'>aestate</span> <span class='ocrx_word' id='word_1_170' title='bbox 2590 1669 2823 1723; x_wconf 78' lang='lat' dir='ltr'>gravem</span> <span class='ocrx_word' id='word_1_171' title='bbox 2864 1654 3192 1710; x_wconf 61' lang='lat' dir='ltr'>haereseum</span> <span class='ocrx_word' id='word_1_172' title='bbox 3248 1657 3506 1713; x_wconf 87' lang='lat' dir='ltr'>hiemem</span> <span class='ocrx_word' id='word_1_173' title='bbox 3534 1659 3633 1713; x_wconf 88' lang='lat' dir='ltr'>de-</span> 
     </span>
    </p>
   </div>
   <div class='ocr_carea' id='block_1_31' title="bbox 1991 1737 2215 1809">
    <p class='ocr_par' dir='ltr' id='par_1_31' title="bbox 1991 1737 2215 1809">
     <span class='ocr_line' id='line_1_31' title="bbox 1991 1737 2215 1809; baseline 0.004 -17"><span class='ocrx_word' id='word_1_174' title='bbox 1991 1737 2215 1809; x_wconf 86' lang='lat' dir='ltr'>pulisti.</span> 
     </span>
    </p>
   </div>
   <div class='ocr_carea' id='block_1_32' title="bbox 2064 1827 3635 1903">
    <p class='ocr_par' dir='ltr' id='par_1_32' title="bbox 2064 1827 3635 1903">
     <span class='ocr_line' id='line_1_32' title="bbox 2064 1827 3635 1903; baseline 0.006 -21"><span class='ocrx_word' id='word_1_175' title='bbox 2064 1827 2380 1899; x_wconf 88' lang='lat' dir='ltr'>Obstupuit</span> <span class='ocrx_word' id='word_1_176' title='bbox 2409 1845 2531 1899; x_wconf 82' lang='lat' dir='ltr'>rex,</span> <span class='ocrx_word' id='word_1_177' title='bbox 2566 1836 2624 1885; x_wconf 90' lang='lat' dir='ltr'>et</span> <span class='ocrx_word' id='word_1_178' title='bbox 2664 1833 2937 1903; x_wconf 86' lang='lat' dir='ltr'>populus,</span> <span class='ocrx_word' id='word_1_179' title='bbox 2993 1839 3049 1888; x_wconf 91' lang='lat' dir='ltr'>et</span> <span class='ocrx_word' id='word_1_180' title='bbox 3094 1835 3465 1891; x_wconf 84' lang='lat' dir='ltr'>sacerdotum</span> <span class='ocrx_word' id='word_1_181' title='bbox 3496 1837 3635 1891; x_wconf 85' lang='lat' dir='ltr'>cho-</span> 
     </span>
    </p>
   </div>
   <div class='ocr_carea' id='block_1_33' title="bbox 230 1891 1899 1995">
    <p class='ocr_par' dir='ltr' id='par_1_33' title="bbox 230 1891 1884 1991">
     <span class='ocr_line' id='line_1_33' title="bbox 230 1891 1884 1991; baseline -0.005 -22"><span class='ocrx_word' id='word_1_182' title='bbox 230 1918 409 1991; x_wconf 82' lang='grc' dir='ltr'>χορὸς</span> <span class='ocrx_word' id='word_1_183' title='bbox 443 1891 1006 1991; x_wconf 48' lang='lat' dir='ltr'>opév&#39;ts;&#39;cipic31§).w:</span> <span class='ocrx_word' id='word_1_184' title='bbox 1048 1912 1145 1965; x_wconf 80' lang='grc' dir='ltr'>τοῦ</span> <span class='ocrx_word' id='word_1_185' title='bbox 1196 1891 1455 1984; x_wconf 82' lang='grc' dir='ltr'>λαμπροῦ</span> <span class='ocrx_word' id='word_1_186' title='bbox 1511 1909 1600 1964; x_wconf 85' lang='grc' dir='ltr'>καὶ</span> <span class='ocrx_word' id='word_1_187' title='bbox 1647 1910 1884 1982; x_wconf 78' lang='grc' dir='ltr'>καθαροῦ</span> 
     </span>
    </p>
   </div>
   <div class='ocr_carea' id='block_1_34' title="bbox 2028 1891 3637 1995">
    <p class='ocr_par' dir='ltr' id='par_1_34' title="bbox 2028 1917 3637 1995">
     <span class='ocr_line' id='line_1_34' title="bbox 2028 1917 3637 1995; baseline 0.005 -24"><span class='ocrx_word' id='word_1_188' title='bbox 2028 1934 2096 1971; x_wconf 90' lang='lat' dir='ltr'>us</span> <span class='ocrx_word' id='word_1_189' title='bbox 2126 1917 2376 1973; x_wconf 89' lang='lat' dir='ltr'>videndo</span> <span class='ocrx_word' id='word_1_190' title='bbox 2408 1935 2617 1988; x_wconf 89' lang='lat' dir='ltr'>puram</span> <span class='ocrx_word' id='word_1_191' title='bbox 2646 1920 3058 1993; x_wconf 87' lang='lat' dir='ltr'>illustremque</span> <span class='ocrx_word' id='word_1_192' title='bbox 3086 1924 3263 1978; x_wconf 85' lang='lat' dir='ltr'>vitam</span> <span class='ocrx_word' id='word_1_193' title='bbox 3290 1924 3361 1978; x_wconf 91' lang='lat' dir='ltr'>de</span> <span class='ocrx_word' id='word_1_194' title='bbox 3381 1941 3637 1995; x_wconf 92' lang='lat' dir='ltr'>superno</span> 
     </span>
    </p>
   </div>
   <div class='ocr_carea' id='block_1_35' title="bbox 237 1998 1888 2080">
    <p class='ocr_par' dir='ltr' id='par_1_35' title="bbox 237 1998 1888 2080">
     <span class='ocr_line' id='line_1_35' title="bbox 237 1998 1888 2080; baseline -0.004 -22"><span class='ocrx_word' id='word_1_195' title='bbox 237 2006 365 2080; x_wconf 79' lang='grc' dir='ltr'>βίου</span> <span class='ocrx_word' id='word_1_196' title='bbox 394 2007 492 2073; x_wconf 72' lang='grc' dir='ltr'>τήν</span> <span class='ocrx_word' id='word_1_197' title='bbox 531 2004 824 2078; x_wconf 72' lang='grc' dir='ltr'>μαρτυρίαν</span> <span class='ocrx_word' id='word_1_198' title='bbox 859 2002 1159 2079; x_wconf 67' lang='grc' dir='ltr'>φερομένην</span> <span class='ocrx_word' id='word_1_199' title='bbox 1222 2002 1442 2055; x_wconf 75' lang='grc' dir='ltr'>ἄνωθεν·</span> <span class='ocrx_word' id='word_1_200' title='bbox 1502 2001 1529 2053; x_wconf 91' lang='grc' dir='ltr'>ὁ</span> <span class='ocrx_word' id='word_1_201' title='bbox 1588 2000 1640 2054; x_wconf 78' lang='grc' dir='ltr'>ἐν</span> <span class='ocrx_word' id='word_1_202' title='bbox 1675 1998 1888 2074; x_wconf 84' lang='grc' dir='ltr'>ούρανῷ</span> 
     </span>
    </p>
   </div>
   <div class='ocr_carea' id='block_1_36' title="bbox 231 2086 1890 2170">
    <p class='ocr_par' dir='ltr' id='par_1_36' title="bbox 231 2086 1890 2170">
     <span class='ocr_line' id='line_1_36' title="bbox 231 2086 1890 2170; baseline -0.005 -21"><span class='ocrx_word' id='word_1_203' title='bbox 231 2096 429 2157; x_wconf 85' lang='grc' dir='ltr'>πιστὸς</span> <span class='ocrx_word' id='word_1_204' title='bbox 460 2095 562 2170; x_wconf 76' lang='grc' dir='ltr'>γάρ</span> <span class='ocrx_word' id='word_1_205' title='bbox 600 2095 801 2169; x_wconf 79' lang='grc' dir='ltr'>μάρτυς</span> <span class='ocrx_word' id='word_1_206' title='bbox 832 2090 1272 2167; x_wconf 79' lang='grc' dir='ltr'>ἐπεμαρτύρησεν</span> <span class='ocrx_word' id='word_1_207' title='bbox 1328 2091 1402 2152; x_wconf 87' lang='grc' dir='ltr'>ὡς</span> <span class='ocrx_word' id='word_1_208' title='bbox 1461 2090 1527 2144; x_wconf 83' lang='grc' dir='ltr'>τὰ</span> <span class='ocrx_word' id='word_1_209' title='bbox 1583 2090 1755 2143; x_wconf 83' lang='grc' dir='ltr'>πάντα</span> <span class='ocrx_word' id='word_1_210' title='bbox 1812 2086 1890 2142; x_wconf 85' lang='grc' dir='ltr'>εί-</span> 
     </span>
    </p>
   </div>
   <div class='ocr_carea' id='block_1_37' title="bbox 238 2182 1319 2260">
    <p class='ocr_par' dir='ltr' id='par_1_37' title="bbox 238 2182 1319 2260">
     <span class='ocr_line' id='line_1_37' title="bbox 238 2182 1319 2260; baseline -0.003 -22"><span class='ocrx_word' id='word_1_211' title='bbox 238 2182 355 2246; x_wconf 82' lang='grc' dir='ltr'>δὼς</span> <span class='ocrx_word' id='word_1_212' title='bbox 378 2189 448 2259; x_wconf 78' lang='grc' dir='ltr'>τῇ</span> <span class='ocrx_word' id='word_1_213' title='bbox 483 2185 781 2260; x_wconf 85' lang='grc' dir='ltr'>ὡραιότητι</span> <span class='ocrx_word' id='word_1_214' title='bbox 813 2187 919 2238; x_wconf 92' lang='grc' dir='ltr'>τῶν</span> <span class='ocrx_word' id='word_1_215' title='bbox 951 2182 1172 2258; x_wconf 87' lang='grc' dir='ltr'>τρόπων</span> <span class='ocrx_word' id='word_1_216' title='bbox 1203 2200 1319 2235; x_wconf 91' lang='grc' dir='ltr'>σου.</span> 
     </span>
    </p>
   </div>
   <div class='ocr_carea' id='block_1_38' title="bbox 306 2267 1889 2351">
    <p class='ocr_par' dir='ltr' id='par_1_38' title="bbox 306 2267 1889 2351">
     <span class='ocr_line' id='line_1_38' title="bbox 306 2267 1889 2351; baseline -0.008 -19"><span class='ocrx_word' id='word_1_217' title='bbox 306 2276 386 2332; x_wconf 78' lang='grc' dir='ltr'>Τὰ</span> <span class='ocrx_word' id='word_1_218' title='bbox 413 2276 477 2330; x_wconf 71' lang='grc' dir='ltr'>σά</span> <span class='ocrx_word' id='word_1_219' title='bbox 509 2276 675 2351; x_wconf 87' lang='grc' dir='ltr'>χείλη</span> <span class='ocrx_word' id='word_1_220' title='bbox 741 2272 1058 2345; x_wconf 86' lang='grc' dir='ltr'>[Ινεύματος</span> <span class='ocrx_word' id='word_1_221' title='bbox 1116 2269 1277 2345; x_wconf 85' lang='grc' dir='ltr'>ἁγίου</span> <span class='ocrx_word' id='word_1_222' title='bbox 1334 2269 1523 2342; x_wconf 80' lang='grc' dir='ltr'>γέγονε</span> <span class='ocrx_word' id='word_1_223' title='bbox 1581 2267 1722 2342; x_wconf 89' lang='grc' dir='ltr'>λύρα</span> <span class='ocrx_word' id='word_1_224' title='bbox 1784 2286 1889 2339; x_wconf 80' lang='grc' dir='ltr'>μυ-</span> 
     </span>
    </p>
   </div>
   <div class='ocr_carea' id='block_1_39' title="bbox 231 2352 1891 2437">
    <p class='ocr_par' dir='ltr' id='par_1_39' title="bbox 231 2352 1891 2437">
     <span class='ocr_line' id='line_1_39' title="bbox 231 2352 1891 2437; baseline -0.007 -18"><span class='ocrx_word' id='word_1_225' title='bbox 231 2365 418 2433; x_wconf 72' lang='grc' dir='ltr'>πική,</span> <span class='ocrx_word' id='word_1_226' title='bbox 467 2364 556 2419; x_wconf 81' lang='grc' dir='ltr'>καὶ</span> <span class='ocrx_word' id='word_1_227' title='bbox 647 2363 952 2437; x_wconf 79' lang='grc' dir='ltr'>μελουργὸς</span> <span class='ocrx_word' id='word_1_228' title='bbox 1013 2359 1209 2433; x_wconf 78' lang='grc' dir='ltr'>κιθάρα</span> <span class='ocrx_word' id='word_1_229' title='bbox 1257 2358 1626 2432; x_wconf 89' lang='grc' dir='ltr'>παναρμόνιον</span> <span class='ocrx_word' id='word_1_230' title='bbox 1688 2352 1891 2425; x_wconf 75' lang='grc' dir='ltr'>ᾅδουσα</span> 
     </span>
    </p>
   </div>
   <div class='ocr_carea' id='block_1_40' title="bbox 237 2442 1889 2526">
    <p class='ocr_par' dir='ltr' id='par_1_40' title="bbox 237 2442 1889 2526">
     <span class='ocr_line' id='line_1_40' title="bbox 237 2442 1889 2526; baseline -0.008 -17"><span class='ocrx_word' id='word_1_231' title='bbox 237 2454 429 2526; x_wconf 70' lang='grc' dir='ltr'>μέλος,</span> <span class='ocrx_word' id='word_1_232' title='bbox 465 2453 721 2525; x_wconf 77' lang='grc' dir='ltr'>μουσικὸν</span> <span class='ocrx_word' id='word_1_233' title='bbox 804 2451 973 2523; x_wconf 78' lang='grc' dir='ltr'>ᾆσμα,</span> <span class='ocrx_word' id='word_1_234' title='bbox 1055 2447 1280 2523; x_wconf 85' lang='grc' dir='ltr'>).ιγυρὸν</span> <span class='ocrx_word' id='word_1_235' title='bbox 1331 2446 1611 2520; x_wconf 83' lang='grc' dir='ltr'>ἀπήχημα</span> <span class='ocrx_word' id='word_1_236' title='bbox 1666 2447 1734 2517; x_wconf 74' lang='grc' dir='ltr'>τῇ</span> <span class='ocrx_word' id='word_1_237' title='bbox 1794 2442 1889 2497; x_wconf 85' lang='grc' dir='ltr'>εύ-</span> 
     </span>
    </p>
   </div>
   <div class='ocr_carea' id='block_1_41' title="bbox 236 2533 1891 2618">
    <p class='ocr_par' dir='ltr' id='par_1_41' title="bbox 236 2533 1891 2618">
     <span class='ocr_line' id='line_1_41' title="bbox 236 2533 1891 2618; baseline -0.005 -23"><span class='ocrx_word' id='word_1_238' title='bbox 236 2542 436 2617; x_wconf 84' lang='grc' dir='ltr'>ρύθμῳ</span> <span class='ocrx_word' id='word_1_239' title='bbox 498 2540 739 2618; x_wconf 85' lang='grc' dir='ltr'>γλυκερᾷ</span> <span class='ocrx_word' id='word_1_240' title='bbox 816 2539 1076 2611; x_wconf 78' lang='grc' dir='ltr'>συνθήκῃ,</span> <span class='ocrx_word' id='word_1_241' title='bbox 1152 2536 1241 2590; x_wconf 87' lang='grc' dir='ltr'>καὶ</span> <span class='ocrx_word' id='word_1_242' title='bbox 1331 2540 1411 2606; x_wconf 81' lang='grc' dir='ltr'>τῷ</span> <span class='ocrx_word' id='word_1_243' title='bbox 1491 2533 1736 2609; x_wconf 73' lang='grc' dir='ltr'>Χαρίεντι</span> <span class='ocrx_word' id='word_1_244' title='bbox 1790 2539 1891 2601; x_wconf 84' lang='grc' dir='ltr'>τῆς</span> 
     </span>
    </p>
   </div>
   <div class='ocr_carea' id='block_1_42' title="bbox 233 2620 1891 2708">
    <p class='ocr_par' dir='ltr' id='par_1_42' title="bbox 233 2620 1891 2708">
     <span class='ocr_line' id='line_1_42' title="bbox 233 2620 1891 2708; baseline -0.005 -24"><span class='ocrx_word' id='word_1_245' title='bbox 233 2636 348 2685; x_wconf 87' lang='grc' dir='ltr'>τῶν</span> <span class='ocrx_word' id='word_1_246' title='bbox 382 2635 576 2708; x_wconf 71' lang='grc' dir='ltr'>φωνῶν</span> <span class='ocrx_word' id='word_1_247' title='bbox 610 2630 940 2703; x_wconf 77' lang='grc' dir='ltr'>συμπλοκῆς</span> <span class='ocrx_word' id='word_1_248' title='bbox 973 2628 1240 2701; x_wconf 65' lang='grc' dir='ltr'>θέλγουσα</span> <span class='ocrx_word' id='word_1_249' title='bbox 1271 2624 1453 2699; x_wconf 73' lang='grc' dir='ltr'>ψυχάς</span> <span class='ocrx_word' id='word_1_250' title='bbox 1509 2624 1597 2677; x_wconf 86' lang='grc' dir='ltr'>καὶ</span> <span class='ocrx_word' id='word_1_251' title='bbox 1653 2620 1891 2693; x_wconf 84' lang='grc' dir='ltr'>καθηδύ-</span> 
     </span>
    </p>
   </div>
   <div class='ocr_carea' id='block_1_43' title="bbox 245 2740 436 2776">
    <p class='ocr_par' dir='ltr' id='par_1_43' title="bbox 245 2740 436 2776">
     <span class='ocr_line' id='line_1_43' title="bbox 245 2740 436 2776; baseline 0.016 -3"><span class='ocrx_word' id='word_1_252' title='bbox 245 2740 436 2776; x_wconf 71' lang='grc' dir='ltr'>νουσα.</span> 
     </span>
    </p>
   </div>
   <div class='ocr_carea' id='block_1_44' title="bbox 313 2801 1893 2883">
    <p class='ocr_par' dir='ltr' id='par_1_44' title="bbox 313 2801 1893 2883">
     <span class='ocr_line' id='line_1_44' title="bbox 313 2801 1893 2883; baseline -0.006 -19"><span class='ocrx_word' id='word_1_253' title='bbox 313 2808 649 2883; x_wconf 79' lang='grc' dir='ltr'>Ῥητορεύων</span> <span class='ocrx_word' id='word_1_254' title='bbox 730 2804 945 2868; x_wconf 78' lang='grc' dir='ltr'>ἔπεισας</span> <span class='ocrx_word' id='word_1_255' title='bbox 1033 2804 1288 2878; x_wconf 82' lang='grc' dir='ltr'>ἀπείρους</span> <span class='ocrx_word' id='word_1_256' title='bbox 1367 2801 1561 2879; x_wconf 72' lang='grc' dir='ltr'>φίλους</span> <span class='ocrx_word' id='word_1_257' title='bbox 1650 2801 1893 2875; x_wconf 65' lang='grc' dir='ltr'>γενέσθαι</span> 
     </span>
    </p>
   </div>
   <div class='ocr_carea' id='block_1_45' title="bbox 249 2886 1897 2973">
    <p class='ocr_par' dir='ltr' id='par_1_45' title="bbox 249 2886 1897 2973">
     <span class='ocr_line' id='line_1_45' title="bbox 249 2886 1897 2973; baseline -0.005 -20"><span class='ocrx_word' id='word_1_258' title='bbox 249 2903 350 2953; x_wconf 87' lang='grc' dir='ltr'>τοῦ</span> <span class='ocrx_word' id='word_1_259' title='bbox 381 2902 540 2970; x_wconf 87' lang='grc' dir='ltr'>Θεοῦ,</span> <span class='ocrx_word' id='word_1_260' title='bbox 570 2898 659 2953; x_wconf 83' lang='grc' dir='ltr'>καὶ</span> <span class='ocrx_word' id='word_1_261' title='bbox 691 2898 887 2973; x_wconf 77' lang='grc' dir='ltr'>ἀρετῆς</span> <span class='ocrx_word' id='word_1_262' title='bbox 919 2896 1165 2970; x_wconf 77' lang='grc' dir='ltr'>ἐργάτας,</span> <span class='ocrx_word' id='word_1_263' title='bbox 1196 2893 1287 2948; x_wconf 84' lang='grc' dir='ltr'>καὶ</span> <span class='ocrx_word' id='word_1_264' title='bbox 1345 2893 1520 2965; x_wconf 89' lang='grc' dir='ltr'>μάκαρ</span> <span class='ocrx_word' id='word_1_265' title='bbox 1576 2886 1703 2966; x_wconf 75' lang='grc' dir='ltr'>ὄρος</span> <span class='ocrx_word' id='word_1_266' title='bbox 1760 2888 1897 2965; x_wconf 91' lang='grc' dir='ltr'>γλυ-</span> 
     </span>
    </p>
   </div>
   <div class='ocr_carea' id='block_1_46' title="bbox 256 2979 1899 3060">
    <p class='ocr_par' dir='ltr' id='par_1_46' title="bbox 256 2979 1899 3060">
     <span class='ocr_line' id='line_1_46' title="bbox 256 2979 1899 3060; baseline -0.005 -18"><span class='ocrx_word' id='word_1_267' title='bbox 256 2988 466 3060; x_wconf 85' lang='grc' dir='ltr'>κασμὸν</span> <span class='ocrx_word' id='word_1_268' title='bbox 498 2990 791 3055; x_wconf 81' lang='grc' dir='ltr'>σταΛάζον,</span> <span class='ocrx_word' id='word_1_269' title='bbox 822 2986 884 3039; x_wconf 78' lang='grc' dir='ltr'>σὺ</span> <span class='ocrx_word' id='word_1_270' title='bbox 918 2985 1031 3049; x_wconf 82' lang='grc' dir='ltr'>θεία</span> <span class='ocrx_word' id='word_1_271' title='bbox 1064 2981 1263 3055; x_wconf 81' lang='grc' dir='ltr'>δρόσος</span> <span class='ocrx_word' id='word_1_272' title='bbox 1296 2981 1588 3054; x_wconf 84' lang='grc' dir='ltr'>οὐρανόθεν</span> <span class='ocrx_word' id='word_1_273' title='bbox 1626 2979 1899 3034; x_wconf 82' lang='grc' dir='ltr'>πίπτουσα</span> 
     </span>
    </p>
   </div>
   <div class='ocr_carea' id='block_1_47' title="bbox 247 3069 1900 3149">
    <p class='ocr_par' dir='ltr' id='par_1_47' title="bbox 247 3069 1900 3149">
     <span class='ocr_line' id='line_1_47' title="bbox 247 3069 1900 3149; baseline -0.005 -19"><span class='ocrx_word' id='word_1_274' title='bbox 247 3078 338 3130; x_wconf 85' lang='grc' dir='ltr'>καὶ</span> <span class='ocrx_word' id='word_1_275' title='bbox 389 3077 672 3131; x_wconf 82' lang='grc' dir='ltr'>πιαίνουσα</span> <span class='ocrx_word' id='word_1_276' title='bbox 728 3079 921 3149; x_wconf 71' lang='grc' dir='ltr'>ψυχῶν</span> <span class='ocrx_word' id='word_1_277' title='bbox 1005 3072 1259 3148; x_wconf 81' lang='grc' dir='ltr'>ἁρούρας“</span> <span class='ocrx_word' id='word_1_278' title='bbox 1322 3069 1407 3125; x_wconf 84' lang='grc' dir='ltr'>διὸ</span> <span class='ocrx_word' id='word_1_279' title='bbox 1464 3071 1515 3124; x_wconf 75' lang='grc' dir='ltr'>οἱ</span> <span class='ocrx_word' id='word_1_280' title='bbox 1598 3069 1752 3143; x_wconf 82' lang='grc' dir='ltr'>λόγοι</span> <span class='ocrx_word' id='word_1_281' title='bbox 1800 3090 1900 3122; x_wconf 84' lang='grc' dir='ltr'>σου</span> 
     </span>
    </p>
   </div>
   <div class='ocr_carea' id='block_1_48' title="bbox 246 3155 1901 3241">
    <p class='ocr_par' dir='ltr' id='par_1_48' title="bbox 246 3155 1901 3241">
     <span class='ocr_line' id='line_1_48' title="bbox 246 3155 1901 3241; baseline -0.005 -23"><span class='ocrx_word' id='word_1_282' title='bbox 246 3164 512 3241; x_wconf 77' lang='grc' dir='ltr'>ὤφθησαν</span> <span class='ocrx_word' id='word_1_283' title='bbox 566 3170 683 3228; x_wconf 86' lang='grc' dir='ltr'>τοῖς</span> <span class='ocrx_word' id='word_1_284' title='bbox 732 3162 890 3225; x_wconf 86' lang='grc' dir='ltr'>λαοῖς</span> <span class='ocrx_word' id='word_1_285' title='bbox 977 3164 1203 3235; x_wconf 72' lang='grc' dir='ltr'>μελιτος</span> <span class='ocrx_word' id='word_1_286' title='bbox 1266 3158 1614 3234; x_wconf 75' lang='grc' dir='ltr'>γλυκύτεροι,</span> <span class='ocrx_word' id='word_1_287' title='bbox 1691 3155 1901 3232; x_wconf 84' lang='grc' dir='ltr'>Χρυσό-</span> 
     </span>
    </p>
   </div>
   <div class='ocr_carea' id='block_1_49' title="bbox 252 3275 443 3327">
    <p class='ocr_par' dir='ltr' id='par_1_49' title="bbox 252 3275 443 3327">
     <span class='ocr_line' id='line_1_49' title="bbox 252 3275 443 3327; baseline 0.016 -19"><span class='ocrx_word' id='word_1_288' title='bbox 252 3275 443 3327; x_wconf 87' lang='grc' dir='ltr'>στομε.</span> 
     </span>
    </p>
   </div>
   <div class='ocr_carea' id='block_1_50' title="bbox 327 3334 1895 3416">
    <p class='ocr_par' dir='ltr' id='par_1_50' title="bbox 327 3334 1895 3416">
     <span class='ocr_line' id='line_1_50' title="bbox 327 3334 1895 3416; baseline -0.006 -18"><span class='ocrx_word' id='word_1_289' title='bbox 327 3343 636 3401; x_wconf 89' lang='grc' dir='ltr'>Θεοτόκιον.</span> <span class='ocrx_word' id='word_1_290' title='bbox 722 3376 791 3385; x_wconf 89' lang='lat'>-—</span> <span class='ocrx_word' id='word_1_291' title='bbox 855 3347 1020 3416; x_wconf 82' lang='grc' dir='ltr'>’Όρος</span> <span class='ocrx_word' id='word_1_292' title='bbox 1078 3344 1230 3408; x_wconf 84' lang='grc' dir='ltr'>πῖον,</span> <span class='ocrx_word' id='word_1_293' title='bbox 1308 3340 1595 3412; x_wconf 85' lang='grc' dir='ltr'>πάγχρυσε</span> <span class='ocrx_word' id='word_1_294' title='bbox 1674 3334 1895 3409; x_wconf 81' lang='grc' dir='ltr'>λυχνία,</span> 
     </span>
    </p>
   </div>
   <div class='ocr_carea' id='block_1_51' title="bbox 254 3422 1897 3505">
    <p class='ocr_par' dir='ltr' id='par_1_51' title="bbox 254 3422 1897 3505">
     <span class='ocr_line' id='line_1_51' title="bbox 254 3422 1897 3505; baseline -0.005 -18"><span class='ocrx_word' id='word_1_295' title='bbox 254 3432 460 3504; x_wconf 83' lang='grc' dir='ltr'>στάμνε</span> <span class='ocrx_word' id='word_1_296' title='bbox 515 3436 612 3487; x_wconf 91' lang='grc' dir='ltr'>τοῦ</span> <span class='ocrx_word' id='word_1_297' title='bbox 668 3433 839 3505; x_wconf 82' lang='grc' dir='ltr'>μάννα</span> <span class='ocrx_word' id='word_1_298' title='bbox 888 3437 987 3497; x_wconf 79' lang='grc' dir='ltr'>τῆς</span> <span class='ocrx_word' id='word_1_299' title='bbox 1021 3473 1031 3483; x_wconf 91' lang='grc'>.</span> <span class='ocrx_word' id='word_1_300' title='bbox 1071 3471 1083 3485; x_wconf 92' lang='grc'><strong>.</strong></span> <span class='ocrx_word' id='word_1_301' title='bbox 1142 3472 1152 3485; x_wconf 93' lang='grc'>.</span> <span class='ocrx_word' id='word_1_302' title='bbox 1212 3426 1661 3501; x_wconf 78' lang='grc' dir='ltr'>παγχρυσωμένη</span> <span class='ocrx_word' id='word_1_303' title='bbox 1725 3422 1897 3493; x_wconf 87' lang='grc' dir='ltr'>πύλη,</span> 
     </span>
    </p>
   </div>
   <div class='ocr_carea' id='block_1_52' title="bbox 251 3509 1903 3597">
    <p class='ocr_par' dir='ltr' id='par_1_52' title="bbox 251 3509 1903 3597">
     <span class='ocr_line' id='line_1_52' title="bbox 251 3509 1903 3597; baseline -0.007 -21"><span class='ocrx_word' id='word_1_304' title='bbox 251 3520 626 3597; x_wconf 69' lang='grc' dir='ltr'>ἀκατάφλεκτε</span> <span class='ocrx_word' id='word_1_305' title='bbox 683 3518 927 3593; x_wconf 81' lang='grc' dir='ltr'>πυρφόρε</span> <span class='ocrx_word' id='word_1_306' title='bbox 1000 3517 1147 3591; x_wconf 85' lang='grc' dir='ltr'>βάτε,</span> <span class='ocrx_word' id='word_1_307' title='bbox 1210 3509 1426 3588; x_wconf 81' lang='grc' dir='ltr'>ἔμψυχε</span> <span class='ocrx_word' id='word_1_308' title='bbox 1485 3512 1660 3585; x_wconf 76' lang='grc' dir='ltr'>θρόνε,</span> <span class='ocrx_word' id='word_1_309' title='bbox 1712 3510 1903 3586; x_wconf 75' lang='grc' dir='ltr'>ούρανὲ</span> 
     </span>
    </p>
   </div>
   <div class='ocr_carea' id='block_1_53' title="bbox 253 3598 1905 3687">
    <p class='ocr_par' dir='ltr' id='par_1_53' title="bbox 253 3598 1905 3687">
     <span class='ocr_line' id='line_1_53' title="bbox 253 3598 1905 3687; baseline -0.007 -23"><span class='ocrx_word' id='word_1_310' title='bbox 253 3608 572 3687; x_wconf 54' lang='grc' dir='ltr'>ποδύφωτε,</span> <span class='ocrx_word' id='word_1_311' title='bbox 661 3610 974 3683; x_wconf 84' lang='grc' dir='ltr'>περιώνυμε</span> <span class='ocrx_word' id='word_1_312' title='bbox 1060 3607 1294 3678; x_wconf 78' lang='grc' dir='ltr'>Χριστοῦ</span> <span class='ocrx_word' id='word_1_313' title='bbox 1377 3598 1631 3675; x_wconf 69' lang='grc' dir='ltr'>καθέδρα,</span> <span class='ocrx_word' id='word_1_314' title='bbox 1702 3600 1905 3662; x_wconf 70' lang='grc' dir='ltr'>παστὰς</span> 
     </span>
    </p>
   </div>
   <div class='ocr_carea' id='block_1_54' title="bbox 250 3689 1903 3774">
    <p class='ocr_par' dir='ltr' id='par_1_54' title="bbox 250 3689 1903 3774">
     <span class='ocr_line' id='line_1_54' title="bbox 250 3689 1903 3774; baseline -0.006 -22"><span class='ocrx_word' id='word_1_315' title='bbox 250 3694 630 3774; x_wconf 81' lang='grc' dir='ltr'>χρυσόπλοκε,</span> <span class='ocrx_word' id='word_1_316' title='bbox 666 3696 892 3761; x_wconf 80' lang='grc' dir='ltr'>εὐωδίας</span> <span class='ocrx_word' id='word_1_317' title='bbox 914 3698 1087 3771; x_wconf 73' lang='grc' dir='ltr'>πηγὴ,</span> <span class='ocrx_word' id='word_1_318' title='bbox 1122 3696 1387 3765; x_wconf 75' lang='grc' dir='ltr'>σκήνωμα</span> <span class='ocrx_word' id='word_1_319' title='bbox 1428 3695 1584 3761; x_wconf 83' lang='grc' dir='ltr'>Θεοῦ,</span> <span class='ocrx_word' id='word_1_320' title='bbox 1618 3689 1903 3759; x_wconf 68' lang='grc' dir='ltr'>Δέσποινα,</span> 
     </span>
    </p>
   </div>
   <div class='ocr_carea' id='block_1_55' title="bbox 255 3788 556 3861">
    <p class='ocr_par' dir='ltr' id='par_1_55' title="bbox 255 3788 556 3861">
     <span class='ocr_line' id='line_1_55' title="bbox 255 3788 556 3861; baseline 0.01 -21"><span class='ocrx_word' id='word_1_321' title='bbox 255 3788 435 3842; x_wconf 81' lang='grc' dir='ltr'>σῶσόν</span> <span class='ocrx_word' id='word_1_322' title='bbox 470 3808 556 3861; x_wconf 83' lang='grc' dir='ltr'>με.</span> 
     </span>
    </p>
   </div>
   <div class='ocr_carea' id='block_1_56' title="bbox 689 3908 1482 3988">
    <p class='ocr_par' dir='ltr' id='par_1_56' title="bbox 689 3908 1482 3988">
     <span class='ocr_line' id='line_1_56' title="bbox 689 3908 1482 3988; baseline -0.005 -22"><span class='ocrx_word' id='word_1_323' title='bbox 689 3908 803 3988; x_wconf 79' lang='grc' dir='ltr'>ῼδή</span> <span class='ocrx_word' id='word_1_324' title='bbox 837 3912 906 3966; x_wconf 86' lang='grc' dir='ltr'>Ζ’.</span> <span class='ocrx_word' id='word_1_325' title='bbox 933 3910 1244 3985; x_wconf 72' lang='grc' dir='ltr'>Ἃφραστον</span> <span class='ocrx_word' id='word_1_326' title='bbox 1279 3909 1482 3977; x_wconf 84' lang='grc' dir='ltr'>θαῦμα.</span> 
     </span>
    </p>
   </div>
   <div class='ocr_carea' id='block_1_57' title="bbox 338 4016 1912 4102">
    <p class='ocr_par' dir='ltr' id='par_1_57' title="bbox 338 4016 1912 4102">
     <span class='ocr_line' id='line_1_57' title="bbox 338 4016 1912 4102; baseline -0.007 -19"><span class='ocrx_word' id='word_1_327' title='bbox 338 4034 577 4102; x_wconf 84' lang='grc' dir='ltr'>Συχναῖς</span> <span class='ocrx_word' id='word_1_328' title='bbox 634 4022 818 4083; x_wconf 74' lang='grc' dir='ltr'>λιϐάσι</span> <span class='ocrx_word' id='word_1_329' title='bbox 876 4026 965 4081; x_wconf 84' lang='grc' dir='ltr'>καὶ</span> <span class='ocrx_word' id='word_1_330' title='bbox 1033 4016 1358 4096; x_wconf 69' lang='grc' dir='ltr'>ἐπομϐρίαις</span> <span class='ocrx_word' id='word_1_331' title='bbox 1411 4019 1518 4075; x_wconf 83' lang='grc' dir='ltr'>τῶν</span> <span class='ocrx_word' id='word_1_332' title='bbox 1582 4017 1759 4095; x_wconf 90' lang='grc' dir='ltr'>λόγων</span> <span class='ocrx_word' id='word_1_333' title='bbox 1814 4039 1912 4073; x_wconf 88' lang='grc' dir='ltr'>σου</span> 
     </span>
    </p>
   </div>
   <div class='ocr_carea' id='block_1_58' title="bbox 256 4106 1911 4193">
    <p class='ocr_par' dir='ltr' id='par_1_58' title="bbox 256 4106 1911 4193">
     <span class='ocr_line' id='line_1_58' title="bbox 256 4106 1911 4193; baseline -0.006 -21"><span class='ocrx_word' id='word_1_334' title='bbox 256 4115 565 4193; x_wconf 73' lang='grc' dir='ltr'>ἀρδομένη,</span> <span class='ocrx_word' id='word_1_335' title='bbox 601 4121 688 4171; x_wconf 83' lang='grc' dir='ltr'>οἷα</span> <span class='ocrx_word' id='word_1_336' title='bbox 721 4116 925 4190; x_wconf 75' lang='grc' dir='ltr'>λιπαρά</span> <span class='ocrx_word' id='word_1_337' title='bbox 955 4114 1041 4169; x_wconf 75' lang='grc' dir='ltr'>καὶ</span> <span class='ocrx_word' id='word_1_338' title='bbox 1080 4113 1284 4188; x_wconf 65' lang='grc' dir='ltr'>εὖγειος</span> <span class='ocrx_word' id='word_1_339' title='bbox 1311 4112 1403 4185; x_wconf 78' lang='grc' dir='ltr'>γῆ,</span> <span class='ocrx_word' id='word_1_340' title='bbox 1464 4106 1704 4163; x_wconf 68' lang='grc' dir='ltr'>δέδεκται</span> <span class='ocrx_word' id='word_1_341' title='bbox 1736 4109 1911 4163; x_wconf 71' lang='grc' dir='ltr'>πολυο</span> 
     </span>
    </p>
   </div>
   <div class='ocr_carea' id='block_1_59' title="bbox 260 4195 1912 4284">
    <p class='ocr_par' dir='ltr' id='par_1_59' title="bbox 260 4195 1912 4284">
     <span class='ocr_line' id='line_1_59' title="bbox 260 4195 1912 4284; baseline -0.005 -23"><span class='ocrx_word' id='word_1_342' title='bbox 260 4206 839 4284; x_wconf 76' lang='grc' dir='ltr'>φόροςήἘκκλησία,</span> <span class='ocrx_word' id='word_1_343' title='bbox 897 4205 1318 4279; x_wconf 73' lang='grc' dir='ltr'>καρποφοροῦσα</span> <span class='ocrx_word' id='word_1_344' title='bbox 1369 4198 1574 4274; x_wconf 81' lang='grc' dir='ltr'>ἀρετῶν</span> <span class='ocrx_word' id='word_1_345' title='bbox 1636 4195 1912 4275; x_wconf 74' lang='grc' dir='ltr'>διαφόρων</span> 
     </span>
    </p>
   </div>
   <div class='ocr_carea' id='block_1_60' title="bbox 262 4294 641 4368">
    <p class='ocr_par' dir='ltr' id='par_1_60' title="bbox 262 4294 641 4368">
     <span class='ocr_line' id='line_1_60' title="bbox 262 4294 641 4368; baseline 0.005 -19"><span class='ocrx_word' id='word_1_346' title='bbox 262 4294 641 4368; x_wconf 68' lang='grc' dir='ltr'>παγκαρπίαν.</span> 
     </span>
    </p>
   </div>
   <div class='ocr_carea' id='block_1_61' title="bbox 352 4375 1913 4457">
    <p class='ocr_par' dir='ltr' id='par_1_61' title="bbox 352 4375 1913 4457">
     <span class='ocr_line' id='line_1_61' title="bbox 352 4375 1913 4457; baseline -0.01 -14"><span class='ocrx_word' id='word_1_347' title='bbox 352 4387 457 4457; x_wconf 71' lang='grc' dir='ltr'>Νὺξ</span> <span class='ocrx_word' id='word_1_348' title='bbox 486 4384 714 4457; x_wconf 87' lang='grc' dir='ltr'>ἀθυμίας</span> <span class='ocrx_word' id='word_1_349' title='bbox 745 4383 836 4437; x_wconf 83' lang='grc' dir='ltr'>καὶ</span> <span class='ocrx_word' id='word_1_350' title='bbox 865 4377 1162 4456; x_wconf 68' lang='grc' dir='ltr'>κατηφείας</span> <span class='ocrx_word' id='word_1_351' title='bbox 1219 4377 1552 4448; x_wconf 88' lang='grc' dir='ltr'>σκοτόμαινα</span> <span class='ocrx_word' id='word_1_352' title='bbox 1602 4375 1653 4445; x_wconf 80' lang='grc' dir='ltr'>ἐξ</span> <span class='ocrx_word' id='word_1_353' title='bbox 1707 4375 1913 4449; x_wconf 72' lang='grc' dir='ltr'>αἰθρίας</span> 
     </span>
    </p>
   </div>
   <div class='ocr_carea' id='block_1_62' title="bbox 262 4464 1917 4555">
    <p class='ocr_par' dir='ltr' id='par_1_62' title="bbox 262 4464 1917 4555">
     <span class='ocr_line' id='line_1_62' title="bbox 262 4464 1917 4555; baseline -0.011 -21"><span class='ocrx_word' id='word_1_354' title='bbox 262 4484 562 4555; x_wconf 60' lang='grc' dir='ltr'>ἡμεροφαῆ</span> <span class='ocrx_word' id='word_1_355' title='bbox 618 4476 714 4541; x_wconf 76' lang='grc' dir='ltr'>τὴν</span> <span class='ocrx_word' id='word_1_356' title='bbox 774 4472 991 4547; x_wconf 75' lang='grc' dir='ltr'>νύμφην</span> <span class='ocrx_word' id='word_1_357' title='bbox 1052 4470 1286 4541; x_wconf 84' lang='grc' dir='ltr'>Χριστοῦ</span> <span class='ocrx_word' id='word_1_358' title='bbox 1374 4464 1565 4543; x_wconf 63' lang='grc' dir='ltr'>αἴφνης</span> <span class='ocrx_word' id='word_1_359' title='bbox 1622 4464 1917 4518; x_wconf 85' lang='grc' dir='ltr'>κατεκάκυ-</span> 
     </span>
    </p>
   </div>
   <div class='ocr_carea' id='block_1_63' title="bbox 1989 2006 3640 2076">
    <p class='ocr_par' dir='ltr' id='par_1_63' title="bbox 1989 2006 3640 2076">
     <span class='ocr_line' id='line_1_63' title="bbox 1989 2006 3640 2076; baseline 0.005 -18"><span class='ocrx_word' id='word_1_360' title='bbox 1989 2006 2302 2061; x_wconf 86' lang='lat' dir='ltr'>manifeste</span> <span class='ocrx_word' id='word_1_361' title='bbox 2332 2009 2744 2063; x_wconf 82' lang='lat' dir='ltr'>conﬁrmatam</span> <span class='ocrx_word' id='word_1_362' title='bbox 2772 2028 2785 2076; x_wconf 92' lang='lat'>;</span> <span class='ocrx_word' id='word_1_363' title='bbox 2820 2016 3068 2067; x_wconf 88' lang='lat' dir='ltr'>testatus</span> <span class='ocrx_word' id='word_1_364' title='bbox 3099 2018 3187 2067; x_wconf 91' lang='lat' dir='ltr'>est</span> <span class='ocrx_word' id='word_1_365' title='bbox 3216 2014 3375 2067; x_wconf 86' lang='lat' dir='ltr'>enim</span> <span class='ocrx_word' id='word_1_366' title='bbox 3408 2030 3640 2069; x_wconf 88' lang='lat' dir='ltr'>morum</span> 
     </span>
    </p>
   </div>
   <div class='ocr_carea' id='block_1_64' title="bbox 1992 2098 3640 2171">
    <p class='ocr_par' dir='ltr' id='par_1_64' title="bbox 1992 2098 3640 2171">
     <span class='ocr_line' id='line_1_64' title="bbox 1992 2098 3640 2171; baseline 0.005 -24"><span class='ocrx_word' id='word_1_367' title='bbox 1992 2099 2227 2149; x_wconf 89' lang='lat' dir='ltr'>tuarum</span> <span class='ocrx_word' id='word_1_368' title='bbox 2267 2098 2693 2166; x_wconf 63' lang='lat' dir='ltr'>praestantiam,</span> <span class='ocrx_word' id='word_1_369' title='bbox 2746 2101 2848 2169; x_wconf 89' lang='lat' dir='ltr'>qui</span> <span class='ocrx_word' id='word_1_370' title='bbox 2898 2101 2960 2155; x_wconf 90' lang='lat' dir='ltr'>in</span> <span class='ocrx_word' id='word_1_371' title='bbox 3008 2101 3155 2156; x_wconf 74' lang='lat' dir='ltr'>cmlo</span> <span class='ocrx_word' id='word_1_372' title='bbox 3208 2102 3375 2157; x_wconf 90' lang='lat' dir='ltr'>testis</span> <span class='ocrx_word' id='word_1_373' title='bbox 3426 2102 3640 2171; x_wconf 79' lang='lat' dir='ltr'>fidelis,</span> 
     </span>
    </p>
   </div>
   <div class='ocr_carea' id='block_1_65' title="bbox 1992 2185 2822 2254">
    <p class='ocr_par' dir='ltr' id='par_1_65' title="bbox 1992 2185 2822 2254">
     <span class='ocr_line' id='line_1_65' title="bbox 1992 2185 2822 2254; baseline 0.006 -17"><span class='ocrx_word' id='word_1_374' title='bbox 1992 2189 2195 2254; x_wconf 87' lang='lat' dir='ltr'>utpote</span> <span class='ocrx_word' id='word_1_375' title='bbox 2226 2185 2493 2239; x_wconf 90' lang='lat' dir='ltr'>omnium</span> <span class='ocrx_word' id='word_1_376' title='bbox 2526 2188 2822 2242; x_wconf 90' lang='lat' dir='ltr'>conscius.</span> 
     </span>
    </p>
   </div>
   <div class='ocr_carea' id='block_1_66' title="bbox 2064 2272 3644 2349">
    <p class='ocr_par' dir='ltr' id='par_1_66' title="bbox 2064 2272 3644 2349">
     <span class='ocr_line' id='line_1_66' title="bbox 2064 2272 3644 2349; baseline 0.004 -23"><span class='ocrx_word' id='word_1_377' title='bbox 2064 2272 2239 2327; x_wconf 89' lang='lat' dir='ltr'>Facta</span> <span class='ocrx_word' id='word_1_378' title='bbox 2270 2281 2410 2328; x_wconf 89' lang='lat' dir='ltr'>sunt</span> <span class='ocrx_word' id='word_1_379' title='bbox 2442 2275 2599 2330; x_wconf 88' lang='lat' dir='ltr'>labia</span> <span class='ocrx_word' id='word_1_380' title='bbox 2629 2282 2730 2331; x_wconf 91' lang='lat' dir='ltr'>tua</span> <span class='ocrx_word' id='word_1_381' title='bbox 2758 2279 3008 2347; x_wconf 86' lang='lat' dir='ltr'>mystica</span> <span class='ocrx_word' id='word_1_382' title='bbox 3063 2278 3190 2348; x_wconf 84' lang='lat' dir='ltr'>lyra</span> <span class='ocrx_word' id='word_1_383' title='bbox 3239 2280 3426 2334; x_wconf 88' lang='lat' dir='ltr'>sancti</span> <span class='ocrx_word' id='word_1_384' title='bbox 3458 2279 3644 2349; x_wconf 83' lang='lat' dir='ltr'>Spiri-</span> 
     </span>
    </p>
   </div>
   <div class='ocr_carea' id='block_1_67' title="bbox 1995 2363 3646 2437">
    <p class='ocr_par' dir='ltr' id='par_1_67' title="bbox 1995 2363 3646 2437">
     <span class='ocr_line' id='line_1_67' title="bbox 1995 2363 3646 2437; baseline 0.005 -24"><span class='ocrx_word' id='word_1_385' title='bbox 1995 2365 2109 2426; x_wconf 89' lang='lat' dir='ltr'>tus,</span> <span class='ocrx_word' id='word_1_386' title='bbox 2144 2366 2201 2414; x_wconf 90' lang='lat' dir='ltr'>et</span> <span class='ocrx_word' id='word_1_387' title='bbox 2231 2363 2424 2417; x_wconf 88' lang='lat' dir='ltr'>suavis</span> <span class='ocrx_word' id='word_1_388' title='bbox 2438 2363 2665 2418; x_wconf 89' lang='lat' dir='ltr'>cithara</span> <span class='ocrx_word' id='word_1_389' title='bbox 2682 2366 3043 2420; x_wconf 88' lang='lat' dir='ltr'>concinnum</span> <span class='ocrx_word' id='word_1_390' title='bbox 3075 2382 3314 2421; x_wconf 90' lang='lat' dir='ltr'>carnem</span> <span class='ocrx_word' id='word_1_391' title='bbox 3332 2383 3646 2437; x_wconf 88' lang='lat' dir='ltr'>resonans,</span> 
     </span>
    </p>
   </div>
   <div class='ocr_carea' id='block_1_68' title="bbox 1994 2448 3644 2526">
    <p class='ocr_par' dir='ltr' id='par_1_68' title="bbox 1994 2448 3644 2526">
     <span class='ocr_line' id='line_1_68' title="bbox 1994 2448 3644 2526; baseline 0.005 -24"><span class='ocrx_word' id='word_1_392' title='bbox 1994 2448 2167 2503; x_wconf 91' lang='lat' dir='ltr'>dulce</span> <span class='ocrx_word' id='word_1_393' title='bbox 2198 2467 2458 2518; x_wconf 89' lang='lat' dir='ltr'>carmen,</span> <span class='ocrx_word' id='word_1_394' title='bbox 2494 2458 2699 2525; x_wconf 89' lang='lat' dir='ltr'>arguta</span> <span class='ocrx_word' id='word_1_395' title='bbox 2718 2455 3079 2521; x_wconf 87' lang='lat' dir='ltr'>resonantia,</span> <span class='ocrx_word' id='word_1_396' title='bbox 3096 2455 3365 2526; x_wconf 90' lang='lat' dir='ltr'>jucunda</span> <span class='ocrx_word' id='word_1_397' title='bbox 3392 2472 3644 2511; x_wconf 86' lang='lat' dir='ltr'>concen-</span> 
     </span>
    </p>
   </div>
   <div class='ocr_carea' id='block_1_69' title="bbox 1997 2539 3649 2614">
    <p class='ocr_par' dir='ltr' id='par_1_69' title="bbox 1997 2539 3649 2614">
     <span class='ocr_line' id='line_1_69' title="bbox 1997 2539 3649 2614; baseline 0.004 -22"><span class='ocrx_word' id='word_1_398' title='bbox 1997 2543 2091 2593; x_wconf 90' lang='lat' dir='ltr'>tus</span> <span class='ocrx_word' id='word_1_399' title='bbox 2120 2539 2797 2614; x_wconf 85' lang='lat' dir='ltr'>modulatione,etgrata</span> <span class='ocrx_word' id='word_1_400' title='bbox 2817 2561 3027 2600; x_wconf 87' lang='lat' dir='ltr'>vocum</span> <span class='ocrx_word' id='word_1_401' title='bbox 3055 2545 3457 2601; x_wconf 81' lang='lat' dir='ltr'>concinnitate</span> <span class='ocrx_word' id='word_1_402' title='bbox 3480 2562 3649 2603; x_wconf 88' lang='lat' dir='ltr'>men-</span> 
     </span>
    </p>
   </div>
   <div class='ocr_carea' id='block_1_70' title="bbox 1997 2628 2742 2699">
    <p class='ocr_par' dir='ltr' id='par_1_70' title="bbox 1997 2628 2742 2699">
     <span class='ocr_line' id='line_1_70' title="bbox 1997 2628 2742 2699; baseline 0.008 -18"><span class='ocrx_word' id='word_1_403' title='bbox 1997 2632 2086 2682; x_wconf 89' lang='lat' dir='ltr'>tes</span> <span class='ocrx_word' id='word_1_404' title='bbox 2109 2628 2324 2699; x_wconf 88' lang='lat' dir='ltr'>juvans</span> <span class='ocrx_word' id='word_1_405' title='bbox 2356 2635 2415 2684; x_wconf 90' lang='lat' dir='ltr'>et</span> <span class='ocrx_word' id='word_1_406' title='bbox 2443 2646 2742 2687; x_wconf 88' lang='lat' dir='ltr'>recreans.</span> 
     </span>
    </p>
   </div>
   <div class='ocr_carea' id='block_1_71' title="bbox 2072 2806 3651 2875">
    <p class='ocr_par' dir='ltr' id='par_1_71' title="bbox 2072 2806 3651 2875">
     <span class='ocr_line' id='line_1_71' title="bbox 2072 2806 3651 2875; baseline 0.002 -16"><span class='ocrx_word' id='word_1_407' title='bbox 2072 2806 2455 2862; x_wconf 89' lang='lat' dir='ltr'>Sermonibus</span> <span class='ocrx_word' id='word_1_408' title='bbox 2482 2808 2720 2863; x_wconf 90' lang='lat' dir='ltr'>suasisti</span> <span class='ocrx_word' id='word_1_409' title='bbox 2735 2809 2990 2865; x_wconf 88' lang='lat' dir='ltr'>indoctis</span> <span class='ocrx_word' id='word_1_410' title='bbox 3014 2814 3080 2864; x_wconf 92' lang='lat' dir='ltr'>ut</span> <span class='ocrx_word' id='word_1_411' title='bbox 3100 2808 3280 2864; x_wconf 90' lang='lat' dir='ltr'>amici</span> <span class='ocrx_word' id='word_1_412' title='bbox 3303 2808 3651 2875; x_wconf 79' lang='lat' dir='ltr'>ﬁerentDei,</span> 
     </span>
    </p>
   </div>
   <div class='ocr_carea' id='block_1_72' title="bbox 2003 2895 3653 2967">
    <p class='ocr_par' dir='ltr' id='par_1_72' title="bbox 2003 2895 3653 2967">
     <span class='ocr_line' id='line_1_72' title="bbox 2003 2895 3653 2967; baseline 0.002 -20"><span class='ocrx_word' id='word_1_413' title='bbox 2003 2900 2061 2947; x_wconf 91' lang='lat' dir='ltr'>et</span> <span class='ocrx_word' id='word_1_414' title='bbox 2092 2895 2322 2949; x_wconf 85' lang='lat' dir='ltr'>virtutis</span> <span class='ocrx_word' id='word_1_415' title='bbox 2353 2902 2784 2967; x_wconf 86' lang='lat' dir='ltr'>operatores,tu</span> <span class='ocrx_word' id='word_1_416' title='bbox 2816 2915 2990 2953; x_wconf 89' lang='lat' dir='ltr'>mons</span> <span class='ocrx_word' id='word_1_417' title='bbox 3035 2897 3245 2952; x_wconf 89' lang='lat' dir='ltr'>beatus</span> <span class='ocrx_word' id='word_1_418' title='bbox 3275 2895 3653 2950; x_wconf 89' lang='lat' dir='ltr'>dulcedinem</span> 
     </span>
    </p>
   </div>
   <div class='ocr_carea' id='block_1_73' title="bbox 2003 2982 3651 3048">
    <p class='ocr_par' dir='ltr' id='par_1_73' title="bbox 2003 2982 3651 3048">
     <span class='ocr_line' id='line_1_73' title="bbox 2003 2982 3651 3048; baseline -0.001 -11"><span class='ocrx_word' id='word_1_419' title='bbox 2003 2982 2259 3048; x_wconf 91' lang='lat' dir='ltr'>stillans,</span> <span class='ocrx_word' id='word_1_420' title='bbox 2295 2990 2355 3038; x_wconf 93' lang='lat' dir='ltr'>tu</span> <span class='ocrx_word' id='word_1_421' title='bbox 2387 2984 2621 3039; x_wconf 89' lang='lat' dir='ltr'>divinus</span> <span class='ocrx_word' id='word_1_422' title='bbox 2663 3002 2759 3039; x_wconf 91' lang='lat' dir='ltr'>ros</span> <span class='ocrx_word' id='word_1_423' title='bbox 2791 2986 2861 3040; x_wconf 92' lang='lat' dir='ltr'>de</span> <span class='ocrx_word' id='word_1_424' title='bbox 2909 2986 3054 3041; x_wconf 73' lang='lat' dir='ltr'>cmlo</span> <span class='ocrx_word' id='word_1_425' title='bbox 3087 2985 3307 3040; x_wconf 88' lang='lat' dir='ltr'>cadens</span> <span class='ocrx_word' id='word_1_426' title='bbox 3338 2988 3396 3038; x_wconf 91' lang='lat' dir='ltr'>et</span> <span class='ocrx_word' id='word_1_427' title='bbox 3424 2984 3651 3037; x_wconf 89' lang='lat' dir='ltr'>anima-</span> 
     </span>
    </p>
   </div>
   <div class='ocr_carea' id='block_1_74' title="bbox 2002 3069 3651 3145">
    <p class='ocr_par' dir='ltr' id='par_1_74' title="bbox 2002 3069 3651 3145">
     <span class='ocr_line' id='line_1_74' title="bbox 2002 3069 3651 3145; baseline -0.002 -19"><span class='ocrx_word' id='word_1_428' title='bbox 2002 3088 2136 3127; x_wconf 89' lang='lat' dir='ltr'>rum</span> <span class='ocrx_word' id='word_1_429' title='bbox 2176 3088 2414 3143; x_wconf 89' lang='lat' dir='ltr'>campos</span> <span class='ocrx_word' id='word_1_430' title='bbox 2466 3073 2928 3145; x_wconf 84' lang='lat' dir='ltr'>pinguefaciens.</span> <span class='ocrx_word' id='word_1_431' title='bbox 2980 3074 3171 3138; x_wconf 87' lang='lat' dir='ltr'>Quare</span> <span class='ocrx_word' id='word_1_432' title='bbox 3223 3087 3529 3125; x_wconf 90' lang='lat' dir='ltr'>sermones</span> <span class='ocrx_word' id='word_1_433' title='bbox 3568 3069 3651 3123; x_wconf 91' lang='lat' dir='ltr'>tui</span> 
     </span>
    </p>
   </div>
   <div class='ocr_carea' id='block_1_75' title="bbox 2004 3162 3569 3233">
    <p class='ocr_par' dir='ltr' id='par_1_75' title="bbox 2004 3162 3569 3233">
     <span class='ocr_line' id='line_1_75' title="bbox 2004 3162 3569 3233; baseline -0.001 -18"><span class='ocrx_word' id='word_1_434' title='bbox 2004 3162 2241 3233; x_wconf 90' lang='lat' dir='ltr'>populis</span> <span class='ocrx_word' id='word_1_435' title='bbox 2268 3162 2373 3217; x_wconf 90' lang='lat' dir='ltr'>visi</span> <span class='ocrx_word' id='word_1_436' title='bbox 2407 3168 2546 3217; x_wconf 88' lang='lat' dir='ltr'>sunt</span> <span class='ocrx_word' id='word_1_437' title='bbox 2574 3162 2753 3217; x_wconf 89' lang='lat' dir='ltr'>melle</span> <span class='ocrx_word' id='word_1_438' title='bbox 2778 3162 3098 3231; x_wconf 88' lang='lat' dir='ltr'>dulciores,</span> <span class='ocrx_word' id='word_1_439' title='bbox 3132 3162 3569 3233; x_wconf 88' lang='lat' dir='ltr'>Chrysostome.</span> 
     </span>
    </p>
   </div>
   <div class='ocr_carea' id='block_1_76' title="bbox 2076 3341 3662 3415">
    <p class='ocr_par' dir='ltr' id='par_1_76' title="bbox 2076 3341 3662 3415">
     <span class='ocr_line' id='line_1_76' title="bbox 2076 3341 3662 3415; baseline -0.001 -22"><span class='ocrx_word' id='word_1_440' title='bbox 2076 3342 2346 3409; x_wconf 69' lang='lat' dir='ltr'>Deiparaz.</span> <span class='ocrx_word' id='word_1_441' title='bbox 2401 3372 2464 3382; x_wconf 89' lang='lat'>—-</span> <span class='ocrx_word' id='word_1_442' title='bbox 2498 3344 2661 3397; x_wconf 85' lang='lat' dir='ltr'>Mons</span> <span class='ocrx_word' id='word_1_443' title='bbox 2705 3341 2965 3415; x_wconf 87' lang='lat' dir='ltr'>pinguis,</span> <span class='ocrx_word' id='word_1_444' title='bbox 3015 3341 3261 3396; x_wconf 90' lang='lat' dir='ltr'>lucerna</span> <span class='ocrx_word' id='word_1_445' title='bbox 3313 3354 3513 3404; x_wconf 88' lang='lat' dir='ltr'>aurea,</span> <span class='ocrx_word' id='word_1_446' title='bbox 3564 3354 3662 3393; x_wconf 88' lang='lat' dir='ltr'>vas</span> 
     </span>
    </p>
   </div>
   <div class='ocr_carea' id='block_1_77' title="bbox 2008 3426 3661 3502">
    <p class='ocr_par' dir='ltr' id='par_1_77' title="bbox 2008 3426 3661 3502">
     <span class='ocr_line' id='line_1_77' title="bbox 2008 3426 3661 3502; baseline -0.002 -19"><span class='ocrx_word' id='word_1_447' title='bbox 2008 3445 2359 3497; x_wconf 59' lang='lat' dir='ltr'>maximam,</span> <span class='ocrx_word' id='word_1_448' title='bbox 2405 3431 2595 3502; x_wconf 90' lang='lat' dir='ltr'>janua</span> <span class='ocrx_word' id='word_1_449' title='bbox 2650 3448 2850 3499; x_wconf 91' lang='lat' dir='ltr'>aurea,</span> <span class='ocrx_word' id='word_1_450' title='bbox 2919 3431 3102 3486; x_wconf 92' lang='lat' dir='ltr'>rubus</span> <span class='ocrx_word' id='word_1_451' title='bbox 3160 3445 3395 3499; x_wconf 85' lang='lat' dir='ltr'>semper</span> <span class='ocrx_word' id='word_1_452' title='bbox 3446 3426 3661 3482; x_wconf 89' lang='lat' dir='ltr'>ardens</span> 
     </span>
    </p>
   </div>
   <div class='ocr_carea' id='block_1_78' title="bbox 2008 3514 3653 3588">
    <p class='ocr_par' dir='ltr' id='par_1_78' title="bbox 2008 3514 3653 3588">
     <span class='ocr_line' id='line_1_78' title="bbox 2008 3514 3653 3588; baseline -0.001 -17"><span class='ocrx_word' id='word_1_453' title='bbox 2008 3523 2067 3571; x_wconf 90' lang='lat' dir='ltr'>et</span> <span class='ocrx_word' id='word_1_454' title='bbox 2112 3534 2419 3588; x_wconf 88' lang='lat' dir='ltr'>nunquam</span> <span class='ocrx_word' id='word_1_455' title='bbox 2449 3520 2913 3585; x_wconf 83' lang='lat' dir='ltr'>consumendus,</span> <span class='ocrx_word' id='word_1_456' title='bbox 2947 3521 3197 3574; x_wconf 89' lang='lat' dir='ltr'>thronus</span> <span class='ocrx_word' id='word_1_457' title='bbox 3228 3518 3409 3583; x_wconf 84' lang='lat' dir='ltr'>vivus,</span> <span class='ocrx_word' id='word_1_458' title='bbox 3440 3514 3653 3570; x_wconf 70' lang='lat' dir='ltr'>cmlum</span> 
     </span>
    </p>
   </div>
   <div class='ocr_carea' id='block_1_79' title="bbox 2011 3604 3661 3676">
    <p class='ocr_par' dir='ltr' id='par_1_79' title="bbox 2011 3604 3661 3676">
     <span class='ocr_line' id='line_1_79' title="bbox 2011 3604 3661 3676; baseline -0.001 -16"><span class='ocrx_word' id='word_1_459' title='bbox 2011 3605 2582 3676; x_wconf 86' lang='lat' dir='ltr'>splendidissimum,</span> <span class='ocrx_word' id='word_1_460' title='bbox 2615 3609 3023 3664; x_wconf 87' lang='lat' dir='ltr'>illustrissima</span> <span class='ocrx_word' id='word_1_461' title='bbox 3062 3607 3277 3663; x_wconf 83' lang='lat' dir='ltr'>Christi</span> <span class='ocrx_word' id='word_1_462' title='bbox 3310 3604 3502 3672; x_wconf 85' lang='lat' dir='ltr'>sedes,</span> <span class='ocrx_word' id='word_1_463' title='bbox 3538 3605 3661 3659; x_wconf 88' lang='lat' dir='ltr'>tha-</span> 
     </span>
    </p>
   </div>
   <div class='ocr_carea' id='block_1_80' title="bbox 2011 3693 3658 3769">
    <p class='ocr_par' dir='ltr' id='par_1_80' title="bbox 2011 3693 3658 3769">
     <span class='ocr_line' id='line_1_80' title="bbox 2011 3693 3658 3769; baseline 0 -21"><span class='ocrx_word' id='word_1_464' title='bbox 2011 3694 2205 3749; x_wconf 90' lang='lat' dir='ltr'>lamus</span> <span class='ocrx_word' id='word_1_465' title='bbox 2235 3712 2377 3750; x_wconf 90' lang='lat' dir='ltr'>auro</span> <span class='ocrx_word' id='word_1_466' title='bbox 2409 3697 2722 3768; x_wconf 83' lang='lat' dir='ltr'>implexus,</span> <span class='ocrx_word' id='word_1_467' title='bbox 2772 3698 2903 3752; x_wconf 87' lang='lat' dir='ltr'>fons</span> <span class='ocrx_word' id='word_1_468' title='bbox 2953 3696 3345 3769; x_wconf 86' lang='lat' dir='ltr'>fragrantium</span> <span class='ocrx_word' id='word_1_469' title='bbox 3386 3693 3658 3764; x_wconf 88' lang='lat' dir='ltr'>odorum,</span> 
     </span>
    </p>
   </div>
   <div class='ocr_carea' id='block_1_81' title="bbox 2015 3782 3268 3853">
    <p class='ocr_par' dir='ltr' id='par_1_81' title="bbox 2015 3782 3268 3853">
     <span class='ocr_line' id='line_1_81' title="bbox 2015 3782 3268 3853; baseline -0.001 -16"><span class='ocrx_word' id='word_1_470' title='bbox 2015 3782 2467 3839; x_wconf 89' lang='lat' dir='ltr'>tabernaculum</span> <span class='ocrx_word' id='word_1_471' title='bbox 2496 3785 2616 3853; x_wconf 87' lang='lat' dir='ltr'>Dei,</span> <span class='ocrx_word' id='word_1_472' title='bbox 2650 3785 2921 3852; x_wconf 90' lang='lat' dir='ltr'>Domina,</span> <span class='ocrx_word' id='word_1_473' title='bbox 2956 3801 3122 3839; x_wconf 84' lang='lat' dir='ltr'>serva</span> <span class='ocrx_word' id='word_1_474' title='bbox 3154 3799 3268 3837; x_wconf 89' lang='lat' dir='ltr'>me.</span> 
     </span>
    </p>
   </div>
   <div class='ocr_carea' id='block_1_82' title="bbox 2348 3910 3346 3983">
    <p class='ocr_par' dir='ltr' id='par_1_82' title="bbox 2348 3910 3346 3983">
     <span class='ocr_line' id='line_1_82' title="bbox 2348 3910 3346 3983; baseline -0.003 -17"><span class='ocrx_word' id='word_1_475' title='bbox 2348 3911 2459 3967; x_wconf 85' lang='lat' dir='ltr'>Ode</span> <span class='ocrx_word' id='word_1_476' title='bbox 2509 3914 2626 3968; x_wconf 86' lang='lat' dir='ltr'>VII.</span> <span class='ocrx_word' id='word_1_477' title='bbox 2667 3912 2958 3983; x_wconf 64' lang='lat' dir='ltr'>Ineﬂabile</span> <span class='ocrx_word' id='word_1_478' title='bbox 2995 3910 3346 3966; x_wconf 81' lang='lat' dir='ltr'>miraculum.</span> 
     </span>
    </p>
   </div>
   <div class='ocr_carea' id='block_1_83' title="bbox 2088 4022 3676 4097">
    <p class='ocr_par' dir='ltr' id='par_1_83' title="bbox 2088 4022 3676 4097">
     <span class='ocr_line' id='line_1_83' title="bbox 2088 4022 3676 4097; baseline -0.004 -17"><span class='ocrx_word' id='word_1_479' title='bbox 2088 4027 2403 4097; x_wconf 89' lang='lat' dir='ltr'>Frequenti</span> <span class='ocrx_word' id='word_1_480' title='bbox 2436 4044 2569 4082; x_wconf 89' lang='lat' dir='ltr'>rore</span> <span class='ocrx_word' id='word_1_481' title='bbox 2602 4033 2660 4083; x_wconf 92' lang='lat' dir='ltr'>et</span> <span class='ocrx_word' id='word_1_482' title='bbox 2688 4029 2878 4084; x_wconf 88' lang='lat' dir='ltr'>imbre</span> <span class='ocrx_word' id='word_1_483' title='bbox 2912 4041 3256 4083; x_wconf 88' lang='lat' dir='ltr'>sermonum</span> <span class='ocrx_word' id='word_1_484' title='bbox 3283 4030 3521 4078; x_wconf 90' lang='lat' dir='ltr'>tuorum</span> <span class='ocrx_word' id='word_1_485' title='bbox 3548 4022 3676 4075; x_wconf 89' lang='lat' dir='ltr'>irri-</span> 
     </span>
    </p>
   </div>
   <div class='ocr_carea' id='block_1_84' title="bbox 2018 4107 3671 4189">
    <p class='ocr_par' dir='ltr' id='par_1_84' title="bbox 2018 4107 3671 4189">
     <span class='ocr_line' id='line_1_84' title="bbox 2018 4107 3671 4189; baseline -0.005 -19"><span class='ocrx_word' id='word_1_486' title='bbox 2018 4121 2172 4189; x_wconf 88' lang='lat' dir='ltr'>gata,</span> <span class='ocrx_word' id='word_1_487' title='bbox 2203 4116 2363 4170; x_wconf 90' lang='lat' dir='ltr'>velut</span> <span class='ocrx_word' id='word_1_488' title='bbox 2387 4117 2620 4188; x_wconf 86' lang='lat' dir='ltr'>pinguis</span> <span class='ocrx_word' id='word_1_489' title='bbox 2655 4118 2831 4172; x_wconf 89' lang='lat' dir='ltr'>tellus</span> <span class='ocrx_word' id='word_1_490' title='bbox 2862 4122 2920 4171; x_wconf 90' lang='lat' dir='ltr'>et</span> <span class='ocrx_word' id='word_1_491' title='bbox 2966 4115 3129 4179; x_wconf 87' lang='lat' dir='ltr'>felix,</span> <span class='ocrx_word' id='word_1_492' title='bbox 3168 4113 3409 4182; x_wconf 83' lang='lat' dir='ltr'>juvatur</span> <span class='ocrx_word' id='word_1_493' title='bbox 3454 4107 3671 4162; x_wconf 87' lang='lat' dir='ltr'>fertilis</span> 
     </span>
    </p>
   </div>
   <div class='ocr_carea' id='block_1_85' title="bbox 2018 4199 3668 4273">
    <p class='ocr_par' dir='ltr' id='par_1_85' title="bbox 2018 4199 3668 4273">
     <span class='ocr_line' id='line_1_85' title="bbox 2018 4199 3668 4273; baseline -0.007 -14"><span class='ocrx_word' id='word_1_494' title='bbox 2018 4205 2301 4273; x_wconf 88' lang='lat' dir='ltr'>Ecclesia,</span> <span class='ocrx_word' id='word_1_495' title='bbox 2351 4211 2408 4258; x_wconf 93' lang='lat' dir='ltr'>et</span> <span class='ocrx_word' id='word_1_496' title='bbox 2450 4206 2742 4260; x_wconf 88' lang='lat' dir='ltr'>variarum</span> <span class='ocrx_word' id='word_1_497' title='bbox 2772 4206 3056 4258; x_wconf 84' lang='lat' dir='ltr'>virtutum</span> <span class='ocrx_word' id='word_1_498' title='bbox 3098 4199 3387 4255; x_wconf 88' lang='lat' dir='ltr'>fructibus</span> <span class='ocrx_word' id='word_1_499' title='bbox 3418 4212 3668 4251; x_wconf 83' lang='lat' dir='ltr'>exorna-</span> 
     </span>
    </p>
   </div>
   <div class='ocr_carea' id='block_1_86' title="bbox 2022 4299 2139 4349">
    <p class='ocr_par' dir='ltr' id='par_1_86' title="bbox 2022 4299 2139 4349">
     <span class='ocr_line' id='line_1_86' title="bbox 2022 4299 2139 4349; baseline 0 -1"><span class='ocrx_word' id='word_1_500' title='bbox 2022 4299 2139 4349; x_wconf 86' lang='lat' dir='ltr'>tur.</span> 
     </span>
    </p>
   </div>
   <div class='ocr_carea' id='block_1_87' title="bbox 2090 4371 3667 4451">
    <p class='ocr_par' dir='ltr' id='par_1_87' title="bbox 2090 4371 3667 4451">
     <span class='ocr_line' id='line_1_87' title="bbox 2090 4371 3667 4451; baseline -0.009 -14"><span class='ocrx_word' id='word_1_501' title='bbox 2090 4385 2165 4436; x_wconf 86' lang='lat' dir='ltr'>At</span> <span class='ocrx_word' id='word_1_502' title='bbox 2194 4383 2387 4437; x_wconf 89' lang='lat' dir='ltr'>subito</span> <span class='ocrx_word' id='word_1_503' title='bbox 2430 4397 2545 4435; x_wconf 87' lang='lat' dir='ltr'>nox</span> <span class='ocrx_word' id='word_1_504' title='bbox 2592 4379 3028 4451; x_wconf 86' lang='lat' dir='ltr'>desperationis</span> <span class='ocrx_word' id='word_1_505' title='bbox 3082 4383 3141 4431; x_wconf 89' lang='lat' dir='ltr'>et</span> <span class='ocrx_word' id='word_1_506' title='bbox 3190 4374 3427 4430; x_wconf 87' lang='lat' dir='ltr'>ruboris</span> <span class='ocrx_word' id='word_1_507' title='bbox 3476 4371 3667 4443; x_wconf 85' lang='lat' dir='ltr'>caligo</span> 
     </span>
    </p>
   </div>
   <div class='ocr_carea' id='block_1_88' title="bbox 2022 4465 3669 4533">
    <p class='ocr_par' dir='ltr' id='par_1_88' title="bbox 2022 4465 3669 4533">
     <span class='ocr_line' id='line_1_88' title="bbox 2022 4465 3669 4533; baseline -0.007 -9"><span class='ocrx_word' id='word_1_508' title='bbox 2022 4471 2162 4524; x_wconf 90' lang='lat' dir='ltr'>dum</span> <span class='ocrx_word' id='word_1_509' title='bbox 2216 4476 2429 4525; x_wconf 90' lang='lat' dir='ltr'>cuncta</span> <span class='ocrx_word' id='word_1_510' title='bbox 2476 4486 2705 4533; x_wconf 87' lang='lat' dir='ltr'>serena,</span> <span class='ocrx_word' id='word_1_511' title='bbox 2764 4469 3057 4523; x_wconf 89' lang='lat' dir='ltr'>illustrem</span> <span class='ocrx_word' id='word_1_512' title='bbox 3114 4465 3329 4520; x_wconf 85' lang='lat' dir='ltr'>Christi</span> <span class='ocrx_word' id='word_1_513' title='bbox 3386 4476 3669 4532; x_wconf 84' lang='lat' dir='ltr'>sponsam</span> 
     </span>
    </p>
   </div>
   <div class='ocr_carea' id='block_1_89' title="bbox 260 4551 1899 4654">
    <p class='ocr_par' dir='ltr' id='par_1_89' title="bbox 260 4551 1899 4643">
     <span class='ocr_line' id='line_1_89' title="bbox 260 4551 1899 4643; baseline -0.011 -21"><span class='ocrx_word' id='word_1_514' title='bbox 260 4551 397 4643; x_wconf 77' lang='grc' dir='ltr'>ψεν,</span> <span class='ocrx_word' id='word_1_515' title='bbox 448 4551 804 4619; x_wconf 66' lang='grc' dir='ltr'>ἆποόαλοῦσα</span> <span class='ocrx_word' id='word_1_516' title='bbox 858 4560 951 4613; x_wconf 86' lang='grc' dir='ltr'>τὸν</span> <span class='ocrx_word' id='word_1_517' title='bbox 1030 4558 1194 4630; x_wconf 74' lang='grc' dir='ltr'>μεγαν</span> <span class='ocrx_word' id='word_1_518' title='bbox 1254 4575 1311 4608; x_wconf 85' lang='grc' dir='ltr'>σε</span> <span class='ocrx_word' id='word_1_519' title='bbox 1366 4559 1631 4630; x_wconf 77' lang='grc' dir='ltr'>φωστῆρα</span> <span class='ocrx_word' id='word_1_520' title='bbox 1684 4551 1899 4627; x_wconf 60' lang='grc' dir='ltr'>ἐπηρείᾳ</span> 
     </span>
    </p>
   </div>
   <div class='ocr_carea' id='block_1_90' title="bbox 2028 4551 3670 4654">
    <p class='ocr_par' dir='ltr' id='par_1_90' title="bbox 2028 4553 3670 4630">
     <span class='ocr_line' id='line_1_90' title="bbox 2028 4553 3670 4630; baseline -0.006 -17"><span class='ocrx_word' id='word_1_521' title='bbox 2028 4559 2367 4627; x_wconf 89' lang='lat' dir='ltr'>obscurant,</span> <span class='ocrx_word' id='word_1_522' title='bbox 2417 4559 2822 4630; x_wconf 87' lang='lat' dir='ltr'>dejiciuntque</span> <span class='ocrx_word' id='word_1_523' title='bbox 2877 4564 2929 4613; x_wconf 92' lang='lat' dir='ltr'>te</span> <span class='ocrx_word' id='word_1_524' title='bbox 2980 4557 3213 4629; x_wconf 89' lang='lat' dir='ltr'>fulgens</span> <span class='ocrx_word' id='word_1_525' title='bbox 3270 4553 3497 4617; x_wconf 89' lang='lat' dir='ltr'>lumen,</span> <span class='ocrx_word' id='word_1_526' title='bbox 3559 4566 3670 4621; x_wconf 87' lang='lat' dir='ltr'>Ope</span> 
     </span>
    </p>
   </div>
   <div class='ocr_carea' id='block_1_91' title="bbox 252 4654 1008 4729">
    <p class='ocr_par' dir='ltr' id='par_1_91' title="bbox 252 4654 1008 4729">
     <span class='ocr_line' id='line_1_91' title="bbox 252 4654 1008 4729; baseline -0.015 -16"><span class='ocrx_word' id='word_1_527' title='bbox 252 4660 362 4713; x_wconf 84' lang='grc' dir='ltr'>τοῦ</span> <span class='ocrx_word' id='word_1_528' title='bbox 392 4655 660 4729; x_wconf 77' lang='grc' dir='ltr'>ἄρχοντος</span> <span class='ocrx_word' id='word_1_529' title='bbox 692 4654 789 4706; x_wconf 90' lang='grc' dir='ltr'>τοῦ</span> <span class='ocrx_word' id='word_1_530' title='bbox 823 4669 907 4703; x_wconf 89' lang='grc' dir='ltr'>σα.</span> <span class='ocrx_word' id='word_1_531' title='bbox 946 4691 957 4702; x_wconf 96' lang='grc'><em>.</em></span> <span class='ocrx_word' id='word_1_532' title='bbox 996 4692 1008 4703; x_wconf 91' lang='grc'><strong>.</strong></span> 
     </span>
    </p>
   </div>
   <div class='ocr_carea' id='block_1_92' title="bbox 336 4728 1922 4817">
    <p class='ocr_par' dir='ltr' id='par_1_92' title="bbox 336 4728 1922 4817">
     <span class='ocr_line' id='line_1_92' title="bbox 336 4728 1922 4817; baseline -0.013 -17"><span class='ocrx_word' id='word_1_533' title='bbox 336 4728 613 4817; x_wconf 77' lang='grc' dir='ltr'>Ἅρπαγες</span> <span class='ocrx_word' id='word_1_534' title='bbox 649 4739 804 4795; x_wconf 85' lang='grc' dir='ltr'>λύκοι</span> <span class='ocrx_word' id='word_1_535' title='bbox 860 4734 1140 4807; x_wconf 65' lang='grc' dir='ltr'>ποιμένων</span> <span class='ocrx_word' id='word_1_536' title='bbox 1200 4728 1465 4804; x_wconf 78' lang='grc' dir='ltr'>πρόσωπα</span> <span class='ocrx_word' id='word_1_537' title='bbox 1523 4728 1776 4805; x_wconf 68' lang='grc' dir='ltr'>φέροντες</span> <span class='ocrx_word' id='word_1_538' title='bbox 1831 4728 1922 4781; x_wconf 83' lang='grc' dir='ltr'>καὶ</span> 
     </span>
    </p>
   </div>
   <div class='ocr_carea' id='block_1_93' title="bbox 262 4813 1927 4909">
    <p class='ocr_par' dir='ltr' id='par_1_93' title="bbox 262 4813 1927 4909">
     <span class='ocr_line' id='line_1_93' title="bbox 262 4813 1927 4909; baseline -0.012 -21"><span class='ocrx_word' id='word_1_539' title='bbox 262 4813 562 4909; x_wconf 63' lang='grc' dir='ltr'>προϐάτων</span> <span class='ocrx_word' id='word_1_540' title='bbox 612 4829 804 4900; x_wconf 78' lang='grc' dir='ltr'>ἔξωθεν</span> <span class='ocrx_word' id='word_1_541' title='bbox 863 4824 1049 4899; x_wconf 71' lang='grc' dir='ltr'>δορὰν,</span> <span class='ocrx_word' id='word_1_542' title='bbox 1106 4823 1205 4890; x_wconf 77' lang='grc' dir='ltr'>τὴν</span> <span class='ocrx_word' id='word_1_543' title='bbox 1265 4818 1567 4909; x_wconf 25' lang='grc' dir='ltr'>ἆλὼπεκὴν,</span> <span class='ocrx_word' id='word_1_544' title='bbox 1613 4813 1834 4909; x_wconf 69' lang='grc' dir='ltr'>ἕνδοθεν</span> <span class='ocrx_word' id='word_1_545' title='bbox 1870 4813 1927 4909; x_wconf 79' lang='grc' dir='ltr'>δὲ</span> 
     </span>
    </p>
   </div>
   <div class='ocr_carea' id='block_1_94' title="bbox 260 4905 1928 4997">
    <p class='ocr_par' dir='ltr' id='par_1_94' title="bbox 260 4905 1928 4997">
     <span class='ocr_line' id='line_1_94' title="bbox 260 4905 1928 4997; baseline -0.013 -18"><span class='ocrx_word' id='word_1_546' title='bbox 260 4905 630 4997; x_wconf 81' lang='grc' dir='ltr'>κρύπτοντες,</span> <span class='ocrx_word' id='word_1_547' title='bbox 662 4919 753 4973; x_wconf 87' lang='grc' dir='ltr'>καὶ</span> <span class='ocrx_word' id='word_1_548' title='bbox 799 4920 878 4987; x_wconf 77' lang='grc' dir='ltr'>τῷ</span> <span class='ocrx_word' id='word_1_549' title='bbox 907 4910 1095 4983; x_wconf 69' lang='grc' dir='ltr'>κωδίῳ</span> <span class='ocrx_word' id='word_1_550' title='bbox 1125 4909 1492 4969; x_wconf 59' lang='grc' dir='ltr'>καλύπτοντες</span> <span class='ocrx_word' id='word_1_551' title='bbox 1518 4906 1608 4959; x_wconf 85' lang='grc' dir='ltr'>τὸν</span> <span class='ocrx_word' id='word_1_552' title='bbox 1640 4907 1802 4981; x_wconf 85' lang='grc' dir='ltr'>θῆρα,</span> <span class='ocrx_word' id='word_1_553' title='bbox 1835 4905 1928 4976; x_wconf 72' lang='grc' dir='ltr'>τὸν</span> 
     </span>
    </p>
   </div>
   <div class='ocr_carea' id='block_1_95' title="bbox 262 5002 1162 5082">
    <p class='ocr_par' dir='ltr' id='par_1_95' title="bbox 262 5002 1162 5082">
     <span class='ocr_line' id='line_1_95' title="bbox 262 5002 1162 5082; baseline -0.012 -15"><span class='ocrx_word' id='word_1_554' title='bbox 262 5011 439 5067; x_wconf 89' lang='grc' dir='ltr'>καλόν</span> <span class='ocrx_word' id='word_1_555' title='bbox 471 5032 528 5065; x_wconf 86' lang='grc' dir='ltr'>σε</span> <span class='ocrx_word' id='word_1_556' title='bbox 558 5008 873 5082; x_wconf 85' lang='grc' dir='ltr'>κατέκριναν</span> <span class='ocrx_word' id='word_1_557' title='bbox 900 5002 1162 5076; x_wconf 73' lang='grc' dir='ltr'>ποιμένα.</span> 
     </span>
    </p>
   </div>
   <div class='ocr_carea' id='block_1_96' title="bbox 346 5082 1929 5175">
    <p class='ocr_par' dir='ltr' id='par_1_96' title="bbox 346 5082 1929 5175">
     <span class='ocr_line' id='line_1_96' title="bbox 346 5082 1929 5175; baseline -0.013 -17"><span class='ocrx_word' id='word_1_558' title='bbox 346 5103 503 5175; x_wconf 71' lang='grc' dir='ltr'>Χήρα</span> <span class='ocrx_word' id='word_1_559' title='bbox 554 5099 795 5171; x_wconf 83' lang='grc' dir='ltr'>καθάπερ</span> <span class='ocrx_word' id='word_1_560' title='bbox 860 5092 1198 5169; x_wconf 82' lang='grc' dir='ltr'>βαρυπενθής</span> <span class='ocrx_word' id='word_1_561' title='bbox 1258 5087 1348 5142; x_wconf 84' lang='grc' dir='ltr'>καὶ</span> <span class='ocrx_word' id='word_1_562' title='bbox 1434 5082 1781 5175; x_wconf 73' lang='grc' dir='ltr'>πολύδακρυς</span> <span class='ocrx_word' id='word_1_563' title='bbox 1836 5087 1929 5141; x_wconf 83' lang='grc' dir='ltr'>τὸν</span> 
     </span>
    </p>
   </div>
   <div class='ocr_carea' id='block_1_97' title="bbox 260 5170 1925 5263">
    <p class='ocr_par' dir='ltr' id='par_1_97' title="bbox 260 5170 1925 5263">
     <span class='ocr_line' id='line_1_97' title="bbox 260 5170 1925 5263; baseline -0.01 -17"><span class='ocrx_word' id='word_1_564' title='bbox 260 5191 510 5263; x_wconf 75' lang='grc' dir='ltr'>νυμφίον</span> <span class='ocrx_word' id='word_1_565' title='bbox 538 5210 595 5244; x_wconf 89' lang='grc' dir='ltr'>σε</span> <span class='ocrx_word' id='word_1_566' title='bbox 622 5188 713 5242; x_wconf 83' lang='grc' dir='ltr'>τὸν</span> <span class='ocrx_word' id='word_1_567' title='bbox 747 5187 943 5252; x_wconf 74' lang='grc' dir='ltr'>ἑαυτῆς</span> <span class='ocrx_word' id='word_1_568' title='bbox 995 5184 1230 5251; x_wconf 87' lang='grc' dir='ltr'>ζητοῦσα</span> <span class='ocrx_word' id='word_1_569' title='bbox 1286 5180 1498 5251; x_wconf 81' lang='grc' dir='ltr'>πικρῶς</span> <span class='ocrx_word' id='word_1_570' title='bbox 1556 5170 1751 5245; x_wconf 80' lang='grc' dir='ltr'>ἔστενε,</span> <span class='ocrx_word' id='word_1_571' title='bbox 1781 5177 1925 5249; x_wconf 83' lang='grc' dir='ltr'>Χρυ-</span> 
     </span>
    </p>
   </div>
   <div class='ocr_carea' id='block_1_98' title="bbox 263 5264 1924 5351">
    <p class='ocr_par' dir='ltr' id='par_1_98' title="bbox 263 5264 1924 5351">
     <span class='ocr_line' id='line_1_98' title="bbox 263 5264 1924 5351; baseline -0.013 -16"><span class='ocrx_word' id='word_1_572' title='bbox 263 5281 595 5351; x_wconf 79' lang='grc' dir='ltr'>σόστομε,ἡ</span> <span class='ocrx_word' id='word_1_573' title='bbox 664 5271 994 5342; x_wconf 81' lang='grc' dir='ltr'>Ἐκκλησία,</span> <span class='ocrx_word' id='word_1_574' title='bbox 1051 5268 1197 5338; x_wconf 73' lang='grc' dir='ltr'>ἥτις,</span> <span class='ocrx_word' id='word_1_575' title='bbox 1249 5264 1337 5320; x_wconf 78' lang='grc' dir='ltr'>διὰ</span> <span class='ocrx_word' id='word_1_576' title='bbox 1382 5266 1481 5333; x_wconf 77' lang='grc' dir='ltr'>τὴν</span> <span class='ocrx_word' id='word_1_577' title='bbox 1563 5264 1767 5338; x_wconf 63' lang='grc' dir='ltr'>Χήραν,</span> <span class='ocrx_word' id='word_1_578' title='bbox 1826 5265 1924 5333; x_wconf 81' lang='grc' dir='ltr'>τὴν</span> 
     </span>
    </p>
   </div>
   <div class='ocr_carea' id='block_1_99' title="bbox 267 5359 1109 5448">
    <p class='ocr_par' dir='ltr' id='par_1_99' title="bbox 267 5359 1109 5448">
     <span class='ocr_line' id='line_1_99' title="bbox 267 5359 1109 5448; baseline -0.013 -23"><span class='ocrx_word' id='word_1_579' title='bbox 267 5371 513 5448; x_wconf 76' lang='grc' dir='ltr'>χωρείαν</span> <span class='ocrx_word' id='word_1_580' title='bbox 538 5372 637 5438; x_wconf 74' lang='grc' dir='ltr'>τὴν</span> <span class='ocrx_word' id='word_1_581' title='bbox 672 5366 852 5441; x_wconf 79' lang='grc' dir='ltr'>ἄωρον</span> <span class='ocrx_word' id='word_1_582' title='bbox 886 5359 1109 5430; x_wconf 79' lang='grc' dir='ltr'>ὑπέστη.</span> 
     </span>
    </p>
   </div>
   <div class='ocr_carea' id='block_1_100' title="bbox 293 5438 1925 5525">
    <p class='ocr_par' dir='ltr' id='par_1_100' title="bbox 293 5438 1925 5525">
     <span class='ocr_line' id='line_1_100' title="bbox 293 5438 1925 5525; baseline -0.01 -9"><span class='ocrx_word' id='word_1_583' title='bbox 293 5438 311 5448; x_wconf 36' lang='grc' dir='ltr'>υ</span> <span class='ocrx_word' id='word_1_584' title='bbox 344 5438 655 5515; x_wconf 63' lang='grc' dir='ltr'>ὀεοτόκιον.</span> <span class='ocrx_word' id='word_1_585' title='bbox 691 5438 847 5511; x_wconf 52' lang='grc' dir='ltr'>-”Ο</span> <span class='ocrx_word' id='word_1_586' title='bbox 886 5456 1054 5525; x_wconf 87' lang='grc' dir='ltr'>μόνος</span> <span class='ocrx_word' id='word_1_587' title='bbox 1084 5447 1282 5525; x_wconf 88' lang='grc' dir='ltr'>κρίνων</span> <span class='ocrx_word' id='word_1_588' title='bbox 1316 5441 1631 5513; x_wconf 86' lang='grc' dir='ltr'>δικαιοσύνη</span> <span class='ocrx_word' id='word_1_589' title='bbox 1685 5443 1925 5499; x_wconf 76' lang='grc' dir='ltr'>ἐκάθισεν</span> 
     </span>
    </p>
   </div>
   <div class='ocr_carea' id='block_1_101' title="bbox 267 5532 1927 5623">
    <p class='ocr_par' dir='ltr' id='par_1_101' title="bbox 267 5532 1927 5623">
     <span class='ocr_line' id='line_1_101' title="bbox 267 5532 1927 5623; baseline -0.011 -17"><span class='ocrx_word' id='word_1_590' title='bbox 267 5550 360 5606; x_wconf 79' lang='grc' dir='ltr'>ἐπὶ</span> <span class='ocrx_word' id='word_1_591' title='bbox 416 5548 637 5623; x_wconf 85' lang='grc' dir='ltr'>θρόνου,</span> <span class='ocrx_word' id='word_1_592' title='bbox 698 5544 984 5599; x_wconf 82' lang='grc' dir='ltr'>Δέσποινα·</span> <span class='ocrx_word' id='word_1_593' title='bbox 1047 5538 1139 5593; x_wconf 79' lang='grc' dir='ltr'>καὶ</span> <span class='ocrx_word' id='word_1_594' title='bbox 1189 5537 1294 5611; x_wconf 77' lang='grc' dir='ltr'>γὰρ</span> <span class='ocrx_word' id='word_1_595' title='bbox 1352 5532 1413 5623; x_wconf 54' lang='grc' dir='ltr'>ἐκ</span> <span class='ocrx_word' id='word_1_596' title='bbox 1474 5552 1574 5623; x_wconf 70' lang='grc' dir='ltr'>σου</span> <span class='ocrx_word' id='word_1_597' title='bbox 1630 5533 1927 5623; x_wconf 77' lang='grc' dir='ltr'>σαρκωθιῖς</span> 
     </span>
    </p>
   </div>
   <div class='ocr_carea' id='block_1_102' title="bbox 267 5618 1929 5716">
    <p class='ocr_par' dir='ltr' id='par_1_102' title="bbox 267 5618 1929 5716">
     <span class='ocr_line' id='line_1_102' title="bbox 267 5618 1929 5716; baseline -0.012 -22"><span class='ocrx_word' id='word_1_598' title='bbox 267 5618 461 5716; x_wconf 77' lang='grc' dir='ltr'>θρόνον</span> <span class='ocrx_word' id='word_1_599' title='bbox 486 5658 546 5691; x_wconf 88' lang='grc' dir='ltr'>σε</span> <span class='ocrx_word' id='word_1_600' title='bbox 576 5633 924 5710; x_wconf 70' lang='grc' dir='ltr'>πυρίμοριρον</span> <span class='ocrx_word' id='word_1_601' title='bbox 958 5623 1173 5697; x_wconf 75' lang='grc' dir='ltr'>ἔδειξεν,</span> <span class='ocrx_word' id='word_1_602' title='bbox 1206 5621 1400 5716; x_wconf 23' lang='grc' dir='ltr'>’ὀθενῌέν</span> <span class='ocrx_word' id='word_1_603' title='bbox 1422 5618 1657 5682; x_wconf 88' lang='grc' dir='ltr'>κόλποις</span> <span class='ocrx_word' id='word_1_604' title='bbox 1697 5620 1929 5693; x_wconf 83' lang='grc' dir='ltr'>κάθηταί</span> 
     </span>
    </p>
   </div>
   <div class='ocr_carea' id='block_1_103' title="bbox 269 5710 1406 5799">
    <p class='ocr_par' dir='ltr' id='par_1_103' title="bbox 269 5710 1406 5799">
     <span class='ocr_line' id='line_1_103' title="bbox 269 5710 1406 5799; baseline -0.018 -15"><span class='ocrx_word' id='word_1_605' title='bbox 269 5710 391 5799; x_wconf 78' lang='grc' dir='ltr'>σου,</span> <span class='ocrx_word' id='word_1_606' title='bbox 423 5727 497 5789; x_wconf 84' lang='grc' dir='ltr'>ὡς</span> <span class='ocrx_word' id='word_1_607' title='bbox 527 5724 579 5780; x_wconf 71' lang='grc' dir='ltr'>ἐν</span> <span class='ocrx_word' id='word_1_608' title='bbox 615 5722 795 5798; x_wconf 83' lang='grc' dir='ltr'>θρόνῳ</span> <span class='ocrx_word' id='word_1_609' title='bbox 822 5718 1215 5797; x_wconf 80' lang='grc' dir='ltr'>βρεφοπρεπῶς</span> <span class='ocrx_word' id='word_1_610' title='bbox 1245 5710 1406 5786; x_wconf 81' lang='grc' dir='ltr'>ἁγίῳ.</span> 
     </span>
    </p>
   </div>
   <div class='ocr_carea' id='block_1_104' title="bbox 2032 4648 2599 4719">
    <p class='ocr_par' dir='ltr' id='par_1_104' title="bbox 2032 4648 2599 4719">
     <span class='ocr_line' id='line_1_104' title="bbox 2032 4648 2599 4719; baseline 0.005 -18"><span class='ocrx_word' id='word_1_611' title='bbox 2032 4648 2317 4719; x_wconf 90' lang='lat' dir='ltr'>principis</span> <span class='ocrx_word' id='word_1_612' title='bbox 2348 4648 2599 4704; x_wconf 83' lang='lat' dir='ltr'>Satanae.</span> 
     </span>
    </p>
   </div>
   <div class='ocr_carea' id='block_1_105' title="bbox 2111 4730 3679 4810">
    <p class='ocr_par' dir='ltr' id='par_1_105' title="bbox 2111 4730 3679 4810">
     <span class='ocr_line' id='line_1_105' title="bbox 2111 4730 3679 4810; baseline -0.006 -18"><span class='ocrx_word' id='word_1_613' title='bbox 2111 4740 2249 4809; x_wconf 85' lang='lat' dir='ltr'>Lupi</span> <span class='ocrx_word' id='word_1_614' title='bbox 2278 4754 2520 4809; x_wconf 86' lang='lat' dir='ltr'>rapaces</span> <span class='ocrx_word' id='word_1_615' title='bbox 2551 4746 2853 4810; x_wconf 89' lang='lat' dir='ltr'>pastorum</span> <span class='ocrx_word' id='word_1_616' title='bbox 2886 4737 3144 4809; x_wconf 89' lang='lat' dir='ltr'>speciem</span> <span class='ocrx_word' id='word_1_617' title='bbox 3173 4735 3430 4789; x_wconf 83' lang='lat' dir='ltr'>ferentes</span> <span class='ocrx_word' id='word_1_618' title='bbox 3463 4730 3679 4785; x_wconf 85' lang='lat' dir='ltr'>extrin-</span> 
     </span>
    </p>
   </div>
   <div class='ocr_carea' id='block_1_106' title="bbox 2038 4822 3674 4899">
    <p class='ocr_par' dir='ltr' id='par_1_106' title="bbox 2038 4822 3674 4899">
     <span class='ocr_line' id='line_1_106' title="bbox 2038 4822 3674 4899; baseline -0.006 -18"><span class='ocrx_word' id='word_1_619' title='bbox 2038 4844 2208 4881; x_wconf 89' lang='lat' dir='ltr'>secus</span> <span class='ocrx_word' id='word_1_620' title='bbox 2240 4832 2298 4881; x_wconf 90' lang='lat' dir='ltr'>et</span> <span class='ocrx_word' id='word_1_621' title='bbox 2326 4828 2538 4882; x_wconf 89' lang='lat' dir='ltr'>ovilem</span> <span class='ocrx_word' id='word_1_622' title='bbox 2569 4828 2807 4899; x_wconf 91' lang='lat' dir='ltr'>pellem,</span> <span class='ocrx_word' id='word_1_623' title='bbox 2842 4828 3002 4881; x_wconf 89' lang='lat' dir='ltr'>intus</span> <span class='ocrx_word' id='word_1_624' title='bbox 3034 4830 3231 4880; x_wconf 89' lang='lat' dir='ltr'>autem</span> <span class='ocrx_word' id='word_1_625' title='bbox 3282 4822 3548 4892; x_wconf 87' lang='lat' dir='ltr'>lupinam</span> <span class='ocrx_word' id='word_1_626' title='bbox 3581 4834 3674 4873; x_wconf 92' lang='lat' dir='ltr'>ce-</span> 
     </span>
    </p>
   </div>
   <div class='ocr_carea' id='block_1_107' title="bbox 2038 4909 3671 4984">
    <p class='ocr_par' dir='ltr' id='par_1_107' title="bbox 2038 4909 3671 4984">
     <span class='ocr_line' id='line_1_107' title="bbox 2038 4909 3671 4984; baseline -0.006 -14"><span class='ocrx_word' id='word_1_627' title='bbox 2038 4916 2250 4984; x_wconf 90' lang='lat' dir='ltr'>lantes,</span> <span class='ocrx_word' id='word_1_628' title='bbox 2271 4921 2329 4971; x_wconf 90' lang='lat' dir='ltr'>et</span> <span class='ocrx_word' id='word_1_629' title='bbox 2350 4916 2567 4971; x_wconf 85' lang='lat' dir='ltr'>vellere</span> <span class='ocrx_word' id='word_1_630' title='bbox 2596 4917 2780 4970; x_wconf 86' lang='lat' dir='ltr'>feram</span> <span class='ocrx_word' id='word_1_631' title='bbox 2805 4914 3269 4976; x_wconf 87' lang='lat' dir='ltr'>dissimulantes,</span> <span class='ocrx_word' id='word_1_632' title='bbox 3295 4909 3593 4981; x_wconf 88' lang='lat' dir='ltr'>egregium</span> <span class='ocrx_word' id='word_1_633' title='bbox 3617 4912 3671 4962; x_wconf 90' lang='lat' dir='ltr'>te</span> 
     </span>
    </p>
   </div>
   <div class='ocr_carea' id='block_1_108' title="bbox 2037 5004 2813 5075">
    <p class='ocr_par' dir='ltr' id='par_1_108' title="bbox 2037 5004 2813 5075">
     <span class='ocr_line' id='line_1_108' title="bbox 2037 5004 2813 5075; baseline 0 -16"><span class='ocrx_word' id='word_1_634' title='bbox 2037 5012 2335 5075; x_wconf 87' lang='lat' dir='ltr'>pastorem</span> <span class='ocrx_word' id='word_1_635' title='bbox 2366 5004 2813 5061; x_wconf 88' lang='lat' dir='ltr'>damnaverunt.</span> 
     </span>
    </p>
   </div>
   <div class='ocr_carea' id='block_1_109' title="bbox 2108 5087 3675 5159">
    <p class='ocr_par' dir='ltr' id='par_1_109' title="bbox 2108 5087 3675 5159">
     <span class='ocr_line' id='line_1_109' title="bbox 2108 5087 3675 5159; baseline -0.006 -12"><span class='ocrx_word' id='word_1_636' title='bbox 2108 5095 2267 5147; x_wconf 91' lang='lat' dir='ltr'>Tunc</span> <span class='ocrx_word' id='word_1_637' title='bbox 2298 5111 2405 5149; x_wconf 89' lang='lat' dir='ltr'>ceu</span> <span class='ocrx_word' id='word_1_638' title='bbox 2426 5094 2601 5148; x_wconf 82' lang='lat' dir='ltr'>vidua</span> <span class='ocrx_word' id='word_1_639' title='bbox 2619 5094 2840 5149; x_wconf 83' lang='lat' dir='ltr'>afﬂicta</span> <span class='ocrx_word' id='word_1_640' title='bbox 2862 5098 2919 5147; x_wconf 92' lang='lat' dir='ltr'>et</span> <span class='ocrx_word' id='word_1_641' title='bbox 2940 5092 3164 5148; x_wconf 84' lang='lat' dir='ltr'>suffusa</span> <span class='ocrx_word' id='word_1_642' title='bbox 3184 5087 3464 5159; x_wconf 86' lang='lat' dir='ltr'>lacrymis</span> <span class='ocrx_word' id='word_1_643' title='bbox 3495 5101 3675 5157; x_wconf 91' lang='lat' dir='ltr'>spon-</span> 
     </span>
    </p>
   </div>
   <div class='ocr_carea' id='block_1_110' title="bbox 2039 5178 3679 5249">
    <p class='ocr_par' dir='ltr' id='par_1_110' title="bbox 2039 5178 3679 5249">
     <span class='ocr_line' id='line_1_110' title="bbox 2039 5178 3679 5249; baseline -0.005 -13"><span class='ocrx_word' id='word_1_644' title='bbox 2039 5199 2169 5236; x_wconf 91' lang='lat' dir='ltr'>sum</span> <span class='ocrx_word' id='word_1_645' title='bbox 2208 5199 2381 5237; x_wconf 91' lang='lat' dir='ltr'>suum</span> <span class='ocrx_word' id='word_1_646' title='bbox 2414 5182 2610 5249; x_wconf 87' lang='lat' dir='ltr'>deﬂet,</span> <span class='ocrx_word' id='word_1_647' title='bbox 2646 5182 2882 5237; x_wconf 88' lang='lat' dir='ltr'>dolebat</span> <span class='ocrx_word' id='word_1_648' title='bbox 2904 5188 2957 5235; x_wconf 89' lang='lat' dir='ltr'>te</span> <span class='ocrx_word' id='word_1_649' title='bbox 2989 5195 3210 5244; x_wconf 89' lang='lat' dir='ltr'>amare,</span> <span class='ocrx_word' id='word_1_650' title='bbox 3242 5178 3679 5246; x_wconf 88' lang='lat' dir='ltr'>Chrysostome.</span> 
     </span>
    </p>
   </div>
   <div class='ocr_carea' id='block_1_111' title="bbox 2040 5264 3681 5343">
    <p class='ocr_par' dir='ltr' id='par_1_111' title="bbox 2040 5264 3681 5343">
     <span class='ocr_line' id='line_1_111' title="bbox 2040 5264 3681 5343; baseline -0.005 -18"><span class='ocrx_word' id='word_1_651' title='bbox 2040 5272 2320 5339; x_wconf 90' lang='lat' dir='ltr'>Ecclesia,</span> <span class='ocrx_word' id='word_1_652' title='bbox 2377 5289 2507 5342; x_wconf 71' lang='lat' dir='ltr'>qum</span> <span class='ocrx_word' id='word_1_653' title='bbox 2558 5278 2798 5343; x_wconf 88' lang='lat' dir='ltr'>propter</span> <span class='ocrx_word' id='word_1_654' title='bbox 2837 5270 3095 5336; x_wconf 87' lang='lat' dir='ltr'>viduam,</span> <span class='ocrx_word' id='word_1_655' title='bbox 3148 5269 3275 5339; x_wconf 90' lang='lat' dir='ltr'>ipsa</span> <span class='ocrx_word' id='word_1_656' title='bbox 3302 5264 3681 5320; x_wconf 88' lang='lat' dir='ltr'>durissimam</span> 
     </span>
    </p>
   </div>
   <div class='ocr_carea' id='block_1_112' title="bbox 2039 5357 2682 5428">
    <p class='ocr_par' dir='ltr' id='par_1_112' title="bbox 2039 5357 2682 5428">
     <span class='ocr_line' id='line_1_112' title="bbox 2039 5357 2682 5428; baseline 0 -17"><span class='ocrx_word' id='word_1_657' title='bbox 2039 5357 2384 5412; x_wconf 86' lang='lat' dir='ltr'>viduitatem</span> <span class='ocrx_word' id='word_1_658' title='bbox 2417 5357 2682 5428; x_wconf 87' lang='lat' dir='ltr'>pertulit.</span> 
     </span>
    </p>
   </div>
   <div class='ocr_carea' id='block_1_113' title="bbox 2110 5441 3680 5518">
    <p class='ocr_par' dir='ltr' id='par_1_113' title="bbox 2110 5441 3680 5518">
     <span class='ocr_line' id='line_1_113' title="bbox 2110 5441 3680 5518; baseline -0.004 -19"><span class='ocrx_word' id='word_1_659' title='bbox 2110 5445 2377 5515; x_wconf 74' lang='lat' dir='ltr'>Deiparae.</span> <span class='ocrx_word' id='word_1_660' title='bbox 2394 5477 2425 5485; x_wconf 74' lang='lat'><strong><em>~</em></strong></span> <span class='ocrx_word' id='word_1_661' title='bbox 2482 5447 2588 5511; x_wconf 88' lang='lat' dir='ltr'>Qui</span> <span class='ocrx_word' id='word_1_662' title='bbox 2613 5446 2773 5501; x_wconf 88' lang='lat' dir='ltr'>solus</span> <span class='ocrx_word' id='word_1_663' title='bbox 2788 5447 3021 5518; x_wconf 90' lang='lat' dir='ltr'>judicat</span> <span class='ocrx_word' id='word_1_664' title='bbox 3029 5444 3323 5517; x_wconf 87' lang='lat' dir='ltr'>justitiam</span> <span class='ocrx_word' id='word_1_665' title='bbox 3344 5441 3484 5496; x_wconf 86' lang='lat' dir='ltr'>fecit</span> <span class='ocrx_word' id='word_1_666' title='bbox 3503 5450 3680 5510; x_wconf 77' lang='lat' dir='ltr'>Super</span> 
     </span>
    </p>
   </div>
   <div class='ocr_carea' id='block_1_114' title="bbox 2038 5535 3677 5605">
    <p class='ocr_par' dir='ltr' id='par_1_114' title="bbox 2038 5535 3677 5605">
     <span class='ocr_line' id='line_1_114' title="bbox 2038 5535 3677 5605; baseline -0.006 -13"><span class='ocrx_word' id='word_1_667' title='bbox 2038 5538 2317 5592; x_wconf 90' lang='lat' dir='ltr'>thronum</span> <span class='ocrx_word' id='word_1_668' title='bbox 2348 5535 2573 5601; x_wconf 86' lang='lat' dir='ltr'>sedere,</span> <span class='ocrx_word' id='word_1_669' title='bbox 2606 5537 2874 5592; x_wconf 89' lang='lat' dir='ltr'>Domina.</span> <span class='ocrx_word' id='word_1_670' title='bbox 2910 5538 3053 5591; x_wconf 89' lang='lat' dir='ltr'>Nam</span> <span class='ocrx_word' id='word_1_671' title='bbox 3104 5535 3203 5605; x_wconf 87' lang='lat' dir='ltr'>qui</span> <span class='ocrx_word' id='word_1_672' title='bbox 3231 5551 3301 5589; x_wconf 85' lang='lat' dir='ltr'>ex</span> <span class='ocrx_word' id='word_1_673' title='bbox 3348 5538 3405 5587; x_wconf 86' lang='lat' dir='ltr'>te</span> <span class='ocrx_word' id='word_1_674' title='bbox 3437 5544 3677 5587; x_wconf 90' lang='lat' dir='ltr'>carnem</span> 
     </span>
    </p>
   </div>
   <div class='ocr_carea' id='block_1_115' title="bbox 2037 5618 3680 5700">
    <p class='ocr_par' dir='ltr' id='par_1_115' title="bbox 2037 5618 3680 5700">
     <span class='ocr_line' id='line_1_115' title="bbox 2037 5618 3680 5700; baseline -0.007 -19"><span class='ocrx_word' id='word_1_675' title='bbox 2037 5624 2300 5696; x_wconf 89' lang='lat' dir='ltr'>suscepit</span> <span class='ocrx_word' id='word_1_676' title='bbox 2321 5626 2598 5681; x_wconf 89' lang='lat' dir='ltr'>thronum</span> <span class='ocrx_word' id='word_1_677' title='bbox 2623 5632 2676 5681; x_wconf 91' lang='lat' dir='ltr'>te</span> <span class='ocrx_word' id='word_1_678' title='bbox 2709 5627 2945 5700; x_wconf 88' lang='lat' dir='ltr'>igneum</span> <span class='ocrx_word' id='word_1_679' title='bbox 2968 5625 3242 5697; x_wconf 70' lang='lat' dir='ltr'>praabuit,</span> <span class='ocrx_word' id='word_1_680' title='bbox 3264 5623 3424 5679; x_wconf 89' lang='lat' dir='ltr'>unde</span> <span class='ocrx_word' id='word_1_681' title='bbox 3450 5622 3513 5674; x_wconf 86' lang='lat' dir='ltr'>in</span> <span class='ocrx_word' id='word_1_682' title='bbox 3544 5618 3680 5672; x_wconf 90' lang='lat' dir='ltr'>sinu</span> 
     </span>
    </p>
   </div>
   <div class='ocr_carea' id='block_1_116' title="bbox 2037 5708 3679 5788">
    <p class='ocr_par' dir='ltr' id='par_1_116' title="bbox 2037 5708 3679 5788">
     <span class='ocr_line' id='line_1_116' title="bbox 2037 5708 3679 5788; baseline -0.006 -16"><span class='ocrx_word' id='word_1_683' title='bbox 2037 5721 2136 5772; x_wconf 90' lang='lat' dir='ltr'>tuo</span> <span class='ocrx_word' id='word_1_684' title='bbox 2167 5716 2439 5787; x_wconf 88' lang='lat' dir='ltr'>quiescit,</span> <span class='ocrx_word' id='word_1_685' title='bbox 2471 5720 2539 5772; x_wconf 91' lang='lat' dir='ltr'>ut</span> <span class='ocrx_word' id='word_1_686' title='bbox 2566 5716 2629 5771; x_wconf 90' lang='lat' dir='ltr'>in</span> <span class='ocrx_word' id='word_1_687' title='bbox 2658 5722 2863 5773; x_wconf 85' lang='lat' dir='ltr'>sancto</span> <span class='ocrx_word' id='word_1_688' title='bbox 2893 5716 3107 5773; x_wconf 90' lang='lat' dir='ltr'>throno</span> <span class='ocrx_word' id='word_1_689' title='bbox 3136 5727 3442 5788; x_wconf 87' lang='lat' dir='ltr'>pueroque</span> <span class='ocrx_word' id='word_1_690' title='bbox 3482 5708 3679 5777; x_wconf 75' lang='lat' dir='ltr'>digno.</span> 
     </span>
    </p>
   </div>
  </div>
