4044 6218
484 329 625 385 1383

750 457 857 513 Ode
901 456 1048 509 VIII.
1089 454 1321 509 Exsulta
1351 456 1606 523 fremens,
1633 452 1844 506 calum.

554 551 626 601 Te
658 554 951 617 pastorem
981 545 1279 615 egregium
1307 544 1473 597 ducis
1494 544 1573 595 tui
1598 548 1656 595 et
1687 540 1833 609 Agni
1866 538 2129 592 imitato-

483 655 626 703 rem,
662 636 818 689 velut
849 651 1011 689 ovem
1045 641 1103 687 et
1131 635 1377 687 arietem
1411 633 1726 702 insignem,
1760 629 1919 682 velut
1950 625 2126 697 spiri-

484 727 659 779 talem
692 741 929 795 agnum,
964 741 1038 777 ne
1072 740 1271 777 vocem
1303 738 1482 776 unam
1532 721 1901 774 emittentem
1934 715 2130 770 scele-

478 816 620 869 ratis
656 814 930 867 manibus
955 814 1371 883 corripuerunt
1395 814 1660 881 pastores
1683 813 1741 862 et
1771 806 1922 877 lupi,
1955 810 2128 874 teque

480 904 686 975 procul
718 920 746 957 e
779 920 949 976 grege
982 902 1360 957 abstulerunt
1390 899 1615 969 inique.

557 1085 780 1137 Montes
829 1088 885 1137 et
932 1098 1129 1151 rupes,
1183 1085 1241 1134 et
1284 1094 1522 1150 pascua,
1574 1075 1775 1142 valles,
1827 1072 2126 1136 barathra,

481 1176 669 1229 maria
701 1179 757 1227 et
804 1173 1073 1235 ﬂumina,
1124 1176 1302 1235 astra,
1364 1170 1507 1222 luna
1556 1171 1613 1220 et
1657 1165 1766 1230 sol,
1826 1162 2038 1217 cmlum
2072 1163 2131 1214 et

480 1270 634 1317 terra
691 1262 885 1316 omnis
942 1264 1211 1315 creatura
1259 1258 1605 1312 contristata
1662 1260 1769 1317 est,
1814 1250 2128 1321 iniquitate

480 1358 920 1422 commotaqum
944 1355 1085 1405 tunc
1112 1349 1182 1404 ab
1206 1348 1405 1419 impiis
1437 1343 1843 1401 sacerdotibus
1869 1340 2130 1396 admissa

478 1443 607 1497 fuit.

548 1532 781 1587 Invenit
812 1538 1097 1601 tanquam
1128 1529 1383 1584 alterum
1433 1526 1731 1580 Christum
1775 1521 1925 1576 alter
1955 1536 2127 1591 para-

479 1622 693 1693 lyticus
716 1620 928 1674 Christi
953 1619 1333 1690 discipulum;
1350 1632 1417 1669 ac
1441 1614 1637 1669 statim
1662 1610 1851 1666 morbi
1868 1608 2127 1664 sanatio-

479 1729 614 1766 nem
648 1711 895 1781 adeptus
930 1715 1035 1762 est.
1074 1707 1177 1762 Ubi
1214 1706 1371 1759 enim
1408 1703 1507 1757 ille
1542 1700 1719 1755 fidem
1751 1697 1969 1752 habere
1995 1696 2125 1766 jus-

2001 322 2369 377 ADDRNDA.
3707 331 3819 391 ίῃι

2154 447 2206 511 Α

2522 442 2654 522 ’ῼδή
2688 446 2773 503 Η’.
2823 446 3347 525 Ἑκστηθιφρίττων,
3381 449 3580 525 ούρανέ.

2311 533 2381 586 Σὲ
2408 534 2498 587 τὸν
2553 533 2787 607 ποιμένα
2838 536 2931 589 τὸν
2962 534 3156 603 καλὸν,
3188 541 3285 591 τοῦ
3340 537 3705 612 ἀρχιποιμένος
3750 548 3816 598 καὶ

2237 622 2442 692 ’Λμνοῦ
2479 623 2570 676 τὸν
2635 624 2908 695 μιμητὴν,
2970 624 3045 685 ὡς
3097 623 3231 698 ἂρνα
3277 627 3361 679 καὶ
3420 629 3561 698 κριὸν
3593 628 3811 701 ἐπίσημον

2236 712 2319 765 καὶ
2355 711 2430 773 ὡς
2462 712 2631 784 ἀμνὸν
2674 713 2921 787 λογικὸν,
2977 711 3091 768 οὐδ’
3150 710 3297 776 ὅλως
3353 719 3705 790 κραυγάζοντα
3752 742 3817 775 συ-

2236 800 2461 875 σχόντες
2519 799 2801 873 παλάμαις
2884 801 3248 876 παλαμνείαις
3328 806 3378 858 oi
3451 809 3688 878 ποιμένες
3754 813 3815 863 καὶ

2238 888 2394 943 λύκοι
2454 889 2643 966 πόρῥω
2726 898 2829 961 τῆς
2886 899 2984 962 σῆς
3057 894 3300 966 ποίμνης
3354 896 3413 948 σε
3466 894 3703 971 ἐξώρισαν
3730 894 3819 951 ἀδί-

2233 998 2367 1039 κως.

2307 1069 2447 1143 ’Όρη
2482 1067 2571 1123 καὶ
2602 1068 2789 1140 νάπαι,
2839 1070 2928 1125 καὶ
2992 1072 3205 1147 βουνοὶ,
3263 1070 3541 1143 κοιλάδες,
3596 1074 3823 1151 φάραγγες,

2236 1154 2495 1219 θάλασσαι
2526 1158 2615 1211 καὶ
2648 1160 2910 1231 ποταμοὶ,
2934 1160 3174 1232 ἀστέρες,
3209 1161 3411 1231 σελήνη
3470 1163 3557 1216 καὶ
3606 1162 3764 1231 ἣλιος,
3803 1168 3821 1218 ὁ

2236 1245 2468 1319 οὐρανὸς
2518 1246 2607 1301 καὶ
2665 1250 2699 1316 ἡ
2757 1254 2854 1321 γῆ,
2910 1250 2997 1303 καὶ
3060 1255 3202 1303 πᾶσα
3261 1250 3572 1324 ἐστύγνασεν
3624 1254 3826 1320 ἠκτὶσις

2234 1329 2535 1406 ἐλέγχουσα
2562 1336 2664 1403 τήν
2695 1335 2819 1391 τότε
2847 1339 3183 1411 πραχθεῖσαν
3226 1339 3454 1411 ἀνομίαν
3489 1343 3583 1409 τὴν
3632 1341 3683 1395 ἐκ
3728 1363 3826 1415 πρε-

2234 1417 2510 1499 σϐυτέρων
2542 1422 2743 1479 ἀδίκων
2778 1424 3116 1498 ἐξελθοῦσαν.

2309 1511 2472 1583 Εὗρεν
2502 1512 2575 1574 ὡς
2634 1511 2810 1568 ἄλλον
2869 1536 2924 1569 σε
2982 1517 3220 1590 Χριστὸν
3282 1515 3458 1580 ἂλλος
3513 1518 3823 1592 παραλυτικὸς

2234 1603 2329 1653 τοῦ
2388 1606 2625 1675 Χριστοῦ
2680 1603 2772 1657 τὸν
2831 1606 3098 1675 μαθητήν·
3154 1604 3395 1660 ἐντεῦθεν
3469 1606 3585 1681 εὗρε
3634 1607 3709 1660 καὶ
3756 1609 3825 1674 τήν

2238 1686 2374 1743 ἴασιν
2410 1693 2792 1765 παρεπομένην
2823 1692 3000 1757 εὐθύς·
3063 1695 3138 1756 ὡς
3199 1694 3369 1767 μόνον
3415 1696 3518 1769 γάρ
3565 1692 3711 1769 ἔφησε
3757 1718 3827 1749 πι-

482 1803 674 1866 sisset,
733 1816 1052 1870 exsurgens
1115 1794 1426 1851 confestim
1503 1796 1560 1845 et
1615 1790 1835 1844 lectum
1889 1784 2123 1854 tollens,

2239 1778 2689 1870 neos-vbdvéctn
2747 1789 3093 1857 παραχρῆμα
3150 1784 3239 1837 καὶ
3301 1785 3400 1851 τὴν
3459 1782 3643 1853 κλίνην
3678 1785 3827 1857 ﬁrmi

476 1892 721 1945 recessit
752 1890 844 1943 hic
879 1890 1069 1947 laetus.
1103 1904 1170 1941 ac
1202 1885 1501 1939 Christum
1532 1878 1864 1935 celebrans.

548 1982 617 2034 Ut
643 1977 1189 2047 contemplarentur
1237 1974 1439 2027 lumen
1485 1968 1747 2024 veritatis
1788 1965 1887 2035 qui
1920 1964 1981 2017 in
2012 1963 2128 2016 im-

477 2070 712 2141 pietatis
765 2067 1026 2122 tenebris
1076 2064 1388 2135 degebant,
1445 2065 1501 2113 et
1551 2055 1877 2128 spiritalem
1938 2051 2125 2107 solem

476 2159 651 2215 modo
688 2159 869 2211 Deum
902 2156 1330 2210 confiterentur
1379 2149 1478 2219 qui
1513 2144 1783 2201 sensibili
1829 2142 1967 2196 huic
2012 2138 2123 2194 soli

475 2246 894 2313 inserviebam,
950 2260 1055 2299 ceu
1108 2241 1323 2296 Paulus
1380 2237 1451 2291 ad
1512 2236 1863 2306 longinquas
1921 2233 2125 2301 gentes

473 2337 691 2392 missus
722 2352 804 2401 es,
838 2350 945 2388 ceu
980 2332 1067 2387 sol
1098 2330 1197 2401 qui
1231 2324 1669 2382 incredulitatis
1692 2321 2005 2392 caliginem
2030 2317 2125 2372 deo

473 2426 755 2481 turbaret.

544 2514 818 2584 Deiparae.
857 2544 915 2552 -—-
968 2513 1044 2565 Te
1076 2507 1370 2579 sapientia
1422 2503 1543 2565 Dei,
1593 2499 1901 2555 verissima
1932 2495 2123 2551 Patris

472 2607 755 2676 imago,et
784 2602 1045 2674 sigillum
1076 2600 1267 2651 vivum
1301 2600 1359 2649 et
1389 2589 1778 2649 immutabile.
1814 2588 2119 2642 character

471 2692 1135 2759 accuratus,animatum
1160 2685 1486 2739 thalamum
1507 2679 1703 2751 elegit,
1724 2678 1821 2731 Dei
1844 2674 2120 2749 genitrix,

469 2802 539 2839 ex
572 2790 626 2839 te
654 2799 893 2837 carnem
921 2783 1288 2849 sumpturus,
1322 2778 1377 2826 et
1400 2771 1587 2826 amice
1610 2784 1743 2824 cum
1776 2764 2123 2820 hominibus

468 2876 939 2928 conversaturus.
974 2868 1080 2923 Ode
1109 2868 1183 2921 IX
1214 2865 1381 2919 deest

976 3044 1271 3102 JOANNIS
1308 3038 1622 3096 MONACHI

654 3160 726 3212 IN
774 3154 1097 3211 SANCTUM
1137 3147 1495 3205 NICOLAUM
1536 3140 1936 3197 MYRENSEM.

849 3264 1043 3317 Desunt
1074 3259 1172 3312 ode
1196 3258 1383 3327 prima
1412 3260 1461 3307 et
1491 3250 1746 3307 secunda'

930 3350 1040 3405 Ode
1069 3350 1168 3402 III.
1206 3348 1274 3399 Te
1302 3359 1465 3413 super
1496 3354 1667 3410 aquas

546 3448 703 3516 Myra
734 3442 917 3512 Lyciae
948 3437 1152 3511 genuit
1204 3440 1279 3497 te,
1330 3432 1501 3486 beate
1551 3426 1807 3493 Nicolae,
1846 3438 2120 3495 unguen—

476 3513 613 3587 tum‘
648 3532 997 3602 pretiosum,
1048 3524 1369 3596 gratiarum
1424 3517 1671 3573 floribus
1722 3520 1779 3569 et
1828 3513 2116 3567 virtutum

470 3620 817 3691 fragrantia,
847 3618 1187 3672 unimarum
1221 3626 1430 3665 sensus
1456 3612 1617 3679 grate
1648 3604 1934 3660 afficiens.

546 3796 731 3851 Habet
762 3801 815 3847 te
854 3792 1164 3846 universus
1214 3784 1471 3839 mundus
1522 3783 1583 3835 in
1638 3778 2119 3835 tribulationibus

472 3890 809 3961 promptum
843 3878 1193 3939 subsidium,
1219 3876 1278 3928 in
1310 3873 1513 3927 dolore
1546 3871 1836 3940 requiem,
1869 3869 1929 3921 in
1964 3867 2116 3922 cala-

472 3956 777 4033 mitatibus
808 3969 1106 4032 solatium,
1149 3966 1211 4018 in
1245 3959 1670 4016 tentationibus
1710 3956 2022 4025 auxilium,
2057 3956 2118 4010 in

470 4066 691 4123 morbis
721 4060 1049 4117 remedium
1085 4054 1362 4118 salutare,
1397 4048 1651 4104 Nicolae.

533 4154 811 4212 Doctrina
842 4148 1106 4205 eruditus
1139 4143 1297 4206 ﬁdei,
1343 4145 1400 4194 et
1431 4156 1464 4194 a
1493 4136 1748 4209 pueritia
1779 4132 2029 4205 spiritali
2062 4138 2120 4187 et

469 4245 721 4303 candido
776 4240 1014 4313 pietatis
1064 4236 1212 4290 lacte
1262 4230 1547 4292 imbutus,
1581 4242 1713 4281 vere
1760 4225 1938 4278 homo
1984 4238 2117 4293 per-

469 4338 658 4393 fectus
688 4312 877 4387 factus
906 4346 990 4394 es,
1021 4326 1213 4391 beate,
1237 4328 1295 4376 et
1324 4320 1399 4375 ad
1420 4316 1661 4373 modum
1685 4313 1876 4369 aetatis
1901 4312 2116 4367 Christi

470 4421 793 4499 profecisti.

545 4512 815 4583 Vestigiis
843 4505 1157 4563 Salvatoris
1189 4502 1494 4563 insistens,
1540 4511 1657 4550 non
1710 4490 2116 4547 mercenarius
2153 4523 2193 4587 Β

468 4605 655 4673 fuisti,
690 4582 792 4657 sed
834 4599 1028 4671 potius
1077 4595 1267 4648 bonus
1316 4593 1553 4661 pastor;
1606 4584 1825 4638 etenim
1859 4582 2116 4635 animam

469 4669 766 4765 tuampro
799 4669 1005 4744 ovibus
1035 4680 1307 4755 posuisti,
1341 4676 1509 4732 factis
1532 4672 1866 4742 adimplens
1897 4669 2109 4725 Christi

466 4782 870 4855 Evangelium.

541 4848 810 4943 Demarati.
872 4898 939 4907 ——
997 4866 1078 4919 Tu
1132 4854 1456 4930 apparuisti
1523 4850 1705 4906 rubus
1758 4849 1890 4921 igne
1950 4848 2111 4902 invo-

470 4940 653 5027 lutus,
686 4954 1171 5015 celebratissima.
1202 4950 1276 5001 Te
1311 4940 1679 5015 signiﬁcabat
1701 4954 1851 4993 urna
1871 4943 1972 4992 aut
1993 4953 2137 5005 ama

470 5054 655 5123 phora
684 5064 907 5106 manna
936 5043 1182 5115 repleta.
1214 5032 1610 5095 sanctissima,
1635 5029 1819 5082 Deum
1851 5031 2115 5097 receptu-

472 5158 634 5207 ram;
672 5147 733 5194 tu
765 5137 922 5193 enim
955 5114 1330 5188 dulcedinem
1366 5118 1623 5179 etludisti
1673 5118 1845 5172 nobis
1876 5114 2115 5171 interri-

468 5245 646 5283 mam.

891 5315 1001 5370 Ode
1028 5312 1130 5367 IV.
1164 5309 1292 5372 Quae
1329 5306 1388 5357 in
1420 5316 1574 5355 cruce
1606 5305 1718 5353 tua.

536 5404 623 5458 Ad
674 5402 1145 5458 misericordiam
1206 5400 1262 5449 et
1309 5389 1740 5447 humanitatem
1782 5384 2111 5440 informans

463 5492 747 5552 animam,
781 5489 1048 5544 hilariter
1078 5494 1207 5541 tuas
1245 5499 1392 5555 opes
1440 5476 1747 5553 egentibus
1778 5473 2111 5529 communi-

464 5586 661 5651 cabas,
695 5581 920 5633 viscera
948 5575 1350 5633 miserationis
1374 5571 1638 5635 indutus,
1674 5567 1828 5622 sicut
1857 5581 2109 5637 magnus

463 5676 682 5736 Paulus
714 5667 953 5724 clamat.

2237 1888 2349 1935 σας,
2385 1863 2601 1922 έϐάδισε
2619 1869 2830 1944 χαίρων
2869 1871 2959 1925 καὶ
2990 1872 3222 1945 Χριστὸν
3256 1871 3598 1947 μεγαλύνων.

2306 1958 2419 2011 ἰνα
2450 1956 2744 2013 θεάσωνται
2772 1960 2834 2014 τὸ
2860 1965 2977 2035 φῶς
3005 1967 3104 2028 τῆς
3166 1960 3512 2036 ἐπιγνώσεως
3559 1963 3608 2015 οἱ
3657 1963 3825 2035 ἀγνοίας

2236 2044 2288 2099 έν
2317 2047 2465 2100 νυκτί
2496 2045 2801 2119 τελοῦντες,
2828 2049 2917 2103 καὶ
2948 2046 3111 2119 δόξης
3141 2051 3231 2104 τὸν
3284 2049 3453 2119 ἣλιον
3514 2052 3708 2123 μάθωσι
3756 2054 3827 2121 μό·

2232 2156 2325 2189 νου
2356 2138 2483 2191 Θεὸν
2517 2137 2567 2191 oi
2595 2142 2674 2210 τῷ
2705 2138 2948 2211 αἰσθητῷ
2997 2138 3351 2214 λατρεύοντες
3411 2138 3577 2213 ἡλίῳ,
3632 2142 3696 2203 ὡς
3720 2145 3826 2195 lla-3-

2234 2222 2335 2285 λος
2366 2224 2675 2296 ἀπεστάλης
2706 2226 2781 2289 εἰς
2808 2221 2934 2299 ἔθνη
2973 2230 3182 2302 μακράν
3213 2230 3344 2284 ὅντα
3400 2229 3575 2304 ἀχλὺν
3628 2228 3823 2289 ἀπιστίας

2233 2310 2309 2373 ὡς
2334 2309 2498 2380 ἥλιος
2529 2313 2819 2385 σκεδάζων.

2304 2492 2620 2553 Θεοτόκιον.
2654 2528 2718 2538 -
2751 2496 2822 2551 Σὲ
2853 2499 2887 2566 ἡ
2922 2496 3085 2575 σοφία
3111 2501 3208 2552 τοῦ
3248 2502 3409 2569 Θεοῦ,
3464 2500 3499 2567 ἠ
3559 2495 3827 2571 ἀπαράλλα-

2230 2600 2361 2643 κτος
2392 2588 2493 2637 τοῦ
2525 2585 2735 2659 [ἰατρὸς
2776 2586 2948 2647 δντως
3009 2586 3192 2655 εἰκὼν,
3241 2589 3277 2656 ἠ
3329 2592 3479 2655 ζῶσα
3508 2586 3714 2661 σφραγὶς
3763 2582 3831 2636 καῖ

2231 2673 2505 2743 ἀκίνητος,
2540 2673 2568 2727 ὁ
2600 2667 2830 2748 ἀκριϐὴς
2866 2676 3149 2750 χαρακτὴρ
3200 2675 3275 2736 ὡς
3338 2672 3585 2748 ἔμψυχον
3630 2672 3829 2745 Θάλαμον

2233 2764 2585 2837 [μονογενὴς]
2616 2760 2674 2817 Ex
2696 2766 2815 2833 συῦ,
2840 2764 3582 2840 Θεὸγεννῆτορ.σαρκοφόρος
3608 2760 3834 2835 προῆλθε,

2229 2852 2319 2998 sui
2351 2853 2754 2928 συνανεστράφη
2787 2851 3101 2925 ἀνθρώποις
3151 2851 3578 2928 φιλανθρώπως.
3626 2848 3739 2929 ᾨδὴ
3791 2855 3827 2903 8'

2269 2949 2396 2998 eest.

2269 2949 2396 2999 eest.

2694 3032 2999 3087 ΙΩΑΝΝΟΥ
3043 3035 3185 3086 MON
3196 3036 3229 3087 Α
3241 3036 3283 3085 Χ
3294 3033 3385 3088 ΟΥ

2370 3139 2482 3195 ΕΙΣ
2514 3139 2649 3195 ΤΟΝ
2690 3140 2896 3195 ΑΓΙΟΝ
2921 3139 3289 3197 ΝΙΚΟΔΑΟΝ
3318 3146 3456 3194 ΤΗΣ
3498 3141 3716 3197 ΜΥΑΑΣ

2577 3248 2781 3301 Desunt
2811 3250 2909 3302 ode
2942 3250 3130 3317 prima
3159 3254 3211 3303 et
3259 3250 3525 3304 secunda.

2627 3332 2757 3411 ’ῼδή
2795 3336 2865 3392 Γ“.
2893 3335 2963 3388 Σὲ
2982 3339 3090 3388 τῶν
3136 3334 3224 3389 ἐπὶ
3260 3334 3499 3391 ὑδάτων.

2294 3424 2455 3497 [Cod.
2489 3424 2526 3478 ἰ.
2562 3424 2705 3495 107.]
2737 3422 2896 3497 Μύρα
2927 3444 2982 3477 σε
3013 3430 3116 3492 τῆς
3174 3426 3379 3486 Λυκίας
3440 3424 3726 3500 προήγαγεν
3767 3421 3821 3480 ὡς

2221 3510 2529 3586 πολύτιμον
2567 3513 2734 3589 μύρον
2782 3518 2899 3575 τοῖς
2959 3512 3136 3568 ἄνθεσι
3195 3514 3471 3583 χαρίτων,
3527 3515 3612 3569 καὶ
3660 3513 3825 3586 ἀρετῶν

2220 3607 2340 3663 τοῖς
2381 3603 2679 3675 ἀρώμασιν,
2727 3602 2981 3679 ἱερουργέ
3028 3602 3290 3673 Νικόλαε,
3356 3602 3701 3674 εύωδιάζοντα
3746 3599 3827 3654 τῶν

2221 3693 2415 3766 ψυχῶν
2447 3690 2514 3745 τά
2544 3690 2897 3766 αἷσθητήρια.

2290 3780 2447 3854 Ἔχει
2480 3800 2537 3833 σε
2565 3784 2667 3841 πᾶς
2696 3780 2724 3834 ὁ
2756 3781 2963 3852 κόσμος
2997 3780 3053 3835 ἐν
3071 3780 3323 3856 Θλίψεσιν
3359 3782 3643 3855 ἀντίληψιν
3669 3779 3823 3851 ὀξεῖαν.

2220 3867 2563 3942 παράκλησιν
2616 3869 2668 3923 ἐν
2725 3869 2946 3942 λύπαις,
3025 3871 3080 3926 ἐν
3138 3879 3456 3950 συμφοραῖς
3511 3871 3822 3946 παραμύθιον,

2222 3957 2272 4013 ὲν
2305 3964 2634 4030 πειρασμοῖς
2666 3960 3012 4033 ὑπέρμαχον,
3074 3960 3126 4015 ὲν
3175 3961 3362 4024 νόσοις
3424 3964 3693 4040 φάρμακον
3732 3957 3825 4009 ἁκε-

2220 4044 2484 4117 σώδυνον,
2517 4047 2781 4105 Νικόλαε.

2288 4138 2492 4212 Λόγοις
2522 4137 2955 4215 ἐντεθραμμένος
2983 4146 3084 4209 τῆς
3125 4140 3388 4211 πίστεως,
3449 4142 3539 4196 καὶ
3594 4138 3725 4213 γάλα
3756 4134 3822 4189 εὖ·

2220 4223 2431 4292 σεϐείας
2450 4228 2689 4300 Θηλάσας
2722 4230 2827 4284 ἀπὸ
2864 4230 3100 4305 βρέφους
3125 4232 3188 4286 τὸ
3238 4232 3465 4307 λογικόν
3526 4252 3580 4287 τε
3622 4229 3700 4284 καὶ
3728 4224 3823 4280 339—

2222 4314 2338 4384 λον,
2389 4313 2561 4381 ὅντως
2616 4317 2691 4379 εὶς
2751 4316 2915 4390 ἄνδρα
2956 4318 3195 4388 τέλειον,
3258 4322 3465 4397 μάκαρ,
3520 4322 3823 4387 κατήντησαςν

2218 4406 2306 4461 καὶ
2332 4405 2408 4467 εἷς
2433 4406 2627 4479 μέτρον
2661 4406 2886 4476 ἡλικίας
2922 4412 3185 4482 Χριστοῦ.

2297 4498 2503 4570 Ἰχνεσι
2588 4499 2686 4549 τοῦ
2746 4502 3008 4571 Σωτῆρος
3088 4496 3379 4571 ὶπόμενος,

2232 4585 2494 4657 ὑμῆρξας.
2531 4583 2702 4648 καλὸς
2757 4586 2967 4657 ποιμὴν
3030 4583 3088 4640 δὲ
3149 4586 3389 4659 μᾶλλον·
3446 4587 3535 4643 καὶ
3586 4586 3677 4663 γὰρ
3726 4581 3819 4651 ὑπὲρ

2221 4676 2329 4726 τῶν
2361 4666 2650 4747 προϐάτων
2684 4694 2779 4727 σου
2810 4680 2907 4742 τὴν
2938 4676 3036 4742 σὴν
3070 4676 3256 4750 ψυχὴν
3298 4678 3651 4750 προθέμενος,
3678 4672 3817 4745 ἔργοις

2224 4758 2552 4834 έπλήρωσας
2582 4765 2679 4816 τοῦ
2709 4763 2944 4834 Χριστοῦ
2974 4764 3037 4818 τὸ
3070 4762 3428 4839 Εὖαγγέλιον,

2295 4848 2600 4908 Θεοτόκιον,
2634 4881 2703 4893 -
2736 4850 2807 4904 Σὲ
2835 4848 3124 4924 προδήλου
3151 4853 3337 4928 βάτος,
3371 4853 3691 4925 πανύμνητε,
3716 4844 3810 4913 mp;

2225 4936 2695 5014 σπαργανουμένη·
2732 4942 2789 4994 at
2818 4940 3131 5006 προετύπου
3160 4944 3397 5016 στάμνος
3428 4947 3462 5013 ἡ
3505 4937 3807 5015 μαννοδὸγος.

2226 5026 2509 5101 ὑπέραγνε,
2540 5028 2640 5096 τὴν
2675 5026 2939 5103 θεοδόχον
2968 5028 3260 5103 τράπεζαν·
3326 5031 3389 5086 σὺ
3440 5033 3538 5107 γὰρ
3592 5029 3809 5101 ἐπήγασες

2222 5116 2540 5191 γλυκασμὸν
2572 5119 2707 5190 ἡμῖν
2743 5118 3038 5192 ἀκήρατον.

3467 4499 3529 4553 οὐ
3612 4493 3824 4570 μισθωτὸς

2615 5293 2743 5373 ᾨδὴ
2779 5297 2850 5354 Δ“.
2883 5297 2996 5365 Τήν
3028 5295 3078 5351 ἐν
3110 5296 3322 5372 σταυρῷ
3350 5320 3466 5355 σου,

2293 5382 2443 5440 Μετά
2474 5381 2658 5445 ἐλέους
2688 5383 2777 5439 καὶ
2830 5386 3215 5459 χρηστότητος
3271 5389 3596 5459 κεκτημένος
3644 5378 3797 5454 duxti,

2224 5472 2429 5547 ἱλαρῶς
2459 5477 2555 5527 τοῦ
2589 5477 2684 5527 σοῦ
2730 5472 2975 5529 πλούτου
3038 5473 3349 5548 μετέδωκας
3399 5482 3513 5535 τοῖς
3569 5472 3795 5547 χρῄζουσιν

2222 5559 2513 5638 σπλάγχνα
2570 5561 2872 5636 οἰκτιρμῶν
2932 5561 3313 5638 ἐνδυσάμενος,
3367 5564 3547 5640 ὥσπερ
3600 5563 3625 5615 ὁ
3676 5556 3795 5631 μέγας

2221 5648 2439 5712 Παῦλος
2473 5651 2592 5721 βοᾷ.
