4044 6218
159 285 307 341 1385

1395 283 1697 337 ΗῩΜΝῸΒ
1732 283 1807 335 1N
1842 284 1903 338 8.
1945 284 2337 344 NICOLAUM.

3432 296 3573 353 1386

236 412 466 488 Ἀστέρα
499 410 741 486 βλέπων,
800 408 877 471 εἷς
933 409 1031 478 τὴν
1090 405 1282 464 ἄδυτον
1313 410 1412 478 τὴν
1456 405 1663 463 ὁλκάδα
1712 411 1845 477 τοῦ,

1977 421 2097 471 stra
2155 420 2509 490 suscipiens,
2591 437 2797 477 navem
2876 422 3093 475 mentis
3170 423 3417 481 invisam
3494 429 3569 483 ad

157 510 261 559 νοῦ
290 502 426 577 πρὸς
453 501 546 561 τὰς
622 498 798 553 αὐτῶν
853 498 1094 568 κινήσεις
1130 494 1312 562 ἷ¹θυνας
1361 500 1449 552 καὶ
1507 500 1814 568 προσώκει-

160 593 265 655 λας
298 593 412 667 ’ὸρῳ
443 589 695 665 γαληνῷ,
725 582 1070 663 κυϐερνήτης
1129 588 1204 651 ὡς
1262 589 1481 661 ἄριστος
1513 588 1578 642 τὰ
1620 585 1820 641 θαλάτ-

161 704 280 737 τια.

240 774 331 828 Ἐν
390 766 612 842 ἀνδρείᾳ
663 764 855 840 πολλῇ
935 773 1035 830 τῆς
1094 769 1279 834 θεῖκῆς
1320 766 1511 841 ἰσχύος
1588 767 1816 840 Χριστὸν

162 858 625 931 ἐπικαλούμενος,
657 856 787 918 τοὺς
838 856 889 911 ἐν
952 856 1192 933 φυλακῇ,
1248 856 1444 931 μάκαρ,
1508 853 1820 929 πεπεδημέ-

161 971 296 1011 νους
329 948 529 1022 ἐξάγων
564 944 717 1008 ἔλυες
729 990 740 1002 .

243 1039 431 1114 Ἀγίου
462 1036 684 1108 πλήρης
738 1036 872 1091 οὖσα
934 1036 1246 1108 Ηνεύματος
1303 1038 1339 1105 ἠ
1393 1034 1587 1103 καρδία
1636 1038 1670 1105 ἡ
1728 1036 1820 1105 σή,

162 1128 425 1206 γλυκεῖαν
518 1122 771 1195 εὐωδίαν,
858 1126 1036 1198 ὀσμὴν
1118 1125 1555 1200 ἀρωματίζουσα,
1652 1123 1817 1200 αἶ’γλῃ

168 1221 451 1293 συμμιγῆ⁹
480 1219 568 1271 καὶ
603 1215 741 1294 φωτὶ
774 1214 1111 1289 κεκραμένην
1142 1213 1305 1270 πάλιν
1332 1216 1611 1270 ἀπέπνεεν.

243 1308 548 1364 Θεοτόκιον.
585 1339 649 1349 --
682 1306 798 1373 Τὴν
844 1305 975 1379 ὑπὲρ
1024 1302 1229 1358 ἔννοιάν
1290 1326 1387 1359 σου
1439 1306 1683 1375 γέννησιν
1735 1303 1820 1376 έρ-

172 1404 441 1474 μηνεῦσαι
476 1400 683 1473 βροτῶν
718 1397 1042 1471 πτωχόνοια
1076 1396 1136 1451 οὐ
1171 1398 1365 1450 σθένειθ
1425 1398 1452 1450 ὁ
1515 1395 1687 1471 λόγος
1717 1397 1821 1471 γὰρ

166 1490 537 1565 ἀνέκφραστος
563 1488 763 1557 ταύτης
794 1485 1100 1554 παντελῶς,
1156 1484 1244 1542 καὶ
1302 1487 1329 1539 ὁ
1386 1486 1614 1560 τρόπος,
1682 1492 1821 1553 Παρ-

168 1583 316 1650 θένε,
352 1577 739 1647 ἀκατανόητος.

590 1680 703 1761 ῼδὴ
740 1684 813 1740 Ε’.
848 1682 994 1756 Πρὸς
1036 1682 1093 1735 σὲ
1142 1681 1398 1757 ὀρθρίζω.

1930 515 2337 563 eorummotus
2356 510 2738 583 dirigebas,et
2777 512 2850 567 ad
2904 517 3166 567 montem
3209 516 3370 582 pacis
3388 521 3576 589 appli-

1930 596 2125 664 cuisti,
2162 604 2226 653 ut
2262 600 2620 671 gubernator
2650 601 2917 673 egregius
2969 618 3073 672 per
3121 603 3311 657 maria
3362 604 3572 661 decur—

1931 703 2090 741 I‘CIIS.

2005 778 2067 831 Vi
2100 794 2334 833 summa
2375 779 2587 835 divina)
2637 782 2867 836 virtutis
2918 781 3213 837 Christum
3268 782 3573 855 invocasti,

1932 883 2257 938 omnesque
2292 868 2579 939 liberasti,
2613 870 2802 939 beate,
2838 872 2937 941 qui
2972 871 3031 924 in
3061 872 3330 926 custodia
3352 873 3576 929 detine-

1932 955 2167 1010 bantur.

2002 1045 2113 1098 Cor
2142 1050 2306 1101 tuun:
2344 1046 2594 1117 Spiritus
2643 1049 2829 1103 sancti
2880 1048 3144 1120 plenum,
3189 1065 3423 1104 suavem
3454 1051 3575 1106 fra-

1932 1135 2244 1206 grantiam,
2278 1136 2512 1191 dulcem
2555 1138 2795 1192 odorem
2847 1155 3152 1209 spargens,
3183 1139 3408 1210 fulgore
3437 1157 3576 1211 per-

1933 1224 2197 1293 mistum,
2233 1231 2289 1278 et
2320 1226 2449 1281 luce
2481 1227 2862 1297 splendidum
2889 1245 3094 1282 rursus
3127 1228 3437 1283 exhalavit!

2003 1315 2271 1383 Deiparoz.
2307 1346 2371 1354 —
2404 1316 2575 1371 Omni
2606 1317 2961 1387 cogitatione
2994 1318 3279 1388 majorem
3320 1334 3575 1389 genera-

1933 1402 2157 1457 tionem
2189 1408 2351 1459 tuam
2382 1405 2694 1460 hominum
2738 1406 3053 1461 inﬁrmitas
3095 1410 3425 1478 exprimere
3458 1426 3579 1465 non

1932 1491 2124 1559 volet;
2158 1493 2328 1564 cujus
2360 1495 2519 1549 enim
2550 1496 2700 1551 ratio
2737 1497 2979 1551 omnino
3013 1496 3354 1565 ineﬁabilis,
3389 1500 3575 1568 Virgo,

1935 1586 1992 1635 et
2020 1581 2229 1638 modus
2261 1584 2486 1639 nemini
2522 1584 2935 1657 intelligibilis.

2289 1692 2399 1745 Ode
2436 1693 2499 1745 V.
2528 1692 2620 1747 Ad
2650 1698 2698 1746 te
2737 1692 2977 1746 diluculo
3007 1692 3184 1747 venio.

242 1781 495 1851 Ῥαγῆναι
522 1773 756 1845 κόσμου,
780 1772 868 1826 καὶ
898 1770 1388 1845 προσκολληθῆναι
1428 1776 1507 1842 τῷ
1562 1771 1819 1827 καλοῦντι

2002 1777 2288 1833 Mundum
2318 1795 2619 1850 respuere,
2654 1786 2711 1835 et
2739 1782 2971 1836 vocanti
3004 1783 3120 1836 Deo
3162 1783 3485 1849 adhaerere,
3520 1789 3579 1839 et

178 1863 451 1936 Δεσπότῃ,
481 1860 616 1936 πρός
650 1860 793 1924 θείας
827 1858 1157 1921 ἀπολαύσεις
1218 1859 1639 1934 ὕπερκοσμίους,
1697 1861 1823 1925 τοὺς

171 1953 230 2008 ἰν
264 1952 459 2025 κόσμῳ
486 1944 755 2025 θορύϐους
784 1950 1141 2021 μισήσαντας,
1171 1953 1289 2010 τοῖς
1341 1946 1567 2023 γλυκέσι
1598 1970 1694 2004 σου
1726 1948 1825 2004 λό-

171 2064 302 2118 γοις
331 2040 581 2102 πολλοὺς
610 2036 848 2100 ἔπεισας.

252 2130 434 2205 ’ἰσχὺν
465 2129 554 2185 καὶ
601 2128 787 2189 σθένος
845 2132 988 2191 θεῖον
1045 2126 1371 2199 έξωσμένος,
1426 2128 1517 2181 καὶ
1602 2148 1826 2203 περιπε-

180 2221 495 2294 φραγμένος
552 2215 704 2288 ἀΰλῳ
756 2214 1075 2290 παντευχίᾳ,
1158 2219 1276 2277 ταῖς
1328 2219 1425 2269 τοῦ
1480 2214 1680 2291 Βελίαρ
1732 2216 1829 2271 οὐκ

178 2310 434 2383 ἐτρώθης
461 2305 695 2382 βολίσιν,
727 2303 855 2359 ἀλλ’
910 2300 1147 2378 ἔτρωσας
1200 2305 1299 2373 τήν
1353 2302 1574 2380 καρδίαν
1621 2303 1829 2360 ἐκείνου

178 2400 287 2467 τὴν
314 2391 571 2470 παμὸέϐη
581 2393 700 2449 λον.

261 2486 559 2560 Τετράορον
618 2481 785 2558 ἅρμα,
845 2476 1045 2556 ὄχημα
1108 2482 1388 2556 πυρφόρον
1446 2483 1649 2557 ἀρετῶν
1734 2484 1832 2551 τὴν

188 2572 422 2649 τετράδα
478 2574 787 2645 πηξάμενος
834 2568 1069 2639 ἀνῆλθες
1128 2570 1204 2633 εἰς
1253 2572 1345 2624 τὸν
1400 2570 1645 2644 οὐρανὸν,
1694 2570 1832 2625 ὅπου

189 2662 512 2738 πρόδρομος
548 2662 741 2733 πρώην
776 2658 978 2729 ἀνῆλθε
1008 2659 1264 2735 Χριστὸς,
1294 2663 1374 2730 τῷ
1426 2660 1707 2733 προσώπῳ
1738 2659 1833 2713 αὐ-

190 2758 295 2807 τοῦ
322 2752 597 2826 ἑποφθησό
608 2771 787 2824 μενος.

269 2843 357 2905 Ὧς
386 2838 520 2901 ἅλας
577 2845 744 2908 θεῖον,
803 2838 1000 2912 μάκαρ,
1059 2832 1361 2907 ἐνεϐλήθης
1419 2836 1495 2898 εἷς
1551 2838 1641 2891 τὸν
1687 2836 1835 2910 σύμ-

185 2951 366 2985 παντα
394 2950 628 3001 κοσμον,
662 2927 821 2982 ἱστῶν
853 2928 953 2996 τὴν
1002 2923 1275 2997 σηπεδόνα
1313 2933 1412 2995 τῆς
1466 2926 1715 2998 ἀθυμίας,
1748 2928 1837 2981 καὶ

186 3018 460 3094 ξηραίνων
488 3018 589 3087 τήν
625 3016 772 3093 ῥύσιν
827 3021 936 3072 τῶν
989 3016 1253 3091 θλίψεων,
1310 3017 1397 3071 καὶ
1460 3016 1703 3092 συνάγων
1748 3018 1837 3071 καὶ

187 3108 438 3187 σφίγγων
482 3106 848 3181 χαυνωθείσας
878 3106 1077 3179 ψυχάς.

263 3195 567 3253 Θεοτόκιον.
602 3226 670 3238 —-
710 3195 803 3262 Μή
863 3192 1166 3270 έκφυσήσας
1218 3197 1327 3249 τῶν
1381 3191 1646 3269 πατρῴων

187 3309 334 3356 πων,
390 3290 508 3347 τοῖς
572 3282 851 3357 μητρῴοις
905 3303 1000 3337 σου
1053 3282 1284 3344 κόλποις
1338 3282 1633 3356 καθέζεται,
1689 3286 1838 3358 Παρ-

191 3376 335 3443 θένε,
394 3374 633 3449 Χριστὸς
690 3374 717 3426 ὁ
775 3372 926 3433 Θεός·
986 3372 1013 3425 ὁ
1072 3372 1304 3446 ἀμήτωρ
1364 3371 1640 3447 προῆλθεν
1702 3374 1838 3427 ἀπά-

187 3486 305 3538 τωρ
387 3464 446 3519 ἐκ
519 3461 634 3517 σοῦ·
721 3456 974 3536 Ἀϐραὰμ
1053 3458 1111 3515 δὲ
1167 3460 1297 3525 τοὺς
1373 3462 1615 3524 κόλπους
1672 3462 1838 3518 πάλιν

192 3556 422 3628 miro.

372 3658 502 3740 ᾯδὴ
539 3660 597 3728 ζ’,
633 3655 948 3733 Συνωχέθη
983 3653 1110 3711 ἄλλ’
1158 3654 1220 3710 οὐ
1250 3677 1377 3711 κατε
1427 3660 1666 3733 [σχέθη].

266 3749 595 3811 Ὑπακούσας
654 3746 782 3803 ἀλλ’
866 3747 929 3802 οὐ
989 3748 1335 3821 παρακούσας
1370 3793 1383 3818 ,
1466 3752 1665 3825 μάκαρ,
1750 3758 1851 3821 τῆς

198 3840 347 3904 θείας
375 3837 624 3909 ἐντολῆς,
654 3837 777 3906 ¹ἥτις
808 3835 960 3914 φησί·
984 3838 1088 3905 Μὴ
1131 3836 1321 3909 γνώτω
1349 3840 1382 3907 ἡ
1416 3838 1545 3893 λαιά
1597 3860 1694 3893 σου
1754 3843 1851 3908 τῆς

206 3929 382 4004 δεξιᾶς
410 3930 472 3984 τὸ
503 3922 683 4002 ἔργον,
710 3924 911 3997 πολλῷ
931 3925 1130 3994 ταύτην
1156 3926 1519 4002 ὑπερήλασας,
1548 3927 1661 3983 οὐδ’
1692 3928 1850 3985 αὐτὸν

205 4020 269 4075 ὃν
328 4018 637 4093 εὐηργέτεις
724 4012 893 4086 ἄνδρα
939 4012 1376 4089 παραδεξάμενος
1428 4019 1694 4073 κοινωνὸν
1752 4026 1853 4089 τῆς

213 4108 446 4186 βουλῆς,
480 4104 603 4161 οὐδὲ
633 4109 727 4159 τοῦ
754 4108 963 4158 σκοποῦ
988 4108 1083 4157 τοῦ
1116 4108 1211 4157 σοῦ
1260 4105 1568 4178 συνίστορα.

282 4197 599 4268 Ῥιζοτόμος
687 4191 815 4249 ἀλλ’
877 4192 941 4247 οὐ
1023 4193 1333 4268 φυτοκόμος
1416 4196 1593 4263 πᾶσης
1665 4198 1855 4260 κακίας

211 4289 476 4366 πέφηνας
562 4283 895 4361 ἐμφύτευσόν
984 4304 1099 4355 μοι,
1160 4284 1354 4356 Πάτερ,
1441 4286 1641 4357 εὐθαλῆ
1734 4310 1860 4343 συν..

211 4384 395 4455 ηρεφῆ
453 4374 713 4449 στελέχη,
789 4374 1110 4433 κατασκίους
1190 4374 1540 4449 πολυχύτους
1616 4378 1864 4452 ὄρπηκας

211 4470 421 4542 ἀρετῶν
454 4465 545 4520 καὶ
579 4464 745 4539 ἱερῶν
782 4462 1049 4538 χαρίτων,
1081 4463 1180 4530 τὴν
1223 4462 1505 4535 ἀκανθώδη
1571 4488 1674 4537 μου
1731 4465 1865 4541 βλά-

214 4579 351 4627 στην
432 4554 765 4631 ῥιζοτομῶν,
848 4550 938 4606 καὶ
1018 4550 1113 4621 τὰς
1198 4549 1459 4623 ἐμπαθεῖς
1513 4552 1866 4632 παραφυάδας

216 4644 513 4720 πιμπλῶν.

290 4734 563 4809 Οὐρανίου
594 4730 721 4786 ἀλλ’
756 4731 860 4785 οὐκ
890 4727 1152 4803 ἐπιγείου
1209 4726 1370 4801 δόξης
1426 4737 1613 4806 τυχεῖν
1674 4732 1871 4788 ἐπιπο-

221 4826 360 4893 θῶν,
392 4822 489 4889 τὴν
551 4816 858 4895 συρομένην
916 4817 1066 4871 κάτω
1120 4814 1397 4890 ὑπερεῖδες
1452 4818 1527 4881 ὡς
1576 4840 1868 4895 παρερχο-

220 4915 418 4988 μένην,
452 4912 525 4971 ὼς
557 4908 856 4981 λυομένην,
884 4907 965 4971 ⁴ὡς
996 4911 1120 4976 σκιᾷ
1150 4905 1526 4977 κατάλληλον,
1574 4912 1648 4973 ὡς
1680 4911 1874 4986 ὀνείρῳ

214 5000 730 5073 παρεικαζομένην,
764 4996 837 5057 ὡς
871 4995 1237 5050 ἀνυπόστατον
1295 4998 1385 5050 καὶ
1444 4998 1637 5070 ὁμοίαν
1668 5006 1875 5075 τρανῶς

218 5094 420 5162 καπνῷ
452 5090 588 5164 πρὸς
621 5088 750 5157 ἀέρα
781 5082 1105 5158 διαρῥέοντι.

280 5177 643 5249 Βεοηλώσας
674 5173 800 5229 ἀλλ’
833 5172 893 5228 οὐ
926 5171 1249 5242 καθηλώσεις
1308 5173 1367 5229 ἐκ
1423 5179 1517 5229 τοῦ
1570 5180 1665 5230 σοῢ
1706 5173 1878 5246 φόϐου

220 5271 329 5334 τὰς
388 5266 521 5341 ἐμὰς
572 5267 791 5340 σάρκας,
842 5262 930 5318 καὶ
1003 5262 1104 5329 τήν
1158 5264 1371 5337 ἁγνείαν
1433 5265 1505 5325 ὡς
1560 5268 1587 5319 ὁ
1644 5262 1883 5341 βέϐηλος

223 5361 405 5427 ιῌσαῦ
461 5356 551 5411 καὶ
594 5354 825 5427 πόρνος,
906 5350 1071 5411 λύσας
1148 5350 1390 5426 λαγνείᾳ,
1450 5354 1654 5429 πόρνης
1740 5355 1881 5428 μέλη

236 5442 458 5524 βέϐηλα
513 5444 583 5499 τὰ
640 5443 706 5497 σὰ
764 5437 905 5514 μέλη
993 5438 1059 5492 τὰ
1133 5441 1456 5514 ἡγιασμένα,
1514 5444 1732 5517 Χριστὲ,
1790 5467 1889 5500 πε-

231 5534 618 5608 ποίηκαττὸθεν
651 5553 718 5607 με
743 5533 865 5593 ταῖς
896 5527 1085 5602 εὐχαῖς
1112 5533 1208 5584 τοῦ
1256 5533 1360 5584 σοῦ
1400 5532 1696 5589 Νικολάου
1724 5534 1891 5591 πάλιν

220 5626 494 5706 ἅγνισον.

531 5744 804 5804 Panos.
848 5741 965 5800 Gn.
1009 5738 1216 5801 XCVI.

1700 3194 1834 3250 κόλ-
1866 3152 1909 3220 C

1899 4514 1943 4579 D

1932 1884 2132 1921 amore
2195 1885 2585 1939 supernarum
2661 1870 3110 1941 divinarumque
3188 1873 3575 1942 voluptatum,

1932 1957 2139 2011 mundi
2197 1957 2519 2012 tumultum
2579 1958 2798 2027 odisse,

2873 1960 3147 2015 dulcibus
3207 1962 3577 2017 orationibus

1933 2046 2262 2116 permultos
2295 2046 2570 2103 docuisti.

2010 2135 2138 2189 Vim
2158 2140 2217 2189 et
2241 2135 2518 2190 virtutem
2532 2138 2633 2191 Dei
2658 2137 2988 2204 indutus,et
3007 2146 3307 2193 armatura
3328 2141 3581 2194 circum-

1939 2229 2141 2294 septus
2166 2225 2429 2278 materiae
2458 2227 2704 2297 experti,
2739 2226 2920 2281 Belial
2952 2228 3180 2296 sagittis
3213 2245 3330 2281 non
3364 2230 3586 2283 saucia-

1936 2317 2034 2367 tus
2064 2329 2148 2381 es,
2180 2314 2298 2368 imo
2330 2314 2645 2384 profanum
2676 2314 2804 2386 ejus
2835 2331 2937 2369 cor
2965 2316 3243 2370 sauciasti
3274 2316 3423 2386 ipse.

2010 2491 2367 2563 Quadrijugo
2426 2493 2647 2558 currui,
2710 2492 2880 2564 igneo
2952 2493 3242 2561 vehiculo,
3302 2495 3585 2549 virtutum

1942 2582 2322 2650 quaternioni
2355 2582 2597 2635 innixus
2646 2580 2721 2634 ad
2766 2582 3000 2645 ccelum,
3059 2598 3173 2651 quo
3205 2599 3395 2652 nuper
3425 2600 3583 2653 pras-

1942 2675 2202 2723 cesserat
2251 2686 2582 2739 prwcursor
2629 2669 2916 2732 Christus,
2967 2669 3079 2738 ipsi
3128 2670 3586 2739 conspiciendus

1945 2757 2284 2811 ascendisti.

2018 2846 2188 2899 Velut
2219 2845 2305 2900 sal
2336 2845 2623 2911 divinum,
2658 2844 2848 2913 beate,
2881 2844 3098 2899 missus
3138 2860 3199 2898 es
3248 2845 3308 2899 in
3352 2844 3590 2900 univer-

1946 2950 2077 2988 sum
2110 2933 2420 3001 mundum,
2453 2933 2829 3003 putredinem
2880 2932 3310 3003 desperationis
3351 2938 3591 2987 sanatu-

1946 3040 2101 3089 rum,
2136 3028 2195 3076 et
2222 3022 2674 3076 tribulationum
2707 3021 2921 3077 fluctus
2944 3020 3325 3088 siccaturum,
3358 3021 3591 3076 animas

1950 3112 2173 3167 laxatas
2204 3112 2567 3167 confirmans
2608 3116 2665 3165 et
2694 3111 3127 3181 constringens.

2022 3203 2290 3271 Deiparce.
2324 3231 2392 3241 -—-
2422 3201 2527 3265 Qui
2552 3205 2717 3271 patre
2738 3199 2902 3254 nullo
2924 3204 3382 3267 ortus,materno
3406 3198 3466 3252 in
3490 3204 3589 3253 tuo

1950 3292 2082 3346 sinu
2114 3290 2387 3361 quiescit,
2422 3290 2617 3360 Virgo,
2649 3289 3109 3357 ChristusDeus;
3136 3287 3235 3356 qui
3270 3287 3432 3356 prius
3454 3286 3595 3343 abs-

1952 3397 2065 3451 que
2098 3386 2305 3446 matre,
2357 3396 2516 3433 nunc
2569 3378 2792 3449 absque
2851 3382 3015 3448 patre
3072 3393 3140 3431 ex
3202 3382 3253 3430 te
3286 3375 3599 3446 processit.

1954 3469 2249 3523 Abraham
2281 3468 2478 3523 sinum
2507 3483 2713 3523 rursus
2742 3465 3045 3538 aperuisti.

2159 3666 2269 3720 Ode
2307 3667 2399 3720 VI.
2435 3665 2727 3722 Contentus
2756 3670 2857 3731 est,
2886 3662 2978 3717 sed
3008 3677 3116 3716 non
3148 3666 3411 3717 retentus.

2034 3754 2221 3809 Divini
2255 3755 2534 3826 praecepti
2566 3754 2929 3817 observator,
2965 3768 3086 3807 non
3118 3757 3320 3807 autem
3342 3750 3620 3817 violator,

1962 3844 2152 3909 beate,
2186 3844 2344 3913 quod
2404 3843 2582 3899 dicit:
2637 3845 2873 3914 Ignoret
2917 3841 3164 3898 sinistra
3214 3846 3313 3897 tua
3363 3840 3623 3899 dexterae

1966 3951 2135 4005 opus,
2164 3933 2349 3988 multo
2400 3933 2719 4005 perfectius
2766 3932 2959 4005 egisti,
2993 3931 3094 4001 qui
3126 3947 3236 3985 nec
3285 3930 3473 3985 virum
3525 3929 3620 3985 cui

1967 4023 2380 4078 benefaciebas
2430 4022 2665 4077 consilii
2714 4021 3065 4092 participem
3115 4018 3327 4084 fecisti,
3374 4034 3483 4072 nec
3525 4034 3625 4070 vo-

1970 4113 2217 4167 luntatis
2250 4118 2362 4166 tum
2395 4111 2726 4166 conscium.

2045 4202 2378 4266 Eradicare,
2411 4216 2530 4253 non
2551 4204 2749 4253 autem
2773 4213 2919 4251 cura
2935 4195 3150 4259 fovere,
3185 4210 3422 4267 omnem
3450 4192 3625 4248 mali-

1975 4293 2118 4345 tiam
2149 4291 2305 4343 visus
2337 4306 2419 4342 es.
2456 4289 2675 4350 Insere,
2710 4287 2902 4347 Pater.
2935 4284 3136 4339 animo
3182 4299 3315 4339 meo
3349 4288 3625 4341 truncum

1980 4379 2327 4433 umbrosum
2359 4380 2417 4430 et
2446 4375 2779 4437 ﬂorentem,
2832 4389 3030 4428 ramos
3062 4388 3278 4442 Opacos
3327 4376 3385 4426 et
3414 4370 3624 4426 divites

1980 4469 2260 4521 virtutum
2292 4470 2351 4519 et
2379 4470 2720 4519 sanctarum
2772 4462 3115 4534 gratiarum,
3155 4461 3400 4530 spinosa
3431 4459 3626 4520 eradi-

1979 4572 2142 4622 cans,
2175 4559 2233 4608 et
2260 4552 2652 4624 cupiditatum
2684 4549 3339 4623 propaginemtollens.

2050 4730 2464 4799 C(elestis,non
2494 4728 2794 4785 terrestris
2824 4726 3013 4800 gloria
3032 4725 3370 4783 obtinenda)
3391 4724 3621 4793 avidus,

1982 4828 2279 4878 terrenam
2308 4820 2719 4891 contempsisti
2762 4825 3042 4889 tanquam
3088 4817 3410 4888 fugitivam,
3444 4815 3624 4885 fragi-

1982 4914 2122 4979 lem,
2151 4911 2362 4966 umbra
2390 4910 2945 4973 inconstantiorem,
2978 4906 3195 4963 somnii
3235 4905 3626 4976 persimilem,

1984 5002 2290 5065 caducam,
2325 5006 2382 5054 et
2409 4999 2553 5054 fumi
2603 4998 2761 5054 haud
2812 4996 3165 5052 dissimilem
3216 4994 3280 5050 in
3326 5010 3467 5049 aera
3496 5009 3631 5048 eva-

1986 5089 2307 5147 nescentis.

2062 5178 2281 5234 Violavi
2320 5193 2530 5233 carnes
2560 5192 2744 5245 meas,
2798 5177 3007 5231 timore
3064 5179 3163 5230 tuo
3211 5189 3330 5229 non
3377 5171 3635 5234 conﬁxi;

1992 5268 2389 5325 contaminavi
2417 5266 2747 5321 castitatem
2770 5280 2965 5321 meam
2999 5263 3330 5321 sicutEsau
3361 5260 3644 5333 profanus

1997 5365 2055 5413 et
2084 5362 2406 5424 scortator;
2435 5354 2763 5409 meretricis
2786 5353 3021 5411 libidini
3048 5351 3316 5407 membra
3346 5348 3641 5414 commisi,

2000 5448 2250 5511 Christe,
2290 5463 2322 5501 a
2354 5451 2409 5500 te
2442 5444 2846 5509 sanctificata;
2898 5442 3055 5497 beati
3109 5441 3337 5503 Nicolai
3369 5439 3647 5512 precibus

2002 5553 2209 5593 rursus
2241 5552 2335 5591 me
2367 5534 2694 5591 sanctiﬁca.

3300 5739 3378 5795 44
