4066 6218
218 298 357 352 1389

1487 294 1785 348 HYMNUS
1820 292 1896 346 1N
1933 294 1997 351 8.
2034 296 2346 353 PETRUM.

3482 312 3621 368 1390

212 419 303 476 καὶ
333 418 643 492 ποΑύτιμον
679 417 848 494 μύρον
879 417 954 481 εἷς
1014 415 1242 479 εὐωδίας
1291 417 1467 490 ὀσμὴν
1519 412 1855 491 προσαχθέν-

2025 421 2196 488 blata,
2232 427 2286 476 te
2320 422 2543 478 mundo
2576 424 2798 480 flumen
2832 428 3317 485 sanctificationis
3348 435 3620 504 praebue-

210 530 298 571 τες
352 513 431 580 τῷ
485 510 725 584 Χριστῷ,
784 508 1032 579 ποταμὸν
1090 510 1450 582 ἅγιάσματος,
1507 505 1596 560 καὶ
1679 504 1865 577 πηγὴν

209 599 360 653 θείου
396 598 594 673 μόρου,
629 597 717 651 καὶ
752 595 991 670 πέλαγος
1055 596 1634 669 θαυματουργημάτων
1686 586 1868 655 ἕθεντό

214 709 273 742 σε
305 686 521 759 κόσμῳ,
556 685 798 741 Νικόλαε
830 685 1149 761 ἱερομύστα.

290 776 597 831 Θεοτόκιον.
659 808 727 817 ——
774 775 933 849 ’Υπὲρ
1015 774 1210 845 αἰτίαν,
1297 774 1427 845 ὑπὲρ
1501 769 1705 828 ἔννοιαν
1782 769 1872 824 τὸν

214 864 559 941 προελθόντα
593 864 766 938 Λόγον
800 864 850 934 ἐξ
906 864 1151 917 ἀναιτίου
1215 862 1448 935 Ιίατρὸς,
1496 862 1586 915 καὶ
1628 865 1735 915 τῶν
1787 856 1875 912 ὅν-

212 977 324 1009 των
357 955 572 1008 πάντων
609 952 786 1007 αἶ’τιον
852 952 1238 1021 ἐσωμάτωσας,
1292 953 1464 1025 Κόρη·
1520 952 1575 1004 σε
1624 950 1728 1024 γὰρ
1782 947 1875 1002 αἰ-

215 1044 336 1098 τίαν
390 1039 597 1117 ἔσχηκε
651 1042 1022 1117 σαρκούμενος
1092 1039 1151 1095 ἐκ
1209 1044 1327 1112 σοῦ,
1406 1041 1492 1093 ἰνα
1560 1038 1707 1112 σώσῃ
1785 1057 1875 1091 τον

219 1132 527 1205 ἄνθρωπον,
563 1131 637 1192 ὡς
669 1129 1059 1208 φιλάνθρωπος
1093 1129 1267 1205 φύσει·
1331 1125 1401 1182 δι’
1453 1128 1524 1181 ὧν
1573 1126 1661 1181 καὶ
1712 1125 1877 1195 ἐνην-

218 1223 479 1294 θρώπησε
534 1218 732 1287 θέλων,
789 1219 878 1273 καὶ
942 1218 1338 1295 συνανεστράφη
1426 1217 1735 1291 ἀνθρώποις
1789 1235 1881 1291 φι-

228 1308 589 1384 λανθρώπως.

630 1411 767 1492 ’ῼδή
800 1414 874 1471 Θ“.
908 1415 995 1484 Μή
1038 1410 1305 1488 ἐποδύρου
1341 1434 1470 1485 μου.

296 1522 487 1583 Ἷλεῶς
517 1515 607 1575 ἔσο
642 1542 758 1593 μοι,
796 1524 1004 1595 Σῶτερ,
1047 1520 1101 1574 ἐν
1162 1520 1342 1594 ἡμέρᾳ
1393 1526 1491 1587 τῆς
1550 1514 1730 1586 δίκης,
1792 1517 1886 1574 ὅτε

229 1613 575 1687 παρίσταμαι
628 1609 834 1683 γυμνὸς
896 1614 976 1681 τῷ
1038 1611 1244 1683 βήματι
1304 1613 1384 1679 τῷ
1443 1608 1541 1679 σῷ·
1602 1605 1690 1659 καὶ
1744 1602 1886 1676 ’ίλεῳ

218 1702 347 1755 τότε
405 1700 646 1774 πρόσχες
710 1719 803 1770 μοι
890 1694 1125 1770 ὄμματι,
1200 1694 1482 1753 Νικολάου
1550 1698 1648 1750 τοῦ
1736 1691 1888 1748 θείου

1983 515 2140 576 runt,
2173 528 2472 566 sacrarum
2508 514 2784 583 magister
2814 516 3070 585 Nicolae,
3102 524 3157 572 et
3186 519 3410 575 fontem
3442 524 3621 581 divini

1984 599 2203 666 odoris,
2238 607 2295 653 et
2324 602 2756 674 praestigiosum
2789 622 2971 659 mare.

2056 780 2326 849 Deiparaz.
2360 810 2427 819 —
2459 782 2679 834 ΡΓωιοι·
2726 800 2987 847 causam,
3038 790 3369 857 praeterque
3412 788 3633 859 cogita-

1987 866 2207 922 tionem
2243 885 2309 922 ex
2341 875 2562 924 aeterno
2594 873 2761 925 Patre
2795 874 3059 943 genitum
3113 892 3310 929 rerum
3361 878 3632 932 omnium

1987 960 2289 1010 auctorem
2322 974 2567 1027 corpore
2601 958 2853 1026 donasti,
2890 962 3097 1031 Virgo;
3154 968 3207 1015 te
3258 963 3419 1016 enim
3468 964 3636 1035 geni-

1990 1044 2198 1099 tricem
2240 1045 2465 1110 habuit,
2526 1054 2830 1118 assumpto
2885 1066 3152 1119 corpore,
3208 1056 3271 1104 ut
3330 1052 3637 1107 hominem

1993 1133 2222 1188 salvum
2254 1135 2492 1201 faceret,
2526 1142 2727 1206 utpote
2754 1144 2966 1192 natura
2990 1138 3456 1211 benignissimus
3482 1159 3495 1207 ;
3521 1158 3639 1212 qua

1989 1223 2221 1277 ratione
2254 1223 2446 1277 libens
2478 1224 2653 1278 homo
2688 1226 2875 1280 factus
2907 1232 3015 1297 est,
3052 1234 3109 1282 et
3140 1228 3452 1301 benignius
3483 1230 3642 1287 inter

1994 1313 2268 1368 homines
2300 1319 2682 1369 conversatus
2716 1321 2820 1370 est.

2476 1422 2585 1475 Ode
2613 1423 2706 1476 IX.
2738 1424 2813 1476 Ne
2844 1440 2925 1477 me
2955 1422 3157 1478 doleas.

2068 1528 2400 1583 Misericors
2431 1529 2576 1583 mihi
2620 1536 2766 1592 esto,
2823 1530 3102 1593 Salvator,
3153 1531 3213 1584 in
3265 1531 3358 1585 die
3400 1533 3637 1603 judicii,

1999 1617 2234 1687 quando
2268 1617 2461 1671 nudus
2493 1617 2566 1671 ad
2600 1618 2857 1672 tribunal
2890 1625 3053 1671 tuum
3086 1619 3362 1673 accedam
3389 1638 3402 1685 ;
3438 1627 3494 1674 et
3538 1622 3642 1677 be-

2001 1707 2179 1778 nigno
2210 1712 2351 1760 tunc
2384 1722 2476 1760 me
2508 1706 2678 1760 oculo
2711 1706 3071 1761 consideres.
3106 1708 3324 1762 Nieolai
3358 1709 3475 1762 divi
3508 1727 3641 1781 gra-

222 1771 678 1865 πρεσὸείαιςέ-σῦ
732 1789 833 1863 γάρ
898 1788 947 1841 εἶ
1005 1786 1168 1860 μόνος
1228 1781 1400 1847 ὄντως
1488 1782 1730 1859 χρηστὸς
1789 1782 1879 1836 καὶ

2030 1812 2100 1861 a;
2132 1801 2193 1849 tu
2230 1795 2387 1849 enim
2419 1794 2583 1849 solus
2614 1812 2746 1850 vere
2780 1802 2975 1850 bonus
3008 1801 3066 1849 et
3096 1797 3455 1851 misericors.

218 1877 416 1939 Ἱλεως.

297 1973 381 2029 Ὠς
410 1968 510 2035 τήν
556 1967 837 2036 πραότητα
893 1965 1111 2039 στέρξας
1168 1968 1264 2017 τοῦ
1322 1961 1554 2027 θεόπτου
1604 1961 1871 2029 Μωσέως,

225 2057 451 2124 καῖτήν
512 2054 715 2109 ἐκείνου
777 2050 1082 2127 ἐκληρώσω
1143 2049 1297 2121 δόξαν
1358 2058 1457 2119 τῆς
1521 2052 1758 2124 μορφῆς·
1811 2048 1873 2101 τὸ

221 2147 327 2221 γάρ
388 2144 681 2217 πρόσωπόν
738 2163 834 2197 σου
890 2143 979 2197 καὶ
1040 2141 1175 2213 μετὰ
1234 2139 1459 2195 θάνατον
1518 2136 1876 2214 σελασφόροις

226 2237 408 2290 ἀκτῖσι
441 2235 615 2290 ἀΰλου
670 2237 953 2312 φωτισμοῦ
1009 2233 1098 2287 καὶ
1156 2232 1299 2307 αὐγῇ
1355 2230 1663 2307 γλυκυτάτη
1723 2246 1874 2299 περι-

227 2324 531 2397 ελάμπετο.

303 2410 752 2486 Ἀναμοχλεῦσας
784 2410 843 2465 ἐκ
879 2411 1092 2485 βάθρων
1122 2468 1125 2471 λ
1153 2414 1232 2481 τῷ
1276 2406 1478 2483 μοχλῷ
1535 2411 1644 2461 τῶν
1696 2404 1873 2478 εὐχῶν

223 2524 347 2568 σου,
378 2502 465 2557 καὶ
496 2499 837 2576 τειχοσείστῃ
868 2503 1111 2573 κραταιῷ
1142 2503 1219 2569 τῷ
1271 2497 1431 2569 ’ὸπλῳ
1475 2501 1572 2551 τοῦ
1621 2497 1875 2567 σταυροῦ,

222 2590 387 2667 ἔναγῆ
446 2590 641 2663 τεμένη
703 2590 1061 2663 μιαρωτάτων
1131 2590 1290 2656 θεῶν,
1376 2586 1580 2659 εὐαγεῖς
1668 2583 1875 2649 οἷ’κους,

228 2680 431 2754 μάκαρ,
464 2680 740 2753 ἀνήγειρες
796 2679 1013 2751 Χριστῷ
1059 2682 1141 2749 τῷ
1184 2674 1389 2749 κυρίως
1446 2673 1535 2727 καὶ
1589 2673 1739 2745 μόνῳ
1786 2668 1877 2724 καὶ

224 2770 365 2825 κατὰ
395 2767 552 2844 φύσιν
586 2771 723 2839 Θεῷ.

300 2859 443 2919 Νοὸς
493 2858 813 2911 ἀνύστακτον
875 2852 1029 2928 ὄμμα
1084 2855 1426 2925 κεκτημένος
1477 2852 1563 2906 καὶ
1628 2851 1884 2926 θεόφρον,

225 2949 319 3004 καὶ
378 2947 678 3019 καιομένην
741 2944 961 3019 ἀρεταῖς
1054 2939 1315 3016 λαμπάδα
1401 2943 1586 3015 νοεράν
1642 2941 1729 2993 καὶ
1788 2938 1886 3014 ἀρ-

230 3036 527 3108 δευομένην
610 3033 891 3089 πλουσίως
980 3034 1217 3087 πάντοτε
1300 3032 1395 3099 τῆς
1509 3026 1885 3101 έλεημοσόνης

232 3126 406 3197 ἐλαίῳ
451 3122 692 3198 δαψιλεῖ,
751 3122 827 3184 εἷς
886 3122 1059 3197 χαρὰν
1121 3118 1480 3191 εἰσελήλυθας
1536 3116 1632 3173 τοῦ
1690 3115 1887 3189 Κυρίου

237 3237 359 3272 σου.

314 3308 451 3359 Νοῦν
479 3301 851 3378 αὐτοκράτορα
908 3299 1051 3375 ἔχων
1102 3304 1208 3353 τῶν
1268 3298 1514 3373 ὀρέξεων,
1560 3296 1755 3371 Πάτερ,
1804 3300 1884 3368 τῷ

237 3393 645 3467 κοσμοκράτορι
701 3393 887 3466 ἐχθρῷ
971 3390 1227 3460 ἀντέστης
1310 3393 1602 3464 κραταιώς,
1686 3387 1887 3461 βοηθὸν

239 3484 561 3553 πλουτήσας
620 3483 711 3536 τὸν
770 3478 1205 3554 Παντοκράτορα·
1265 3480 1353 3533 καὶ
1398 3484 1581 3542 παθῶν
1634 3475 1891 3551 βασιλεύ-

240 3595 338 3635 σας
392 3572 667 3647 παρέστης
728 3571 779 3625 έν
836 3572 983 3625 νυκτῖ

238 3663 628 3736 αὐτοκράτορι.

315 3748 457 3809 Οὐδὲ
511 3748 780 3824 παράλιος
836 3750 1093 3822 ψάμμος,
1159 3744 1283 3801 οὐδὲ
1339 3744 1548 3815 πλῆθες
1616 3742 1898 3817 κυμάτων,

244 3841 283 3911 ἢ
319 3839 478 3917 βόλοι
512 3836 711 3913 δρόσου
741 3839 830 3892 καὶ
858 3837 1050 3893 λεπταὶ
1084 3833 1312 3910 ψεκάδες
1345 3840 1580 3912 νιφετοῦ,
1614 3834 1675 3888 οὗ
1729 3832 1898 3907 χορὸς

247 3934 511 4007 ἀστέρων,
546 3927 670 3983 οὐδὲ
702 3928 956 4005 σταγόνες
994 3929 1231 4003 βροχῆς,
1263 3926 1350 3980 καὶ
1392 3925 1635 3997 ποτάμια
1693 3925 1902 4000 ῥεῖθρα,

250 4021 316 4077 οῦ
344 4022 555 4093 νάματα
584 4022 775 4093 πηγῶν
834 4022 953 4079 τοῖς
1025 4020 1140 4076 σοῖς
1203 4014 1461 4088 θαύμασι,
1522 4013 1714 4089 Πάτερ,
1769 4032 1905 4085 παρ-

261 4112 622 4180 ισωθήσονται
638 4150 652 4163 .

1074 3566 1293 3644 βασιλεῖ
1368 3565 1760 3637 Κωνσταντίνῷ
1814 3565 1893 3636 τῷ

329 4198 640 4255 Θεοτόκιον.
677 4229 741 4239 -
799 4200 907 4250 Τοῦ
968 4198 1104 4249 Θεοῦ
1164 4196 1301 4248 κατά
1363 4194 1525 4269 χάριν
1580 4192 1706 4254 τοὺς
1765 4191 1917 4278 υἰοὺς

254 4293 365 4344 τῶν
398 4288 699 4362 ἀνθρώπων
725 4285 752 4339 ὁ
785 4282 1055 4348 συναίδιος
1086 4284 1208 4345 Υἱὸς
1240 4283 1328 4337 καὶ
1381 4284 1557 4357 Λόγος
1602 4286 1698 4337 τοῦ
1753 4286 1888 4336 Θεοῦ

257 4380 336 4439 ὠς
370 4378 493 4438 Υἱος
551 4376 840 4450 ἀνθρώπου
902 4372 960 4427 ἐκ
1016 4377 1115 4427 σοῦ
1175 4371 1471 4446 γενόμενος
1532 4372 1893 4446 ἀπειργάσατο

260 4464 443 4542 Κόρη·
482 4463 538 4519 ὅν
572 4464 791 4536 αἳτησαι
826 4463 966 4537 κάμέ
998 4462 1112 4517 υἱὸν
1142 4458 1269 4516 ὅντα
1297 4462 1515 4536 γεέννης
1572 4464 1706 4515 Θεοῦ
1757 4466 1923 4528 ποιῆ-

263 4575 352 4609 σαι
389 4554 527 4609 υἱόν.

743 4670 955 4725 ΙΩΑΝΝ
964 4671 1049 4725 ΟΥ
1086 4668 1425 4723 ΜΟΝΑΧΟΥ

423 4790 662 4842 ΚΑΝΩΝ
703 4790 819 4842 ΕΙΣ
862 4786 1006 4842 TON
1054 4786 1264 4840 ΑΓΙΟΝ
1307 4783 1578 4839 ΠΕΤΡΟΝ
1616 4783 1752 4838 TON

883 4857 1308 4913 ΚΟΡΥΦΑΙΟΝ.

340 4976 421 5031 Οῦ
454 4975 488 5042 ἡ
520 4974 863 5049 ἀκροστιχίς.
900 4974 1138 5049 Μο-Λπῄν
1174 4968 1286 5041 ᾇδω
1318 4991 1426 5039 σοι,
1488 4971 1672 5045 Πέτρε.
1723 4976 1919 5042 Ὺμνος

961 5044 1231 5101 Ἰωάννου.

385 5158 516 5240 ᾨδή
551 5166 629 5229 A’,
660 5163 836 5235 Ἧχος
871 5158 1059 5236 βαρύς.
1090 5159 1279 5214 Νεόσει
1315 5179 1406 5212 σον
1438 5159 1575 5232 πρὸς
1607 5154 1810 5231 γεώδη.

346 5272 510 5345 [Οοά.
545 5272 720 5326 £107
780 5272 861 5342 b.]
922 5268 1111 5339 Μόνην
1172 5267 1507 5338 έπιποθήσας
1554 5271 1659 5321 τῶν
1709 5266 1922 5341 ἀγαθῶν

267 5367 387 5418 τῶν
424 5358 767 5433 μελλόντων,
802 5362 953 5436 σοφὲ,
983 5362 1082 5429 τὴν
1115 5358 1438 5428 ἀπόλαυσιν,
1470 5360 1535 5411 τά
1568 5357 1755 5433 ῥέοντα
1786 5378 1924 5432 παρ-

270 5450 528 5528 έδραμες*
592 5450 712 5505 ὅθεν
770 5450 983 5524 Χριστῷ
1032 5447 1348 5517 ἐκολλήθης
1421 5446 1511 5502 καὶ
1596 5447 1924 5519 συνεκράθης

268 5540 427 5613 αὐτῷ
458 5537 710 5616 διαπύρῳ
744 5542 969 5613 στοργῇ.

345 5630 520 5689 Ὀλον
604 5650 662 5684 σε
740 5628 1099 5704 πυρακτώσας
1181 5625 1308 5699 πυρὶ
1395 5622 1551 5696 ἀῢλῳ
1630 5626 1717 5680 καὶ
1802 5632 1927 5705 θείῳ

1903 4352 1919 4379 9

1944 4561 1990 4625 D

2060 1971 2569 2027 Mansuetudiuem
2606 1972 2705 2042 qui
2739 1972 3025 2043 diligebas
3058 1972 3173 2026 divi
3208 1974 3442 2043 Moysis,
3474 1975 3635 2030 illus-

1984 2067 2139 2116 trem
2170 2062 2297 2131 ejus
2328 2060 2582 2115 formam
2624 2062 2866 2115 sortitus
2917 2078 3017 2127 es;
3071 2078 3207 2115 nam
3254 2063 3447 2117 vultus
3500 2070 3635 2118 tuus

1984 2151 2073 2206 vel
2106 2159 2238 2221 post
2266 2156 2517 2204 mortem
2552 2150 2732 2205 radiis
2781 2151 3045 2221 fulgebat
3073 2152 3409 2221 splendidis
3440 2154 3636 2207 incor-

1986 2239 2149 2311 porei
2182 2239 2427 2294 luminis
2458 2245 2515 2293 et
2546 2240 2675 2293 luce
2706 2240 3062 2310 gratissima.

2060 2418 2344 2473 Funditus
2375 2417 2636 2472 avellens
2666 2423 2826 2473 vecte
2857 2435 3100 2489 precum
3133 2424 3391 2486 tuarum,
3418 2428 3481 2475 ut
3506 2437 3633 2475 cru-

1987 2508 2071 2562 cis
2103 2510 2287 2562 ariete
2312 2524 2516 2562 muros
2539 2508 2833 2576 quatiens,
2862 2508 3245 2563 exsecrabilia
3268 2510 3488 2579 templa
3519 2510 3630 2564 im-

1988 2598 2221 2667 piorum
2254 2597 2500 2650 deorum
2530 2594 2809 2659 evertisti,
2842 2596 3050 2661 beate;
3104 2602 3162 2649 et
3193 2604 3426 2651 sanctas
3458 2598 3628 2651 sedes

1990 2684 2219 2738 Christo
2252 2684 2557 2739 wdiﬁcasti
2585 2684 2684 2753 qui
2718 2683 2878 2737 solus
2912 2690 2969 2737 et
2999 2691 3211 2738 natura
3231 2702 3364 2738 vere
3418 2687 3591 2739 Deus.

2064 2861 2316 2932 Spiritus
2347 2860 2517 2915 oculo
2550 2860 2831 2931 praeditus
2863 2860 3018 2930 vigili
3053 2864 3110 2913 et
3164 2862 3284 2929 pio,
3338 2868 3396 2914 et
3444 2861 3635 2915 facem

1995 2968 2203 3022 gerens
2237 2949 2547 3004 virtutibus
2577 2948 2908 3015 ardentem,
2942 2954 3000 3002 et
3026 2949 3450 3003 misericordia:
3504 2950 3634 3003 oleo

1997 3040 2371 3095 abundanter
2414 3040 2758 3105 instructus,
2803 3038 2865 3091 in
2916 3038 3198 3111 gaudium
3264 3038 3499 3092 Domini
3548 3038 3638 3092 in-

2000 3128 2215 3183 troisti.

2068 3308 2320 3361 Mentem
2352 3305 2577 3361 habens
2609 3304 2917 3359 aﬂ'ectibus
2954 3302 3383 3371 dominantem,
3446 3308 3640 3373 Pater,

2002 3395 2205 3450 mundi
2264 3395 2517 3467 principi
2568 3392 2755 3449 valide
2828 3393 3117 3460 restitisti,
3205 3394 3644 3464 Omnipotentis

2001 3486 2219 3540 auxilio
2251 3485 2488 3555 adjutus
2545 3485 2865 3537 affectuum
2925 3499 3027 3537 rex
3084 3483 3411 3552 apparuisti
3471 3489 3645 3539 nocte

2005 3574 2389 3631 Constantino
2422 3572 2785 3643 imperatori.

2080 3757 2194 3810 Nec
2228 3770 2410 3809 arena
2431 3752 2647 3807 littoris
2667 3768 2777 3806 nec
2818 3751 3105 3806 fluctuum
3134 3751 3326 3819 turba,
3358 3768 3469 3807 nec
3497 3752 3652 3809 roris

2012 3844 2277 3917 guttulm,
2312 3860 2421 3897 nec
2456 3848 2662 3897 tenues
2694 3841 2844 3896 nivis
2891 3841 3167 3910 globulae,
3200 3858 3309 3895 nec
3357 3846 3653 3896 astrorum

2016 3934 2254 3997 chorus,
2288 3949 2395 3987 nec
2427 3930 2766 3986 nimborum
2802 3930 2998 3997 stilla),
3031 3934 3133 3985 aut
3159 3929 3425 3985 ﬂuminis
3456 3930 3655 3997 unda},

2019 4029 2121 4079 aut
2148 4022 2402 4077 fontium
2436 4020 2677 4092 lympha
2707 4024 2957 4091 possunt
2976 4018 3279 4073 miraculis
3304 4017 3439 4083 tuis,
3463 4019 3657 4085 Pater,

2023 4111 2379 4183 comparari.

2095 4204 2373 4271 Deiparae.
2408 4227 2474 4236 -—
2506 4195 2607 4250 Dei
2638 4195 2825 4266 gratia
2874 4195 3027 4249 filios
3072 4192 3382 4247 hominum
3432 4190 3664 4259 liberet,

2029 4291 2129 4362 qui
2150 4289 2333 4343 Filius
2361 4285 2461 4339 Dei
2486 4290 2815 4338 comternus
2848 4287 2904 4336 et
2937 4282 3210 4345 Verbum,
3244 4296 3349 4350 per
3380 4284 3433 4333 te
3486 4278 3667 4333 Filius

2029 4378 2291 4434 hominis
2323 4373 2511 4427 factus
2542 4376 2650 4437 est,
2682 4370 2886 4442 Virgo;
2923 4370 3022 4441 qui
3054 4387 3145 4424 me
3171 4368 3359 4423 filium
3381 4368 3668 4439 geliennm

2034 4466 2335 4537 inquirere
2365 4460 2528 4516 venit
2558 4465 2621 4515 ut
2652 4460 2753 4513 Dei
2787 4459 2943 4514 ﬁlius
2977 4459 3204 4514 ﬁerem.

2520 4668 2815 4723 JOANNIS
2849 4667 3179 4724 MONACHI

2195 4795 2287 4848 ΠΥ
2303 4784 2491 4841 MNUS
2534 4791 2603 4844 IN
2646 4783 3253 4913 ΒῐὲιῗίτὲῧίΜΡΕΤΒυΜ
3292 4780 3505 4835 CORY-

2100 4985 2304 5038 Primze
2348 4995 2599 5034 versuum
2641 4977 2837 5030 litterae
2882 4974 3227 5041 signiﬁcant:
3276 4969 3540 5041 Carmen
3574 4962 3678 5019 tibi

2350 5068 2520 5117 cano,
2552 5052 2719 5104 Petre
2747 5064 2759 5112 ;
2794 5040 3051 5115 hymnus
3076 5040 3343 5097 Joannis.

2099 5171 2209 5227 Ode
2234 5172 2270 5224 1.
2309 5168 2482 5223 Sonus
2513 5168 2714 5236 gravis.
2749 5161 3110 5217 lnclinatione
3140 5165 3235 5213 tua
3264 5157 3336 5211 ad
3380 5162 3620 5209 terrena.

2109 5278 2289 5333 Unico
2327 5276 2539 5331 ardens
2597 5272 2925 5326 futororum
2974 5267 3268 5321 bonorum
3317 5262 3535 5327 studio,
3592 5276 3687 5315 sa-

2036 5368 2223 5440 piens,
2258 5364 2494 5436 fugitiva
2525 5359 2840 5423 iastidisti;
2887 5356 3046 5412 unde
3099 5356 3330 5410 Christo
3381 5349 3687 5407 adlimsisti

2034 5454 2473 5512 ferventissima
2502 5467 2638 5506 cum
2673 5466 2740 5504 eo
2772 5448 3089 5503 dilectione
3124 5446 3505 5517 conjunctus.

2107 5640 2315 5692 Totum
2359 5638 2412 5687 te
2466 5630 2598 5702 igne
2666 5628 3012 5700 incorporeo
3067 5631 3126 5681 et
3179 5626 3374 5680 divino
3435 5617 3697 5705 perussit
