  <div class='ocr_page' id='page_1' title='image "/cluster/home/n/w/nwhite01/storage/ocr_20150623/96/hvd.32044073502122/702.png"; bbox 0 0 4048 6210; ppageno 0'>
   <div class='ocr_carea' id='block_1_1' title="bbox 159 366 291 427">
    <p class='ocr_par' dir='ltr' id='par_1_1' title="bbox 159 366 291 427">
     <span class='ocr_line' id='line_1_1' title="bbox 159 366 291 427; baseline -0.03 -1"><span class='ocrx_word' id='word_1_1' title='bbox 159 366 291 427; x_wconf 73' lang='lat' dir='ltr'>i393</span> 
     </span>
    </p>
   </div>
   <div class='ocr_carea' id='block_1_2' title="bbox 145 489 1455 569">
    <p class='ocr_par' dir='ltr' id='par_1_2' title="bbox 145 489 1455 569">
     <span class='ocr_line' id='line_1_2' title="bbox 145 489 1455 569; baseline -0.003 -20"><span class='ocrx_word' id='word_1_2' title='bbox 145 493 374 569; x_wconf 75' lang='grc' dir='ltr'>καθαρὰν</span> <span class='ocrx_word' id='word_1_3' title='bbox 456 492 547 553; x_wconf 79' lang='grc' dir='ltr'>καὶ</span> <span class='ocrx_word' id='word_1_4' title='bbox 608 491 869 562; x_wconf 79' lang='grc' dir='ltr'>ἐκλεκτὴν</span> <span class='ocrx_word' id='word_1_5' title='bbox 956 494 1045 548; x_wconf 74' lang='grc' dir='ltr'>καὶ</span> <span class='ocrx_word' id='word_1_6' title='bbox 1098 492 1331 565; x_wconf 75' lang='grc' dir='ltr'>ἄμωμον</span> <span class='ocrx_word' id='word_1_7' title='bbox 1390 489 1455 560; x_wconf 77' lang='grc' dir='ltr'>ἤν</span> 
     </span>
    </p>
   </div>
   <div class='ocr_carea' id='block_1_3' title="bbox 146 579 1794 657">
    <p class='ocr_par' dir='ltr' id='par_1_3' title="bbox 146 579 1794 657">
     <span class='ocr_line' id='line_1_3' title="bbox 146 579 1794 657; baseline -0.004 -18"><span class='ocrx_word' id='word_1_8' title='bbox 146 583 617 657; x_wconf 78' lang='grc' dir='ltr'>Χριπὸςὸθεὸς,</span> <span class='ocrx_word' id='word_1_9' title='bbox 653 583 680 635; x_wconf 99' lang='lat'>6</span> <span class='ocrx_word' id='word_1_10' title='bbox 738 580 931 637; x_wconf 86' lang='grc' dir='ltr'>κάλλει</span> <span class='ocrx_word' id='word_1_11' title='bbox 991 580 1344 656; x_wconf 79' lang='grc' dir='ltr'>ἀσύγκριτος,</span> <span class='ocrx_word' id='word_1_12' title='bbox 1402 579 1644 647; x_wconf 78' lang='grc' dir='ltr'>ἱκετεύω,</span> <span class='ocrx_word' id='word_1_13' title='bbox 1697 580 1794 633; x_wconf 83' lang='grc' dir='ltr'>Δὲ-</span> 
     </span>
    </p>
   </div>
   <div class='ocr_carea' id='block_1_4' title="bbox 148 671 691 743">
    <p class='ocr_par' dir='ltr' id='par_1_4' title="bbox 148 671 691 743">
     <span class='ocr_line' id='line_1_4' title="bbox 148 671 691 743; baseline 0.006 -17"><span class='ocrx_word' id='word_1_14' title='bbox 148 692 363 741; x_wconf 86' lang='grc' dir='ltr'>σποινα,</span> <span class='ocrx_word' id='word_1_15' title='bbox 396 671 568 726; x_wconf 83' lang='grc' dir='ltr'>σῶσόν</span> <span class='ocrx_word' id='word_1_16' title='bbox 605 691 691 743; x_wconf 85' lang='grc' dir='ltr'>με.</span> 
     </span>
    </p>
   </div>
   <div class='ocr_carea' id='block_1_5' title="bbox 542 784 1401 861">
    <p class='ocr_par' dir='ltr' id='par_1_5' title="bbox 542 784 1401 861">
     <span class='ocr_line' id='line_1_5' title="bbox 542 784 1401 861; baseline 0 -21"><span class='ocrx_word' id='word_1_17' title='bbox 542 784 669 855; x_wconf 81' lang='grc' dir='ltr'>Ὠδή</span> <span class='ocrx_word' id='word_1_18' title='bbox 702 787 777 843; x_wconf 80' lang='grc' dir='ltr'>Ε“.</span> <span class='ocrx_word' id='word_1_19' title='bbox 813 787 980 861; x_wconf 88' lang='grc' dir='ltr'>Κύριε</span> <span class='ocrx_word' id='word_1_20' title='bbox 1014 786 1043 839; x_wconf 89' lang='lat'>6</span> <span class='ocrx_word' id='word_1_21' title='bbox 1100 786 1229 848; x_wconf 81' lang='grc' dir='ltr'>Θεός</span> <span class='ocrx_word' id='word_1_22' title='bbox 1276 806 1401 859; x_wconf 84' lang='grc' dir='ltr'>μου.</span> 
     </span>
    </p>
   </div>
   <div class='ocr_carea' id='block_1_6' title="bbox 226 873 1793 950">
    <p class='ocr_par' dir='ltr' id='par_1_6' title="bbox 226 873 1793 950">
     <span class='ocr_line' id='line_1_6' title="bbox 226 873 1793 950; baseline -0.003 -18"><span class='ocrx_word' id='word_1_23' title='bbox 226 877 446 949; x_wconf 82' lang='grc' dir='ltr'>Ῥώμης</span> <span class='ocrx_word' id='word_1_24' title='bbox 479 876 506 929; x_wconf 85' lang='grc' dir='ltr'>ὁ</span> <span class='ocrx_word' id='word_1_25' title='bbox 535 873 864 944; x_wconf 74' lang='grc' dir='ltr'>πολιοῦχος,</span> <span class='ocrx_word' id='word_1_26' title='bbox 896 875 984 929; x_wconf 73' lang='grc' dir='ltr'>καὶ</span> <span class='ocrx_word' id='word_1_27' title='bbox 1040 882 1142 944; x_wconf 79' lang='grc' dir='ltr'>τῆς</span> <span class='ocrx_word' id='word_1_28' title='bbox 1199 873 1472 950; x_wconf 80' lang='grc' dir='ltr'>βασιλείας</span> <span class='ocrx_word' id='word_1_29' title='bbox 1504 874 1532 928; x_wconf 85' lang='grc' dir='ltr'>ὁ</span> <span class='ocrx_word' id='word_1_30' title='bbox 1561 878 1793 947; x_wconf 86' lang='grc' dir='ltr'>ταμιοῦ-</span> 
     </span>
    </p>
   </div>
   <div class='ocr_carea' id='block_1_7' title="bbox 154 964 1791 1044">
    <p class='ocr_par' dir='ltr' id='par_1_7' title="bbox 154 964 1791 1044">
     <span class='ocr_line' id='line_1_7' title="bbox 154 964 1791 1044; baseline -0.003 -20"><span class='ocrx_word' id='word_1_31' title='bbox 154 989 278 1044; x_wconf 87' lang='grc' dir='ltr'>χος,</span> <span class='ocrx_word' id='word_1_32' title='bbox 338 970 372 1035; x_wconf 83' lang='grc' dir='ltr'><strong>ἡ</strong></span> <span class='ocrx_word' id='word_1_33' title='bbox 431 966 601 1041; x_wconf 81' lang='grc' dir='ltr'>πὲτρα</span> <span class='ocrx_word' id='word_1_34' title='bbox 645 969 746 1035; x_wconf 77' lang='grc' dir='ltr'>τῆς</span> <span class='ocrx_word' id='word_1_35' title='bbox 831 966 1085 1033; x_wconf 89' lang='grc' dir='ltr'>πίστεως,</span> <span class='ocrx_word' id='word_1_36' title='bbox 1143 966 1169 1021; x_wconf 92' lang='lat'>6</span> <span class='ocrx_word' id='word_1_37' title='bbox 1231 966 1449 1042; x_wconf 71' lang='grc' dir='ltr'>στερρὸς</span> <span class='ocrx_word' id='word_1_38' title='bbox 1533 964 1791 1039; x_wconf 72' lang='grc' dir='ltr'>θεμέλιος</span> 
     </span>
    </p>
   </div>
   <div class='ocr_carea' id='block_1_8' title="bbox 147 1053 1793 1130">
    <p class='ocr_par' dir='ltr' id='par_1_8' title="bbox 147 1053 1793 1130">
     <span class='ocr_line' id='line_1_8' title="bbox 147 1053 1793 1130; baseline -0.001 -19"><span class='ocrx_word' id='word_1_39' title='bbox 147 1065 250 1127; x_wconf 82' lang='grc' dir='ltr'>τῆς</span> <span class='ocrx_word' id='word_1_40' title='bbox 274 1054 571 1125; x_wconf 80' lang='grc' dir='ltr'>καθολικῆς</span> <span class='ocrx_word' id='word_1_41' title='bbox 599 1055 931 1127; x_wconf 76' lang='grc' dir='ltr'>Ἐκκλησίας</span> <span class='ocrx_word' id='word_1_42' title='bbox 966 1056 1133 1130; x_wconf 73' lang='grc' dir='ltr'>ἱεροῖς</span> <span class='ocrx_word' id='word_1_43' title='bbox 1189 1055 1455 1128; x_wconf 82' lang='grc' dir='ltr'>ὑμνείσθω</span> <span class='ocrx_word' id='word_1_44' title='bbox 1506 1054 1558 1109; x_wconf 85' lang='grc' dir='ltr'>ἐν</span> <span class='ocrx_word' id='word_1_45' title='bbox 1617 1053 1793 1129; x_wconf 74' lang='grc' dir='ltr'>ᾅσμα-</span> 
     </span>
    </p>
   </div>
   <div class='ocr_carea' id='block_1_9' title="bbox 142 1168 252 1204">
    <p class='ocr_par' dir='ltr' id='par_1_9' title="bbox 142 1168 252 1204">
     <span class='ocr_line' id='line_1_9' title="bbox 142 1168 252 1204; baseline 0.027 -3"><span class='ocrx_word' id='word_1_46' title='bbox 142 1168 252 1204; x_wconf 85' lang='grc' dir='ltr'>σιν.</span> 
     </span>
    </p>
   </div>
   <div class='ocr_carea' id='block_1_10' title="bbox 222 1232 1789 1309">
    <p class='ocr_par' dir='ltr' id='par_1_10' title="bbox 222 1232 1789 1309">
     <span class='ocr_line' id='line_1_10' title="bbox 222 1232 1789 1309; baseline -0.003 -18"><span class='ocrx_word' id='word_1_47' title='bbox 222 1239 361 1297; x_wconf 83' lang='grc' dir='ltr'>Ἕως</span> <span class='ocrx_word' id='word_1_48' title='bbox 419 1234 640 1296; x_wconf 69' lang='grc' dir='ltr'>ἑπτάκις</span> <span class='ocrx_word' id='word_1_49' title='bbox 691 1233 860 1288; x_wconf 89' lang='grc' dir='ltr'>πάλαι</span> <span class='ocrx_word' id='word_1_50' title='bbox 918 1238 1015 1289; x_wconf 90' lang='grc' dir='ltr'>τοῦ</span> <span class='ocrx_word' id='word_1_51' title='bbox 1080 1236 1314 1309; x_wconf 76' lang='grc' dir='ltr'>Χριστοῦ</span> <span class='ocrx_word' id='word_1_52' title='bbox 1378 1232 1685 1305; x_wconf 81' lang='grc' dir='ltr'>πυθόμενος</span> <span class='ocrx_word' id='word_1_53' title='bbox 1743 1235 1789 1288; x_wconf 85' lang='grc' dir='ltr'>εἱ</span> 
     </span>
    </p>
   </div>
   <div class='ocr_carea' id='block_1_11' title="bbox 149 1319 1788 1403">
    <p class='ocr_par' dir='ltr' id='par_1_11' title="bbox 149 1319 1788 1403">
     <span class='ocr_line' id='line_1_11' title="bbox 149 1319 1788 1403; baseline -0.002 -24"><span class='ocrx_word' id='word_1_54' title='bbox 149 1325 378 1403; x_wconf 75' lang='grc' dir='ltr'>ἀφήσεις</span> <span class='ocrx_word' id='word_1_55' title='bbox 433 1329 551 1386; x_wconf 87' lang='grc' dir='ltr'>τοῖς</span> <span class='ocrx_word' id='word_1_56' title='bbox 606 1323 1057 1398; x_wconf 78' lang='grc' dir='ltr'>ἐξαμαρτάνουσιν</span> <span class='ocrx_word' id='word_1_57' title='bbox 1113 1322 1186 1384; x_wconf 72' lang='grc' dir='ltr'>εἷς</span> <span class='ocrx_word' id='word_1_58' title='bbox 1244 1323 1321 1390; x_wconf 74' lang='grc' dir='ltr'>σὲ,</span> <span class='ocrx_word' id='word_1_59' title='bbox 1386 1320 1568 1395; x_wconf 78' lang='grc' dir='ltr'>Πέτρε,</span> <span class='ocrx_word' id='word_1_60' title='bbox 1619 1319 1788 1390; x_wconf 74' lang='grc' dir='ltr'>ἥκου-</span> 
     </span>
    </p>
   </div>
   <div class='ocr_carea' id='block_1_12' title="bbox 143 1407 1789 1487">
    <p class='ocr_par' dir='ltr' id='par_1_12' title="bbox 143 1407 1789 1487">
     <span class='ocr_line' id='line_1_12' title="bbox 143 1407 1789 1487; baseline -0.002 -20"><span class='ocrx_word' id='word_1_61' title='bbox 143 1412 371 1477; x_wconf 87' lang='grc' dir='ltr'>σας,οὐ</span> <span class='ocrx_word' id='word_1_62' title='bbox 430 1410 573 1487; x_wconf 75' lang='grc' dir='ltr'>λέγω</span> <span class='ocrx_word' id='word_1_63' title='bbox 632 1432 714 1466; x_wconf 90' lang='grc' dir='ltr'>σοι</span> <span class='ocrx_word' id='word_1_64' title='bbox 769 1410 871 1473; x_wconf 79' lang='grc' dir='ltr'>ἕως</span> <span class='ocrx_word' id='word_1_65' title='bbox 928 1410 1172 1481; x_wconf 76' lang='grc' dir='ltr'>ἑπτάκις,</span> <span class='ocrx_word' id='word_1_66' title='bbox 1211 1407 1671 1484; x_wconf 75' lang='grc' dir='ltr'>ἑϐδομηκοντάκις</span> <span class='ocrx_word' id='word_1_67' title='bbox 1732 1408 1789 1464; x_wconf 75' lang='grc' dir='ltr'>δὲ</span> 
     </span>
    </p>
   </div>
   <div class='ocr_carea' id='block_1_13' title="bbox 147 1498 542 1573">
    <p class='ocr_par' dir='ltr' id='par_1_13' title="bbox 147 1498 542 1573">
     <span class='ocr_line' id='line_1_13' title="bbox 147 1498 542 1573; baseline -0.005 -18"><span class='ocrx_word' id='word_1_68' title='bbox 147 1499 362 1573; x_wconf 66' lang='grc' dir='ltr'>μᾶλλον</span> <span class='ocrx_word' id='word_1_69' title='bbox 387 1498 542 1566; x_wconf 75' lang='grc' dir='ltr'>ἑπτά,</span> 
     </span>
    </p>
   </div>
   <div class='ocr_carea' id='block_1_14' title="bbox 219 1586 1785 1661">
    <p class='ocr_par' dir='ltr' id='par_1_14' title="bbox 219 1586 1785 1661">
     <span class='ocr_line' id='line_1_14' title="bbox 219 1586 1785 1661; baseline -0.002 -17"><span class='ocrx_word' id='word_1_70' title='bbox 219 1588 413 1661; x_wconf 86' lang='grc' dir='ltr'>Τίμιος</span> <span class='ocrx_word' id='word_1_71' title='bbox 435 1586 670 1642; x_wconf 82' lang='grc' dir='ltr'>ἐναντίον</span> <span class='ocrx_word' id='word_1_72' title='bbox 701 1587 900 1661; x_wconf 78' lang='grc' dir='ltr'>Κυρίου</span> <span class='ocrx_word' id='word_1_73' title='bbox 951 1587 979 1642; x_wconf 89' lang='lat'>6</span> <span class='ocrx_word' id='word_1_74' title='bbox 1036 1586 1260 1651; x_wconf 88' lang='grc' dir='ltr'>θάνατος</span> <span class='ocrx_word' id='word_1_75' title='bbox 1313 1591 1420 1641; x_wconf 81' lang='grc' dir='ltr'>τῶν</span> <span class='ocrx_word' id='word_1_76' title='bbox 1483 1586 1642 1641; x_wconf 79' lang='grc' dir='ltr'>ὁσίων</span> <span class='ocrx_word' id='word_1_77' title='bbox 1692 1586 1785 1641; x_wconf 83' lang='grc' dir='ltr'>αύ-</span> 
     </span>
    </p>
   </div>
   <div class='ocr_carea' id='block_1_15' title="bbox 136 1675 1787 1752">
    <p class='ocr_par' dir='ltr' id='par_1_15' title="bbox 136 1675 1787 1752">
     <span class='ocr_line' id='line_1_15' title="bbox 136 1675 1787 1752; baseline -0.001 -20"><span class='ocrx_word' id='word_1_78' title='bbox 136 1682 261 1748; x_wconf 86' lang='grc' dir='ltr'>τοῦ,</span> <span class='ocrx_word' id='word_1_79' title='bbox 290 1677 469 1739; x_wconf 82' lang='grc' dir='ltr'>καθὼς</span> <span class='ocrx_word' id='word_1_80' title='bbox 525 1677 844 1752; x_wconf 71' lang='grc' dir='ltr'>γέγραπταιο</span> <span class='ocrx_word' id='word_1_81' title='bbox 884 1676 911 1731; x_wconf 89' lang='lat'>6</span> <span class='ocrx_word' id='word_1_82' title='bbox 972 1677 1064 1739; x_wconf 86' lang='grc' dir='ltr'>σὸς</span> <span class='ocrx_word' id='word_1_83' title='bbox 1096 1675 1173 1748; x_wconf 75' lang='grc' dir='ltr'>δὲ,</span> <span class='ocrx_word' id='word_1_84' title='bbox 1207 1678 1547 1752; x_wconf 79' lang='grc' dir='ltr'>πανεύφημε,</span> <span class='ocrx_word' id='word_1_85' title='bbox 1587 1675 1787 1749; x_wconf 86' lang='grc' dir='ltr'>πολλῷ</span> 
     </span>
    </p>
   </div>
   <div class='ocr_carea' id='block_1_16' title="bbox 135 1763 1782 1843">
    <p class='ocr_par' dir='ltr' id='par_1_16' title="bbox 135 1763 1782 1843">
     <span class='ocr_line' id='line_1_16' title="bbox 135 1763 1782 1843; baseline -0.002 -21"><span class='ocrx_word' id='word_1_86' title='bbox 135 1768 468 1843; x_wconf 84' lang='grc' dir='ltr'>τιμιώτερος</span> <span class='ocrx_word' id='word_1_87' title='bbox 528 1763 724 1839; x_wconf 72' lang='grc' dir='ltr'>ὄντως,</span> <span class='ocrx_word' id='word_1_88' title='bbox 776 1768 851 1829; x_wconf 86' lang='grc' dir='ltr'>ὡς</span> <span class='ocrx_word' id='word_1_89' title='bbox 909 1770 1007 1821; x_wconf 89' lang='grc' dir='ltr'>τοῦ</span> <span class='ocrx_word' id='word_1_90' title='bbox 1058 1765 1205 1831; x_wconf 81' lang='grc' dir='ltr'>θείου</span> <span class='ocrx_word' id='word_1_91' title='bbox 1262 1767 1463 1827; x_wconf 83' lang='grc' dir='ltr'>πάθους</span> <span class='ocrx_word' id='word_1_92' title='bbox 1494 1765 1782 1842; x_wconf 80' lang='grc' dir='ltr'>ἐκσφράγι-</span> 
     </span>
    </p>
   </div>
   <div class='ocr_carea' id='block_1_17' title="bbox 140 1878 276 1931">
    <p class='ocr_par' dir='ltr' id='par_1_17' title="bbox 140 1878 276 1931">
     <span class='ocr_line' id='line_1_17' title="bbox 140 1878 276 1931; baseline 0.015 -20"><span class='ocrx_word' id='word_1_93' title='bbox 140 1878 276 1931; x_wconf 85' lang='grc' dir='ltr'>σμα.</span> 
     </span>
    </p>
   </div>
   <div class='ocr_carea' id='block_1_18' title="bbox 217 1944 1784 2021">
    <p class='ocr_par' dir='ltr' id='par_1_18' title="bbox 217 1944 1784 2021">
     <span class='ocr_line' id='line_1_18' title="bbox 217 1944 1784 2021; baseline -0.004 -17"><span class='ocrx_word' id='word_1_94' title='bbox 217 1950 425 2005; x_wconf 81' lang='grc' dir='ltr'>Ἀπασα</span> <span class='ocrx_word' id='word_1_95' title='bbox 457 1944 700 2021; x_wconf 83' lang='grc' dir='ltr'>μαλακία</span> <span class='ocrx_word' id='word_1_96' title='bbox 754 1945 814 2000; x_wconf 85' lang='grc' dir='ltr'>ἐκ</span> <span class='ocrx_word' id='word_1_97' title='bbox 861 1949 969 2002; x_wconf 81' lang='grc' dir='ltr'>τῶν</span> <span class='ocrx_word' id='word_1_98' title='bbox 1026 1945 1413 2013; x_wconf 79' lang='grc' dir='ltr'>πιστευόντων,</span> <span class='ocrx_word' id='word_1_99' title='bbox 1492 1945 1581 1998; x_wconf 84' lang='grc' dir='ltr'>καὶ</span> <span class='ocrx_word' id='word_1_100' title='bbox 1641 1949 1784 1998; x_wconf 77' lang='grc' dir='ltr'>πᾶσα</span> 
     </span>
    </p>
   </div>
   <div class='ocr_carea' id='block_1_19' title="bbox 134 2032 1785 2107">
    <p class='ocr_par' dir='ltr' id='par_1_19' title="bbox 134 2032 1785 2107">
     <span class='ocr_line' id='line_1_19' title="bbox 134 2032 1785 2107; baseline -0.002 -16"><span class='ocrx_word' id='word_1_101' title='bbox 134 2038 295 2098; x_wconf 83' lang='grc' dir='ltr'>νόσος</span> <span class='ocrx_word' id='word_1_102' title='bbox 322 2041 443 2098; x_wconf 86' lang='grc' dir='ltr'>ταῖς</span> <span class='ocrx_word' id='word_1_103' title='bbox 486 2035 828 2105; x_wconf 78' lang='grc' dir='ltr'>ἀλεξικάκοις</span> <span class='ocrx_word' id='word_1_104' title='bbox 883 2055 978 2089; x_wconf 89' lang='grc' dir='ltr'>σου</span> <span class='ocrx_word' id='word_1_105' title='bbox 1036 2033 1317 2107; x_wconf 82' lang='grc' dir='ltr'>παλάμαις</span> <span class='ocrx_word' id='word_1_106' title='bbox 1375 2032 1666 2104; x_wconf 73' lang='grc' dir='ltr'>ἠλαύνετο,</span> <span class='ocrx_word' id='word_1_107' title='bbox 1722 2034 1785 2097; x_wconf 80' lang='grc' dir='ltr'>ἅς</span> 
     </span>
    </p>
   </div>
   <div class='ocr_carea' id='block_1_20' title="bbox 130 2122 1678 2199">
    <p class='ocr_par' dir='ltr' id='par_1_20' title="bbox 130 2122 1678 2199">
     <span class='ocr_line' id='line_1_20' title="bbox 130 2122 1678 2199; baseline -0.002 -18"><span class='ocrx_word' id='word_1_108' title='bbox 130 2126 393 2187; x_wconf 77' lang='grc' dir='ltr'>ἐπιτιθεὲς</span> <span class='ocrx_word' id='word_1_109' title='bbox 423 2130 539 2187; x_wconf 87' lang='grc' dir='ltr'>τοῖς</span> <span class='ocrx_word' id='word_1_110' title='bbox 568 2128 839 2195; x_wconf 78' lang='grc' dir='ltr'>νοσοῦσιν,</span> <span class='ocrx_word' id='word_1_111' title='bbox 878 2125 1047 2199; x_wconf 84' lang='grc' dir='ltr'>ὑγιεῖς</span> <span class='ocrx_word' id='word_1_112' title='bbox 1095 2122 1354 2192; x_wconf 80' lang='grc' dir='ltr'>ἐδείκνυς,</span> <span class='ocrx_word' id='word_1_113' title='bbox 1389 2122 1678 2179; x_wconf 86' lang='grc' dir='ltr'>ἀπόστολε.</span> 
     </span>
    </p>
   </div>
   <div class='ocr_carea' id='block_1_21' title="bbox 206 2212 1781 2287">
    <p class='ocr_par' dir='ltr' id='par_1_21' title="bbox 206 2212 1781 2287">
     <span class='ocr_line' id='line_1_21' title="bbox 206 2212 1781 2287; baseline -0.003 -17"><span class='ocrx_word' id='word_1_114' title='bbox 206 2216 516 2271; x_wconf 85' lang='grc' dir='ltr'>Θεοτόκιον.</span> <span class='ocrx_word' id='word_1_115' title='bbox 551 2247 619 2256; x_wconf 89' lang='grc'><strong>-</strong></span> <span class='ocrx_word' id='word_1_116' title='bbox 646 2217 920 2287; x_wconf 74' lang='grc' dir='ltr'>*Υψωσας,</span> <span class='ocrx_word' id='word_1_117' title='bbox 975 2212 1222 2278; x_wconf 88' lang='grc' dir='ltr'>Θεοτόκε,</span> <span class='ocrx_word' id='word_1_118' title='bbox 1282 2213 1379 2281; x_wconf 74' lang='grc' dir='ltr'>τήν</span> <span class='ocrx_word' id='word_1_119' title='bbox 1424 2217 1781 2275; x_wconf 84' lang='grc' dir='ltr'>ταπεινωθεῖ-</span> 
     </span>
    </p>
   </div>
   <div class='ocr_carea' id='block_1_22' title="bbox 129 2300 1778 2380">
    <p class='ocr_par' dir='ltr' id='par_1_22' title="bbox 129 2300 1778 2380">
     <span class='ocr_line' id='line_1_22' title="bbox 129 2300 1778 2380; baseline -0.004 -20"><span class='ocrx_word' id='word_1_120' title='bbox 129 2326 229 2360; x_wconf 87' lang='grc' dir='ltr'>σαν</span> <span class='ocrx_word' id='word_1_121' title='bbox 280 2306 575 2377; x_wconf 82' lang='grc' dir='ltr'>ἀνθρώπων</span> <span class='ocrx_word' id='word_1_122' title='bbox 663 2302 841 2380; x_wconf 80' lang='grc' dir='ltr'>φύσιν,</span> <span class='ocrx_word' id='word_1_123' title='bbox 918 2303 1007 2356; x_wconf 83' lang='grc' dir='ltr'>καὶ</span> <span class='ocrx_word' id='word_1_124' title='bbox 1088 2301 1289 2371; x_wconf 81' lang='grc' dir='ltr'>ταύτην</span> <span class='ocrx_word' id='word_1_125' title='bbox 1347 2300 1623 2376; x_wconf 72' lang='grc' dir='ltr'>ἐξήγειρας</span> <span class='ocrx_word' id='word_1_126' title='bbox 1680 2304 1778 2355; x_wconf 90' lang='grc' dir='ltr'>τοῦ</span> 
     </span>
    </p>
   </div>
   <div class='ocr_carea' id='block_1_23' title="bbox 134 2390 1779 2470">
    <p class='ocr_par' dir='ltr' id='par_1_23' title="bbox 134 2390 1779 2470">
     <span class='ocr_line' id='line_1_23' title="bbox 134 2390 1779 2470; baseline -0.003 -22"><span class='ocrx_word' id='word_1_127' title='bbox 134 2393 377 2470; x_wconf 79' lang='grc' dir='ltr'>ἀρχαίου</span> <span class='ocrx_word' id='word_1_128' title='bbox 407 2394 724 2465; x_wconf 73' lang='grc' dir='ltr'>πτώματοςο</span> <span class='ocrx_word' id='word_1_129' title='bbox 756 2392 849 2447; x_wconf 90' lang='grc' dir='ltr'>τὸν</span> <span class='ocrx_word' id='word_1_130' title='bbox 884 2391 1113 2463; x_wconf 88' lang='grc' dir='ltr'>Χριστὸν</span> <span class='ocrx_word' id='word_1_131' title='bbox 1144 2392 1271 2465; x_wconf 80' lang='grc' dir='ltr'>γὰρ,</span> <span class='ocrx_word' id='word_1_132' title='bbox 1299 2391 1390 2445; x_wconf 86' lang='grc' dir='ltr'>τὸν</span> <span class='ocrx_word' id='word_1_133' title='bbox 1450 2390 1779 2463; x_wconf 77' lang='grc' dir='ltr'>ἀνορθοῦντα</span> 
     </span>
    </p>
   </div>
   <div class='ocr_carea' id='block_1_24' title="bbox 128 2479 1123 2560">
    <p class='ocr_par' dir='ltr' id='par_1_24' title="bbox 128 2479 1123 2560">
     <span class='ocr_line' id='line_1_24' title="bbox 128 2479 1123 2560; baseline -0.005 -22"><span class='ocrx_word' id='word_1_134' title='bbox 128 2485 263 2545; x_wconf 79' lang='grc' dir='ltr'>τοὺς</span> <span class='ocrx_word' id='word_1_135' title='bbox 294 2483 785 2560; x_wconf 72' lang='grc' dir='ltr'>κατερραγμὲνους,</span> <span class='ocrx_word' id='word_1_136' title='bbox 815 2479 1123 2556; x_wconf 74' lang='grc' dir='ltr'>ἐγέννησας.</span> 
     </span>
    </p>
   </div>
   <div class='ocr_carea' id='block_1_25' title="bbox 665 2595 1253 2666">
    <p class='ocr_par' dir='ltr' id='par_1_25' title="bbox 665 2595 1253 2666">
     <span class='ocr_line' id='line_1_25' title="bbox 665 2595 1253 2666; baseline 0.003 -15"><span class='ocrx_word' id='word_1_137' title='bbox 665 2595 795 2666; x_wconf 79' lang='grc' dir='ltr'>Ὠδὴ</span> <span class='ocrx_word' id='word_1_138' title='bbox 832 2597 888 2666; x_wconf 74' lang='grc' dir='ltr'>ζ’.</span> <span class='ocrx_word' id='word_1_139' title='bbox 920 2599 1253 2653; x_wconf 78' lang='grc' dir='ltr'>Ναυτιῶντα.</span> 
     </span>
    </p>
   </div>
   <div class='ocr_carea' id='block_1_26' title="bbox 209 2680 1782 2762">
    <p class='ocr_par' dir='ltr' id='par_1_26' title="bbox 209 2680 1782 2762">
     <span class='ocr_line' id='line_1_26' title="bbox 209 2680 1782 2762; baseline -0.006 -17"><span class='ocrx_word' id='word_1_140' title='bbox 209 2690 287 2746; x_wconf 79' lang='grc' dir='ltr'>Τὰ</span> <span class='ocrx_word' id='word_1_141' title='bbox 316 2685 487 2762; x_wconf 82' lang='grc' dir='ltr'>ψευδῆ</span> <span class='ocrx_word' id='word_1_142' title='bbox 525 2693 749 2761; x_wconf 82' lang='grc' dir='ltr'>σημεῖα,</span> <span class='ocrx_word' id='word_1_143' title='bbox 804 2687 894 2741; x_wconf 78' lang='grc' dir='ltr'>καὶ</span> <span class='ocrx_word' id='word_1_144' title='bbox 952 2687 1046 2747; x_wconf 80' lang='grc' dir='ltr'>τὰς</span> <span class='ocrx_word' id='word_1_145' title='bbox 1095 2682 1477 2762; x_wconf 77' lang='grc' dir='ltr'>φασματώδεις</span> <span class='ocrx_word' id='word_1_146' title='bbox 1529 2680 1782 2756; x_wconf 83' lang='grc' dir='ltr'>δυνάμεις</span> 
     </span>
    </p>
   </div>
   <div class='ocr_carea' id='block_1_27' title="bbox 135 2772 1780 2853">
    <p class='ocr_par' dir='ltr' id='par_1_27' title="bbox 135 2772 1780 2853">
     <span class='ocr_line' id='line_1_27' title="bbox 135 2772 1780 2853; baseline -0.004 -20"><span class='ocrx_word' id='word_1_147' title='bbox 135 2781 238 2833; x_wconf 89' lang='grc' dir='ltr'>τοῦ</span> <span class='ocrx_word' id='word_1_148' title='bbox 276 2778 551 2851; x_wconf 81' lang='grc' dir='ltr'>Σίμωνος,</span> <span class='ocrx_word' id='word_1_149' title='bbox 610 2775 799 2851; x_wconf 75' lang='grc' dir='ltr'>Πέτρε,</span> <span class='ocrx_word' id='word_1_150' title='bbox 852 2779 947 2829; x_wconf 90' lang='grc' dir='ltr'>τοῦ</span> <span class='ocrx_word' id='word_1_151' title='bbox 1003 2774 1304 2853; x_wconf 86' lang='grc' dir='ltr'>καταράτου</span> <span class='ocrx_word' id='word_1_152' title='bbox 1364 2772 1437 2834; x_wconf 83' lang='grc' dir='ltr'>εἷς</span> <span class='ocrx_word' id='word_1_153' title='bbox 1488 2773 1551 2827; x_wconf 88' lang='grc' dir='ltr'>τὸ</span> <span class='ocrx_word' id='word_1_154' title='bbox 1613 2774 1780 2845; x_wconf 73' lang='grc' dir='ltr'>μηθὲν</span> 
     </span>
    </p>
   </div>
   <div class='ocr_carea' id='block_1_28' title="bbox 136 2861 1783 2939">
    <p class='ocr_par' dir='ltr' id='par_1_28' title="bbox 136 2861 1783 2939">
     <span class='ocr_line' id='line_1_28' title="bbox 136 2861 1783 2939; baseline -0.004 -17"><span class='ocrx_word' id='word_1_155' title='bbox 136 2865 405 2929; x_wconf 82' lang='grc' dir='ltr'>διαλύσας</span> <span class='ocrx_word' id='word_1_156' title='bbox 438 2864 723 2935; x_wconf 80' lang='grc' dir='ltr'>ἀνέλυσας,</span> <span class='ocrx_word' id='word_1_157' title='bbox 756 2866 830 2927; x_wconf 84' lang='grc' dir='ltr'>ὡς</span> <span class='ocrx_word' id='word_1_158' title='bbox 860 2865 1026 2933; x_wconf 73' lang='grc' dir='ltr'>ἣλιος</span> <span class='ocrx_word' id='word_1_159' title='bbox 1046 2862 1245 2939; x_wconf 82' lang='grc' dir='ltr'>γνόφον</span> <span class='ocrx_word' id='word_1_160' title='bbox 1270 2863 1359 2917; x_wconf 86' lang='grc' dir='ltr'>καὶ</span> <span class='ocrx_word' id='word_1_161' title='bbox 1396 2861 1661 2937; x_wconf 82' lang='grc' dir='ltr'>ὀμίχλην·</span> <span class='ocrx_word' id='word_1_162' title='bbox 1693 2862 1783 2916; x_wconf 83' lang='grc' dir='ltr'>καὶ</span> 
     </span>
    </p>
   </div>
   <div class='ocr_carea' id='block_1_29' title="bbox 137 2952 1175 3029">
    <p class='ocr_par' dir='ltr' id='par_1_29' title="bbox 137 2952 1175 3029">
     <span class='ocr_line' id='line_1_29' title="bbox 137 2952 1175 3029; baseline -0.005 -17"><span class='ocrx_word' id='word_1_163' title='bbox 137 2954 359 3020; x_wconf 69' lang='grc' dir='ltr'>πολλὰς</span> <span class='ocrx_word' id='word_1_164' title='bbox 391 2953 644 3029; x_wconf 82' lang='grc' dir='ltr'>δυνάμεις</span> <span class='ocrx_word' id='word_1_165' title='bbox 669 2955 720 3009; x_wconf 83' lang='grc' dir='ltr'>ἐν</span> <span class='ocrx_word' id='word_1_166' title='bbox 754 2958 870 3026; x_wconf 85' lang='grc' dir='ltr'>Θεῷ</span> <span class='ocrx_word' id='word_1_167' title='bbox 896 2952 1175 3024; x_wconf 74' lang='grc' dir='ltr'>ἐποίησας.</span> 
     </span>
    </p>
   </div>
   <div class='ocr_carea' id='block_1_30' title="bbox 209 3040 1781 3122">
    <p class='ocr_par' dir='ltr' id='par_1_30' title="bbox 209 3040 1781 3122">
     <span class='ocr_line' id='line_1_30' title="bbox 209 3040 1781 3122; baseline -0.005 -20"><span class='ocrx_word' id='word_1_168' title='bbox 209 3048 275 3103; x_wconf 85' lang='grc' dir='ltr'><strong>Ἦ</strong></span> <span class='ocrx_word' id='word_1_169' title='bbox 309 3049 444 3101; x_wconf 79' lang='grc' dir='ltr'>Θεοῦ</span> <span class='ocrx_word' id='word_1_170' title='bbox 502 3046 666 3122; x_wconf 65' lang='grc' dir='ltr'>σοφία</span> <span class='ocrx_word' id='word_1_171' title='bbox 724 3046 760 3113; x_wconf 81' lang='grc' dir='ltr'>ἡ</span> <span class='ocrx_word' id='word_1_172' title='bbox 812 3042 1195 3114; x_wconf 80' lang='grc' dir='ltr'>ἐξουσιάζουσα</span> <span class='ocrx_word' id='word_1_173' title='bbox 1246 3041 1486 3110; x_wconf 87' lang='grc' dir='ltr'>πάντων,</span> <span class='ocrx_word' id='word_1_174' title='bbox 1536 3040 1627 3095; x_wconf 84' lang='grc' dir='ltr'>καὶ</span> <span class='ocrx_word' id='word_1_175' title='bbox 1675 3041 1781 3111; x_wconf 75' lang='grc' dir='ltr'>σοὶ,</span> 
     </span>
    </p>
   </div>
   <div class='ocr_carea' id='block_1_31' title="bbox 130 3130 1784 3210">
    <p class='ocr_par' dir='ltr' id='par_1_31' title="bbox 130 3130 1784 3210">
     <span class='ocr_line' id='line_1_31' title="bbox 130 3130 1784 3210; baseline -0.005 -18"><span class='ocrx_word' id='word_1_176' title='bbox 130 3136 330 3210; x_wconf 67' lang='grc' dir='ltr'>Πέτρε,</span> <span class='ocrx_word' id='word_1_177' title='bbox 362 3130 592 3189; x_wconf 78' lang='grc' dir='ltr'>δέδωκεν</span> <span class='ocrx_word' id='word_1_178' title='bbox 615 3132 851 3205; x_wconf 75' lang='grc' dir='ltr'>ἐξουσίαν</span> <span class='ocrx_word' id='word_1_179' title='bbox 903 3136 1093 3187; x_wconf 78' lang='grc' dir='ltr'>πατεῖν</span> <span class='ocrx_word' id='word_1_180' title='bbox 1151 3131 1330 3186; x_wconf 81' lang='grc' dir='ltr'>ἐπάνω</span> <span class='ocrx_word' id='word_1_181' title='bbox 1389 3130 1663 3207; x_wconf 83' lang='grc' dir='ltr'>σκορπίων</span> <span class='ocrx_word' id='word_1_182' title='bbox 1694 3131 1784 3185; x_wconf 74' lang='grc' dir='ltr'>καὶ</span> 
     </span>
    </p>
   </div>
   <div class='ocr_carea' id='block_1_32' title="bbox 1370 365 2331 423">
    <p class='ocr_par' dir='ltr' id='par_1_32' title="bbox 1370 365 2331 423">
     <span class='ocr_line' id='line_1_32' title="bbox 1370 365 2331 423; baseline 0 0"><span class='ocrx_word' id='word_1_183' title='bbox 1370 368 1674 423; x_wconf 79' lang='lat' dir='ltr'><strong>HYMNUS</strong></span> <span class='ocrx_word' id='word_1_184' title='bbox 1712 367 1789 423; x_wconf 84' lang='lat' dir='ltr'>IN</span> <span class='ocrx_word' id='word_1_185' title='bbox 1823 367 1884 422; x_wconf 77' lang='grc' dir='ltr'>Β.</span> <span class='ocrx_word' id='word_1_186' title='bbox 1925 365 2331 423; x_wconf 77' lang='lat' dir='ltr'>GEORGIUM.</span> 
     </span>
    </p>
   </div>
   <div class='ocr_carea' id='block_1_33' title="bbox 1817 1862 1865 1928">
    <p class='ocr_par' dir='ltr' id='par_1_33' title="bbox 1817 1862 1865 1928">
     <span class='ocr_line' id='line_1_33' title="bbox 1817 1862 1865 1928; baseline 0 0"><span class='ocrx_word' id='word_1_187' title='bbox 1817 1862 1865 1928; x_wconf 88' lang='grc' dir='ltr'><strong>Β</strong></span> 
     </span>
    </p>
   </div>
   <div class='ocr_carea' id='block_1_34' title="bbox 3420 372 3559 428">
    <p class='ocr_par' dir='ltr' id='par_1_34' title="bbox 3420 372 3559 428">
     <span class='ocr_line' id='line_1_34' title="bbox 3420 372 3559 428; baseline 0.007 -1"><span class='ocrx_word' id='word_1_188' title='bbox 3420 372 3559 428; x_wconf 79' lang='grc'>1394</span> 
     </span>
    </p>
   </div>
   <div class='ocr_carea' id='block_1_35' title="bbox 1543 491 3551 566">
    <p class='ocr_par' dir='ltr' id='par_1_35' title="bbox 1543 491 3551 566">
     <span class='ocr_line' id='line_1_35' title="bbox 1543 491 3551 566; baseline 0.005 -21"><span class='ocrx_word' id='word_1_189' title='bbox 1543 492 1798 564; x_wconf 80' lang='grc' dir='ltr'>ἠγάπησε</span> <span class='ocrx_word' id='word_1_190' title='bbox 1826 493 1876 559; x_wconf 81' lang='grc' dir='ltr'>Α</span> <span class='ocrx_word' id='word_1_191' title='bbox 1912 491 2347 551; x_wconf 78' lang='lat' dir='ltr'>sanctissimam</span> <span class='ocrx_word' id='word_1_192' title='bbox 2377 494 2582 550; x_wconf 83' lang='lat' dir='ltr'>dilexit</span> <span class='ocrx_word' id='word_1_193' title='bbox 2612 495 2879 550; x_wconf 76' lang='lat' dir='ltr'>Christus</span> <span class='ocrx_word' id='word_1_194' title='bbox 2910 496 3061 550; x_wconf 90' lang='lat' dir='ltr'>Deus</span> <span class='ocrx_word' id='word_1_195' title='bbox 3110 495 3551 566; x_wconf 79' lang='lat' dir='ltr'>pulchritudine</span> 
     </span>
    </p>
   </div>
   <div class='ocr_carea' id='block_1_36' title="bbox 1907 581 3227 654">
    <p class='ocr_par' dir='ltr' id='par_1_36' title="bbox 1907 581 3227 654">
     <span class='ocr_line' id='line_1_36' title="bbox 1907 581 3227 654; baseline 0.002 -19"><span class='ocrx_word' id='word_1_196' title='bbox 1907 581 2392 654; x_wconf 86' lang='lat' dir='ltr'>incomparabilis</span> <span class='ocrx_word' id='word_1_197' title='bbox 2419 601 2431 638; x_wconf 89' lang='lat'>:</span> <span class='ocrx_word' id='word_1_198' title='bbox 2467 601 2591 654; x_wconf 91' lang='lat' dir='ltr'>oro,</span> <span class='ocrx_word' id='word_1_199' title='bbox 2626 586 2895 652; x_wconf 88' lang='lat' dir='ltr'>Domina,</span> <span class='ocrx_word' id='word_1_200' title='bbox 2924 584 3083 640; x_wconf 87' lang='lat' dir='ltr'>salva</span> <span class='ocrx_word' id='word_1_201' title='bbox 3111 600 3227 639; x_wconf 93' lang='lat' dir='ltr'>me.</span> 
     </span>
    </p>
   </div>
   <div class='ocr_carea' id='block_1_37' title="bbox 2295 790 3147 846">
    <p class='ocr_par' dir='ltr' id='par_1_37' title="bbox 2295 790 3147 846">
     <span class='ocr_line' id='line_1_37' title="bbox 2295 790 3147 846; baseline -0.001 -1"><span class='ocrx_word' id='word_1_202' title='bbox 2295 790 2406 845; x_wconf 90' lang='lat' dir='ltr'>Ode</span> <span class='ocrx_word' id='word_1_203' title='bbox 2439 792 2499 845; x_wconf 92' lang='lat' dir='ltr'>V.</span> <span class='ocrx_word' id='word_1_204' title='bbox 2540 792 2765 845; x_wconf 83' lang='lat' dir='ltr'>Domine</span> <span class='ocrx_word' id='word_1_205' title='bbox 2802 792 2940 845; x_wconf 84' lang='lat' dir='ltr'>Deus</span> <span class='ocrx_word' id='word_1_206' title='bbox 2981 807 3147 846; x_wconf 85' lang='lat' dir='ltr'>meus.</span> 
     </span>
    </p>
   </div>
   <div class='ocr_carea' id='block_1_38' title="bbox 1974 880 3545 953">
    <p class='ocr_par' dir='ltr' id='par_1_38' title="bbox 1974 880 3545 953">
     <span class='ocr_line' id='line_1_38' title="bbox 1974 880 3545 953; baseline 0.003 -21"><span class='ocrx_word' id='word_1_207' title='bbox 1974 880 2172 933; x_wconf 73' lang='lat' dir='ltr'>Romae</span> <span class='ocrx_word' id='word_1_208' title='bbox 2204 886 2523 950; x_wconf 74' lang='lat' dir='ltr'>praeses,et</span> <span class='ocrx_word' id='word_1_209' title='bbox 2551 882 2693 953; x_wconf 91' lang='lat' dir='ltr'>regii</span> <span class='ocrx_word' id='word_1_210' title='bbox 2711 882 2923 949; x_wconf 60' lang='lat' dir='ltr'>aerarii,</span> <span class='ocrx_word' id='word_1_211' title='bbox 2950 888 3117 952; x_wconf 81' lang='lat' dir='ltr'>petra</span> <span class='ocrx_word' id='word_1_212' title='bbox 3138 881 3545 949; x_wconf 82' lang='lat' dir='ltr'>ﬁdei,ﬁrmum</span> 
     </span>
    </p>
   </div>
   <div class='ocr_carea' id='block_1_39' title="bbox 1901 967 3549 1040">
    <p class='ocr_par' dir='ltr' id='par_1_39' title="bbox 1901 967 3549 1040">
     <span class='ocr_line' id='line_1_39' title="bbox 1901 967 3549 1040; baseline 0.003 -20"><span class='ocrx_word' id='word_1_213' title='bbox 1901 967 2207 1023; x_wconf 74' lang='lat' dir='ltr'>catholicae</span> <span class='ocrx_word' id='word_1_214' title='bbox 2238 969 2513 1024; x_wconf 81' lang='lat' dir='ltr'>Ecclesiae</span> <span class='ocrx_word' id='word_1_215' title='bbox 2536 969 3013 1040; x_wconf 82' lang='lat' dir='ltr'>fundamentum,</span> <span class='ocrx_word' id='word_1_216' title='bbox 3031 971 3214 1026; x_wconf 88' lang='lat' dir='ltr'>sacris</span> <span class='ocrx_word' id='word_1_217' title='bbox 3231 971 3549 1026; x_wconf 89' lang='lat' dir='ltr'>celebreris</span> 
     </span>
    </p>
   </div>
   <div class='ocr_carea' id='block_1_40' title="bbox 1902 1056 2287 1115">
    <p class='ocr_par' dir='ltr' id='par_1_40' title="bbox 1902 1056 2287 1115">
     <span class='ocr_line' id='line_1_40' title="bbox 1902 1056 2287 1115; baseline 0.01 -4"><span class='ocrx_word' id='word_1_218' title='bbox 1902 1056 2287 1115; x_wconf 84' lang='lat' dir='ltr'>carminibus.</span> 
     </span>
    </p>
   </div>
   <div class='ocr_carea' id='block_1_41' title="bbox 1976 1235 3553 1307">
    <p class='ocr_par' dir='ltr' id='par_1_41' title="bbox 1976 1235 3553 1307">
     <span class='ocr_line' id='line_1_41' title="bbox 1976 1235 3553 1307; baseline 0.002 -19"><span class='ocrx_word' id='word_1_219' title='bbox 1976 1235 2150 1303; x_wconf 82' lang='lat' dir='ltr'>Usque</span> <span class='ocrx_word' id='word_1_220' title='bbox 2232 1237 2450 1305; x_wconf 79' lang='lat' dir='ltr'>septies,</span> <span class='ocrx_word' id='word_1_221' title='bbox 2500 1236 2810 1306; x_wconf 86' lang='lat' dir='ltr'>respondit</span> <span class='ocrx_word' id='word_1_222' title='bbox 2859 1235 2965 1289; x_wconf 85' lang='lat' dir='ltr'>tibi</span> <span class='ocrx_word' id='word_1_223' title='bbox 3015 1236 3282 1291; x_wconf 86' lang='lat' dir='ltr'>Christus</span> <span class='ocrx_word' id='word_1_224' title='bbox 3327 1237 3553 1307; x_wconf 90' lang='lat' dir='ltr'>petenti</span> 
     </span>
    </p>
   </div>
   <div class='ocr_carea' id='block_1_42' title="bbox 1900 1324 3551 1394">
    <p class='ocr_par' dir='ltr' id='par_1_42' title="bbox 1900 1324 3551 1394">
     <span class='ocr_line' id='line_1_42' title="bbox 1900 1324 3551 1394; baseline 0.002 -17"><span class='ocrx_word' id='word_1_225' title='bbox 1900 1324 2133 1393; x_wconf 90' lang='lat' dir='ltr'>quoties</span> <span class='ocrx_word' id='word_1_226' title='bbox 2165 1324 2550 1394; x_wconf 81' lang='lat' dir='ltr'>peccantibus</span> <span class='ocrx_word' id='word_1_227' title='bbox 2582 1326 2645 1379; x_wconf 88' lang='lat' dir='ltr'>in</span> <span class='ocrx_word' id='word_1_228' title='bbox 2677 1330 2733 1379; x_wconf 93' lang='lat' dir='ltr'>te</span> <span class='ocrx_word' id='word_1_229' title='bbox 2786 1324 3230 1392; x_wconf 90' lang='lat' dir='ltr'>dimittendum,</span> <span class='ocrx_word' id='word_1_230' title='bbox 3264 1327 3381 1380; x_wconf 89' lang='lat' dir='ltr'>Non</span> <span class='ocrx_word' id='word_1_231' title='bbox 3430 1326 3551 1380; x_wconf 85' lang='lat' dir='ltr'>dico</span> 
     </span>
    </p>
   </div>
   <div class='ocr_carea' id='block_1_43' title="bbox 1899 1413 3340 1484">
    <p class='ocr_par' dir='ltr' id='par_1_43' title="bbox 1899 1413 3340 1484">
     <span class='ocr_line' id='line_1_43' title="bbox 1899 1413 3340 1484; baseline 0.003 -19"><span class='ocrx_word' id='word_1_232' title='bbox 1899 1413 2002 1466; x_wconf 84' lang='lat' dir='ltr'>tibi</span> <span class='ocrx_word' id='word_1_233' title='bbox 2029 1428 2200 1482; x_wconf 86' lang='lat' dir='ltr'>usque</span> <span class='ocrx_word' id='word_1_234' title='bbox 2228 1415 2442 1483; x_wconf 78' lang='lat' dir='ltr'>septies,</span> <span class='ocrx_word' id='word_1_235' title='bbox 2474 1414 2569 1468; x_wconf 87' lang='lat' dir='ltr'>sed</span> <span class='ocrx_word' id='word_1_236' title='bbox 2596 1431 2765 1484; x_wconf 86' lang='lat' dir='ltr'>usque</span> <span class='ocrx_word' id='word_1_237' title='bbox 2789 1417 3096 1484; x_wconf 85' lang='lat' dir='ltr'>septuagies</span> <span class='ocrx_word' id='word_1_238' title='bbox 3123 1416 3340 1484; x_wconf 83' lang='lat' dir='ltr'>septies.</span> 
     </span>
    </p>
   </div>
   <div class='ocr_carea' id='block_1_44' title="bbox 1968 1591 3538 1662">
    <p class='ocr_par' dir='ltr' id='par_1_44' title="bbox 1968 1591 3538 1662">
     <span class='ocr_line' id='line_1_44' title="bbox 1968 1591 3538 1662; baseline 0.001 -17"><span class='ocrx_word' id='word_1_239' title='bbox 1968 1591 2320 1646; x_wconf 81' lang='lat' dir='ltr'>Honorabilis</span> <span class='ocrx_word' id='word_1_240' title='bbox 2350 1609 2535 1647; x_wconf 81' lang='lat' dir='ltr'>coram</span> <span class='ocrx_word' id='word_1_241' title='bbox 2559 1595 2791 1647; x_wconf 81' lang='lat' dir='ltr'>Domino</span> <span class='ocrx_word' id='word_1_242' title='bbox 2856 1609 3001 1647; x_wconf 80' lang='lat' dir='ltr'>mors</span> <span class='ocrx_word' id='word_1_243' title='bbox 3055 1599 3368 1647; x_wconf 80' lang='lat' dir='ltr'>sanctorum</span> <span class='ocrx_word' id='word_1_244' title='bbox 3399 1593 3538 1662; x_wconf 86' lang='lat' dir='ltr'>ejus,</span> 
     </span>
    </p>
   </div>
   <div class='ocr_carea' id='block_1_45' title="bbox 1897 1679 3540 1753">
    <p class='ocr_par' dir='ltr' id='par_1_45' title="bbox 1897 1679 3540 1753">
     <span class='ocr_line' id='line_1_45' title="bbox 1897 1679 3540 1753; baseline 0.002 -21"><span class='ocrx_word' id='word_1_245' title='bbox 1897 1679 1981 1733; x_wconf 90' lang='lat' dir='ltr'>uti</span> <span class='ocrx_word' id='word_1_246' title='bbox 2014 1679 2301 1750; x_wconf 89' lang='lat' dir='ltr'>scriptum</span> <span class='ocrx_word' id='word_1_247' title='bbox 2333 1686 2568 1747; x_wconf 90' lang='lat' dir='ltr'>est;tua</span> <span class='ocrx_word' id='word_1_248' title='bbox 2598 1698 2732 1735; x_wconf 89' lang='lat' dir='ltr'>vero</span> <span class='ocrx_word' id='word_1_249' title='bbox 2756 1681 2942 1737; x_wconf 90' lang='lat' dir='ltr'>multo</span> <span class='ocrx_word' id='word_1_250' title='bbox 2966 1681 3540 1753; x_wconf 90' lang='lat' dir='ltr'>honorabilior,quia</span> 
     </span>
    </p>
   </div>
   <div class='ocr_carea' id='block_1_46' title="bbox 1898 1767 3051 1843">
    <p class='ocr_par' dir='ltr' id='par_1_46' title="bbox 1898 1767 3051 1843">
     <span class='ocr_line' id='line_1_46' title="bbox 1898 1767 3051 1843; baseline 0.005 -20"><span class='ocrx_word' id='word_1_251' title='bbox 1898 1767 2108 1823; x_wconf 68' lang='lat' dir='ltr'>divinas</span> <span class='ocrx_word' id='word_1_252' title='bbox 2140 1769 2433 1839; x_wconf 88' lang='lat' dir='ltr'>passionis</span> <span class='ocrx_word' id='word_1_253' title='bbox 2465 1788 2601 1826; x_wconf 90' lang='lat' dir='ltr'>vera</span> <span class='ocrx_word' id='word_1_254' title='bbox 2622 1771 2835 1843; x_wconf 88' lang='lat' dir='ltr'>imago.</span> <span class='ocrx_word' id='word_1_255' title='bbox 3043 1771 3051 1779; x_wconf 78' lang='grc'><strong>’</strong></span> 
     </span>
    </p>
   </div>
   <div class='ocr_carea' id='block_1_47' title="bbox 1964 1946 3544 2019">
    <p class='ocr_par' dir='ltr' id='par_1_47' title="bbox 1964 1946 3544 2019">
     <span class='ocr_line' id='line_1_47' title="bbox 1964 1946 3544 2019; baseline 0.003 -18"><span class='ocrx_word' id='word_1_256' title='bbox 1964 1946 2170 2002; x_wconf 90' lang='lat' dir='ltr'>Omnis</span> <span class='ocrx_word' id='word_1_257' title='bbox 2203 1964 2380 2019; x_wconf 90' lang='lat' dir='ltr'>sopor</span> <span class='ocrx_word' id='word_1_258' title='bbox 2437 1948 2645 2018; x_wconf 84' lang='lat' dir='ltr'>procul</span> <span class='ocrx_word' id='word_1_259' title='bbox 2700 1966 2735 2003; x_wconf 92' lang='lat' dir='ltr'>a</span> <span class='ocrx_word' id='word_1_260' title='bbox 2780 1947 3179 2013; x_wconf 86' lang='lat' dir='ltr'>credentibus,</span> <span class='ocrx_word' id='word_1_261' title='bbox 3241 1952 3300 2002; x_wconf 88' lang='lat' dir='ltr'>et</span> <span class='ocrx_word' id='word_1_262' title='bbox 3345 1949 3544 2005; x_wconf 88' lang='lat' dir='ltr'>omnis</span> 
     </span>
    </p>
   </div>
   <div class='ocr_carea' id='block_1_48' title="bbox 1892 2036 3545 2109">
    <p class='ocr_par' dir='ltr' id='par_1_48' title="bbox 1892 2036 3545 2109">
     <span class='ocr_line' id='line_1_48' title="bbox 1892 2036 3545 2109; baseline 0.002 -18"><span class='ocrx_word' id='word_1_263' title='bbox 1892 2036 2136 2091; x_wconf 85' lang='lat' dir='ltr'>morbus</span> <span class='ocrx_word' id='word_1_264' title='bbox 2168 2038 2501 2109; x_wconf 86' lang='lat' dir='ltr'>pellebatur</span> <span class='ocrx_word' id='word_1_265' title='bbox 2534 2038 2855 2093; x_wconf 86' lang='lat' dir='ltr'>salutiferis</span> <span class='ocrx_word' id='word_1_266' title='bbox 2886 2038 3003 2092; x_wconf 87' lang='lat' dir='ltr'>tuis</span> <span class='ocrx_word' id='word_1_267' title='bbox 3048 2037 3348 2105; x_wconf 87' lang='lat' dir='ltr'>manibus,</span> <span class='ocrx_word' id='word_1_268' title='bbox 3398 2056 3545 2109; x_wconf 89' lang='lat' dir='ltr'>quas</span> 
     </span>
    </p>
   </div>
   <div class='ocr_carea' id='block_1_49' title="bbox 1891 2127 3470 2199">
    <p class='ocr_par' dir='ltr' id='par_1_49' title="bbox 1891 2127 3470 2199">
     <span class='ocr_line' id='line_1_49' title="bbox 1891 2127 3470 2199; baseline 0 -18"><span class='ocrx_word' id='word_1_269' title='bbox 1891 2127 2258 2198; x_wconf 90' lang='lat' dir='ltr'>imponenda</span> <span class='ocrx_word' id='word_1_270' title='bbox 2288 2128 2605 2199; x_wconf 74' lang='lat' dir='ltr'>languidis,</span> <span class='ocrx_word' id='word_1_271' title='bbox 2642 2128 2894 2183; x_wconf 90' lang='lat' dir='ltr'>sanabas</span> <span class='ocrx_word' id='word_1_272' title='bbox 2929 2144 3157 2193; x_wconf 88' lang='lat' dir='ltr'>omnes,</span> <span class='ocrx_word' id='word_1_273' title='bbox 3183 2128 3470 2197; x_wconf 88' lang='lat' dir='ltr'>apostole.</span> 
     </span>
    </p>
   </div>
   <div class='ocr_carea' id='block_1_50' title="bbox 1963 2217 3546 2285">
    <p class='ocr_par' dir='ltr' id='par_1_50' title="bbox 1963 2217 3546 2285">
     <span class='ocr_line' id='line_1_50' title="bbox 1963 2217 3546 2285; baseline 0.001 -15"><span class='ocrx_word' id='word_1_274' title='bbox 1963 2217 2232 2285; x_wconf 77' lang='lat' dir='ltr'>Deiparce.</span> <span class='ocrx_word' id='word_1_275' title='bbox 2267 2248 2333 2255; x_wconf 97' lang='lat'><strong>—</strong></span> <span class='ocrx_word' id='word_1_276' title='bbox 2351 2217 2730 2272; x_wconf 87' lang='lat' dir='ltr'>Humiliatam</span> <span class='ocrx_word' id='word_1_277' title='bbox 2753 2217 3065 2271; x_wconf 89' lang='lat' dir='ltr'>hominum</span> <span class='ocrx_word' id='word_1_278' title='bbox 3089 2223 3363 2271; x_wconf 89' lang='lat' dir='ltr'>naturam</span> <span class='ocrx_word' id='word_1_279' title='bbox 3379 2217 3546 2272; x_wconf 88' lang='lat' dir='ltr'>resti-</span> 
     </span>
    </p>
   </div>
   <div class='ocr_carea' id='block_1_51' title="bbox 1890 2304 3540 2375">
    <p class='ocr_par' dir='ltr' id='par_1_51' title="bbox 1890 2304 3540 2375">
     <span class='ocr_line' id='line_1_51' title="bbox 1890 2304 3540 2375; baseline 0.001 -17"><span class='ocrx_word' id='word_1_280' title='bbox 1890 2304 2080 2367; x_wconf 81' lang='lat' dir='ltr'>tuisti.</span> <span class='ocrx_word' id='word_1_281' title='bbox 2104 2304 2202 2359; x_wconf 89' lang='lat' dir='ltr'>Dei</span> <span class='ocrx_word' id='word_1_282' title='bbox 2240 2305 2523 2369; x_wconf 82' lang='lat' dir='ltr'>Genitrix,</span> <span class='ocrx_word' id='word_1_283' title='bbox 2550 2305 2795 2375; x_wconf 91' lang='lat' dir='ltr'>antiquo</span> <span class='ocrx_word' id='word_1_284' title='bbox 2828 2321 2969 2359; x_wconf 88' lang='lat' dir='ltr'>casu</span> <span class='ocrx_word' id='word_1_285' title='bbox 2993 2305 3337 2375; x_wconf 87' lang='lat' dir='ltr'>depressam</span> <span class='ocrx_word' id='word_1_286' title='bbox 3356 2305 3540 2360; x_wconf 81' lang='lat' dir='ltr'>erexi-</span> 
     </span>
    </p>
   </div>
   <div class='ocr_carea' id='block_1_52' title="bbox 1890 2394 3540 2466">
    <p class='ocr_par' dir='ltr' id='par_1_52' title="bbox 1890 2394 3540 2466">
     <span class='ocr_line' id='line_1_52' title="bbox 1890 2394 3540 2466; baseline 0.002 -17"><span class='ocrx_word' id='word_1_287' title='bbox 1890 2394 1962 2449; x_wconf 92' lang='lat' dir='ltr'>sti</span> <span class='ocrx_word' id='word_1_288' title='bbox 1995 2410 2175 2461; x_wconf 86' lang='lat' dir='ltr'>;nam</span> <span class='ocrx_word' id='word_1_289' title='bbox 2209 2394 2466 2466; x_wconf 84' lang='lat' dir='ltr'>genuisti</span> <span class='ocrx_word' id='word_1_290' title='bbox 2499 2395 2824 2461; x_wconf 86' lang='lat' dir='ltr'>Christum,</span> <span class='ocrx_word' id='word_1_291' title='bbox 2846 2394 2949 2464; x_wconf 89' lang='lat' dir='ltr'>qui</span> <span class='ocrx_word' id='word_1_292' title='bbox 2993 2394 3211 2449; x_wconf 88' lang='lat' dir='ltr'>exaltat</span> <span class='ocrx_word' id='word_1_293' title='bbox 3256 2394 3540 2453; x_wconf 86' lang='lat' dir='ltr'>humiles.</span> 
     </span>
    </p>
   </div>
   <div class='ocr_carea' id='block_1_53' title="bbox 2418 2598 3041 2654">
    <p class='ocr_par' dir='ltr' id='par_1_53' title="bbox 2418 2598 3041 2654">
     <span class='ocr_line' id='line_1_53' title="bbox 2418 2598 3041 2654; baseline 0 -1"><span class='ocrx_word' id='word_1_294' title='bbox 2418 2598 2528 2654; x_wconf 89' lang='lat' dir='ltr'>Ode</span> <span class='ocrx_word' id='word_1_295' title='bbox 2565 2600 2658 2653; x_wconf 91' lang='lat' dir='ltr'>VI.</span> <span class='ocrx_word' id='word_1_296' title='bbox 2699 2600 2899 2653; x_wconf 86' lang='lat' dir='ltr'>Vomen</span> <span class='ocrx_word' id='word_1_297' title='bbox 2907 2604 3041 2653; x_wconf 87' lang='lat' dir='ltr'>tum.</span> 
     </span>
    </p>
   </div>
   <div class='ocr_carea' id='block_1_54' title="bbox 1963 2686 3537 2759">
    <p class='ocr_par' dir='ltr' id='par_1_54' title="bbox 1963 2686 3537 2759">
     <span class='ocr_line' id='line_1_54' title="bbox 1963 2686 3537 2759; baseline -0.001 -17"><span class='ocrx_word' id='word_1_298' title='bbox 1963 2686 2217 2742; x_wconf 84' lang='lat' dir='ltr'>Fallacia</span> <span class='ocrx_word' id='word_1_299' title='bbox 2247 2687 2414 2759; x_wconf 89' lang='lat' dir='ltr'>signa</span> <span class='ocrx_word' id='word_1_300' title='bbox 2444 2686 2742 2741; x_wconf 89' lang='lat' dir='ltr'>maledicti</span> <span class='ocrx_word' id='word_1_301' title='bbox 2767 2686 3044 2755; x_wconf 90' lang='lat' dir='ltr'>Simonis,</span> <span class='ocrx_word' id='word_1_302' title='bbox 3077 2689 3335 2756; x_wconf 88' lang='lat' dir='ltr'>Petre,et</span> <span class='ocrx_word' id='word_1_303' title='bbox 3358 2703 3537 2741; x_wconf 90' lang='lat' dir='ltr'>vanas</span> 
     </span>
    </p>
   </div>
   <div class='ocr_carea' id='block_1_55' title="bbox 1890 2774 3541 2848">
    <p class='ocr_par' dir='ltr' id='par_1_55' title="bbox 1890 2774 3541 2848">
     <span class='ocr_line' id='line_1_55' title="bbox 1890 2774 3541 2848; baseline 0.001 -19"><span class='ocrx_word' id='word_1_304' title='bbox 1890 2776 2134 2831; x_wconf 85' lang='lat' dir='ltr'>virtutes</span> <span class='ocrx_word' id='word_1_305' title='bbox 2165 2793 2407 2848; x_wconf 89' lang='lat' dir='ltr'>prorsus</span> <span class='ocrx_word' id='word_1_306' title='bbox 2433 2775 2714 2842; x_wconf 87' lang='lat' dir='ltr'>avertisti,</span> <span class='ocrx_word' id='word_1_307' title='bbox 2750 2775 2903 2829; x_wconf 87' lang='lat' dir='ltr'>sicut</span> <span class='ocrx_word' id='word_1_308' title='bbox 2933 2774 3310 2830; x_wconf 89' lang='lat' dir='ltr'>soltenebras</span> <span class='ocrx_word' id='word_1_309' title='bbox 3333 2776 3541 2830; x_wconf 87' lang='lat' dir='ltr'>etcali-</span> 
     </span>
    </p>
   </div>
   <div class='ocr_carea' id='block_1_56' title="bbox 1892 2862 3393 2938">
    <p class='ocr_par' dir='ltr' id='par_1_56' title="bbox 1892 2862 3393 2938">
     <span class='ocr_line' id='line_1_56' title="bbox 1892 2862 3393 2938; baseline 0.001 -21"><span class='ocrx_word' id='word_1_310' title='bbox 1892 2864 2088 2938; x_wconf 80' lang='lat' dir='ltr'>ginem</span> <span class='ocrx_word' id='word_1_311' title='bbox 2119 2864 2317 2937; x_wconf 80' lang='lat' dir='ltr'>fugat;</span> <span class='ocrx_word' id='word_1_312' title='bbox 2352 2869 2411 2918; x_wconf 90' lang='lat' dir='ltr'>et</span> <span class='ocrx_word' id='word_1_313' title='bbox 2438 2864 2626 2918; x_wconf 89' lang='lat' dir='ltr'>multa</span> <span class='ocrx_word' id='word_1_314' title='bbox 2655 2862 3002 2934; x_wconf 87' lang='lat' dir='ltr'>prodigiain</span> <span class='ocrx_word' id='word_1_315' title='bbox 3034 2864 3149 2918; x_wconf 90' lang='lat' dir='ltr'>Deo</span> <span class='ocrx_word' id='word_1_316' title='bbox 3180 2862 3393 2919; x_wconf 88' lang='lat' dir='ltr'>fecisti.</span> 
     </span>
    </p>
   </div>
   <div class='ocr_carea' id='block_1_57' title="bbox 1966 3040 3535 3112">
    <p class='ocr_par' dir='ltr' id='par_1_57' title="bbox 1966 3040 3535 3112">
     <span class='ocr_line' id='line_1_57' title="bbox 1966 3040 3535 3112; baseline 0.001 -15"><span class='ocrx_word' id='word_1_317' title='bbox 1966 3042 2353 3112; x_wconf 90' lang='lat' dir='ltr'>Omnipotens</span> <span class='ocrx_word' id='word_1_318' title='bbox 2377 3042 2479 3095; x_wconf 88' lang='lat' dir='ltr'>Dei</span> <span class='ocrx_word' id='word_1_319' title='bbox 2505 3040 2818 3112; x_wconf 88' lang='lat' dir='ltr'>sapientia,</span> <span class='ocrx_word' id='word_1_320' title='bbox 2882 3041 2984 3095; x_wconf 89' lang='lat' dir='ltr'>tibi</span> <span class='ocrx_word' id='word_1_321' title='bbox 3028 3057 3284 3111; x_wconf 87' lang='lat' dir='ltr'>quoque,</span> <span class='ocrx_word' id='word_1_322' title='bbox 3344 3043 3535 3107; x_wconf 87' lang='lat' dir='ltr'>Petre,</span> 
     </span>
    </p>
   </div>
   <div class='ocr_carea' id='block_1_58' title="bbox 1894 3130 3536 3201">
    <p class='ocr_par' dir='ltr' id='par_1_58' title="bbox 1894 3130 3536 3201">
     <span class='ocr_line' id='line_1_58' title="bbox 1894 3130 3536 3201; baseline -0.001 -16"><span class='ocrx_word' id='word_1_323' title='bbox 1894 3131 2235 3187; x_wconf 89' lang='lat' dir='ltr'>facultatem</span> <span class='ocrx_word' id='word_1_324' title='bbox 2270 3131 2432 3186; x_wconf 90' lang='lat' dir='ltr'>dedit</span> <span class='ocrx_word' id='word_1_325' title='bbox 2489 3148 2666 3201; x_wconf 86' lang='lat' dir='ltr'>super</span> <span class='ocrx_word' id='word_1_326' title='bbox 2715 3131 3055 3201; x_wconf 89' lang='lat' dir='ltr'>scorpiones</span> <span class='ocrx_word' id='word_1_327' title='bbox 3115 3130 3536 3186; x_wconf 89' lang='lat' dir='ltr'>deambulandi</span> 
     </span>
    </p>
   </div>
   <div class='ocr_carea' id='block_1_59' title="bbox 131 3215 1777 3303">
    <p class='ocr_par' dir='ltr' id='par_1_59' title="bbox 131 3215 1777 3303">
     <span class='ocr_line' id='line_1_59' title="bbox 131 3215 1777 3303; baseline -0.003 -24"><span class='ocrx_word' id='word_1_328' title='bbox 131 3222 315 3303; x_wconf 75' lang='grc' dir='ltr'>ὄφεων</span> <span class='ocrx_word' id='word_1_329' title='bbox 350 3227 457 3278; x_wconf 79' lang='grc' dir='ltr'>τῶν</span> <span class='ocrx_word' id='word_1_330' title='bbox 488 3242 547 3276; x_wconf 91' lang='grc' dir='ltr'>τε</span> <span class='ocrx_word' id='word_1_331' title='bbox 581 3223 792 3297; x_wconf 67' lang='grc' dir='ltr'>ὁρατῶν</span> <span class='ocrx_word' id='word_1_332' title='bbox 850 3220 938 3276; x_wconf 79' lang='grc' dir='ltr'>καὶ</span> <span class='ocrx_word' id='word_1_333' title='bbox 989 3222 1256 3295; x_wconf 79' lang='grc' dir='ltr'>ἀοράτων,</span> <span class='ocrx_word' id='word_1_334' title='bbox 1283 3218 1358 3274; x_wconf 84' lang='grc' dir='ltr'>ὧν</span> <span class='ocrx_word' id='word_1_335' title='bbox 1405 3227 1507 3290; x_wconf 80' lang='grc' dir='ltr'>τῆς</span> <span class='ocrx_word' id='word_1_336' title='bbox 1557 3215 1777 3275; x_wconf 79' lang='grc' dir='ltr'>ίοϐόλου</span> 
     </span>
    </p>
   </div>
   <div class='ocr_carea' id='block_1_60' title="bbox 1923 3215 3538 3303">
    <p class='ocr_par' dir='ltr' id='par_1_60' title="bbox 1923 3220 3538 3291">
     <span class='ocr_line' id='line_1_60' title="bbox 1923 3220 3538 3291; baseline 0 -16"><span class='ocrx_word' id='word_1_337' title='bbox 1923 3221 2159 3275; x_wconf 79' lang='lat' dir='ltr'>&#39;isibiles</span> <span class='ocrx_word' id='word_1_338' title='bbox 2192 3227 2249 3275; x_wconf 91' lang='lat' dir='ltr'>et</span> <span class='ocrx_word' id='word_1_339' title='bbox 2278 3220 2604 3275; x_wconf 85' lang='lat' dir='ltr'>invisibiles</span> <span class='ocrx_word' id='word_1_340' title='bbox 2639 3237 2928 3291; x_wconf 89' lang='lat' dir='ltr'>;quorum</span> <span class='ocrx_word' id='word_1_341' title='bbox 2978 3237 3013 3275; x_wconf 87' lang='lat' dir='ltr'>a</span> <span class='ocrx_word' id='word_1_342' title='bbox 3042 3226 3356 3290; x_wconf 44' lang='lat' dir='ltr'>gvenenata</span> <span class='ocrx_word' id='word_1_343' title='bbox 3404 3236 3538 3275; x_wconf 90' lang='lat' dir='ltr'>ma-</span> 
     </span>
    </p>
   </div>
   <div class='ocr_carea' id='block_1_61' title="bbox 127 3313 779 3390">
    <p class='ocr_par' dir='ltr' id='par_1_61' title="bbox 127 3313 779 3390">
     <span class='ocr_line' id='line_1_61' title="bbox 127 3313 779 3390; baseline -0.005 -20"><span class='ocrx_word' id='word_1_344' title='bbox 127 3314 469 3390; x_wconf 86' lang='grc' dir='ltr'>κακουργίας</span> <span class='ocrx_word' id='word_1_345' title='bbox 500 3313 655 3388; x_wconf 80' lang='grc' dir='ltr'>ῥῦσαί</span> <span class='ocrx_word' id='word_1_346' title='bbox 693 3334 779 3385; x_wconf 85' lang='grc' dir='ltr'>με.</span> 
     </span>
    </p>
   </div>
   <div class='ocr_carea' id='block_1_62' title="bbox 208 3394 1779 3476">
    <p class='ocr_par' dir='ltr' id='par_1_62' title="bbox 208 3394 1779 3476">
     <span class='ocr_line' id='line_1_62' title="bbox 208 3394 1779 3476; baseline -0.002 -18"><span class='ocrx_word' id='word_1_347' title='bbox 208 3403 307 3460; x_wconf 75' lang='grc' dir='ltr'>Καὶ</span> <span class='ocrx_word' id='word_1_348' title='bbox 342 3400 579 3475; x_wconf 78' lang='grc' dir='ltr'>μᾶλλον,</span> <span class='ocrx_word' id='word_1_349' title='bbox 617 3401 803 3476; x_wconf 72' lang='grc' dir='ltr'>Πέτρε,</span> <span class='ocrx_word' id='word_1_350' title='bbox 835 3400 961 3462; x_wconf 82' lang='grc' dir='ltr'>τοὺς</span> <span class='ocrx_word' id='word_1_351' title='bbox 993 3398 1359 3472; x_wconf 83' lang='grc' dir='ltr'>ὡραιοτάτους</span> <span class='ocrx_word' id='word_1_352' title='bbox 1392 3420 1487 3455; x_wconf 90' lang='grc' dir='ltr'>σου</span> <span class='ocrx_word' id='word_1_353' title='bbox 1528 3394 1779 3461; x_wconf 84' lang='grc' dir='ltr'>πὸδας...</span> 
     </span>
    </p>
   </div>
   <div class='ocr_carea' id='block_1_63' title="bbox 126 3492 800 3564">
    <p class='ocr_par' dir='ltr' id='par_1_63' title="bbox 126 3492 800 3564">
     <span class='ocr_line' id='line_1_63' title="bbox 126 3492 800 3564; baseline -0.009 -14"><span class='ocrx_word' id='word_1_354' title='bbox 126 3495 371 3564; x_wconf 78' lang='lat' dir='ltr'>Reliqua</span> <span class='ocrx_word' id='word_1_355' title='bbox 400 3492 800 3548; x_wconf 80' lang='lat' dir='ltr'>desiderantur.</span> 
     </span>
    </p>
   </div>
   <div class='ocr_carea' id='block_1_64' title="bbox 622 3606 1293 3663">
    <p class='ocr_par' dir='ltr' id='par_1_64' title="bbox 622 3606 1293 3663">
     <span class='ocr_line' id='line_1_64' title="bbox 622 3606 1293 3663; baseline -0.007 0"><span class='ocrx_word' id='word_1_356' title='bbox 622 3607 928 3663; x_wconf 81' lang='grc' dir='ltr'>ΙΩΑΝΝΟΥ</span> <span class='ocrx_word' id='word_1_357' title='bbox 958 3606 1293 3663; x_wconf 76' lang='grc' dir='ltr'>ΜΟΝΑΧΟΥ</span> 
     </span>
    </p>
   </div>
   <div class='ocr_carea' id='block_1_65' title="bbox 353 3725 1567 3791">
    <p class='ocr_par' dir='ltr' id='par_1_65' title="bbox 353 3725 1567 3791">
     <span class='ocr_line' id='line_1_65' title="bbox 353 3725 1567 3791; baseline -0.005 -7"><span class='ocrx_word' id='word_1_358' title='bbox 353 3730 595 3785; x_wconf 84' lang='grc' dir='ltr'>ΚΑΝΩΝ</span> <span class='ocrx_word' id='word_1_359' title='bbox 627 3726 739 3781; x_wconf 77' lang='grc' dir='ltr'>ΕΙΣ</span> <span class='ocrx_word' id='word_1_360' title='bbox 773 3726 915 3787; x_wconf 90' lang='lat' dir='ltr'>TON</span> <span class='ocrx_word' id='word_1_361' title='bbox 943 3725 1151 3781; x_wconf 75' lang='lat' dir='ltr'><strong>APION</strong></span> <span class='ocrx_word' id='word_1_362' title='bbox 1208 3726 1567 3791; x_wconf 77' lang='lat' dir='ltr'>rEePriON,</span> 
     </span>
    </p>
   </div>
   <div class='ocr_carea' id='block_1_66' title="bbox 203 3821 1709 3913">
    <p class='ocr_par' dir='ltr' id='par_1_66' title="bbox 203 3821 1709 3913">
     <span class='ocr_line' id='line_1_66' title="bbox 203 3821 1709 3913; baseline -0.005 -30"><span class='ocrx_word' id='word_1_363' title='bbox 203 3829 271 3883; x_wconf 80' lang='grc' dir='ltr'>οὗ</span> <span class='ocrx_word' id='word_1_364' title='bbox 302 3829 337 3896; x_wconf 78' lang='grc' dir='ltr'>ἡ</span> <span class='ocrx_word' id='word_1_365' title='bbox 366 3825 703 3913; x_wconf 61' lang='grc' dir='ltr'>ἀκροστιχίς·</span> <span class='ocrx_word' id='word_1_366' title='bbox 738 3829 1008 3913; x_wconf 61' lang='grc' dir='ltr'>Γεωργίου</span> <span class='ocrx_word' id='word_1_367' title='bbox 1043 3822 1314 3913; x_wconf 59' lang='grc' dir='ltr'>μάρτυρος</span> <span class='ocrx_word' id='word_1_368' title='bbox 1372 3822 1525 3893; x_wconf 83' lang='grc' dir='ltr'>ὑμνῶ</span> <span class='ocrx_word' id='word_1_369' title='bbox 1579 3821 1709 3883; x_wconf 81' lang='grc' dir='ltr'>τοὺς</span> 
     </span>
    </p>
   </div>
   <div class='ocr_carea' id='block_1_67' title="bbox 590 3896 1323 3959">
    <p class='ocr_par' dir='ltr' id='par_1_67' title="bbox 590 3896 1323 3959">
     <span class='ocr_line' id='line_1_67' title="bbox 590 3896 1323 3959; baseline -0.008 -7"><span class='ocrx_word' id='word_1_370' title='bbox 590 3896 813 3959; x_wconf 74' lang='grc' dir='ltr'>ἃθλους.</span> <span class='ocrx_word' id='word_1_371' title='bbox 861 3896 1015 3955; x_wconf 78' lang='grc' dir='ltr'>Αἶνος</span> <span class='ocrx_word' id='word_1_372' title='bbox 1047 3896 1323 3951; x_wconf 83' lang='grc' dir='ltr'>Ἰωάννου,</span> 
     </span>
    </p>
   </div>
   <div class='ocr_carea' id='block_1_68' title="bbox 352 3979 1566 4059">
    <p class='ocr_par' dir='ltr' id='par_1_68' title="bbox 352 3979 1566 4059">
     <span class='ocr_line' id='line_1_68' title="bbox 352 3979 1566 4059; baseline -0.003 -17"><span class='ocrx_word' id='word_1_373' title='bbox 352 3984 482 4055; x_wconf 77' lang='grc' dir='ltr'>Ὠδή</span> <span class='ocrx_word' id='word_1_374' title='bbox 530 3987 610 4042; x_wconf 79' lang='grc' dir='ltr'>Α“.</span> <span class='ocrx_word' id='word_1_375' title='bbox 644 3987 824 4059; x_wconf 87' lang='grc' dir='ltr'>Ἦχος</span> <span class='ocrx_word' id='word_1_376' title='bbox 871 3981 969 4040; x_wconf 88' lang='grc' dir='ltr'>πλ.</span> <span class='ocrx_word' id='word_1_377' title='bbox 1010 3979 1077 4036; x_wconf 77' lang='grc' dir='ltr'>δ”</span> <span class='ocrx_word' id='word_1_378' title='bbox 1118 3981 1566 4057; x_wconf 83' lang='grc' dir='ltr'>Ἀρματηλάτην.</span> 
     </span>
    </p>
   </div>
   <div class='ocr_carea' id='block_1_69' title="bbox 202 4100 1784 4179">
    <p class='ocr_par' dir='ltr' id='par_1_69' title="bbox 202 4100 1784 4179">
     <span class='ocr_line' id='line_1_69' title="bbox 202 4100 1784 4179; baseline -0.009 -17"><span class='ocrx_word' id='word_1_379' title='bbox 202 4105 374 4179; x_wconf 84' lang='lat' dir='ltr'>[Cod.</span> <span class='ocrx_word' id='word_1_380' title='bbox 409 4104 446 4159; x_wconf 82' lang='lat' dir='ltr'>f.</span> <span class='ocrx_word' id='word_1_381' title='bbox 490 4105 635 4174; x_wconf 73' lang='lat'>153.]</span> <span class='ocrx_word' id='word_1_382' title='bbox 668 4102 1012 4170; x_wconf 76' lang='grc' dir='ltr'>Γεοπονήσας</span> <span class='ocrx_word' id='word_1_383' title='bbox 1065 4104 1145 4171; x_wconf 80' lang='grc' dir='ltr'>τῷ</span> <span class='ocrx_word' id='word_1_384' title='bbox 1197 4103 1413 4171; x_wconf 83' lang='grc' dir='ltr'>σταυρῴ</span> <span class='ocrx_word' id='word_1_385' title='bbox 1465 4100 1565 4167; x_wconf 77' lang='grc' dir='ltr'>τὴν</span> <span class='ocrx_word' id='word_1_386' title='bbox 1628 4100 1784 4175; x_wconf 79' lang='grc' dir='ltr'>ἃρου.</span> 
     </span>
    </p>
   </div>
   <div class='ocr_carea' id='block_1_70' title="bbox 117 4187 1779 4271">
    <p class='ocr_par' dir='ltr' id='par_1_70' title="bbox 117 4187 1779 4271">
     <span class='ocr_line' id='line_1_70' title="bbox 117 4187 1779 4271; baseline -0.002 -23"><span class='ocrx_word' id='word_1_387' title='bbox 117 4215 228 4271; x_wconf 88' lang='grc' dir='ltr'>ραν</span> <span class='ocrx_word' id='word_1_388' title='bbox 275 4199 379 4261; x_wconf 81' lang='grc' dir='ltr'>τῆς</span> <span class='ocrx_word' id='word_1_389' title='bbox 438 4189 699 4260; x_wconf 80' lang='grc' dir='ltr'>διανοίας,</span> <span class='ocrx_word' id='word_1_390' title='bbox 754 4191 844 4244; x_wconf 76' lang='grc' dir='ltr'>καὶ</span> <span class='ocrx_word' id='word_1_391' title='bbox 902 4188 957 4243; x_wconf 83' lang='grc' dir='ltr'>ἐν</span> <span class='ocrx_word' id='word_1_392' title='bbox 1011 4187 1146 4261; x_wconf 79' lang='grc' dir='ltr'>αὐτῇ</span> <span class='ocrx_word' id='word_1_393' title='bbox 1199 4188 1422 4262; x_wconf 87' lang='grc' dir='ltr'>σπείρας</span> <span class='ocrx_word' id='word_1_394' title='bbox 1489 4189 1678 4265; x_wconf 82' lang='grc' dir='ltr'>ἀρετὰς</span> <span class='ocrx_word' id='word_1_395' title='bbox 1729 4189 1779 4245; x_wconf 80' lang='grc' dir='ltr'>ἐν</span> 
     </span>
    </p>
   </div>
   <div class='ocr_carea' id='block_1_71' title="bbox 116 4276 1782 4357">
    <p class='ocr_par' dir='ltr' id='par_1_71' title="bbox 116 4276 1782 4357">
     <span class='ocr_line' id='line_1_71' title="bbox 116 4276 1782 4357; baseline -0.002 -19"><span class='ocrx_word' id='word_1_396' title='bbox 116 4283 391 4357; x_wconf 75' lang='grc' dir='ltr'>δάκρυσι,</span> <span class='ocrx_word' id='word_1_397' title='bbox 461 4282 693 4354; x_wconf 81' lang='grc' dir='ltr'>θερίζεις</span> <span class='ocrx_word' id='word_1_398' title='bbox 739 4276 1087 4354; x_wconf 83' lang='grc' dir='ltr'>ἀγαλλίασιν·</span> <span class='ocrx_word' id='word_1_399' title='bbox 1148 4276 1239 4332; x_wconf 77' lang='grc' dir='ltr'>διὰ</span> <span class='ocrx_word' id='word_1_400' title='bbox 1296 4278 1399 4353; x_wconf 81' lang='grc' dir='ltr'>γὰρ</span> <span class='ocrx_word' id='word_1_401' title='bbox 1461 4280 1782 4353; x_wconf 85' lang='grc' dir='ltr'>μαρτυρίου,</span> 
     </span>
    </p>
   </div>
   <div class='ocr_carea' id='block_1_72' title="bbox 113 4369 1673 4450">
    <p class='ocr_par' dir='ltr' id='par_1_72' title="bbox 113 4369 1673 4450">
     <span class='ocr_line' id='line_1_72' title="bbox 113 4369 1673 4450; baseline -0.003 -19"><span class='ocrx_word' id='word_1_402' title='bbox 113 4378 397 4450; x_wconf 82' lang='grc' dir='ltr'>Γεώργιε,</span> <span class='ocrx_word' id='word_1_403' title='bbox 432 4373 771 4447; x_wconf 80' lang='grc' dir='ltr'>ἐγεώργησας</span> <span class='ocrx_word' id='word_1_404' title='bbox 803 4370 1003 4425; x_wconf 73' lang='grc' dir='ltr'>στάχυν</span> <span class='ocrx_word' id='word_1_405' title='bbox 1035 4369 1383 4447; x_wconf 73' lang='grc' dir='ltr'>ψυχοτρόφον</span> <span class='ocrx_word' id='word_1_406' title='bbox 1426 4370 1673 4440; x_wconf 83' lang='grc' dir='ltr'>ἀείζωον.</span> 
     </span>
    </p>
   </div>
   <div class='ocr_carea' id='block_1_73' title="bbox 203 4454 1783 4541">
    <p class='ocr_par' dir='ltr' id='par_1_73' title="bbox 203 4454 1783 4541">
     <span class='ocr_line' id='line_1_73' title="bbox 203 4454 1783 4541; baseline -0.003 -22"><span class='ocrx_word' id='word_1_407' title='bbox 203 4468 298 4523; x_wconf 82' lang='grc' dir='ltr'>Ἐν</span> <span class='ocrx_word' id='word_1_408' title='bbox 330 4469 407 4536; x_wconf 81' lang='grc' dir='ltr'>τῷ</span> <span class='ocrx_word' id='word_1_409' title='bbox 437 4461 658 4541; x_wconf 76' lang='grc' dir='ltr'>σφοδρῷ</span> <span class='ocrx_word' id='word_1_410' title='bbox 706 4468 807 4530; x_wconf 83' lang='grc' dir='ltr'>τῆς</span> <span class='ocrx_word' id='word_1_411' title='bbox 838 4455 1083 4521; x_wconf 78' lang='grc' dir='ltr'>ἀσεϐείας</span> <span class='ocrx_word' id='word_1_412' title='bbox 1129 4458 1367 4515; x_wconf 78' lang='grc' dir='ltr'>κλύδωνι</span> <span class='ocrx_word' id='word_1_413' title='bbox 1425 4454 1604 4530; x_wconf 75' lang='grc' dir='ltr'>ἔστης,</span> <span class='ocrx_word' id='word_1_414' title='bbox 1665 4461 1783 4515; x_wconf 83' lang='grc' dir='ltr'>ἀοί-</span> 
     </span>
    </p>
   </div>
   <div class='ocr_carea' id='block_1_74' title="bbox 96 4551 1783 4631">
    <p class='ocr_par' dir='ltr' id='par_1_74' title="bbox 96 4551 1783 4631">
     <span class='ocr_line' id='line_1_74' title="bbox 96 4551 1783 4631; baseline -0.004 -19"><span class='ocrx_word' id='word_1_415' title='bbox 96 4556 394 4631; x_wconf 83' lang='grc' dir='ltr'>-διμε,ὡς</span> <span class='ocrx_word' id='word_1_416' title='bbox 444 4553 685 4631; x_wconf 68' lang='grc' dir='ltr'>ἀρραγὴς</span> <span class='ocrx_word' id='word_1_417' title='bbox 736 4552 926 4625; x_wconf 69' lang='grc' dir='ltr'>πέτρα,</span> <span class='ocrx_word' id='word_1_418' title='bbox 983 4555 1072 4606; x_wconf 71' lang='grc' dir='ltr'>καί</span> <span class='ocrx_word' id='word_1_419' title='bbox 1126 4551 1200 4614; x_wconf 86' lang='grc' dir='ltr'>ὡς</span> <span class='ocrx_word' id='word_1_420' title='bbox 1255 4551 1464 4625; x_wconf 86' lang='grc' dir='ltr'>πύργος</span> <span class='ocrx_word' id='word_1_421' title='bbox 1520 4552 1783 4621; x_wconf 83' lang='grc' dir='ltr'>ἄσειστος,</span> 
     </span>
    </p>
   </div>
   <div class='ocr_carea' id='block_1_75' title="bbox 111 4639 1786 4725">
    <p class='ocr_par' dir='ltr' id='par_1_75' title="bbox 111 4639 1786 4725">
     <span class='ocr_line' id='line_1_75' title="bbox 111 4639 1786 4725; baseline -0.003 -24"><span class='ocrx_word' id='word_1_422' title='bbox 111 4646 369 4725; x_wconf 83' lang='grc' dir='ltr'>γενναίῳ</span> <span class='ocrx_word' id='word_1_423' title='bbox 443 4646 784 4717; x_wconf 70' lang='grc' dir='ltr'>ἂναστήματι</span> <span class='ocrx_word' id='word_1_424' title='bbox 834 4648 932 4712; x_wconf 85' lang='grc' dir='ltr'>τῆς</span> <span class='ocrx_word' id='word_1_425' title='bbox 1022 4646 1236 4716; x_wconf 81' lang='grc' dir='ltr'>στερεᾶς</span> <span class='ocrx_word' id='word_1_426' title='bbox 1293 4662 1389 4695; x_wconf 91' lang='grc' dir='ltr'>σου</span> <span class='ocrx_word' id='word_1_427' title='bbox 1446 4639 1671 4715; x_wconf 86' lang='grc' dir='ltr'>καρδίας</span> <span class='ocrx_word' id='word_1_428' title='bbox 1720 4642 1786 4696; x_wconf 80' lang='grc' dir='ltr'>τὰ</span> 
     </span>
    </p>
   </div>
   <div class='ocr_carea' id='block_1_76' title="bbox 108 4727 1786 4807">
    <p class='ocr_par' dir='ltr' id='par_1_76' title="bbox 108 4727 1786 4807">
     <span class='ocr_line' id='line_1_76' title="bbox 108 4727 1786 4807; baseline -0.006 -13"><span class='ocrx_word' id='word_1_429' title='bbox 108 4742 239 4794; x_wconf 82' lang='grc' dir='ltr'>τῶν</span> <span class='ocrx_word' id='word_1_430' title='bbox 276 4734 553 4791; x_wconf 83' lang='grc' dir='ltr'>κολάσεων</span> <span class='ocrx_word' id='word_1_431' title='bbox 585 4733 801 4805; x_wconf 86' lang='grc' dir='ltr'>κύματα</span> <span class='ocrx_word' id='word_1_432' title='bbox 832 4728 979 4787; x_wconf 88' lang='grc' dir='ltr'>λύων</span> <span class='ocrx_word' id='word_1_433' title='bbox 1029 4730 1104 4793; x_wconf 84' lang='grc' dir='ltr'>είς</span> <span class='ocrx_word' id='word_1_434' title='bbox 1162 4727 1434 4807; x_wconf 78' lang='grc' dir='ltr'>ἀφρώδεις</span> <span class='ocrx_word' id='word_1_435' title='bbox 1489 4728 1786 4805; x_wconf 82' lang='grc' dir='ltr'>πομφόλυ-</span> 
     </span>
    </p>
   </div>
   <div class='ocr_carea' id='block_1_77' title="bbox 203 4847 253 4889">
    <p class='ocr_par' dir='ltr' id='par_1_77' title="bbox 203 4847 253 4889">
     <span class='ocr_line' id='line_1_77' title="bbox 203 4847 253 4889; baseline 0 -8"><span class='ocrx_word' id='word_1_436' title='bbox 203 4847 253 4889; x_wconf 91' lang='grc' dir='ltr'>ς.</span> 
     </span>
    </p>
   </div>
   <div class='ocr_carea' id='block_1_78' title="bbox 105 4847 1782 4992">
    <p class='ocr_par' dir='ltr' id='par_1_78' title="bbox 105 4847 1782 4992">
     <span class='ocr_line' id='line_1_78' title="bbox 105 4847 1782 4992; baseline 0.004 -34"><span class='ocrx_word' id='word_1_437' title='bbox 105 4847 420 4992; x_wconf 37' lang='lat' dir='ltr'>Tag-arpi)“</span> <span class='ocrx_word' id='word_1_438' title='bbox 451 4913 525 4975; x_wconf 83' lang='grc' dir='ltr'>ὡς</span> <span class='ocrx_word' id='word_1_439' title='bbox 558 4910 697 4967; x_wconf 74' lang='grc' dir='ltr'>λέων</span> <span class='ocrx_word' id='word_1_440' title='bbox 731 4910 1010 4972; x_wconf 84' lang='grc' dir='ltr'>πεποιθὼς</span> <span class='ocrx_word' id='word_1_441' title='bbox 1040 4908 1068 4963; x_wconf 92' lang='lat'>6</span> <span class='ocrx_word' id='word_1_442' title='bbox 1100 4906 1327 4972; x_wconf 81' lang='grc' dir='ltr'>δίκαιος·</span> <span class='ocrx_word' id='word_1_443' title='bbox 1388 4912 1498 4963; x_wconf 81' lang='grc' dir='ltr'>τῶν</span> <span class='ocrx_word' id='word_1_444' title='bbox 1554 4910 1782 4983; x_wconf 73' lang='grc' dir='ltr'>ἀγεννῶν</span> 
     </span>
    </p>
   </div>
   <div class='ocr_carea' id='block_1_79' title="bbox 106 4997 1787 5081">
    <p class='ocr_par' dir='ltr' id='par_1_79' title="bbox 106 4997 1787 5081">
     <span class='ocr_line' id='line_1_79' title="bbox 106 4997 1787 5081; baseline -0.005 -20"><span class='ocrx_word' id='word_1_445' title='bbox 106 5006 238 5081; x_wconf 75' lang='grc' dir='ltr'>γὰρ</span> <span class='ocrx_word' id='word_1_446' title='bbox 276 5006 459 5066; x_wconf 81' lang='grc' dir='ltr'>παθῶν</span> <span class='ocrx_word' id='word_1_447' title='bbox 498 5001 796 5077; x_wconf 75' lang='grc' dir='ltr'>βασιλικῶς</span> <span class='ocrx_word' id='word_1_448' title='bbox 845 4997 1026 5074; x_wconf 70' lang='grc' dir='ltr'>ἄρξας,</span> <span class='ocrx_word' id='word_1_449' title='bbox 1061 4999 1350 5069; x_wconf 65' lang='grc' dir='ltr'>ἀπτοῆτως</span> <span class='ocrx_word' id='word_1_450' title='bbox 1406 4997 1668 5074; x_wconf 81' lang='grc' dir='ltr'>ὥρμησας</span> <span class='ocrx_word' id='word_1_451' title='bbox 1713 5000 1787 5063; x_wconf 87' lang='grc' dir='ltr'>ὡς</span> 
     </span>
    </p>
   </div>
   <div class='ocr_carea' id='block_1_80' title="bbox 105 5088 1783 5165">
    <p class='ocr_par' dir='ltr' id='par_1_80' title="bbox 105 5088 1783 5165">
     <span class='ocr_line' id='line_1_80' title="bbox 105 5088 1783 5165; baseline -0.004 -14"><span class='ocrx_word' id='word_1_452' title='bbox 105 5096 279 5151; x_wconf 73' lang='grc' dir='ltr'>λέων</span> <span class='ocrx_word' id='word_1_453' title='bbox 313 5093 390 5155; x_wconf 77' lang='grc' dir='ltr'>εἷς</span> <span class='ocrx_word' id='word_1_454' title='bbox 421 5094 482 5148; x_wconf 88' lang='grc' dir='ltr'>τὸ</span> <span class='ocrx_word' id='word_1_455' title='bbox 506 5089 744 5158; x_wconf 77' lang='grc' dir='ltr'>στάδιον,</span> <span class='ocrx_word' id='word_1_456' title='bbox 794 5089 920 5154; x_wconf 82' lang='grc' dir='ltr'>τοὺς</span> <span class='ocrx_word' id='word_1_457' title='bbox 976 5088 1209 5165; x_wconf 80' lang='grc' dir='ltr'>ἐχθροὺς</span> <span class='ocrx_word' id='word_1_458' title='bbox 1256 5088 1653 5160; x_wconf 73' lang='grc' dir='ltr'>καταπλήττων</span> <span class='ocrx_word' id='word_1_459' title='bbox 1710 5090 1783 5152; x_wconf 79' lang='grc' dir='ltr'>ὥς</span> 
     </span>
    </p>
   </div>
   <div class='ocr_carea' id='block_1_81' title="bbox 94 5176 1786 5261">
    <p class='ocr_par' dir='ltr' id='par_1_81' title="bbox 94 5176 1786 5261">
     <span class='ocr_line' id='line_1_81' title="bbox 94 5176 1786 5261; baseline -0.005 -21"><span class='ocrx_word' id='word_1_460' title='bbox 94 5204 283 5245; x_wconf 81' lang='grc' dir='ltr'>τινας</span> <span class='ocrx_word' id='word_1_461' title='bbox 335 5181 544 5261; x_wconf 71' lang='grc' dir='ltr'>φαύλας</span> <span class='ocrx_word' id='word_1_462' title='bbox 603 5179 893 5242; x_wconf 72' lang='grc' dir='ltr'>ἀλώπεκας</span> <span class='ocrx_word' id='word_1_463' title='bbox 946 5178 1026 5252; x_wconf 83' lang='grc' dir='ltr'>τῷ</span> <span class='ocrx_word' id='word_1_464' title='bbox 1087 5176 1357 5255; x_wconf 85' lang='grc' dir='ltr'>βασιλικῷ</span> <span class='ocrx_word' id='word_1_465' title='bbox 1414 5201 1510 5234; x_wconf 90' lang='grc' dir='ltr'>σου</span> <span class='ocrx_word' id='word_1_466' title='bbox 1571 5180 1786 5256; x_wconf 76' lang='grc' dir='ltr'>βρυχή-</span> 
     </span>
    </p>
   </div>
   <div class='ocr_carea' id='block_1_82' title="bbox 113 5294 293 5349">
    <p class='ocr_par' dir='ltr' id='par_1_82' title="bbox 113 5294 293 5349">
     <span class='ocr_line' id='line_1_82' title="bbox 113 5294 293 5349; baseline -0.017 -21"><span class='ocrx_word' id='word_1_467' title='bbox 113 5294 293 5349; x_wconf 79' lang='grc' dir='ltr'>ματι.</span> 
     </span>
    </p>
   </div>
   <div class='ocr_carea' id='block_1_83' title="bbox 193 5358 1782 5435">
    <p class='ocr_par' dir='ltr' id='par_1_83' title="bbox 193 5358 1782 5435">
     <span class='ocr_line' id='line_1_83' title="bbox 193 5358 1782 5435; baseline -0.004 -17"><span class='ocrx_word' id='word_1_468' title='bbox 193 5364 363 5418; x_wconf 87' lang='grc' dir='ltr'>Ῥοῦν</span> <span class='ocrx_word' id='word_1_469' title='bbox 411 5367 510 5430; x_wconf 82' lang='grc' dir='ltr'>τῆς</span> <span class='ocrx_word' id='word_1_470' title='bbox 563 5360 776 5431; x_wconf 78' lang='grc' dir='ltr'>ἀπατης</span> <span class='ocrx_word' id='word_1_471' title='bbox 841 5358 1089 5433; x_wconf 77' lang='grc' dir='ltr'>ἀκρατῶς</span> <span class='ocrx_word' id='word_1_472' title='bbox 1170 5358 1492 5435; x_wconf 78' lang='grc' dir='ltr'>φερόμενον,</span> <span class='ocrx_word' id='word_1_473' title='bbox 1556 5379 1782 5432; x_wconf 86' lang='grc' dir='ltr'>μαρτυς,</span> 
     </span>
    </p>
   </div>
   <div class='ocr_carea' id='block_1_84' title="bbox 96 5447 1779 5526">
    <p class='ocr_par' dir='ltr' id='par_1_84' title="bbox 96 5447 1779 5526">
     <span class='ocr_line' id='line_1_84' title="bbox 96 5447 1779 5526; baseline -0.004 -19"><span class='ocrx_word' id='word_1_474' title='bbox 96 5452 422 5524; x_wconf 70' lang='grc' dir='ltr'>ἁνὲκοῲας’</span> <span class='ocrx_word' id='word_1_475' title='bbox 476 5451 539 5504; x_wconf 78' lang='grc' dir='ltr'>τὸ</span> <span class='ocrx_word' id='word_1_476' title='bbox 591 5450 691 5526; x_wconf 81' lang='grc' dir='ltr'>γὰρ</span> <span class='ocrx_word' id='word_1_477' title='bbox 750 5448 915 5503; x_wconf 82' lang='grc' dir='ltr'>αὐτοῦ</span> <span class='ocrx_word' id='word_1_478' title='bbox 963 5450 1078 5517; x_wconf 83' lang='grc' dir='ltr'>ζὲον</span> <span class='ocrx_word' id='word_1_479' title='bbox 1142 5449 1229 5502; x_wconf 75' lang='grc' dir='ltr'>καὶ</span> <span class='ocrx_word' id='word_1_480' title='bbox 1290 5449 1351 5502; x_wconf 88' lang='grc' dir='ltr'>τὸ</span> <span class='ocrx_word' id='word_1_481' title='bbox 1416 5447 1779 5521; x_wconf 79' lang='grc' dir='ltr'>ἀκμαιότατον</span> 
     </span>
    </p>
   </div>
   <div class='ocr_carea' id='block_1_85' title="bbox 104 5536 1785 5623">
    <p class='ocr_par' dir='ltr' id='par_1_85' title="bbox 104 5536 1785 5623">
     <span class='ocr_line' id='line_1_85' title="bbox 104 5536 1785 5623; baseline -0.005 -24"><span class='ocrx_word' id='word_1_482' title='bbox 104 5539 400 5623; x_wconf 77' lang='grc' dir='ltr'>ῥαγδαίας</span> <span class='ocrx_word' id='word_1_483' title='bbox 432 5536 816 5618; x_wconf 76' lang='grc' dir='ltr'>προσϐαλόντα</span> <span class='ocrx_word' id='word_1_484' title='bbox 874 5561 958 5595; x_wconf 85' lang='grc' dir='ltr'>σοι</span> <span class='ocrx_word' id='word_1_485' title='bbox 1007 5538 1097 5594; x_wconf 81' lang='grc' dir='ltr'>καὶ</span> <span class='ocrx_word' id='word_1_486' title='bbox 1157 5536 1407 5617; x_wconf 75' lang='grc' dir='ltr'>σφοδρῶς</span> <span class='ocrx_word' id='word_1_487' title='bbox 1457 5539 1785 5615; x_wconf 84' lang='grc' dir='ltr'>προσραγὲν-</span> 
     </span>
    </p>
   </div>
   <div class='ocr_carea' id='block_1_86' title="bbox 94 5629 1785 5708">
    <p class='ocr_par' dir='ltr' id='par_1_86' title="bbox 94 5629 1785 5708">
     <span class='ocr_line' id='line_1_86' title="bbox 94 5629 1785 5708; baseline -0.004 -17"><span class='ocrx_word' id='word_1_488' title='bbox 94 5655 217 5701; x_wconf 66' lang='grc' dir='ltr'>τοι,</span> <span class='ocrx_word' id='word_1_489' title='bbox 254 5633 347 5686; x_wconf 86' lang='grc' dir='ltr'>οἶα</span> <span class='ocrx_word' id='word_1_490' title='bbox 400 5632 654 5708; x_wconf 80' lang='grc' dir='ltr'>φραγμὸς</span> <span class='ocrx_word' id='word_1_491' title='bbox 711 5629 1079 5706; x_wconf 81' lang='grc' dir='ltr'>ἀκαθαίρετος,</span> <span class='ocrx_word' id='word_1_492' title='bbox 1140 5630 1316 5685; x_wconf 85' lang='grc' dir='ltr'>ὀπίσω</span> <span class='ocrx_word' id='word_1_493' title='bbox 1375 5635 1578 5706; x_wconf 82' lang='grc' dir='ltr'>χωρεῖν</span> <span class='ocrx_word' id='word_1_494' title='bbox 1655 5650 1785 5685; x_wconf 88' lang='grc' dir='ltr'>κατ-</span> 
     </span>
    </p>
   </div>
   <div class='ocr_carea' id='block_1_87' title="bbox 98 5741 469 5799">
    <p class='ocr_par' dir='ltr' id='par_1_87' title="bbox 98 5741 469 5799">
     <span class='ocr_line' id='line_1_87' title="bbox 98 5741 469 5799; baseline -0.011 -17"><span class='ocrx_word' id='word_1_495' title='bbox 98 5741 469 5799; x_wconf 71' lang='grc' dir='ltr'>ηναγκασας.</span> 
     </span>
    </p>
   </div>
   <div class='ocr_carea' id='block_1_88' title="bbox 1896 3310 2551 3384">
    <p class='ocr_par' dir='ltr' id='par_1_88' title="bbox 1896 3310 2551 3384">
     <span class='ocr_line' id='line_1_88' title="bbox 1896 3310 2551 3384; baseline -0.002 -18"><span class='ocrx_word' id='word_1_496' title='bbox 1896 3312 2163 3384; x_wconf 85' lang='lat' dir='ltr'>lignitate</span> <span class='ocrx_word' id='word_1_497' title='bbox 2189 3327 2280 3365; x_wconf 87' lang='lat' dir='ltr'>me</span> <span class='ocrx_word' id='word_1_498' title='bbox 2315 3310 2551 3365; x_wconf 86' lang='lat' dir='ltr'>liberes.</span> 
     </span>
    </p>
   </div>
   <div class='ocr_carea' id='block_1_89' title="bbox 1963 3398 3534 3471">
    <p class='ocr_par' dir='ltr' id='par_1_89' title="bbox 1963 3398 3534 3471">
     <span class='ocr_line' id='line_1_89' title="bbox 1963 3398 3534 3471; baseline -0.001 -16"><span class='ocrx_word' id='word_1_499' title='bbox 1963 3403 2042 3455; x_wconf 86' lang='lat' dir='ltr'>Ac</span> <span class='ocrx_word' id='word_1_500' title='bbox 2062 3401 2278 3471; x_wconf 86' lang='lat' dir='ltr'>potius,</span> <span class='ocrx_word' id='word_1_501' title='bbox 2306 3403 2500 3469; x_wconf 89' lang='lat' dir='ltr'>Petre,</span> <span class='ocrx_word' id='word_1_502' title='bbox 2562 3399 3036 3470; x_wconf 89' lang='lat' dir='ltr'>speciosissimos</span> <span class='ocrx_word' id='word_1_503' title='bbox 3074 3398 3254 3470; x_wconf 88' lang='lat' dir='ltr'>pedes</span> <span class='ocrx_word' id='word_1_504' title='bbox 3286 3403 3534 3455; x_wconf 90' lang='lat' dir='ltr'>tuos.....</span> 
     </span>
    </p>
   </div>
   <div class='ocr_carea' id='block_1_90' title="bbox 1893 3491 2547 3560">
    <p class='ocr_par' dir='ltr' id='par_1_90' title="bbox 1893 3491 2547 3560">
     <span class='ocr_line' id='line_1_90' title="bbox 1893 3491 2547 3560; baseline -0.002 -15"><span class='ocrx_word' id='word_1_505' title='bbox 1893 3491 2124 3560; x_wconf 82' lang='lat' dir='ltr'>Reliqua</span> <span class='ocrx_word' id='word_1_506' title='bbox 2144 3491 2547 3544; x_wconf 74' lang='lat' dir='ltr'>desiderantur.</span> 
     </span>
    </p>
   </div>
   <div class='ocr_carea' id='block_1_91' title="bbox 2389 3603 3042 3660">
    <p class='ocr_par' dir='ltr' id='par_1_91' title="bbox 2389 3603 3042 3660">
     <span class='ocr_line' id='line_1_91' title="bbox 2389 3603 3042 3660; baseline -0.003 -2"><span class='ocrx_word' id='word_1_507' title='bbox 2389 3605 2686 3660; x_wconf 84' lang='lat' dir='ltr'>JOANNIS</span> <span class='ocrx_word' id='word_1_508' title='bbox 2714 3603 2907 3659; x_wconf 83' lang='grc' dir='ltr'>ΜΟΝΑ</span> <span class='ocrx_word' id='word_1_509' title='bbox 2922 3604 3042 3657; x_wconf 77' lang='lat' dir='ltr'><em>CIII</em></span> 
     </span>
    </p>
   </div>
   <div class='ocr_carea' id='block_1_92' title="bbox 2142 3719 3285 3775">
    <p class='ocr_par' dir='ltr' id='par_1_92' title="bbox 2142 3719 3285 3775">
     <span class='ocr_line' id='line_1_92' title="bbox 2142 3719 3285 3775; baseline -0.001 -1"><span class='ocrx_word' id='word_1_510' title='bbox 2142 3720 2429 3775; x_wconf 82' lang='lat' dir='ltr'><strong>HYMNUS</strong></span> <span class='ocrx_word' id='word_1_511' title='bbox 2472 3721 2540 3772; x_wconf 80' lang='lat' dir='ltr'><strong>IN</strong></span> <span class='ocrx_word' id='word_1_512' title='bbox 2585 3719 2869 3772; x_wconf 81' lang='lat' dir='ltr'>BEATUM</span> <span class='ocrx_word' id='word_1_513' title='bbox 2902 3720 3285 3774; x_wconf 80' lang='lat' dir='ltr'>GEORGIUM.</span> 
     </span>
    </p>
   </div>
   <div class='ocr_carea' id='block_1_93' title="bbox 1890 3825 3535 3897">
    <p class='ocr_par' dir='ltr' id='par_1_93' title="bbox 1890 3825 3535 3897">
     <span class='ocr_line' id='line_1_93' title="bbox 1890 3825 3535 3897; baseline -0.003 -11"><span class='ocrx_word' id='word_1_514' title='bbox 1890 3831 2088 3886; x_wconf 74' lang='lat' dir='ltr'>Primae</span> <span class='ocrx_word' id='word_1_515' title='bbox 2139 3843 2388 3881; x_wconf 68' lang='lat' dir='ltr'>versuum</span> <span class='ocrx_word' id='word_1_516' title='bbox 2446 3826 2643 3878; x_wconf 67' lang='lat' dir='ltr'>litterae</span> <span class='ocrx_word' id='word_1_517' title='bbox 2686 3832 2930 3879; x_wconf 81' lang='lat' dir='ltr'>sonant:</span> <span class='ocrx_word' id='word_1_518' title='bbox 2980 3825 3211 3894; x_wconf 84' lang='lat' dir='ltr'>Georgii</span> <span class='ocrx_word' id='word_1_519' title='bbox 3260 3827 3535 3897; x_wconf 87' lang='lat' dir='ltr'>martyris</span> 
     </span>
    </p>
   </div>
   <div class='ocr_carea' id='block_1_94' title="bbox 2175 3897 3253 3952">
    <p class='ocr_par' dir='ltr' id='par_1_94' title="bbox 2175 3897 3253 3952">
     <span class='ocr_line' id='line_1_94' title="bbox 2175 3897 3253 3952; baseline -0.001 0"><span class='ocrx_word' id='word_1_520' title='bbox 2175 3904 2348 3952; x_wconf 81' lang='lat' dir='ltr'>canto</span> <span class='ocrx_word' id='word_1_521' title='bbox 2391 3897 2738 3951; x_wconf 82' lang='lat' dir='ltr'>certamina.</span> <span class='ocrx_word' id='word_1_522' title='bbox 2794 3898 2941 3950; x_wconf 86' lang='lat' dir='ltr'>Laus</span> <span class='ocrx_word' id='word_1_523' title='bbox 2989 3897 3253 3951; x_wconf 86' lang='lat' dir='ltr'>Joannis.</span> 
     </span>
    </p>
   </div>
   <div class='ocr_carea' id='block_1_95' title="bbox 2105 3984 3320 4053">
    <p class='ocr_par' dir='ltr' id='par_1_95' title="bbox 2105 3984 3320 4053">
     <span class='ocr_line' id='line_1_95' title="bbox 2105 3984 3320 4053; baseline -0.003 -10"><span class='ocrx_word' id='word_1_524' title='bbox 2105 3989 2214 4044; x_wconf 85' lang='lat' dir='ltr'>Ode</span> <span class='ocrx_word' id='word_1_525' title='bbox 2234 3990 2280 4042; x_wconf 89' lang='grc' dir='ltr'>Ι.</span> <span class='ocrx_word' id='word_1_526' title='bbox 2315 3988 2490 4041; x_wconf 85' lang='lat' dir='ltr'>Sonus</span> <span class='ocrx_word' id='word_1_527' title='bbox 2520 3984 2616 4041; x_wconf 88' lang='grc' dir='ltr'>πλ.</span> <span class='ocrx_word' id='word_1_528' title='bbox 2650 3988 2702 4041; x_wconf 83' lang='grc'>4.</span> <span class='ocrx_word' id='word_1_529' title='bbox 2739 3988 2941 4041; x_wconf 72' lang='lat' dir='ltr'>Curras</span> <span class='ocrx_word' id='word_1_530' title='bbox 2972 3989 3320 4053; x_wconf 81' lang='lat' dir='ltr'>agitatorem.</span> 
     </span>
    </p>
   </div>
   <div class='ocr_carea' id='block_1_96' title="bbox 1964 4100 3533 4175">
    <p class='ocr_par' dir='ltr' id='par_1_96' title="bbox 1964 4100 3533 4175">
     <span class='ocr_line' id='line_1_96' title="bbox 1964 4100 3533 4175; baseline -0.004 -13"><span class='ocrx_word' id='word_1_531' title='bbox 1964 4109 2144 4162; x_wconf 88' lang='lat' dir='ltr'>Cruce</span> <span class='ocrx_word' id='word_1_532' title='bbox 2173 4121 2447 4175; x_wconf 87' lang='lat' dir='ltr'>campum</span> <span class='ocrx_word' id='word_1_533' title='bbox 2481 4103 2697 4157; x_wconf 89' lang='lat' dir='ltr'>mentis</span> <span class='ocrx_word' id='word_1_534' title='bbox 2722 4101 3055 4164; x_wconf 85' lang='lat' dir='ltr'>excoluisti,</span> <span class='ocrx_word' id='word_1_535' title='bbox 3105 4100 3305 4169; x_wconf 91' lang='lat' dir='ltr'>ibique</span> <span class='ocrx_word' id='word_1_536' title='bbox 3358 4100 3419 4154; x_wconf 92' lang='lat' dir='ltr'>in</span> <span class='ocrx_word' id='word_1_537' title='bbox 3449 4100 3533 4156; x_wconf 88' lang='lat' dir='ltr'>la-</span> 
     </span>
    </p>
   </div>
   <div class='ocr_carea' id='block_1_97' title="bbox 1894 4188 3536 4268">
    <p class='ocr_par' dir='ltr' id='par_1_97' title="bbox 1894 4188 3536 4268">
     <span class='ocr_line' id='line_1_97' title="bbox 1894 4188 3536 4268; baseline -0.007 -14"><span class='ocrx_word' id='word_1_538' title='bbox 1894 4197 2112 4268; x_wconf 81' lang='lat' dir='ltr'>crymis</span> <span class='ocrx_word' id='word_1_539' title='bbox 2144 4195 2387 4249; x_wconf 84' lang='lat' dir='ltr'>virtutes</span> <span class='ocrx_word' id='word_1_540' title='bbox 2420 4191 2755 4256; x_wconf 91' lang='lat' dir='ltr'>seminasti,</span> <span class='ocrx_word' id='word_1_541' title='bbox 2788 4206 2948 4244; x_wconf 90' lang='lat' dir='ltr'>nunc</span> <span class='ocrx_word' id='word_1_542' title='bbox 2980 4190 3155 4243; x_wconf 92' lang='lat' dir='ltr'>metis</span> <span class='ocrx_word' id='word_1_543' title='bbox 3187 4188 3536 4243; x_wconf 81' lang='lat' dir='ltr'>exsultatio-</span> 
     </span>
    </p>
   </div>
   <div class='ocr_carea' id='block_1_98' title="bbox 1894 4277 3532 4353">
    <p class='ocr_par' dir='ltr' id='par_1_98' title="bbox 1894 4277 3532 4353">
     <span class='ocr_line' id='line_1_98' title="bbox 1894 4277 3532 4353; baseline -0.008 -9"><span class='ocrx_word' id='word_1_544' title='bbox 1894 4304 2028 4344; x_wconf 90' lang='lat' dir='ltr'>nem</span> <span class='ocrx_word' id='word_1_545' title='bbox 2053 4304 2065 4352; x_wconf 92' lang='lat'><strong>;</strong></span> <span class='ocrx_word' id='word_1_546' title='bbox 2098 4301 2237 4339; x_wconf 90' lang='lat' dir='ltr'>nam</span> <span class='ocrx_word' id='word_1_547' title='bbox 2262 4300 2365 4353; x_wconf 90' lang='lat' dir='ltr'>per</span> <span class='ocrx_word' id='word_1_548' title='bbox 2386 4280 2757 4350; x_wconf 90' lang='lat' dir='ltr'>martyrium,</span> <span class='ocrx_word' id='word_1_549' title='bbox 2783 4278 3010 4350; x_wconf 88' lang='lat' dir='ltr'>Georgi,</span> <span class='ocrx_word' id='word_1_550' title='bbox 3040 4294 3293 4332; x_wconf 88' lang='lat' dir='ltr'>messem</span> <span class='ocrx_word' id='word_1_551' title='bbox 3311 4277 3532 4349; x_wconf 88' lang='lat' dir='ltr'>parasti</span> 
     </span>
    </p>
   </div>
   <div class='ocr_carea' id='block_1_99' title="bbox 1896 4367 3320 4448">
    <p class='ocr_par' dir='ltr' id='par_1_99' title="bbox 1896 4367 3320 4448">
     <span class='ocr_line' id='line_1_99' title="bbox 1896 4367 3320 4448; baseline -0.007 -16"><span class='ocrx_word' id='word_1_552' title='bbox 1896 4373 2305 4448; x_wconf 85' lang='lat' dir='ltr'>spiritualibus</span> <span class='ocrx_word' id='word_1_553' title='bbox 2332 4370 2691 4438; x_wconf 81' lang='lat' dir='ltr'>aeternisque</span> <span class='ocrx_word' id='word_1_554' title='bbox 2710 4368 2998 4422; x_wconf 82' lang='lat' dir='ltr'>fructibus</span> <span class='ocrx_word' id='word_1_555' title='bbox 3020 4367 3320 4422; x_wconf 87' lang='lat' dir='ltr'>refertam.</span> 
     </span>
    </p>
   </div>
   <div class='ocr_carea' id='block_1_100' title="bbox 1965 4455 3536 4530">
    <p class='ocr_par' dir='ltr' id='par_1_100' title="bbox 1965 4455 3536 4530">
     <span class='ocr_line' id='line_1_100' title="bbox 1965 4455 3536 4530; baseline -0.004 -12"><span class='ocrx_word' id='word_1_556' title='bbox 1965 4464 2153 4518; x_wconf 84' lang='lat' dir='ltr'>Media</span> <span class='ocrx_word' id='word_1_557' title='bbox 2181 4460 2572 4530; x_wconf 89' lang='lat' dir='ltr'>inimpiorum</span> <span class='ocrx_word' id='word_1_558' title='bbox 2592 4462 2937 4528; x_wconf 87' lang='lat' dir='ltr'>tempestate</span> <span class='ocrx_word' id='word_1_559' title='bbox 2952 4457 3231 4511; x_wconf 92' lang='lat' dir='ltr'>immotus</span> <span class='ocrx_word' id='word_1_560' title='bbox 3244 4455 3536 4524; x_wconf 87' lang='lat' dir='ltr'>restitisti,</span> 
     </span>
    </p>
   </div>
   <div class='ocr_carea' id='block_1_101' title="bbox 1892 4542 3539 4615">
    <p class='ocr_par' dir='ltr' id='par_1_101' title="bbox 1892 4542 3539 4615">
     <span class='ocr_line' id='line_1_101' title="bbox 1892 4542 3539 4615; baseline -0.007 -7"><span class='ocrx_word' id='word_1_561' title='bbox 1892 4553 1978 4608; x_wconf 87' lang='lat' dir='ltr'>vir</span> <span class='ocrx_word' id='word_1_562' title='bbox 2008 4550 2323 4613; x_wconf 84' lang='lat' dir='ltr'>celebrate,</span> <span class='ocrx_word' id='word_1_563' title='bbox 2355 4546 2515 4600; x_wconf 89' lang='lat' dir='ltr'>velut</span> <span class='ocrx_word' id='word_1_564' title='bbox 2538 4545 3086 4615; x_wconf 88' lang='lat' dir='ltr'>inconcussapetra,</span> <span class='ocrx_word' id='word_1_565' title='bbox 3111 4549 3169 4599; x_wconf 90' lang='lat' dir='ltr'>et</span> <span class='ocrx_word' id='word_1_566' title='bbox 3188 4542 3539 4597; x_wconf 86' lang='lat' dir='ltr'>velutturris</span> 
     </span>
    </p>
   </div>
   <div class='ocr_carea' id='block_1_102' title="bbox 1897 4633 3539 4709">
    <p class='ocr_par' dir='ltr' id='par_1_102' title="bbox 1897 4633 3539 4709">
     <span class='ocr_line' id='line_1_102' title="bbox 1897 4633 3539 4709; baseline -0.007 -12"><span class='ocrx_word' id='word_1_567' title='bbox 1897 4641 2260 4700; x_wconf 78' lang='lat' dir='ltr'>ﬁrmissima.</span> <span class='ocrx_word' id='word_1_568' title='bbox 2313 4638 2570 4709; x_wconf 88' lang='lat' dir='ltr'>ingenua</span> <span class='ocrx_word' id='word_1_569' title='bbox 2622 4633 2820 4690; x_wconf 91' lang='lat' dir='ltr'>cordis</span> <span class='ocrx_word' id='word_1_570' title='bbox 2870 4634 3147 4689; x_wconf 85' lang='lat' dir='ltr'>firmitate</span> <span class='ocrx_word' id='word_1_571' title='bbox 3171 4633 3539 4688; x_wconf 87' lang='lat' dir='ltr'>cruciatuum</span> 
     </span>
    </p>
   </div>
   <div class='ocr_carea' id='block_1_103' title="bbox 1896 4726 2402 4786">
    <p class='ocr_par' dir='ltr' id='par_1_103' title="bbox 1896 4726 2402 4786">
     <span class='ocr_line' id='line_1_103' title="bbox 1896 4726 2402 4786; baseline -0.012 1"><span class='ocrx_word' id='word_1_572' title='bbox 1896 4731 2112 4786; x_wconf 87' lang='lat' dir='ltr'>ﬂuctus</span> <span class='ocrx_word' id='word_1_573' title='bbox 2143 4726 2402 4783; x_wconf 89' lang='lat' dir='ltr'>eludisti.</span> 
     </span>
    </p>
   </div>
   <div class='ocr_carea' id='block_1_104' title="bbox 1968 4897 3538 4979">
    <p class='ocr_par' dir='ltr' id='par_1_104' title="bbox 1968 4897 3538 4979">
     <span class='ocr_line' id='line_1_104' title="bbox 1968 4897 3538 4979; baseline -0.005 -17"><span class='ocrx_word' id='word_1_574' title='bbox 1968 4907 2305 4979; x_wconf 88' lang='lat' dir='ltr'>Apparuisti</span> <span class='ocrx_word' id='word_1_575' title='bbox 2338 4907 2497 4962; x_wconf 88' lang='lat' dir='ltr'>velut</span> <span class='ocrx_word' id='word_1_576' title='bbox 2520 4907 2612 4962; x_wconf 91' lang='lat' dir='ltr'>leo</span> <span class='ocrx_word' id='word_1_577' title='bbox 2640 4906 2797 4962; x_wconf 83' lang='lat' dir='ltr'>ﬁdus</span> <span class='ocrx_word' id='word_1_578' title='bbox 2824 4908 2882 4959; x_wconf 91' lang='lat' dir='ltr'>et</span> <span class='ocrx_word' id='word_1_579' title='bbox 2906 4903 3135 4974; x_wconf 87' lang='lat' dir='ltr'>justus;</span> <span class='ocrx_word' id='word_1_580' title='bbox 3175 4915 3313 4954; x_wconf 90' lang='lat' dir='ltr'>nam</span> <span class='ocrx_word' id='word_1_581' title='bbox 3345 4897 3538 4971; x_wconf 86' lang='lat' dir='ltr'>pravis</span> 
     </span>
    </p>
   </div>
   <div class='ocr_carea' id='block_1_105' title="bbox 1897 4988 3536 5070">
    <p class='ocr_par' dir='ltr' id='par_1_105' title="bbox 1897 4988 3536 5070">
     <span class='ocr_line' id='line_1_105' title="bbox 1897 4988 3536 5070; baseline -0.007 -16"><span class='ocrx_word' id='word_1_582' title='bbox 1897 4997 2321 5070; x_wconf 90' lang='lat' dir='ltr'>cupiditatibus</span> <span class='ocrx_word' id='word_1_583' title='bbox 2353 4997 2631 5069; x_wconf 82' lang='lat' dir='ltr'>regaliter</span> <span class='ocrx_word' id='word_1_584' title='bbox 2656 4995 2996 5051; x_wconf 89' lang='lat' dir='ltr'>dominatus</span> <span class='ocrx_word' id='word_1_585' title='bbox 3022 5009 3105 5057; x_wconf 89' lang='lat' dir='ltr'>es,</span> <span class='ocrx_word' id='word_1_586' title='bbox 3139 4994 3418 5060; x_wconf 87' lang='lat' dir='ltr'>tanquam</span> <span class='ocrx_word' id='word_1_587' title='bbox 3444 4988 3536 5043; x_wconf 91' lang='lat' dir='ltr'>leo</span> 
     </span>
    </p>
   </div>
   <div class='ocr_carea' id='block_1_106' title="bbox 1896 5077 3537 5159">
    <p class='ocr_par' dir='ltr' id='par_1_106' title="bbox 1896 5077 3537 5159">
     <span class='ocr_line' id='line_1_106' title="bbox 1896 5077 3537 5159; baseline -0.007 -17"><span class='ocrx_word' id='word_1_588' title='bbox 1896 5087 2228 5159; x_wconf 86' lang='lat' dir='ltr'>intrepidus</span> <span class='ocrx_word' id='word_1_589' title='bbox 2260 5086 2517 5140; x_wconf 88' lang='lat' dir='ltr'>stadium</span> <span class='ocrx_word' id='word_1_590' title='bbox 2549 5085 2847 5152; x_wconf 88' lang='lat' dir='ltr'>invadisti,</span> <span class='ocrx_word' id='word_1_591' title='bbox 2900 5083 3219 5150; x_wconf 88' lang='lat' dir='ltr'>hostesque</span> <span class='ocrx_word' id='word_1_592' title='bbox 3275 5077 3537 5135; x_wconf 89' lang='lat' dir='ltr'>terruisti</span> 
     </span>
    </p>
   </div>
   <div class='ocr_carea' id='block_1_107' title="bbox 1897 5172 2967 5247">
    <p class='ocr_par' dir='ltr' id='par_1_107' title="bbox 1897 5172 2967 5247">
     <span class='ocr_line' id='line_1_107' title="bbox 1897 5172 2967 5247; baseline -0.007 -15"><span class='ocrx_word' id='word_1_593' title='bbox 1897 5193 2002 5232; x_wconf 90' lang='lat' dir='ltr'>ceu</span> <span class='ocrx_word' id='word_1_594' title='bbox 2036 5176 2286 5231; x_wconf 88' lang='lat' dir='ltr'>miseras</span> <span class='ocrx_word' id='word_1_595' title='bbox 2318 5175 2522 5246; x_wconf 89' lang='lat' dir='ltr'>vulpes</span> <span class='ocrx_word' id='word_1_596' title='bbox 2558 5174 2719 5247; x_wconf 89' lang='lat' dir='ltr'>regio</span> <span class='ocrx_word' id='word_1_597' title='bbox 2751 5172 2967 5244; x_wconf 86' lang='lat' dir='ltr'>rugitu.</span> 
     </span>
    </p>
   </div>
   <div class='ocr_carea' id='block_1_108' title="bbox 1965 5348 3538 5426">
    <p class='ocr_par' dir='ltr' id='par_1_108' title="bbox 1965 5348 3538 5426">
     <span class='ocr_line' id='line_1_108' title="bbox 1965 5348 3538 5426; baseline -0.006 -17"><span class='ocrx_word' id='word_1_598' title='bbox 1965 5356 2359 5426; x_wconf 88' lang='lat' dir='ltr'>Impotentem</span> <span class='ocrx_word' id='word_1_599' title='bbox 2392 5354 2609 5409; x_wconf 89' lang='lat' dir='ltr'>erroris</span> <span class='ocrx_word' id='word_1_600' title='bbox 2635 5352 2859 5407; x_wconf 86' lang='lat' dir='ltr'>ﬂuxum</span> <span class='ocrx_word' id='word_1_601' title='bbox 2896 5348 3239 5411; x_wconf 90' lang='lat' dir='ltr'>cohibuisti,</span> <span class='ocrx_word' id='word_1_602' title='bbox 3274 5349 3538 5418; x_wconf 84' lang='lat' dir='ltr'>martyr;</span> 
     </span>
    </p>
   </div>
   <div class='ocr_carea' id='block_1_109' title="bbox 1897 5438 3536 5517">
    <p class='ocr_par' dir='ltr' id='par_1_109' title="bbox 1897 5438 3536 5517">
     <span class='ocr_line' id='line_1_109' title="bbox 1897 5438 3536 5517; baseline -0.007 -15"><span class='ocrx_word' id='word_1_603' title='bbox 1897 5463 2036 5502; x_wconf 88' lang='lat' dir='ltr'>nam</span> <span class='ocrx_word' id='word_1_604' title='bbox 2065 5446 2192 5517; x_wconf 84' lang='lat' dir='ltr'>ejus</span> <span class='ocrx_word' id='word_1_605' title='bbox 2222 5445 2337 5499; x_wconf 89' lang='lat' dir='ltr'>vim</span> <span class='ocrx_word' id='word_1_606' title='bbox 2368 5445 2775 5499; x_wconf 73' lang='lat' dir='ltr'>vehementem</span> <span class='ocrx_word' id='word_1_607' title='bbox 2806 5446 2862 5495; x_wconf 90' lang='lat' dir='ltr'>et</span> <span class='ocrx_word' id='word_1_608' title='bbox 2896 5438 3536 5509; x_wconf 84' lang='lat' dir='ltr'>turbidam,asperum-</span> 
     </span>
    </p>
   </div>
   <div class='ocr_carea' id='block_1_110' title="bbox 1897 5531 3526 5608">
    <p class='ocr_par' dir='ltr' id='par_1_110' title="bbox 1897 5531 3526 5608">
     <span class='ocr_line' id='line_1_110' title="bbox 1897 5531 3526 5608; baseline -0.007 -17"><span class='ocrx_word' id='word_1_609' title='bbox 1897 5554 2011 5608; x_wconf 90' lang='lat' dir='ltr'>que</span> <span class='ocrx_word' id='word_1_610' title='bbox 2038 5536 2346 5607; x_wconf 89' lang='lat' dir='ltr'>impetum,</span> <span class='ocrx_word' id='word_1_611' title='bbox 2384 5534 2545 5589; x_wconf 89' lang='lat' dir='ltr'>velut</span> <span class='ocrx_word' id='word_1_612' title='bbox 2594 5539 2825 5604; x_wconf 87' lang='lat' dir='ltr'>septum</span> <span class='ocrx_word' id='word_1_613' title='bbox 2858 5531 3299 5592; x_wconf 87' lang='lat' dir='ltr'>inconcussum,</span> <span class='ocrx_word' id='word_1_614' title='bbox 3332 5531 3526 5583; x_wconf 86' lang='lat' dir='ltr'>retro-</span> 
     </span>
    </p>
   </div>
   <div class='ocr_carea' id='block_1_111' title="bbox 1895 5625 2350 5702">
    <p class='ocr_par' dir='ltr' id='par_1_111' title="bbox 1895 5625 2350 5702">
     <span class='ocr_line' id='line_1_111' title="bbox 1895 5625 2350 5702; baseline -0.009 -19"><span class='ocrx_word' id='word_1_615' title='bbox 1895 5626 2058 5702; x_wconf 89' lang='lat' dir='ltr'>gredi</span> <span class='ocrx_word' id='word_1_616' title='bbox 2090 5625 2350 5698; x_wconf 87' lang='lat' dir='ltr'>coegisti.</span> 
     </span>
    </p>
   </div>
  </div>
