4048 6210
464 385 602 441 1395

1971 396 2338 450 ADDENDA.

3759 395 3891 450 1396

545 513 764 585 Lingua
794 513 961 570 tarda
983 520 1041 570 et
1057 516 1246 584 exilis,
1281 535 1464 589 osque
1511 519 1738 575 discors
1792 525 1849 575 te
1879 519 2118 592 hymnis

2304 517 2615 572 Θεοτόκιον.
2652 549 2718 558 —
2752 520 2983 570 ΓΛῶσσα
3037 513 3261 592 βραδεῖα
3313 519 3403 572 καὶ
3460 523 3651 596 σαφῶς
3720 502 3889 594 ἶσχνιί

478 600 777 656 celebrare
799 603 1104 674 gloriatur,
1137 607 1347 662 Domin
1365 625 1397 662 a
1426 626 1439 676 ;
1475 613 1529 663 te
1552 609 1712 665 enim
1736 615 2124 666 cantantom-

477 707 581 745 nes
604 692 951 764 angelorum
986 693 1205 766 linguae
1237 701 1296 751 et
1325 697 1618 754 ﬂammea}
1653 706 1710 755 et
1734 701 1943 772 igneae,
1966 700 2131 756 etin-

475 795 897 852 corporeorum
929 799 1048 838 ora.

937 963 1046 1018 Ode
1075 963 1175 1020 III.
1211 966 1316 1029 Qui
1367 970 1672 1036 conﬁrmat.

563 1053 634 1107 Ut
663 1051 911 1125 gloriam
943 1058 1000 1108 et
1028 1055 1210 1111 vitam
1244 1057 1303 1110 in
1335 1057 1564 1112 Christo
1597 1058 1961 1114 reconditam
1994 1076 2134 1114 con-

492 1142 772 1214 tingeres,
805 1142 1125 1215 despexisti
1151 1145 1396 1217 gloriam
1432 1146 1720 1220 fugacem,
1747 1154 1804 1202 et
1833 1150 2134 1220 corrupti-

484 1229 665 1286 bilem
679 1233 854 1288 vitam
872 1233 1172 1304 sapienter
1195 1235 1537 1308 neglexisti;
1564 1254 1746 1308 quare
1768 1255 1873 1309 per
1884 1244 2135 1294 mortem

486 1321 663 1377 vitam
697 1322 970 1378 invenisti
1006 1329 1315 1379 zeternam.

559 1412 685 1467 Non
744 1411 1066 1467 laborando
1125 1413 1416 1481 defecisti,
1478 1431 1597 1470 non
1667 1415 2018 1488 defatigatus
2077 1433 2139 1471 es

492 1501 796 1571 velutigne
830 1503 1053 1555 etferro
1079 1519 1369 1574 pugnans,
1396 1503 1549 1558 ferro
1573 1509 1631 1559 et
1652 1505 2138 1560 omniadamante

493 1589 740 1652 ﬁrmior.
780 1590 882 1644 sed
937 1592 1140 1646 omnia
1194 1591 1495 1662 pertulisti
1529 1593 1687 1648 velut
1732 1595 1898 1649 testis
1930 1595 2140 1650 alicnm

487 1696 807 1750 passxoms.

565 1771 676 1823 Pro
706 1769 935 1826 Christo
968 1773 1397 1838 convcrsantis,
1443 1773 1858 1827 instrumentis
1888 1777 2142 1828 tortores

2238 628 2437 685 φωνος,
2497 606 2583 661 καὶ
2620 605 2794 680 στόμα
2843 604 3088 682 δόσηχόν
3147 628 3228 661 σοι
3288 615 3637 686 προσφωνεῖν
3695 608 3892 680 ὗμνοιις

2239 691 2618 766 εὐλαϐοῦνται,
2653 695 2932 750 Δὲσποινα⁶
2967 696 3025 750 σὲ
3079 697 3183 771 γὰρ
3241 697 3500 770 ὑμνοῦσιν
3556 697 3771 752 ἅπασαι
3797 704 3886 752 16n-

2239 783 2486 860 ἀγγέλων
2519 787 2572 839 αἱ
2603 785 2849 861 γλῶσσαι
2880 787 2936 840 αἱ
2969 783 3254 863 φλογεροὶ,
3284 788 3376 841 καὶ
3409 788 3792 865 πυρίμορςιοι,
3815 790 3891 842 καὶ

2239 879 2348 930 τῶν
2379 875 2684 948 ἀσωμάτων
2714 877 2781 930 τὰ
2803 874 3065 947 στόματα.

2704 963 2836 1045 ᾨδή
2873 965 2941 1020 Γ’.
2992 965 3054 1022 Ὁ
3110 965 3423 1041 στερεώσας.

2314 1054 2426 1107 Ἵνα
2456 1060 2556 1123 τῆς
2587 1051 2748 1125 δόξης
2779 1053 2870 1109 καὶ
2903 1059 3049 1122 ζωῆς
3104 1061 3202 1124 τῆς
3259 1054 3312 1110 ἐν
3373 1061 3604 1132 Χριστῷ
3664 1077 3893 1130 κρυπτο-

2248 1144 2411 1216 μὲνης
2442 1141 2732 1218 ἐπιτύχῃς,
2783 1144 3188 1219 κατεφρόνησας
3243 1142 3404 1218 δόξης
3457 1144 3773 1217 λυομένης,
3819 1147 3894 1200 καὶ

2245 1237 2490 1307 φθαρτῆς
2521 1230 2809 1306 ἠλόγησας
2842 1229 3086 1305 εὐλόγως
3147 1239 3310 1301 ζωῆς’
3368 1231 3453 1289 διὸ
3515 1232 3610 1288 διὰ
3674 1235 3893 1297 θανάτου

2247 1318 2394 1394 εὗρες
2427 1321 2568 1388 ζωὴν
2601 1322 2698 1389 τὴν
2730 1320 2969 1375 αἰώνιον.

2317 1410 2396 1466 Οὐ
2420 1413 2821 1484 κατενάρκησας
2849 1409 3063 1482 καμὼν,
3110 1410 3213 1464 οὐκ
3269 1411 3562 1473 ἔκοπίασας
3623 1413 3784 1474 δίιως
3834 1415 3897 1474 ὡς

2251 1498 2570 1571 μαχόμενος
2592 1498 2726 1573 πυρὶ
2764 1498 2854 1552 καὶ
2910 1497 3143 1573 σιδήρῳ,
3198 1501 3225 1552 ὁ
3284 1497 3514 1573 σιδήρου
3558 1500 3661 1554 καὶ
3713 1504 3899 1564 παντὸς

2250 1583 2558 1659 ἀδάμαντος
2602 1587 2983 1662 στερςῖότατος,
3043 1585 3168 1642 ἀλλ’
3227 1587 3404 1650 οὕτως
3458 1588 3785 1663 ἐκαρντέρεις
3836 1591 3901 1651 ὡς

2251 1676 2452 1750 θεωρὸς
2487 1674 2661 1731 ἄλλου
2691 1678 3022 1751 πάσχοντος.

2321 1765 2479 1839 Ὑπὲρ
2511 1770 2752 1840 Χριστοῦ
2781 1765 3163 1840 προσομιλῶν,
3195 1764 3601 1838 κολαστηρίοις
3655 1766 3904 1840 ὀργάνοις

496 1875 712 1929 corpus
745 1860 804 1913 in
836 1865 1034 1930 partes
1065 1860 1357 1925 dividunt,
1392 1865 1449 1914 et
1479 1867 1675 1933 partes
1722 1862 1780 1916 in
1808 1863 2142 1917 minutissi-

2275 1857 2674 1927 ιατατέμνουσιν
2746 1854 2821 1916 ὡς
2878 1856 3044 1927 μέρη,
3103 1857 3189 1909 καὶ
3243 1854 3386 1927 μέλη
3456 1851 3781 1929 διαιροῦσιν
3839 1855 3906 1918 εἰς

2401 1944 2412 1960 \
2491 1944 2504 1960 ἱ
2583 1948 2609 1958 ο
2684 1943 2695 1960 Ι
2964 1941 3028 1960 \I
3077 1942 3126 1960 “
3297 1945 3309 1960 \
3383 1943 3404 1960 \
3610 1947 3626 1960 \
3709 1945 3724 1960 Ἰ
3788 1948 3800 1960 Ι

499 1965 618 2015 ma,
656 1949 977 2004 fortissime
1005 1967 1017 2016 ;
1053 1949 1155 2003 sed
1187 1950 1472 2005 charitate
1503 1951 1715 2005 Christi
1746 1955 2007 2005 mentem
2025 1968 2143 2006 ser-

504 2055 604 2094 vas
635 2039 1098 2109 integerrimam.

579 2128 847 2182 Afﬂictus
879 2135 1119 2199 propter
1147 2129 1466 2197 Christum,
1502 2130 1600 2199 qui
1642 2134 1882 2199 propter
1912 2134 1967 2183 te
1998 2129 2148 2184 afﬂi-

507 2224 636 2271 ctus
669 2217 954 2283 est,illum
975 2218 1034 2270 in
1056 2217 1338 2271 membris
1363 2219 1478 2272 tuis
1495 2218 2147 2288 glorificasti,tanquam

508 2305 781 2375 stigmata
811 2306 939 2375 ejus
961 2305 1158 2358 ferens
1189 2307 1354 2360 carni
1375 2312 1487 2360 tua:
1515 2306 1712 2367 afﬁxa,
1745 2311 1803 2359 et
1833 2306 1956 2376 ipse
1970 2306 2151 2378 glori-

503 2395 714 2448 ficatus
746 2410 806 2446 es
839 2395 1047 2465 magis,
1092 2393 1494 2449 illustrissime
1527 2395 1755 2465 Georgi.

575 2484 850 2551 Deipm'ae.
886 2513 949 2520 —-
1003 2485 1387 2538 Peccatorum
1449 2483 1714 2553 procella
1767 2483 2149 2552 iniquitatum

507 2577 849 2641 tempestas,
906 2571 1292 2642 malignitatis
1353 2573 1579 2642 scopuli
1633 2573 1924 2642 dejiciunt
1955 2591 2048 2628 me
2089 2573 2149 2628 in

509 2661 687 2716 imam
723 2662 1124 2731 impietatem;
1186 2662 1260 2716 da
1306 2663 1476 2730 mihi,
1503 2663 1693 2734 Virgo,
1754 2663 2043 2732 dextram,
2077 2681 2151 2720 ne

509 2751 721 2805 fluctus
752 2751 1040 2805 viventem
1073 2768 1168 2805 me
1194 2751 1424 2806 obruat.

755 2859 865 2914 Ode
897 2859 994 2913 IV.
1053 2860 1130 2910 Tu
1181 2857 1412 2923 Christe,
1453 2858 1711 2912 Dominus
1735 2875 1902 2915 meus.

575 2948 918 3002 Rbeloricas
949 2948 1364 3018 contempsisti
1397 2948 1858 3019 disputationes,
1911 2953 1968 3002 et
2006 2948 2150 3003 insi-

502 3039 790 3108 pientium
825 3054 1009 3106 nugas
1030 3036 1260 3090 veritati
1295 3036 1526 3106 sibique
1587 3038 1958 3092 contentiose
2009 3055 2146 3092 con-

500 3126 916 3180 tradicentium
947 3143 959 3190 ;
991 3125 1206 3179 Christi
1239 3125 1336 3179 Dei
1360 3126 1712 3196 sapientiam
1749 3127 1957 3182 doctus
1980 3133 2038 3181 et
2059 3127 2151 3182 in-

503 3216 779 3287 geniosus
814 3231 882 3268 ex
916 3215 1114 3268 anima
1137 3214 1425 3283 dilexisti,
1457 3215 1685 3286 Georgi.

567 3303 914 3359 Turbulenti
946 3304 1382 3358 vehementium
1410 3308 1838 3358 tormentorum
1853 3304 2130 3376 impetus,

505 3401 562 3450 et
615 3394 988 3449 amarissima
1049 3392 1419 3464 flagellorum
1475 3393 1747 3461 ﬂumina,
1808 3399 1866 3448 et
1920 3395 2157 3450 turbida

502 3489 791 3559 igneaque
835 3486 1035 3556 plzivia
1058 3485 1236 3539 simul
1273 3491 1325 3538 te
1360 3485 1668 3550 invadunt,
1703 3492 1761 3539 et
1789 3485 1983 3540 subito
2009 3487 2153 3540 arri-

498 3575 688 3644 piunt,
725 3573 826 3626 sed
858 3572 1252 3626 confessionis
1279 3576 1393 3625 tua:
1415 3572 1624 3625 turrim
1678 3572 2008 3628 labefacere
2033 3591 2154 3628 non

497 3663 734 3724 valent,-
765 3677 901 3715 nam
930 3661 990 3714 in
1025 3666 1190 3731 petra
1227 3660 1470 3714 fundata
1502 3666 1647 3714 erat.

571 3752 893 3803 Fornacem
931 3749 1133 3801 multis
1166 3749 1340 3820 lignis
1364 3767 1710 3805 succensam
1733 3793 1746 3818 ,
1778 3751 2150 3806 velutthala-

503 3855 666 3893 mum
718 3837 1017 3891 roscidum
1076 3837 1382 3909 ingressus
1416 3856 1480 3893 es
1513 3859 1526 3906 ;
1562 3841 1806 3911 angelus
1857 3841 2016 3895 enim
2047 3833 2150 3897 Dei

502 3943 697 3982 rorem
723 3925 1037 3996 quemdam
1069 3942 1348 3998 spargens
1383 3926 1644 3982 fornacis
1669 3929 2037 3998 temperabat
2058 3947 2150 3984 ar-

503 4015 727 4081 dorem,
764 4013 1100 4068 excutiebat
1130 4014 1453 4082 flammam,
1474 4022 1532 4069 et
1554 4017 1686 4087 igne
1714 4017 2080 4087 superiorem
2097 4024 2151 4073 te

495 4103 830 4178 praestabat.

565 4193 816 4248 Verbum
851 4193 949 4247 Dei
982 4192 1169 4246 vivum
1206 4199 1261 4247 et
1285 4194 1656 4248 salutiferum
1692 4195 1897 4266 lingua
1919 4212 2149 4267 gerens,

488 4283 913 4348 illustrissime,
957 4283 1240 4353 gentilem
1275 4285 1384 4335 viri
1411 4284 1592 4338 licasti
1628 4291 1765 4338 ante
1795 4285 2014 4339 Christi
2051 4287 2155 4341 de-

491 4389 768 4429 scensum
793 4371 1180 4436 defunctum;
1224 4371 1418 4426 divino
1483 4374 1839 4444 baptismate
1897 4374 2150 4446 baptiza‘

495 4468 642 4525 tum,
668 4462 728 4514 in
761 4461 1033 4533 gehenna
1057 4461 1207 4532 ignis
1241 4461 1508 4516 liberasti
1537 4464 1733 4532 (Deest.
1787 4472 1926 4525 θεοτ.
1970 4472 2018 4518 et
2051 4467 2153 4524 ode

499 4551 549 4605 V
575 4552 779 4620 echus.)

1203 4641 1312 4696 Ode
1361 4643 1424 4696 V.

634 4772 646 4784 .
697 4771 707 4783 .
739 4746 937 4786 amare
969 4736 1341 4801 gemuerunt,
1369 4735 1426 4784 et
1454 4729 1630 4785 deum
1663 4731 1764 4785 Dei
1807 4747 1997 4801 prin-co
2029 4731 2138 4785 hu-

491 4837 667 4875 mana
697 4837 834 4874 voce
866 4821 926 4874 in
961 4819 1262 4891 pulverem
1294 4818 1538 4891 redegit.
1583 4821 1764 4873 Deum
1814 4820 2017 4874 videns
2068 4820 2140 4874 ab

494 4911 692 4981 impiis
718 4909 1087 4981 principibus
1122 4910 1415 4963 offensum
1449 4925 1568 4962 non
1622 4909 1980 4977 sustinuisti,
2040 4908 2141 4964 sed

496 5000 692 5056 divino
727 5000 919 5054 studio
948 5016 1049 5054 cor
1072 4998 1791 5068 inﬂammatus,magnum
1818 4999 2143 5053 errantium

498 5105 759 5144 errorem
795 5088 1135 5160 increpasti,
1164 5093 1220 5141 et
1253 5089 1435 5142 Deum
1488 5088 1782 5141 Christum
1841 5087 2147 5142 confessus

498 5195 581 5234 BS.

567 5267 823 5338 Martyrii
857 5266 965 5333 tui,
987 5266 1268 5333 Salvator,
1299 5265 1449 5320 viam
1471 5281 1743 5337 peragam
1774 5269 1830 5319 et
1861 5264 2145 5331 laetabor;

497 5355 578 5410 ita
602 5357 901 5423 cantabas,
927 5356 1156 5428 Georgi,
1174 5355 1316 5410 dum
1351 5355 1600 5426 speciosi
1635 5354 1718 5408 tui
1746 5353 1927 5425 pedes
1945 5353 2150 5408 ferreis

2252 1941 2423 1998 λεπτά
2451 1944 2514 1998 τὸ
2543 1943 2702 2016 σῶμά
2731 1965 2852 2010 σου,
2885 1941 3186 2007 πολύαθλε·
3258 1945 3350 1999 τὸν
3383 1943 3671 2020 λογισμὸν
3706 1945 3906 2020 ἐτήρεις

2251 2032 2494 2104 ἄτμητον
2527 2033 2586 2088 ἐκ
2612 2040 2710 2102 τῆς
2741 2031 2952 2108 ἀγάπης
2983 2034 3237 2105 Χριστοῦ.

2325 2123 2700 2196 Μαστιγωθεές
2733 2120 2822 2176 διὰ
2852 2122 3079 2195 Χριστὸν
3110 2122 3202 2176 τὸν
3253 2119 3340 2176 διὰ
3389 2125 3446 2177 σε
3513 2123 3903 2199 μαπιχθέντα,

2251 2213 2340 2266 καὶ
2369 2209 2592 2284 δοξάσας
2618 2218 2736 2272 τοῖς
2767 2217 2884 2273 σοῖς
2920 2209 3104 2283 μέλεσι
3135 2215 3349 2279 τοῦτον,
3384 2214 3460 2276 ὡς
3516 2216 3589 2267 τὰ
3648 2214 3911 2286 στίγματα

2253 2300 2414 2355 αὐτοῦ
2451 2300 2714 2375 βαστάσας
2743 2305 2812 2374 τῇ
2843 2300 3018 2372 οἰκείᾳ
3049 2300 3203 2375 σαρκὶ
3263 2299 3676 2373 ἀντεδοξάσθης
3723 2301 3908 2372 πλέον,

2254 2386 2606 2463 δεδοξασμένε
2639 2392 2896 2466 Γεώργιε.

2325 2480 2627 2535 Θεοτόκιον.
2689 2513 2754 2522 -
2815 2481 3122 2553 ’Λμαρτιῶν
3185 2500 3250 2551 με
3313 2480 3592 2553 καταιγὶς,
3671 2481 3911 2552 ἀνομιῶν

2252 2569 2532 2642 τρικυμία,
2563 2567 2985 2638 ἀλλεπάλληλοι
3017 2566 3274 2630 σπιλάδες
3308 2569 3503 2630 κακίας
3563 2575 3906 2634 συνωθοῦσιν

2253 2657 2327 2718 είς
2362 2657 2524 2731 βαθὺν
2562 2658 2724 2731 βυθὸν
2773 2660 2870 2724 τῆς
2923 2658 3308 2732 ἀπογνώσεως·
3344 2655 3434 2719 δός
3491 2679 3618 2730 μοι,
3657 2660 3912 2731 Παρθένε,

2252 2753 2437 2822 χεῖρα,
2477 2748 2552 2819 μὴ
2582 2751 2729 2819 κῦμα
2761 2750 2938 2815 ζῶντα
2961 2745 3182 2821 καλύψῃ
3221 2767 3308 2820 με.

2562 2850 2692 2922 Ὠδή
2721 2860 2788 2908 A‘.
2826 2851 2902 2907 Σό
2937 2874 3063 2924 μου,
3097 2854 3317 2927 Χριστὲ,
3355 2854 3586 2927 Κόριος.

2323 2944 2648 3018 Ῥητορικὴν
2730 2940 3046 3017 ὲρεσχελίαν
3125 2939 3429 3010 διὲπτυσας,
3516 2942 3614 2997 καὶ
3692 2943 3908 3021 ἀσόφων

2254 3032 2561 3109 φλήναφον,
2594 3035 2662 3104 τῇ
2692 3028 2922 3101 ἀληθείᾳ
2951 3032 3039 3085 καὶ
3071 3031 3285 3092 ἑαυτοῖς
3317 3031 3768 3103 διαμαχομένων
3805 3033 3906 3108 ἐρι-

2254 3119 2794 3188 στικοίςάντιθέσεσι,
2848 3124 3083 3194 Χριστοῦ
3153 3124 3287 3175 Θεοῦ
3344 3119 3534 3196 σοφίαν
3600 3122 3681 3183 ὡς
3752 3126 3916 3199 σος-ξος

2173 3246 2214 3312 C
2252 3210 2338 3264 καὶ
2370 3207 2637 3283 ἀγχίνους
2667 3208 2726 3262 ἐκ
2745 3211 2930 3283 ψυχῆς
2960 3210 3268 3281 ἀγαπήσας,
3305 3210 3564 3283 Γεώργιε.

2336 3300 2645 3375 Τυφωνικαὶ
2676 3296 2923 3376 σφοδρῶν
2981 3299 3224 3373 βασάνων
3274 3299 3605 3364 ἀντίπνοιαι,
3659 3302 3756 3356 καὶ
3820 3323 3921 3373 μα-

2266 3388 2461 3463 στίγων
2516 3389 2761 3460 ποταμοὶ
2817 3388 3160 3461 πικρότατοι,
3208 3389 3298 3442 καὶ
3374 3391 3664 3464 πυραυγής
3721 3390 3921 3464 δολερὰ

2269 3481 2449 3555 βροχὴ
2486 3480 2596 3551 ἅμα
2629 3475 3026 3555 προσϐαλόντα,
3058 3481 3148 3534 καὶ
3199 3478 3465 3558 αἰφνίδιόν
3525 3503 3616 3536 σοι
3672 3486 3920 3554 προςρή-

2267 3575 2445 3638 ζαντα,
2480 3567 2577 3623 οὐκ
2607 3567 2850 3623 ἔπτωσαν
2882 3571 2973 3624 τὸν
3021 3570 3223 3644 πῦργον
3282 3577 3382 3638 τῆς
3434 3577 3533 3639 σῆς
3588 3569 3914 3648 ὁμολογίας·

2263 3660 2314 3714 ἐν
2347 3663 2414 3731 τῇ
2445 3657 2614 3732 πέτρᾳ
2642 3658 2744 3735 γὰρ
2773 3656 3156 3730 τεθεμελίωτο.

2332 3747 2470 3823 Ὕλῃ
2502 3745 2690 3820 πολλῇ
2731 3747 2835 3821 γὰρ
2893 3746 3194 3825 ἐξάφθησάν
3223 3769 3307 3802 σοι
3357 3750 3622 3822 κάμινον,
3681 3749 3760 3812 ὦς
3817 3773 3917 3805 πα·-

2263 3835 2429 3892 στάδα
2490 3833 2746 3910 δροσερὰν
2791 3833 3125 3908 εἰσέδραμεςο
3178 3835 3410 3911 ἅγγελος
3452 3843 3601 3899 θεῖος
3657 3840 3766 3915 γῦρ
3825 3862 3913 3894 κα-

2259 3927 2463 3988 ταπτὰς
2489 3926 2574 3978 οἷα
2612 3925 2781 3991 πνοήν
2843 3921 3040 3999 δρόσου
3099 3921 3419 3999 διασυρίζων
3457 3925 3695 3994 ἐποίησε
3725 3931 3791 3983 τὸ
3826 3929 3918 4000 μὲ-

2259 4037 2350 4077 νος
2401 4020 2500 4083 τῆς
2550 4015 2812 4086 καμίνου,
2873 4012 3174 4068 ἐκτινάσσει
3217 4015 3314 4082 τὴν
3375 4014 3565 4092 φλόγα
3594 4018 3688 4071 καὶ
3752 4021 3916 4092 1:973:

2261 4103 2627 4177 δυνατώτερον
2662 4099 2836 4172 δείξας
2855 4123 2911 4156 σε
2925 4146 2937 4160 .

2331 4196 2510 4266 Ῥῆμα
2567 4196 2700 4247 Θεοῦ
2761 4195 2863 4260 ζῶν
2923 4192 3012 4246 καὶ
3075 4193 3218 4261 ζωὴν
3278 4194 3664 4268 παρεχόμενον
3732 4195 3785 4250 ἓν
3857 4201 3916 4268 σῇ

2258 4282 2483 4359 γλώσσῃ
2517 4283 2717 4359 φέρων,
2764 4277 3114 4354 παναοίδιμε,
3170 4283 3358 4356 νεκρὸν
3408 4283 3673 4352 ἐζώωσας
3708 4283 3782 4339 δι’
3837 4285 3918 4340 £5-

2264 4379 2371 4447 χῆς
2405 4368 2658 4438 Ἕλληνα
2690 4370 2916 4432 θανόντα
2946 4370 3052 4444 πρὸ
3092 4376 3190 4439 τῆς
3247 4376 3482 4445 Χριστοῦ
3540 4369 3914 4434 καταϐάσεως·

2267 4461 2602 4538 βαπτίσματι
2633 4455 2690 4512 δὲ
2720 4458 2847 4530 θείῳ
2882 4458 3170 4533 βαπτίσας,
3231 4463 3421 4515 τοῦτον
3476 4460 3527 4514 ἐν
3827 4485 3916 4516 m-

2262 4553 2354 4626 ρὸς
2385 4549 2767 4623 ἠλευθέρωσας
2818 4553 2894 4618 (1)
2924 4551 3072 4605 Deest
3120 4553 3270 4604 Θεοτ.
3331 4558 3382 4605 et
3441 4551 3560 4606 ode:
3621 4554 3672 4604 V
3719 4554 3911 4623 aclis-5.}

2973 4633 3084 4705 Ωδὴ
3122 4638 3194 4693 E‘.
3376 4643 3403 4710 ξ

2473 4775 2483 4785 .
2519 4730 2731 4797 πικρῶς
2756 4724 3026 4797 οίμῶζαν,
3077 4727 3165 4780 καὶ
3225 4727 3316 4781 τὸν
3375 4727 3496 4790 θεὸν
3560 4734 3702 4784 Θεοῦ
3752 4734 3905 4805 κῆρυξ

2252 4817 2565 4894 ἀνθρωπίνῃ
2600 4819 2754 4894 φωνῇ
2787 4814 3091 4886 ἐλεπτόνθη
3133 4815 3207 4876 εἷς
3239 4820 3400 4890 χοῦν.

2322 4909 2436 4960 Ὑπ’
2487 4903 2703 4978 ἀνόμων
2764 4905 3047 4979 ἀρχόντων
3112 4902 3330 4978 βλέπων
3381 4900 3756 4980 ὑϐριζόμενον
3787 4908 3902 4963 Θεὲτ

2254 4997 2355 5051 οὐκ
2383 4996 2628 5070 ἤνεγκας,
2654 4992 2802 5047 ἀλλὰ
2827 4993 2956 5064 θείῳ
2986 4989 3142 5065 ζήλῳ
3192 4992 3445 5072 ἀνατεθεὶς
3501 4997 3611 5061 τήν
3670 4995 3902 5070 καρδίαν,

2255 5083 2539 5156 διήλεγξας
2569 5081 2854 5156 παρελθὼν
2918 5081 2994 5142 εἷς
3057 5079 3305 5154 μεγάλην
3361 5087 3471 5136 τῶν
3536 5083 3898 5157 πλανωμένων

2253 5174 2352 5241 τὴν
2385 5173 2617 5240 ἀπάτην,
2650 5169 2736 5226 καὶ
2772 5171 2902 5225 Θεὸν
2936 5171 3024 5224 τὸν
3067 5171 3296 5243 Χριστὸν
3331 5170 3740 5248 ὡμολόγησας.

2330 5260 2640 5335 Μαρτυρίου
2699 5280 2816 5327 σου,
2868 5264 3079 5333 Σῶτερ,
3134 5253 3396 5331 ἔψαλλες,
3455 5259 3764 5335 δραμοῦσαι
3815 5264 3904 5334 {ita

2259 5353 2414 5424 cod.]
2451 5347 2574 5404 ὁδὸν
2608 5348 2694 5404 καὶ
2723 5349 3126 5426 τερφθήσομαι,
3164 5348 3216 5402 ἐν
3267 5354 3348 5421 τῷ
3378 5350 3762 5422 καθηλοῦσθαι
3793 5350 3902 5406 τοὶς

2070 5515 2112 5568 Ν
2119 5515 2270 5568 ΟΤᾸΕ
2280 5553 2291 5565 .

577 5661 665 5733 (1),
695 5658 760 5708 In
791 5658 1024 5740 Vitta-8.
1076 5660 1332 5740 Gregorii
1379 5661 1679 5740 _par___fere
1736 5659 1806 5714 de
1825 5658 2113 5740 H’l‘rajano
2162 5658 2525 5725 ﬁtnarratio,
2573 5672 2752 5727 quam
2814 5655 3073 5728 theologi
3123 5673 3332 5718 omnes
3391 5660 3681 5718 refutant.
3725 5662 3888 5715 Iusta:

509 5725 776 5780 omnium
810 5725 1060 5777 Allatius
1092 5728 1149 5780 in
1193 5725 1470 5785 Examine
1501 5731 1783 5786 librorum
1825 5725 1988 5784 Eccl:
2043 5732 2136 5784 Gr.
