4048 6210
182 385 327 443 1397

1413 387 1713 442 HYMNUS
1750 387 1825 439 IN
1861 388 1920 441 Β.
1962 387 2366 445 GEORGIUM.

3460 391 3599 448 1398

170 511 411 587 ὡραιους
455 528 553 563 σου
609 505 801 575 πόδας,
862 507 1114 583 Γεώργιε,
1172 505 1421 581 σιδηραῖς
1474 508 1701 581 κρηπίσι
1732 509 1806 562 κα

1943 512 2195 581 crepidis
2226 515 2695 586 conﬁgebantur,
2761 520 2821 571 et
2873 513 3081 582 clavis,
3142 518 3201 568 et
3254 530 3461 570 cruore
3493 520 3594 573 tuo

167 599 575 677 περιπείρεσθαι
608 602 724 658 τοῖς
754 595 937 669 ἣλοις,
987 597 1075 652 καὶ
1101 602 1183 670 τῷ
1215 596 1399 673 λύθρῳ
1459 597 1734 674 φοινίσσον
1767 597 1828 650 τὸ

168 688 396 768 ἔδαφος.

245 778 448 854 Νοερὸν
504 773 779 851 ἀνδριάντι
840 774 929 830 καὶ
1015 774 1354 850 παρικαλλὶς
1392 820 1407 843 ,

164 866 397 943 ἄγαλμα
439 870 535 921 τοῦ
584 868 719 919 Θεοῦ
763 865 817 918 αἱ
871 868 1078 939 χεῖρες,
1139 866 1193 917 αἱ
1214 866 1304 918 τὸν
1362 862 1647 937 ἄνθρωπον
1670 884 1829 917 κατα-

166 959 497 1013 σκευάσασαι
533 954 585 1009 ἐν
614 950 804 1027 πολλῇ
862 955 1023 1031 σοφίᾳ
1081 953 1169 1007 καὶ
1228 953 1505 1026 ἐπιστήμη
1562 952 1738 1025 ἔξεσάν
1772 973 1827 1007 σε

163 1048 263 1101 καὶ
296 1045 372 1107 είς
397 1042 605 1105 κάλλος
639 1042 983 1117 εὐρύθμησαν
1013 1043 1235 1118 ἄφατον.

238 1133 544 1191 Θεοτόκιον.
581 1164 650 1174 --
681 1130 1007 1206 Ὠρυόμενος
1052 1128 1192 1185 λὲων
1241 1130 1429 1203 κύκλῳ
1475 1129 1822 1205 περιέρχεται

154 1228 440 1279 καταπιεῖν
477 1243 544 1295 με
593 1224 770 1290 ζητῶν
830 1224 946 1281 τοῖς
1006 1218 1169 1273 αὐτοῦ
1221 1216 1430 1273 ὀδοῦσι·
1468 1221 1541 1291 μή
1582 1240 1646 1292 με
1675 1216 1823 1291 δῴης

156 1313 241 1374 εἰς
294 1313 486 1387 θήραν,
547 1308 1096 1380 πανάμωμε,ἡΘεὸν
1156 1312 1386 1362 τεκοῦσα
1441 1308 1532 1361 τὸν
1594 1312 1823 1382 κραταιᾷ

154 1402 393 1475 παλάμῃ
423 1400 539 1470 θείᾳ
560 1399 669 1453 τῶν
702 1396 936 1452 λεόντων
968 1397 1062 1459 τὰς
1095 1395 1273 1469 μύλας
1321 1395 1711 1461 συνθλάσαντα.

573 1502 707 1585 ’ῼδή
744 1505 804 1573 ζ“.
838 1505 953 1573 Τὴν
994 1500 1174 1573 δέησιν
1205 1503 1403 1578 ἐκχεῶ.

232 1597 338 1654 Τὸν
369 1594 616 1651 τείναντα
656 1594 743 1648 ἐπὶ
798 1592 964 1664 ξῦλου
1006 1592 1098 1655 τὰς
1133 1599 1341 1668 χεῖραςν
1392 1594 1481 1647 καὶ
1535 1597 1602 1665 τῇ
1635 1591 1818 1666 λόγχῃ

153 1688 263 1755 τήν
292 1684 530 1760 πλεῦράν
561 1684 880 1758 ὀρυχθέντα,
929 1684 1107 1757 Λόγον
1141 1687 1274 1737 Θεοῦ
1299 1682 1388 1736 καὶ
1439 1683 1569 1736 Θεὸν
1617 1703 1818 1754 καταγ-

154 1774 404 1852 γέλλων,
435 1772 755 1848 ἀναρτηθεῖς
811 1770 899 1826 ἐπὶ
952 1770 1141 1840 ξύλου,
1198 1772 1453 1847 Γεώργιε,
1487 1776 1704 1831 κοντοῖς
1734 1768 1814 1824 δι-

1493 776 1830 849 ὡραιότητος

1942 601 2373 671 parvimentum
2401 604 2671 660 rubebat.

2011 781 2148 845 Quae
2182 786 2435 837 statuam
2469 784 2791 837 effecerunt
2812 782 3061 837 rationis
3083 797 3361 853 capacem
3385 786 3443 836 et
3462 784 3588 853 pul-

1939 869 2293 925 cherrimam
2320 873 2578 943 speciem
2596 874 2696 927 Dei
2722 889 2956 938 manus,
2987 872 3285 925 hominem
3311 876 3589 941 parentes

1936 958 1997 1013 in
2030 960 2218 1014 multa
2243 961 2535 1031 sapientia
2589 967 2649 1016 et
2698 962 2971 1023 scientia,
3006 961 3415 1031 exspoliarunt
3446 966 3500 1015 te
3533 965 3591 1015 et

1935 1048 2378 1119 pulchritudine
2408 1056 2461 1105 te
2494 1058 2933 1105 exornaverunt
2966 1050 3275 1104 ineffabili.

2006 1138 2277 1207 Dciparae.
2327 1169 2399 1180 —
2456 1141 2711 1211 Rugiens
2771 1140 2987 1194 circuit
3033 1140 3124 1193 leo
3170 1155 3444 1210 quaerens
3492 1155 3587 1195 me

1934 1225 2215 1282 dentibus
2270 1228 2589 1291 devorare;
2651 1246 2726 1283 ne
2790 1246 2883 1283 me
2934 1228 3131 1283 tradas
3190 1229 3251 1281 in
3304 1229 3588 1298 praadam,

1933 1315 2213 1371 inviolata
2243 1318 2343 1372 Dei
2377 1319 2651 1389 genitrix,
2690 1319 2789 1388 qui
2827 1319 3053 1389 potenti
3085 1334 3191 1373 sua
3237 1318 3433 1373 divina
3460 1334 3589 1373 ma-

1932 1420 2013 1458 nu
2046 1406 2316 1461 maxillas
2346 1407 2587 1462 leonum
2615 1406 2956 1477 confringit.

2381 1514 2492 1568 Ode
2529 1515 2621 1576 VI,
2659 1516 2847 1567 Preces
2879 1513 3124 1582 effando.

1998 1602 2104 1665 Qui
2138 1618 2348 1656 manus
2400 1619 2579 1672 super
2632 1603 2858 1673 lignum
2906 1601 3174 1665 tetendit,
3223 1600 3395 1671 cujus
3427 1599 3581 1655 latus

1926 1690 2134 1744 lancea
2164 1692 2550 1761 perforatum,
2609 1691 2859 1745 Verbum
2913 1691 3012 1744 Dei
3061 1695 3119 1743 et
3150 1692 3332 1743 Deum
3360 1690 3486 1759 ipse
3518 1689 3579 1743 in

1926 1779 2085 1850 ligno
2145 1781 2435 1834 exaltatus
2492 1780 2852 1850 prmdicasti,
2932 1778 3177 1850 Georgi;
3240 1778 3367 1848 ipse
3424 1777 3577 1831 latus

160 1863 387 1939 επείρου
417 1864 513 1927 τὰς
567 1859 833 1936 πλευράς,
882 1859 1007 1915 ἀλλ’
1065 1859 1203 1935 εὐχῇ
1260 1861 1356 1923 τὰς
1404 1860 1581 1933 ἀκμὰς
1640 1859 1806 1915 αὐτῶν

1943 1867 2109 1921 lastis
2141 1869 2442 1938 perfossus
2482 1885 2569 1933 es,
2623 1868 2727 1923 sed
2772 1867 3047 1939 precibus
3098 1883 3301 1921 earum
3331 1865 3581 1921 vulnera

160 1951 201 2023 ἤ
213 1948 481 2026 μϐλυνας.

240 2043 295 2096 Ὀ
327 2041 493 2095 λίθων
526 2038 981 2111 ἀναισθητότερος
1039 2035 1235 2102 οὕτως,
1287 2036 1360 2098 ὠς
1392 2037 1482 2090 καὶ
1516 2034 1692 2099 λίθοις
1725 2036 1820 2089 ἀν-

160 2133 444 2202 αισθητοις
478 2126 778 2199 λατρεύων,
810 2126 998 2180 ὕπτιόν
1040 2146 1095 2180 σε
1145 2125 1229 2179 ἐπ’
1278 2123 1505 2201 ἐδάφους
1537 2122 1821 2186 ἀπλώσας,

159 2222 304 2293 λίθῳ
335 2219 516 2294 βαλεῖ,
551 2216 781 2285 ἐκπιέζει
812 2216 878 2270 τά
923 2214 1215 2289 σπλάγχνα
1263 2236 1380 2282 σου,
1416 2215 1577 2274 αὐτὸς
1613 2211 1669 2266 δὲ
1720 2214 1817 2281 τὴν

156 2309 359 2385 πέτραν
381 2315 480 2377 τῆς
534 2311 699 2376 ζωῆς,
730 2305 821 2359 τὸν
869 2303 1175 2377 πολύτιμον
1225 2302 1376 2366 λίθον
1434 2302 1647 2363 ἐπόθεις
1681 2303 1819 2376 Χρι-

165 2399 292 2455 στόν
305 2442 319 2456 .

234 2489 578 2556 Ὑπὲκκαυμα
606 2487 702 2538 τοῦ
750 2483 921 2557 πυρὸς
976 2485 1074 2536 τοῦ
1131 2477 1397 2536 ἀσϐέστου
1458 2479 1813 2555 χρηματίζων

161 2578 193 2632 6
249 2577 363 2637 υἱὸς
395 2575 423 2627 6
460 2580 561 2642 τῆς
618 2572 858 2647 γεέννης,
916 2576 1126 2624 νεοκαεῖ
1183 2570 1269 2624 καὶ
1326 2569 1516 2642 ζεούσῃ
1576 2563 1816 2638 ἀσϐέστῳ

157 2661 535 2739 καταχωννύει
587 2682 665 2729 σε,
703 2661 927 2733 μάρτυς·
962 2656 1086 2713 ἀλλ’
1147 2658 1380 2733 εὕρηκας
1441 2657 1687 2726 συνήθως
1718 2652 1818 2728 ἅγ-

161 2752 331 2829 γελον
364 2751 623 2830 φρουρὸν,
654 2750 744 2804 τὸν
784 2747 1042 2823 ῥύόμενόν
1075 2769 1133 2802 σε
1164 2746 1223 2802 ἐκ
1251 2746 1530 2808 νεότητος.

243 2838 506 2914 Σιδὴρὸυ,
541 2836 718 2907 λίθου,
782 2834 1020 2910 χαλκοῦ,
1052 2832 1359 2907 ἀδάμαντος
1418 2833 1814 2907 ἰσχυρώτερος,

167 2922 674 3003 Γεώργιε,ὥφθης·
735 2921 960 2979 ἕκαστον
1020 2925 1121 2999 γὰρ
1182 2928 1287 2978 τῶν
1341 2920 1811 2994 ἀπηριθμημὲνων

163 3020 602 3094 παραχωρεῖτῷ
632 3014 761 3087 πυρὶ
811 3011 1217 3085 δαπανώμενον·
1254 3011 1415 3073 αὐτὸς
1461 3007 1539 3080 δὲ,
1574 3010 1618 3063 ὧ
1648 3005 1812 3082 χάρι-

154 3127 258 3168 τος
288 3103 533 3172 πολλῆς,
563 3104 651 3157 καὶ
684 3103 980 3177 παμφάγου
1004 3102 1172 3174 πυρὸς
1198 3098 1584 3175 ὑπερίσχυσας.

237 3193 543 3251 Θεοτόκιον.
579 3224 645 3232 -
672 3191 945 3264 Ἀπάτορα
1000 3191 1091 3244 τὸν
1138 3190 1392 3264 ἀμήτορα
1449 3188 1646 3249 τίκτεις
1680 3186 1810 3258 ὑπὲρ

161 3282 366 3341 ἔννοιαν
399 3282 487 3337 καὶ
520 3280 673 3358 φύσιν
726 3278 815 3332 καὶ
874 3276 1064 3352 λόγον,
1116 3276 1208 3332 ’ίνα
1263 3277 1391 3332 Θεὸν
1437 3276 1804 3349 ἀπεργάσηται

163 3376 329 3440 θὲσει·
385 3372 474 3426 τὸν
547 3368 871 3425 πεπτωκότα
927 3364 1157 3435 ἐλπίδι,
1218 3366 1473 3435 θεότητος
1531 3366 1757 3435 ἀξίωσον
1792 3407 1805 3433 ,

160 3464 451 3530 Δέσποινά,
481 3460 622 3533 κάμὲ
652 3463 750 3523 τῆς
783 3457 1037 3532 γλυκείας
1059 3456 1221 3510 αὐτοῦ
1252 3455 1609 3528 ὡραιότητος.

542 3567 672 3646 ᾨδὴ
706 3568 777 3624 Ζ’.
811 3566 877 3622 Οἱ
919 3565 978 3620 ἐκ
1005 3572 1106 3633 τῆς
1140 3561 1423 3631 Ἰουδαίας,

235 3664 372 3716 Θεοῦ
412 3680 470 3713 σε
524 3658 617 3712 τὸν
678 3654 912 3723 ὁπλίτην
975 3651 1130 3708 οὐδὲν
1165 3650 1354 3727 ἴσχυσε
1416 3649 1634 3726 βλάψει,
1684 3647 1808 3703 οὐδὲ

156 3752 530 3824 λυμήνασθαι,
565 3746 624 3800 οὐ
660 3744 943 3821 βράσματα
967 3738 1238 3813 λεϐήτων,
1272 3741 1333 3795 οὐ
1364 3742 1620 3816 χάσματα
1652 3737 1809 3793 λεόν-

152 3857 291 3898 των·
326 3838 388 3894 o6
416 3840 517 3913 γάρ
560 3834 628 3904 δὴ
681 3831 991 3910 παραδώσει
1022 3832 1149 3893 Θεὸς
1178 3832 1361 3905 ψυχὴν
1419 3829 1607 3901 θηρίος
1662 3828 1806 3901 αὐτῷ

157 3931 246 4002 ἑξο
258 3926 691 4002 μολογουμὲνην.

233 4020 501 4092 Λογισμῷ
533 4012 818 4083 διαιτήσας
848 4015 916 4084 τῇ
968 4014 1123 4084 ψυχῇ
1180 4009 1268 4063 καὶ
1331 4006 1487 4082 σαρκί
1517 4028 1635 4076 σου,
1666 4008 1802 4080 μάρ-

148 4131 252 4172 τυς
286 4108 537 4181 Γεώργιε,
587 4108 665 4174 τῷ
694 4102 960 4173 πνεύματι
1020 4100 1080 4153 τὸ
1134 4104 1313 4170 σῶμα,
1346 4102 1422 4168 τῷ
1446 4097 1710 4170 κρείττονι
1740 4097 1802 4151 τὸ

152 4203 349 4274 χεῖρον
426 4197 703 4267 νουνεχῶς
784 4187 1167 4258 καθυπέταξας,
1227 4186 1511 4257 διαιτητὴς
1569 4181 1802 4261 ἀκριϐὴς

149 4287 339 4367 φανεὶς
367 4288 475 4338 τῶν
503 4283 637 4356 πρὸς
670 4280 837 4353 ἀξίαν.

225 4378 289 4433 Ὁ
345 4373 558 4433 κλεινὸς
618 4363 1238 4447 ἀθλοφόρουόπολλὴν
1299 4364 1602 4441 παρρησίαν
1663 4366 1799 4439 πρὸς

1933 1954 2004 2009 ob
2014 1956 2240 2019 tudisti,

2001 2045 2092 2098 Sic
2124 2044 2419 2115 lapidibus
2450 2044 2676 2110 durior,
2707 2062 2818 2100 ceu
2866 2044 3132 2115 lapidum
3162 2043 3378 2109 fautor,
3411 2043 3579 2096 humi

1930 2134 2178 2205 supinus
2202 2134 2527 2204 explicatus
2553 2151 2636 2198 es,
2673 2140 2730 2187 et
2750 2133 2985 2203 injectis
3007 2132 3322 2202 lapidibus,
3354 2132 3581 2186 viscera

1929 2223 2271 2293 expressisti
2302 2229 2440 2289 tua;
2473 2224 2598 2293 ipse
2646 2228 2845 2277 autem
2892 2226 3120 2291 petram
3152 2221 3305 2285 vitae,
3340 2224 3399 2273 et
3428 2219 3576 2289 lapi-

1928 2310 2062 2365 dem
2090 2311 2418 2381 pretiosum
2450 2310 2748 2364 Christum
2779 2308 3155 2379 exquirebas.

1998 2490 2144 2543 Dum
2174 2493 2227 2541 te
2257 2487 2727 2559 inexstinguibili
2774 2486 2895 2559 igni
2950 2486 3179 2539 tradere
3229 2489 3478 2539 conatur
3504 2486 3576 2540 fl-

1923 2578 2039 2632 lius
2061 2577 2695 2650 gehennaa,ferociente
2719 2582 2776 2630 et
2796 2576 3025 2630 ardenti
3050 2575 3289 2629 ﬂamma
3314 2579 3570 2644 torquet,

1924 2672 2184 2738 martyr;
2220 2666 2322 2721 sed
2370 2671 2725 2720 consuetum
2770 2665 3049 2718 invenisti
3102 2663 3415 2729 fautorem,
3466 2664 3568 2733 qui

1923 2762 1980 2809 te
2012 2772 2081 2809 ex
2104 2758 2415 2826 juventute
2440 2753 2693 2808 fovebat.

1994 2846 2191 2910 Ferro,
2245 2843 2460 2913 lapide,
2520 2860 2656 2907 aere,
2712 2840 3029 2895 adamante
3060 2839 3287 2905 fortior,
3337 2839 3566 2909 Georgi,

1921 2934 2079 2988 visus
2111 2948 2212 2997 es;
2256 2933 2467 2985 horum
2514 2931 2674 2985 enim
2721 2930 2967 3000 quodvis
3013 2929 3145 2999 igne
3196 2928 3475 2993 solvitur;
3510 2931 3569 2982 at

1924 3028 2004 3087 tu,
2037 3022 2223 3093 gratia
2252 3020 2487 3087 referte,
2522 3019 2765 3075 edacem
2795 3018 2984 3073 vicisti
3016 3019 3234 3089 ignem.

1994 3204 2258 3272 Deiparaa.
2320 3228 2388 3241 —-
2436 3199 2670 3270 Absque
2724 3204 2974 3253 matrem
3022 3197 3310 3271 genitum,
3359 3212 3567 3252 rursus

1919 3290 2142 3360 absque
2164 3294 2327 3360 patre
2346 3289 2535 3359 gignis
2553 3293 2765 3358 printer
2781 3287 3196 3357 cogitationem
3216 3292 3272 3340 et
3292 3290 3566 3339 naturam

1920 3387 1977 3435 et
2004 3381 2316 3443 rationem,
2348 3385 2415 3432 ut
2461 3379 2602 3433 deos
2652 3396 2761 3432 nos
2809 3379 3064 3443 efficiat;
3117 3394 3218 3447 spe
3267 3376 3562 3446 dejectum

1917 3470 2221 3524 divinitate
2252 3469 2533 3539 digneris,
2570 3468 2837 3535 Domina,
2881 3474 2937 3520 et
2966 3467 3123 3521 dulci
3174 3466 3303 3536 ejus
3350 3463 3557 3536 gratia.

2362 3577 2471 3630 ()dc
2512 3578 2627 3629 VII.
2664 3577 2768 3639 Qui.
2797 3575 2862 3629 de
2890 3576 3100 3628 Judu‘a.

1986 3668 2060 3720 Te
2094 3667 2192 3720 Dei
2225 3666 2476 3720 militem
2509 3664 3089 3717 voluitnihillaulere
3109 3668 3209 3717 aut
3238 3662 3558 3730 offendere,

1916 3773 2025 3811 nec
2057 3756 2209 3825 ignis
2242 3755 2450 3819 fervor,
2488 3771 2594 3807 nec
2619 3754 2857 3808 leonum
2891 3753 3086 3818 furor;
3114 3770 3232 3805 non
3261 3752 3419 3806 enim
3454 3755 3563 3804 tra-

1916 3845 2015 3899 det
2047 3847 2197 3899 Deus
2230 3843 2390 3912 feris,
2444 3861 2573 3912 qua)
2618 3844 2814 3913 ipsum
2860 3843 3131 3896 confessa
3173 3842 3369 3909 fuerit,
3423 3840 3558 3894 ani-

1916 3951 2097 3990 mam.

1987 4023 2232 4077 Ratione
2287 4022 2547 4089 dirigens
2598 4021 2855 4075 animam
2908 4027 2965 4074 et
3023 4036 3284 4082 carnem,
3339 4023 3563 4088 martyr

1916 4112 2141 4183 Georgi,
2194 4111 2427 4182 spiritui
2474 4128 2706 4180 corpus,
2754 4110 2987 4163 meliori
3040 4110 3209 4178 pejus
3254 4106 3558 4177 subjecisti

1913 4202 2231 4272 sapienter,
2262 4200 2520 4271 prudens
2552 4198 2877 4270 apparuisti
2908 4199 3037 4251 vitae
3072 4197 3395 4250 institutor.

1980 4380 2201 4449 Inclyte
2224 4378 2464 4445 athleta,
2499 4377 2597 4446 qui
2632 4381 2855 4430 tantam
2884 4391 3082 4429 coram
3106 4374 3403 4430 Salvatore
3428 4375 3557 4430 lau-

143 4468 244 4522 τὸν
281 4466 513 4536 Σωτῆρα
542 4458 819 4524 πλουτῶν,
849 4458 940 4513 τὸν
998 4455 1235 4511 πλοῦτον
1284 4454 1390 4510 τῶν
1424 4458 1609 4509 παθῶν
1666 4476 1791 4527 μου,

144 4556 244 4609 τὸν
276 4552 474 4625 φόρτον
503 4554 611 4606 τῶν
643 4552 823 4604 κακῶν
849 4569 955 4620 μου
998 4544 1382 4618 διασκόρπισον
1418 4542 1629 4615 δέομαι,
1664 4544 1793 4597 ἀνα-

144 4643 349 4716 κωχὴν
387 4662 479 4713 μοι
512 4636 716 4705 διδοὺς,
749 4636 836 4692 καὶ
868 4636 1172 4712 κουφισμὸν
1202 4639 1299 4689 τοῦ
1334 4634 1554 4709 βάρους.

1904 4472 2038 4525 dem
2088 4469 2487 4541 promeruisti,
2522 4468 2961 4521 multitudinem
3005 4468 3349 4537 passionum
3383 4484 3545 4523 mea-

1904 4577 2059 4625 rum,
2110 4558 2341 4612 turbam
2394 4556 2687 4610 malorum
2739 4573 3003 4609 meorum
3053 4556 3281 4626 disjice,
3331 4573 3558 4627 qumso,

1832 4622 1874 4685 D
1908 4648 2173 4717 requiem
2210 4647 2283 4699 da
2315 4646 2482 4711 mihi,
2518 4651 2575 4699 et
2604 4645 2803 4699 oneris
2833 4646 3123 4699 levamen.

226 4738 446 4802 Ὕμνοις
507 4730 711 4801 μάρτυς
765 4726 1061 4797 ὀμνείσθω,
1110 4726 1137 4778 ὁ
1189 4723 1288 4790 τὴν
1349 4722 1554 4775 σύνεσιν
1617 4721 1801 4795 μέγας,

144 4821 243 4878 καὶ
295 4822 393 4887 τήν
446 4817 637 4893 σοφίαν
696 4815 888 4883 πολὺς,
950 4816 977 4867 6
1034 4813 1219 4888 λόγοις
1278 4810 1653 4880 στηλιτεύσας,
1711 4811 1799 4865 καὶ

142 4908 338 4986 ἔργοις
365 4902 728 4979 θριαμϐεύσας
756 4905 855 4971 τὴν
885 4904 1095 4971 ἀπάτην
1122 4903 1222 4969 τὴν
1246 4898 1458 4975 ὀίεργον,
1491 4900 1580 4953 καὶ
1601 4920 1800 4973 καταγ-

140 4998 343 5075 γείλας
377 4996 604 5071 Χριστὸν
634 4995 756 5048 Υῖὸν
793 4997 925 5048 Θεοῦ
947 4994 1036 5046 καὶ
1068 4991 1261 5065 Λόγον.

219 5087 531 5141 Θεοτόκιον.
566 5116 634 5126 --
667 5082 741 5136 Σὺ
774 5085 935 5155 γενοῦ
998 5100 1088 5151 μοι
1148 5077 1458 5152 προστάτις,
1505 5078 1567 5131 σὺ
1599 5076 1799 5153 φαιδρά

133 5175 482 5249 παραστάτις
517 5217 531 5241 ,
594 5170 1019 5248 θεογεννήτριαί
1082 5167 1241 5237 ἡνίκα
1294 5169 1392 5235 τήν
1453 5169 1637 5241 ψυχήν
1693 5189 1796 5239 μου

131 5264 357 5340 ἐσχάτη
390 5265 471 5317 καὶ
504 5260 713 5337 μεγάλη
775 5252 1057 5331 καταλάϐῃ
1114 5277 1443 5328 περιστασις,
1491 5257 1579 5311 καὶ
1613 5256 1796 5328 ἔξελοῦ

135 5376 213 5429 με
244 5354 433 5428 χειρὸς
464 5352 673 5426 λῃστῶν
706 5348 1046 5424 ἀεροπόρων.

435 5439 564 5509 Ὠδή
624 5441 708 5497 Η“,
772 5434 1190 5497 Ἒπταπλασίως
1257 5435 1508 5507 κάμινος.

210 5531 541 5594 Ἀθανασίαν
584 5528 777 5601 εὕρατο
839 5525 926 5581 διὰ
984 5523 1078 5579 σοῦ
1140 5525 1477 5592 Ἀθανάσιος,
1535 5534 1634 5594 τῆς
1666 5528 1794 5590 ἀθα-

118 5620 332 5683 νασίας
364 5622 392 5675 6
424 5617 651 5697 φαιδρὸς
702 5618 1007 5688 ἐπώνυμος·
1064 5616 1322 5689 τυράννου
1379 5620 1666 5688 προστάξει
1695 5618 1794 5692 γὰρ

120 5709 519 5786 θανατηφόρον
573 5708 854 5786 φάρμακόν
914 5726 999 5759 σοι
1041 5705 1365 5780 κεκερακὼς,
1424 5705 1646 5772 ἀπαθῶς
1701 5728 1796 5763 πε-

1982 4736 2224 4804 Hymnis
2247 4734 2565 4788 celebreris
2596 4740 2837 4805 martyr,
2862 4734 3257 4803 intelligentia
3283 4750 3552 4802 magnus,

1910 4824 2201 4895 sapientia
2253 4824 2436 4889 dives,
2497 4824 2597 4892 qui
2631 4823 2821 4877 verbis
2880 4823 3293 4876 incriminatus
3355 4838 3438 4883 es.
3499 4827 3558 4877 et

1908 4912 2186 4984 operibus
2214 4912 2529 4967 confudisti
2582 4912 2837 4965 otiosum
2888 4927 3170 4977 errorem,
3222 4912 3323 4981 qui
3356 4912 3553 4966 Chris-

1908 5008 2031 5056 tum
2065 5002 2397 5071 praedicasti
2433 5002 2645 5055 Filium
2678 5002 2775 5054 Dei
2810 5005 2869 5054 et
2899 5000 3175 5054 Verbum.

1977 5094 2249 5159 Dcipm'm.
2310 5123 2351 5129 —
2381 5092 2463 5143 Tu
2518 5108 2609 5144 me
2642 5089 2903 5159 adjuves,
2958 5094 3019 5142 tu
3066 5106 3156 5143 me
3189 5090 3417 5161 egregie
3449 5089 3552 5143 de-

1905 5180 2134 5243 fendas,
2198 5181 2299 5233 Dei
2358 5178 2661 5234 Genitrixl
2739 5178 2974 5248 quando
3048 5179 3308 5232 animam
3356 5195 3552 5234 meam

1906 5270 2186 5339 corripiet
2216 5270 2425 5324 ultima
2457 5275 2513 5322 et
2563 5285 2795 5323 summa
2843 5269 3188 5335 necessitas,
3238 5269 3428 5324 libera
3458 5286 3552 5325 me

1905 5359 1976 5414 de
2008 5360 2337 5414 latronibus
2369 5360 2662 5415 mthereis.

2288 5449 2398 5503 Ode
2436 5450 2583 5501 VIII.
2616 5447 2878 5516 Scptuplo
2905 5450 3169 5501 caminus.

1977 5532 2291 5595 Ἀθανασίαν
2322 5536 2530 5590 habuit
2559 5552 2662 5606 per
2695 5542 2747 5588 te
2780 5535 3275 5603 Athanasius,noc
3307 5540 3550 5594 nomine

1906 5625 2117 5679 merito
2159 5627 2533 5696 conspicuus.
2587 5627 2729 5679 Nam
2780 5626 3015 5695 tyranni
3052 5628 3227 5697 jussu
3282 5629 3550 5683 mortife-

1908 5730 2043 5768 rum
2076 5712 2180 5767 tibi
2212 5714 2644 5785 promiscuerat
2687 5730 3018 5784 venenum;
3052 5731 3322 5789 jcarnens
3351 5723 3549 5773 autem
