4066 6218
429 363 568 420 1399

1953 368 2195 422 ΛΒΒΕΝ
2204 367 2322 424 ΒΑ.

3719 365 3857 420 μου

431 497 488 548 te
519 490 667 546 illud
693 491 935 561 impune
967 489 1295 559 bibentem,
1345 491 1656 564 obstupuit
1705 498 1760 548 et
1808 491 2083 548 virtutem

2222 485 2422 549 τωκότα
2454 491 2586 550 ἰδὼν
2616 509 2692 566 σε,
2738 491 3076 570 κατεπλάγη,
3134 491 3224 548 καὶ
3275 493 3340 548 τὸ
3387 493 3590 568 κράτος
3644 490 3853 565 ἐπέγνω

435 579 668 654 agnovit
700 579 914 634 Christi
947 581 1048 650 qui
1081 587 1334 637 mortem
1368 581 1628 637 sustulit.

505 685 732 739 Robore
763 685 994 740 coalitus
1043 690 1101 739 et
1128 687 1346 742 invicta
1375 687 1424 741 vi
1476 688 1742 742 munitus
1791 693 1934 741 τοίω
1970 693 2085 740 tor-

437 778 703 828 mentum
748 773 1086 843 pertulisti;
1137 773 1347 846 gladiis
1406 776 1735 844 confossus,
1793 775 1972 829 ﬁbras
2031 779 2090 829 et

434 878 644 916 nervos
703 861 988 931 divulsus,
1050 868 1226 934 rupta
1285 875 1557 919 ossorum
1632 863 1970 930 concordia,
2033 867 2090 917 et

436 953 733 1024 spicarum
767 953 956 1007 instar
986 969 1186 1008 sacros
1218 953 1432 1026 digitos
1462 953 1669 1010 omnes
1699 952 2008 1026 collegisti.

504 1130 856 1186 Crudelibus
907 1131 1102 1187 nervis
1155 1132 1334 1204 pedes
1382 1139 1440 1189 et
1487 1150 1701 1189 manus
1733 1132 2091 1205 discerptus,

432 1237 680 1276 nervum
705 1221 994 1276 enervasti
1022 1222 1210 1276 hostis
1233 1222 1512 1292 ferreum,
1543 1224 1716 1295 cujus
1736 1224 1926 1278 cervix
1959 1239 2094 1278 con-

435 1308 623 1364 fracta
653 1310 762 1363 fuit
813 1312 1149 1366 manifeste.
1203 1312 1468 1366 Christus
1521 1313 1682 1367 enim
1731 1311 2008 1368 ﬁrmabat
2041 1318 2095 1367 te

434 1400 687 1454 militem
738 1417 935 1467 suum,
996 1401 1190 1456 nervis
1251 1406 1304 1456 te
1357 1403 1528 1457 aereis
1586 1400 1988 1471 circumdans,
2031 1408 2097 1457 ut

437 1489 627 1556 aiunt,
659 1494 838 1559 atque
883 1491 998 1543 vim
1051 1490 1154 1544 tibi
1209 1491 1508 1562 inspirans
1553 1492 1614 1545 in
1662 1493 1779 1546 Deo
1828 1492 2098 1563 prodigia

442 1576 723 1644 faciendi,
758 1594 823 1632 ac
855 1579 1131 1633 virtutem
1168 1580 1432 1634 solvendi
1467 1581 1868 1636 tenebrarum.

513 1684 816 1748 Quomodo
842 1675 994 1739 Deus
1013 1686 1278 1741 Christus
1304 1693 1359 1740 et
1386 1688 1582 1742 omnis
1601 1693 1886 1742 creatura:
1907 1687 2099 1742 Domi-

441 1791 553 1830 nus
577 1779 634 1828 et
655 1773 928 1828 humanas
961 1781 1190 1829 natura)
1225 1784 1450 1846 auctor,
1486 1778 1575 1832 vel
1608 1778 1822 1832 invitos
1857 1777 2098 1847 coegisti

2189 586 2430 656 Χριστοῦ
2461 588 2558 638 τοῦ
2587 582 2914 646 καθελοντος
2944 584 3037 638 τὸν
3070 583 3295 646 θᾶνατον
3325 581 3560 654 θανάτῳ.

2189 677 2370 764 Ἰσχὺν
2429 690 2518 744 καὶ
2599 690 2783 754 σθένος
2862 692 3081 764 ἄμαχον
3171 689 3463 764 οὐρανόθεν
3535 689 3850 759 ζωσάμενος

2189 779 2288 846 τήν
2345 777 2432 833 ἐπὶ
2489 782 2692 854 τροχὸν
2765 780 3060 857 περιφορὰν
3152 781 3410 857 ὑπέφερες
3448 799 3459 811 ·

2195 867 2386 944 ξίφεσι,
2419 872 2535 934 ἶνας
2586 870 2675 925 καὶ
2707 874 2866 946 νεῦρα
2925 871 3231 943 σπώμενος,
3291 870 3379 925 καὶ
3443 870 3853 944 περιθραυόμε-

2193 979 2283 1018 νος
2319 959 2490 1013 ὀστῶν
2529 960 2817 1032 ἁρμονίας,
2871 959 2961 1013 καὶ
3014 956 3170 1028 δίκην
3219 957 3507 1033 ἀσταχύων
3561 958 3854 1032 Θεριζὸμε-

2193 1069 2284 1109 νος
2317 1049 2519 1110 πάντας
2549 1047 2676 1112 τοὺς
2701 1047 2880 1122 ἱεροὺς
2913 1045 3235 1109 δακτύλους,

3511 779 3849 850 τεμνόμενος

2267 1137 2498 1211 Νεύροις
2532 1138 2709 1210 ὠμοῖς
2753 1138 3064 1211 ξαινόμενος
3095 1143 3202 1192 τῶν
3262 1141 3466 1212 χειρῶν
3515 1137 3610 1191 καὶ
3662 1134 3857 1191 ποδῶν

2199 1249 2318 1295 σου,
2377 1228 2468 1282 τὸν
2532 1226 2730 1302 ἐχθρὸν
2783 1227 3121 1299 ἐξηνεύρισας
3177 1231 3360 1299 νεῦρον
3417 1224 3708 1300 σιδηροῦν,
3802 1226 3860 1280 οὗ

2198 1320 2494 1391 προφανῶς
2525 1316 2551 1370 ὁ
2585 1314 2888 1389 τραχηλος.
2948 1316 3174 1384 Χριστὸς
3215 1315 3314 1388 γὰρ
3365 1309 3587 1390 ἔνεῦρου
3630 1335 3687 1370 σε
3727 1315 3858 1387 ὑπὲρ

2199 1405 2364 1458 αὐτοῦ
2410 1404 2750 1478 μαχόμενον,
2793 1406 2953 1479 νεῦρα
3001 1425 3086 1459 σοι
3139 1403 3323 1477 χαλκᾶ
3370 1402 3673 1478 περιτιθεὶς
3729 1405 3860 1466 ὡςὸ

2201 1492 2365 1567 λόγος
2394 1493 2481 1547 καὶ
2516 1491 2742 1565 δύναμιν
2790 1491 3038 1565 ἐμπνέων
3095 1498 3191 1547 τοῦ
3250 1500 3478 1561 ποιῆσαι
3511 1491 3785 1564 δυνάμεις
3809 1492 3857 1546 ἐν

2198 1587 2277 1654 τῷ
2306 1581 2443 1654 Θεῷ,
2475 1581 2564 1636 καὶ
2598 1581 2756 1637 λῦσαι
2785 1584 2884 1651 τήν
2914 1581 3140 1654 δύναμιν
3174 1587 3272 1637 τοῦ
3303 1583 3561 1645 σκόπους.

2275 1695 2399 1749 ’Ὁτι
2461 1692 2590 1753 Θεὸς
2649 1691 2737 1745 καὶ
2796 1689 2994 1766 Κύριος
3037 1691 3063 1744 ὁ
3099 1691 3329 1762 Χριστὸς
3384 1687 3563 1760 πᾶσης
3625 1691 3860 1752 κτίσεως

2202 1781 2293 1837 καὶ
2326 1781 2672 1855 Δημιουργὸς
2724 1786 2824 1848 τῆς
2881 1780 3229 1852 ἀνθρωπίνης
3280 1777 3512 1852 φύσεως,
3565 1780 3660 1833 καί
3697 1779 3864 1833 ἅλιον-

441 1861 741 1916 daemones
775 1863 957 1917 Deum
991 1864 1284 1930 conﬁteri,
1318 1863 1458 1920 licet
1511 1872 1727 1921 natura
1779 1866 2094 1921 mendaces

2222 1894 2296 1933 τας
2330 1868 2526 1934 ἔκειθες
2579 1868 2872 1943 ὁμολογεῖν
2927 1869 3056 1929 νοὺς
3115 1867 3398 1939 δαίμονας,
3452 1867 3634 1922 καίτοι
3687 1890 3864 1944 φανε-

442 1953 580 2007 sint.
615 1953 758 2006 Nam
812 1957 1163 2022 potestatem
1217 1959 1377 2008 tuam
1430 1956 1490 2010 in
1543 1956 1702 2026 ipsos
1752 1956 1942 2022 veriti,
1988 1972 2095 2010 ceu

439 2041 587 2096 servi
620 2041 956 2112 ﬁagriones,
996 2043 1274 2098 mandata
1307 2049 1407 2099 tua
1434 2041 1816 2117 peragebant.

513 2221 788 2288 Dciparw.
823 2251 890 2259 ———
922 2221 1172 2275 Carnem
1207 2223 1538 2292 suscipiens
1573 2241 1642 2276 ex
1675 2223 1960 2294 sanguine
2001 2229 2097 2276 tuo

443 2309 852 2377 incorporeus,
888 2309 1190 2364 hominem
1223 2312 1565 2365 carnalibus
1599 2313 1925 2382 subjectam
1949 2313 2098 2367 desi-

445 2395 648 2460 deriis,
674 2403 729 2449 et
756 2397 996 2466 spiritus
1047 2405 1372 2468 expertem,
1423 2401 1673 2470 Spiritus
1702 2404 1885 2456 sancti
1922 2403 2097 2458 domo

447 2483 763 2552 roboravit,
798 2504 862 2540 ac
901 2487 1010 2540 vim
1046 2487 1206 2542 dedit
1247 2506 1458 2560 corpus
1511 2491 1831 2561 superbum
1865 2494 2098 2563 sapien-

450 2580 538 2630 ter
569 2577 1090 2647 comprimendi,et
1118 2573 1180 2632 in
1205 2581 1547 2636 servitutem
1566 2578 2095 2656 redigendi,Virgo.

757 2839 868 2896 Ode
896 2843 988 2895 IX.
1022 2843 1320 2911 Infremuit
1349 2844 1523 2899 omnis
1548 2843 1792 2898 auditus.

517 2981 827 3035 Gressihus
859 2981 1044 3036 animi
1078 2979 1158 3034 tui
1194 2979 1255 3033 in
1286 2985 1455 3050 petra
1495 2979 1632 3034 ﬁdei
1679 2979 1965 3046 fundatis,
2001 2997 2095 3033 er-

445 3069 596 3122 roris
640 3070 960 3125 simulacra
1012 3071 1073 3123 in
1105 3069 1408 3140 pulverem
1463 3068 1772 3138 dejecisti;
1826 3069 1977 3123 collo
2023 3069 2097 3124 ad

453 3159 631 3212 Deum
663 3159 973 3222 inclinato,
1009 3164 1066 3212 et
1098 3164 1368 3213 truncata
1397 3158 1590 3226 gladio
1623 3159 1869 3226 cervice,
1903 3158 2092 3213 athle-

448 3253 525 3313 ta,
558 3248 631 3302 ad
661 3265 860 3302 rerum
893 3249 1160 3302 omnium
1195 3252 1373 3318 caput
1402 3247 1686 3319 migrasti.

525 3427 642 3482 Ceu
673 3428 866 3483 lilium
896 3429 1028 3483 nive
1061 3428 1450 3483 candidiusin
1480 3427 1630 3482 valle
1657 3432 1980 3497 martyrum
2002 3427 2104 3481 ﬁo.

454 3516 625 3570 ruisti
653 3535 665 3580 ;
699 3517 896 3571 divino
943 3519 1208 3588 martyrii
1253 3518 1481 3572 lavacro
1512 3517 1871 3580 rubefactus,
1905 3533 2102 3571 rosam

459 3605 693 3659 edidisti
723 3607 1016 3669 rubidam,
1051 3608 1199 3663 bene
1227 3607 1508 3672 olentem,
1544 3606 1869 3672 odoratam,
1895 3622 2102 3661 omnes

457 3693 739 3764 singulari
775 3695 1118 3764 passionum
1143 3697 1357 3750 Christi
1390 3695 1569 3748 odore
1604 3696 1905 3752 recreasti.

532 3870 705 3923 Ferro
741 3870 971 3924 ﬁrmius
1017 3872 1322 3941 praebuisti
1375 3891 1590 3945 corpus
1619 3881 1787 3929 tuum
1821 3874 2105 3928 invictum

457 3959 684 4030 Georgi,
721 3965 1152 4014 tormentorum
1184 3962 1418 4016 molleis
1441 3964 1846 4034 nequidquam
1868 3981 2104 4034 percus-

453 4064 621 4114 sum;
656 4048 815 4103 velut
845 4065 998 4120 aqua
1027 4049 1243 4121 frigida
1276 4053 1563 4123 sanguine.
1593 4059 1692 4106 tuo
1725 4052 1918 4106 calido
1954 4052 2102 4106 tinc-

453 4143 578 4192 tum
623 4139 816 4193 acrius
866 4141 1143 4194 effectum
1200 4146 1308 4207 est,
1364 4142 1497 4208 igne
1547 4141 1853 4197 charitatis
1886 4141 2098 4196 Christi

453 4225 818 4280 induratum.

519 4424 732 4479 Christi
754 4427 942 4496 gratia
973 4427 1071 4496 qui
1097 4427 1385 4482 mundum
1412 4428 1754 4500 vicit,juxta
1785 4429 2098 4500 promissa,

447 4519 799 4594 p'otestatem
830 4515 1118 4586 principis
1151 4518 1326 4588 hujus
1357 4517 1565 4572 mundi
1600 4520 1890 4589 superasti
1927 4519 2097 4573 inhu-

445 4620 808 4674 manumque
842 4604 1199 4674 imperium;
1233 4606 1415 4661 victor
1459 4607 1684 4662 athleta
1733 4625 1761 4660 e
1814 4614 1968 4663 terra
2025 4608 2098 4663 ad
2132 4597 2174 4657 Ι)

445 4692 708 4748 coelestia
737 4691 1008 4759 evolasti,
1045 4695 1270 4764 potenti
1303 4694 1510 4750 dextra
1541 4703 1880 4752 coronatus.

518 4888 860 4944 Fluminum
892 4888 1072 4944 undis
1103 4895 1417 4961 mquantur
1460 4891 1776 4947 innumera
1806 4893 2095 4966 prodigia,

448 4993 579 5048 quae
610 4980 773 5033 vivus
825 4984 1001 5050 atque
1059 4981 1236 5035 etiam
1290 4987 1421 5052 post
1454 4987 1703 5037 mortem
1753 4984 2095 5054 perfecisti;

446 5085 579 5123 vere
608 5070 766 5125 enim
801 5069 998 5124 vivunt
1029 5070 1087 5124 in
1123 5071 1237 5124 Deo
1288 5071 1379 5125 vel
1433 5076 1564 5142 post
1614 5077 1860 5127 mortem
1908 5073 2092 5143 justi;

447 5170 586 5211 nam
616 5159 677 5213 in
714 5174 892 5213 manu
925 5159 1026 5215 Dei
1061 5159 1274 5214 anima:
1306 5176 1595 5215 meorum.

519 5348 660 5404 Cum
694 5370 1030 5409 sermonem
1063 5355 1343 5412 idoneum
1388 5375 1507 5412 non
1539 5357 1814 5427 habeam,
1846 5376 1953 5414 nec
1981 5359 2097 5414 lin-

446 5451 620 5508 guam
644 5440 957 5500 facundam
981 5461 1109 5516 quae
1142 5447 1457 5502 innumera
1477 5455 1574 5504 tua
1603 5456 1765 5520 gesta
1795 5449 2095 5504 celebrare

445 5525 656 5595 valeat,
713 5532 888 5587 verba
946 5536 1197 5604 suscipe,
1261 5544 1588 5610 martyrum
1639 5539 1845 5606 decor;
1893 5557 1994 5593 oro
2040 5545 2098 5594 et

449 5631 660 5688 precor
708 5619 1065 5677 Salvotorem
1095 5642 1293 5680 meum
1341 5628 1636 5684 Christum
1688 5636 1751 5685 ut
1800 5647 1934 5684 eum
1978 5630 2093 5684 mei

449 5704 750 5765 misereat.
790 5709 936 5763 Deest
967 5710 1261 5772 θεοτόκιον.

2206 1967 2313 2037 ρῶς
2354 1956 2702 2038 φιλοψευδεῖς
2761 1955 2916 2019 ὄντας
2968 1957 3142 2031 φύσει⁹
3194 1959 3294 2026 τήν
3355 1959 3452 2027 σήν
3480 1958 3588 2032 γὰρ
3622 1955 3866 2020 δεδιότες

2203 2052 2320 2105 κατ’
2354 2050 2530 2104 αὐτῶν
2566 2047 2827 2118 ἐξουσίαν,
2861 2046 2936 2108 ὡς
2995 2043 3183 2101 δοῦλοι
3245 2045 3561 2120 μαστυγίαι,
3592 2047 3656 2100 τὸ
3689 2067 3865 2120 προσ-

2204 2141 2403 2215 ταχθὲν
2438 2136 2790 2210 ἐνεπλήρουν.

2280 2228 2587 2284 Θεοτόκιον.
2623 2259 2693 2269 -
2734 2227 2916 2301 Σάρκα
2974 2218 3157 2280 λαϐὼν
3218 2225 3246 2278 ὁ
3303 2221 3539 2296 ἄσαρκος
3604 2223 3664 2279 ἐκ
3720 2246 3865 2279 παν-

2209 2321 2388 2394 ἀγνων
2445 2319 2690 2390 αἱμάτων
2749 2336 2845 2369 σου
2876 2359 2890 2383 ,
2948 2315 3037 2369 τὸν
3099 2314 3518 2388 καθυπαχθέντα
3578 2322 3871 2386 σαρκικοῖς

2208 2408 2504 2482 θελήμασι,
2555 2408 2644 2461 καὶ
2687 2406 2994 2479 πνεύματός
3048 2406 3278 2478 ἄμοιρον
3331 2404 3740 2479 γεγεννημένον
3777 2407 3866 2460 iv-

2210 2502 2452 2573 Ορωπον,
2512 2497 2825 2568 Πνεύματος
2872 2493 3027 2570 ἆγίου
3075 2497 3298 2568 παροχῇ
3358 2490 3716 2566 δυναμώσας,
3774 2513 3865 2549 σῃ-

2209 2593 2325 2668 φῶς
2361 2588 2674 2656 ὑποπιὲζειν
2704 2586 2765 2640 τὸ
2817 2581 3124 2658 δυσάγωγον
3181 2582 3362 2656 σῶμα,
3392 2579 3777 2657 δουλαγωγεῖν
3810 2605 3866 2638 τε

2206 2682 2366 2733 τοῦτο
2398 2677 2671 2752 ἐνίσχυσε,
2702 2673 2955 2749 Παρθένε.

2600 2839 2733 2910 Ὠδὴ
2766 2847 2837 2897 6‘.
2871 2838 3089 2918 Ἒφριξε
3119 2841 3263 2893 πᾶσα
3290 2837 3460 2908 ἀκοή.

2280 2973 2519 3050 Ἰδρύσας
2553 2993 2647 3027 σου
2702 2973 2768 3026 τὰ
2818 2971 2990 3040 νοητὰ
3045 2963 3362 3037 διαδήματα
3418 2964 3472 3020 ἐν
3527 2967 3705 3040 πὲτρᾳ
3764 2969 3866 3031 τῆς

2207 3066 2462 3133 πίστεως,
2493 3063 2560 3119 τὰ
2589 3058 2936 3139 ἀφιδρύματα
2971 3058 3040 3113 τὰ
3080 3063 3180 3125 τῆς
3215 3056 3426 3126 ἀπᾶτης
3461 3056 3539 3116 εἰς
3570 3059 3711 3130 χοῦν
3748 3053 3872 3109 ἐλε-

2206 3173 2430 3216 πτυνας·
2463 3151 2652 3214 κλίνας
2699 3149 2901 3224 αόχὲνα
2959 3144 3017 3201 δὲ
3073 3151 3190 3217 Θεῷ
3241 3145 3332 3198 καὶ
3364 3144 3502 3220 ξίφει
3563 3146 3660 3213 τήν
3693 3146 3867 3216 κὰραν

2125 3225 2168 3291 C
2211 3266 2306 3300 σου
2338 3241 2698 3315 ἀποτμηθεὶς,
2755 3237 2989 3307 ἀθλητὰ,
3023 3235 3160 3312 πρὸς
3207 3235 3305 3302 τὴν
3339 3236 3559 3288 πάντων
3617 3233 3872 3300 κεφαλήν

2211 3332 2574 3403 ἀνελήλυθας.

2281 3429 2365 3484 Ὠς
2391 3422 2572 3497 κρίνον
2635 3415 2989 3494 χιονοφεγγὶς
3046 3413 3098 3469 ἐν
3153 3412 3374 3468 αοιλᾶσι
3424 3417 3533 3468 τῶν
3573 3411 3864 3485 μαρτύρων

2211 3513 2519 3583 ἐξήνθησας·
2553 3514 2631 3581 τῷ
2663 3509 2792 3579 θείῳ
2839 3506 3021 3578 λύθρῳ
3053 3501 3109 3558 δὲ
3133 3508 3210 3574 τῷ
3237 3510 3340 3571 τῆς
3395 3501 3685 3571 ἀθλήσεως
3737 3522 3862 3574 φοι-

2211 3601 2551 3673 νισσόμενος,
2611 3595 2767 3673 ῥόδον
2830 3594 3030 3671 ἐφάνης
3088 3593 3345 3668 ἐρυθρὸν,
3404 3588 3628 3658 εὐῶδες,
3692 3590 3862 3664 μυρί-

2211 3713 2398 3759 πνουν,
2431 3690 2516 3745 καὶ
2579 3693 2738 3742 πᾶσιν
2801 3682 3059 3744 ἔπνευσας
3113 3680 3481 3756 ὑπερκόσμιον
3533 3679 3716 3751 day-Py
3766 3683 3873 3733 τῶν

2211 3783 2396 3836 παθῶν
2427 3784 2524 3834 τοῦ
2556 3779 2812 3851 Χριστοῦ.

2284 3869 2460 3924 Μόνον
2520 3865 2748 3938 σιδήρου
2806 3862 3010 3923 παντὸς
3066 3859 3128 3915 τὸ
3171 3855 3488 3921 πολύαθλόν
3553 3878 3653 3911 σου
3713 3858 3874 3927 σῶμα

2212 3957 2560 4034 στερῥότερον
2604 3950 2785 4030 ὤφθην
2832 3952 3088 4026 [πεώργιε,
3124 3946 3369 4024 βασάνων
3420 3946 3660 4023 σφύραις
3715 3946 3874 4018 μένον

2214 4047 2518 4101 ἀτύπωτον·
2550 4045 2625 4104 ὡς
2679 4040 2736 4096 δὲ
2785 4042 2835 4097 ἐν
2898 4037 3050 4093 ὕδατι
3107 4040 3306 4113 ψυχρῷ
3338 4036 3415 4106 τῷ
3450 4040 3528 4107 σῷ
3561 4038 3760 4110 θερμῷ
3791 4034 3871 4087 αἲ-

2217 4157 2342 4208 ματι
2381 4135 2542 4212 βαφὶν
2595 4133 2942 4204 ἐστώμωτια,
2997 4133 3078 4199 τῷ
3130 4127 3259 4201 πυρὶ
3317 4123 3740 4200 προχαλκευθὲν
3776 4131 3872 4191 τῆς

2213 4227 2423 4301 ἀγάπης
2455 4225 2713 4298 Χριστοῦ.

2282 4427 2528 4494 Νικήσας
2575 4423 2762 4496 χᾶριτι
2823 4420 3060 4492 Χριστοῦ
3114 4414 3210 4470 τοῦ
3271 4415 3601 4483 νικήσαντος
3655 4415 3751 4468 τὸν
3783 4414 3868 4467 κὰ-

2210 4537 2365 4589 σμον,
2399 4515 2472 4574 ὡς
2506 4511 2672 4588 ἔφησε
2719 4513 2817 4564 τοῦ
2849 4506 3291 4580 κοσμοκράτορος
3349 4504 3443 4563 τὰς
3500 4500 3759 4570 ἐξουσίας
3789 4503 3864 4556 καί

2212 4603 2626 4678 μισανθρώπους
2683 4599 2881 4673 ἀρχέςο
2939 4593 3346 4669 τροπαιοφόρος
3399 4591 3660 4660 ἂθλητής
3707 4598 3862 4663 γῆθεν

2212 4693 2570 4772 ἁνεφοίτησας
2597 4689 2732 4766 πρὸς
2787 4687 2855 4741 τὰ
2909 4683 3156 4761 οὐράνια,
3218 4680 3362 4752 δεξίᾷ
3415 4686 3701 4752 νικοποιῷ
3758 4701 3864 4734 στεο

2211 4783 2574 4860 φθησόμενος.

2280 4891 2499 4962 Νάμασι
2530 4891 2646 4944 τοῖς
2684 4888 2791 4940 τῶν
2847 4885 3109 4955 ποταμῶν
3159 4882 3522 4947 παρισοῦνται
3556 4877 3631 4932 τὰ
3680 4875 3862 4948 ἄπειρα

2209 4979 2481 5053 θαύματα,
2537 4979 2670 5050 ἅπερ
2721 4972 2972 5033 ἐτὲλεσας
3026 4971 3118 5025 καὶ
3180 4973 3282 5037 ζῶν
3343 4968 3433 5022 καὶ
3497 4964 3577 5023 "att
3639 4965 3860 5039 μετὰ-τὸ

2205 5069 2362 5129 τέλος
2391 5071 2589 5127 τελεῖς·
2652 5062 2817 5124 ὅντως
2874 5060 2975 5137 γὰρ
3011 5064 3171 5129 ζῶσιν
3200 5057 3256 5112 ἐν
3287 5061 3406 5128 Θεῷ
3464 5057 3559 5110 καὶ
3619 5058 3753 5127 μετὰ
3778 5054 3856 5106 τὸν

2206 5159 2431 5213 θάνατον
2464 5155 2690 5224 ἀληθῶς
2748 5151 2799 5206 οἱ
2858 5147 3081 5205 δίκαιοι⁹
3139 5146 3191 5203 ἐν
3243 5147 3393 5223 χειρὶ
3443 5145 3550 5220 γὰρ
3581 5149 3682 5200 τοῦ
3734 5145 3854 5198 Θεοῦ

2209 5249 2263 5302 αἱ
2293 5246 2465 5321 ψυχαὶ
2500 5245 2701 5300 αὐτῶν.

2277 5358 2393 5415 Οὐκ
2421 5354 2564 5429 ἔχων
2613 5350 2780 5425 λόγου
2838 5347 3144 5425 προφορὰν,
3205 5341 3330 5398 οὐδὲ
3392 5341 3655 5418 γλῶσσαν
3696 5339 3847 5429 ὑμνο-

2206 5447 2410 5524 γράφον
2455 5428 2630 5499 πάντα
2687 5436 3054 5510 δεδυνημένην
3114 5433 3300 5496 καλῶς
3355 5433 3425 5487 τὰ
3485 5432 3552 5486 στὶ
3594 5428 3836 5506 γεραίρειν

2205 5516 2495 5612 ἀνάριθμον
2541 5532 2756 5608 ῥήματα
2809 5526 2950 5596 ἰδοὺ,
2994 5523 3278 5601 μαρτύρων
3321 5521 3606 5591 καλλονή,
3640 5516 3833 5591 apes-3.5.-

2206 5605 2330 5702 700"
2364 5605 2640 5700 τρέπομαι
2668 5617 2759 5673 καὶ
2789 5614 3013 5671 ἱκετεύω
3052 5615 3143 5670 τὸν
3193 5619 3434 5687 Σωτῆρα
3471 5634 3579 5685 μου
3634 5605 3832 5682 Χριστὸν

2205 5713 2430 5771 ἱλεῶσαί
2464 5733 2551 5787 με.
2582 5713 2735 5769 Deest
2764 5704 3074 5764 Θεοτόκιον.
