4048 6210
285 382 417 447 1401

752 509 1048 566 ΙΩΑΝΝΟΥ
1089 507 1433 566 ΜΟΝΔΧΟΓ

506 603 738 657 ΚΑΝΩΝ
781 602 893 655 ΕΙΣ
932 599 1073 656 ΤΟΝ
1114 599 1324 654 APION
1366 597 1697 654 ΒΛΑΣΙΟΝ.

283 711 345 764 οὗ
396 712 431 779 ἡ
480 708 822 783 ἀκροστιχίςς
878 706 1145 783 Βλαιτους
1186 705 1410 783 ’ἀνυμῶν
1459 709 1567 759 τῶν
1618 705 1799 759 πόνων
1826 706 1923 758 τοῦ

749 778 987 836 Βλασίου
1028 777 1136 853 ἐγὼ
1186 779 1408 844 Ἰωάννη
1420 798 1462 838 ς.

498 866 630 947 ’ῼδὴ
663 869 744 923 A'.
778 870 954 942 Ἥχος
995 864 1091 924 πλ,
1145 863 1210 923 δ’.
1265 860 1709 939 Ἀρματηλάτην.

352 979 514 1051 [C0d.
562 979 602 1033 ἰ.
658 980 759 1030 172
818 977 900 1047 h.]
955 972 1209 1041 Ἀληθῶς
1265 969 1655 1040 καθυποτάξας,
1702 968 1923 1039 Βλάσιε,

277 1069 422 1134 πάθη
451 1066 521 1120 τὰ
550 1062 725 1137 ἄλογα
771 1068 851 1135 τῷ
882 1063 1098 1137 ἀρχικῷ
1156 1058 1332 1134 λόγῳ,
1368 1059 1637 1134 βασιλέως
1687 1058 1922 1133 πρόστα-

279 1176 395 1229 γμα
450 1154 539 1208 καὶ
598 1151 772 1225 λόγον
828 1151 1146 1223 ἐφαύλισας,
1206 1147 1441 1205 Βασιλέα
1487 1148 1741 1220 κηρύξας,
1798 1149 1923 1215 οὖή

279 1246 426 1320 ἀρχὴ
455 1240 758 1315 ἀδιάδοχος
788 1241 878 1295 καὶ
916 1237 1163 1314 βασιλεία
1192 1237 1437 1300 αἰώνιος.

354 1333 558 1407 Σοφίαν
583 1331 635 1385 ἐν
664 1330 858 1400 ἀνοίξει
910 1327 1177 1401 στὸματος
1224 1325 1374 1381 δίδου
1429 1348 1544 1399 μοι,
1574 1325 1713 1401 Λόγε
1768 1330 1924 1395 Θεοῦ,

277 1426 368 1480 τὸν
403 1423 550 1497 ἱερὸν
590 1418 761 1483 ὅντως
790 1420 1091 1492 ἀνυμνῆσαι
1144 1418 1396 1474 Βλάσιον·
1430 1417 1589 1478 αὐτὸς
1618 1416 1720 1490 γάρ
1749 1415 1927 1488 τούτῳ

279 1512 485 1573 ἔδωκας
537 1510 749 1586 σοφίαν,
808 1508 844 1583 ᾖ
900 1510 1209 1574 ἀντιστῆναι
1268 1504 1365 1560 οὐκ
1425 1503 1649 1579 ἴσχυσαν
1694 1505 1746 1558 οἱ
1776 1504 1924 1575 αὐτῷ

279 1600 668 1673 ἀντικείμενοι.

347 1688 651 1762 Ἀμπέλου,
697 1688 895 1760 Πάτερ,
954 1684 1245 1761 ζωηφόρου
1297 1682 1526 1757 γέγονας
1584 1681 1777 1753 κλῆμα
1824 1688 1927 1737 πό-

278 1780 519 1856 λύφορον
547 1821 561 1847 ,
608 1777 701 1837 τὰς
756 1776 945 1850 ἀρετὰς
994 1776 1170 1850 φέρων
1213 1773 1287 1833 ὡς
1339 1771 1627 1847 πεπείρους
1673 1769 1921 1845 βότρυας

1553 386 1851 440 ΗῩΗΝῸΒ
1887 376 1964 439 I'N
1998 385 2057 439 Β.
2097 376 2433 443 BLASIUM.

1960 502 2014 575 Α

3548 382 3686 440 1402

2530 509 2651 567 ,1οΑ
2667 511 2828 568 NNIS
2873 508 3203 566 MONACHI

2289 598 2590 655 HYMMUS
2628 602 2697 655 IN
2746 600 3072 655 SANCTUM
3113 598 3436 653 BLASIUM.

2030 692 2094 759 in
2129 725 2238 778 quo
2271 712 2466 778 prima:
2494 727 2746 765 versuum
2779 712 2984 765 litterae
3008 709 3360 779 signiﬁcant:
3410 708 3687 763 Germina

2254 780 2527 835 laborum
2561 782 2739 836 Blasii
2784 781 3017 835 celebro
3060 797 3165 852 ego
3196 782 3468 834 Joannes.

2249 870 2362 924 Ode
2391 873 2437 924 Ι.
2470 873 2647 927 Sonus
2670 872 2755 941 pl.
2788 874 2839 927 4.
2873 872 3075 927 Currus
3119 872 3468 938 agitatorem.

2108 978 2341 1031 Rationi
2374 994 2508 1033 vere
2540 979 2848 1050 subjecisti
2881 979 3149 1033 carnales
3180 979 3450 1043 affectus,
3485 976 3637 1030 Blasi
3666 992 3679 1041 ;

2034 1066 2189 1136 regis
2222 1067 2569 1121 mandatum
2630 1074 2688 1122 et
2734 1083 2937 1122 vocem
2990 1066 3421 1137 contempsisti,
3466 1067 3683 1136 Regem

2032 1155 2369 1225 praedicans
2407 1157 2499 1211 cui
2532 1162 2795 1227 potestas
2841 1157 3046 1211 innata
3074 1161 3135 1210 et
3161 1162 3451 1211 aeternum
3494 1155 3680 1225 impe-

2034 1245 2213 1301 rium.

2103 1334 2178 1388 Os
2230 1334 2518 1405 aperienti
2571 1336 2925 1405 sapientiam
2978 1338 3216 1405 praesta,
3272 1332 3522 1388 Verbum
3554 1331 3679 1402 Dei,

2033 1440 2147 1494 quo
2182 1432 2453 1479 sanctum
2486 1426 2745 1480 Blasium
2780 1425 2953 1496 digne
3002 1424 3331 1478 celebrem:
3375 1423 3487 1493 ipsi
3520 1424 3679 1476 enim

2034 1512 2385 1582 sapientiam
2435 1511 2671 1581 dedisti,
2731 1514 2825 1568 cui
2865 1513 3142 1567 resistere
3190 1528 3312 1565 non
3368 1511 3681 1565 valuerunt

2032 1602 2374 1658 adversarii.

2106 1691 2324 1758 Vinea),
2358 1694 2549 1758 Pater,
2605 1692 2960 1747 viviﬁcantis
3009 1691 3199 1746 factus
3229 1706 3291 1745 es
3322 1689 3548 1760 palmes
3592 1690 3675 1743 fe-

2033 1780 2283 1846 cundus,
2334 1781 2649 1836 virtutibus
2715 1781 2875 1835 velut
2936 1782 3063 1834 uvis
3111 1780 3361 1835 maturis
3408 1783 3674 1846 ornatus,

274 1865 706 1939 ἆποτυλώμενος
739 1866 874 1941 ξίφει
920 1861 978 1917 δὲ
1023 1863 1112 1917 καὶ
1152 1864 1306 1916 ποσὶν
1360 1860 1468 1934 οὐχ
1516 1860 1737 1931 ὡραίοις
1788 1859 1910 1913 ἀπο-

2052 1870 2243 1941 gladiis
2270 1871 2537 1925 abscisus
2569 1878 2627 1925 et
2665 1871 2916 1942 pedibus
2961 1870 3341 1925 conculcatus
3388 1868 3679 1938 importu-

436 1957 448 1974 \
556 1960 579 1971 ν
729 1952 796 1974 n‘.
830 1953 839 1968 '
915 1973 922 1974 κ
996 1951 1042 1974 γ’
1079 1972 1089 1974 _
1151 1973 1161 1974 κ
1198 1950 1465 1974 η--ᾉ,-ν.ῘΡ,.
1511 1970 1526 1974 ,
1561 1946 1582 1974 1’

436 1957 448 1974 \
556 1960 579 1971 ν
830 1953 839 1968 Ι
1021 1951 1042 1971 7
1374 1950 1387 1969 Ι
1562 1946 1582 1965 ’Ῑ

269 1952 483 2018 θλιϐεις
510 1976 694 2023 πασιν,
728 1952 950 2021 Βλασιε,
985 1972 1162 2013 οινους
1196 1950 1526 2019 κατανυξεως
1559 1944 1812 2011 εϐλυσας.

345 2137 649 2212 ΙΙροφανῶς
699 2131 783 2187 ἐπὶ
835 2136 941 2187 τῶν
992 2128 1169 2205 ἔργων
1216 2127 1467 2198 δέδειξαι,
1516 2127 1651 2181 κατὰ
1694 2128 1787 2181 τὸν
1825 2126 1918 2197 μὲ-

267 2246 367 2299 γαν
421 2218 567 2291 Γὼϐ,
600 2221 882 2291 ἀληθινὸς,
915 2224 1109 2294 πρᾶος,
1170 2218 1482 2290 συμπαθὴς,
1540 2216 1629 2270 καὶ
1689 2213 1919 2286 δίκαιος,

268 2307 500 2382 εὐσεϐὴς
521 2313 609 2366 καὶ
653 2312 960 2383 ἄμεμπτος,
992 2306 1336 2382 ἀπεχόμενος
1384 2306 1549 2367 ὀντως
1586 2303 1646 2358 ἐκ
1674 2302 1920 2375 πονηροῦ

271 2403 622 2477 πράγματος,
645 2398 1053 2475 ἱερομαρτόρων
1087 2397 1385 2471 ἀγλάϊσμα.

348 2491 658 2546 Θεοτόκιον.
689 2519 759 2530 -
790 2488 885 2543 ’Ex
939 2488 1036 2553 τῆς
1070 2485 1223 2557 ῥίζης
1282 2482 1476 2539 Ἰεσσαὶ
1539 2481 1917 2556 βλαστήσασαν

274 2575 477 2656 ῥάϐδον
539 2579 861 2651 ὑπὲρτιμον,
918 2575 982 2629 τὸ
1011 2575 1103 2629 τὸν
1167 2573 1401 2648 Χριστὸν
1457 2568 1637 2638 ἄνθος,
1696 2570 1917 2639 ἀληθῶς

272 2670 608 2743 ἀμάραντον,
644 2666 746 2721 ὑπὸ
790 2668 884 2719 σοῦ
923 2665 1224 2733 ἀνθήσασαν
1284 2662 1381 2730 τὴν
1443 2660 1591 2735 ἁγίαν
1623 2660 1917 2733 Παρθένον,

272 2761 409 2814 Θεοῦ
452 2758 552 2826 τήν
596 2752 758 2811 πόλιν
816 2754 915 2823 τὴν
976 2748 1226 2827 ἔμψυχον
1286 2750 1627 2826 ῗεροπρεπῶς
1690 2750 1918 2825 μακαρί-

269 2868 475 2921 σωμεν.

809 2932 939 3013 ᾪδή
972 2939 1041 2989 Γ.
1089 2932 1379 3007 Οὐρανίας.

346 3023 711 3096 Βουληθέντες
771 3023 1050 3098 ζωγρῆσαί
1107 3042 1163 3076 σε
1219 3022 1354 3089 πρὸς
1408 3020 1621 3094 σφαγὴν
1678 3014 1863 3074 ἄδικον
1901 3064 1914 3088 ,

267 3116 418 3180 ὄντες
454 3118 554 3172 ὑπὸ
604 3121 699 3171 σοῦ
752 3116 1116 3190 ζωγρηθέντες
1165 3114 1301 3187 πρὸς
1356 3111 1572 3165 αἰωνίαν
1628 3112 1771 3181 ζωὴν
1803 3115 1917 3183 Θεῷ

2030 1959 2145 2023 nis,
2177 1959 2475 2026 omnibus,
2509 1955 2686 2028 Blasi,
2712 1960 2913 2014 vinum
2952 1959 3197 2031 largitus
3234 1963 3322 2012 est
3352 1972 3680 2026 compunc-

2031 2048 2231 2103 tionis.

2102 2137 2404 2192 Manifeste
2436 2138 2713 2209 operibus
2744 2137 3030 2208 probatus
3061 2153 3143 2205 es,
3169 2136 3343 2207 juxta
3391 2149 3673 2206 magnum

2028 2225 2133 2279 Job
2178 2242 2368 2291 verus,
2401 2232 2769 2292 mansuetus,
2811 2226 3170 2287 misericors,
3208 2230 3267 2279 et
3288 2225 3508 2295 justus,
3540 2223 3674 2293 pius

2030 2319 2089 2367 et
2118 2314 2681 2385 irreprehensibilis,
2739 2315 3046 2369 abstinens
3102 2329 3237 2368 vere
3269 2312 3343 2367 ab
3392 2311 3555 2367 omni
3612 2326 3674 2367 re

2032 2402 2209 2467 mala,
2254 2408 2579 2474 martyrum
2619 2404 2819 2458 decus.

2102 2492 2369 2561 Deiparaz.
2400 2523 2469 2532 οσ-
2502 2493 2734 2563 Virgam
2781 2493 3105 2564 pretiosam
3150 2504 3219 2547 ex
3247 2492 3448 2547 radice
3498 2493 3676 2547 Jessm

2028 2581 2484 2651 germinantem,
2526 2582 2792 2636 Christus
2824 2582 3034 2637 florem
3078 2598 3211 2635 vere
3259 2582 3675 2636 amaranthum

2032 2672 2399 2737 efferentem,
2435 2670 2673 2725 beatam
2705 2670 3026 2741 Virginem,
3060 2671 3248 2725 vivam
3297 2670 3398 2725 Dei
3448 2669 3670 2737 sedem,

2029 2758 2451 2813 convenienter
2480 2757 2871 2813 celebremus.

2581 2935 2692 2989 Ode
2720 2933 2820 2989 ΙΙΙ.
2856 2933 3117 2990 Ccelestes.

2099 3022 2205 3087 Qui
2230 3028 2285 3076 te
2316 3021 2589 3077 volebant
2630 3023 2702 3077 ad
2761 3024 3045 3093 injustam
3095 3022 3515 3079 mactationem
3549 3041 3674 3078 ser-

2029 3129 2183 3179 vare,
2217 3128 2250 3166 a
2283 3118 2336 3166 te
2368 3112 2440 3166 ad
2474 3113 2649 3167 vitam
2698 3118 2981 3167 mternam
3028 3113 3239 3168 servati
3272 3118 3430 3181 sunt,
3464 3119 3522 3168 et
3552 3115 3669 3168 Deo

262 3210 657 3283 προσήχθησαν
707 3208 930 3279 θήραμα
989 3205 1140 3273 ζὼων
1200 3199 1418 3276 ἀλόγων
1478 3198 1682 3272 πολλῷ
1712 3220 1910 3272 τιμιω·

2052 3202 2208 3257 ὼιίιιὶ
2270 3209 2408 3257 sunt
2462 3204 2710 3259 victimae
2774 3204 2982 3259 ovibus
3039 3205 3269 3260 ratione
3329 3204 3669 3260 carentibus

2052 3291 2207 3314 ...ιιΔ
2258 3290 2537 3314 ηηηιζρ-Λ-

261 3297 442 3353 τάτων
463 3301 543 3369 τῷ
564 3293 987 3368 Παντοκράτορι.

340 3387 498 3461 Ὑπὲρ
558 3384 741 3459 ἄμμον
822 3382 1098 3452 θαλάσσης
1146 3382 1213 3436 τὰ
1266 3381 1349 3448 σὰ,
1385 3381 1513 3457 σοφὲ
1547 3427 1561 3453 ,
1622 3382 1867 3453 θαύματα
1901 3401 1914 3413 ·

263 3476 456 3539 παῦεις
520 3478 621 3549 γάρ
690 3477 883 3547 ψυχῶν
951 3471 1040 3525 καὶ
1112 3469 1381 3542 σωμάτων
1453 3469 1597 3538 πάθη
1666 3469 1858 3523 ἀνίατα
1900 3487 1911 3499 ’

263 3566 482 3637 λαιμῶν
538 3565 834 3635 παθήματα
885 3561 975 3615 καὶ
1026 3558 1335 3636 φλεγμονὰς
1384 3556 1647 3627 διαλύεις,
1702 3559 1790 3611 καὶ
1850 3560 1916 3612 τὰ

262 3656 401 3711 κατὰ
430 3656 530 3722 τήν
560 3655 808 3730 φάρυγγα
839 3650 1110 3725 ξηραίνεις
1140 3647 1397 3724 ῥεύματα.

341 3739 662 3805 Σεϐαστείας
691 3742 780 3794 τὸν
809 3739 1069 3814 μὲγαν....
1107 3739 1271 3799 ὡς....

336 3832 637 3907 Ἀγρυπνίᾳ
696 3829 929 3901 συντόνῳ
984 3829 1070 3881 καὶ
1133 3829 1415 3900 προσευχῇ
1472 3824 1700 3901 γὲγονας
1746 3825 1913 3887 τόπος

264 3920 397 3996 ὄρος
456 3926 534 3992 τῷ
588 3921 774 3993 Κυρίῳ
833 3918 921 3972 καὶ
999 3921 1115 3989 Θεῷ
1169 3910 1385 3971 Ἰακὼϐ
1442 3917 1590 3991 ἅγιον
1650 3916 1915 3987 σκήνωμα

262 4013 370 4087 γὰρ
420 4012 506 4065 καὶ
558 4012 802 4081 Πνεῦμα,
850 4011 884 4077 ἡ
919 4007 1087 4083 Τριάς
1147 4005 1449 4075 ἐσκήνωσεν
1504 4003 1554 4059 ἐν
1604 4007 1671 4078 τῇ
1721 4000 1915 4078 καρδίᾳ

260 4122 380 4158 σου.

333 4189 619 4244 Θεοτόκιον
660 4232 672 4245 ,
731 4218 800 4229 —-
852 4183 1058 4260 Νοεράν
1132 4204 1189 4237 σε
1242 4176 1442 4237 λαϐίδα
1496 4182 1585 4235 τὸν
1648 4180 1911 4251 ἀληθινὸν

258 4278 499 4352 ἄνθρακα
558 4280 822 4354 φὲρουσαν
880 4273 1107 4347 Χριστὸν
1169 4270 1220 4327 ἐν
1272 4270 1540 4347 ἀγκάλαις
1626 4267 1913 4347 ἔγνωμεν,

258 4368 544 4421 Δὲσποινα’
605 4364 656 4418 ἐν
696 4363 742 4437 ᾦ
774 4361 1102 4439 κατάφλεξον
1158 4360 1223 4414 τὰ
1271 4355 1594 4436 φρυγανώδη
1656 4380 1759 4432 μου
1810 4358 1915 4412 πά-

256 4459 347 4527 θη,
380 4456 469 4510 καὶ
499 4456 594 4510 τὸν
623 4458 746 4508 νοῦν
782 4453 1012 4527 καθαρὸν
1050 4449 1493 4522 ὑλομανήσαντα.

653 4556 782 4637 ’ῼδή
826 4560 897 4615 Δ’.
947 4557 1279 4627 Εἱσακήκοα,
1332 4554 1511 4629 Κύριε.

329 4644 623 4725 Ὑπερέϐης
650 4649 748 4716 τὴν
781 4646 1026 4717 αἴσθησιν
1074 4645 1164 4699 καὶ
1212 4645 1301 4700 τὸν
1354 4644 1720 4717 ὑπέραισχρον
1757 4664 1901 4717 παρ-

256 4745 584 4817 εχώρησας,
648 4742 878 4813 χρυσαῖς
938 4736 1186 4811 πτέρυξιν
1237 4732 1535 4806 ἱπτάμενος
1592 4734 1690 4801 τῆς
1747 4733 1905 4807 ἱερω-

253 4832 391 4901 σύνη
403 4852 426 4892 ς
457 4831 548 4884 καὶ
580 4826 887 4897 ἀθλήσεως.

327 4921 629 4993 Μυροθήκη
662 4917 953 4993 γενόμενος
1015 4912 1327 4986 Πνεύματος
1362 4912 1513 4988 ἁγίου
1561 4913 1649 4966 καὶ
1702 4909 1905 4966 εὐωδία

245 5014 509 5087 Χριστοῦ,
540 5011 641 5077 τήν
673 5008 848 5079 όσμήν
880 5014 981 5075 τῆς
1032 5004 1194 5059 αὐτοῦ
1240 5002 1491 5078 γνώσεως
1541 5001 1631 5056 καὶ
1662 5006 1768 5056 τῶν
1798 5022 1902 5055 πα-

247 5104 317 5171 θη
330 5103 514 5173 μάτων
544 5092 785 5159 ἔπεισας.

325 5178 653 5261 Νοσυμὲνων
706 5185 991 5258 λυτήριον,
1050 5196 1305 5254 πονηρων
1357 5181 1678 5254 πνευμάτων
1734 5202 1900 5259 φυγαο

248 5279 536 5351 δευτήριον
593 5276 683 5331 καὶ
738 5272 1009 5348 δαιμόνων
1071 5271 1189 5334 δὲος
1250 5271 1501 5327 ἄστικτον
1562 5271 1651 5326 καὶ
1712 5272 1900 5347 βαρεῖα

252 5368 445 5443 μάστιξ
475 5367 537 5420 τὸ
568 5367 659 5419 σὸν
703 5362 898 5437 ὄνομα.

318 5458 405 5520 Ὡς
464 5454 674 5528 ποιμῆν
740 5454 836 5526 μὲν
896 5449 1216 5524 ἐποίμανας,
1276 5450 1473 5505 ἄνωθεν
1521 5451 1594 5511 ὡς
1651 5444 1897 5524 πρόϐατα

240 5544 700 5620 ποιμαινόμενος,
729 5540 809 5615 τῷ
839 5543 1035 5604 τιθέντι
1083 5538 1272 5603 δὶςὼς
1316 5535 1605 5615 πρόϐατον,
1638 5539 1711 5600 ὠς
1739 5540 1895 5615 κριὸς

244 5634 656 5713 προσηνέχθης,
686 5632 965 5708 ἱερώτατε.

318 5724 625 5779 eia-tono».
664 5720 865 5778 —-'T6v
916 5717 975 5775 ’ἐν
1006 5724 1165 5775 πᾶσιν
1225 5717 1521 5796 ἀχώρητον
1579 5718 1890 5793 ἁστενοχω-

2024 3291 2211 3345 multo
2253 3290 2561 3363 gratiores.

2095 3383 2289 3433 Arena
2321 3380 2502 3434 maris
2536 3380 2707 3451 plura
2750 3386 2849 3434 tua
2895 3380 3180 3454 prodigia,
3215 3382 3469 3453 sapiens.
3521 3385 3665 3438 Nam

2022 3469 2359 3523 animarum
2403 3486 2834 3539 corporumque
2884 3469 3251 3525 insanabiles
3301 3472 3540 3527 morbos
3564 3490 3663 3527 cu-

2022 3576 2118 3613 ras
2146 3578 2158 3625 ;
2192 3560 2447 3631 gutturis
2479 3560 2712 3616 dolores
2738 3562 2913 3617 solvis
2946 3567 3003 3616 et
3030 3567 3312 3630 tumores,
3332 3569 3392 3619 et
3413 3563 3675 3636 laryngis

2027 3648 2188 3702 sistis
2220 3648 2434 3703 ﬂuxus.

2093 3826 2363 3881 Assiduis
2419 3827 2631 3899 vigiliis
2691 3835 2748 3882 et
2804 3830 3068 3884 oratione
3123 3829 3313 3885 factus
3372 3848 3434 3885 es
3486 3830 3670 3897 locus,

2022 3933 2193 3970 mons
2228 3917 2475 3971 Domino
2508 3922 2566 3970 et
2596 3919 2713 3972 Deo
2743 3918 2917 3973 Jacob
2945 3937 2957 3984 ;
2992 3935 3132 3973 nam
3167 3925 3439 3974 sanctum
3474 3920 3674 3974 taber-

2020 4006 2300 4060 naculum
2334 4013 2391 4061 et
2416 4012 2654 4061 sanctus
2685 4008 2957 4079 Spiritus,
2990 4008 3244 4064 Trinitas
3290 4008 3577 4064 habitavit
3606 4008 3667 4063 in

2018 4095 2193 4149 corde
2230 4101 2346 4150 tuo.

2088 4186 2365 4255 Deiparw.
2402 4215 2465 4225 —
2499 4186 2836 4256 Supernum
2872 4191 2925 4239 te
2974 4202 3070 4240 vas
3103 4185 3499 4257 agnoscimus,
3556 4187 3669 4239 Do-

2018 4272 2200 4337 mina,
2234 4290 2365 4343 qum
2427 4290 2629 4327 verum
2688 4275 3007 4329 carbonem
3046 4274 3348 4329 Christum
3392 4275 3452 4329 in
3503 4274 3667 4329 ulnis

2017 4362 2261 4432 portasti
2290 4381 2303 4428 ;
2338 4361 2440 4415 illo
2471 4362 2752 4416 combure
2786 4364 3125 4417 surculosas
3160 4379 3322 4417 meas
3358 4364 3667 4434 passiones

2018 4467 2149 4521 qua)
2184 4451 2397 4505 animus
2432 4450 2751 4505 candorem
2792 4450 3129 4522 inquinant.

2407 4560 2517 4615 Ode
2542 4562 2639 4616 IV.
2680 4562 2979 4631 Exaudivi,
3023 4564 3269 4618 Domine.

2085 4650 2333 4703 Omnem
2366 4666 2607 4703 sensum
2640 4650 2954 4722 superasti,
2979 4657 3037 4705 et
3068 4651 3480 4721 turpissimum
3504 4667 3667 4706 exce-

2018 4739 2176 4807 disti,
2211 4740 2409 4794 aureis
2441 4741 2758 4795 sacerdotii
2792 4747 2849 4797 et
2874 4742 3141 4813 martyrii
3173 4742 3285 4797 alis
3317 4742 3527 4797 elatus.

2090 4921 2462 4991 Unguentum
2502 4920 2693 4975 factus
2740 4922 2992 4991 Spiritus
3036 4924 3220 4977 sancti
3257 4927 3314 4976 et
3343 4921 3663 4993 fragrantia

2014 5009 2249 5074 Christi,
2274 5009 2499 5063 bonum
2519 5009 2763 5064 odorem
2787 5010 3047 5065 scientia:
3076 5016 3133 5065 et
3163 5012 3509 5082 passionum
3533 5013 3661 5084 ejus

2014 5096 2325 5153 difTudisti.

2083 5187 2463 5241 Inﬁrmorum
2498 5188 2676 5253 salus,
2702 5188 2993 5243 malorum
3018 5189 3333 5260 spirituum
3364 5188 3655 5262 refugium

2010 5281 2068 5331 et
2089 5277 2407 5330 dmmonun
2438 5281 2629 5330 terror
2651 5276 3043 5333 intolerabilis
3076 5283 3133 5333 et
3153 5295 3321 5351 grave
3354 5278 3655 5351 flagellum

2008 5370 2174 5419 tuum
2207 5381 2445 5419 nomen.

2078 5456 2195 5509 Ceu
2228 5460 2427 5525 pastor
2456 5471 2695 5526 gregem
2726 5455 2950 5524 rexisti,
2986 5455 3299 5512 desursum
3330 5457 3490 5514 velut
3519 5474 3655 5513 oves

2006 5561 2277 5616 pascens,
2329 5544 2579 5599 Domino
2633 5550 2832 5600 autem
2875 5551 3157 5617 tanquam
3199 5548 3319 5604 ovis
3369 5552 3471 5604 aut
3501 5549 3652 5603 aries

2006 5634 2240 5689 oblatus
2272 5651 2332 5688 es
2365 5634 2759 5690 sanctissime.

2073 5723 2339 5793 Deipara’.
2373 5752 2435 5765 —
2462 5722 2652 5779 Nullis
2678 5724 2967 5782 limitibus
3000 5726 3383 5785 terminatum
3406 5730 3464 5783 et
3484 5726 3646 5784 cualis
