4066 6218
453 340 592 402 1403

1968 339 2337 397 ΔΒΒΕΝΒΔ.

3687 356 3793 414 μοι

446 469 739 534 latiorem,
775 466 967 537 Virgo,
1002 464 1150 519 mire
1185 462 1514 534 concepisti
1543 480 1558 527 ;
1584 465 1641 517 et
1659 467 1724 519 ut
1747 462 1939 519 bonus
1962 482 2091 535 prae

2221 467 2397 538 ρήτως
2432 514 2446 535 ,
2503 471 2650 545 Κόρη
2688 515 2701 542 ,
2772 471 3063 548 ἐχώρησας
3120 473 3355 548 οὐρανῶν
3408 475 3791 555 εὐρυχωρότερον

448 564 651 631 ceptor
680 558 975 611 innocuos
1006 553 1189 609 simul
1222 559 1280 606 et
1308 552 1674 624 negligentes
1706 569 1943 624 pueros.
1980 595 1993 608 .
2032 595 2045 608 .
2080 595 2095 610 .

1161 747 1271 804 Ode
1316 749 1383 804 V.

526 860 598 913 Ut
625 874 719 913 me
752 856 989 911 divitiis.
1024 897 1036 909 .
1069 897 1082 909 .
1119 856 1235 909 Deo
1278 855 1541 910 obtulisti
1573 855 1732 911 velut
1753 856 2102 911 innocentes

447 965 632 1019 agnos
660 951 716 1001 et
743 962 999 1008 amoma,
1034 962 1141 1015 per
1180 960 1395 999 novum
1451 945 1669 1017 ignem,
1703 963 1808 1017 per
1837 945 2099 1017 gladium

447 1036 711 1103 incensa,
755 1035 999 1089 odorem
1032 1033 1367 1103 fragrantia:
1401 1035 1669 1088 Domino.

520 1126 803 1180 Somnum
854 1123 1227 1195 negligentiae
1274 1123 1345 1177 ab
1398 1123 1586 1177 oculis
1635 1123 1963 1189 excutiens;
1998 1123 2099 1178 diu

448 1221 743 1284 noctuque
775 1215 892 1267 Deo
941 1211 1323 1279 inserviebas,
1378 1212 1651 1282 precibus
1690 1213 1973 1267 continuo
2007 1212 2099 1267 in-

449 1302 731 1374 dulgebas
764 1308 821 1356 et
862 1301 1108 1371 psalmis
1143 1305 1201 1354 et
1244 1301 1501 1371 hymnis,
1555 1300 1701 1355 tibia
1745 1301 1977 1355 Domini
2010 1302 2097 1355 fa-

452 1397 600 1446 ctus.

519 1476 1317 1544 Omnemlaboremlevabas,
1337 1494 1575 1531 omnem
1605 1477 2015 1531 infirmitatem
2040 1482 2098 1531 et

448 1568 722 1622 morbum
754 1567 1043 1633 sanabas;
1103 1567 1202 1636 qui
1254 1583 1442 1636 usque
1494 1566 1565 1620 ad
1616 1570 1672 1619 te
1716 1573 2098 1621 accesserunt

447 1658 593 1710 votis
627 1662 683 1711 et
712 1672 894 1709 manu
925 1656 1236 1709 reficiebas
1264 1672 1275 1707 :
1310 1672 1447 1708 nam
1477 1655 1658 1725 gratis
1706 1656 2006 1726 accepisti,
2039 1660 2097 1709 et

445 1745 626 1817 gratis
659 1744 895 1811 dedisti,
926 1744 1086 1797 velut
1118 1744 1407 1815 ingenuus
1426 1744 1639 1797 Christi
1672 1743 2019 1814 discipulus.

2209 555 2343 632 ὑπὲρ
2374 562 2520 612 νοῦν’
2564 563 2653 615 καί
2695 561 2769 625 ὡς
2820 562 2988 624 καλὸς
3038 559 3397 639 παιδοτρίϐης
3444 563 3606 621 ἄκακα
3650 568 3801 627 παιδία

2203 645 2293 698 καὶ
2330 647 2503 721 βρέφη
2536 647 2787 721 ἀκηδῆ...

2911 756 3040 839 ’ῼδή
3074 760 3149 817 E'.

2270 862 2383 917 Ἰνα
2411 861 2463 916 τί
2517 885 2583 935 με
2641 868 2956 939 χρήματι...
3014 871 3094 938 τῷ
3144 873 3258 939 Θεῷ
3312 870 3581 941 προσῆξας
3626 874 3795 949 καθαρὶ

2202 950 2277 1012 ὡς
2306 951 2467 1025 ἀρνία
2495 954 2583 1007 καὶ
2642 952 2848 1027 ἄμωμα
2898 955 3347 1021 ἀλοκαυτωθὲντα
3403 956 3493 1013 δῖά
3521 961 3677 1033 πυρὸς
3702 984 3797 1017 και-

2201 1045 2296 1095 νοῦ
2324 1047 2420 1096 τοῦ
2452 1042 2633 1121 ξίφη..
2667 1046 2844 1118 ὁσμὴν
2878 1044 3104 1110 εὐωδίας
3129 1053 3209 1119 τῷ
3242 1049 3487 1105 Κτίσαντι
3522 1070 3536 1118 ;

2275 1134 2599 1207 Νυσταγμὸν
2664 1134 2929 1208 ῥᾳθυμίας
2978 1136 3439 1210 ἀποτιναξάμενος
3496 1140 3597 1195 ἀπὸ
3638 1140 3805 1219 βλεφά-

2204 1240 2310 1295 ρων
2342 1241 2459 1293 σου,
2491 1222 2836 1298 πανημέριός
2890 1245 2950 1279 τε
3004 1225 3095 1279 καὶ
3155 1226 3457 1300 παννύχιος
3512 1235 3622 1300 Θεῷ
3669 1252 3807 1303 προσ-

2202 1307 2450 1382 ήδρευες,
2495 1320 2829 1388 προσευχαῖς
2881 1314 3169 1390 σχολάζων
3202 1314 3569 1391 ἐπαγρύπνοις
3599 1318 3801 1391 ψαλμοῖς

2201 1397 2289 1452 καὶ
2320 1398 2534 1471 ὕμνοις,
2565 1400 2653 1454 καὶ
2687 1398 2853 1466 ἄυλος
2879 1401 3024 1475 αὐτῷ
3063 1403 3482 1477 συγγενόμενος.

2274 1489 2451 1544 Πάντα
2481 1489 2645 1544 πόνον
2695 1493 2987 1569 κουφίζων,
3020 1500 3192 1548 πᾶσαν
3249 1494 3517 1566 μαλακίαν
3568 1498 3647 1551 καὶ
3677 1497 3801 1552 νόσον

2204 1574 2457 1647 ἶώμενος,
2484 1578 2611 1640 τοὺς
2644 1580 3082 1655 προστρέχοντάς
3140 1602 3225 1635 σοι
3282 1580 3352 1636 δι’
3385 1583 3556 1658 εὐχῆς
3586 1586 3666 1638 καὶ
3691 1584 3803 1661 ἀρῆς

2200 1662 2537 1740 ἐθεράπευες·
2600 1665 2806 1743 δωρεὰν
2868 1664 3051 1724 λαϐὼν
3081 1670 3209 1744 γὰρ,
3237 1671 3324 1724 καὶ
3386 1668 3589 1746 δωρεάν
3635 1670 3808 1735 ἐδίδους

2201 1760 2351 1822 πᾶσι,
2386 1755 2461 1819 ὡς
2486 1757 2721 1830 Χριστοῦ
2756 1759 3005 1830 μαθητὴς
3023 1760 3419 1833 γνησιώτατος.

520 1833 810 1887 Laborum
843 1838 1077 1887 tuorum
1109 1832 1334 1886 fructus
1366 1832 1589 1902 spicam
1640 1833 1903 1902 martyrii
1956 1850 2089 1903 pre-

2267 1843 2328 1899 Ὁ
2356 1848 2462 1897 τῶν
2495 1844 2675 1899 πόνων
2704 1867 2798 1900 σου
2836 1847 3041 1921 καρπὸς
3088 1848 3291 1921 στάχυν
3346 1847 3639 1922 μαρτυρίου
3666 1845 3802 1903 ἐϐλά-

443 1923 617 1990 fudit,
652 1922 827 1989 Blasi,
861 1921 1163 1993 plagarum
1195 1921 1344 1975 falce
1376 1920 1713 1991 decerptam
1747 1922 1885 1976 etin
1914 1922 2090 1977 cmlo-

446 2029 577 2066 rum
614 2014 822 2065 horreo
843 2011 1173 2077 collectam,
1200 2016 1258 2063 et
1288 2011 1534 2065 Domino
1566 2011 1623 2064 in
1658 2028 1870 2081 panem
1906 2012 2094 2082 puris-

448 2102 663 2155 simum
697 2106 1171 2155 transmutatam.

520 2191 788 2258 Deiparae.
822 2221 891 2229 —-
922 2191 1085 2242 Nunc
1118 2194 1171 2243 te
1213 2188 1466 2252 beatam,
1502 2189 1903 2254 Sanctissima,
1932 2190 2090 2244 cele-

450 2277 625 2331 brent
655 2293 861 2330 omnes
883 2276 1330 2347 generationum
1364 2278 1796 2348 generationes.
1823 2281 1963 2333 Nam
1989 2280 2087 2351 qui

451 2364 615 2419 solus
646 2364 854 2418 beatus
888 2365 1191 2432 Dominus,
1226 2381 1318 2418 me
1350 2382 1383 2419 a
1413 2365 1749 2421 daemonum
1802 2374 2091 2438 potestate

452 2452 725 2520 liberato,
756 2452 1221 2525 benignissimus
1252 2471 1359 2524 per
1391 2459 1443 2507 te
1475 2456 1768 2526 apparuit.

1143 2570 1252 2624 Ode
1290 2572 1383 2625 VI.

525 2675 595 2729 Ut
625 2675 769 2729 olim
802 2675 979 2745 piscis
1006 2676 1239 2746 spinam
1263 2678 1430 2747 pueri
1462 2680 1683 2749 gutturi
1709 2679 1951 2735 inﬁxam
1985 2681 2093 2734 eri-

455 2764 656 2835 puisti,
690 2765 774 2818 sic
803 2770 861 2819 et
890 2781 1047 2819 nunc
1077 2782 1111 2819 a
1132 2766 1497 2836 voluptatum
1522 2768 1711 2838 spina,
1738 2769 1895 2823 velut
1923 2776 2095 2824 acuta

456 2855 666 2926 sagitta
696 2854 755 2907 in
788 2853 1055 2909 animum
1080 2855 1368 2924 immissa,
1392 2856 1580 2911 libera
1600 2874 1695 2911 me
1717 2876 1822 2929 per
1851 2876 2092 2914 manum

454 2947 616 2996 tuam
650 2942 952 2997 intactam.

527 3119 895 3175 Mortalitatis
924 3126 1116 3175 vestes
1147 3121 1427 3190 coriacas,
1462 3128 1518 3177 et
1548 3123 1821 3178 interitus
1853 3141 2092 3179 sensum

2197 1952 2381 2002 στησε,
2443 1931 2657 2003 Βλάσιε,
2715 1935 2986 2007 αἰκισμῶν
3046 1934 3283 2009 δρεπάνῃ
3345 1938 3685 2010 θεριζόμενον
3736 1940 3805 1991 καὶ

2197 2020 2555 2095 συναγόμενον
2590 2022 2663 2084 εἷς
2704 2024 2984 2094 ἀποθήκας
3027 2028 3133 2077 τῶν
3176 2024 3447 2098 οὐρανῶν,
3496 2025 3680 2096 καὶτῷ
3702 2033 3801 2079 Δεσ-

2196 2112 2335 2185 πότῃ
2363 2113 2741 2185 καθαρώτατον
2776 2110 2939 2186 ἄρτον
2960 2113 3271 2188 γινόμενον.

2267 2200 2552 2256 Θεοτόκιον
2588 2245 2600 2259 .
2664 2235 2728 2246 -
2786 2204 2895 2259 Νῦν
2952 2224 3007 2257 σε
3043 2246 3058 2271 ,
3120 2203 3384 2277 Πάναγνε,
3446 2210 3606 2259 πᾶσαι
3659 2204 3804 2278 γενεαὶ

2194 2293 2388 2365 γενεῶν
2444 2290 2852 2367 μακαρίζουσι,
2917 2292 3179 2366 μακαρίαν
3240 2291 3428 2347 οῦσαν·
3489 2294 3517 2347 ὁ
3580 2293 3804 2368 μακάριος

2200 2380 2364 2451 μόνος
2424 2381 2701 2451 Δεσπότης
2759 2382 2861 2456 γὰρ
2922 2382 3058 2437 κατὰ
3131 2380 3447 2445 δυναστείας
3504 2380 3806 2455 ίδαιμονικῆς

2199 2465 2469 2545 ρυόμενὸς
2496 2492 2582 2543 με,
2616 2469 2705 2525 διὰ
2733 2476 2828 2527 σοῦ
2859 2471 3248 2550 φιλάνθρωπος
3282 2472 3566 2550 ἐπέφανεν.

2911 2586 3043 2666 ’ῼδὴ
3071 2590 3132 2657 ς.

2267 2693 2355 2754 Ὠς
2410 2691 2579 2747 πάλαι
2637 2695 2734 2763 τήν
2792 2692 2889 2748 τοῦ
2947 2694 3141 2770 ἰχθύος
3222 2699 3461 2761 ἄκανθαν
3518 2696 3799 2771 ἒμπαγεῖσαι

2196 2785 2274 2852 τῷ
2332 2778 2516 2854 λαιμῷ
2569 2787 2666 2837 τοῦ
2725 2780 2987 2852 παιδίου,
3049 2783 3189 2839 οὕτω
3245 2786 3334 2839 καὶ
3389 2790 3482 2840 νῦν
3542 2787 3613 2848 ὡς
3667 2784 3808 2855 ὀξεῖαν

2203 2867 2472 2943 β[ολίδα]
2528 2869 2579 2924 ἐν
2637 2875 2717 2943 τῷ
2774 2870 2963 2944 λαιμῷ
3014 2875 3111 2941 τῆς
3166 2877 3355 2949 ψυχῆς
3418 2874 3693 2948 ἱσταμένου
3735 2894 3809 2927 σου

2195 2959 2294 3024 τὴν
2354 2957 2578 3023 ἄκανθαν
2632 2964 2739 3013 τῶν
2799 2957 3012 3029 ἡδολῶν
3049 3005 3062 3031 ,
3119 2961 3311 3037 ἀναιρεῖ
3386 2962 3563 3040 ἐπαφῃ
3615 2983 3701 3017 σου
3742 2961 3808 3030 ἐξ·

2199 3043 2409 3103 ἑλαυνε.

2274 3138 2606 3211 Νεκρώσεως
2666 3134 3022 3212 δερματίνους
3092 3143 3330 3215 χιτῶνας
3395 3141 3489 3195 καὶ
3562 3142 3620 3195 τὸ
3669 3139 3811 3194 πάθος

455 3210 667 3265 exuisti
704 3227 717 3274 ;
747 3211 963 3264 amictu
995 3209 1283 3281 deposito,
1324 3211 1569 3282 gloriam
1604 3212 1852 3283 adeptus
1884 3231 1947 3268 es
1987 3232 2091 3285 per

2221 3228 2298 3289 τῆς
2355 3227 2557 3301 φθορᾶς
2612 3201 2835 3298 ἐξεδύςω
2892 3201 3233 3297 καταστδλήν
3289 3230 3487 3306 ἀφεὶς,
3541 3228 3627 3284 καὶ
3680 3225 3811 3296 δόξης

454 3297 782 3353 nuditatem
810 3315 822 3364 ;
853 3315 992 3352 nam
1043 3297 1239 3353 nudus
1269 3298 1342 3353 ad
1370 3300 1630 3355 tabulam
1680 3300 1954 3373 alligatus
1984 3320 2093 3357 un-

455 3388 607 3461 gulis
638 3388 957 3443 dilacertus
980 3405 1041 3442 es
1072 3389 1275 3444 latera.

528 3566 718 3619 Mollis
750 3571 806 3619 et
838 3567 1077 3621 inﬁrma
1108 3568 1324 3622 mulier
1354 3586 1683 3639 pugnarum
1716 3576 1949 3626 tuarum
1982 3572 2096 3625 vir-

459 3660 582 3708 tute
615 3654 885 3709 roborata
917 3662 1026 3721 est,
1061 3663 1117 3709 et
1156 3658 1402 3711 viriliter
1455 3660 1681 3713 hostem
1716 3662 2094 3733 repugnavit;

455 3742 674 3796 restitit
700 3742 859 3795 enim
892 3744 981 3797 vel
1012 3745 1275 3813 periculo
1303 3747 1431 3799 vita)
1468 3748 1620 3802 malo
1652 3756 1914 3819 peccato,
1950 3768 2096 3822 prie-

456 3834 545 3885 ter
575 3835 846 3883 naturam
870 3831 1204 3886 colluctata.

530 4009 638 4074 Qui
670 4007 792 4063 vult
841 4025 1048 4063 omnes
1080 4009 1269 4064 salvos
1331 4011 1457 4065 ﬁeri
1509 4018 1565 4067 et
1612 4014 1685 4069 ad
1734 4018 2097 4087 agnitionem

455 4099 716 4155 veritatis
746 4099 964 4166 venire,
997 4100 1356 4155 confortatas
1379 4118 1479 4156 ore
1504 4108 1599 4157 tuo
1625 4104 1925 4173 mulieres,
1950 4125 2097 4178 quas

451 4189 621 4262 juxta
651 4188 816 4243 Pauli
850 4190 1091 4243 effatum
1125 4188 1183 4243 in
1216 4191 1467 4245 vinculis
1492 4193 1767 4263 genuisti,
1802 4194 1884 4249 ita
1915 4196 2095 4250 robo-

459 4279 606 4333 ravit
638 4284 701 4333 ut
728 4277 955 4350 gladios
988 4284 1044 4333 et
1075 4278 1274 4351 plagas
1305 4285 1364 4335 et
1396 4282 1590 4352 ignem
1628 4281 1880 4339 adirent.

522 4467 791 4538 Deiparaz.
828 4498 895 4507 —
926 4467 1097 4522 leis
1130 4468 1420 4524 excelsius
1456 4470 1901 4527 tabernaculum
1926 4477 1979 4526 te
2011 4473 2097 4527 in-

2200 3313 2606 3388 ἀμφιεσάμενος
2664 3312 2755 3369 διὰ
2808 3317 3139 3392 γυμνώσεως
3174 3336 3186 3348 ·
3244 3319 3456 3392 γυμνὸς
3529 3318 3624 3391 γὰρ
3688 3314 3810 3388 ἷκρύ-

2199 3422 2357 3463 πτιος
2418 3400 2589 3466 δεθεὶς
2644 3403 2741 3464 τὰς
2812 3402 3051 3478 πλευρὰς
3125 3405 3479 3483 κατεσκάφης
3545 3410 3655 3469 τοῖς
3701 3399 3807 3458 ὄνυ-

2201 3490 2297 3561 ξιν.

2270 3581 2345 3636 Τὸ
2378 3584 2578 3654 χαῦνον
2613 3581 2700 3636 καὶ
2751 3582 2967 3646 ἀσθενὲς
2999 3587 3094 3637 τοῦ
3126 3582 3342 3652 θήλεως
3374 3588 3459 3651 τῷ
3514 3581 3703 3656 ςτερῥῷ
3724 3584 3807 3633 τῶν

2202 3673 2304 3722 σῶν
2341 3669 2561 3744 ἀγώνων
2597 3668 2868 3745 ἐρῥώσθη,
2927 3672 3017 3725 καὶ
3075 3669 3343 3746 ἀνδρικῶς
3380 3672 3463 3744 τῷ
3494 3671 3670 3746 ἐχθρῷ
3714 3689 3812 3721 συν-

2202 3758 2436 3827 επλάκη·
2476 3758 2826 3830 ἀντικατέστη
2877 3762 2962 3814 καὶ
3024 3762 3127 3835 γὰρ
3192 3762 3394 3835 μέχρις
3457 3761 3676 3832 αἳματος
3703 3756 3809 3829 πρὸς

2198 3848 2298 3915 τήν
2359 3846 2621 3923 ἁμαρτίαν
2682 3849 2969 3923 πονηρὰν,
3032 3850 3162 3925 ὑπὲρ
3241 3850 3405 3924 φύσιν
3486 3845 3808 3922 ἀνταγωνισά-

2206 3956 2385 4009 μενον.

2270 4026 2332 4082 Ὀ
2390 4023 2562 4089 θέλων
2625 4023 2822 4087 πάντας
2895 4027 3216 4100 ἀνθρώπους
3296 4034 3541 4097 σωθῆναι
3612 4026 3690 4080 καὶ
3742 4020 3811 4077 ἐπὶ

2202 4119 2401 4189 γνῶσιν
2428 4114 2683 4185 ἀληθείας
2732 4122 2851 4177 ταῖς
2886 4122 3003 4178 σαῖς
3064 4115 3254 4191 εὐχαῖς
3304 4117 3403 4177 τάς
3443 4120 3688 4190 γυναῖκας
3714 4130 3809 4164 στοο

2206 4206 2410 4277 μώσας,
2471 4203 2531 4265 ἃς
2566 4203 2616 4258 ἐν
2651 4202 2875 4277 δεσμοῖς
2934 4207 3068 4260 κατὰ
3117 4203 3335 4261 Παῦλον
3380 4205 3677 4281 ἐγέννησας,
3702 4198 3814 4274 πρὸς

2201 4292 2348 4370 ξίφος
2407 4292 2493 4347 καὶ
2558 4295 2816 4369 μάστιγας
2885 4294 2973 4350 καὶ
3036 4299 3139 4365 πῦρ
3200 4294 3576 4367 ἀντιτάξασθαι
3646 4289 3813 4345 ταύτας

2199 4382 2477 4457 ἐνίσχυσεν
2489 4424 2500 4437 .

2273 4470 2577 4529 Θεοτόκιον.
2638 4506 2704 4513 ——
2760 4473 2917 4547 Ὑπὲρ
2978 4470 3144 4546 ὕψους
3193 4472 3428 4547 οὐρανοῦ
3489 4492 3544 4526 σε
3595 4470 3809 4537 σκήνομι

449 4558 690 4611 veniens
724 4557 783 4609 in
817 4556 987 4610 terris
1037 4556 1165 4610 cmli
1216 4558 1515 4624 Conditor,
1552 4560 1652 4613 Dei
1712 4562 1993 4625 Genitrix,
2024 4568 2089 4615 ut

2221 4589 2223 4606 ι
2284 4562 2554 4634 Δομήτωρ
2614 4560 2876 4634 οὐρανοῦ,
2938 4564 3263 4637 Θεομήτωρ,
3324 4563 3503 4635 εὐρών
3538 4560 3589 4614 ἐν
3616 4561 3701 4633 γῇ,
3751 4553 3809 4613 ὡς

451 4664 703 4719 sponsus
732 4648 871 4702 exiit
902 4664 971 4701 ex
1006 4648 1316 4717 splendido
1352 4650 1607 4704 thalamo
1641 4652 1859 4705 ventris
1886 4654 1989 4719 tui,
2024 4670 2090 4707 ac

451 4754 691 4794 carnem
753 4736 963 4792 exinde
1014 4737 1123 4792 sibi
1159 4740 1485 4811 assumpsit
1524 4741 1676 4795 Deus
1724 4742 2006 4796 caelorum
2034 4742 2093 4796 et

450 4826 645 4881 omnis
677 4826 893 4881 carnis.

893 4943 1002 4997 Ode
1042 4944 1160 4996 VII.
1197 4941 1302 5006 Qui
1330 4959 1398 4996 θα)
1425 4943 1635 4999 Judwa.

522 5050 963 5104 Validissimum
1015 5050 1172 5103 senis
1218 5050 1497 5105 baculum
1558 5053 1802 5121 portasti
1853 5069 2087 5109 crucem

449 5134 706 5192 divmam
741 5156 754 5203 ;
790 5139 963 5211 virgis
1011 5155 1162 5193 caesa
1212 5145 1301 5192 est
1346 5140 1506 5211 virga
1548 5140 1782 5211 pietatis
1826 5158 1983 5197 nunc
2034 5149 2089 5197 et

449 5224 617 5279 culus
648 5231 803 5281 tuus.
842 5270 853 5281 .
891 5270 903 5281 .
938 5233 997 5282 et
1027 5244 1120 5282 me
1151 5228 1480 5285 admonuit.

522 5399 664 5468 Lupi
697 5416 763 5453 os
794 5418 966 5459 vorax
996 5404 1162 5461 freno
1198 5449 1210 5461 .
1250 5448 1262 5460 .
1299 5451 1310 5463 .
1345 5408 1864 5479 prmsidio'divinm
1884 5411 2085 5482 gratiae

452 5492 510 5544 et
540 5486 881 5542 morborum
940 5494 1170 5550 turbam
1222 5498 1647 5554 miraculorum
1704 5500 1932 5572 fulgore
1964 5500 2080 5555 dis—

450 5593 664 5651 pergis.

518 5664 913 5741 Conjicientes
941 5670 999 5725 in
1051 5672 1242 5728 lacum
1277 5716 1290 5730 .
1322 5717 1335 5732 .
1376 5718 1389 5731 .
1423 5678 1725 5750 mulieres,
1788 5680 2084 5739 cwlicolas

2200 4649 2431 4724 νυμφίος
2464 4648 2708 4723 προῆλθε
2762 4651 2821 4705 ἐκ
2877 4652 3203 4730 φωτοφόρου
3254 4657 3464 4707 παστοῦ
3519 4653 3615 4718 τῆς
3641 4643 3805 4715 νηδύος

2200 4758 2318 4804 σου,
2348 4740 2446 4806 τὴν
2481 4738 2649 4812 σάρκα
2695 4739 2999 4817 νυμφεύσας
3046 4742 3219 4814 ἑαυτῷ
3251 4743 3279 4795 ὁ
3311 4742 3444 4802 Θεὸς
3470 4745 3575 4794 τῶν
3602 4735 3803 4809 οὐρανῶν

2197 4827 2287 4881 καὶ
2319 4828 2495 4897 πάσης
2530 4828 2744 4904 σαρκός.

2588 4942 2717 5022 ᾬδὴ
2753 4952 2821 5004 Z'.
2853 4947 2919 5003 Οἱ
2950 4944 3009 5001 ἐκ
3031 4952 3133 5015 τῆς
3164 4945 3451 5010 Ἰουδαίας.

2270 5050 2570 5125 Βακτηρίαν
2629 5057 2724 5108 τοῦ
2775 5056 2982 5128 γήραος
3048 5054 3123 5116 ὡς
3184 5052 3464 5123 δυνατὴν,
3521 5051 3685 5130 φέρων
3731 5047 3800 5098 τὸν

2198 5146 2339 5205 θεῖον
2408 5143 2656 5214 σταυρόν·
2735 5143 3072 5216 τυπτόμενος
3130 5150 3249 5206 ταῖς
3308 5139 3536 5221 ῥάϐδοις
3580 5131 3801 5221 ἡράδδεξε

2197 5226 2465 5294 εὐσεϐείας
2494 5236 2583 5285 νῦν
2607 5232 2698 5286 καὶ
2720 5235 2754 5303 ἡ
2789 5233 3054 5307 βακτηρία
3084 5255 3184 5287 σου
3356 5231 3449 5287 καῖ
3479 5219 3797 5305 παρεκάλεσέν

2199 5340 2285 5392 με.

2268 5409 2446 5465 Λύκου
2486 5410 2661 5484 στόμα
2717 5412 3036 5489 παμφάγον,
3090 5411 3373 5487 χαλινῷ...
3439 5409 3667 5486 χορηγιῖ
3705 5397 3793 5467 θείῆ

2196 5499 2380 5575 χάριτι
2468 5501 2557 5555 καὶ
2663 5503 2991 5575 νοσημάτων
3084 5500 3261 5578 ἀχλὺν
3335 5498 3464 5575 ατλῃ
3545 5494 3790 5567 θαυμάτων

2194 5587 2365 5650 λύεις.

2269 5675 2730 5755 Συγκλεισάμεναι
2790 5676 3072 5754 λάκκῳ....
3131 5685 3375 5756 γυναῖκες
3412 5721 3425 5748 ,
3477 5676 3598 5736 τοὺς
3649 5670 3782 5743 οὖρεν
