4066 6218
333 357 356 415 4
371 360 476 414 405

1590 374 1891 430 HYMNUS
1926 373 2001 426 IN
2039 375 2098 426 Β.
2138 371 2475 427 BLASIUM.

3597 377 3734 432 1406

333 483 525 546 νίωνας
553 483 680 547 τοὺς
712 485 953 563 μάκαρας
1003 488 1225 556 ἀθλίους
1275 493 1579 571 ἀπέφηναν,
1608 496 1696 550 καὶ
1744 493 1963 555 τούτους

2091 494 2480 550 Lmbecilitatis
2511 479 2850 568 arguerunt,
2884 496 3163 567 ipsosque
3187 499 3522 570 praecipites
3565 501 3728 575 deje-

331 579 413 646 τῷ
466 574 616 648 βυθῷ
661 577 1049 652 καθώρμησαν,
1102 587 1380 654 Μωσαῐκῷ
1426 590 1543 638 κατ’
1592 584 1763 639 αὐτῶν
1819 604 1979 658 τερα·

331 666 662 736 τουργοῦσαι
692 663 901 739 τρύπῳ,

406 751 714 810 Θεοτὸκιον.
774 788 842 796 -
897 759 1014 812 Ἵνα
1054 760 1201 834 σώσῃ
1254 760 1344 815 τὸν
1400 761 1604 836 κόσμον
1663 763 1690 816 ὁ
1742 764 1980 832 Ποιήσας

334 842 428 896 τὸν
483 843 714 915 κόσμον,
771 838 926 917 ὤφθη
989 847 1180 922 βροτὸς
1243 848 1329 904 ἐπὶ
1386 858 1509 926 γῆς·
1569 851 1657 906 καὶ
1713 852 1812 926 γὰρ
1856 873 1976 906 συν-

334 931 640 1009 ανεστράφη
703 933 1010 1007 ἀνθρώποις
1061 936 1444 1014 φιλάνθρωπος
1478 988 1493 1014 ,
1545 941 1756 1015 ὁραθεὶς
1807 936 1976 1004 ὅντως

331 1018 626 1094 ἄνθρωπας
683 1020 733 1075 ἐν
786 1024 855 1094 τῇ
886 1021 1090 1080 δούλου
1124 1031 1307 1105 μορφῇ
1354 1030 1559 1103 μητρὸς
1614 1029 1664 1100 ἐξ

336 1106 490 1186 δρου.

1724 1030 1978 1104 ἀπειράν-

796 1228 924 1300 Ὠδή
959 1235 1040 1289 Η’.
1075 1234 1510 1299 Ἐπταπλασίως.

399 1336 488 1398 Ὠς
520 1334 656 1410 ἁγίῳ
686 1336 956 1410 Πνεύματι
1017 1341 1414 1414 κουφιζόμενος
1449 1389 1464 1412 ,
1501 1342 1697 1399 Βλάσιε
1727 1387 1738 1410 ,
1774 1343 1977 1416 λίμνης

325 1424 411 1479 ἐπὶ
461 1426 646 1480 νώτων
707 1425 966 1504 ἀσφαλῶς
1021 1431 1369 1504 ὀχούμενος,
1427 1432 1664 1504 ἀτρέμας
1721 1428 1973 1494 ἐϐάδισας

326 1515 446 1568 καθ’
473 1515 635 1590 ὑγρὰν
669 1513 796 1570 ὁδὸν
849 1521 928 1588 τῷ
985 1519 1165 1587 παντὶ,
1224 1521 1312 1573 καὶ
1371 1519 1457 1574 ἐπὶ
1517 1527 1721 1590 Λεπτῆς
1779 1520 1974 1598 ἐπιφα-

324 1602 472 1664 νείας
507 1600 713 1658 ὑδάτων
741 1607 1041 1675 κεκάθηκας
1082 1604 1318 1682 ἑδραῖος,
1365 1613 1587 1683 στερεοῦ
1611 1631 1760 1670 τινος
1793 1608 1973 1685 ὥσπερ

326 1688 558 1766 ἔχοντος
595 1691 816 1767 βυθόθεν
844 1695 1025 1768 ἡρέμα
1056 1715 1152 1749 σου
1180 1695 1243 1750 τὸ
1268 1701 1445 1768 σῶμα.

401 1797 756 1873 Ὑλογεώὸεις
797 1797 1000 1876 ἄψυχοι
1060 1802 1108 1855 οἷ
1159 1802 1270 1856 θεοὶ
1320 1803 1756 1878 χρηματίζοιτες
1803 1802 1970 1880 ἄρδην

331 1887 640 1956 ἀπώλεσαν,
693 1889 771 1951 εἲς
825 1891 984 1965 βυθὸν
1031 1889 1343 1960 κατέδυσαν,
1390 1893 1604 1948 κάκεῖνο
1652 1895 1976 1949 πεπόνθασιν

328 1975 463 2050 ὅπερ
513 1976 664 2032 αὐτοὶ
709 1975 1015 2053 δεδράκασι,
1075 1979 1323 2056 ῥίψαντες
1354 1980 1607 2044 πολλοὺς
1672 1982 1776 2037 ὑπὸ
1831 1987 1974 2058 Χρι-

331 2067 456 2120 στὸν
513 2062 767 2138 ποιμένα,
803 2067 876 2128 ὡς
929 2072 1020 2122 νῦν
1077 2071 1202 2131 τοὺς
1258 2071 1586 2142 στρατιώτας
1614 2070 1742 2133 τοὺς
1789 2073 1975 2134 αὐτοῖς

328 2156 690 2223 πεποιθότας,
739 2156 866 2218 τοὺς
925 2153 1092 2218 ὅντῶς
1150 2159 1512 2234 παραπλῆγας
1544 2205 1559 2227 ,
1611 2158 1739 2221 τοὺς
1800 2157 1971 2222 ὅντως

328 2243 606 2314 ἠλιθίους.

401 2334 527 2388 Ἐπί
588 2332 810 2410 ἄντυγος
866 2335 1136 2398 καταπτὰς
1193 2342 1340 2400 θεῖος
1408 2334 1633 2412 ἅγγελος
1705 2336 1971 2407 ἐπικαθη-

330 2425 480 2496 μὲνῳ
499 2428 615 2486 τοῖς
643 2430 744 2492 τῆς
797 2423 997 2496 λίμνης
1048 2423 1222 2492 ὕδασι,
1271 2426 1355 2495 τὸ,
1408 2428 1592 2499 Χαῖρε,
1626 2427 1707 2480 σοὶ
1742 2425 1972 2502 φθέγγε-

323 2533 466 2580 ται,
525 2513 616 2566 καὶ
675 2511 925 2589 γλυκερῷ
1011 2513 1284 2590 φιλήματί
1359 2535 1416 2568 σε
1488 2514 1824 2590 ἐπιχαρίτως
1880 2516 1969 2569 καὶ

328 2603 627 2670 ἀσπάζεται
669 2602 862 2676 λὲγων·
925 2605 1196 2674 Ανάστηθι
1252 2603 1342 2658 καὶ
1400 2601 1578 2676 δεῦρο,
1615 2599 1972 2676 ἀπολάμϐανε

320 2691 537 2766 χαίρων
596 2691 686 2746 τὸν
747 2691 1005 2770 στέφανον
1061 2700 1161 2762 τῆς
1219 2690 1403 2763 δόξης,
1441 2693 1531 2746 τὸν
1592 2691 1676 2744 σοὶ
1733 2694 1969 2763 ἡτοιμα-

320 2778 546 2849 σμένον.

395 2874 494 2937 Γῆ,
552 2869 638 2922 καὶ
700 2867 902 2940 πηλὸς,
961 2870 1048 2922 καὶ
1113 2863 1404 2943 βόρϐορος,
1462 2867 1823 2942 χρηματίζων
1871 2867 1969 2920 τύ-

314 2977 512 3029 ραννος
540 2959 703 3032 γήϊνα
733 2963 919 3036 φρονεῖ
961 2959 1048 3012 καὶ
1097 2958 1334 3030 κοσμικᾶ
1378 2956 1672 3032 λογίζεται·
1722 2957 1784 3010 τὸ
1826 2957 1965 3030 μέγα

309 3046 596 3121 τεράστιον
647 3054 744 3114 τῆς
802 3051 898 3101 τοῦ
960 3048 1198 3121 Χριστοῦ
1257 3044 1557 3118 δυνάμεως,
1615 3043 1835 3117 δαίμοσι
1865 3065 1960 3098 σα-

306 3142 477 3208 προῖς
535 3137 802 3198 ἀνατιθεὶς
853 3137 1156 3197 ἀνιάτως...
1216 3137 1310 3191 τὸν
1368 3137 1469 3212 γὰρ
1528 3133 1697 3198 ὅντως
1757 3134 1959 3208 ὀνομά-

2091 591 2320 652 cerunt,
2357 587 2530 640 Mosis
2561 586 2634 640 ad
2667 587 2856 642 instar
2885 586 3152 658 prodigia
3174 586 3233 641 in
3265 604 3364 642 eos
3397 589 3659 648 edentes.

2162 765 2433 834 Deiparae.
2464 795 2531 805 -—
2564 766 2635 820 Ut
2682 765 2866 820 salvet
2896 765 3185 820 mundum
3217 767 3457 820 Creater
3511 769 3735 841 mundi,

2089 854 2358 908 mortalis
2390 853 2546 908 visus
2579 860 2667 910 est
2700 855 2759 909 in
2801 861 2992 910 terra:
3025 872 3162 910 nam
3204 855 3513 910 hominum
3545 855 3738 911 fautor

2088 944 2386 1014 apparuit,
2433 961 2565 998 vero
2609 945 2785 998 homo
2838 945 3116 1015 probatus
3168 945 3418 1000 formam
3465 945 3614 999 servi
3664 962 3732 999 ex

2087 1037 2275 1087 matre
2307 1033 2526 1105 virgine
2559 1033 2878 1104 accipiens.

2583 1238 2694 1292 Ode
2748 1239 2896 1292 VIII.
2945 1237 3229 1308 Septuplo.

2160 1345 2330 1399 Velut
2359 1350 2562 1400 sancto
2594 1345 2812 1415 Spiritu
2854 1345 3113 1416 adjutus,
3149 1345 3324 1413 Blasi,
3361 1360 3538 1415 super
3567 1345 3730 1400 lacus

2085 1433 2326 1488 dorsum
2361 1450 2565 1488 secure
2599 1434 2772 1497 latus,
2807 1434 3114 1488 interritus
3145 1433 3388 1488 omnino
3421 1434 3727 1488 humidam

2085 1521 2236 1575 viam
2269 1522 2553 1586 incessiti,
2588 1529 2645 1576 et
2675 1522 2937 1575 instabili
2966 1522 3025 1575 in
3063 1538 3230 1591 aqua)
3263 1522 3602 1576 summitate
3629 1523 3729 1575 ﬁr-

2083 1611 2256 1665 miter
2303 1611 2647 1678 consedisti,
2689 1610 2847 1665 haud
2895 1626 3064 1665 secus
3104 1627 3170 1664 ac
3215 1610 3262 1664 si
3312 1626 3526 1681 corpus
3559 1613 3724 1664 tuum

2083 1699 2332 1771 abyssus
2363 1701 2486 1771 ipse
2521 1700 2860 1754 sustineret.

2156 1807 2369 1880 Lignea
2399 1807 2719 1862 simulacra
2755 1823 2886 1878 qua)
2918 1806 3019 1860 Dei
3070 1805 3442 1860 habebantur
3484 1805 3723 1875 penitus

2009 1867 2050 1932 Β
2081 1867 2458 1961 interierunt,
2492 1897 2552 1950 in
2603 1867 2892 1968 gurgitem
2935 1895 3208 1950 demersa
3251 1899 3408 1958 sunt,
3447 1867 3503 1948 et
3533 1894 3721 1965 legem

2083 1987 2394 2041 subierunt
2441 2002 2618 2057 quam
2666 1991 3008 2056 posuerant,
3060 1983 3261 2038 multis
3305 1983 3377 2038 ad
3426 1983 3722 2038 Christum

2080 2082 2380 2146 pastorem
2411 2075 2668 2146 rejectis,
2698 2075 2778 2128 ita
2809 2079 2873 2128 ut
2901 2073 3120 2127 milites
3142 2073 3241 2143 qui
3274 2072 3419 2143 ipsis
3447 2073 3725 2128 inservie-

2077 2164 2242 2234 bant,
2277 2171 2379 2220 aut
2407 2171 2647 2235 stupore
2677 2170 2779 2218 aut
2805 2163 3020 2217 rubore
3050 2163 3504 2217 conﬁcerentur.

2151 2344 2335 2397 Lacus
2365 2341 2544 2397 undis
2575 2339 2935 2395 insidentem
2967 2339 3204 2393 divinus
3253 2338 3498 2410 angelus
3529 2338 3720 2392 valere

2069 2431 2261 2504 jubet,
2292 2436 2349 2485 et
2389 2431 2546 2485 dulci
2589 2429 2791 2485 osculo
2844 2428 3168 2493 blanditur,
3219 2443 3285 2482 ac
3334 2444 3511 2482 curru
3542 2432 3597 2481 te
3630 2443 3720 2481 re-

2075 2521 2302 2592 cipiens
2324 2521 2506 2575 dicit:
2550 2522 2804 2591 Assurge
2836 2525 2893 2573 et
2922 2518 3076 2581 veni.
3110 2518 3306 2587 accipe
3341 2516 3511 2572 lmtus
3554 2532 3723 2571 coro-

2073 2627 2213 2665 nam
2244 2610 2450 2679 gloriaa
2483 2625 2616 2679 qua)
2648 2609 2753 2662 tibi
2784 2614 2990 2678 parata
3021 2612 3129 2663 est.

2140 2880 2336 2942 Terra,
2362 2892 2616 2939 omnum,
2639 2879 2698 2929 et
2720 2874 2897 2928 limus
2921 2891 2933 2941 ;
2964 2873 3063 2944 qui
3096 2875 3336 2926 vocatur
3355 2886 3458 2925 rex
3480 2874 3715 2925 terrena

2070 2967 2252 3022 sentit
2281 2971 2339 3021 et
2370 2965 2670 3020 mundana
2691 2963 2925 3034 cogitat.
2958 2965 3162 3034 Magno
3189 2959 3456 3033 prodigio
3483 2960 3714 3014 virtutis

2068 3056 2280 3111 Christi
2317 3061 2518 3126 turpes
2556 3053 2857 3108 dmmones
2906 3052 3170 3106 funditus
3203 3049 3510 3122 perdidisti
3546 3091 3559 3103 .
3597 3088 3609 3100 .
3649 3091 3660 3104 .
3699 3090 3712 3105 .

2067 3161 2200 3199 vere
2223 3161 2432 3199 vocare
2464 3143 2817 3198 salvatorem
2847 3141 2947 3212 qui
2979 3141 3050 3196 ab
3081 3139 3338 3195 inﬁrmis
3368 3137 3714 3210 parentibus

310 3229 424 3294 ζειν
460 3233 679 3300 σωτῆρα
734 3225 862 3287 τοὺς
919 3223 1392 3300 προαπολωλότας
1449 3226 1538 3279 ὑπ’
1600 3226 1836 3280 ἀσθενῶν
1865 3245 1956 3300 γο-

2091 3235 2331 3291 lamnati
2363 3234 2614 3288 fuerant.

308 3336 472 3369 νεων.

383 3407 692 3460 Θεοτόκιον.
752 3437 818 3446 -
866 3405 954 3467 Ὠς
1010 3405 1244 3475 καθαρὰν
1302 3405 1628 3474 κατοικήσας
1686 3405 1788 3471 τήν
1850 3407 1955 3477 μή-

300 3513 438 3568 τραν
501 3513 596 3547 σευ
659 3495 686 3547 ὁ
746 3494 1094 3568 Δημιουργὸς
1160 3500 1258 3560 τῆς
1316 3493 1663 3564 ἀνθρωπίνης
1724 3493 1956 3570 φύσεως,

299 3581 568 3652 ἐξῴκησε,
617 3581 900 3650 Δέσποινα,
935 3585 1032 3650 τήν
1092 3582 1142 3634 ἓν
1199 3584 1334 3653 ἡμῖν
1391 3581 1685 3651 οἰκήσασαν
1748 3603 1958 3656 προπα-

301 3672 539 3744 τορικήν
601 3670 908 3744 παρθενίαν,
959 3670 1086 3734 τοὺς
1143 3670 1309 3725 πάλαι
1350 3675 1560 3746 πικρῶς
1619 3670 1962 3734 ἀποικισθέν-

303 3780 408 3820 τας
467 3764 563 3814 τοῦ
619 3765 849 3834 τερπνοῦ
907 3757 1235 3835 παραδείσου
1270 3803 1283 3828 ,
1339 3758 1586 3832 ἐνῴκισεν
1661 3759 1714 3815 ἐν
1782 3759 1960 3833 τούτῳ

304 3847 475 3903 αὐτὸν
509 3847 960 3924 δοξολογοῦντας.

743 3961 872 4031 Ὠδή
901 3965 974 4021 Θ’.
1001 3963 1214 4034 Ἐξὲστη
1241 3963 1530 4036 ἐπιτιμῶν.

390 4073 529 4131 Ἰλύῖ
556 4073 644 4129 καῗ
683 4068 936 4147 βορϐόρῳ
987 4075 1284 4146 ἁμαρτιῶν,
1337 4073 1421 4126 οἶα
1480 4077 1673 4146 χοῖρος
1732 4071 1808 4126 Etsi
1840 4093 1958 4126 κοι-

287 4164 642 4235 ’ταζόμενος,
673 4163 763 4216 καὶ
806 4163 897 4217 τὸν
951 4163 1108 4238 ὑγρὸν
1157 4161 1294 4237 βίον,
1327 4163 1422 4228 τὴν
1478 4161 1705 4236 ῥέουσαν
1757 4159 1960 4230 ἡδονὴν

312 4249 576 4320 διώκων,
628 4254 885 4324 ἃρπασμα
931 4253 1224 4325 πρόκειμαι
1277 4255 1355 4321 τῷ
1405 4248 1558 4321 λύκῳ
1610 4254 1690 4322 τῷ
1746 4255 1954 4322 νοητῷ,

311 4341 485 4396 αὐτοῦ
515 4345 648 4395 Θεοῦ
679 4340 1004 4414 θεράποντος
1034 4346 1135 4409 τῆς
1167 4341 1334 4414 θήρας
1377 4335 1688 4410 ἐξελοῦμαι,
1743 4341 1958 4412 μήποτε

311 4432 517 4506 βρῶμα
544 4429 750 4484 τούτων
770 4430 1034 4504 γένωμαι.

384 4517 591 4593 Ὡραῖοί
617 4539 711 4572 σου
770 4518 823 4570 οἱ
871 4514 1051 4586 πόδες,
1108 4517 1370 4592 ἱερουργὲ·
1423 4517 1523 4584 τήν
1569 4516 1793 4591 εἰρήνην
1850 4517 1953 4590 γὰρ

2141 3417 2407 3483 Deiparae.
2449 3441 2512 3452 --
2549 3408 3055 3476 Quemadmodum
3091 3407 3191 3478 qui
3215 3407 3508 3478 integrum
3543 3411 3706 3461 tuum

2067 3510 2301 3560 uterum
2333 3501 2615 3556 habitavit
2646 3500 2922 3553 humanae
2953 3501 3178 3550 naturai
3226 3495 3525 3564 Conditor,
3559 3495 3711 3566 pris-

2069 3596 2254 3648 tinam
2286 3608 2416 3661 quze
2448 3589 2619 3644 nobis
2651 3589 2842 3642 inerat
2872 3585 3268 3658 integritatem
3292 3585 3572 3647 restituit,
3603 3584 3705 3650 ita,

2069 3688 2208 3738 sunt
2263 3680 2406 3734 illuc
2436 3679 2579 3733 olim
2625 3695 2693 3733 ex
2742 3675 3142 3731 amcenissimo
3191 3673 3464 3745 paradiso
3515 3673 3709 3746 ejecti,

2069 3772 2339 3840 Domina,
2374 3769 2475 3841 qui
2512 3768 2746 3824 reduxit
2775 3768 2969 3839 ipsum
3000 3764 3390 3820 celebrantes.

2413 3977 2524 4032 Ode
2551 3975 2647 4029 IX.
2695 3971 2905 4028 Eztitz’t
2942 3970 3361 4042 reprehendens.

2141 4080 2303 4134 Limo
2337 4083 2393 4132 et
2413 4093 2578 4132 casno
2605 4078 2981 4145 peccatorum
3003 4087 3110 4125 ceu
3132 4085 3347 4140 porcus
3368 4066 3703 4136 indulgens,

2068 4175 2127 4224 et
2158 4169 2332 4222 vitam
2378 4166 2667 4220 lubricam
2718 4167 2775 4216 et
2822 4161 3180 4230 voluptatem
3231 4155 3530 4227 fugitivam
3563 4154 3706 4208 aﬂ‘e—

2067 4264 2254 4322 ctans,
2287 4255 2486 4326 praeda
2517 4253 2738 4307 habeor
2769 4250 2891 4320 lupi
2926 4247 3250 4320 spiritalis;
3285 4244 3387 4299 Dei
3426 4241 3701 4314 praesidio

2065 4363 2098 4401 a
2128 4346 2252 4400 fera
2282 4343 2500 4398 liberer
2530 4359 2603 4396 ne
2635 4341 2805 4394 istius
2836 4337 3122 4409 pabulum
3155 4333 3398 4389 effloiar.

2135 4521 2392 4591 Speciosi
2416 4519 2595 4591 pedes
2615 4519 2718 4585 tui,
2748 4513 3120 4570 sanctissime
3143 4531 3155 4578 ;
3181 4527 3317 4566 nam
3343 4525 3545 4581 pacem
3569 4524 3700 4579 quae

305 4609 416 4675 τήν
447 4607 814 4682 ὑπερέχουσαν
870 4607 1074 4660 ἅπαντα
1113 4610 1259 4668 νοῦν,
1291 4605 1376 4659 καῖ
1435 4607 1503 4659 τὰ
1565 4606 1695 4676 ὑπὲρ
1751 4602 1951 4659 ἔννοιαν

2100 4616 2376 4681 XSUperat
2397 4624 2632 4662 omnem
2666 4621 2929 4666 sensum,
2953 4609 3011 4657 et
3037 4617 3294 4672 superna
3314 4599 3467 4653 bona
3496 4597 3705 4670 prsidi-

304 4697 488 4772 ἀγαθὰ
541 4696 895 4772 εὐαγγελίσω,
955 4696 1172 4765 Βλάσιε,
1224 4697 1431 4770 βήματι
1486 4694 1772 4769 τυράννου,
1815 4713 1951 4768 παρ-

307 4787 559 4857 εστηκὼς
584 4785 638 4842 ἐν
671 4783 823 4841 ὕδασι
882 4783 1117 4848 πολλοῖς
1174 4806 1231 4839 τε
1287 4784 1379 4847 τὰς
1434 4779 1654 4860 τρίϐους
1687 4783 1952 4854 ἐποιήσω,

299 4878 398 4933 καὶ
431 4875 532 4930 οὐκ
561 4875 899 4952 ἐγνώσθησαν
930 4875 997 4929 τὰ
1024 4872 1152 4949 ἴχνη
1199 4894 1311 4928 σου.

379 4967 484 5022 Καὶ
546 4960 761 5034 ἕπνιξας
818 4964 1026 5038 ἀγχόνῃ
1107 4967 1215 5017 τῶν
1274 4967 1536 5032 νηστειῶν
1625 4960 1950 5037 λαιμαργίαν

301 5056 519 5126 Θηρίων
583 5053 902 5124 ἀκόρεστον,
961 5050 1197 5107 σκύλλαν
1259 5053 1492 5126 πικρὰν,
1555 5048 1716 5126 ὕδραν
1775 5050 1955 5106 πολυ-

305 5143 572 5216 κέφαλον,
633 5143 886 5213 μυθικήν·
939 5139 1175 5203 ἐντεῦθεν
1228 5139 1388 5214 χάριν
1447 5137 1679 5212 εἴληφας
1708 5141 1772 5193 τὰ
1819 5140 1954 5192 κατᾶ

301 5236 399 5290 τὸν
460 5233 680 5307 θώρακα
726 5230 816 5284 καὶ
879 5230 1079 5302 λαιμὸν
1128 5230 1449 5305 πηγνύμενα
1509 5229 1664 5284 ὁστὲα
1720 5228 1950 5300 ἐξέλκειν

302 5320 594 5383 ἀνωδύνως
627 5319 743 5391 θείᾳ
772 5318 1106 5396 προσψαύσει
1140 5323 1247 5372 τῶν
1279 5317 1548 5393 λειψάνων
1584 5339 1701 5373 σου.

381 5565 394 5577 .
432 5565 444 5577 .
483 5565 495 5576 .
532 5564 545 5577 .
579 5515 739 5582 όδους
769 5514 1010 5593 ὃιαρτίας
1046 5516 1372 5592 μεταλαχὼν
1407 5514 1750 5587 ἐπαλλήλοις
1783 5515 1951 5573 πάλαι

300 5611 634 5680 νοσήμασιν,
663 5603 840 5661 ἕλκων
877 5605 1018 5674 ζωὴν
1074 5603 1560 5676 πολυπαοεστάτην
1608 5605 1696 5659 καὶ
1734 5617 1950 5680 μοχθη-

301 5698 423 5778 ράν·
456 5697 520 5751 τὸ
551 5698 654 5772 γὰρ
685 5701 783 5766 τῆς
816 5693 955 5766 ὕλης
979 5735 991 5749 .
1027 5738 1040 5752 .
1077 5738 1090 5753 .
1127 5741 1140 5756 ,
1173 5715 1300 5750 κτον
1353 5698 1583 5752 πάντοτε
1625 5689 1947 5774 φερόμενον,

2065 4701 2232 4764 casti,
2270 4699 2460 4763 Blasi;
2495 4714 2692 4752 coram
2753 4711 2907 4766 rege,
2941 4693 3094 4747 viam
3137 4691 3243 4744 tibi
3293 4705 3470 4760 super
3517 4703 3704 4758 aquas

2064 4789 2309 4860 parasti,
2341 4804 2449 4842 nec
2476 4787 2882 4857 apparuerunt
2909 4780 3152 4853 vestigia
3174 4784 3291 4833 tua.

2136 4968 2365 5037 Laqueo
2418 4961 2798 5036 transgulasti
2859 4957 3256 5014 insatiabilem
3313 4954 3704 5011 esurientium

2062 5056 2321 5112 ferarum
2361 5053 2700 5126 ingluviem,
2753 5049 2999 5120 scyllam
3049 5045 3397 5113 terribilem,
3454 5043 3701 5116 hydram

2055 5147 2227 5219 juxta
2258 5144 2485 5199 fabulas
2515 5141 2719 5196 multis
2767 5138 3059 5210 capitibus
3103 5137 3488 5198 instructam;
3545 5132 3702 5188 unde

2062 5235 2311 5308 gratiam
2360 5231 2634 5302 accepisti
2677 5245 2811 5283 ossa
2841 5227 3065 5296 absque
3116 5225 3317 5280 dolore
3367 5222 3700 5294 expellendi

2063 5324 2285 5395 pectori
2319 5326 2376 5376 et
2403 5319 2621 5390 gutturi
2672 5318 2872 5382 inﬁxa,
2906 5315 3101 5370 divino
3132 5313 3520 5384 reliquiarum
3569 5317 3704 5366 tua-

2063 5431 2196 5470 rum
2229 5416 2523 5468 contactu.

2067 5564 2080 5580 .
2127 5563 2139 5576 .
2187 5563 2199 5575 .
2244 5561 2256 5573 .
2303 5561 2315 5573 .
2362 5559 2373 5571 .
2420 5559 2431 5571 .
2475 5557 2487 5571 .
2523 5513 2822 5570 continuis
2857 5514 2984 5585 jam
3025 5510 3256 5582 pridem
3289 5510 3510 5567 morbis
3541 5509 3696 5564 afﬂi-

2062 5618 2210 5674 ctus,
2227 5609 2403 5664 vitam
2425 5607 2589 5661 traho
2614 5604 3009 5659 miserrimam
3025 5602 3534 5657 etdifﬁcillimam.
3552 5601 3692 5653 Nam

2062 5699 2332 5758 carnales
2363 5699 2608 5754 aﬂ‘ectus
2657 5696 2772 5750 huc
2812 5693 3071 5764 illucque
3119 5694 3300 5748 invita
3345 5693 3540 5746 mente
3571 5686 3692 5754 agi-
