4048 6210
448 318 590 383 1407
1970 332 2046 385 AI

2171 331 2341 399 κω.
3660 347 3769 404 uos

438 446 567 514 tati,
600 465 694 506 me
725 450 1202 512 circumveniunt
1244 457 1746 529 opprimuntque;
1785 456 2036 513 doloribi

2205 450 2561 525 πλημμελῶς
2590 457 2688 508 τοῦ
2717 458 2833 524 νοῦ,
2864 463 3156 537 πολιορκεῖ
3186 478 3273 532 με,
3304 460 3529 539 σφοδρῶς
3561 489 3619 541 με
3644 490 3775 531 κατα.

450 539 653 595 multis
684 541 933 597 crucior.

2208 542 2436 618 τρύχον,
2466 541 2705 605 πολλαῖς
2738 542 2968 607 ὠδῦναις
3001 546 3168 603 ἀπολ.
3202 593 3214 605 .
3253 593 3264 604 .
3296 594 3307 605 .

517 628 678 683 Alios
711 630 959 685 sanandi
986 633 1037 686 vi
1070 634 1311 705 gaudes,
1344 636 1613 708 prodigia
1662 637 1947 707 operandi
1979 636 2092 689 vir-

2280 636 2394 687 Τῶν
2430 632 2674 705 ἰαμάτων
2707 628 2850 708 ἔχων
2906 637 3089 711 πηγήν
3147 637 3220 698 ὡς
3277 640 3541 713 θαυμάτων
3578 646 3779 723 πλουτή-

448 721 631 771 tatem
657 733 691 772 a
722 719 839 773 Deo
861 719 1130 791 adeptus,
1165 724 1476 793 praemium
1508 724 1833 780 illustrium
1858 730 2046 778 tuorui

2210 742 2303 784 σας
2335 720 2605 796 ἐνέργειαν
2640 721 2727 777 ἐπὶ
2778 728 2934 792 Θεοῦ,
2966 720 3202 789 ἔπαθλον
3248 733 3352 783 τῶν
3400 732 3565 794 ἄθλων
3593 758 3673 792 σου
3697 719 3776 798 τῶν

444 806 867 874 certaminum;
896 809 1204 865 vulnerum
1220 816 1484 868 tumores
1513 818 1570 867 et
1595 814 1849 884 gutturis
1868 813 2042 867 inflan

2212 816 2441 881 σεπτῶν,
2496 812 2560 867 τὰ
2614 817 2721 867 τῶν
2775 815 3029 887 τρώσεων
3092 816 3454 892 πιρῥώματα,
3501 824 3579 877 καὶ
3626 827 3702 889 τὰς
3741 830 3776 885 ὲν

442 894 732 949 mationes
763 896 890 951 sine
924 897 1126 954 dolore
1167 902 1510 973 restinguis,
1546 919 1907 974 prorsusque
1934 902 2039 955 toll

2212 902 2290 973 τῷ
2322 901 2559 993 λαρλυγγι
2588 900 2897 993 φλεγμονὰς
2932 902 3227 976 μαλάσσεις
3277 905 3563 983 ἀνωδυνως,
3601 918 3776 993 notaui.

440 984 665 1053 potenti
697 989 795 1038 tua
827 1002 985 1040 cura.

2216 996 2323 1061 ζεις
2355 988 2672 1059 λεληθότως
2701 990 3033 1054 ἐπιστασίαις
3055 1014 3172 1049 σου.
3210 1039 3223 1051 .
3255 1039 3266 1050 .
3304 1039 3315 1051 .
3348 996 3580 1060 κώδεσιν,

511 1073 695 1136 Quam
714 1074 960 1129 Domino
984 1076 1297 1147 profudisti
1324 1096 1581 1150 precem,
1608 1083 1801 1145 Pater,
1829 1086 2094 1151 tempore

2280 1082 2383 1135 "Hv
2426 1077 2572 1149 ηὔξω
2628 1084 2705 1151 τῷ
2763 1080 3030 1154 Δεσπότῃ,
3092 1083 3284 1159 Πάτερ,
3343 1087 3506 1161 εὐχὴν
3561 1089 3607 1144 ἐν
3649 1104 3782 1169 καιρῷ

436 1159 712 1216 interitus
743 1163 851 1230 tui,
886 1169 944 1218 et
991 1183 1149 1220 nunc
1182 1168 1472 1237 profunde
1519 1175 1583 1224 ut
1634 1171 2028 1224 intercessore

2203 1173 2283 1240 τῷ
2312 1176 2413 1239 τῆς
2450 1176 2551 1237 σῆς
2580 1168 2916 1232 τελειώσεως
2953 1215 2966 1238 ,
2999 1170 3167 1247 εὔχου
3219 1173 3307 1227 καὶ
3338 1179 3424 1228 νῦν
3458 1222 3471 1247 ,
3519 1179 3647 1242 ὅπως
3672 1159 3784 1239 ἇντᾲ

437 1254 492 1303 te
526 1250 848 1307 habeamus
883 1255 983 1324 qu‘i
1032 1261 1086 1309 te
1142 1257 1523 1323 invocamus;
1584 1261 1658 1315 Te
1719 1260 2035 1314 inveniami

2208 1256 2462 1330 λήπτορα
2495 1256 2713 1332 ἔχωμεν
2773 1260 2824 1313 o't
2885 1260 2942 1313 σὲ
3000 1259 3442 1334 ἐπικαλούμενοι·
3499 1263 3693 1342 ἔχοιμεν
3717 1277 3780 1328 καὶ

434 1339 846 1395 auxiliatorem
870 1348 930 1396 et
964 1343 1343 1399 liberatorem
1371 1347 1429 1401 in
1453 1348 1777 1413 doloribus,
1807 1350 1867 1402 in
1900 1365 2032 1403 nece

2208 1346 2406 1422 ρύστην
2460 1349 2549 1401 καὶ
2606 1348 2808 1421 βοηθὸν
2859 1349 2909 1403 ἐν
2971 1346 3191 1417 λύπαις,
3239 1348 3291 1405 ἒν
3330 1339 3678 1427 ἀνάγκαις,ὴῇ
3719 1362 3784 1416 ws.

438 1429 731 1493 sitati'bus,
786 1432 845 1486 in
898 1434 1122 1489 morbis
1166 1438 1470 1506 periculis,
1531 1440 1591 1494 in
1647 1439 2036 1495 discriminib1

2000 1455 2097 1494 )us
2209 1457 2345 1507 σοις,
2379 1435 2431 1491 ἐν
2458 1433 2748 1503 κινδύνοις,
2782 1434 3071 1512 διαφοραῖς
3096 1439 3187 1495 καὶ
3220 1442 3598 1515 περιστάσεσιν.

437 1523 495 1571 et
523 1518 1050 1577 vicissitudinibus.

508 1606 776 1677 Deiparm.
806 1641 873 1651 —
906 1610 1265 1668 Salvatorem
1301 1620 1358 1669 et
1388 1616 1705 1671 Dominum
1758 1624 1815 1672 et
1847 1618 2093 1673 Libera-

2268 1614 2578 1671 Θεοτόκιον.
2629 1649 2701 1659 -
2758 1623 2991 1692 Σωτῆρα
3066 1618 3156 1672 καὶ
3235 1619 3507 1692 Δεσπότην
3578 1625 3657 1681 καὶ
3706 1636 3786 1683 Au.

437 1701 625 1751 torem
652 1714 783 1768 qua)
814 1706 1028 1769 praeter
1058 1709 1342 1767 mentem,
1378 1711 1435 1759 et
1456 1707 1774 1773 rationem,
1799 1713 1858 1762 et
1877 1709 2032 1779 cogit

2194 1707 2407 1781 τρωτὴν
2444 1706 2572 1780 ὑπὲρ
2606 1704 2774 1780 λόγον
2802 1706 2890 1761 καὶ
2922 1710 3046 1761 νοῦν
3076 1708 3168 1762 καὶ
3200 1706 3465 1781 διάνοιαν,
3491 1715 3665 1777 πάθος.
3696 1762 3707 1774 .
3735 1760 3745 1773 .
3768 1758 3780 1777 ι

438 1788 662 1843 tionem
680 1790 1565 1860 carnalitergenuisti,Domina,
1584 1796 1655 1851 ab
1673 1797 1982 1853 affectibus
1995 1815 2036 1851 π

2199 1794 2482 1860 Δέσποινα,
2540 1799 2768 1849 τεκοῦσα
2824 1801 3172 1867 σωματικῶς,
3233 1797 3293 1853 ἐκ
3336 1804 3441 1854 τῶν
3501 1807 3666 1867 παθῶν
3710 1827 3786 1877 μου

434 1876 621 1931 libera
652 1880 916 1949 corporis
948 1887 1006 1935 et
1036 1882 1217 1936 animi
1247 1901 1259 1949 ;
1287 1884 1594 1941 circumda
1624 1887 1773 1940 mihi
1806 1888 2032 1942 amictu:

2198 1884 2353 1961 ῥῦσαί
2410 1905 2476 1956 με
2526 1888 2635 1938 τῶν
2692 1889 3018 1957 σωματικῶν
3076 1887 3167 1940 καὶ
3225 1892 3335 1943 τῶν
3407 1876 3787 1965 ψυχικῶνοίιισί

434 1966 617 2022 divini
643 1968 847 2024 auxilii
872 1987 886 2035 ;
911 1971 1070 2026 salva
1098 1987 1213 2041 me,
1250 1973 1418 2047 Virgo
1446 1976 1653 2031 mundi
1686 1976 2013 2032 liberatrix.

2199 1974 2345 2039 θείας
2378 1975 2635 2049 βοηθείας
2676 1972 2878 2042 στολὴν
2929 1970 3326 2049 περιϐαλοῦσα,
3361 1978 3529 2035 σῶσόν
3563 2001 3640 2053 με,
3666 1984 3782 2056 Κόρη

2193 2064 2625 2138 κοσμοσώτειρα.

1483 2310 1566 2394 S.
1627 2307 1822 2395 JOA
1846 2311 1901 2393 Ν
1922 2310 2089 2393 NIS
2152 2309 2779 2396 DAMASCENI

836 2471 1807 2603 FRAGMENTA
1915 2476 2071 2600 IN
2169 2476 2289 2605 S.
2394 2469 3429 2613 MATTHIEUM*

1386 2698 1495 2769 (Ea:
1527 2699 1732 2754 Catena
1765 2701 1961 2755 Nicetz
1996 2699 2179 2756 Balth.
2222 2700 2487 2759 00rdin
2524 2701 2868 2773 interprete.)

497 2958 630 3034 gn):
648 2956 775 3023 XII,
810 2961 917 3034 i_._«
938 2960 1003 3034 In
1034 2960 1139 3034 illo
1162 2964 1428 3031 tempore
1461 2961 1606 3015 abiit
1623 2963 1791 3016 Jesus
1814 2977 1921 3032 per
1946 2966 2072 3017 sata

2251 2959 2409 3034 _«‘:Ev
2468 2957 2659 3034 ἐμείνῳ
2704 2962 2783 3031 τῷ
2824 2962 3000 3034 καιρῷ
3048 2958 3326 3034 ἐπορεύθη
3380 2960 3409 3014 6
3457 2962 3652 3034 Ἰησοῦς
3697 2962 3785 3034 τοῖς

499 3029 789 3114 Sabbato‘:
825 3030 1101 3113 discipuli
1134 3026 1329 3114 autem
1353 3034 1482 3114 ejus
1515 3026 1845 3089 esurientes
1877 3050 2068 3104 cmpe-

2186 3026 2428 3114 ξιάᾷϐασι
2484 3028 2572 3086 διὰ
2626 3026 3221 3114 τιῶνὐσπορίμων,.ςόἰ
3273 3026 3335 3086 δὲ
3383 3026 3611 3114 μαθηταὶ
3660 3030 3784 3114 mito?

498 3108 639 3159 runt
664 3102 882 3157 vellere
915 3100 1126 3175 spicas,
1160 3110 1218 3160 et
1246 3100 1578 3161 comedere.
1615 3128 1641 3153 ››
1968 3100 1983 3104 “

2185 3101 2462 3229 ξπεὲνασαν
2498 3145 2512 3171 ,
2578 3102 2666 3156 καὶ
2758 3100 2991 3176 ἤρξαντο
3078 3100 3299 3158 τίλλειν
3386 3100 3657 3179 στάχυας,
3716 3100 3783 3155 καὶ

2185 3185 2271 3238 εσθ
2300 3195 2457 3232 ειν.»

495 3301 564 3354 Et
593 3316 794 3355 servus
826 3306 981 3366 tuus,
1018 3301 1230 3372 inquit,
1265 3307 1323 3356 et
1347 3302 1653 3375 subjugale
1706 3303 1767 3359 in
1816 3302 2070 3356 Sabbato

2252 3296 2353 3352 Καὶ
2386 3293 2636 3357 ὁδοῦλός
2694 3316 2811 3366 σου,
2870 3295 3024 3373 φησὶ,
3082 3293 3173 3350 καὶ
3226 3294 3295 3349 τὸ
3359 3294 3639 3371 ὑποζύγιον
3666 3294 3781 3364 ἐνςῷ

427 3390 802 3461 requiescet:
839 3390 897 3445 id
946 3396 1054 3457 est,
1087 3391 1501 3447 hebdomadali
1552 3393 1661 3447 hac
1692 3393 1831 3457 vita,
1866 3392 2025 3463 subjt

2186 3381 2450 3458 Σαϐϐάτῳ
2508 3386 2943 3455 ἀναπαυθήσεται
2980 3405 2991 3417 ’
3053 3386 3331 3440 τουτέστιν
3361 3430 3376 3455 ,
3435 3383 3486 3439 ἐν
3541 3389 3615 3456 τῷ
3664 3378 3784 3436 ἐϐδο-

423 3478 550 3551 gale
583 3478 823 3548 quidem
870 3480 1036 3549 quasi
1083 3496 1297 3551 corpus
1328 3498 1361 3536 a
1392 3481 1670 3536 servitute
1718 3482 1943 3552 peccati
1976 3498 2021 3535 ι’(

2184 3481 2399 3550 ματικῷ
2456 3474 2634 3547 τούτῳ
2695 3476 2839 3550 βίῳ·
2896 3475 2972 3536 ὡς
3042 3473 3136 3547 μὲν
3196 3473 3498 3550 ὀποζῦγίον
3553 3476 3609 3527 τὸ
3661 3476 3782 3543 σῶμα

426 3567 711 3637 quiescet,
762 3568 974 3623 divinis
1032 3574 1229 3624 autem
1272 3570 1565 3625 mandatis
1614 3571 1935 3636 inserviet;
1982 3570 2024 3624 i1

2185 3569 2274 3634 τῆς
2333 3562 2583 3626 δουλείας
2638 3571 2736 3633 τῆς
2797 3562 3063 3637 ἁμαρτίας
3151 3566 3515 3634 παυθήσετςττ·
3596 3568 3697 3624 ταῖς
3741 3557 3783 3614 δὲ

425 3672 558 3710 vero
593 3662 650 3709 et
675 3658 1177 3728 concupiscentia,
1213 3664 1494 3730 tanquam
1545 3676 1744 3716 servus
1789 3660 2023 3730 requies

2182 3655 2344 3716 θείαις
2403 3653 2650 3718 ἐντολαῖς
2724 3652 3179 3727 ἐξυπηρετήσεται
3213 3672 3224 3682 ·
3299 3654 3376 3715 ὡς
3436 3650 3493 3707 δὲ
3547 3649 3780 3712 δοῦλοςὸ

423 3750 536 3809 cet,
570 3746 687 3799 Deo
734 3753 931 3801 autem
963 3765 1167 3803 vacare
1191 3749 1535 3820 jubebitur:
1584 3750 2021 3821 concupiscenti

2182 3744 2346 3816 θυμὸς
2376 3745 2463 3797 καὶ
2516 3741 2794 3816 ἐπιτυμία,
2851 3748 2951 3809 τῆς
3016 3742 3110 3814 μὶν
3170 3743 3451 3814 ἁμαρτίας
3482 3740 3780 3806 κατακαυθή-

426 3833 666 3904 quidem
698 3834 893 3888 omnis
926 3836 997 3889 ad
1030 3837 1211 3889 Deum
1246 3838 1517 3903 tendens,
1552 3839 1639 3893 ira
1668 3856 1828 3907 vero,
1860 3844 2024 3893 contr

2178 3854 2343 3905 σεται,
2398 3833 2477 3905 τῴ
2532 3829 2587 3886 δὲ
2645 3836 2759 3903 Θεῷ
2809 3829 3100 3906 σχολάζειν
3156 3830 3661 3907 ἐπιτραπήσεταγή
3707 3827 3776 3900 μὲν

425 3938 525 3978 eos
558 3922 657 3992 qui
692 3923 872 3979 Deum
909 3931 1271 3997 oppugnant,
1306 3932 1534 3981 armata
1562 3930 1654 3998 (1).

2181 3921 2433 3995 ἐπιθυμία
2493 3922 2626 3995 πρὸς
2683 3921 2812 3975 Θεὸν
2872 3918 3050 3975 ἅπασα
3102 3922 3424 3993 τεινομένη,
3477 3922 3503 3976 ὁ
3551 3918 3601 3975 δὲ
3646 3919 3779 3990 θυμὸς

2172 4012 2309 4067 κατὰ
2336 4015 2444 4065 τῶν
2476 4014 2571 4065 τοῦ
2594 4012 2726 4064 Θεοῦ
2750 4006 3075 4083 δυσμενειῶν
3110 4007 3507 4083 ὁπλιζόμενος.

493 4102 665 4156 XVII.
714 4104 764 4155 2.
826 4104 946 4156 «Et
977 4104 1426 4176 transfiguratus
1486 4109 1575 4159 est
1632 4110 1766 4160 ante
1816 4120 1937 4160 eos.
1998 4106 2066 4157 Et

2248 4126 2274 4151 ‹‹
2310 4101 2409 4156 Καὶ
2453 4099 2854 4174 μετεμορφώθη
2890 4097 3193 4172 ἔμπροσθεν
3246 4100 3452 4155 αὐτῶν.
3499 4097 3597 4155 Καὶ
3644 4094 3783 4169 ἔλαμ-

422 4190 793 4261 resplenduit
838 4191 1017 4248 facies
1060 4194 1189 4264 ejus
1221 4194 1373 4248 sicut
1412 4194 1538 4259 sol;
1571 4194 1922 4249 vestimenta
1951 4209 2020 4247 au

2184 4191 2242 4262 iis
2270 4189 2332 4242 τὸ
2364 4188 2655 4262 πρόσωπον
2680 4184 2870 4257 αὐτοῦ,
2894 4186 2966 4248 ὡς
2987 4187 3014 4241 6
3036 4184 3217 4256 ἥλιος
3251 4187 3323 4242 τὰ
3356 4185 3413 4242 δὲ
3443 4186 3624 4259 ἱμάτια
3650 4184 3782 4240 αὖτοῦ

421 4284 540 4334 tem
574 4280 701 4350 ejus
731 4280 868 4335 alba
892 4280 1047 4336 facta
1077 4287 1233 4349 sunt,
1268 4282 1419 4337 sicut
1452 4283 1573 4337 nix.
1610 4304 1636 4331 »

1467 4283 1573 4337 lix.
1610 4304 1636 4331 »
2098 4336 2139 4352 ἢ
2176 4273 2460 4352 ὲγένοδντο
2489 4274 2755 4345 λευκᾶ,ὡς
2784 4276 2847 4329 τὸ
2869 4279 3001 4350 φῶς.
3040 4299 3065 4325 »ι

491 4368 963 4440 Transﬁguratur
1010 4371 1295 4425 Dominus
1329 4413 1342 4437 ,
1395 4388 1515 4425 non
1568 4368 1725 4442 quod
1772 4386 1891 4425 non
1941 4376 2067 4426 erat

2216 4336 2698 4442 'Merapopzpob'mt
2733 4365 2761 4418 6
2829 4336 3028 4438 K6ptoc
3075 4365 3207 4439 οὐχ,
3261 4366 3292 4419 ὃ
3352 4365 3455 4419 οὐκ
3508 4367 3592 4432 ἦν,
3641 4382 3779 4435 προσ·

416 4473 750 4523 assumens,
801 4458 902 4514 sed
963 4458 1121 4529 quod
1170 4465 1296 4514 erat
1342 4460 1664 4515 ostendens
1713 4459 2014 4530 discipulis

2181 4450 2505 4528 λαϐόμενος,
2541 4451 2663 4509 ἀλλ’
2704 4454 2836 4527 ὅπερ
2886 4453 2952 4521 ἦν
3009 4458 3127 4515 τοῖς
3192 4460 3470 4525 μαθηταῖς
3499 4452 3779 4531 ἐκφαινόμε-

417 4553 476 4602 et
506 4546 780 4618 splendet
809 4547 990 4603 facies
1035 4548 1162 4618 ejus
1211 4549 1363 4602 sicut
1389 4548 1475 4603 sol
1519 4550 1534 4621 (
1569 4550 1699 4603 luce
1740 4548 1898 4602 enim
1948 4549 2015 4602 ali

2183 4567 2286 4617 mc,
2349 4546 2435 4600 καὶ
2502 4544 2706 4617 λάμπει
2759 4544 2820 4598 τὸ
2878 4544 3174 4618 πρόσωπον
3229 4544 3401 4600 αὐτοῦ
3458 4546 3532 4607 ὡς
3585 4546 3612 4598 6
3653 4542 3781 4611 ἥλιος

415 4637 688 4692 clarescit
719 4637 1046 4692 secundum
1080 4638 1467 4710 hypostasim)
1495 4656 1506 4705 ;
1544 4639 1696 4693 sicut
1720 4638 1822 4691 nix
1865 4643 2013 4692 aute]

2179 4635 2334 4712 [φωτὶ
2394 4634 2492 4709 γὰρ
2552 4630 2710 4705 ἄλλῳ
2790 4639 3091 4702 ταυτιζεται
3150 4636 3267 4688 καθ’
3345 4634 3646 4705 ὑπόστασιν)

417 4725 730 4781 albescunt
784 4725 1119 4781 aecundum
1180 4728 1437 4781 Marcum
1495 4727 1624 4798 ejus
1677 4727 2015 4781 vestimenta

2178 4727 2245 4787 ὡς
2306 4722 2363 4779 δὲ
2421 4724 2560 4799 χιὼν
2617 4722 2954 4778 λευκαίνεται
3006 4724 3144 4777 κατᾶ
3199 4723 3430 4800 Μάρκον
3470 4725 3539 4778 τὰ
3584 4724 3776 4796 ἱμάτια.

417 4815 668 4870 amictus
699 4815 859 4869 enim
895 4816 1100 4870 habitu
1142 4816 1525 4886 gloriﬁcatur,
1551 4833 1673 4871 non
1706 4816 1924 4871 unione
1956 4817 2015 4887 hj

2176 4810 2451 4889 Περιϐολὴ
2485 4813 2587 4888 γὰρ
2633 4810 2909 4885 δοξάζεται
2960 4810 3167 4887 σχέσει,
3209 4813 3325 4889 οὐχ
3383 4812 3564 4869 ἐνώσιι
3600 4814 3662 4886 τῇ
3688 4808 3774 4864 καθ’

414 4904 721 4976 postatica.
761 4904 829 4959 Ut
876 4921 1010 4959 vero
1054 4904 1162 4969 sol,
1192 4921 1345 4959 unus
1378 4922 1512 4959 cum
1540 4905 1635 4972 sit,
1688 4904 1835 4959 duas
1883 4904 2012 4959 habe

2179 4903 2494 4959 ὑπόστασιν.
2548 4903 2751 4976 ’Ὠσπερ
2807 4900 2865 4956 δὲ
2919 4902 2947 4956 6
3006 4900 3171 4971 ἣλιος
3225 4903 3300 4963 εἷς
3362 4902 3532 4965 ἐστιν,
3589 4899 3688 4976 ἔχει
3736 4895 3777 4951 δὲ

415 4992 798 5059 substantias,
845 4993 1074 5048 scilicet
1118 5010 1301 5048 unam
1335 4994 1504 5055 lucis,
1532 5012 1662 5064 quas
1708 4994 1871 5065 prior
1908 4994 2013 5049 fact

2176 4990 2357 5054 οὐσίας
2412 4988 2533 5061 δύο,
2593 4995 2693 5045 τοῦ
2748 5011 2807 5045 τε
2863 4991 3063 5068 φωτὸς,
3096 4991 3343 5067 ὃγὲγονε
3397 4991 3669 5066 πρότερον,
3708 4986 3774 5039 καὶ

414 5089 521 5151 est,
583 5088 641 5138 et
697 5083 945 5139 alteram
1003 5083 1269 5155 corporis
1327 5083 1625 5138 creatione
1674 5084 2012 5155 posterioris

2172 5081 2263 5136 τοῦ
2293 5085 2361 5154 τῇ
2405 5081 2576 5136 κτίσει
2626 5078 3066 5156 ἐφυπερίζοντος
3121 5082 3407 5153 σώματος,
3470 5078 3540 5135 δι’
3590 5072 3770 5132 ὅλουδὶ

408 5189 513 5244 per
540 5178 725 5228 totum
757 5178 956 5228 autem
1017 5190 1229 5244 corpus
1262 5172 1362 5226 lux
1396 5190 1517 5227 non
1549 5173 1781 5228 divisim
1830 5174 2001 5227 unitu

2172 5174 2265 5225 τοῦ
2315 5170 2571 5243 σώματος
2624 5169 2686 5223 τὸ
2747 5172 2861 5245 φῶς
2918 5166 3241 5244 ἀδιαιρετως
3301 5169 3530 5239 ἥνωται,
3582 5168 3659 5222 καὶ
3700 5164 3770 5218 τοό

406 5278 475 5317 ac
507 5279 752 5333 corpore
786 5268 1065 5318 manente
1134 5263 1234 5317 lux
1266 5262 1543 5317 omnibus
1576 5268 1747 5317 terrae
1787 5262 2004 5334 partibl

2173 5259 2425 5333 σώματος
2461 5260 2740 5333 μένοντος,
2767 5258 2829 5312 τὸ
2878 5261 2994 5334 φῶς
3040 5262 3170 5312 πᾶσι
3213 5265 3316 5328 τῆς
3349 5265 3459 5333 γῆς
3489 5255 3771 5334 ἐφαπλοῦτσι

477 5387 497 5407 ‘
532 5385 851 5455 Vestiganti
882 5389 1029 5442 mihi
1061 5387 1392 5459 fragmenta
1412 5387 1538 5443 haac
1568 5387 1809 5442 nonnisi
1843 5388 2165 5459 excerptim
2198 5388 2259 5442 in
2294 5386 2468 5441 editis
2499 5390 2840 5441 occurrunt.
2874 5386 3026 5441 EDIT.

2001 5505 2044 5558 Ν
2050 5504 2221 5559 OT/E.

479 5588 555 5663 (ι)
587 5589 670 5663 ct;
704 5595 846 5643 tom.
878 5592 1072 5663 xcvi,
1106 5595 1243 5647 i202
1271 5608 1394 5663 seq.

484 5658 561 5725 (2)
590 5659 675 5713 Of.
707 5674 905 5726 supra,
934 5660 1060 5712 794.
