4048 6210
266 372 407 429 1409

1401 360 1849 423 FRAGMENTA
1888 354 1963 422 ιιι
1998 382 2058 434 ε.
2100 362 2553 429 MA'rranM.

3542 383 3680 441 1410

258 486 376 558 τοῖς
438 488 676 570 μέρεσιν
734 491 876 547 οὕτω
927 494 1014 547 καὶ
1075 494 1103 547 6
1153 490 1381 566 Χριστὸς
1438 497 1551 567 φῶς
1614 490 1673 545 ἐκ
1731 492 1912 568 φωτὸς

2050 493 2419 553 lit‘funditur:
2455 500 2537 555 ita
2566 501 2743 556 etiam
2772 501 3061 569 Christus,
3096 501 3297 558 lumen
3330 504 3400 558 de
3448 505 3678 562 lumine

262 585 503 661 ἄναρχον
538 583 622 651 ὅν,
661 582 750 638 καὶ
803 582 1120 658 ἀπρόσιτον,
1175 580 1226 635 ἐν
1270 586 1350 653 τῷ
1400 585 1645 655 χρονικῷ
1673 580 1762 634 καὶ
1792 601 1909 633 κτι-

264 680 375 747 στῷ
403 672 693 749 γενόμενος
736 672 968 744 σώματι,
1021 674 1097 733 εἷς
1148 670 1257 725 ἐστι
1310 667 1660 738 δικαιοσύνης
1691 669 1911 737 ”11λιος,

265 768 342 828 εἷς
370 764 603 838 Χριστὸς
662 760 713 816 ἐν
772 758 889 815 δυσὶ
946 767 1066 821 ταῖς
1126 761 1333 835 φύσεσιο
1395 761 1481 813 καὶ
1533 760 1595 813 τὸ
1632 760 1723 831 μὲν
1756 760 1915 830 σῶμα

263 853 658 928 περίγραπτον,
691 853 726 920 ἡ
760 848 817 904 δὲ
867 851 1058 920 θεότης
1110 848 1403 925 ἂχώρητος
1453 847 1505 903 ἐν
1559 854 1720 903 πᾶσιν
1760 845 1911 915 οῦσα,

263 942 357 998 καὶ
388 942 599 996 πάντων
662 938 929 994 ἐπέκεινα’
997 938 1088 994 καὶ
1146 938 1326 1013 ὥσπερ
1382 935 1563 1014 ἕτερον
1627 939 1719 1011 μὲν
1754 937 1916 1005 ἣλιος

267 1033 444 1108 (πηγή
501 1030 602 1105 γὰρ
663 1028 773 1083 ἐστι
832 1028 1030 1102 φωτὸς,
1090 1029 1416 1103 καθορᾶσθαι
1488 1028 1564 1102 μή
1625 1024 1917 1099 δυνάμενος

264 1122 518 1196 τρανῶς),
552 1119 737 1192 ἕτερου
786 1116 844 1171 δὲ
889 1118 952 1171 τὸ
1009 1121 1146 1195 φῶς,
1203 1118 1264 1171 τὸ
1324 1116 1373 1189 ἐξ
1432 1116 1599 1171 αὐτοῦ
1649 1117 1784 1189 πρὸς
1815 1122 1914 1191 γῆν

267 1208 663 1284 ἀφικνούμενον
722 1207 931 1282 (ὁρᾶται
1001 1208 1105 1281 γὰρ
1180 1207 1269 1260 καὶ
1338 1201 1705 1281 προϐλὲπεται
1760 1204 1920 1281 σοφία

263 1304 364 1355 τοῦ
426 1303 559 1354 Θεοῦ
614 1298 705 1353 καὶ
788 1294 1189 1374 φιλανθρωπία,
1251 1297 1323 1357 ὡς
1384 1296 1440 1350 Ξὶν
1504 1298 1578 1370 μή
1641 1293 1917 1357 παντελῶς

264 1378 537 1467 ἀμέτοχοι
593 1393 701 1444 τῶν
760 1387 944 1443 καλῶν
1003 1386 1452 1460 κατασταίημεν)·
1513 1385 1655 1440 οὕτω
1708 1386 1769 1439 τὸ
1825 1384 1919 1455 μὲν

266 1480 565 1553 πρόσωπον
624 1481 722 1533 τοῦ
801 1479 1035 1551 Χριστοῦ
1105 1475 1311 1549 λάμπει
1379 1475 1699 1549 τρανότερον
1760 1475 1831 1534 ὡς
1893 1474 1920 1527 6

266 1569 430 1639 ἣλιος
489 1568 641 1641 (ὅπερ
700 1567 801 1641 γὰρ
856 1564 908 1620 ἐν
970 1565 1253 1634 αἰσθητοῖς
1315 1564 1341 1617 6
1398 1564 1586 1633 ἥλιος,
1644 1554 1807 1618 τοῦτο
1868 1561 1918 1616 ἐν

264 1664 491 1729 νοητοῖς
524 1658 553 1711 6
584 1657 735 1721 Θεὸς)
781 1658 882 1729 (3),
932 1656 1005 1717 ὡς
1057 1652 1113 1709 δὲ
1164 1658 1280 1731 φῶς
1331 1652 1667 1708 λευκαίνεται
1696 1654 1761 1708 τὰ
1792 1654 1925 1725 ἱμά-

266 1768 383 1816 τια,
439 1747 509 1817 τῇ
568 1743 846 1819 μεταδόσει
908 1749 1005 1798 τοῦ
1078 1743 1225 1807 θείου
1295 1744 1474 1821 φωτὸς
1532 1741 1919 1818 ἀγλαϊζόμενα.

267 1838 391 1893 Ὀτι
426 1836 609 1907 μέντοι
644 1835 756 1909 οὐχ
807 1834 883 1897 ὡς
940 1835 967 1887 6
1026 1832 1189 1901 ἥλιος
1247 1828 1508 1906 ἔλαμψεν,
1543 1831 1685 1887 ἀλλᾶ
1717 1830 1798 1886 ὅτι
1832 1833 1918 1886 καὶ
1962 1866 2004 1928 Β

269 1929 370 1979 τοῦ
405 1922 803 1998 ὑποδείγματος
856 1927 1040 1995 μεῖζον
1086 1922 1152 1989 ἦν
1204 1922 1266 1976 τὸ
1315 1926 1453 1998 φῶς,
1505 1918 1705 1993 ἔδειξαν
1739 1921 1789 1974 οἱ
1826 1940 1924 1993 μα-

273 2012 435 2083 θηταὶ
489 2009 760 2072 πεσόντες.
818 2009 880 2064 Εἰ
939 2010 1041 2085 γὰρ
1117 2009 1192 2081 μή
1270 2006 1497 2083 ἄκρατον
1557 2009 1623 2077 ἦν
1677 2007 1739 2062 τὸ
1792 2012 1926 2085 φῶς,

274 2101 426 2157 ἀλλᾶ
454 2102 543 2155 καὶ
572 2105 652 2173 τῷ
682 2099 832 2171 ἡλίῳ
862 2098 1197 2172 σύμμετρον,
1230 2097 1329 2152 οὐκ
1358 2098 1417 2151 ἂν
1446 2095 1657 2153 ἔπεσον.

350 2216 378 2243 ‹‹
413 2189 586 2252 Οὗτός
633 2190 773 2244 ἐστιν
825 2187 947 2249 Υἱός
999 2208 1104 2261 μου
1154 2187 1181 2241 6
1230 2186 1526 2263 ἀγαπητὸς,
1578 2186 1631 2241 ἐν
1680 2186 1726 2257 ᾧ
1757 2182 1926 2255 ηὐδό·

275 2301 443 2351 κησα,
472 2278 635 2334 αὐτοῦ
666 2278 906 2333 ἀκούετε.
940 2300 968 2327 ››
1720 2290 1723 2294 -

351 2370 719 2440 Ἐπισήμηναι
778 2366 861 2419 ὅτι
932 2363 1194 2440 πρότερον
1279 2365 1371 2437 μὲν
1458 2363 1510 2419 ἐν
1590 2360 1836 2438 Ἰορδάνῃ
1890 2365 1925 2432 ἡ

275 2457 444 2533 Τριὰς
494 2455 849 2531 ἐμαρτυρήθη
907 2456 1003 2507 τοῦ
1062 2452 1190 2505 Υἱοῦ
1248 2452 1668 2526 βαπτιζομένου,
1715 2451 1929 2524 Πατρὸς

285 2544 489 2601 ἄνωθεν
526 2546 953 2620 μαρτυροῦντος,
992 2545 1088 2595 τοῦ
1144 2541 1456 2614 [Ινεῦματος
1486 2541 1613 2595 ὡσεὶ
1644 2539 1932 2616 περιστερὰ

288 2634 720 2711 κατερχομένοο.
754 2636 867 2687 Νῦν
900 2629 955 2685 δὲ
986 2630 1036 2686 ἐν
1062 2625 1255 2704 Θαϐὼρ
1287 2632 1321 2699 ἡ
1354 2631 1492 2699 αὐτή
1524 2628 1691 2685 πάλιν
1729 2651 1929 2704 μαρτυ-

289 2731 461 2801 ρεῖται
492 2729 572 2797 τῷ
599 2721 944 2795 κηρύττοντι,
974 2724 1052 2792 τῷ
1081 2718 1494 2794 κηρῦττομένῳ,
1529 2723 1597 2792 τῇ
1624 2719 1823 2796 νεφέλῃ
1856 2722 1932 2789 τῷ

288 2814 583 2887 Πνεῦματι.
615 2812 797 2869 Τᾶῦτά
826 2831 909 2864 τοι
939 2809 1028 2863 καὶ
1058 2803 1223 2863 Δαὸἱδ
1274 2808 1704 2885 προανεφώνησε.
1737 2802 1931 2881 Θαϐὼρ

286 2902 381 2958 καὶ
432 2900 646 2977 Ἑρμῶν
703 2900 753 2954 ἐν
810 2904 890 2970 τῷ
950 2897 1175 2970 ὀνόματί
1230 2918 1323 2951 σου
1382 2895 1818 2973 ἀγαλλιάσονται.
1854 2895 1933 2951 Τὸ

290 2993 388 3066 μὲν
421 2993 526 3067 γὰρ
556 2990 771 3069 Ἑρμῶν
802 2986 1187 3063 ἠγαλλιάσατο
1244 2987 1642 3061 βαπτιζομένου
1672 2984 1768 3039 τοῦ
1798 2990 1933 3059 Χρι-

287 3086 439 3138 στοῦ.
471 3081 547 3137 Τὸ
580 3078 638 3134 δὲ
668 3072 862 3153 Θαϐὼρ
892 3073 1435 3150 μεταμορφουμὲνου,
1460 3072 1648 3143 ἐπειδή
1677 3074 1728 3129 ἐν
1756 3074 1935 3147 ἀμφο-

283 3173 468 3247 τέροις
516 3169 729 3244 ἠνέχθη
789 3166 967 3241 φωνὴ,
1020 3164 1192 3227 Οὗτός
1246 3163 1386 3219 ἐστιν
1439 3165 1466 3218 ὁ
1514 3163 1638 3226 Υἱός
1690 3185 1795 3237 μου
1842 3164 1937 3218 λέ-

282 3280 476 3338 γουσα.

364 3373 391 3402 ‹‹
434 3348 532 3402 Καὶ
608 3340 792 3402 λαϐὼν
868 3346 930 3399 τὸ
1004 3344 1268 3417 ποτήριον
1372 3343 1462 3397 καὶ
1538 3342 1937 3419 εὐχαριστήσας

284 3436 489 3496 ἔδωκεν
520 3435 703 3497 αὐτοῖς
730 3435 922 3509 λέγων·
957 3434 1114 3487 Πίετε
1144 3431 1195 3502 ἐξ
1225 3432 1394 3486 αὐτοῦ
1422 3433 1636 3494 πάντες.
1672 3456 1698 3482 ››

365 3525 480 3584 Οὐκ
508 3521 618 3579 ἔστι
648 3522 818 3586 τύπος
842 3523 872 3576 6
904 3519 1066 3595 ἄρτος
1109 3519 1199 3573 καὶ
1255 3522 1399 3583 οἶνος
1440 3524 1536 3575 τοῦ
1568 3519 1820 3592 σώματος
1851 3518 1940 3573 καὶ

288 3615 527 3689 αἳματος
558 3613 654 3669 τοῦ
685 3614 943 3688 Χριστοῦ,
980 3612 1055 3682 μή
1100 3610 1339 3684 γένοιτο,
1374 3608 1499 3665 ἀλλ’
1532 3609 1663 3663 αὐτὸ
1692 3608 1753 3663 τὸ
1785 3612 1944 3681 σῶμα

288 3703 386 3759 καὶ
417 3704 551 3758 αὐτὸ
579 3704 641 3756 τὸ
674 3702 811 3773 αἷμα
841 3699 919 3761 εἰς
948 3696 1199 3752 σύστασιν
1240 3704 1339 3766 τῆς
1368 3698 1637 3773 ἡμετέρας
1668 3700 1856 3771 ψυχῆς
1886 3716 1945 3749 τε

290 3794 385 3849 καὶ
422 3793 677 3865 σώματος
707 3792 951 3866 χωροῦν,
983 3786 1044 3841 οὐ
1087 3784 1492 3859 δαπανώμενον,
1540 3785 1601 3840 οὐ
1652 3786 1947 3860 φθειρόμε-

290 3902 418 3952 νον,
453 3881 552 3936 οὐκ
583 3879 655 3941 εἷς
680 3876 964 3957 ἀφεδρῶνα
990 3879 1232 3951 χωροῦν,
1265 3874 1391 3930 ἀλλ’
1422 3875 1499 3938 εἲς
1525 3876 1626 3943 τὴν
1657 3877 1817 3948 ἡμῶν
1851 3875 1948 3929 οὐ-

296 3971 420 4025 σίαν
446 3990 504 4025 τε
530 3968 621 4024 καὶ
652 3969 998 4040 αυντήρησιν.
1035 3964 1095 4021 Εἰ
1146 3960 1204 4018 δὲ
1248 3965 1335 4019 καὶ
1385 3985 1526 4025 τινες
1558 3964 1821 4019 ἀντίτυπα
1849 3967 1947 4017 τοῦ

294 4063 558 4134 σώματος
606 4059 695 4113 καὶ
746 4062 843 4112 τοῦ
893 4057 1123 4130 αἳματος
1168 4060 1266 4109 τοῦ
1316 4057 1517 4129 Κυριου
1547 4055 1637 4109 τὸν
1672 4054 1828 4126 ἄρτον
1856 4053 1947 4109 καὶ

288 4151 390 4207 τὸν
451 4150 594 4204 οἶνον
658 4144 935 4215 ἐκάλεσαν,
996 4144 1060 4198 οὐ
1122 4144 1255 4216 μετὰ
1304 4144 1367 4197 τὸ
1424 4144 1741 4216 ἁγιαστῆναι
1775 4143 1946 4213 εἶπον,

293 4238 447 4293 ἀλλὰ
475 4236 601 4313 πρὶν
657 4237 1005 4310 ἁγιασθῆναι,
1063 4233 1163 4301 τὴν
1222 4232 1532 4309 προσφορὰν
1592 4231 1735 4287 οὕτω
1782 4231 1947 4287 καλὲ-

294 4346 505 4387 σαντες.
561 4323 857 4379 Ἀντίτυπα
903 4318 959 4376 δὲ
1006 4325 1112 4376 τῶν
1166 4318 1479 4391 μελλόντων
1530 4317 1798 4395 λέγονται,
1841 4321 1952 4394 οὐχ

292 4417 373 4479 ὡς
406 4417 481 4488 μὴ
516 4411 645 4470 ὄντα
671 4413 892 4483 ἀληθῶς
954 4400 1113 4483 σῶμα
1178 4408 1266 4463 καὶ
1324 4411 1462 4481 αἷμα
1520 4407 1773 4483 Χριστοῦ,
1825 4407 1951 4466 ἀλλ’

294 4506 384 4560 ὅτι
415 4509 505 4558 νῦν
544 4506 638 4578 μὲν
673 4501 740 4557 δι’
796 4501 971 4555 αὐτῶν
1037 4499 1346 4573 μετὲχομεν
1401 4506 1499 4567 τῆς
1560 4504 1801 4572 Χριστοῦ
1832 4500 1952 4553 θεό-

2026 584 2151 637 sine
2186 586 2500 658 principio,
2565 596 2622 642 et
2678 591 3114 659 inaccessibile,
3160 592 3221 644 in
3277 595 3585 663 temporali
3618 606 3677 653 et

2025 680 2221 729 creato
2273 679 2565 732 exsistens
2610 696 2877 750 corpore,
2929 697 3085 736 unus
3136 685 3223 734 est
3272 680 3359 734 sol
3401 682 3671 751 justitiaa,

2025 780 2180 818 unus
2213 766 2481 820 Christus
2512 767 2572 821 in
2605 768 2835 823 duabus
2881 769 3111 823 naturis
3138 785 3149 821 :
3204 786 3269 823 ac
3300 785 3513 839 corpus
3545 772 3671 839 qui-

2027 850 2163 906 dem
2195 854 2733 926 circumscriptum,
2769 857 3042 911 divinitas
3078 858 3201 911 sine
3234 858 3363 911 loco
3394 858 3453 911 in
3487 860 3677 912 omni-

2028 939 2138 996 bus
2196 944 2510 1010 exsistens,
2579 946 2977 1017 omnibusque
3036 946 3341 1016 superior:
3404 964 3472 1001 ac
3530 948 3684 1002 sicut

2028 1028 2190 1084 aliud
2223 1031 2463 1101 quidem
2528 1033 2616 1087 sol
2668 1039 2755 1088 est
2796 1034 2948 1101 (fons
3003 1035 3162 1089 enim
3222 1040 3309 1089 est
3368 1033 3539 1103 lucis,
3573 1052 3683 1091 nec

2026 1118 2211 1172 videri
2246 1125 2440 1190 potest
2481 1125 2724 1192 exacte),
2779 1123 2942 1177 aliud
2991 1140 3124 1177 vero
3173 1123 3292 1192 lux,
3347 1141 3478 1194 quae
3515 1123 3586 1178 ab
3614 1142 3682 1179 eo

2029 1208 2091 1261 in
2120 1214 2335 1264 terram
2401 1211 2755 1267 diffunditur
2814 1213 3068 1279 (videtur
3117 1214 3277 1267 enim
3309 1218 3365 1266 et
3396 1215 3683 1284 aspicitur

2032 1298 2326 1367 sapientia
2353 1300 2475 1366 Dei,
2516 1307 2574 1354 et
2624 1300 2978 1372 benignitas,
3014 1308 3080 1355 ut
3128 1302 3332 1371 utique
3385 1302 3680 1357 bonorum

2033 1385 2193 1440 illius
2242 1389 2538 1457 possimus
2587 1406 2715 1444 esse
2767 1391 3145 1461 participes):
3194 1391 3274 1445 ita
3316 1390 3494 1445 facies
3541 1393 3680 1462 qui-

2034 1475 2169 1529 dem
2196 1476 2409 1531 Christi
2446 1478 2718 1549 splendet
2747 1476 2945 1533 lucida
2996 1480 3148 1532 sicut
3195 1479 3282 1533 sol
3316 1480 3495 1549 (quod
3528 1482 3684 1536 enim

2034 1565 2095 1618 in
2129 1564 2519 1621 sensibilibus
2553 1568 2639 1621 sol
2672 1573 2781 1634 est,
2816 1568 2925 1621 hoc
2952 1568 3011 1621 in
3046 1567 3456 1637 spiritualibus
3488 1570 3686 1641 Deus);

2036 1652 2306 1707 sicutlux
2336 1660 2536 1709 autem
2560 1655 2872 1710 albescunt
2902 1656 3255 1710 vestimenta
3283 1657 3689 1713 communica-

2035 1744 2193 1798 tione
2218 1743 2428 1798 divinaa
2452 1744 2601 1798 lucis
2624 1744 2935 1798 radiantia.
2962 1746 3159 1814 Neque
3180 1750 3337 1798 certe
3362 1751 3427 1798 ut
3452 1744 3539 1799 sol
3569 1751 3691 1800 tan-

2036 1838 2163 1887 tum
2186 1833 2580 1904 resplenduit,
2605 1834 2707 1888 sed
2731 1834 2839 1889 hac
2871 1832 3263 1887 similitudine
3286 1832 3481 1887 lucem
3504 1834 3684 1889 etiam

2034 1923 2216 1978 fuisse
2248 1924 2557 1995 majorem,
2608 1924 2997 1979 ostenderunt
3043 1923 3320 1977 cadentes
3370 1922 3682 1995 discipuli:

2033 2013 2147 2067 nisi
2185 2013 2343 2067 enim
2376 2013 2700 2083 purissima
2729 2012 2829 2067 lux
2859 2013 3088 2076 fuisset,
3124 2011 3225 2067 sed
3257 2012 3367 2067 soli
3390 2029 3689 2069 commen-

2038 2108 2259 2170 surata,
2294 2104 2499 2173 utique
2533 2121 2656 2158 non
2688 2105 3066 2159 cecidissent.

2108 2194 2158 2245 5.
2194 2213 2222 2241 ‹‹
2256 2191 2359 2245 Hic
2403 2197 2493 2245 est
2539 2192 2723 2247 Filius
2774 2209 2946 2247 meus
2998 2192 3271 2263 dilectus,
3303 2192 3366 2247 in
3397 2209 3513 2263 quo
3544 2193 3692 2249 mihi

2035 2279 2186 2334 bene
2218 2279 2571 2350 complacui,
2606 2281 2803 2351 ipsum
2835 2281 3054 2337 audite.
3090 2300 3116 2331 ι

2105 2370 2426 2440 Indicatur,
2460 2371 2617 2441 quod
2648 2372 2813 2442 prius
2849 2371 3089 2441 quidem
3122 2370 3182 2426 in
3211 2369 3462 2426 Jordane
3493 2371 3689 2443 bapti-

2035 2466 2159 2515 zato
2191 2461 2338 2515 Filio
2371 2466 2584 2517 testata
2614 2466 2702 2516 est
2748 2461 3023 2528 Trinitas,
3083 2462 3253 2515 Patre
3296 2464 3549 2516 testante
3583 2460 3685 2515 de-

2038 2567 2234 2620 super,
2294 2550 2515 2621 Spiritu
2574 2557 2858 2621 tanquam
2931 2549 3208 2605 columba
3263 2548 3683 2605 descendente.

2038 2641 2201 2694 Nunc
2251 2655 2385 2693 vero
2446 2640 2504 2693 in
2549 2639 2779 2693 Thabor
2839 2639 2950 2709 ipsi
3004 2654 3211 2692 rursus
3272 2639 3681 2694 testimonium

2038 2727 2384 2799 perhibetur
2434 2744 2468 2781 a
2518 2727 2899 2797 praedicante,
2955 2726 3026 2780 ab
3077 2742 3143 2779 eo
3174 2726 3274 2795 qui
3327 2726 3683 2795 praedicatus

2040 2822 2148 2882 est,
2183 2822 2241 2870 et
2271 2816 2447 2881 nube,
2481 2832 2611 2885 quae
2642 2815 2894 2885 Spiritus
2925 2819 3046 2868 est:
3082 2814 3206 2868 hanc
3236 2813 3418 2867 David
3450 2830 3687 2884 quoque

2041 2905 2349 2976 praedixit:
2386 2905 2601 2958 Thabor
2630 2911 2682 2958 et
2730 2906 2968 2957 Hermon
3013 2904 3070 2956 in
3114 2904 3332 2957 nomine
3382 2908 3473 2956 tuo
3505 2902 3693 2957 exsul-

2044 2992 2341 3049 ῑαυενιιηι.1
2376 2995 2635 3049 Hermon
2668 2994 2828 3047 enim
2859 2991 3175 3047 exsultavit
3202 2990 3494 3061 baptizato
3528 2991 3690 3045 Chri-

2044 3088 2153 3139 sto.
2186 3083 2340 3137 Illud
2366 3100 2500 3137 vero
2547 3082 2810 3137 Thabore
2858 3086 3104 3148 mutato,
3162 3080 3302 3151 quia
3333 3080 3394 3134 in
3426 3080 3694 3151 utrisque

2044 3191 2154 3229 vox
2179 3173 2316 3229 data
2346 3177 2437 3227 est
2462 3189 2474 3226 :
2505 3172 2610 3228 Hic
2640 3179 2715 3228 est
2745 3171 2917 3227 Filius
2946 3187 3115 3235 meus,
3148 3168 3373 3225 dicens.

2120 3352 2314 3418 XXVI,
2347 3352 2435 3405 28.
2472 3372 2498 3401 «
2530 3352 2599 3404 Et
2628 3350 2926 3421 accipiens
2949 3347 3194 3405 calicem
3224 3347 3441 3420 gratias
3471 3347 3607 3419 egit,
3641 3350 3701 3402 et

2050 3441 2214 3497 dedit
2244 3442 2328 3495 eis
2360 3441 2565 3496 dicens
2592 3458 2604 3494 ;
2636 3441 2823 3495 Bibite
2856 3457 2926 3495 ex
2958 3440 3067 3494 hoc
3100 3454 3329 3493 omnes.
3366 3459 3393 3486 ››

2124 3532 2299 3587 Panis
2332 3536 2391 3585 et
2418 3531 2620 3585 vinum
2652 3546 2771 3585 non
2816 3535 2907 3584 est
2947 3530 3134 3601 ﬁgura
3181 3526 3446 3598 corporis
3477 3532 3536 3581 et
3566 3542 3697 3580 san-

2051 3621 2248 3694 guinis
2278 3620 2516 3687 Christi,
2551 3619 2742 3675 absit!
2796 3618 2899 3674 sed
2950 3619 3147 3689 ipsum
3197 3631 3432 3686 corpus,
3489 3620 3547 3669 et
3577 3614 3703 3685 ipse

2054 3710 2291 3781 sanguis
2322 3709 2396 3763 ad
2426 3710 2913 3763 constitutionem
2972 3708 3186 3762 animae
3232 3709 3450 3759 nostrae
3485 3720 3701 3775 corpo-

2052 3800 2253 3869 risque
2284 3798 2615 3866 conferens,
2663 3815 2784 3853 non
2838 3801 3279 3867 consumptum,
3329 3809 3524 3864 neque
3574 3809 3704 3847 cor-

2054 3894 2316 3959 ruptum,
2344 3905 2465 3943 non
2497 3888 2559 3942 in
2591 3903 2891 3942 secessum
2922 3886 3150 3952 abiens,
3197 3883 3299 3939 sed
3334 3882 3394 3937 in
3426 3881 3701 3937 substan-

2057 3978 2198 4032 tiam
2256 3982 2520 4032 nostram
2591 3993 2658 4031 ac
2736 3976 3265 4031 conservationem.
3346 3971 3446 4025 Sin
3504 3976 3705 4025 autem

2056 4066 2333 4121 nonnulli
2388 4066 2565 4122 etiam
2634 4066 2902 4136 antitypa
2958 4062 3223 4133 corporis
3286 4064 3344 4114 et
3401 4058 3707 4129 sanguinis

2059 4156 2570 4211 consecrationem
2603 4154 2899 4219 dixerunt,
2947 4151 3049 4206 sed
3100 4149 3449 4221 priusquam
3498 4162 3710 4200 conse-

2059 4250 2347 4312 craretur,
2416 4244 2498 4297 ita
2554 4243 2915 4297 oblationem
2974 4238 3384 4311 appellantes:
3444 4234 3711 4306 antitypa

2060 4340 2257 4389 autem
2316 4332 2649 4387 futurorum
2711 4331 3012 4395 dicuntur,
3070 4343 3190 4381 non
3252 4330 3534 4394 tanquam
3574 4338 3707 4377 vere

2061 4438 2273 4493 corpus
2304 4426 2362 4474 et
2391 4418 2630 4490 sanguis
2649 4417 2865 4472 Christi
2897 4432 3017 4470 non
3050 4415 3169 4469 sint
3198 4431 3211 4479 ;
3246 4412 3348 4467 sed
3380 4411 3518 4481 quia
3548 4426 3708 4465 nunc

2061 4510 2302 4581 quidem
2336 4509 2407 4563 iis
2441 4508 2655 4563 Christi
2692 4507 3114 4579 participamus
3145 4502 3537 4567 divinitatem,
3570 4506 3711 4554 tunc

290 4613 487 4663 τητος,
518 4593 640 4646 τότε
676 4578 745 4645 »δὲ
794 4592 1001 4669 νοητῶς
1050 4584 1137 4667 διὰ
1193 4587 1362 4658 μόνης
1408 4591 1506 4653 τῆς
1539 4585 1682 4646 θέας.
1724 4585 1928 4659 Λέγετα

2060 4578 2197 4655 vero
2231 4578 2714 4655 intellectualiter
2745 4616 2850 4669 per
2890 4598 3076 4653 solam
3124 4593 3712 4665 centemplationem.

298 4672 361 4739 δὲ
422 4679 728 4756 μετάληψις
792 4678 907 4752 μὲν,
948 4666 1049 4731 ’ὅτι
1094 4666 1181 4728 δι’
1236 4675 1409 4742 αὐτῆς
1459 4668 1948 4745 μεταλαμϐάνομεν

293 4779 401 4842 τῆς
432 4760 612 4839 Ἰησοῦ
645 4770 922 4837 θεότητος’
982 4764 1243 4819 κοινωνία
1297 4760 1374 4833 δὲ,
1427 4760 1515 4816 διὰ
1561 4763 1623 4816 τὸ
1670 4768 1950 4817 κοινωνεῖν

295 4850 452 4933 ἡμᾶς
482 4858 551 4914 δι’
582 4857 748 4927 αὐτῆς
802 4861 880 4927 τῷ
938 4852 1178 4929 Χριστῷ,
1233 4852 1323 4905 καὶ
1384 4850 1631 4925 μετέχειν
1661 4850 1825 4904 αὐτοῦ
1856 4858 1955 4921 τῆς

296 4949 499 5025 σαρκός
548 4968 607 5003 τε
662 4945 751 5002 καί
794 4936 1094 5014 Λθεότητος.
1160 4946 1445 4996 Κοινωνεῖν
1502 4937 1558 4994 δὲ
1589 4940 1675 4994 καὶ
1710 4940 1953 4995 ἒνοῦσθαι

293 5042 390 5097 καὶ
446 5037 717 5108 ἀλλήλοις
767 5033 836 5090 δι’
885 5025 1077 5117 αὐτῆς.
1132 5027 1357 5097 Ἐπειδή
1405 5030 1507 5103 γὰρ
1540 5029 1589 5099 ἐξ
1622 5029 1737 5091 ἑνὸς
1791 5031 1953 5102 ἄρτου

301 5122 804 5206 μεταλαμϐάνομεν
862 5124 1079 5190 πάντες,
1132 5117 1187 5175 ἓν
1248 5124 1407 5190 σῶμα
1465 5119 1699 5191 Χριστοῦ
1756 5119 1845 5174 καὶ
1897 5118 1954 5175 ἓν

298 5204 466 5291 αἷμα,
495 5216 587 5272 καὶ
638 5214 907 5284 ἀλλήλων
968 5204 1110 5285 μὲλη
1169 5206 1449 5283 γινόμεθα,
1511 5204 1788 5280 σύσσωμοι
1822 5210 1956 5283 Χρι-

302 5311 437 5362 στοῦ
467 5304 923 5381 χρηματίζοντες.

380 5453 397 5486 ¹
438 5452 591 5509 Psal.
625 5466 890 5519 mxvm,
922 5450 1007 5502 l3.

2064 4692 2287 4745 Dicitur
2317 4695 2515 4744 autem
2548 4689 2843 4759 susceptio
2876 4688 3140 4759 quidem,
3167 4702 3233 4741 eo
3266 4683 3424 4755 quod
3456 4699 3562 4754 per
3583 4697 3714 4736 eam

2060 4781 2195 4835 Jesu
2229 4779 2623 4850 suscipiamus
2663 4777 3065 4833 divinitatem:
3118 4773 3458 4830 communio
3491 4776 3714 4837 autem,

2065 4887 2132 4925 eo
2165 4870 2322 4939 quod
2354 4886 2460 4923 nos
2495 4884 2627 4923 cum
2659 4867 2890 4921 Christo
2944 4863 3453 4921 communicemus
3484 4878 3550 4915 ac
3583 4876 3717 4931 par-

2064 4958 2275 5029 ticipes
2334 4957 2520 5011 simus
2571 4956 2768 5011 carnis
2826 4955 2989 5009 illius
3020 4970 3087 5008 ac
3145 4952 3420 5007 deitatis:
3481 4966 3547 5004 ac
3610 4964 3717 5020 per

2067 5064 2196 5103 eam
2248 5047 2381 5101 aliis
2432 5061 2667 5117 quoque
2712 5044 3244 5108 communicemur,
3295 5058 3361 5095 ac
3410 5040 3713 5101 uniamur,

2067 5138 2210 5191 Cum
2244 5136 2401 5191 enim
2438 5152 2505 5189 ex
2537 5151 2655 5189 uno
2712 5149 2862 5204 pane
2916 5149 3222 5187 sumamus
3270 5145 3476 5184 omnes
3526 5141 3713 5181 unum

2066 5225 2284 5280 Christi
2316 5241 2552 5295 corpus,
2583 5238 2889 5292 unumque
2922 5220 3513 5292 sanguinem,mutua
3535 5216 3715 5271 etiam

2068 5313 2338 5369 membra
2365 5314 2562 5380 ﬁmus,
2598 5310 2981 5381 concorporei
3012 5308 3228 5364 Christi
3260 5306 3584 5377 nuncupati
3617 5305 3716 5376 (4).

1894 5583 2116 5641 ΝΟΤΔΕ.

378 5701 459 5776 (3)
489 5699 573 5758 Cf.
607 5716 809 5776 supra,
842 5696 960 5758 col.
995 5698 1120 5767 799,
1151 5696 1274 5752 800.

2137 5696 2216 5771 (4)
2248 5696 2333 5756 cr.
2368 5697 2561 5770 XCIV,
2594 5699 2752 5768 1147,
2788 5698 2945 5754 1151.
