4048 6210
503 301 635 357 1411

499 510 695 572 cessit,
730 513 787 562 et
814 505 1018 562 abiens
1049 505 1262 574 laqueo
1295 520 1355 556 se
1388 501 1714 572 suspendit.
1755 521 1780 547 η

568 596 879 653 Derelictio
910 595 1027 649 alia
1057 593 1296 664 quidem
1328 596 1416 645 est
1446 591 1519 645 ob
1552 589 1840 644 occultam
1863 587 2137 642 virtutem

496 692 559 741 ut
588 685 1018 749 manifestatur,
1055 677 1206 736 sicut
1237 680 1339 734 illa
1375 680 1536 745 Jobi;
1570 679 1686 733 alia
1734 695 1868 732 vero
1916 677 1988 731 ob
2042 693 2136 731 su-

495 775 711 845 perbiae
741 773 1130 839 eversionem,
1182 775 1247 824 ut
1275 769 1377 822 illa
1415 769 1620 833 Pauli;
1654 767 1771 822 alia
1818 772 2017 820 autem
2065 765 2139 819 ad

493 864 738 917 alterius
769 861 1221 925 correctionem,
1274 863 1340 912 ut
1382 858 1572 912 Lazari
1606 873 1672 912 ac
1704 856 1920 910 divitis.
1956 856 2136 909 Natu-

494 952 698 1006 raliter
723 950 882 1005 enim
913 965 1042 1004 cum
1079 948 1345 1002 videmus
1377 947 1526 1001 alios
1559 946 1699 1016 pati,
1733 944 2137 1016 reprimimur.

494 1039 623 1094 Alia
653 1056 786 1093 vero
815 1039 887 1093 ad
919 1038 1161 1093 alterius
1191 1036 1479 1105 gloriam;
1513 1041 1576 1088 ut
1618 1035 1801 1099 illius,
1837 1034 1934 1103 qui
1967 1049 2000 1087 a
2033 1047 2136 1086 na-

492 1129 713 1183 tivitate
739 1145 927 1183 circus
960 1127 1086 1189 fuit,
1121 1126 1193 1180 ad
1221 1125 1432 1180 Christi
1461 1123 1729 1195 gloriam.
1767 1122 1895 1176 Alia
1940 1127 2137 1175 autem

497 1217 570 1271 ad
601 1217 846 1272 alterius
885 1217 1094 1280 zelum,
1145 1220 1209 1268 ut
1240 1215 1299 1267 in
1335 1213 1762 1267 testimonium.
1796 1213 1875 1265 Ac
1907 1209 2136 1280 simpli-

494 1309 641 1362 citer
698 1306 812 1361 duo
873 1310 1012 1360 sunt
1069 1302 1473 1357 derelictionis
1541 1317 1777 1372 genera.
1835 1301 1936 1353 Est
1979 1299 2139 1352 enim

497 1395 803 1452 derelictio
836 1411 940 1465 per
987 1391 1491 1463 dispensationem
1546 1395 1604 1443 et
1661 1389 2137 1467 instructionem,

496 1489 673 1542 etest
700 1483 1004 1538 derelictio
1055 1497 1185 1552 quin
1245 1481 1320 1534 sit
1377 1479 1574 1533 finalis
1634 1477 2008 1548 reprobatio;
2044 1478 2138 1531 Di-

497 1575 831 1647 spensativa
863 1571 1101 1642 quidem
1150 1587 1216 1625 ac
1269 1570 1614 1624 instrucliva
1663 1585 1793 1638 quaa
1841 1568 1913 1621 ad
1944 1583 2138 1622 corre-

499 1665 755 1720 ctionem
789 1680 854 1717 ac
887 1661 1136 1716 salutem
1172 1665 1230 1714 et
1259 1659 1506 1730 gloriam
1541 1658 1702 1711 illius
1736 1657 1819 1721 ﬁt,
1854 1657 1954 1726 qui
1987 1655 2137 1726 pati-

1367 296 1736 352 ADDENDA.
1770 319 1839 330 —-
1875 288 2328 346 FRAGMENTA
2369 293 2443 346 IN
2486 294 2542 347 Β.
2583 294 3028 353 ΜΔἸἼἮΕΠΜ.

570 419 790 486 XXVII,
821 421 872 470 5.
907 439 934 466 «
968 417 1037 470 Et
1066 413 1344 486 projectis
1385 412 1679 484 argenteis
1705 411 1766 464 in
1802 409 2018 481 templo
2051 426 2140 463 re-
2172 407 2220 472 A

3701 308 3802 368 1112

2334 409 2492 498 ιιᾲΚαὶ
2537 409 2694 485 ῥίψας
2751 413 2817 468 τὰ
2871 413 3102 489 ἀργύρια
3152 413 3203 468 ἐν
3256 420 3333 487 τῷ
3386 421 3508 490 ναῷ,
3534 417 3803 498 ἀνεχώρησε·

2247 493 2336 548 καὶ
2370 496 2618 553 ἀπελθὼν
2641 499 2944 576 ἀπήγξατο.
2980 527 3007 554 ››

2320 586 2440 640 Τῶν
2476 585 2933 664 ἐγκαταλείψεων,
2990 594 3024 660 ἡ
3092 593 3187 664 μὲν
3237 587 3344 648 ἔστι
3393 591 3474 649 διὰ
3500 598 3805 671 κεκρυμμένην

2251 672 2470 745 ἀρετήν,
2527 676 2614 730 ἳνα
2663 683 2969 754 φανερωθῇ,
3028 681 3104 742 ὡς
3163 684 3196 750 ἡ
3266 685 3357 735 τοῦ
3414 679 3545 739 Ἰώϐ·
3594 689 3623 754 ἡ
3674 685 3719 742 δὲ
3763 689 3810 743 δι’

2250 760 2567 835 ἀποτροπὴν
2630 767 3024 845 ὑπερηφανίας,
3110 769 3187 832 ὡς
3264 769 3348 823 ἐπὶ
3399 776 3489 825 τοῦ
3541 773 3808 847 Παύλου-ἡ

2253 846 2308 904 δὲ
2337 854 2473 926 πρὸς
2518 851 2807 929 διόρθωσιν
2868 855 3068 926 ἄλλου,
3118 861 3190 920 ὡς
3240 858 3324 913 ἐπὶ
3368 864 3457 914 τοῦ
3506 863 3713 938 Λαζάρου
3749 846 3812 921 καί

2248 944 2345 992 τοῦ
2394 941 2679 1000 πλουσίου.
2738 950 2993 1009 Φυσικῶς
3040 947 3142 1021 γὰρ
3193 948 3420 1021 ὁρῶντές
3461 970 3597 1012 τινας
3629 953 3810 1027 πάσχον-

2249 1051 2365 1094 τας,
2400 1031 2825 1104 συστελλόμεθα.
2877 1035 2940 1091 'll
3000 1031 3058 1089 δὲ
3115 1034 3192 1097 είς
3249 1036 3420 1091 ἄλλου
3466 1035 3625 1110 δόξαν,
3650 1041 3816 1102 ὡςὸὶιι

2249 1129 2466 1196 γενετῆς
2514 1121 2740 1201 τυφλὸς,
2792 1123 2868 1186 εἷς
2921 1122 3075 1196 δόξαν
3127 1128 3386 1200 Χριστοῦ.
3416 1129 3476 1184 Ἦ
3508 1126 3559 1183 δὶ
3598 1129 3662 1191 εἷς
3689 1130 3814 1186 ἄλλον

2254 1211 2444 1280 ζῆλον,
2478 1211 2553 1274 ὡς
2584 1212 2669 1266 ἐπὶ
2727 1215 2828 1281 τὴν
2891 1214 3209 1290 μαρτυρίαν.
3267 1215 3370 1272 Καὶ
3418 1217 3592 1281 ἁπλῶς
3627 1225 3706 1287 τῆς
3728 1219 3816 1275 ἐκα-

2247 1299 2550 1373 ταλείψεως
2580 1300 2712 1355 είσὶν
2767 1299 2885 1373 εἷ’δη
2943 1300 3061 1358 δύο·
3119 1301 3230 1359 ἔστι
3287 1305 3388 1380 γὰρ
3418 1305 3819 1382 ἐγκατάλειψιςοὶ-

2249 1390 2516 1461 κονομική
2548 1389 2636 1442 καὶ
2669 1387 3013 1460 παιδευτική,
3072 1392 3163 1447 καὶ
3222 1389 3362 1448 ἔστιν
3410 1392 3819 1470 ἐγκατάλειψιςτε-

2251 1476 2375 1531 λεία
2403 1479 2812 1552 ἀπογνωστική.
2868 1479 3206 1552 Οἰκονομικὴ
3273 1483 3368 1553 μὲν
3420 1484 3506 1538 καὶ
3546 1483 3817 1553 παιδευτικῆ,

2251 1564 2287 1633 ἢ
2321 1567 2456 1639 πρὸς
2489 1564 2779 1640 διόρθωσιν
2803 1567 2893 1622 καί
2918 1570 3215 1643 σωτηρίαν,
3239 1570 3330 1625 καί
3356 1569 3504 1642 δόξαν
3525 1578 3612 1626 τοῦ
3638 1574 3818 1648 πάσχον-

2251 1676 2342 1716 τος
2372 1657 2662 1728 γινομένη,
2693 1654 2728 1725 ἤ
2779 1658 2867 1712 καὶ
2913 1659 3051 1733 πρὸς
3100 1657 3288 1713 ἄλλων
3326 1660 3489 1729 ζῆλον
3518 1663 3598 1716 καὶ
3629 1663 3817 1735 μίμησιν,

499 1764 614 1821 tur,
647 1759 749 1808 aut
795 1752 868 1806 ad
900 1751 1150 1806 aliorum
1209 1749 1398 1803 zelum
1458 1764 1525 1802 ac
1576 1746 1988 1812 imitationem,
2045 1751 2144 1799 aut

2251 1742 2287 1812 ἤ
2320 1744 2409 1798 καὶ
2439 1745 2576 1820 πρὸς
2607 1744 2761 1815 δόξαν
2796 1744 2953 1802 Θεοῦ.
2987 1748 3051 1804 ἹῙ
3108 1746 3164 1802 δὲ
3219 1748 3404 1804 τελεία
3442 1749 3733 1824 κατάλειψις,
3759 1751 3819 1806 ὅτε

496 1845 674 1898 etiam
706 1841 778 1896 ad
821 1842 919 1895 Dei
972 1839 1242 1911 gloriam.
1297 1837 1513 1892 Finalis
1562 1842 1758 1890 autem
1810 1834 2136 1900 derelictio,

494 1949 628 1988 cum
661 1933 778 1985 Deo
810 1930 1012 1984 omnia
1041 1927 1115 1982 ad
1147 1927 1396 1982 salutem
1425 1930 1761 1997 peragente,
1789 1922 2137 1979 incurabilis

495 2038 562 2076 ex
596 2019 830 2091 proprio
863 2019 1076 2074 affectu
1111 2017 1286 2070 homo
1320 2015 1602 2087 persistit.
1635 2015 1780 2067 Tum
1813 2013 1970 2067 enim
2005 2028 2139 2083 per-

493 2110 705 2164 ditioni
743 2107 991 2162 traditur
1021 2112 1086 2160 ut
1112 2105 1288 2160 ludas
1319 2106 1413 2174 (ὅ).

566 2199 728 2252 VERS.
791 2198 877 2249 37.
909 2217 936 2244 «
969 2196 1038 2248 Et
1095 2195 1507 2264 imposuerunt
1567 2210 1744 2262 super
1801 2195 1977 2261 caput
2007 2191 2136 2261 ejus

493 2302 731 2340 causam
761 2284 947 2355 ipsius
979 2283 1260 2352 scriptam
1286 2299 1298 2335 :
1331 2282 1426 2336 hic
1457 2288 1542 2336 est
1568 2282 1734 2336 Jesus
1779 2298 1879 2334 rex
1906 2280 2138 2334 Judmo-

492 2391 646 2428 rum.
683 2395 712 2422 ))

563 2463 737 2518 Tituli
771 2462 1012 2533 scriptio
1045 2477 1221 2531 quam
1256 2460 1479 2515 Pilatus
1534 2475 1712 2530 supra
1763 2459 2133 2513 Dominicum

494 2557 671 2623 caput
699 2551 904 2617 afﬁxit,
941 2549 1224 2620 implebat
1269 2549 1498 2602 Domini
1527 2565 1728 2603 vocem
1757 2565 1769 2602 :
1819 2550 1947 2604 Cum
1979 2547 2136 2601 θ.ταί-

494 2648 638 2696 tatus
665 2643 843 2710 fuero,
895 2639 1168 2701 dicentis,
1202 2639 1387 2692 omnia
1444 2638 1657 2691 traham
1702 2637 1774 2691 ad
1804 2639 2064 2705 mcipsum
2090 2637 2132 2702 ¹,

495 2729 834 2784 declarabat
864 2728 1040 2800 igitur
1077 2726 1295 2780 ibidem
1330 2727 1455 2780 haec
1488 2725 1686 2790 lectio,
1734 2741 1853 2778 non
1901 2741 2005 2795 pro
2038 2726 2125 2778 Ju-

495 2819 623 2873 daea
653 2825 905 2880 tantum,
935 2833 1136 2872 verum
1168 2817 1346 2871 etiam
1396 2815 1612 2870 Gracis
1643 2821 1700 2869 et
1743 2814 2012 2869 Barbaris
2043 2831 2137 2868 sa-

493 2907 747 2963 lutarem
780 2907 905 2961 fieri
939 2905 1298 2977 passionem.

567 2997 654 3051 45,
688 3018 716 3045 ‹‹
750 2997 795 3048 Α
828 3000 992 3049 sexta
1041 2998 1236 3048 autem
1287 2993 1432 3047 hora
1494 2991 1753 3046 tenebrae
1800 2991 1967 3045 factm
1999 2995 2138 3045 sunt

495 3100 672 3154 super
696 3084 1033 3138 universam
1056 3087 1275 3137 terram
1296 3097 1483 3151 usque
1505 3080 1579 3134 ad
1611 3081 1815 3135 horam
1838 3096 2078 3134 noman.
2105 3100 2132 3127 »

562 3172 770 3227 Deficit
799 3173 889 3227 sol
909 3172 1061 3226 lunai
1084 3187 1328 3241 corpore
1351 3176 1632 3240 tanquam
1655 3169 1848 3224 medio
1876 3168 2134 3239 quodam

489 3261 859 3333 interposito,
919 3277 987 3315 ac
1044 3259 1458 3326 obumbrante,
1516 3275 1709 3329 neque
1753 3258 2133 3329 permittente

491 3350 617 3405 dari
650 3349 821 3404 nobis
853 3349 1066 3404 lucem.
1102 3349 1586 3418 Quandocunque
1619 3347 1796 3419 igitur
1827 3347 2131 3401 inventum

489 3439 668 3494 fuerit
729 3439 883 3493 lunae
933 3455 1146 3509 corpus
1201 3439 1387 3493 solem
1437 3436 1821 3501 abscondere,
1883 3441 2007 3490 tum
2067 3437 2134 3490 tit

489 3529 727 3600 eclipsis
755 3528 917 3592 solis,
967 3529 1204 3600 eclipsis
1251 3544 1384 3582 vero
1435 3527 1592 3582 lunai
1624 3543 1694 3582 ex
1723 3525 1934 3580 umbra
1959 3531 2130 3580 terra:

491 3617 700 3683 oritur,
735 3633 869 3671 cum
893 3617 1100 3687 quinta
1147 3621 1205 3671 et
1233 3617 1466 3671 decima
1508 3616 1651 3670 luna
1696 3615 1893 3680 fuerit,
1930 3614 2130 3668 inven-

489 3711 665 3774 taque
697 3721 767 3759 ex
792 3705 1034 3760 adverso
1085 3705 1472 3760 extremitatis
1519 3704 1727 3771 centri,
1771 3703 1858 3758 sol
1890 3701 2129 3773 quidem

490 3793 598 3848 sub
631 3798 808 3861 terra,
841 3793 984 3848 luna
1013 3810 1146 3847 vero
1175 3810 1354 3864 supra
1383 3799 1622 3848 terram.
1657 3791 1934 3847 Umbram
1968 3791 2128 3845 enim

485 3882 628 3937 facit
652 3887 827 3948 terra,
859 3897 1052 3952 neque
1086 3881 1227 3936 sinit
1258 3881 1445 3937 solare
1477 3881 1679 3936 lumen
1714 3879 2021 3951 pervenire
2052 3880 2128 3935 ad

488 3970 714 4042 lunam,
747 3975 925 4042 atque
957 3975 1081 4025 tum
1115 3970 1398 4042 temporis
1422 3970 1641 4024 deficit.

561 4150 808 4216 XXVIII,
840 4152 928 4204 20.
948 4151 1060 4203 «Et
1090 4165 1224 4204 ecce
1256 4147 1672 4221 egovobiscum
1705 4163 1835 4202 sum
1855 4145 2131 4201 omnibus

487 4236 912 4308 diebus,usque
925 4237 998 4293 ad
1019 4238 1595 4294 consummationem
1617 4236 1837 4291 saeculi.
1867 4239 2072 4290 Amen.
2100 4257 2127 4286 »

557 4327 684 4384 Non
715 4344 849 4382 cum
883 4327 1002 4382 illis
1049 4333 1277 4382 tantum
1329 4326 1478 4381 dixit
1517 4343 1577 4380 se
1609 4326 1895 4393 futurum,
1929 4340 2130 4378 verum

485 4418 663 4472 etiam
696 4433 831 4472 cum
863 4416 1140 4471 omnibus
1171 4417 1269 4486 qui
1297 4420 1430 4487 post
1460 4415 1594 4470 illos
1624 4420 1794 4470 erant
1824 4413 2124 4470 credituri.

2245 1836 2342 1885 τοῦ
2390 1836 2523 1887 Θεοῦ
2579 1834 2749 1888 πάντα
2805 1835 2941 1908 πρὸς
2997 1836 3271 1910 σωτηρίαν
3333 1839 3692 1911 πεποιηκότος,
3717 1841 3821 1893 ἁνία-

2244 1941 2336 1982 τος
2371 1920 2422 1991 ἐξ
2455 1920 2656 1983 οἰκείας
2685 1923 2995 1996 προθέσεως
3053 1921 3279 1999 διαμένῃ
3339 1926 3367 1979 6
3420 1924 3695 2002 ἅνθρωπος.
3723 1927 3819 1984 Τότε

2246 2010 2349 2083 γὰρ
2382 2009 2457 2072 εἰς
2485 2009 2760 2066 ἀπώλειαν
2794 2009 3148 2086 παραδίδοται
3176 2013 3252 2076 ὡς
3285 2016 3315 2069 6
3350 2013 3571 2076 Ἰώδας.

2317 2212 2346 2239 ‹‹
2380 2187 2476 2242 Καὶ
2509 2186 2773 2258 ἐπέθηκαν
2824 2189 3004 2244 ἐπάνω
3051 2193 3149 2258 τῆς
3194 2190 3443 2269 κεφαλῆς
3488 2192 3636 2247 αὐτοῦ
3661 2195 3741 2261 τῆν
3761 2192 3817 2248 αἲ-

2241 2275 2360 2331 τίαν
2392 2275 2558 2330 αὐτοῦ
2609 2279 3011 2352 γεγραμμένην·
3061 2279 3235 2344 Οὗτός
3285 2280 3428 2335 ἐστιν
3478 2283 3712 2351 Ἰησοῦςὸ
3741 2283 3816 2355 βα-

2245 2364 2428 2428 σιλεὺς
2461 2371 2568 2421 τῶν
2602 2363 2901 2425 Ἰουδαίων.
2929 2389 2956 2422 ι

2318 2456 2376 2509 Ἦ
2432 2459 2532 2508 τοῦ
2589 2456 2947 2528 λευκώματος
2998 2459 3178 2536 γραφή
3234 2461 3303 2529 ἢν
3360 2461 3588 2522 Πιλάτος
3635 2461 3815 2532 πρὸτῆς

2245 2547 2522 2618 Κυριακῆς
2555 2539 2716 2614 ἔπηξε
2771 2546 3037 2623 κεφαλῆς,
3091 2549 3190 2615 τήν
3249 2553 3352 2603 τοῦ
3409 2549 3595 2624 Κυρίου
3634 2547 3821 2620 ἐπλήρου

2245 2634 2448 2709 φωνην,
2486 2631 2733 2689 Ἐπειδὰν
2798 2636 3022 2707 ὑψωθῶ,
3087 2635 3368 2712 λέγοντος,
3428 2641 3617 2700 πάντας
3662 2638 3820 2693 Eliciam

2243 2723 2380 2796 πρός
2413 2721 2667 2793 ἐμαυτόν.
2698 2720 2936 2793 Ἐδήλου
2957 2725 3140 2780 τοίνυν
3171 2729 3205 2795 ἡ
3235 2725 3442 2782 ἐκεῖθεν
3467 2728 3726 2802 ἀνάγνωτις
3747 2727 3825 2799 οὐχ

2247 2811 2377 2883 ὑπὲρ
2413 2808 2675 2873 Ἰουδαίας
2707 2813 2904 2885 μόνης,
2938 2812 3083 2869 ἀλλά
3129 2815 3218 2870 καὶ
3251 2819 3438 2886 πάσης
3466 2816 3654 2887 Ἐλλην
3680 2816 3758 2889 [ix]
3779 2816 3824 2883 ἧς

2242 2897 2331 2953 καὶ
2368 2895 2645 2975 βαρϐάρου
2676 2909 2992 2974 γεγενῆσθαι
3025 2905 3086 2957 τὸ
3119 2907 3398 2977 σωτήριον
3431 2904 3612 2966 πέίθος.

2318 3011 2346 3038 ‹‹
2379 2988 2516 3045 Ἀπὸ
2571 2986 2629 3043 δὲ
2672 2987 2830 3059 ἕκτης
2895 2991 3038 3064 ὥρας
3105 2992 3301 3055 σκότος
3362 2993 3570 3068 ἐγένετο
3598 2993 3823 3048 {tinam

2243 3077 2343 3145 τὴν
2374 3083 2498 3152 γῆν,
2529 3075 2632 3138 ἕως
2663 3079 2806 3153 ὥρας
2830 3078 3070 3149 ἐννάτης.
3108 3105 3134 3132 ››

2320 3163 2590 3221 Ἐκλείπει
2643 3169 2670 3220 6
2717 3165 2880 3236 ἥλιος
2925 3173 3024 3223 τοῦ
3073 3171 3334 3243 σώματος
3382 3179 3484 3241 τῆς
3515 3170 3721 3241 σελήνης
3746 3170 3825 3222 ὧσ-

2241 3274 2342 3328 περ
2399 3275 2449 3309 τι
2510 3255 2829 3330 μεσότειχον
2886 3259 3184 3332 γενομένου
3269 3260 3365 3314 καὶ
3451 3263 3824 3327 ἀποσκιάζοντος,

2239 3343 2326 3397 καὶ
2365 3343 2440 3414 μή
2477 3343 2668 3406 ἐῶντος
2727 3341 3039 3410 διαδοθῆναι
3087 3349 3223 3420 ἡμῖν
3282 3351 3348 3404 τὸ
3411 3353 3544 3423 φῶς.
3592 3353 3728 3406 Ὅσον
3760 3346 3822 3400 οὖν

2240 3431 2432 3505 εὑρεθῇ
2462 3438 2561 3500 τῆς
2595 3431 2834 3504 σελήνης
2876 3434 3240 3509 ἀποκρύπτειν
3295 3438 3390 3492 τὸν
3424 3435 3601 3506 ἥλιον,
3629 3440 3822 3491 τοσοῦτον

2237 3521 2327 3574 καὶ
2359 3523 2392 3589 ὴ
2427 3517 2668 3594 ἔκλειψις
2711 3521 2932 3596 γίνεται.
2991 3525 3052 3580 ’11
3115 3522 3172 3580 δὲ
3227 3529 3333 3595 τῆς
3393 3526 3616 3597 σελήνης
3642 3523 3824 3596 ἔκλειψις

2240 3605 2298 3662 ἔκ
2342 3613 2440 3663 τοῦ
2489 3609 2926 3683 ἀποσκιάσματος
2978 3618 3078 3681 τῆς
3127 3620 3229 3687 γῆς
3287 3616 3520 3689 γίνεται,
3572 3617 3679 3669 ὅταν
3708 3614 3824 3686 γένη·

2239 3719 2326 3752 ται
2399 3696 2902 3754 πεντεκαιδεκαταία
2977 3703 3012 3769 ἡ
3090 3704 3324 3776 σελήνη,
3410 3705 3500 3760 καὶ
3572 3703 3734 3780 εὑρεθῇ
3790 3699 3826 3767 ἒξ

2240 3785 2481 3848 ἐναντίας
2537 3789 2673 3842 κατά
2727 3790 2790 3843 τὸ
2847 3786 3009 3864 ἄκρον
3067 3789 3312 3866 κέντρον,
3365 3794 3394 3848 6
3450 3797 3540 3866 μὲν
3595 3792 3727 3861 ἣλιος
3755 3789 3825 3842 ὑπὸ

2241 3882 2346 3949 γῆς
2377 3877 2411 3944 ἡ
2446 3872 2503 3930 δὶ
2531 3875 2734 3946 σελήνη
2771 3878 2902 3951 ὑπὶρ
2946 3885 3068 3954 γῆν.
3131 3879 3516 3955 Ἀποσκίασμα
3543 3883 3638 3957 γὰρ
3665 3879 3825 3946 ποιεῖὴ

2237 3967 2331 4039 γῆ,
2363 3965 2453 4018 καὶ
2485 3964 2546 4018 οὐ
2577 3963 2761 4042 φθάνει
2790 3967 2854 4021 τὸ
2885 3965 3117 4036 ἡλιακὸν
3158 3973 3279 4046 φῶς
3329 3973 3560 4026 φωτίσαι
3593 3973 3678 4039 τήν
3706 3968 3828 4035 σελή-

2239 4072 2361 4122 νην,
2394 4054 2638 4107 κακεῖθεν
2666 4053 2924 4111 ἐκλείπει.

2312 4165 2340 4192 ‹‹
2374 4141 2478 4197 Καὶ
2509 4139 2626 4197 ἰδοὺ
2659 4142 2767 4218 ἐγὼ
2800 4146 2920 4217 μεθ’
2949 4146 3102 4218 ὑμῶν
3152 4146 3268 4219 εἶμι
3316 4151 3491 4212 πάσας
3534 4150 3619 4210 τὰς
3650 4148 3828 4221 ἡμέρας,

2239 4229 2342 4292 ἕως
2373 4237 2471 4300 τῆς
2505 4231 2809 4294 συντελείας
2834 4238 2928 4288 τοῦ
2959 4233 3181 4297 αἰῶνος.
3216 4239 3422 4310 ’Δμήν.
3460 4261 3486 4288 ››

2312 4319 2389 4377 Οὐ
2425 4322 2540 4393 μετ’
2573 4319 2790 4376 ἐκείνων
2829 4323 2994 4395 μόνον
3028 4325 3168 4380 εἶπεν
3193 4323 3434 4394 ἔσεσθαι,
3461 4327 3599 4382 ἀλλὰ
3624 4327 3701 4381 καὶ
3730 4323 3826 4396 μετὲ

2240 4411 2457 4464 πάντων
2511 4414 2617 4464 τῶν
2683 4412 2797 4483 μετ’
2855 4410 3092 4476 ἐκείνους
3151 4415 3537 4470 πιστευόντων.
3576 4415 3646 4473 Οὐ
3672 4414 3756 4490 γὰρ
3780 4409 3827 4478 δή

480 4508 605 4560 Non
638 4507 798 4560 enim
829 4523 1017 4577 usque
1042 4505 1115 4560 ad
1149 4505 1723 4561 consummationem
1747 4503 1946 4559 saeculi
1970 4519 2132 4558 man-

2244 4495 2341 4560 ἐως
2370 4505 2468 4568 τῆς
2496 4497 2807 4562 συντελείας
2861 4505 2958 4556 τοῦ
3007 4501 3207 4566 αἲῶνος
3268 4507 3326 4559 οἱ
3378 4506 3665 4562 ἀπόστολοι
3697 4505 3825 4575 μένειν

483 4596 604 4650 suri
647 4600 816 4652 erant
865 4595 1143 4666 apostoli,
1195 4594 1299 4650 sed
1347 4601 1630 4666 tanquam
1680 4610 1865 4649 unum
1917 4610 2134 4664 corpus

489 4683 696 4740 ﬁdeles
716 4685 1148 4756 alloquitur.Ne
1172 4685 1578 4755 enim,inquit,
1598 4683 1743 4738 mihi
1769 4699 1966 4738 rerum
1989 4682 2137 4737 diffl-

484 4774 765 4829 cultatem
801 4774 1093 4846 objiciatis
1121 4791 1134 4842 ;
1168 4791 1271 4845 ego
1306 4774 1463 4828 enim
1493 4773 1795 4828 vobiscum
1829 4789 1981 4839 sum,
2033 4768 2134 4842 qui

478 4864 680 4920 omnia
703 4864 883 4920 reddo
905 4863 1124 4919 facilia.
1153 4865 1271 4918 Hoc
1301 4863 1609 4935 prophetis
1642 4878 1877 4932 quoque
1901 4861 1961 4915 in
1981 4861 2133 4915 anti-

484 4953 740 5024 qualege
764 4953 1000 5008 assidue
1020 4952 1322 5019 dixit,tum
1338 4951 1609 5007 Ieremia)
1628 4950 1942 5021 pueritiam
1967 4966 2136 5004 excu-

480 5043 654 5110 santi,
687 5048 812 5098 tum
844 5043 1154 5111 Ezechieli,
1190 5048 1314 5098 tum
1373 5041 1574 5113 Moysi,
1620 5041 1846 5094 obrutis
1873 5039 2132 5094 difficul-

483 5138 640 5187 tate:
672 5135 789 5202 Ego
819 5133 1093 5188 vobiscum
1124 5149 1260 5187 sum.
1299 5134 1386 5186 Ita
1429 5131 1607 5185 etiam
1646 5130 1808 5184 hisce
1833 5129 1944 5183 hic.
1982 5130 2134 5183 Con-

484 5221 677 5275 sidera
699 5239 832 5277 vero
855 5223 1000 5278 mihi
1025 5223 1202 5279 etiam
1234 5222 1330 5276 hic
1353 5221 1565 5274 horum
1593 5219 2009 5274 differentiam.
2041 5217 2130 5272 Illi

484 5307 776 5378 siquidem
805 5312 876 5366 ad
910 5329 1089 5368 unam
1121 5316 1356 5384 gentem
1391 5309 1556 5364 missi
1599 5324 2006 5379 saepenumero
2037 5323 2130 5361 re-

551 5434 572 5467 ³
603 5435 766 5490 Joan.
801 5440 902 5504 xii,
936 5441 1023 5493 32.

2245 4585 2504 4661 ἔμελλονο
2537 4587 2665 4644 ἀλλ’
2691 4591 2764 4651 ὡς
2793 4588 2871 4645 ἐνὶ
2903 4592 3116 4664 σώματι
3149 4590 3462 4668 διαλέγεται
3512 4601 3621 4656 τοῖς
3646 4596 3826 4650 πιστοῖς·

2245 4679 2336 4746 Μὴ
2370 4678 2473 4754 γὰρ
2531 4699 2644 4752 μοι,
2705 4680 2859 4757 φησὶ,
2916 4683 3015 4752 τὴν
3072 4679 3364 4739 δυσκολίαν
3401 4685 3586 4755 εἴπητε
3611 4689 3703 4739 τῶν
3730 4701 3829 4753 πρα-

2243 4771 2490 4844 γμάτων.
2541 4769 2680 4844 Ἐγὼ
2725 4770 2826 4846 γὰρ
2887 4770 3002 4844 εἶμι
3067 4775 3184 4846 μεθ’
3266 4776 3420 4848 ὑμῶν
3481 4778 3643 4830 πάντα
3699 4774 3824 4826 ποιῶν

2245 4855 2469 4916 εὔκολα.
2511 4861 2689 4916 Τοῦτο
2729 4859 2819 4914 καὶ
2861 4866 2978 4923 τοῖς
3024 4865 3334 4941 προφήταις
3383 4861 3565 4940 ἔλεγεν
3596 4864 3642 4919 ἐν
3668 4865 3723 4934 τῇ
3750 4865 3826 4914 ll:—

2243 4944 2373 5017 λαιᾷ
2417 4951 2680 5022 συνεχῶς,
2739 4950 2828 5004 καὶ
2879 4954 2961 5021 τῷ
3013 4951 3248 5025 Ἱερεμίᾳ
3302 4954 3534 5024 νεότητα
3572 4947 3822 5026 προϐαλλο-

2247 5034 2409 5108 μένῳ,
2442 5037 2528 5090 καὶ
2562 5041 2642 5108 τῷ
2673 5038 2873 5111 Mincii,
2911 5038 3003 5093 καὶ
3056 5044 3136 5113 τῷ
3184 5041 3453 5110 ’Ῑεζεκιήλ
3481 5040 3820 5112 ἆναδυομὲνοιξι

2244 5125 2388 5198 Ἐγώ
2440 5124 2556 5197 εἶμι
2613 5127 2727 5198 μεθ’
2789 5126 2964 5199 ὑμῶν.
3026 5127 3183 5185 Οῧτω
3238 5129 3330 5184 καὶ
3389 5129 3603 5185 ἐνταῦθα
3643 5128 3817 5183 τοῦτοις.

2245 5214 2444 5268 Σκόπει
2521 5209 2577 5267 δὲ
2657 5235 2749 5286 μοι
2823 5215 3092 5280 κάνταῦθα
3147 5220 3244 5288 τήν
3316 5219 3529 5274 τούτων
3603 5214 3817 5294 διαφορὶν.

2244 5303 2475 5358 Ἐκεῖνοι
2531 5302 2624 5374 μὲν
2673 5302 2772 5378 γὰρ
2824 5303 2902 5366 εἰς
2944 5301 2996 5360 ἓν
3045 5300 3194 5370 ἔθνος
3241 5305 3691 5381 ἀποστελλόμενοι
3719 5301 3794 5358 πολ

2061 5532 2282 5586 NOTAE.

550 5621 622 5688 (5)
651 5619 735 5672 Cf.
768 5621 955 5688 XCIV,
985 5622 1098 5675 col.
1133 5625 1290 5694 1186,
1325 5627 1481 5678 1091.
