4048 6210
227 328 367 385 1413

1218 332 1541 387 JOANNES
1576 331 2043 386 PATRIARCHA
2078 332 2185 387 CP.
2220 362 2288 372 —
2324 333 2635 389 NOTITIA.

3500 336 3637 391 1414

228 455 389 517 λάκις
422 458 785 531 παρῃτοῦντο·
842 452 997 510 οὗτοι
1059 451 1115 509 δὲ
1169 452 1327 509 οὐδὲν
1384 458 1631 509 τοιοῦτον
1690 452 1877 527 ἐφθέγ-

2016 462 2296 523 :usarunt,
2328 459 2387 513 hi
2422 476 2555 514 vero
2590 460 2739 514 nihil
2772 460 2888 515 tale
2942 460 3318 531 protulerunt
3367 479 3501 517 cum
3564 462 3639 519 ad

230 548 391 618 ξαντο
448 544 526 605 εἷς
581 546 679 613 τὴν
743 543 1067 617 οἰκουμένην
1128 543 1494 615 πεμπόμενοι.
1547 543 1619 597 Τὸ
1655 539 1711 595 δὲ
1760 537 1884 607 ἕως,

230 632 533 707 πολλαχοῦ
563 632 663 701 τῆξ
698 639 934 709 Γραφῆς,
967 634 1066 701 τήν
1101 633 1195 705 μὶν
1223 636 1320 686 τοῦ
1350 632 1657 707 ὡρισμένου
1684 630 1888 704 χρόνου

229 722 572 796 προθεσμίαν
633 721 910 794 σημαίνειο
974 720 1071 775 οὐκ
1126 721 1425 798 ἀποφάσκει
1488 716 1544 773 δὲ
1615 720 1678 773 τὸ
1759 718 1891 791 μετά

233 815 427 867 ταῦτα.
463 807 696 884 Ε’ίρηται
726 814 819 864 νῦν
875 810 998 883 περὶ
1042 812 1139 876 τῆς
1188 807 1579 883 Ἀειπαρθὲνου
1626 807 1890 862 Θεοτόκου

238 899 324 955 ὅτι
360 899 459 954 οὖν
522 898 805 974 ἐγίνωσκεν
857 899 1025 967 αὐτὴν
1060 899 1087 953 ὁ
1119 900 1341 976 Ἰωσὴφ,
1385 894 1491 960 1ἕως
1520 897 1580 951 οὗ
1611 894 1755 951 ἔτεκε
1804 897 1894 950 τὸν

238 991 361 1045 υἱὸν
394 989 565 1059 αὐτῆς
596 990 688 1044 τὸν
744 988 1118 1065 πρωτότοκον·
1168 990 1258 1043 καὶ
1307 985 1369 1042 οὔ
1416 987 1469 1042 τί
1525 1008 1629 1041 που
1676 983 1890 1055 οἰητέον

239 1078 325 1133 ὅτι
418 1077 552 1151 μετὰ
634 1082 801 1131 ταῦτα
885 1074 1080 1151 ἀνδρὸς
1166 1077 1450 1154 συνάφειαν
1551 1071 1893 1148 κατεδέξατο.

238 1166 653 1243 Ἐπηγγείλατο
713 1164 804 1221 οὖν
855 1164 1126 1229 κάνταῦθα
1166 1168 1192 1220 ὁ
1226 1166 1428 1240 Κύριος
1468 1163 1571 1227 ἕως
1617 1172 1716 1234 τῆς
1770 1185 1892 1217 συν-

236 1256 455 1319 τελείας
484 1258 615 1311 εἷναι
653 1258 767 1329 μεθ’
800 1258 991 1327 ἡμῶν,
1025 1256 1133 1330 οὐχ
1159 1255 1233 1317 ὡς
1270 1256 1403 1327 μετά
1431 1256 1530 1322 τήν
1560 1259 1658 1309 τοῦ
1700 1256 1896 1315 αἳῶνος

240 1348 546 1401 συντέλειαν
581 1346 869 1420 χωρισθησ
908 1344 1126 1417 ὁμενος.
1160 1346 1302 1414 Φησὶ
1331 1348 1459 1420 γοῦν
1490 1345 1518 1398 ὁ
1549 1349 1695 1407 θεῖος
1729 1344 1897 1398 ’Λπό-

242 1434 467 1504 στολος,
525 1436 609 1490 ὃτι
678 1435 812 1508 μετά
876 1434 974 1501 τὴν
1063 1437 1250 1502 κοινήν
1332 1434 1616 1489 ἀνάστασιν
1694 1433 1901 1506 Ἀρπα-

242 1523 535 1599 γησὸμεθα
592 1521 643 1577 ἐν
704 1520 957 1599 νεφέλαις
1020 1523 1093 1583 εἷς
1154 1521 1453 1592 ἀπάντησιν
1529 1526 1625 1575 τοῦ
1703 1520 1902 1595 Κυρίου

245 1613 326 1675 εἷς
388 1614 537 1687 ἆέρα,
599 1611 688 1665 καὶ
748 1610 921 1673 οὕτως
980 1612 1209 1666 πάντοτε
1269 1610 1359 1664 σὺν
1416 1609 1595 1683 Κυρίῳ
1648 1608 1900 1682 ἐσόμεθα.

246 1702 689 1774 Ἀναμιμνήσκει
739 1699 796 1755 δὲ
853 1698 1046 1761 αὐτοὺς
1104 1698 1194 1754 καὶ
1252 1705 1351 1767 τῆς
1436 1697 1757 1766 συλτελείας,
1813 1696 1904 1751 ’ίνα

255 1790 474 1864 μᾶλλον
533 1788 728 1853 αὐτοὺς
783 1787 1177 1867 ἀφελκύσηται,
1236 1787 1326 1842 καὶ
1410 1789 1486 1861 μή
1547 1788 1608 1841 τὰ
1667 1787 1905 1859 παρόντα

252 1881 386 1951 ὁρᾷν
422 1875 562 1949 ἀηδῆ
616 1879 802 1950 μόνον,
850 1874 996 1931 ἀλλὰ
1037 1877 1129 1930 καὶ
1174 1878 1242 1931 τὰ
1293 1875 1569 1948 μέλλοντα
1621 1876 1792 1949 ἀγαθά
1842 1875 1908 1929 τὰ

257 1968 553 2043 ἀπέραντα⁸
612 1967 679 2020 τὰ
736 1967 830 2038 μὲν
888 1965 991 2040 γὰρ
1051 1964 1272 2040 λυπηρά
1326 1986 1488 2042 φησιν
1565 1965 1699 2039 ἅπερ
1784 1965 1913 2018 ὑπο-

263 2058 526 2127 στήσεσθε
557 2054 607 2109 ἐν
655 2053 733 2128 τῷ
791 2053 1019 2127 παρόντι
1076 2054 1196 2129 βίῳ,
1246 2052 1728 2127 συγκαταλύονται·
1777 2053 1915 2107 ὅπου

259 2166 324 2221 γε
350 2144 442 2200 καὶ
474 2144 692 2205 αὖτὸςὸ
752 2143 882 2199 αἰὼν
945 2143 1101 2202 οὗτος
1160 2142 1235 2206 εἷς
1293 2142 1598 2198 συντέλειαν
1656 2140 1791 2214 ἥξει·
1850 2141 1917 2195 τὰ

262 2232 321 2288 δὶ
370 2233 589 2308 χρηστὰ
649 2234 721 2286 ὢν
778 2230 1149 2287 ἀπολαύσεσθε
1204 2231 1437 2286 ἀθάνατα
1498 2232 1665 2304 μὲνει·
1727 2230 1914 2292 Οὕτως

261 2321 490 2395 ἀλείψας
532 2321 625 2376 καὶ
683 2320 895 2396 ἐγείρας
952 2320 1126 2375 αὐτῶν
1184 2320 1251 2375 τά
1307 2321 1651 2397 φρονήματα,
1708 2319 1795 2373 καὶ
1847 2323 1915 2392 τῇ

268 2412 463 2484 μνήμῃ
545 2416 646 2478 τῆς
728 2411 939 2485 ἡμέρας
1014 2407 1218 2478 ἐκείνης
1300 2408 1616 2481 ἐξέπεμψεν.
1692 2409 1755 2463 Ἡ
1812 2408 1917 2483 γὰρ

264 2502 449 2576 ἡμέρα
506 2500 682 2571 ἐκείνη
740 2506 855 2562 τοῖς
909 2499 960 2554 ἐν
1018 2499 1405 2574 κατορθώμασι
1459 2503 1589 2568 ζῶσι
1667 2499 1917 2567 ποθεινὴ,

268 2589 447 2665 ὥσπερ
508 2590 600 2643 οὗν
657 2595 774 2652 τοῖς
834 2588 885 2644 ἐν
945 2591 1300 2663 ἁμαρτήμασι
1375 2582 1602 2661 φοϐερὰ,
1679 2588 1918 2660 καθάπερ

266 2685 387 2742 τοῖς
448 2676 784 2740 καταδίκοις·
847 2676 994 2733 ἀλλά
1072 2679 1147 2750 μὴ
1209 2671 1541 2748 φοϐηθῶμεν
1601 2675 1764 2748 μόνον
1832 2675 1920 2730 καὶ

268 2768 602 2845 φρίττωμεν,
667 2765 813 2822 ἀλλά
864 2769 953 2821 καὶ
1014 2761 1486 2839 μεταϐαλλώμεθα
1559 2762 1663 2827 ἕως
1732 2764 1920 2839 καιρός

267 2858 404 2926 ἐστι,
456 2859 556 2926 τὴν
614 2854 790 2925 καλὴν
848 2854 1153 2911 ἀλλοίωσιν
1211 2853 1627 2926 ἀλλοιούμενοι,
1680 2851 1771 2907 ἵνα
1826 2855 1924 2921 τῆς

272 2945 508 3001 αἰωνίου
571 2948 717 3014 ζωῆς
771 2942 1175 3017 ἀπολαύσωμεν
1237 2942 1291 2998 ἰν
1348 2944 1569 3017 Χριστῷ
1607 2942 1790 3011 Ἰησοῦ
1844 2945 1922 3013 τῷ

271 3035 467 3110 Κυρίῳ
497 3037 679 3106 ἡμῶν,
725 3034 770 3105 ᾧ
823 3036 858 3103 ὴ
911 3030 1039 3103 δόξα
1083 3033 1171 3087 καὶ
1216 3032 1278 3086 τὸ
1332 3031 1529 3107 κράτος
1574 3030 1667 3085 σὺν
1717 3035 1797 3103 τῷ
1833 3030 1924 3085 ἀν-

270 3125 434 3199 άρχῳ
508 3124 699 3198 Πατρὶ,
757 3124 847 3177 καὶ
903 3127 980 3194 τῷ
1040 3126 1294 3194 ζωοποιῷ
1346 3121 1646 3195 ΙΙνεύματι,
1696 3125 1786 3176 νῦν
1838 3119 1926 3176 καὶ

270 3213 378 3283 ἀεὶ,
407 3214 498 3269 καὶ
531 3213 605 3275 εἷς
628 3212 755 3275 τοὺς
786 3212 986 3275 αἰῶνας
1013 3218 1120 3268 τῶν
1153 3211 1387 3269 αἶ’ώνων.
1421 3213 1618 3285 Ἀμὴν.

346 3367 370 3421 I
400 3367 602 3422 Thess.
636 3382 713 3434 ιν,
744 3369 829 3422 16.

1996 548 2336 601 universum
2371 554 2661 603 terrarum
2689 549 2894 603 orbem
2926 549 3326 603 mitterentur.
3360 551 3509 605 lllud
3535 568 3641 605 au-

1999 640 2139 701 tem,
2172 653 2360 706 usque,
2396 637 2746 707 plerumque
2780 639 2838 691 in
2872 654 3039 692 sacra
3066 638 3369 708 Scriptura
3411 639 3641 693 deﬁniti

2002 726 2285 795 temporis
2317 727 2802 781 constitutionem
2834 727 3077 792 indicat,
3113 743 3231 780 non
3278 726 3493 780 deﬁnit
3538 743 3646 780 au-

2003 818 2120 867 tem
2154 814 2311 883 quod
2341 820 2549 884 postea
2581 815 2708 867 erit.
2746 816 2976 869 Dictum
3002 816 3127 885 jam
3167 820 3256 869 est
3286 814 3357 869 de
3414 831 3649 885 semper

2005 901 2239 973 Virgine
2271 902 2542 972 Deipara,
2577 903 2733 974 quod
2765 920 2883 957 non
2916 903 3306 975 cognoscebat
3359 902 3521 957 illam
3552 904 3647 956 Jo-

2004 991 2151 1061 seph
2182 990 2369 1046 donec
2401 993 2631 1063 peperit
2684 992 2873 1046 tilium
2925 1010 3095 1047 suum
3146 993 3648 1064 primogenitum;

2006 1096 2199 1150 neque
2223 1080 2417 1134 simile
2441 1080 2667 1150 aliquid
2688 1081 3016 1151 putandum
3045 1085 3151 1135 est:
3188 1081 3343 1151 quod
3374 1086 3505 1151 post
3525 1081 3651 1134 haec

2008 1168 2113 1221 viri
2146 1168 2419 1239 copulam
2453 1170 2803 1239 susceperit.
2836 1170 3210 1223 annuntiavit
3240 1170 3416 1240 igitur
3472 1169 3649 1222 etiam

2011 1257 2104 1311 hic
2137 1257 2423 1311 Dominus
2458 1273 2470 1310 :
2505 1273 2691 1327 usque
2724 1256 2796 1311 ad
2830 1258 3397 1312 consemmationem
3420 1273 3479 1311 se
3500 1257 3654 1311 futu-

2010 1364 2141 1402 rum
2165 1348 2495 1417 nobiscum,
2526 1365 2645 1403 non
2670 1354 2952 1419 tanquam
2977 1354 3109 1419 post
3138 1348 3339 1403 saeculi
3374 1364 3653 1403 consum-

2011 1437 2336 1490 mationem
2369 1436 2784 1507 segregandus.
2822 1437 3112 1507 Aitigitur
3143 1435 3375 1491 divinus
3405 1439 3655 1507 Aposto-

2010 1524 2103 1578 lus
2130 1541 2141 1577 :
2177 1526 2311 1578 Post
2343 1540 2723 1580 communem
2754 1525 3252 1579 resurrectionem
3282 1528 3565 1595 rapiemur
3595 1528 3654 1579 in

2011 1616 2245 1669 nubibus
2276 1617 2488 1670 obviam
2520 1618 2748 1669 Domino
2778 1619 2835 1669 in
2867 1633 3017 1683 aera,
3077 1622 3126 1669 et
3168 1618 3245 1669 sic
3290 1632 3499 1685 semper
3537 1632 3657 1670 cum

2016 1706 2243 1757 Domino
2300 1704 2571 1760 erimus’.
2636 1708 2699 1759 ln
2760 1705 3114 1758 memoriam
3171 1709 3367 1759 autem
3428 1709 3660 1759 revocat

2015 1794 2617 1863 consummationem,
2651 1799 2716 1847 ut
2744 1793 2930 1865 magis
2964 1810 3063 1847 eos
3093 1792 3412 1863 pertrabat,
3465 1808 3659 1862 neque

2018 1884 2336 1955 praesentia
2367 1889 2598 1939 tantum
2632 1884 2867 1938 videant
2893 1900 3023 1954 qum
3057 1882 3344 1937 terribilia
3376 1888 3532 1949 sunt,
3566 1899 3659 1936 ve-

2020 1990 2152 2028 rum
2187 1974 2365 2027 etiam
2395 1973 2593 2028 futura
2623 1973 2778 2027 bona
2808 1972 3045 2027 inﬁnita
3072 1988 3083 2025 :
3116 1971 3311 2026 tristia
3351 1972 3532 2036 enim,
3566 1972 3658 2026 in-

2021 2062 2169 2132 quit,
2202 2080 2332 2132 quae
2366 2063 2425 2116 in
2455 2063 2735 2133 przesenti
2769 2062 2983 2116 saeculo
3002 2060 3663 2128 sustinetis,dissolven-

2024 2156 2150 2216 tur;
2186 2151 2264 2204 ibi
2298 2152 2476 2205 etiam
2512 2152 2832 2221 ipsummet
2863 2150 3147 2204 smculum
3179 2149 3251 2203 ad
3286 2165 3665 2205 consumma-

2024 2239 2245 2293 tionem
2277 2240 2489 2308 veniet,
2522 2240 2677 2293 bona
2698 2255 2834 2292 vero
2869 2238 3085 2308 quibus
3113 2237 3395 2291 fruemini
3427 2238 3667 2292 immor-

2022 2327 2166 2382 talia
2222 2332 2483 2381 manent.
2544 2329 2630 2381 Ita
2687 2327 2940 2398 erigens,
3003 2325 3384 2395 excitansque
3461 2342 3667 2380 eorum

2023 2419 2276 2481 mentes,
2311 2414 2371 2468 in
2425 2414 2777 2469 memoriam
2831 2412 2945 2467 diei
3004 2412 3167 2465 illius
3221 2411 3481 2466 admisit.
3534 2413 3669 2467 Dies

2026 2504 2184 2557 enim
2215 2504 2322 2558 illa
2350 2504 2423 2557 iis
2445 2505 2544 2574 qui
2574 2520 2753 2573 opera
2782 2503 2937 2556 bona
2967 2501 3355 2572 praestiterint
3403 2501 3463 2555 in
3513 2501 3671 2556 desi—

2026 2592 2189 2646 derio
2222 2597 2333 2655 est,
2366 2590 2871 2661 quemadmodum
2906 2590 2967 2643 in
3026 2588 3281 2658 peccatis
3340 2588 3669 2643 viventibus

2026 2679 2331 2743 terribilis,
2364 2684 2565 2750 utpote
2597 2677 3009 2732 condemnatis
3036 2692 3047 2728 :
3083 2676 3183 2728 sed
3211 2692 3329 2729 non
3358 2676 3672 2730 timeamus

2028 2772 2258 2821 tantum
2294 2772 2351 2820 et
2396 2767 2904 2829 exhorrescamus,
2952 2778 3155 2816 verum
3199 2762 3376 2816 etiam
3424 2779 3673 2817 conver-

2029 2859 2225 2909 tamur
2244 2854 2385 2908 dum
2418 2861 2649 2925 tempus
2679 2860 2787 2920 est,
2820 2852 2977 2907 bona
3006 2850 3333 2905 mutatione
3356 2851 3586 2915 mutati,
3608 2855 3676 2906 ut

2031 2947 2394 3017 sempiterna
2424 2947 2541 3000 vita
2570 2944 2921 3000 fruamurin
2963 2941 3194 2996 Christo
3242 2942 3377 2995 Jesu
3421 2941 3672 2996 Domino

2032 3041 2234 3089 nostro
2269 3052 2281 3101 ;
2316 3035 2409 3089 cui
2442 3035 2630 3106 gloria
2661 3040 2718 3090 et
2765 3032 3083 3104 imperium
3134 3046 3267 3084 cum
3316 3032 3490 3085 Patre
3546 3031 3672 3086 sine

2032 3126 2347 3197 principio,
2373 3131 2432 3180 et
2458 3126 2684 3180 viviﬂco
2715 3125 2955 3196 Spiritu,
2988 3128 3046 3177 et
3074 3136 3254 3188 nunc,
3306 3128 3364 3177 et
3413 3139 3672 3194 semper,

1951 3198 1992 3264 C
2031 3219 2090 3269 et
2118 3215 2181 3270 in
2214 3214 2431 3270 saacula
2460 3214 2835 3270 saeculorum.
2872 3217 3077 3270 Amen.

1670 3677 1819 3717 ANNO
1859 3677 2050 3718 DOHINI
2090 3678 2284 3717 DCCXV.

1373 3861 2601 4065 JOANNES

708 4209 1507 4305 CONSTANTIN
1515 4210 2151 4308 OPOLITAN
2159 4213 2316 4307 US
2390 4208 3262 4306 PATRIARGHA.

1604 4568 2368 4668 NOTITIA.

1267 4757 1451 4825 (ΜιοΗ.
1486 4756 1729 4818 LEQUIEN
1761 4760 1950 4814 Oriens
1983 4759 2286 4816 Christian.
2323 4764 2363 4814 t.
2394 4760 2439 4830 Ι,
2464 4776 2521 4830 p.
2555 4758 2705 4829 234.)

368 5095 530 5171 Cyro
589 5088 902 5171 suffectus
942 5088 1230 5171 {omnes
1275 5084 1390 5144 fuit
1451 5104 1523 5171 ex
1588 5084 1853 5171 diacono
1907 5095 1983 5171 et,
2052 5088 2488 5171 chartulario;
2580 5088 2655 5149 de
2737 5105 2861 5166 quo
2941 5084 3376 5171 Theophanes
3435 5081 3512 5141 ad
3570 5098 3699 5171 _an-

283 5160 441 5233 nuui
499 5190 517 5230 1
575 5166 911 5247 Philippici,
965 5166 1304 5247 Bardanis:
1374 5186 1421 5247 «_
1455 5168 1653 5247 Porro
1711 5169 2121 5247 Philippicus,
2186 5170 2409 5247 inquit,
2472 5160 2772 5229 adversus
2822 5160 3217 5225 sanctam—et
3275 5160 3689 5247 universalem

281 5251 598 5332 synodum
627 5241 864 5309 sextam
899 5245 1110 5332 invehi
1139 5262 1266 5332 non
1296 5245 1565 5332 erubuit,
1616 5266 1808 5332 sacra
1845 5241 1987 5330 quae
2046 5251 2153 5332 illa
2212 5241 2504 5311 sanxerat
2562 5251 2857 5332 dogmata
2914 5246 3171 5332 studens
3224 5249 3516 5303 evertere.
3582 5241 3699 5332 Qui

280 5325 350 5393 in
381 5332 543 5392 hanc
575 5347 751 5390 suam
784 5327 1154 5409 sententiam
1188 5327 1379 5398 irent,
1418 5326 1724 5387 Joannem
1781 5325 1899 5391 015.
1961 5331 2349 5409 episcopum,
2407 5348 2618 5408 quem,
2658 5325 2855 5409 ’Cyroi
2889 5325 3023 5403 ejus
3079 5325 3402 5409 decessore
3456 5327 3694 5409 amoto,

282 5419 350 5475 et
379 5413 441 5493 in
475 5409 856 5493 monasterio
889 5407 1109 5493 Chorae
1142 5412 1337 5475 truso,
1375 5415 1720 5493 creaverat,
1757 5402 2133 5493 Germanum
2178 5402 2443 5493 'Gyzi'ci,_'
2465 5402 2780 5493 Andr-eain
2829 5402 3028 5467 Cretae
3082 5411 3142 5465 et
3181 5405 3356 5493 alios
3407 5402 3696 5493 offendit,

283 5492 396 5574 qui
427 5488 860 5574 anathemain
888 5492 1170 5574 sanctam
1191 5485 1503 5574 synodum
1558 5493 1802 5549 sextam
1860 5482 2264 5553 intorserunt.
2302 5515 2332 5545 »
2391 5482 2658 5574 Totuilli
2714 5489 2927 5566 itaque
2959 5485 3197 5574 magni
3253 5482 3522 5574 nominis
3580 5482 3699 5572 viri

286 5563 500 5652 i-mpiis
531 5568 782 5651 tyranni
829 5565 1023 5652 hujus
1082 5563 1793 5652 moli;minibus_morem
1843 5579 1987 5633 tunc
2038 5576 2384 5649 gessi-runt,
2437 5570 2664 5647 quibus
2715 5563 2844 5652 non
2880 5571 2976 5627 sat
3029 5565 3253 5652 virium
3300 5565 3381 5626 ad
3438 5563 3493 5652 ei
3543 5563 3698 5621 resi-

286 5643 582 5715 stendum
633 5668 764 5713 esse
824 5643 1162 5711 videretur.
1223 5646 1450 5708 Verum
1506 5646 1861 5729 Philippica
1917 5643 2173 5716 detruso
2232 5656 2293 5711 et
2345 5643 2685 5721 exciecato,
2743 5647 2999 5728 ejusque
3055 5645 3120 5706 in
3178 5647 3386 5709 locum
3435 5643 3704 5717 inaugu-
