4048 6210
180 351 318 406 1417

1185 352 1535 414 τριετοιιλ
1569 354 1670 405 AD
1704 312 2272 411 consummant
2308 360 2577 416 PAPAM.

3453 369 3591 425 1418

174 481 396 531 πταῖσαι
457 469 729 549 συμϐαίη,
787 473 823 544 ἤ
881 472 1069 536 ἄλλως
1124 496 1242 538 πως
1313 480 1675 543 κεκακῶσθαι,
1735 472 1815 528 ού)

1943 480 2123 546 afﬁci,
2156 484 2315 539 haud
2375 502 2617 555 prorsus
2666 504 2871 544 eorum
2906 490 3018 545 sibi
3048 508 3251 547 curam
3282 499 3450 564 putat
3481 494 3585 549 de-

169 565 591 640 ἀπροσποίητον
613 566 711 633 τὴν
770 564 977 619 τούτων
1029 560 1344 637 ἐπιμέλειαν
1402 565 1628 628 τίθεται·
1684 561 1831 617 ἀλλὰ

169 657 261 712 καὶ
298 658 438 729 πρὸς
469 657 537 711 τὰ
564 660 673 710 τῶν
705 656 887 727 μελῶν
921 652 1124 731 ἔσχατᾶ
1146 657 1246 725 τὴν
1296 657 1525 724 φυσικὴν
1581 653 1829 709 δεικνῦσα

167 746 533 819 συμπάθειαν,
597 743 687 799 διὰ
740 751 843 813 τῆς
915 749 1023 799 τῶν
1088 748 1290 820 χειρῶν
1381 744 1699 820 ὑπουργίας,
1756 747 1825 816 τῇ

164 834 370 910 ὀδηγίᾳ
397 839 496 889 τοῦ
524 834 819 911 ὀφθαλμοῦ
877 834 1165 907 θεραπεύει
1218 834 1280 888 τὸ
1333 834 1665 904 πεπονηκὸς,
1726 833 1828 887 οὐκ

169 926 514 998 ἀτιμάζουσα
569 923 659 978 καὶ
718 923 1157 997 ἀποπεμπομένη
1216 924 1316 991 τήν
1374 922 1579 977 τούτων
1638 922 1825 995 συνέρ-

170 1014 326 1090 γείαν
360 1014 435 1075 ὡς
465 1011 766 1087 ἄχρηστον.
792 1011 1017 1074 Τούτοις
1070 1011 1135 1079 δὴ
1192 1012 1258 1066 τὰ
1312 1012 1449 1067 κατὰ
1474 1012 1572 1080 τὴν
1634 1009 1827 1082 ὑμετέ-

175 1124 271 1177 ραν
327 1100 703 1169 ἀποπολικήν
762 1100 1052 1176 προεδρίαν
1137 1097 1341 1175 ἔχομεν
1423 1096 1823 1175 παραϐάλλειν,

174 1193 496 1268 ἁγιώτατοι,
586 1189 678 1246 καὶ
735 1188 980 1266 κεφαλὴν
1034 1191 1133 1259 τῆς
1214 1190 1349 1245 κατὰ
1402 1190 1630 1262 Χριστὸν
1662 1190 1823 1264 ἱερω-

174 1282 342 1352 σύνης
389 1284 689 1341 κανονικῶς
747 1280 887 1352 ὑμᾶς
974 1278 1347 1353 λογιζόμενοι,
1432 1279 1674 1345 εἰκότως,
1754 1275 1825 1332 δι’

174 1372 333 1445 ὑμῶν
410 1370 775 1441 ἐπιζητοῦμεν
832 1375 933 1437 τῆς
1000 1363 1375 1439 ἐπισυμϐασης
1455 1367 1687 1441 ἀθυμίας
1744 1370 1824 1438 τῷ

168 1462 293 1525 καθ’
323 1461 469 1532 ἡμᾶς
502 1458 941 1529 ἐκκλησιαστικῷ
974 1458 1188 1530 σώματι
1246 1458 1305 1511 ἐκ
1358 1463 1457 1526 τῆς
1504 1452 1822 1528 λοιμώδους

164 1548 259 1603 καὶ
347 1551 644 1603 νοσοποιοῦ
729 1551 838 1601 τῶν
926 1549 1122 1621 ψυχῶν
1177 1548 1499 1621 τυραννικῆς
1559 1542 1821 1616 ἔξουσίας,

164 1636 517 1712 παραμυθίαν
610 1635 956 1709 κομίσασθαι.
1041 1637 1264 1698 Πάντως
1343 1635 1445 1710 γὰρ
1500 1634 1592 1688 καὶ
1645 1633 1821 1703 ὑμεῖς,

162 1731 244 1798 τῷ
297 1733 401 1795 τῆς
458 1723 705 1802 κεφαλῆς
766 1722 1050 1797 ἷδιώματι,
1083 1720 1410 1793 ἀϐουλήτως
1464 1721 1820 1791 νενοσηκότας

161 1818 317 1888 ἡμᾶς
375 1813 436 1869 ού
495 1813 841 1887 περιόψεσθε,
905 1810 1032 1867 οὐδὲ
1109 1819 1210 1880 τῆς
1266 1813 1468 1867 ἑαυτῶν
1522 1809 1818 1888 συμφυείας

165 1906 320 1976 ἡμᾶς
352 1903 785 1976 ἀποπέμψοισθε.
830 1900 1010 1956 Ἀλλὰ
1070 1900 1281 1973 μᾶλλον
1340 1906 1457 1962 τοῖς
1513 1899 1813 1974 τραύμασιν

166 1996 331 2066 ἡμῶν
405 1990 880 2066 ἰπιστυγνάζοντες
957 1991 1285 2063 (πάσχοντος
1358 1990 1458 2065 γὰρ
1537 1989 1653 2050 ἑνὸς
1718 1987 1812 2059 μέ-

168 2082 326 2151 λους,
360 2082 705 2155 συμπάσχειν
766 2078 909 2141 εἰκὸς
969 2081 1143 2134 πάντα
1198 2080 1265 2133 τὰ
1328 2078 1493 2152 μέλη,
1534 2079 1670 2132 κατὰ
1711 2078 1813 2145 τὴν

165 2176 266 2227 τοῦ
298 2167 631 2227 Ἀποστόλου
660 2170 894 2246 φωνὴν),
925 2172 1014 2222 νῦν
1044 2171 1113 2240 τῇ
1145 2170 1282 2243 πρὸς
1307 2169 1369 2223 τὸ
1420 2168 1567 2241 ὑγιὲς
1616 2165 1812 2221 ἐπανα-

166 2259 378 2336 δρομῇ,
435 2259 525 2314 καὶ
582 2258 719 2330 πρὸς
773 2258 835 2311 τὸ
893 2256 1081 2329 ἄρτιον
1139 2257 1568 2311 ἀποκαταστάσει
1625 2257 1814 2327 ἡμῶν,

166 2350 574 2426 συγχαρήσεσθε
620 2344 950 2402 δικαιότατα·
1008 2346 1096 2401 καὶ
1151 2345 1406 2417 μάλιστα,
1464 2343 1695 2415 ὁπηνίκα
1749 2343 1812 2397 τὸ

164 2436 530 2514 ἄῤῥώστημα,
565 2435 664 2490 οὐκ
692 2434 752 2489 ἐκ
778 2441 877 2503 τῆς
906 2434 1082 2496 αἰτίας
1139 2438 1234 2487 τοῦ
1265 2435 1517 2505 σώματος
1562 2436 1660 2503 τήν
1722 2431 1813 2485 σύ-

164 2548 355 2582 στασιν
400 2526 649 2603 εἴληφεν,
706 2524 835 2580 ἀλλ’
895 2522 1086 2594 ἔξωθεν
1132 2519 1493 2596 βεϐιασμένης
1550 2522 1639 2578 καὶ
1688 2521 1814 2577 ἀδο-

167 2618 349 2685 κήτου
449 2618 733 2685 συμφορᾶς
808 2612 1022 2685 γέγονεν
1104 2612 1468 2685 ἀποτέλεσμα·
1553 2612 1678 2684 περὶ
1743 2613 1813 2682 ἦς

167 2704 479 2781 ἀναγκαίως
544 2705 692 2777 ὑμῖν,
753 2701 982 2780 ἀδελφοὶ
1040 2702 1381 2775 θεοτίμητοι,
1414 2703 1474 2757 τὸ
1505 2704 1673 2775 παρὸν
1717 2704 1815 2770 τῆς

164 2793 552 2871 πληροφορίας
609 2793 1005 2863 ἀπεστείλαμεν
1074 2792 1324 2866 γράμμα,
1403 2792 1514 2845 οἷον
1601 2791 1815 2864 ἀπογυ-

168 2888 433 2956 μνοῦντες
464 2883 591 2955 ὑμῖν
622 2879 690 2935 δι’
716 2881 883 2935 αὐτοῦ
923 2880 1012 2934 καὶ
1049 2877 1345 2942 δεικνύντες
1400 2880 1462 2934 τὸ
1520 2887 1619 2949 τῆς
1675 2879 1815 2949 πλη·

164 2978 278 3046 γῆς
313 2969 604 3044 δυσαχθές.
639 2970 733 3024 Διὸ
764 2968 853 3023 καὶ
888 2967 1054 3043 μέχρι
1086 2972 1185 3022 τοῦ
1216 2972 1329 3038 νῦν,
1365 2968 1500 3044 πρὸς
1529 2970 1627 3037 τὴν
1663 2970 1814 3041 ὑμῶν

162 3060 478 3136 ἁγιωσύνην
509 3063 589 3129 τῶ
618 3059 833 3128 συνήθει
877 3064 975 3125 τῆς
1036 3055 1323 3126 συνοδικῆς
1378 3060 1816 3135 προσφωνήσεως

160 3156 496 3215 καταντῆσαι
556 3145 966 3217 διεκωλύθημεν
1020 3151 1349 3214 τυραννικῶς
1431 3147 1815 3221 κατεχόμενοι·

449 2618 733 2689 συμφορᾶς
808 2612 1022 2688 γέγονεν
1104 2611 1468 2685 ἀποτέλεσμα·

1847 1862 1894 1927 Β

1944 573 2309 627 trectandam
2346 591 2358 627 :
2394 575 2537 645 quin
2562 577 2756 646 potius
2790 595 2926 650 erga
2970 581 3147 634 etiam
3200 582 3466 637 membra
3498 583 3591 638 in-

1939 660 2078 715 tima
2110 663 2443 718 naturalem
2466 668 2943 737 compassionem
2969 669 3277 735 exhibens,
3302 686 3587 727 manuum

1935 750 2290 820 ministerio,
2316 754 2486 809 oculo
2511 756 2680 823 duce,
2716 764 2883 812 curat
2912 760 3071 829 quod
3132 762 3410 814 affectum
3472 766 3583 827 est,

1935 839 2087 893 nihil
2120 857 2327 897 eorum
2353 843 2741 913 adjutorium,
2785 864 2892 901 ceu
2924 849 3139 903 inutile
3183 866 3472 919 spernens
3516 866 3585 905 ac

1935 929 2234 999 rejiciens.
2260 932 2359 986 His
2398 950 2573 1003 porro
2622 936 3010 1006 apostolicam
3071 944 3323 992 vestram
3384 939 3586 1009 praasi-

1934 1016 2197 1073 dentiam
2229 1036 2297 1074 ac
2323 1022 2712 1091 pontificium,
2732 1026 3094 1080 sanctissimi
3120 1044 3465 1098 comparare
3480 1028 3587 1083 ha-

1932 1106 2387 1180 bemus,vosque
2420 1111 2732 1166 sacerdotii
2765 1114 3297 1181 Christi,canonice
3323 1117 3578 1187 caput(i)

1932 1202 2274 1266 reputantes
2332 1200 2429 1269 (2),
2486 1217 2595 1270 per
2638 1218 2736 1256 vos
2786 1204 3130 1272 quaerimus,
3182 1210 3246 1258 ut
3303 1205 3580 1260 solatium

1931 1284 2173 1355 aliquod
2204 1303 2237 1341 a
2268 1290 2544 1343 maestitia
2583 1291 2883 1361 animique
2912 1292 3216 1364 languore,
3252 1294 3352 1363 qui
3377 1300 3579 1349 nostro

1932 1373 2070 1428 huic
2101 1376 2374 1431 Ecclesiae
2402 1380 2659 1448 corpori,
2692 1397 2761 1433 ex
2812 1381 3095 1451 pestifera
3143 1398 3209 1436 ac
3267 1382 3579 1438 animabus

1932 1463 2179 1519 exitiosa
2208 1467 2518 1535 tyrannica
2564 1474 2853 1538 potestate
2907 1470 3137 1534 accidit,
3185 1478 3576 1541 reportemus.

1930 1551 2111 1606 Plane
2152 1553 2545 1623 siquidem,ea
2575 1574 2809 1627 quoque
2828 1575 2930 1611 vos
2957 1560 3167 1629 capitis
3194 1560 3574 1629 proprietate,

1930 1640 2265 1697 inconsulto
2298 1644 2570 1714 nihilque
2593 1646 2856 1701 volentes
2880 1646 3219 1702 laborantes
3252 1649 3576 1715 nos,haud—

1931 1746 2230 1800 quaquam
2263 1732 2671 1803 despexeritis,
2705 1740 2804 1789 aut
2834 1752 2867 1790 a
2897 1744 3087 1791 vestra
3133 1737 3573 1793 necessitudine

1928 1819 2266 1889 repuleritis
2300 1837 2312 1875 :
2348 1823 2494 1893 quin
2526 1840 2663 1879 vero
2696 1841 2874 1896 super
2904 1825 3409 1880 nostrisdolentes
3443 1826 3571 1882 vul-

1924 1908 2205 1965 neribus:
2239 1910 2457 1982 quippe
2485 1913 2750 1967 membro
2801 1931 2919 1968 uno
2975 1916 3259 1986 patiente,
3322 1932 3427 1985 par
3486 1922 3576 1971 est

1924 2000 2179 2068 compati
2214 2000 2484 2055 membra
2514 2002 2736 2069 omnia,
2760 2004 2932 2074 juxta
2976 2005 3239 2074 Apostoli
3274 2006 3519 2058 vocem2
3554 2021 3567 2060 :

1924 2093 2127 2142 nostro
2158 2104 2317 2143 nunc
2338 2090 2411 2143 ad
2443 2091 2758 2145 sanitatem
2806 2092 3023 2157 reditu,
3076 2110 3142 2147 ac
3192 2094 3569 2149 restitutione

1923 2176 2191 2245 pristina?
2223 2179 2544 2247 sospitatis,
2577 2196 2696 2234 una
2726 2180 3035 2235 nobiscum
3056 2182 3386 2252 justissime
3408 2182 3568 2252 gavi-

1924 2266 2043 2318 suri
2068 2267 2252 2331 estis;
2289 2267 2465 2338 idque
2496 2270 2775 2333 maxime,
2838 2271 2996 2340 quod
3054 2271 3297 2324 morbus
3356 2287 3476 2324 non
3535 2286 3569 2323 a

1923 2370 2168 2424 corpore
2199 2372 2438 2409 causam
2470 2357 2747 2412 habuerit
2776 2374 2842 2412 ac
2892 2364 3108 2422 ortum,
3145 2358 3246 2411 sed
3278 2358 3570 2412 extrinse-

1923 2457 2047 2509 cus,
2096 2443 2368 2498 violentaa
2419 2461 2488 2499 ac
2540 2446 2876 2517 improvisae
2930 2448 3286 2501 calamitatis
3326 2449 3571 2500 effectus

1924 2532 2239 2599 exstiterit;
2265 2532 2336 2587 de
2369 2551 2484 2603 qua
2512 2535 2675 2589 vobis
2705 2536 3063 2602 necessario,
3098 2536 3369 2590 honorati
3398 2553 3431 2590 a
3452 2536 3570 2590 Deo
3616 2532 3617 2535 “

1921 2618 2156 2687 fratres,
2185 2628 2541 2691 praesentem
2574 2624 2995 2677 satisfactionis
3022 2624 3375 2693 scripturam
3405 2622 3572 2676 misi-

1924 2725 2079 2771 mus,
2112 2726 2220 2779 per
2241 2725 2370 2763 eam
2402 2710 2562 2763 velut
2591 2712 2931 2781 detegentes
2974 2728 3041 2765 ac
3092 2711 3411 2780 prodentes
3444 2710 3573 2764 vul-

1926 2796 2085 2850 neris
2115 2798 2478 2867 gravitatem.
2510 2798 2732 2852 Idcirco
2779 2800 2981 2864 etiam,
3016 2800 3325 2867 tyrannica
3372 2799 3574 2853 hacte-

1925 2901 2037 2939 nus
2060 2886 2410 2939 necessitate
2443 2887 2685 2954 detenti,
2705 2893 3004 2941 consuetae
3037 2886 3333 2957 synodicae
3352 2887 3572 2941 allocu-

1930 2974 2106 3028 tionis
2136 2974 2354 3040 officio,
2409 2976 2690 3045 prohibiti
2751 2993 2954 3030 sumus
3003 2981 3208 3029 vestras
3272 2975 3572 3031 sanctitati

1928 3080 2237 3117 occurrere
2268 3080 2281 3117 :
2306 3064 2524 3134 quippe
2554 3064 2711 3118 haud
2738 3064 2957 3133 alioqui
2983 3064 3221 3124 licebat,
3279 3071 3342 3118 ut
3371 3064 3443 3119 ad
3474 3080 3575 3120 vos

1929 3151 2428 3223 scribentes,pure
2461 3170 2527 3207 ac
2559 3154 2708 3207 nihil
2741 3153 2995 3215 turbide,
3032 3154 3268 3224 pietatis
3299 3153 3575 3221 dogmata

160 3238 230 3295 οὐ
261 3238 361 3313 γαρ
394 3237 578 3299 ἄλλως
610 3237 674 3307 ἦν
710 3238 858 3308 ἡμᾶς
914 3234 1047 3309 πρὸς
1098 3233 1238 3306 ὑμᾶς
1294 3232 1515 3311 γράφειν
1566 3239 1815 3310 καθαρῶς

1930 3240 2261 3295 ederemus.
2298 3242 2553 3296 Veniens
2585 3241 2880 3312 siquidem
2939 3242 3011 3297 ad
3072 3248 3479 3297 conservatam
3540 3258 3575 3297 a

154 3349 221 3385 τε
282 3329 373 3383 καὶ
454 3324 874 3390 ἀνεπιθοΛώτως
958 3322 1335 3396 ἐκτιθεμένους
1385 3332 1485 3393 τῆς
1542 3320 1813 3388 εὐσεϐείας

158 3414 440 3489 δόγματα.
503 3408 836 3469 Καταλαϐὼν
894 3414 995 3488 γὰρ
1053 3414 1151 3479 τήν
1197 3412 1563 3489 θεοφύλακτον
1610 3414 1811 3485 ταύτην

155 3503 332 3559 πόλιν
385 3502 518 3576 μετὰ
579 3509 682 3571 τῆς
729 3498 922 3570 ἔξωθεν
982 3497 1293 3561 δυναστείας
1351 3504 1367 3573 (
1426 3501 1486 3555 οὐ
1570 3502 1673 3577 γαρ
1751 3500 1811 3556 ἂν

156 3592 333 3673 φαίην
358 3591 580 3662 ἀληθῶς
624 3589 925 3667 βασιλείας)
978 3590 1005 3643 ὁ
1057 3590 1119 3643 τὸ
1177 3583 1336 3651 ἕλκος
1399 3592 1532 3661 ἡμῖν
1588 3590 1815 3666 λῃστρι..

155 3688 304 3751 κῶς,
332 3680 424 3736 καὶ
457 3684 575 3736 οἷον
628 3679 679 3750 ἐξ
737 3676 954 3753 ἐνέδρας
1004 3677 1290 3752 ἐπαγαγὼν
1349 3679 1468 3742 καθ’
1551 3678 1642 3741 οὕς
1702 3678 1816 3737 οἶδε

158 3771 375 3847 λόγους
401 3765 767 3843 κυϐερνητική
827 3766 1067 3842 Πρόνοια
1114 3771 1223 3821 τῶν
1280 3767 1527 3822 ἁπάντων
1558 3768 1667 3837 (καὶ
1714 3770 1814 3846 γὰρ

245 3911 268 3946 ²
298 3913 323 3965 Ι
352 3911 483 3966 Cor.
516 3926 619 3978 xu,
651 3912 741 3965 26.

1922 3331 2039 3385 Deo
2062 3329 2271 3385 urbem
2303 3330 2455 3385 hanc
2479 3347 2612 3386 cum
2646 3337 2890 3385 externa
2922 3332 3185 3401 potentia
3220 3348 3232 3397 ;
3259 3349 3381 3385 non
3414 3331 3574 3386 enim

1923 3436 2054 3473 vere
2111 3436 2247 3473 cum
2307 3420 2554 3489 imperio
2615 3419 2887 3485 dixerim,
2940 3420 3040 3489 qui
3100 3420 3271 3474 nobis
3325 3419 3575 3474 latronis

1924 3525 2192 3574 more,ac
2214 3525 2321 3562 ceu
2344 3526 2413 3562 ex
2444 3509 2678 3563 insidiis
2713 3508 2933 3562 inflixit
2953 3509 3187 3571 vulnus,
3214 3510 3385 3579 juxta
3417 3509 3577 3579 quod

1924 3597 2083 3651 novit
2121 3597 2503 3668 gubernatrix
2561 3598 2828 3651 omnium
2890 3597 3323 3665 Providentia;
3382 3615 3577 3669 neque

1927 3685 2087 3739 enim
2119 3691 2388 3740 nostrum
2421 3692 2528 3756 est,
2562 3692 2626 3740 ut
2647 3686 3015 3757 judiciorum
3048 3686 3149 3741 Dei
3212 3687 3578 3758 profundum

1927 3780 2297 3829 scrutemur:
2330 3774 2789 3829 fundamentum
2819 3774 3129 3845 basimque
3165 3775 3421 3845 imperii,
3454 3775 3578 3830 vio-

1775 4003 1976 4058 ΝΟΤᾹΞ
1986 4043 1998 4057 .

232 4126 317 4196 (1)
352 4126 425 4179 Ut
447 4124 672 4194 aliquid
698 4124 969 4196 caliginis
1011 4124 1294 4179 offudisse
1339 4124 1637 4180 videretur
1690 4130 1806 4183 Ro-

149 4213 360 4253 manae
395 4201 451 4250 et
481 4196 638 4250 Petri
670 4196 827 4250 sedis
851 4196 1267 4266 splendoribus
1294 4196 1807 4267 quibusillustrari

143 4269 345 4323 habet
374 4267 634 4322 Ecclesia
664 4267 1036 4333 universalis,
1075 4269 1312 4322 lionorii
1354 4269 1806 4325 Monothelismo

141 4340 248 4395 vel
280 4356 417 4393 vero
448 4339 541 4391 vel
574 4345 798 4409 putato,
841 4338 1097 4393 obducta
1155 4340 1374 4393 nebula
1410 4356 1422 4393 :
1476 4341 1560 4395 sic
1610 4347 1807 4396 tamen

140 4411 350 4467 secuti
374 4410 579 4483 ordine
613 4410 975 4483 sanctissimi
1035 4409 1267 4481 fideque
1328 4412 1695 4483 integerrimi
1743 4430 1808 4468 ac

137 4483 282 4538 zelo
315 4482 517 4536 eximii
552 4482 883 4551 pontifices,
914 4482 1191 4541 Joannes.
1224 4482 1586 4549 Theodorus,
1624 4486 1813 4539 Marti-

137 4571 295 4609 nus.
324 4553 570 4624 Agatho,
598 4553 730 4619 Leo,
772 4552 1142 4617 Benedictus,
1186 4559 1320 4619 etc.,
1388 4554 1672 4609 doctrinas
1743 4572 1810 4610 ac

139 4615 497 4681 sanctitatis
545 4615 727 4679 radiis
776 4615 1162 4695 disiecerunt.
1212 4630 1279 4679 ut
1312 4615 1638 4695 nunquam
1673 4626 1811 4680 illu-
1844 4615 1887 4678 D

138 4696 409 4753 striores
471 4695 576 4749 visi
636 4696 756 4750 sint
817 4693 1178 4765 dissipandis
1264 4693 1496 4766 ubique‘
1542 4713 1809 4751 errorum

137 4766 646 4832 obscuritatibus,
680 4782 985 4836 nunquam
1045 4766 1421 4831 calentiores,
1462 4768 1728 4822 fovendis
1764 4769 1810 4823 si

133 4856 311 4911 quos
341 4837 655 4892 haereticus
686 4839 851 4910 algor
883 4838 1154 4905 haberet,
1190 4854 1401 4911 aurave
1424 4839 1582 4893 mala
1611 4838 1807 4895 afflas-

131 4909 248 4967 set
280 4927 295 4975 ;
332 4911 525 4980 sitque
549 4909 921 4982 argumento,
948 4915 1162 4982 praeter
1192 4909 1307 4982 alia
1338 4915 1587 4979 utraque
1608 4911 1814 4965 adver-

129 4999 259 5038 sus
287 4981 702 5036 Monothelitas
736 4981 960 5053 synodo
994 4981 1328 5053 illustribus
1387 4982 1533 5035 actis
1564 4982 1810 5053 digesta,

126 5072 212 5109 ac
246 5070 284 5107 a
317 5053 567 5107 diversis
616 5052 1008 5123 scriptoribus
1071 5052 1307 5117 tradita,
1363 5070 1542 5123 quam
1596 5052 1813 5107 nevum

124 5126 371 5181 damus
418 5124 659 5179 Joannis
691 5125 798 5178 ΟΡ.
833 5123 905 5177 ad
938 5124 1391 5178 Constantinum
1444 5141 1657 5195 papam
1688 5126 1815 5195 epi-

124 5196 313 5253 stola
347 5212 359 5247 :
396 5212 512 5265 qua
544 5195 672 5267 ipso
706 5195 945 5250 exordio
970 5195 1052 5267 sic
1076 5197 1356 5267 Romana)
1388 5202 1446 5249 et
1477 5196 1631 5250 Petri
1657 5196 1813 5251 sedis

124 5266 689 5341 primatumgeﬂ'ert
717 5267 949 5341 egregia
982 5266 1085 5320 illa
1113 5266 1808 5341 capitiscomparatione,

130 5338 414 5411 ejusque
447 5338 780 5411 officiorum
829 5338 899 5411 ad
946 5338 1216 5392 membra
1263 5338 1515 5411 reliqua.
1568 5347 1631 5393 ut
1663 5339 1815 5393 nihil

131 5409 639 5483 pressiustnihil
686 5409 758 5483 ad
817 5410 943 5483 ejus
998 5409 1579 5483 commendationem
1629 5428 1813 5480 augu-

125 5480 485 5562 sti_us,_‘vel
540 5498 575 5535 a
626 5481 828 5562 Latino
883 5481 1126 5562 homine
1185 5480 1298 5562 dici
1362 5483 1569 5562 possit.
1630 5484 1816 5562 Caput

124 5552 396 5624 astruit,
430 5570 551 5607 non
584 5552 828 5624 politico
879 5557 1109 5624 tantum
1166 5552 1455 5623 regimine
1516 5554 1809 5623 superius,

125 5623 267 5680 sed
299 5622 1057 5694 sensuum'principalitate
1095 5622 1409 5694 prasstans,
1445 5622 1650 5693 eaque,
1706 5640 1813 5679 ceu

122 5713 219 5753 ex
248 5709 412 5767 arce,
435 5693 725 5751 membris
752 5693 1029 5749 omnibus
1079 5693 1315 5766 mystici
1347 5695 1615 5765 corporis
1643 5694 1811 5750 beni-

565 5816 835 5877 ΡΑτιιοι..
882 5814 993 5875 Gn.
1040 5812 1250 5877 XCVI.

1920 4144 2030 4200 gne
2063 4127 2454 4198 prospiciens,
2479 4144 2545 4182 ac
2569 4128 2905 4182 necessaria
2926 4144 3198 4200 qumque
3222 4142 3291 4179 ex
3326 4124 3447 4177 suis
3466 4124 3575 4177 im-

1962 4197 2171 4254 etiens.
2208 4197 2383 4268 Caput
2426 4215 2578 4273 ergo
2636 4198 2944 4273 sacerdotii
2994 4197 3219 4261 Christi,
3271 4200 3569 4273 assertore

1949 4287 2141 4325 oanne
2173 4264 2397 4336 nostro,
2426 4264 2726 4323 Romanus
2754 4269 3036 4339 pontifex,
3077 4284 3111 4321 a
3168 4283 3283 4337 quo
3329 4264 3570 4339 praecisi

1920 4342 2238 4397 schismate
2264 4356 2637 4394 successores
2695 4335 3341 4409 constantinopolitani
3385 4335 3571 4409 patri-

1920 4414 2138 4474 archas,
2160 4412 2331 4466 aliive
2363 4411 2619 4477 sectarii,
2651 4411 2888 4464 videant
2919 4416 2982 4463 ut
3013 4406 3206 4464 vivant
3240 4426 3253 4473 ;
3292 4424 3359 4462 ac
3396 4406 3572 4477 quale

1921 4500 2094 4539 suum
2129 4481 2527 4537 sacerdotium
2558 4482 2740 4536 velint
2770 4482 2881 4535 hoc
2914 4482 3205 4535 nudatum
3246 4478 3459 4549 capite,
3493 4478 3576 4549 si-_-

1921 4553 2161 4626 quidem
2220 4553 2592 4626 illudcaput
2650 4562 2725 4607 est
2782 4553 3079 4607 sacerdotii
3131 4547 3355 4626 Christi,
3416 4547 3575 4618 quod

1922 4621 2106 4680 unum
2130 4640 2246 4677 uno
2279 4621 2504 4693 capite,"
2526 4625 2652 4694 ipso
2678 4641 2796 4678 uno
2833 4641 3065 4679 summo
3125 4621 3433 4678 sacerdote
3466 4636 3572 4675 no-

1925 4704 2071 4759 stro,
2097 4696 2435 4749 institutum
2460 4703 2567 4751 est.

1996 4768 2068 4838 (2)
2120 4767 2391 4820 Canonice
2449 4773 2784 4837 reputantes,
2842 4768 3137 4824 κανονικῶς
3202 4762 3572 4838 λογιζόμενοι.

1921 4834 2091 4913 Juxta
2105 4838 2261 4907 quod
2276 4834 2523 4913 monent
2544 4839 2693 4913 sacri
2713 4854 3117 4913 canones,non
3143 4837 3298 4913 velut
3313 4834 3423 4913 ipsi
3438 4847 3574 4913 cum

1925 4903 2245 4984 primatum
2271 4910 3124 4984 constituant.lleclarantnion
3150 4908 3403 4961 faciunt:
3426 4903 3575 4984 alio-

1924 4980 2023 5051 qui
2058 4981 2208 5034 nihil
2243 4997 2517 5050 magnum
2544 4980 2905 5034 haberetilla
2928 4980 3135 5049 capitis
3162 4980 3568 5051 prierogativa,

1968 5070 2055 5107 uae
2091 5058 2209 5106 tota
2250 5048 2408 5105 esset
2455 5052 2701 5105 humani
2750 5052 2927 5119 juris,
2964 5048 3072 5105 nec
3104 5066 3303 5103 secum
3338 5048 3578 5101 afferret

1968 5070 2055 5107 uae
2091 5070 2209 5106 tom
2250 5070 2408 5105 esset
2455 5070 2701 5105 numam
2750 5070 2927 5119 ληίης,
2964 5070 3072 5105 nec
3104 5070 3303 5103 secum
3338 5070 3568 5101 auem-eu

1926 5070 2088 5178 illam
2118 5140 2400 5177 sensuum
2448 5122 2973 5193 principalitatem,
3033 5118 3433 5193 necessariam
3474 5133 3568 5171 re-

1923 5196 2148 5267 gendis,
2184 5191 2470 5253 fovendis,
2505 5193 2788 5267 acidebite
2822 5192 3248 5267 componendis
3278 5191 3337 5267 in
3360 5261 3369 5267 _
3392 5191 3575 5243 finem

1925 5261 2053 5320 vita;
2087 5273 2345 5326 aeterna),
2408 5266 2691 5319 membris
2724 5261 3021 5318 Ecclesia).
3084 5263 3190 5325 Qui
3262 5261 3373 5315 sibi
3435 5274 3576 5330 ergo

1924 5337 2250 5392 Ecclesiam
2274 5337 2519 5406 accepit.
2556 5336 2604 5389 is
2638 5336 2688 5387 ei
2724 5342 2900 5405 caput
2931 5335 3020 5389 sui
3078 5334 3385 5395 vicarium,
3438 5346 3578 5406 cum

1925 5409 2085 5463 omni
2108 5408 2317 5477 capitis
2342 5402 2828 5477 prierogativa,ad
2863 5405 3323 5461 similitudinem
3366 5402 3580 5477 capitis

1925 5473 2425 5547 naturalisjuxta
2455 5473 2614 5547 quod
2647 5478 2870 5547 patitur
2903 5478 3050 5531 ratio
3085 5477 3295 5546 capitis
3320 5473 3582 5547 mystici,

1924 5568 2040 5605 non
2068 5545 2559 5621 principalis.sed
2596 5545 3030 5608 m‘inisterialis.
3065 5545 3174 5603 sub
3208 5548 3415 5603 eodem
3449 5545 3579 5616 ipso

1923 5620 2153 5677 Christo
2187 5621 2502 5692 principali
2534 5621 2753 5691 capite,
2790 5620 3076 5691 praafecit.

3216 5810 3292 5867 45
