4066 6218
247 360 391 418 1425

1257 367 1608 423 EPISTULA
1647 366 1744 417 AD
1778 360 2342 419 CONSTANTINUM
2379 366 2644 419 PAPAM.

3518 375 3541 428 1
3554 374 3657 428 4⁸26

243 484 484 541 ὶναντίον
541 492 959 560 περιτραπῆναι,
1005 485 1144 542 ὥστε
1195 491 1272 561 μὴ
1321 488 1590 564 ἀλλότρια
1644 485 1887 561 δόγματα

2005 488 2187 555 utque
2219 502 2349 542 eam
2382 487 2585 542 subtili
2616 489 2871 561 cogitatu
2901 490 2961 544 in
2995 494 3354 548 contrarium
3398 504 3649 554 vertere-

243 570 514 650 ἇναφαδὸν
575 572 965 649 ἐπεισαχθῆναι
1035 579 1104 650 τῇ
1164 575 1462 650 Ἐκκλησία
1491 623 1506 648 ,
1563 577 1654 631 καὶ
1705 575 1891 629 τὶλεον

243 661 664 733 διασαλευθῆναι
721 664 789 718 τὰ
844 663 1029 723 καλῶς
1087 667 1398 742 πεπηγότα
1443 667 1534 721 καὶ
1587 659 1894 738 ἀκράϐαντα

246 751 499 828 μείναντα
553 753 677 825 περὶ
732 757 831 808 τοῦ
904 755 1266 829 προκειμένου
1319 755 1419 822 τῆς
1476 750 1749 814 εὐσεϐείας
1808 763 1889 815 θε-

241 843 544 916 σπίσματα·
599 841 689 897 καὶ
747 841 860 916 ἅμα
921 845 1057 920 μέγα
1113 846 1425 918 τιθέμενοι,
1480 845 1544 900 τὸ
1599 843 1690 898 καὶ
1748 842 1894 916 παρά

239 937 349 990 τῶν
407 932 692 1007 πολεμίων
739 941 840 1004 τῆς
897 932 1372 1009 διονομασθείσης,
1431 934 1585 1012 ἁγίας
1639 931 1889 1001 συνόδου,

239 1024 341 1093 τήν
384 1024 505 1078 κατ’
563 1019 771 1078 ἴννοιαν
829 1023 996 1095 αὐτῆς
1057 1025 1447 1100 ὁμολογεῖσθαι
1509 1020 1887 1079 διδασκαλίαν.

237 1113 393 1169 Ὅθεν
426 1119 501 1185 μῆ
535 1113 870 1189 ἀνατροπὴν,
919 1112 1068 1169 ἀλλὰ
1128 1109 1418 1191 βεϐαίωσιν
1481 1111 1695 1188 μᾶλλον
1751 1111 1892 1167 ὲκεί-

239 1222 338 1273 νης
367 1207 556 1278 σαφῶς
615 1200 1030 1268 ἀποδείκνυσθαι
1080 1204 1226 1277 παρά
1273 1226 1337 1280 γε
1376 1210 1494 1270 τοῖς
1526 1206 1670 1280 ὑγιεῖ
1695 1225 1754 1259 τε
1798 1203 1887 1258 καὶ

239 1293 602 1366 ἀπροσκλινεῖ
653 1299 755 1362 τῆς
811 1297 921 1347 τῶν
975 1295 1314 1369 πραγμάτων
1370 1295 1748 1365 κατανοήσεως
1789 1293 1888 1370 όφ-

239 1379 441 1455 θαλμῷ
468 1379 536 1437 τά
583 1385 812 1437 τοιαῦτα
851 1378 1020 1437 είδόσι
1070 1388 1311 1451 σκοπεῖν,
1361 1380 1614 1459 αὖτὰξιδὴ
1646 1381 1713 1437 τὰ
1756 1381 1891 1436 κατᾶ

234 1475 336 1539 τῆς
365 1465 594 1524 συνόδου
621 1472 702 1541 τῷ
730 1467 980 1544 τυράννῳ
1006 1471 1431 1544 σκαιωρηθέντα.

308 1649 390 1704 Το
437 1647 543 1723 γάρ
599 1644 890 1716 θελητικόν
947 1667 1006 1702 τε
1056 1647 1146 1702 καὶ
1196 1647 1546 1722 ἐνεργηκικὸν
1605 1649 1724 1702 καθ’
1782 1647 1890 1702 ἐτεο

235 1756 335 1812 ραν
370 1737 443 1810 (ο)
473 1734 628 1813 φύσιν
659 1734 833 1811 λέγειν
863 1736 954 1791 τὸν
1011 1737 1272 1811 Χριστὸν,
1304 1734 1457 1792 οὐδὲν
1505 1734 1685 1812 ἔτερόν
1717 1736 1885 1807 ἐστιν,

2004 590 2138 629 mus
2163 592 2174 628 :
2196 592 2270 630 ne
2303 575 2448 630 adeo
2481 577 2678 632 aliena
2707 579 2983 651 dogmata
3011 581 3208 651 palam
3242 582 3300 634 in
3333 586 3655 644 Ecclesiam

2002 662 2450 729 inducerentur,
2512 682 2578 720 ac
2635 667 2876 722 tandem
2947 668 3465 738 labefactarentur,
3525 693 3655 746 qum

2000 751 2255 808 fuissent
2284 753 2436 808 bene
2475 755 2734 820 ﬁrmata,
2769 773 2836 811 ac
2873 758 3229 813 inconcussa
3276 762 3656 831 mansissent,

2000 841 2237 912 pietatis
2265 842 2388 908 illa,
2429 844 2585 899 circa
2618 845 2953 917 subjectam
2976 849 3286 902 materiam
3320 849 3557 918 placita:
3584 852 3656 906 ad

2001 929 2127 984 hac
2158 948 2293 986 vero
2336 931 2525 1002 pluris
2575 934 2685 988 hoc
2734 934 3045 1003 facientes,
3101 942 3168 990 ut
3216 940 3662 1008 prmnominataa

2001 1025 2222 1074 sanctae
2251 1021 2464 1092 synodi
2498 1022 2851 1091 doctrinam,
2886 1025 3086 1080 hostes
3118 1026 3228 1096 ipsi
3259 1034 3547 1097 quantum
3591 1029 3664 1085 ad

2001 1107 2458 1181 intelligentiam
2495 1128 2561 1166 ac
2592 1128 2831 1167 sensum
2865 1116 3310 1170 confiterentur.
3346 1118 3431 1171 Ita
3463 1118 3662 1189 plane,

1999 1203 2066 1252 ut
2095 1199 2251 1269 apud
2285 1216 2406 1267 eos,
2443 1201 2543 1270 qui
2569 1217 2713 1256 sano
2745 1219 2811 1257 ac
2842 1201 3138 1257 indeflexo
3162 1205 3662 1261 considerationis

2001 1303 2202 1343 rerum
2233 1289 2426 1356 oculo,
2477 1306 2573 1344 res
2627 1291 2920 1362 ejusmodi
2971 1300 3266 1348 noverunt
3296 1296 3654 1366 perspicere,

1999 1378 2197 1448 palam
2228 1378 2598 1440 conficiatur,
2636 1381 2762 1451 ipsa
2793 1383 3029 1452 tyranni
3050 1383 3329 1438 adversus
3363 1386 3655 1454 synodum

1999 1467 2314 1522 molimina
2345 1484 2412 1522 ac
2453 1474 2697 1536 struem;
2750 1486 2871 1524 non
2923 1472 2980 1524 in
3035 1474 3422 1542 eversionem,
3458 1476 3560 1529 sed
3593 1476 3655 1530 in

2001 1558 2130 1630 ejus
2157 1559 2356 1629 potius
2381 1561 2899 1616 confirmationem
2931 1564 3200 1618 cessisse.

2070 1647 2297 1718 Quippe
2351 1649 2651 1704 Christum
2710 1650 2892 1704 fatere
2952 1653 3278 1706 secundum
3339 1658 3654 1725 utramque

2003 1741 2274 1792 naturam
2301 1737 2533 1792 volendi
2568 1755 2635 1793 ac
2675 1739 2956 1809 operandi
2992 1739 3271 1796 facultate
3314 1742 3651 1813 praeditum,

234 1823 272 1894 ἢ
307 1821 410 1879 δύο
443 1825 642 1900 φυσικὰ
693 1821 998 1898 Θελήματα,
1047 1824 1136 1880 καὶ
1187 1823 1282 1880 δύο
1325 1826 1553 1903 φυσικάς
1597 1824 1886 1900 ἐνεργείας,

2001 1823 2148 1880 nihil
2178 1830 2267 1880 est
2297 1825 2460 1881 aliud
2491 1844 2668 1897 quam
2703 1829 3006 1883 naturales
3038 1830 3184 1885 duas
3210 1832 3541 1887 voluntates
3572 1833 3658 1886 in-

237 1919 408 1974 νοεῖν,
464 1914 609 1969 Κατὰ
662 1914 863 1985 ταύτην
929 1914 1028 1990 γάρ
1091 1913 1272 1990 ῥητῶς
1331 1917 1430 1983 τὴν
1489 1913 1736 1970 διάνοιαν
1792 1915 1890 1976 τὰς

237 2003 494 2065 τοιαύτας
553 2008 787 2067 νοεῖσθαι
848 2005 1046 2078 φωνὰς,
1106 2002 1160 2059 έν
1209 2009 1288 2076 τῷ
1351 2003 1715 2082 έκφωνηθέντι
1764 2006 1891 2080 παρ’

243 2093 417 2162 αὖτῆς
475 2093 587 2168 ὅρῳ
643 2093 1052 2168 προεθέσπισεν,
1085 2095 1120 2162 ἡ
1182 2091 1234 2147 ἰν
1261 2096 1330 2166 τῇ
1389 2094 1510 2156 καθ’
1544 2094 1683 2165 ὑμᾶς
1729 2113 1887 2169 μεγα-

245 2178 476 2235 λοπόλει
505 2179 694 2254 Ῥώμῃ
737 2185 1062 2255 συναχθεῖσα
1105 2177 1328 2241 σύνοδος
1361 2179 1480 2254 ἱερὰ
1523 2179 1610 2235 ἐπὶ
1656 2185 1754 2234 τοῦ
1791 2187 1892 2250 τῆς

240 2263 537 2341 σεϐασμίας
595 2270 815 2343 μνήμῃς
874 2269 1156 2344 Μαρτίνου
1191 2313 1204 2335 ,
1282 2272 1380 2323 τοῦ
1463 2275 1564 2338 τῆς
1629 2268 1891 2344 ὑμετέρας

235 2353 698 2431 προεδρε·5σαντος
757 2356 1128 2428 Ἑκκλησίας·
1191 2357 1266 2420 ὡς
1326 2357 1503 2412 ἐκεῖνα
1560 2362 1741 2435 σαφῶς
1797 2358 1881 2413 καὶ

236 2445 326 2502 ἰπὶ
358 2448 524 2517 ἡμῶν
551 2451 657 2502 τῶν
702 2445 1046 2522 ἁμαρτωλῶν
1103 2447 1192 2502 καὶ
1248 2445 1579 2516 ἐλαχίστων,
1633 2448 1733 2512 τὴν
1785 2450 1887 2502 τοῦ

237 2539 372 2591 Θεοῦ
433 2535 626 2613 σοφίαν
687 2534 1049 2609 οἴκονομῆσαι
1085 2580 1099 2603 ,
1157 2539 1255 2590 τοῦ
1337 2533 1702 2610 δρασσομένου
1775 2539 1885 2590 τῶν

233 2630 417 2704 σοφῶν
471 2624 525 2680 έν
585 2628 653 2698 τῇ
712 2624 1010 2701 πανουργίᾳ
1060 2623 1237 2679 αὐτῶν
1267 2667 1280 2690 ,
1341 2622 1476 2697 ἅπερ
1531 2624 1559 2677 ὁ
1614 2623 1882 2698 Θεολόγος

230 2715 539 2790 Γρηγόριος
583 2712 634 2770 ἐν
683 2718 762 2786 τῷ
813 2712 888 2775 είς
941 2713 1033 2768 τὸν
1098 2711 1265 2788 μέγαν
1323 2710 1609 2769 Βασίλειον
1668 2710 1882 2782 τίθησιν

232 2802 508 2880 έπιταφίῳ
547 2801 719 2880 λόγῳ,
770 2801 891 2858 ἔνθα
949 2803 1153 2858 ἐκεῖνον
1214 2801 1412 2878 εἰσάγει
1474 2795 1780 2872 συμϐούλῳ
1807 2805 1886 2873 τῷ

233 2892 364 2965 θείῳ
398 2889 568 2948 Δαὸἒδ
606 2893 970 2967 κεχρημένον·
1002 2891 1118 2948 ’καὶ
1177 2892 1577 2964 οίκονομοῦντα
1630 2888 1760 2952 τοὺς
1789 2887 1886 2943 λό-

227 3004 360 3059 γους
390 2983 556 3038 αὐτοῦ
598 2982 650 3039 ἦν
682 2982 876 3059 κρίσει’
933 2983 1322 3057 παρησυχάσαι
1386 2981 1480 3053 μὲν
1534 2981 1636 3048 τὴν
1694 2978 1883 3054 κυρίαν

217 3071 441 3128 ἇπὶτοῦ
485 3071 646 3148 ἁγίου
699 3071 1009 3145 ίινεύματος
1062 3073 1274 3149 φωνὴν,
1307 3069 1513 3145 ἑτέραις
1566 3066 1625 3124 δὲ
1681 3073 1888 3146 φωναῖς

208 3161 415 3218 ταυτὸν
474 3158 802 3234 δυναμέναις
877 3162 940 3215 τὸ
1005 3155 1216 3221 εύσεϐὶς
1289 3158 1569 3235 κρατύνειν
1628 3164 1728 3228 τῆς
1782 3155 1878 3212 πί-

2004 1915 2291 1987 telligere,
2356 1913 2620 1986 duasque
2675 1916 2978 1971 naturales
3030 1920 3426 1988 Operationes.
3481 1920 3658 1975 Sacra

2003 2003 2300 2074 siquidem
2333 2003 2596 2074 synodus
2619 2005 2679 2058 in
2702 2021 2915 2078 magna
2941 2006 3084 2060 urbe
3108 2009 3311 2074 Roma,
3346 2025 3476 2079 quae
3498 2007 3655 2079 apud

1999 2109 2099 2147 vos
2131 2098 2240 2162 est,
2274 2092 2381 2146 sub
2414 2092 2770 2148 venerabilis
2811 2095 3115 2148 memoriae
3151 2097 3418 2154 Martino.
3449 2097 3652 2152 deces-

2001 2197 2134 2235 sore
2165 2185 2357 2235 vestro
2390 2183 2668 2236 Romanas
2700 2183 2978 2237 Ecclesia:
3005 2185 3281 2254 prmsule,
3305 2193 3526 2252 coacta,
3563 2203 3651 2254 ea,

2001 2285 2178 2339 quam
2205 2268 2529 2339 publicavit
2558 2268 2928 2336 definitione,
2960 2271 3291 2325 secundum
3328 2273 3483 2326 hunc
3515 2290 3652 2327 sen-

1999 2373 2131 2413 sum
2191 2357 2609 2429 intelligendas
2659 2374 2829 2412 voces
2878 2359 3195 2429 ejusmodi,
3237 2360 3380 2414 olim
3433 2360 3652 2415 diserte

1998 2447 2191 2502 sanxit
2220 2465 2233 2512 ;
2263 2452 2328 2501 ut
2355 2447 2416 2501 in
2440 2445 2612 2501 nobis
2639 2463 2876 2516 quoque
2903 2448 3312 2517 peccatoribus
3336 2465 3403 2504 ac
3435 2449 3654 2503 humil-

1993 2535 2176 2600 limis,
2213 2536 2270 2590 id
2302 2541 2504 2606 aperte
2538 2535 2638 2589 Dei
2667 2537 2980 2606 sapientia,
3014 2538 3113 2606 qui
3160 2539 3459 2607 sapientes
3485 2554 3647 2592 com—

1993 2624 2308 2696 prehendit
2341 2625 2403 2678 in
2433 2625 2651 2679 astutia
2669 2641 2873 2678 eorum
2896 2623 2936 2689 ⁸,
2973 2625 3211 2694 provide
3245 2627 3446 2696 egerit,
3480 2627 3638 2697 quod

1994 2713 2165 2783 ponit
2209 2712 2522 2783 Gregorius
2566 2712 2892 2782 Theologus
2932 2714 3196 2766 oratione
3244 2715 3305 2766 in
3359 2729 3635 2785 magnum

1996 2801 2303 2865 Basiliam,
2336 2800 2435 2853 ubi
2469 2815 2626 2861 eum,
2659 2800 2840 2853 divini
2873 2800 3109 2853 Davidis
3160 2817 3330 2854 usum
3365 2802 3636 2867 consilio,

1996 2905 2134 2943 suos
2165 2888 2226 2942 in
2250 2887 2478 2960 judicio
2510 2887 2740 2942 inducit
2769 2888 3210 2957 dispensantem
3245 2904 3550 2942 sermones
3580 2889 3636 2955 9;

1995 2993 2062 3032 ac
2093 2977 2392 3048 propriam
2426 2976 2666 3047 quidem
2698 2993 2918 3042 vocem,
2954 2975 3111 3047 quod
3154 2982 3380 3047 spectat
3409 2977 3482 3031 ad
3512 2978 3639 3048 Spi-

1994 3067 2172 3121 ritum
2209 3071 2499 3128 sanctum,
2538 3065 2773 3119 silentio
2809 3065 3110 3136 pressisse,
3148 3065 3283 3119 aliis
3312 3082 3449 3120 vero
3483 3065 3640 3120 idem

1996 3155 2328 3210 valentibus
2350 3155 2508 3226 piam
2534 3155 2670 3210 ﬁdei
2697 3154 3178 3225 praedicationem
3207 3155 3465 3209 firmare:
3491 3161 3643 3209 tam-

217 3271 395 3313 στεως
436 3253 713 3326 κήρυγμα·
772 3249 949 3305 καίτοι
1006 3249 1068 3305 τὸ
1128 3246 1385 3326 διάφορον
1445 3248 1571 3303 ὅσον
1623 3245 1878 3320 ἑκατέρας

2001 3245 2094 3301 etsi
2129 3245 2431 3300 neminem
2466 3245 2697 3299 nescire
2727 3249 2890 3315 puto.
2925 3249 3214 3314 quantum
3241 3245 3396 3298 inter
3419 3249 3644 3299 utrum-

220 3339 556 3407 ὑποθέσεως,
605 3342 704 3404 τῆς
758 3360 818 3393 τε
872 3339 994 3410 περὶ
1056 3337 1227 3406 αύτῆν
1289 3357 1434 3409 φημι
1490 3337 1591 3405 τήν
1619 3342 1720 3405 τῆς
1753 3334 1871 3400 θεό-

211 3448 390 3499 τητος
443 3429 623 3482 πίστιν
667 3447 727 3482 τε
783 3427 874 3482 καὶ
934 3425 1256 3503 ὁμολογίαν,
1319 3427 1405 3481 καὶ
1466 3427 1573 3480 τῶν
1607 3426 1729 3500 περὶ
1775 3431 1876 3494 τῆς

215 3516 373 3578 θείας
431 3516 773 3593 σαρκώσεως,
835 3517 907 3578 ὡς
961 3518 989 3572 ὁ
1036 3515 1197 3578 αὐτὸς
1258 3514 1310 3570 έν
1363 3513 1540 3589 ἁγίοις
1603 3513 1886 3586 Θεολόγος

223 3605 565 3681 Γρηγόριος,
625 3605 1062 3682 φροντισμάτων,
1121 3605 1221 3660 ὅσα
1262 3607 1296 3674 ἡ
1330 3603 1678 3679 λεπτομερὴς
1726 3603 1886 3678 αναγ-

218 3695 401 3758 καίως
451 3695 698 3766 ἐπιζητεῖ
748 3695 952 3770 θεωρία
1008 3694 1147 3770 πρὸς
1197 3690 1412 3763 ἔνδειξιν
1469 3699 1570 3762 τῆς
1610 3693 1726 3747 καθ’
1776 3691 1893 3746 ἐκα-

223 3785 392 3861 τέραν
440 3785 596 3862 φύσιν
655 3783 1026 3855 τελειότητος,
1077 3780 1299 3838 οὐδέναν
1351 3781 1410 3836 ἂν
1462 3782 1593 3854 οἶμα
1650 3783 1886 3856 ἀγνοεῖν.

229 3873 364 3949 Οὖχ
396 3877 470 3948 (ἀ)
500 3875 575 3937 ὡς
605 3879 712 3930 τῶν
771 3873 897 3945 περὶ
955 3879 1054 3943 τῆς
1116 3872 1261 3938 θείας
1293 3871 1524 3950 φύσεως,
1565 3867 1736 3946 ἤγουν
1786 3878 1889 3941 τῆς

231 3967 517 4035 ζωοποιοῦ
565 3961 803 4040 Τριάδος
833 3961 1013 4037 λόγων
1070 3982 1129 4016 τε
1167 3961 1258 4016 καὶ
1313 3961 1624 4037 δογμάτων,
1671 3960 1886 4033 μᾶλλον

223 4053 296 4108 τὸ
364 4052 778 4129 προηγούμενον
834 4051 1075 4127 ἐχόντων
1108 4095 1124 4122 ,
1185 4047 1614 4125 ὑπερανεστηκός
1685 4068 1742 4103 τε
1798 4047 1888 4103 καὶ

224 4141 657 4218 προτιμότερον.

304 4229 468 4290 Οὕτω
525 4232 626 4308 γὰρ
678 4231 770 4286 καὶ
816 4229 884 4286 τὰ
937 4229 1055 4284 κατ’
1114 4227 1472 4300 Εὐνομιανῶν
1517 4227 1635 4302 περὶ
1698 4225 1890 4282 θεολο-

223 4320 362 4396 γίας
397 4319 547 4396 λόγῳ
579 4319 840 4394 εἰρημένα
880 4322 962 4391 τῷ
991 4316 1138 4390 αὖτῷ
1196 4321 1346 4393 σοφῷ
1393 4314 1647 4391 Θεολόγῳ
1676 4311 1889 4386 ἔκδεξό-

227 4411 429 4483 μεθα,
483 4409 535 4463 έν
592 4410 671 4472 οἷς
729 4404 912 4464 τοιάδε
963 4406 1118 4484 φησί’
1184 4403 1547 4480 «Φιλοσόφει
1609 4426 1703 4477 μοι
1761 4406 1888 4480 περὶ

221 4498 473 4570 κόσμου,
503 4497 627 4574 περὶ
658 4495 820 4568 ὕλης,
883 4494 1005 4570 περὶ
1064 4496 1274 4569 ψυχῆς,
1334 4494 1456 4570 περὶ
1516 4493 1752 4569 λογικῶν
1786 4492 1886 4570 φύς

1986 3351 2100 3407 que
2140 3340 2553 3407 argumentum
2607 3333 2863 3400 referat;
2923 3333 3096 3398 inter,
3153 3334 3416 3404 inquam,
3451 3334 3640 3405 ipsam

1987 3423 2223 3481 deitatis
2259 3422 2436 3477 fidem
2471 3440 2538 3477 ac
2570 3422 3030 3485 confessionem,
3065 3429 3540 3493 commentaque,
3574 3440 3641 3478 ac

2000 3513 2248 3570 subtiles
2277 3513 2662 3583 cogitationes
2689 3511 2760 3565 de
2785 3511 2981 3565 divina
3003 3512 3646 3582 incarnatione,quem-

1999 3603 2318 3658 admodum
2351 3602 2434 3655 ait
2477 3601 2632 3656 idem
2686 3606 2924 3655 sanctus
2957 3603 3265 3672 Gregorius
3294 3602 3640 3673 Theologus,

2001 3697 2290 3763 quotquot
2349 3690 2584 3746 subtilis
2642 3690 3086 3761 contemplatio,
3145 3690 3219 3744 ad
3276 3689 3640 3761 probandam

1999 3782 2308 3851 utriusque
2340 3785 2567 3835 natura)
2596 3779 3038 3851 perfectionem,
3067 3780 3420 3834 necessitate
3453 3779 3648 3850 requi-

1997 3871 2077 3926 rit
2126 3871 2351 3941 Quippe
2383 3869 2571 3940 liquet
2617 3875 2682 3923 ut
2727 3885 3032 3924 sermones
3077 3885 3143 3924 ac
3194 3869 3469 3941 dogmata
3513 3886 3647 3939 spe-

1998 3959 2220 4016 ctantia
2250 3958 2324 4014 ad
2356 3958 2616 4014 divinam
2659 3963 2953 4021 naturam,
2975 3958 3033 4012 id
3082 3963 3172 4013 est
3200 3958 3273 4011 ad
3299 3958 3645 4012 Trinitatem

1999 4049 2314 4116 viviﬁcam,
2361 4048 2785 4120 principaliora
2836 4052 2996 4114 sunt,
3043 4048 3449 4117 majoremque
3494 4046 3644 4100 emi-

2000 4139 2269 4193 nentiam
2301 4153 2369 4192 ac
2398 4137 2800 4208 praestantiam
2835 4135 3073 4189 habent.

2072 4229 2164 4282 Sic
2182 4226 2342 4281 enim
2357 4227 2534 4279 etiam
2558 4225 2855 4295 accepturi
2881 4240 3084 4277 sumus
3098 4222 3170 4276 ab
3185 4221 3393 4275 eodem
3416 4223 3644 4291 sapien-

2001 4318 2041 4371 ti
2088 4315 2379 4386 Theologo
2430 4314 2660 4384 prolata
2707 4312 2986 4367 adversus
3033 4310 3454 4377 Eunomianos,
3485 4312 3642 4365 Orat.

1999 4405 2072 4460 de
2109 4402 2474 4475 theologiam,
2498 4418 2632 4456 cum
2655 4401 2736 4455 ita
2754 4400 2871 4454 ait:
2896 4423 2924 4450 η
2954 4399 3088 4454 Mihi
3114 4399 3185 4453 de
3209 4399 3428 4452 mundo
3451 4399 3641 4469 philo-

2001 4494 2274 4566 sophare,
2293 4492 2364 4546 de
2388 4489 2658 4556 materia,
2682 4489 2754 4544 de
2777 4490 3002 4555 anima,
3024 4487 3096 4543 de
3119 4488 3348 4543 naturis
3381 4489 3643 4544 rationa-

223 4610 375 4646 σεων
426 4570 718 4665 βελτίόνων
766 4607 824 4643 τε
871 4585 961 4672 καὶ
1019 4583 1309 4661 χειρόνων,
1351 4583 1474 4659 περὶ
1521 4581 1884 4656 ἀναστάσεως,

2005 4583 2162 4638 libus
2195 4586 2315 4636 tam
2344 4579 2516 4635 bonis
2546 4595 2725 4650 quam
2756 4578 2930 4633 malis
2959 4577 3058 4649 (7),
3092 4576 3162 4632 de
3187 4577 3639 4632 resurrectione.

360 4733 488 4792 Job.
518 4749 573 4800 ν,
595 4733 662 4790 l3
697 4751 712 4800 ;
742 4734 766 4788 Ι
792 4733 923 4788 Cor.
957 4729 1157 4802 m,|t9.
1233 4729 1255 4765 ⁹
1285 4728 1432 4785 Psal.
1466 4745 1576 4797 an,
1610 4732 1662 4783 5.
1696 4726 1743 4763 ¹⁰
1773 4729 1931 4785 Orat.
1974 4727 2065 4811 33.

1596 4863 1828 4920 VARUE
1899 4859 2296 4918 LECTIONES.

303 4956 387 5030 (ο)
414 4953 506 5010 καὶ
537 4953 813 5028 ἑκατέραν.
873 4955 953 5028 (d)
983 4971 1194 5028 περιττ.
1227 4951 1290 5005 τὸ
1320 4948 1446 5026 οὐχ.

221 5072 792 5146 viderenttyranni
841 5071 945 5146 illa
1004 5068 1410 5146 persuasione.
1470 5069 1544 5146 Ut
1599 5068 1886 5146 charitate

224 5145 562 5204 indulserit
583 5140 841 5200 Basilius
865 5140 1274 5209 Eunomianis,
1308 5141 1487 5196 etiam
1530 5140 1894 5195 indulserint

227 5216 474 5292 prmfati
508 5215 768 5288 episcopi
796 5211 1248 5292 _inflrmiqribus
1278 5211 1658 5292 orthodoxis}
1702 5211 1891 5292 nihilo

229 5283 497 5348 ininoris
526 5283 834 5353 momenti,
866 5291 932 5341 ut
959 5303 1033 5340 ne
1061 5284 1314 5356 Spiritus
1333 5289 1573 5339 sanctus
1595 5283 1894 5356 diceretur

231 5365 400 5420 Deus
432 5359 608 5416 etiam
663 5357 860 5415 Basilii
904 5355 1116 5424 aetate,
1147 5371 1326 5425 quam
1385 5360 1449 5409 ut
1494 5372 1568 5409 ne
1625 5355 1893 5408 Christus

234 5435 500 5491 duarum
557 5431 928 5486 voluntatum
959 5445 1025 5484 ac
1073 5427 1505 5497 operationum,
1551 5431 1681 5497 post
1714 5427 1892 5480 etiam

235 5523 296 5561 vi
365 5502 707 5572 synodum:
746 5508 1065 5572 utrumque
1112 5496 1401 5572 nimirum
1458 5496 1724 5572 negative
1751 5539 1764 5563 ,
1825 5513 1893 5572 ac

237 5568 506 5650 quadam
565 5568 1005 5650 abstractione',
1053 5587 1173 5650 non
1193 5568 1389 5650 Avelut
1432 5568 1762 5650 contrarie.
1825 5569 1896 5622 Ut

236 5640 410 5706 aliud
442 5647 817 5718 peccaverint
873 5642 1131 5718 episcopi
1161 5640 1518 5718 _Orientales
1550 5641 1610 5694 in
1631 5657 1678 5692 vn
1717 5656 1891 5710 syno-

241 5720 391 5778 dum
422 5712 484 5775 ih
513 5719 762 5792 gratiam
793 5712 1054 5774 haeretici
1078 5712 1394 5786 principis,
1429 5727 1676 5784 eamque
1708 5727 1770 5766 se
1801 5727 1894 5766 re—

1996 5065 2248 5138 probate
2277 5063 2401 5138 ullo
2432 5061 2607 5117 modo
2642 5059 3065 5138 professisint,
3088 5057 3247 5138 haud
3278 5058 3522 5138 omnino
3554 5076 3648 5115 ex-

1999 5129 2246 5192 cusandi
2297 5135 2435 5201 sint,
2500 5129 2732 5188 tametsi
2795 5131 2960 5185 illata
3016 5130 3100 5184 vis
3143 5129 3370 5201 crimen
3402 5129 3645 5201 dignum

1998 5209 2169 5263 venia
2196 5208 2356 5274 facit,
2389 5200 2545 5276 quod
2577 5205 2832 5276 Joannes
2858 5206 3061 5257 noster
3086 5201 3288 5256 multis
3309 5200 3369 5254 in
3400 5200 3650 5272 sequen-

2000 5281 2157 5337 tibus
2187 5275 2420 5334 crudite
2449 5275 2728 5332 ostendit.

2071 5351 2143 5421 (7)
2182 5353 2310 5404 Tam
2346 5350 2493 5404 bonis
2520 5364 2683 5421 quam
2716 5345 2892 5399 malis.
2931 5343 3392 5421 Manichceorum
3426 5361 3646 5421 errore,

1999 5416 2306 5477 ac'eorum
2353 5421 2454 5491 qui
2487 5416 2674 5473 malos
2721 5434 2754 5472 a
2798 5424 3010 5471 natura
3060 5416 3385 5491 daemones
3413 5416 3645 5475 docent.

2001 5495 2093 5548 Sic
2127 5493 2187 5547 in
2219 5489 2470 5562 reliquis
2496 5491 2638 5545 varii
2671 5495 2810 5544 sunt
2839 5505 3088 5544 errores.
3115 5504 3273 5562 _quos
3303 5489 3463 5562 velut
3492 5492 3650 5546 nihi-

2001 5565 2038 5618 li
2076 5565 2254 5618 habet
2286 5560 2611 5633 theologus,
2646 5561 2774 5629 ejus
2804 5560 3264 5630 comparatione,
3301 5562 3400 5633 qui
3435 5561 3491 5616 in
3526 5563 3653 5633 ipsa

2002 5637 2104 5691 Dei
2132 5643 2344 5691 natura
2371 5651 2438 5689 ac
2468 5630 2773 5700 Trinitate,
2809 5639 3029 5688 temere
3062 5632 3347 5687 scrutanti
3377 5630 3648 5690 commit-

2005 5709 2172 5767 titur.
