4048 6210
441 357 580 415 1427

1661 349 1968 406 JOANNIS
2005 347 2491 405 PATRIABCHE
2526 352 2636 408 ΟΡ.

3726 356 3866 412 1428

439 478 1328 551 Judicio,retributione,Christi
1343 475 1814 549 passionibuszin
1826 474 1919 529 his
1933 473 2087 529 enim

2217 469 2455 546 ιρίσεως,
2500 472 2910 538 ἆνταποδόσεως
2944 520 2960 549 ,
3015 479 3247 551 Χριστοῦ
3333 476 3683 552 παθημάτων
3717 498 3732 511 ·
3811 480 3859 535 ἐν

444 593 556 632 nec
588 575 783 628 fructu
817 575 983 624 vacat
1011 575 1078 624 ut
1120 585 1323 623 verum
1369 566 1728 636 assequaris,
1780 581 1891 619 nec
1920 564 2098 619 habet

445 662 780 738 periculum
814 667 879 714 ut
905 675 1160 714 exerres.
1200 679 1226 707 ››
1258 659 1391 711 Haec
1416 655 1643 723 doctor,
1665 671 1787 709 non
1819 653 2098 725 simplici-

442 760 533 809 ter
545 753 742 825 posuit
763 767 829 805 ac
852 746 1257 811 absolute,sed
1271 746 1529 817 quadam
1553 741 2098 815 comparatione,ad

441 860 512 899 ea
542 859 672 913 quae
705 841 986 895 dicuntur
1015 854 1080 892 ac
1115 840 1462 890 astruuntur
1488 833 1559 888 de
1575 834 1772 888 divina
1791 833 2095 886 Trinitate.

441 935 554 988 Per
587 933 746 985 hunc
779 930 976 997 itaque
1011 924 1476 996 dispensationis
1508 929 1870 992 eventusque
1901 937 1970 975 ex
2001 935 2100 974 ne-

446 1020 726 1076 cessitate
754 1017 1018 1081 modum,
1054 1020 1217 1086 gesta
1249 1029 1486 1084 quoque
1520 1012 1752 1082 reliqua
1782 1026 1914 1065 cum
1938 1014 2096 1064 certo

444 1108 728 1165 noveritis
760 1107 1105 1178 procedere,
1139 1103 1523 1168 sanctissimi,
1549 1119 1624 1156 ne
1655 1102 1715 1155 in
1747 1101 1841 1154 his
1871 1099 2096 1154 crimen

443 1215 565 1255 non
598 1197 1023 1270 ignoscendum
1055 1194 1228 1248 nobis
1270 1193 1471 1263 afﬁngi
1503 1189 1846 1262 patiamini:
1897 1189 2015 1242 imo
2047 1187 2095 1242 si

447 1287 591 1360 quid
622 1287 1007 1342 commissum
1055 1284 1324 1337 videatur
1374 1287 1580 1335 contra
1623 1279 1780 1350 quod
1833 1277 2100 1345 exigebat

444 1383 720 1434 accurata
749 1375 920 1434 ratio.
948 1390 1152 1427 eorum
1172 1371 1510 1436 collatione,
1532 1387 1662 1440 quae
1694 1385 1728 1423 a
1747 1367 1968 1423 sanctis
1989 1368 2096 1421 Pa-

445 1467 638 1521 tribus
670 1482 776 1535 per
831 1462 1223 1517 meonomiam
1255 1463 1692 1531 precesserunt,
1726 1456 2097 1526 inculpatum

444 1555 754 1622 habeatur,
789 1559 847 1606 et
865 1551 935 1607 ab
961 1551 1121 1606 omni
1140 1549 1636 1604 condemnatione
1654 1547 1931 1601 liberum.
1952 1546 2095 1598 Nam

447 1650 505 1701 et
550 1642 1026 1714 sapientissimus
1085 1639 1338 1710 Cyrillus
1393 1636 1724 1692 uaconomia
1780 1639 2002 1700 monet,
2034 1637 2100 1687 ut

447 1749 522 1790 ne
581 1731 935 1788 nominatim
975 1729 1376 1801 proscribatur
1433 1725 1773 1780 Theodorus
1830 1726 2100 1794 Mopsue-

452 1829 678 1890 stenus,
712 1823 793 1875 ita
825 1819 1139 1890 indulgens
1171 1818 1242 1872 iis
1275 1817 1373 1887 qui
1421 1815 1614 1870 adhuc
1645 1813 2005 1869 imbecillius
2038 1813 2098 1866 in

454 1915 566 1968 hoc
598 1912 901 1975 haberent,
938 1925 1071 1963 cum
1104 1913 1302 1962 tamen
1338 1905 1701 1960 Nestorianae
1748 1919 1882 1957 eum
1914 1903 2102 1956 haere-

460 2005 543 2060 sis
574 2009 876 2059 auctorem
927 2018 994 2056 ac
1026 2005 1254 2071 patrem
1305 1997 1488 2068 probe
1531 2000 1751 2050 nosset.
1800 1997 1882 2047 Ac
1911 1993 2106 2064 palam

459 2093 668 2165 liquet,
702 2109 768 2145 ex
801 2091 873 2145 iis
904 2107 1035 2160 quae
1065 2089 1176 2142 hoc
1207 2091 1553 2157 argumento
1596 2083 1835 2154 scripsit
1863 2083 1934 2136 ad
1969 2098 2107 2136 san-

461 2188 621 2239 ctum
649 2180 941 2243 Proclum,
965 2176 1353 2231 sanctissimas
1379 2179 1591 2227 nostrae
1612 2172 2107 2241 ConstantinOpo-

458 2271 662 2326 litanae
697 2268 972 2323 Ecclesiae
1005 2266 1306 2336 quondam
1330 2263 1675 2317 antistitem.
1710 2263 1910 2326 Porro,
1933 2277 2107 2330 quem

460 2359 732 2430 superius
757 2357 1184 2411 declaravimus
1205 2353 1339 2407 ﬁdei
1363 2359 1704 2422 tyrannum,
1725 2350 2109 2404 cauteriatam

457 2449 685 2505 habens
717 2447 1166 2512 conscientiam,
1199 2442 1704 2514 quemadmodum
1737 2441 2000 2511 loquitur
2015 2457 2110 2494 sa-

458 2539 831 2595 cratissimus
891 2535 1108 2589 Paulus
1144 2535 1208 2603 ¹¹,
1252 2536 1593 2586 memoratae
1655 2536 1872 2584 sanctae
1931 2534 2109 2584 sexta:

459 2629 669 2700 synodi
707 2633 972 2681 actorum
1011 2631 1200 2679 tomos
1231 2623 1291 2676 in
1325 2623 1544 2694 palatio
1578 2620 1888 2690 repositos,
1932 2634 2110 2672 ausus

422 2739 427 2747 ·
459 2722 549 2772 est
578 2717 926 2771 comburere
955 2732 968 2779 ;
1007 2719 1169 2767 ratus
1200 2712 1347 2778 fore,
1381 2715 1669 2780 quantum
1703 2708 1943 2779 quidem
1961 2707 2114 2762 vide-

457 2807 650 2871 batur,
684 2811 748 2859 ut
779 2804 990 2858 iisdem
1034 2803 1257 2873 pariter
1303 2800 1561 2855 flammis
1593 2815 1930 2853 sermonem
1960 2797 2110 2851 veri-

459 2897 597 2952 tatis
629 2895 910 2950 aboleret.

531 3078 820 3132 Caeterum
847 3076 907 3127 in
932 3075 1041 3128 hoc
1058 3069 1498 3126 sinentesinani
1516 3085 1649 3123 eum
1675 3067 2108 3123 existimatione

457 3168 673 3238 decipi,
730 3184 796 3221 ac
841 3165 998 3218 velut
1046 3179 1150 3233 pro
1197 3177 1408 3232 magno
1459 3159 1718 3214 facinore
1767 3174 1870 3212 suo
1924 3156 2109 3228 ipsius

2203 560 2424 624 τούτοις
2478 564 2616 639 γὰρ,
2675 565 2764 620 καὶ
2818 587 2882 621 το
2940 565 3326 642 ἐπιτυγχάνειν
3385 568 3488 624 οὒκ
3554 567 3862 644 ἄχρηστον,

2205 650 2296 704 καὶ
2342 651 2405 706 τὸ
2466 653 2789 724 ἁμαρτάνειν
2825 697 2840 723 ,
2900 655 3202 713 ἀκίνδυνον.
3255 682 3283 709 ››
3333 658 3456 732 Οὐχ
3512 658 3716 722 ἁπλῶς
3767 661 3860 736 γὰρ

2205 745 2372 796 ταῦτα
2420 745 2508 797 καὶ
2563 746 2853 809 ἀπολότως
2913 746 3150 804 τέθεικεν
3208 751 3236 804 ὁ
3287 747 3622 814 διδάσκαλος
3656 798 3673 822 ,
3729 751 3866 807 ἁ).λᾶ

2203 832 2282 899 τῷ
2337 830 2474 885 κατὰ
2533 832 2954 910 ἀντιπαραθεσιν
3015 836 3171 912 λόγῳ
3208 882 3224 908 ,
3271 839 3409 910 πρὸς
3464 840 3533 893 τὰ
3582 841 3720 913 περὶ
3777 844 3865 904 τῆς

2208 919 2358 986 θείῆς
2390 919 2620 991 Τριάδος
2660 920 2932 997 λεγόμενά
2971 947 3030 980 τε
3078 926 3171 980 καὶ
3221 925 3694 1002 δογματιζόμενα.
3731 930 3866 984 Κατὰ

2203 1011 2395 1062 τοῦτον
2428 1005 2494 1079 δὴ
2526 1010 2616 1065 τὸν
2665 1019 2766 1081 τῆς
2821 1013 3179 1087 οἰκονομικῆς
3237 1017 3326 1070 καὶ
3378 1019 3516 1072 κατὰ
3545 1021 3860 1092 περίστασιν

2205 1092 2528 1168 συμϐάσεως
2559 1101 2788 1175 τρόπον,
2845 1105 2936 1158 καὶ
2993 1105 3060 1160 τὰ
3117 1103 3288 1160 λοιπὰ
3342 1111 3452 1162 τῶν
3481 1110 3863 1184 γεγενημένων

2205 1186 2493 1259 προελθεῖν
2552 1190 2912 1263 πειθόμενοι,
2972 1195 3318 1268 ἁγιώτατοι,
3375 1197 3454 1268 μὴ
3517 1197 3866 1273 ἁσύγνωστον

2207 1277 2343 1347 ἡμῖν
2400 1275 2580 1332 τὸέπὶ
2636 1280 2854 1343 τούτοις
2904 1282 3160 1358 ἔγκλημα
3218 1292 3588 1361 προσαγαγεῖν
3646 1287 3868 1344 καταδὲ-

2207 1366 2387 1434 ξησθε·
2422 1365 2567 1423 ἄλλα
2594 1369 2690 1423 κᾶν
2722 1391 2775 1424 τι
2821 1378 2923 1441 τῆς
2977 1368 3255 1446 ἀκριϐείας
3313 1377 3450 1448 ἡμῖν
3509 1379 3869 1450 ἡμαρτῆσθαι

2209 1454 2528 1524 ὑπονοῆται,
2585 1462 2653 1532 τῇ
2685 1464 2977 1533 παραθέσει
3036 1470 3148 1518 τῶν
3198 1463 3257 1518 ἐκ
3285 1469 3391 1518 τῶν
3412 1465 3584 1539 ἁγίων
3642 1473 3867 1542 Πατρῶν

2205 1545 2366 1614 ἡμῶν
2429 1545 2797 1620 οἰκονομικῶς
2852 1551 3274 1623 προελθόντων,
3327 1551 3664 1618 ἀπολυέσθω
3725 1556 3872 1610 ἀνεῦ-

2205 1633 2361 1686 θυνον
2392 1679 2407 1704 ,
2467 1636 2556 1689 καὶ
2607 1638 2788 1708 πάσης
2861 1638 3148 1716 ἐλεύθερον
3228 1645 3607 1718 κατακρίσεως
3646 1690 3661 1701 .
3728 1647 3871 1700 Ἐπεὶ

2206 1720 2296 1776 καὶ
2345 1721 2672 1796 Κύριλλοςό
2703 1725 3040 1804 σοφώτατος,
3092 1728 3178 1803 ’μὴ
3240 1730 3424 1808 ῥητῶς
3487 1733 3874 1808 ἀποκηρύττε-

2209 1812 2327 1865 σθαι
2358 1811 2448 1866 τὸν
2505 1817 2883 1888 Μοψουεστίας
2941 1817 3220 1891 Θεόδωρον
3281 1827 3573 1896 παρεγγυᾷ
3629 1820 3878 1879 διὀἶκο-

2209 1900 2453 1990 νομίανῗ,
2513 1907 2878 1980 χαριζόμενος
2954 1916 3074 1973 τοῖς
3144 1906 3222 1965 ἔτι
3279 1912 3673 1990 ἀσθενέστερον
3757 1916 3876 1988 περὶ

2209 1995 2372 2047 τοῦτο
2405 1989 2788 2066 διακειμένοις,
2843 1999 3020 2054 καιτοί
3075 2000 3326 2076 ἀρχηγὸν
3388 2005 3476 2057 καὶ
3531 1989 3754 2075 πατέρα
3781 2013 3875 2072 τῆς

2213 2087 2507 2154 Νεστοριου
2553 2083 2874 2158 κακοδοξίας
2931 2088 3133 2144 ἐκεῖνον
3190 2088 3372 2154 εἰδώς.
3409 2094 3516 2148 Καὶ
3576 2098 3751 2147 τοῦτο
3785 2091 3873 2164 δη-

2215 2168 2327 2239 λοῖ,
2361 2172 2428 2225 τὰ
2455 2174 2578 2248 περὶ
2626 2173 2822 2230 τούτου
2878 2181 3148 2256 γραφέντα
3205 2181 3332 2254 παρ’
3391 2181 3584 2248 αὐτοῦ,
3625 2183 3770 2257 πρὸς
3797 2186 3880 2238 τὸν

2215 2259 2268 2314 ἐν
2333 2260 2507 2334 ἁγίοις
2565 2263 2834 2338 Πρόκλον,
2879 2269 2972 2321 τὸν
3022 2273 3122 2334 τῆς
3181 2271 3300 2333 καθ’
3355 2273 3508 2344 ἡμᾶς
3570 2274 3886 2346 ἁγιωτάτης

2211 2346 2544 2436 ’,Εκκλησίας
2598 2351 3038 2429 προεδρεόσαντα
3083 2401 3094 2414 .
3176 2358 3274 2413 Καὶ
3357 2362 3387 2414 ὁ
3476 2362 3575 2432 μὲν
3633 2364 3886 2436 ἀνωτέρω

2217 2434 2489 2524 ξηλωθείς
2537 2444 2637 2504 τῆς
2698 2443 2932 2510 πίστεως
2985 2446 3271 2522 τύραννος,
3329 2434 3884 2524 κεκαυτηριασμένην

2217 2522 2363 2615 ἔχων
2393 2527 2492 2595 τὴν
2547 2526 2687 2584 ἰδίαν
2738 2531 3066 2604 συνείδησιν,
3098 2538 3278 2599 καθώς
3307 2559 3477 2615 φησιν
3511 2539 3540 2591 ὁ
3571 2522 3879 2614 ἱερώτατος

2217 2614 2436 2677 Παῦλος
2467 2661 2482 2687 ,
2542 2625 2873 2677 κατακαῦσαι
2931 2625 3242 2698 τετόλμηκε
3299 2614 3428 2689 τοὺς
3499 2628 3724 2700 τόμοὺς
3784 2634 3886 2684 τῶν

2217 2706 2613 2789 πεπραγμένων
2673 2717 2772 2779 τῆς
2832 2709 3280 2785 διονομασθείσης
3330 2715 3490 2789 ἁγίας
3532 2713 3708 2786 ἕκτης
3767 2739 3886 2771 συν-

2217 2785 2368 2880 όδου,
2411 2793 2538 2856 τοὺς
2568 2794 2621 2850 ἐν
2679 2804 2761 2871 τῷ
2819 2800 3070 2874 παλατίῳ
3126 2803 3547 2877 ἀποκειμένους,
3612 2806 3889 2880 οἰόμενος,

2214 2879 2354 2972 κατὰ
2376 2901 2436 2972 γε
2465 2884 2526 2938 τὸ
2566 2885 2730 2942 αὐτοῦ
2791 2887 2985 2945 δοκοῦν
3046 2893 3483 2972 συνεξαφανίζειν
3529 2879 3766 2958 τούτοις
3797 2903 3890 2964 τῆς

2215 2966 2478 3036 ἀληθείας
2507 2974 2598 3029 τὸν
2632 2974 2814 3054 λόγον.

2287 3058 2478 3132 Ἡμεῖς
2527 3060 2582 3119 δὲ
2611 3071 2803 3123 τοῦτον
2836 3069 3082 3134 ἐάσαντες
3137 3075 3205 3146 τῇ
3263 3072 3456 3128 ἑαυτοῦ
3518 3073 3890 3132 ὲναπατᾶσθαι

2218 3145 2417 3240 οίήσει,
2468 3155 2559 3207 καὶ
2615 3156 2690 3217 ὡς
2747 3156 2838 3212 ἐπὶ
2909 3162 3138 3235 μεγάλῳ
3191 3161 3299 3215 τινὶ
3357 3165 3764 3238 κατορθώματι

458 3257 674 3331 probro
720 3254 984 3326 gloriari,
1033 3251 1376 3322 diligentem
1423 3249 1803 3304 adhibuimus
1845 3262 2106 3317 operam,

2909 3220 2918 3232 1
2992 3220 3002 3235 ι
3109 3220 3120 3233 Ι
3503 3220 3512 3238 Ι
3543 3220 3564 3227 ’
3631 3220 3642 3238 Ι
3867 3220 3888 3240 Ι.

2217 3237 2395 3331 οἰκείᾳ
2453 3253 2863 3321 συγκαυχᾶσθαι
2939 3249 3174 3326 αἲσχύνῃ
3207 3295 3220 3321 ,
3277 3250 3563 3322 ἐπιμελῶς
3643 3277 3889 3331 παρεφυ-

3805 3313 3814 3334 Δ

453 3352 520 3402 ut
549 3347 719 3401 dictae
748 3348 964 3398 sanctae
999 3346 1176 3396 sextae
1209 3339 1416 3412 synodi
1449 3343 1715 3392 actorum
1739 3342 1929 3391 tomos
1959 3335 2115 3406 apud

455 3452 566 3492 nos
587 3433 896 3504 repositos,
927 3431 1166 3485 interim
1200 3444 1583 3494 servaremus,
1610 3424 1911 3498 inlquibus
1935 3425 2112 3478 etiam

451 3525 760 3581 habentur
788 3522 1220 3591 episcoporum,
1247 3522 1539 3588 quotquot
1568 3516 1639 3570 ad
1673 3519 1940 3570 sanctam
1964 3513 2117 3583 ejus-

459 3614 616 3669 modi
664 3612 956 3680 synodum
1007 3613 1432 3674 convenerunt,
1485 3605 1950 3676 subscriptiones
1994 3618 2116 3657 una

463 3719 594 3757 cum
631 3700 1002 3770 imperatoris
1057 3697 1506 3769 consignatione
1559 3712 1624 3750 ac
1677 3694 1891 3764 sigillo,
1943 3692 2113 3746 editae

467 3791 538 3846 ab
573 3808 640 3845 ea
663 3790 1013 3844 deﬁnitione
1037 3788 1304 3858 adjectae.
1331 3786 1564 3856 Alioqui
1587 3802 1747 3848 vero,
1773 3783 2116 3856 diligentius

466 3880 686 3935 nostris
736 3880 862 3949 jam
937 3877 1304 3947 temporibus
1384 3881 1622 3931 cautum
1681 3879 1787 3939 est,
1851 3872 2116 3943 ejusdem

474 3969 682 4042 synodi
741 3973 1009 4022 actorum
1070 3966 1366 4020 inviolatae
1446 3964 1901 4031 conservationi,
1971 3977 2118 4032 qua-

463 4064 636 4113 tenus
677 4058 853 4112 etiam
906 4057 1158 4126 scriptus
1216 4055 1366 4108 liber
1424 4070 1604 4109 manu
1664 4053 1902 4124 propria
1949 4052 2118 4106 Pauli

461 4154 679 4202 sanctae
731 4147 1034 4200 memoriae
1086 4144 1387 4216 quondam
1445 4141 2115 4212 Constantinopolitanae

455 4245 674 4294 nostrae
731 4237 1011 4292 Ecclesiae
1061 4236 1358 4307 praesulis,
1413 4235 1513 4289 Dei
1563 4233 1748 4306 gratia
1803 4232 1958 4303 apud
2006 4249 2115 4287 nos

454 4334 741 4394 servatur,
776 4328 938 4398 quia
987 4325 1230 4380 secretis
1282 4324 1597 4390 exsistens,
1651 4321 1936 4395 ejusmodi
1970 4338 2114 4392 syn-

453 4418 564 4473 odo
598 4417 976 4473 ministravit.
1029 4416 1100 4469 Ut
1131 4415 1269 4468 hinc
1299 4414 1362 4467 in
1392 4419 1695 4484 posterum
1729 4427 1938 4466 secura
1989 4427 2112 4465 ma-

458 4513 596 4562 neat
628 4508 726 4560 Dei
758 4505 1040 4570 Ecclesia,
1073 4503 1198 4557 fore
1229 4509 1295 4558 ut
1315 4519 1389 4557 ne
1418 4503 1552 4572 quis
1583 4518 1826 4573 prorsus
1848 4499 2105 4572 maligno

2226 3323 2458 3402 λαξαμεν
2526 3333 2654 3396 τοὺς
2728 3339 2855 3413 παρ’
2904 3340 3040 3411 ἡμῖν
3129 3340 3525 3414 ἀποκειμένους
3595 3323 3738 3398 τῶν·
3799 3323 3890 3399 πε-

2223 3424 2549 3494 πραγμένων
2607 3423 2814 3497 τόμους
2869 3434 2970 3496 τῆς
3047 3426 3502 3502 διονομασθείσης
3587 3433 3749 3507 ἁγίας
3801 3433 3884 3488 ἔκ-

2223 3526 2323 3576 της
2401 3508 2654 3583 συνόδου,
2714 3514 2766 3568 ἐν
2852 3518 2930 3579 οἷς
3033 3519 3123 3574 καὶ
3197 3520 3252 3572 αἱ
3326 3525 3435 3574 τῶν
3507 3522 3885 3579 συνελθόντων

2225 3596 2472 3654 ἁπάντων
2555 3601 2864 3660 ἐπισκόπων
2921 3606 2974 3662 ἐν
3028 3613 3096 3682 τῇ
3154 3609 3378 3683 τοιαύτῃ
3459 3611 3588 3686 ἁγίᾳ
3676 3613 3886 3686 meS-ix

2226 3687 2535 3768 ὑπογραφαὶ
2599 3692 2732 3764 μετὰ
2786 3697 2885 3764 τῆς
2947 3697 3239 3772 βασιλικῆς
3299 3699 3783 3772 ὑποσημειώσεως
3839 3703 3886 3758 ἐν

2223 3781 2304 3849 τῷ
2333 3781 2461 3866 παρ’
2511 3780 2678 3851 αὐτῆς
2735 3782 2999 3841 ἐκτεθέντι
3057 3787 3172 3863 ὅρῳ
3231 3787 3585 3866 ἐμφέρονται.
3640 3792 3753 3848 Καὶ
3781 3793 3890 3847 ἑτέ-

2228 3886 2334 3959 ρῳς
2366 3865 2443 3937 δὲ,
2469 3867 2520 3924 ἐν
2552 3876 2630 3944 τῷ
2657 3875 2778 3927 καθ’
2827 3877 2975 3948 ἡμᾶς
3019 3877 3226 3952 χρόνῳ,
3257 3865 3322 3933 τὸν
3353 3876 3677 3936 ἁδιὰπτωτα
3709 3882 3887 3959 φυλα-

2227 3958 2426 4031 χθῆναι
2486 3961 2554 4014 τὰ
2615 3965 2969 4038 πεπραγμένα
3021 3970 3121 4030 τῆς
3192 3967 3362 4038 αὐτῆς
3428 3970 3591 4044 ἁγίας
3653 3958 3887 4026 συνόδου

2227 4045 2668 4126 φιλοπονώτερον
2727 4052 3146 4126 διεσπουδέσθη,
3177 4061 3312 4120 καθὸ
3341 4057 3430 4112 καὶ
3466 4055 3695 4132 βιϐλίον
3753 4059 3888 4115 ἴδιό-

2223 4155 2426 4214 γραφον
2491 4139 2711 4196 Παύλου
2767 4148 2864 4197 τοῦ
2919 4152 3019 4214 τῆς
3077 4146 3234 4219 ἁγίας
3313 4149 3539 4220 μνήμης
3607 4149 3886 4225 προέδρου

2223 4227 2514 4300 γεγονότος
2560 4236 2661 4298 τῆς
2717 4234 2837 4295 καθ’
2921 4235 3071 4306 ἡμᾶς
3129 4236 3439 4311 ἁγιωτάτης
3495 4237 3888 4310 Ἐκκλησίας,

2229 4314 2414 4390 χάριτι
2449 4322 2582 4374 Θεοῦ
2641 4321 2868 4390 σώζεται
2922 4325 3050 4398 παρ’
3107 4326 3267 4397 ἡμῖν,
3311 4326 3370 4387 ὂς
3421 4325 3728 4402 ἁσεκρῆτις
3791 4332 3890 4385 ὕπ-

2227 4405 2438 4480 άρχων,
2482 4406 2534 4462 ἔν
2593 4413 2660 4483 τῇ
2717 4410 2941 4487 τοιαύτῃ
3001 4411 3213 4486 συνόδῳ
3269 4417 3754 4491 καθυπούργησεν.
3804 4421 3888 4481 Ὦς

2226 4493 2286 4550 ἐκ
2313 4497 2507 4552 τούτου
2537 4500 2598 4553 τὸ
2629 4499 2866 4577 ἀσφαλὲς
2915 4502 3003 4556 καὶ
3062 4501 3113 4557 ἐν
3142 4508 3258 4568 τοῖς
3319 4504 3454 4576 μετὰ
3481 4511 3662 4561 ταῦτα
3690 4512 3769 4575 τῆ
3795 4513 3886 4564 τοῦ

463 4597 585 4650 ullo
620 4596 890 4662 consilio,
929 4593 1126 4664 qualia
1151 4593 1339 4646 multa
1368 4591 1428 4644 in
1454 4591 1730 4646 humanis
1754 4595 1987 4659 tempus
2010 4605 2106 4642 no-

2227 4589 2360 4639 Θεοῦ
2391 4584 2686 4659 Ἐκκλησία
2733 4596 3033 4665 προσεῖναι,
3063 4596 3160 4646 τοῦ
3203 4593 3278 4663 μὴ
3310 4615 3432 4648 τινα
3488 4599 3603 4649 τῶν
3667 4599 3885 4652 πάντων

463 4702 596 4740 vare
626 4685 797 4750 solet,
846 4683 1180 4738 adulterare
1234 4680 1468 4743 audeat,
1522 4681 1604 4734 sic
1654 4678 1933 4733 continue
1973 4694 2114 4732 con-

463 4775 702 4845 scripta,
752 4780 818 4827 ut
864 4771 1089 4843 praefati
1147 4787 1372 4837 sumus,
1425 4774 1642 4823 sanctae
1692 4773 1871 4822 sextae
1904 4766 2111 4836 synodi

461 4869 611 4930 acta,
647 4879 756 4916 nec
785 4863 847 4916 in
881 4861 1028 4916 alios
1074 4864 1344 4914 auctores
1392 4858 1580 4929 possit
1610 4855 1958 4910 veteratoria
1989 4861 2112 4909 arte

459 4954 702 5009 referre.
739 4953 962 5021 Quippe
1013 4949 1279 5003 futurum
1327 4952 1435 5013 est,
1486 4951 1551 5000 ut
1581 4947 1813 5000 sincera
1843 4945 2112 5014 nihilque

458 5044 791 5099 adulterata
819 5040 1054 5100 veritas,
1110 5056 1180 5093 ex
1228 5035 1521 5108 ejusmodi
1572 5035 1722 5089 libro
1751 5034 2111 5089 luculentius

456 5133 735 5188 omnibus
767 5131 962 5203 palam
1023 5129 1143 5184 ﬁat.
1180 5127 1414 5181 Etenim
1463 5142 1634 5180 verus
1667 5141 1884 5195 praeses
1909 5128 2113 5177 noster

457 5237 523 5275 ac
574 5223 854 5286 Salvator,
924 5218 1213 5274 Dominus
1271 5218 1438 5271 Jesus
1483 5215 1769 5281 Christus,
1830 5211 1986 5266 haud
2037 5213 2110 5266 ad

453 5311 693 5381 longum
749 5318 1000 5382 tempus,
1055 5307 1340 5379 patientia
1393 5307 1454 5360 in
1503 5302 1849 5376 hujusmodi
1889 5303 2105 5369 ferens,

458 5397 715 5454 dormire
751 5399 1101 5455 sustinuit”.
1137 5401 1472 5469 Exsurgens
1517 5395 1833 5466 siquidem,
1869 5410 1974 5448 sua
2003 5393 2109 5447 bo-

459 5487 641 5542 nitate
661 5505 725 5542 ac
757 5489 990 5557 virtute,
1025 5505 1184 5543 nunc
1226 5502 1460 5558 quoque
1491 5485 1706 5540 ﬂuctus
1742 5482 2101 5553 increpavit;

540 5697 580 5730 “
612 5698 636 5748 1
665 5695 812 5748 Tim.
846 5711 923 5760 ιν,
949 5699 1003 5749 2.
1075 5697 1118 5730 ¹²
1151 5698 1349 5752 Matth.
1382 5714 1500 5764 VIII,
1533 5701 1622 5754 26.

2223 4674 2481 4746 κακονοίᾳ
2511 4678 2638 4744 τινὶ,
2673 4680 2762 4732 οἷα
2816 4677 3003 4735 πολλὰ
3056 4688 3403 4754 καινοτομεῖν
3458 4682 3657 4748 εἴωθεν
3684 4685 3742 4740 ἐν
3775 4693 3883 4746 1:03.:

2224 4762 2532 4838 ἀνθρώποις
2564 4767 2590 4820 ὁ
2623 4767 2844 4843 χρόνος,
2906 4769 3246 4825 ὑπονοθεόειν
3298 4772 3635 4844 ἆποτολμᾷν
3695 4777 3769 4830 τὰ
3811 4778 3879 4835 ὡς

2221 4851 2579 4924 προλέλεκται
2641 4861 2879 4932 συνεχῶς
2937 4860 3294 4935 πεπραγμένα
3345 4864 3450 4926 τῆς
3510 4864 3674 4937 ἁγίας
3724 4864 3880 4934 ’ἕκτης

2222 4941 2495 5012 συνόδου,
2547 4944 2582 5013 ἢ
2641 4948 2995 5022 κακοτρόπως
3067 4947 3270 5022 ἑτέροις
3342 4949 3410 5004 τὰ
3471 4957 3712 5008 τοιαῦτα
3772 4956 3876 5010 ἐτι-

2221 5033 2478 5110 φημίζειν
2512 5033 2762 5090 ’δύνασθαι
2787 5078 2801 5094 .
2834 5038 2904 5091 Τὸ
2941 5039 3043 5112 γὰρ
3074 5038 3504 5113 ἁπαράγραπτόν
3535 5063 3600 5097 τε
3630 5045 3726 5098 καὶ
3758 5047 3878 5120 γης-

2221 5143 2335 5177 σιον
2368 5131 2467 5192 τῆς
2501 5124 2779 5194 ἀληθείας,
2812 5127 2899 5181 καὶ
2943 5125 3003 5182 ἐκ
3056 5132 3153 5182 τοῦ
3211 5128 3474 5184 τοιούτου
3509 5127 3742 5206 Diania-.2
3764 5141 3876 5188 ’.τῖες

2222 5209 2570 5288 δειχθήσεται
2629 5214 3022 5292 φανερώτερον.
3091 5215 3316 5285 Ἐπειδὴ
3369 5219 3396 5272 ὁ
3443 5219 3672 5290 ἀληθῆς
3729 5226 3875 5293 ἡμῶν

2217 5297 2508 5370 ἐπιστάτης
2565 5303 2651 5357 καὶ
2718 5304 2974 5378 Σωτῆρὸ
3008 5302 3202 5378 Κύριος
3256 5306 3479 5375 Ἰησοῦς
3532 5310 3773 5384 Χριστὸς
3802 5310 3871 5363 ἒπέ

2216 5391 2360 5447 ποΛὺ
2413 5397 2480 5466 τῇ
2540 5392 2592 5448 ἐν
2650 5391 2870 5454 τούτοις
2927 5389 3105 5468 ἅνοχῇ
3157 5393 3366 5449 ὐπνοῦν
3424 5397 3528 5452 οὐκ
3582 5401 3870 5475 ἠνέσχετε.

2217 5479 2526 5556 διαναστὰς,
2583 5486 2651 5557 τῇ
2714 5483 2890 5555 οὶκείᾳ
2937 5482 3231 5558 ἁγαθότητι
3262 5486 3358 5539 καὶ
3416 5484 3680 5563 δυνάμει,
3713 5489 3870 5545 ἐπετί-
