4048 6210
201 350 350 409 1429

1231 357 1582 416 EPISTOLA
1618 359 1721 412 AD
1753 358 2318 414 CONBTANTINUM
2355 355 2606 413 ΡΔΡᾹΜ

3483 359 3621 415 1430

201 495 348 548 mea
374 474 466 530 καὶ
496 478 588 530 νῦν
619 480 701 549 τῷ
726 474 990 547 κλυδῶνι,
1032 479 1099 535 οὐ
1145 482 1244 535 τοῦ
1292 478 1509 551 ὕδατος,
1564 479 1709 536 ἀλλᾶ
1754 484 1828 534 toi

1964 497 2087 536 non
2117 497 2286 551 aquae
2309 480 2462 547 illos,
2498 483 2601 537 sed
2633 482 2823 553 iniqui
2856 488 3123 537 conatus.
3161 485 3239 537 Ac
3278 485 3602 554 procellam

197 564 444 638 ἀθέσμου
499 564 933 640 ἐγχειρήματος
992 569 1083 623 καὶ
1140 569 1231 624 τὸν
1298 570 1394 643 μὲν
1453 576 1706 644 χειμῶνα
1750 576 1853 637 τῆς

192 659 308 711 τῶν
369 656 712 726 Ἐκκλησιῶν
775 656 951 729 ζάλης
1027 661 1346 714 κατέπαυσε·
1424 657 1740 734 ἐδωρήσατο
1798 656 1854 713 δὲ

189 745 337 818 ἡμῖν
366 745 468 813 τήν
504 743 753 819 μεγάλην
780 751 889 801 τῶν
931 750 1273 823 πραγμάτων
1333 747 1602 824 γαλήνην,
1654 743 1850 817 εὐσεϐῆ

198 833 434 909 βασιλέα
490 834 581 889 καὶ
638 836 774 891 κατὰ
828 838 1006 892 πάντα
1085 837 1357 914 ἐνάρετον,
1432 837 1741 917 έφάμιλλόν
1794 858 1853 893 τε

191 923 290 978 καὶ
321 922 466 997 ἄξιον
492 926 591 979 τοῦ
620 923 790 999 ὕψους
839 929 942 991 τῆς
1004 924 1303 1000 βασιλείας,
1362 928 1695 1000 κεκτημένον
1753 934 1852 996 τῆς

192 1012 523 1088 ὀρθοδοξίας
553 1015 647 1070 τὸν
684 1013 877 1085 ζῆλον,
920 1016 1013 1073 καὶ
1063 1021 1172 1072 τῶν
1217 1018 1436 1093 τρόπων
1486 1018 1549 1073 τὸ
1595 1016 1848 1090 κόσμιον,

192 1101 535 1180 φερωνύμως
590 1101 961 1173 ἀναστήσαντα
1034 1107 1170 1178 ἡμῖν
1242 1107 1341 1177 τὴν
1393 1104 1846 1176 ἐκκλησιαστικήν

188 1190 420 1266 εἰρήνην
449 1212 510 1247 τε
537 1190 630 1246 καὶ
679 1192 966 1266 ὁμόνοιαν.
1026 1193 1368 1268 Πεποίθαμεν
1416 1192 1474 1250 δὶ
1520 1199 1601 1268 τῷ
1645 1195 1847 1265 ταύτην

190 1282 335 1355 ¹ἡμῖν
362 1283 748 1357 χαρισαμένῳ,
798 1281 881 1339 ὅτι
930 1284 1019 1340 καὶ
1078 1288 1185 1339 τῶν
1230 1293 1331 1354 τῆς
1371 1282 1653 1349 πολιτείας
1707 1306 1850 1361 πρα-

192 1372 431 1446 γμάτων
457 1371 559 1441 τὴν
590 1370 867 1449 ἀνέγερσιν
898 1374 1038 1447 ⁴ἡμῖν
1083 1373 1442 1448 ἐπωνυμικῶς
1489 1374 1848 1449 προοιμιάζε-

186 1482 306 1521 ται.

261 1639 448 1712 Ὑμεῖς
478 1639 596 1710 οὗν,
626 1641 672 1695 ὦ
719 1640 842 1717 ίερά
899 1640 1133 1719 κεφαλὴ,
1187 1646 1255 1716 τῇ
1305 1641 1357 1698 ἐν
1412 1643 1540 1715 ὑμῖν
1601 1640 1845 1719 διορατι-

183 1730 426 1803 κωτάτῳ
456 1726 680 1801 δυνάμει
720 1734 819 1785 τοῦ
875 1732 1211 1803 Πνεόματος,
1261 1732 1361 1799 τήν
1394 1730 1568 1808 ’χεῖρα
1608 1740 1708 1803 τῆς
1753 1733 1837 1789 £6-

1968 569 2208 639 quidem
2241 574 2420 623 aestus
2446 570 2843 625 Ecclesiarum
2877 571 3137 637 sedavit;
3172 572 3420 627 indulsit
3472 592 3606 630 vero

1962 674 2239 730 magnam
2274 675 2473 712 rerum
2508 660 3020 730 tranquillitatem,
3045 661 3205 731 pium
3230 659 3608 730 largiensim-

1961 753 2320 817 peratorem,
2353 764 2421 801 ac
2448 749 2610 802 omni
2640 749 2849 803 virtute
2878 755 3154 803 ornatum
3184 750 3398 813 virum,
3430 751 3610 820 plane

1960 836 2209 908 dignum
2242 836 2477 908 imperii
2512 838 2750 901 Vertice,
2785 838 2958 908 eique
2991 838 3452 909 respondentem
3504 839 3607 893 ha-

1957 925 2200 980 bentem
2232 926 2422 979 zelum
2450 926 2793 980 orthodoxae
2828 926 2987 995 ﬁdei,
3019 944 3087 982 ac
3127 945 3358 982 morum
3411 928 3605 983 hone-

1960 1020 2195 1077 atatem,
2230 1015 2329 1084 qui
2381 1031 2487 1085 pro
2541 1015 2801 1070 nominis
2849 1018 3096 1084 ratione,
3144 1016 3607 1073 ecclesiasticam

1958 1104 2133 1159 nobis
2164 1120 2373 1175 pacem
2406 1108 2465 1158 et
2494 1104 2873 1159 concordiam
2904 1106 3063 1160 velut
3101 1114 3397 1161 mortuam
3447 1114 3606 1179 post-

1956 1192 2192 1249 liminio
2225 1192 2617 1248 suscitaverit.
2650 1196 2831 1249 Porro
2881 1196 3239 1250 conﬁdimus
3289 1202 3606 1267 praestante

1956 1298 2048 1351 eo,
2082 1283 2184 1354 qui
2216 1298 2349 1338 eam
2380 1282 2877 1352 tranquillitatem
2920 1284 3167 1357 largitus
3220 1291 3328 1350 est,
3377 1290 3444 1339 ut
3486 1287 3602 1341 rei-

1955 1371 2210 1442 publicaa
2243 1371 2599 1426 afﬂictarum
2658 1388 2859 1427 rerum
2914 1374 3434 1440 resurrectionem,
3496 1392 3600 1446 pro

1955 1460 2047 1516 sui
2078 1460 2476 1532 appellatione
2508 1460 2788 1528 nominis,
2841 1462 3203 1517 instaurator
3248 1463 3488 1518 inchoet
3533 1481 3600 1519 ac

1954 1549 2312 1606 exordiatur.

2023 1642 2136 1694 Vos
2166 1639 2389 1709 itaque,
2423 1657 2455 1694 ο
2487 1656 2722 1695 sacrum
2763 1645 2960 1711 caput,
3005 1641 3333 1711 perspicaci
3382 1640 3487 1696 illa
3535 1642 3595 1696 in

1950 1731 2114 1786 vobis
2144 1731 2357 1785 virtute
2390 1730 2655 1801 spiritus,
2689 1730 2926 1786 blanda)
2960 1731 3019 1784 in
3053 1747 3162 1785 nos
3184 1731 3595 1787 inclinationis

190 1822 395 1892 μνοῦς
442 1821 579 1891 ἡμῖν
630 1817 953 1882 ἐκτείνοντες
1012 1818 1354 1891 ἐπικλήσεως
1410 1821 1607 1895 πραείᾳ
1658 1821 1828 1897 ἐπαφῇ

194 1908 211 1929 9
282 1928 287 1929 ,
327 1903 360 1929 ρ
405 1907 419 1929 Ι
618 1928 621 1929 ,
781 1908 793 1927 1
1106 1911 1119 1929 \
1251 1910 1263 1927 \
1389 1910 1404 1929 9
1483 1910 1502 1929 \
1784 1916 1796 1929 ι

1948 1820 2338 1876 extendentes
2371 1836 2636 1884 manum,
2670 1819 2788 1875 leni
2819 1825 3094 1875 contactu
3125 1822 3445 1891 reciprocas
3493 1840 3600 1893 per

1954 1909 2175 1929 Ιειι-ηᾼ-
2216 1909 2403 1929 μ..-ι2ᾼ,
2444 1910 2599 1929 :___L-
2630 1910 2901 1929 n__l-_.'_-
2936 1909 3118 1929 1;,-__
3186 1910 3238 1929 ξ]
3284 1915 3355 1929 γει
3410 1928 3429 1929 η
3468 1911 3478 1921 ”
3552 1913 3562 1923 '

182 1903 495 1981 ἀμοιϐαίων
568 1908 907 1984 γραμμάτων
993 1911 1129 1965 κατὰ
1209 1910 1302 1965 τὸν
1387 1910 1834 1982 ἐκκλησιαστικὸν

182 1998 413 2072 θεσμὸν,
444 1995 614 2073 ἤγουν
663 2002 732 2073 τῇ
790 2003 899 2055 τῶν
958 1997 1378 2055 ἀντισυνοδικῶν
1436 2000 1740 2075 ἀποστολῇ,
1771 2003 1834 2058 τὸ

174 2093 286 2155 τῆς
346 2087 560 2163 ἀγάπης
615 2089 982 2163 προσάγοντες
1038 2087 1321 2165 φάρμακον
1377 2090 1439 2144 τὸ
1524 2088 1729 2145 λυποῦν
1781 2091 1832 2146 έν

170 2178 314 2249 ⁴ἡμῖν
370 2177 463 2231 καὶ
526 2176 856 2254 ὁποσφύζον,
916 2181 1237 2252 θεραπεῦσαι
1318 2175 1673 2234 σπουδάσατε.
1760 2180 1832 2232 Ού

169 2266 277 2340 γάρ
306 2262 420 2319 ἐστί
477 2285 610 2320 ποτε
663 2264 840 2327 ἃνεσις
892 2269 963 2339 τῇ
1016 2268 1194 2340 ψυχῇ,
1251 2265 1286 2335 ἢ
1339 2271 1457 2329 τοῖς
1520 2265 1831 2341 ὀφθαλμοῖς

172 2349 501 2426 ἐπιϐήσεται
532 2354 719 2425 ὕπνος,
778 2356 868 2411 καὶ
927 2356 1223 2419 ἀνάπαυσις
1271 2362 1390 2420 τοῖς
1437 2356 1761 2434 κροτάφοις,
1794 2357 1829 2426 ἢ

173 2448 298 2507 τοῖς
333 2443 629 2520 βλεφάροις
659 2447 822 2518 ἡμῶν
851 2447 1181 2521 νυσταγμὸς,
1213 2442 1316 2511 ἕως
1345 2444 1405 2501 ἄν
1441 2447 1543 2515 τὴν
1591 2446 1831 2502 καθόλου

169 2534 493 2607 θεασώμεθα
536 2533 636 2589 τοῦ
693 2538 826 2590 Θεοῦ
888 2534 1242 2606 Ἐκκλησίαν,
1296 2536 1394 2604 τήν
1454 2535 1682 2606 ἑνότητα
1734 2540 1831 2591 τοῦ

173 2621 485 2695 πνεύματος
539 2622 631 2678 καὶ
685 2622 840 2687 αὖθις
897 2622 951 2679 ἐν
1010 2629 1089 2697 τῷ
1146 2623 1434 2698 συνδέσμῳ
1491 2632 1594 2695 τῆς
1682 2624 1833 2700 εἲρή-

173 2732 281 2782 νης
340 2708 728 2782 διασώζουσαν.
782 2713 879 2768 Καὶ
935 2713 1037 2789 γὰρ
1097 2712 1302 2769 ἐκείνου
1369 2714 1518 2775 ’ὀντες
1592 2716 1826 2786 μαθηταὶ

173 2800 271 2858 καὶ
295 2797 568 2877 διάδοχοι,
597 2805 696 2857 τοῦ
752 2802 898 2874 παρὰ
950 2806 1047 2858 τοῦ
1093 2802 1289 2874 Κυρίου
1330 2802 1682 2865 ἀκούσαντος·
1731 2801 1829 2857 Σί-

177 2906 325 2963 μων·
386 2890 602 2964 Σίμων,
679 2888 799 2947 ἰδοὺ
888 2892 917 2946 ὁ
997 2896 1239 2954 Σατανᾶς
1316 2891 1609 2966 ἐξῃτήσατο
1692 2892 1830 2966 ὑμᾶς

175 2977 417 3034 σινιάσαι
479 2979 556 3041 ὡς
638 2980 732 3035 τὸν
813 2985 984 3036 σῖτον·
1072 2980 1183 3057 ἐγὼ
1258 2978 1315 3036 δὲ
1390 2978 1619 3052 ἐδεήθην
1705 2981 1828 3055 περὶ

171 3072 296 3140 ωοῦ,
342 3070 434 3124 ἳνα
495 3069 573 3141 μὴ
629 3067 857 3145 ἐκλείπῃ
918 3072 953 3140 ἠ
1011 3069 1193 3132 πίστις
1254 3090 1373 3126 σου·
1427 3070 1518 3126 καὶ
1578 3071 1641 3126 σύ
1696 3091 1829 3126 ποτε

169 3156 524 3233 ἐπιστρέψας,
577 3159 832 3232 στήριξον
910 3160 1040 3221 τοὺς
1116 3157 1387 3237 ἀδελφούς
1472 3180 1588 3217 σου.
1646 3161 1828 3236 Ὀφει-

1949 1909 2179 1964 litteras
2207 1909 2411 1979 gratia)
2434 1910 2610 1981 juxta
2630 1910 2908 1963 Ecclesiae
2936 1909 3150 1981 legem,
3185 1910 3242 1963 id
3274 1915 3382 1979 est,
3407 1911 3599 1967 missis

1948 1997 2207 2053 vicissim
2240 1997 2563 2069 synodicis,
2592 1998 2929 2053 dilectionis
2962 1999 3293 2055 remedium
3310 1999 3599 2057 adhiben-

1949 2092 2058 2151 tes,
2091 2086 2247 2157 quod
2278 2086 2340 2140 in
2371 2087 2544 2141 nobis
2571 2087 2837 2141 dolorem
2863 2088 3025 2152 facit,
3050 2105 3115 2143 ac
3146 2088 3352 2144 subtus
3375 2090 3592 2160 pulsat,

1948 2177 2224 2231 festinate
2254 2192 2480 2230 curare.
2513 2176 2685 2231 Nulla
2715 2177 3008 2247 siquidem
3058 2178 3273 2231 anima:
3325 2180 3594 2234 remissio

1950 2271 2059 2329 est,
2090 2280 2202 2319 nec
2232 2281 2477 2319 somnus
2504 2265 2692 2319 oculis
2726 2266 2789 2330 ¹³,
2814 2272 2913 2320 aut
2938 2266 3174 2336 requies
3207 2268 3593 2337 temporibus,

1945 2354 2038 2409 vel
2068 2353 2369 2424 palpebris
2413 2353 2755 2408 dormitatio
2807 2354 3007 2423 aliqua
3056 2354 3358 2421 insidebit,
3409 2356 3596 2411 donec

1946 2443 2164 2498 iterum
2222 2442 2561 2497 universam
2620 2443 2722 2497 Dei
2781 2443 3104 2497 Ecclesiam
3164 2443 3361 2499 videre
3419 2444 3598 2500 liceat

1947 2536 2277 2587 servantem
2337 2534 2607 2586 unitatem
2663 2533 2893 2601 spiritus
2945 2534 3004 2586 in
3072 2534 3290 2587 vincqu
3342 2536 3499 2603 pacis
3530 2534 3593 2591 “.

1945 2621 2179 2677 Etenim
2210 2636 2346 2676 cum
2377 2621 2507 2693 ejus
2540 2621 2669 2675 sitis
2700 2620 2975 2691 discipuli
3010 2626 3070 2675 et
3096 2638 3469 2677 successores
3492 2624 3593 2693 qui

1945 2710 2261 2765 aDomino
2311 2709 2575 2764 audivit:
2634 2710 2842 2775 Simon,
2901 2711 3125 2764 Simon:
3185 2727 3300 2765 ecce
3359 2713 3597 2766 Satanas

1945 2803 2210 2871 expeti-vit
2238 2817 2331 2855 vos
2358 2806 2419 2855 ut
2449 2801 2719 2855 cribraret
2748 2802 2887 2854 sicut
2919 2802 3167 2854 triticum
3194 2818 3215 2864 ;
3264 2818 3361 2870 ego
3411 2808 3592 2856 autem

1936 2907 2044 2962 pro
2076 2897 2127 2945 te
2152 2892 2347 2959 rogavi
2375 2896 2435 2944 ut
2472 2906 2582 2943 non
2633 2890 2851 2957 deﬁciat
2890 2889 3020 2957 ﬁdes
3069 2896 3167 2943 tua
3205 2908 3225 2953 ;
3269 2896 3319 2944 et
3369 2896 3429 2944 tu
3480 2891 3590 2945 ali-

1943 2980 2166 3051 quando
2213 2995 2522 3045 conversus,
2581 2982 2846 3047 conﬁrma
2891 2982 3097 3047 fratres
3146 2984 3265 3032 tuos
3299 2979 3359 3044 ¹⁶,
3411 2979 3587 3050 plane

1944 3069 2173 3124 debetis
2229 3085 2264 3122 a
2320 3069 2436 3123 Deo
2496 3067 2790 3133 honorati,
2846 3084 2979 3122 cum
3036 3085 3106 3122 ea
3165 3068 3358 3122 studio
3417 3068 3587 3123 adhi-

1943 3159 2104 3226 bere,
2136 3148 2267 3230 quin
2299 3164 2439 3214 sunt
2467 3158 2937 3214 confirmationis
2967 3157 3041 3213 ad
3082 3158 3588 3226 emendationem,

168 3220 522 3320 λέταιιὲστὲ,’
556 3220 897 3320 θεοτίμητοι,
954 3220 1034 3304 τά
1079 3250 1198 3322 μὲν,
1256 3220 1543 3324 τοῦνπρὸς
1599 3220 1825 3322 ἐπανόρ-

1942 3255 2065 3305 tum
2080 3266 2210 3319 qum
2233 3248 2649 3318 compatientis
2667 3248 2849 3303 animi
2876 3248 3226 3318 propensive
3249 3248 3585 3303 ostendere.

165 3337 342 3392 θωσιν
401 3341 716 3412 στηριγμοῦ
771 3337 991 3413 ἐπάγειν
1074 3337 1373 3411 ἐπιμελῶς,
1451 3339 1518 3392 τά
1591 3336 1669 3407 δὲ,
1727 3345 1827 3408 τῆς

165 3426 491 3498 συμπαθοῦς
546 3427 777 3501 γνώμης
834 3427 1265 3503 προχειρότερον
1331 3425 1547 3501 μᾶλλον
1602 3428 1820 3503 χαρίζε-

164 3519 317 3575 σθαι.
349 3518 504 3575 Ἐπεί
553 3518 645 3573 καὶ
693 3516 786 3573 τὸν
847 3522 1144 3596 κορυφαῖον
1203 3517 1383 3587 αὐτὸν,
1444 3519 1504 3574 ἐκ
1558 3523 1654 3574 τοῦ
1711 3522 1829 3583 καθ’

159 3605 358 3663 δαυτὸν
433 3607 728 3683 προτρέπει
788 3607 816 3662 ὁ
873 3607 1100 3680 Κύριος,
1177 3605 1467 3663 συνειδέναι
1560 3608 1652 3682 μὲν
1728 3610 1827 3678 τῆς

157 3695 369 3771 σαρκὸς
413 3697 515 3765 τήν
575 3695 874 3751 ἀσθένειαν·
933 3695 1062 3758 τοὺς
1119 3693 1178 3751 δὲ
1242 3698 1360 3752 κατ’
1409 3695 1666 3773 ἐπήρειαν
1721 3702 1827 3752 τῶν

160 3784 351 3855 ἀκτὰς,
437 3782 662 3840 ὀλίσθου
735 3782 950 3861 τροπήδ
1036 3785 1458 3858 ὑπομείναντας,
1542 3787 1676 3842 καθὸ
1754 3784 1820 3856 δὴ

160 3873 438 3931 πέπονθεν
495 3874 587 3929 καὶ
645 3874 807 3937 αὐτὸς
866 3874 920 3929 ἐν
976 3879 1056 3947 τῷ
1111 3879 1209 3931 τοῦ
1267 3874 1542 3949 σωτηρίου
1616 3875 1820 3940 πάθους

156 3967 366 4039 καιρῷ,
404 3964 481 4036 μὴ
538 3962 945 4032 ἆποστελῆσθαι
1000 3967 1074 4037 (e)
1120 3971 1222 4034 τῆς
1277 3966 1395 4020 κατ’
1454 3964 1823 4042 ἐπανόρθωσιν

156 4053 313 4125 πρὸς
340 4053 441 4121 τήν
473 4053 739 4129 προτέραν
771 4051 1031 4121 ἀπάθειαν
1063 4053 1569 4117 ἀπακαταστάσεως.

236 4140 339 4198 Καὶ
369 4145 532 4198 τοῦτο
563 4137 643 4211 δὶ,
698 4142 798 4211 τὴν
861 4142 1007 4218 ἱερὰν
1069 4143 1222 4216 ὑμῶν
1277 4145 1502 4216 μνήμην
1565 4143 1640 4215 μὴ
1700 4139 1818 4198 δια-

144 4230 429 4311 φευγέτω,
462 4230 537 4293 ὣς
563 4250 706 4293 τινες
732 4235 843 4288 τῶν
894 4229 1234 4287 καθέλόντων
1284 4232 1376 4287 τὸν
1427 4225 1596 4301 ἀσεϐῆ
1648 4231 1817 4289 Εὐτυ-

141 4322 267 4399 χέι
305 4320 394 4377 ἐπὶ
446 4324 544 4376 τοῦ
599 4327 703 4390 τῆς
760 4319 914 4394 ἀγίας
972 4322 1202 4394 μνήμης
1247 4315 1589 4387 Φλαϐιανοῦ,
1647 4320 1699 4375 ἐν
1746 4326 1815 4396 τῇ

146 4410 302 4487 μετᾶ
326 4412 495 4465 ταῦτα
553 4408 643 4465 ἐπὶ
698 4410 1009 4482 Διοσκόμου
1066 4408 1121 4465 ἐν
1176 4410 1384 4488 Ἐφέσῳ
1435 4408 1670 4482 συνόδῳ,
1719 4412 1813 4466 τὸν

136 4495 385 4562 ἔνδίκως
436 4498 832 4573 κατακριθέντα
885 4496 1289 4568 δικαιώσαντες,
1370 4501 1470 4569 τήν
1553 4496 1812 4555 ἀδικωτά-

1936 3345 2078 3393 Nam
2111 3344 2168 3393 et
2198 3338 2528 3409 principem
2560 3338 2753 3408 ipsum
2815 3355 2881 3391 ac
2928 3337 3334 3407 apostolorum
3384 3344 3581 3409 caput,

1934 3425 2215 3479 admonet
2244 3426 2527 3480 Dominus
2561 3443 2626 3479 ex
2660 3425 2730 3478 iis
2766 3442 2894 3494 quae
2928 3424 2987 3478 in
3020 3443 3088 3479 eo
3120 3425 3484 3482 acciderunt.
3520 3432 3585 3481 ut

1935 3515 2060 3585 ipse
2089 3514 2329 3585 quidem
2381 3515 2576 3569 carnis
2634 3516 3038 3570 inﬁrmitatem
3097 3515 3423 3587 intelligat;
3480 3534 3581 3570 eos

1932 3610 2130 3659 autem
2164 3605 2263 3674 qui
2297 3609 2541 3659 externa
2564 3604 2820 3674 quadam
2854 3604 3135 3658 violentia
3157 3621 3223 3659 ac
3255 3604 3481 3659 insultu
3509 3605 3582 3659 ad

1930 3710 2132 3749 casum
2164 3694 2406 3764 impulsi
2432 3695 2693 3760 fuerunt,
2726 3694 3233 3764 quemadmodum
3260 3694 3383 3764 ipse
3404 3694 3583 3749 etiam

1933 3799 2143 3855 passus
2174 3789 2263 3837 est
2289 3783 2395 3838 sub
2449 3789 2681 3854 tempus
2730 3783 3007 3839 salutaris
3052 3782 3371 3853 passionis,
3422 3783 3582 3838 haud

1932 3874 2015 3927 ita
2040 3873 2282 3936 habere,
2316 3878 2380 3928 ut
2409 3890 2481 3927 ne
2544 3874 2759 3944 prioris
2810 3879 2997 3929 status
3046 3874 3117 3928 ab
3167 3873 3584 3929 affectionibus

1928 3964 2093 4018 vacui
2120 3962 2577 4030 absolutionem,
2599 3963 3014 4018 emendatione
3036 3963 3269 4018 valeant
3291 3964 3574 4034 recipere.

1995 4144 2111 4198 Nec
2142 4142 2291 4198 illud
2324 4142 2660 4203 verofsacra
2690 4146 2883 4195 vestra
2912 4141 3203 4195 memoria
3234 4139 3487 4205 excidat,
3519 4144 3586 4195 ut

1922 4232 2206 4287 nimirum
2238 4231 2514 4286 nonnulli
2556 4245 2785 4292 eorum,
2820 4228 2921 4299 qui
2953 4228 3061 4283 sub
3089 4233 3308 4283 sancta:
3340 4245 3572 4283 memo-

1920 4322 2025 4377 rias
2057 4319 2335 4377 Flaviano
2366 4319 2617 4389 impium
2672 4318 2995 4387 Eutychem
3046 4317 3455 4384 damnassent,
3506 4318 3568 4372 in

1920 4410 2217 4482 Ephesina
2245 4406 2628 4480 postmodum
2659 4406 2882 4477 synodo
2928 4406 2999 4461 ab
3059 4406 3359 4473 Dioscoro,
3409 4423 3568 4474 eum,

1919 4500 2019 4571 qui
2042 4500 2203 4570 juste
2225 4497 2655 4553 condemnatus
2676 4496 2906 4563 fuisset,
2927 4496 3158 4567 justum
3182 4496 3568 4566 pronuntian-

133 4609 259 4660 την
313 4587 623 4660 έπήρτησαν
685 4582 985 4660 Φλαϐιανῷ
1034 4592 1112 4660 τῷ
1172 4592 1570 4664 μακαριωτάτῳ
1639 4591 1799 4644 κατά-

1943 4605 2024 4655 es,
2056 4588 2216 4644 omni
2252 4587 2494 4658 plenam
2525 4586 2818 4657 injustitia
2870 4584 3387 4640 condemnationis
3430 4602 3561 4640 scn-

135 4699 351 4755 κρισινο
382 4679 471 4734 καὶ
504 4678 660 4754 ὅμως
688 4677 742 4734 έν
794 4682 863 4753 τῇ
920 4680 1058 4735 κατὰ
1113 4676 1437 4749 Χαλκηδόνα
1494 4679 1624 4753 ἁγίᾳ
1680 4701 1805 4733 συν-

139 4766 275 4841 ὁδῳ
329 4766 530 4838 ἤρκεσε
581 4768 799 4831 τούτοις
844 4767 982 4839 πρὸς
1037 4766 1249 4822 τελείαν
1335 4767 1654 4842 ἀποτροπὴν
1714 4772 1811 4823 τοῦ

133 4855 506 4933 ἀγκλήματος
538 4857 573 4925 ἡ
631 4862 733 4925 τῆς
793 4856 977 4930 ὑγιοῦς
1032 4852 1340 4929 ὁμολογίας
1396 4855 1658 4926 σύνθεσις,
1717 4842 1809 4911 καὶ

133 4945 213 5002 οὐ
246 4940 483 5001 πολλῶν
513 4942 637 5019 περὶ
688 4942 888 4999 τούτου
943 4941 1170 5015 έδὲησαν
1215 4942 1398 4999 πόνων
1458 4944 1551 4999 καὶ
1603 4942 1804 5017 λόγων.

131 5033 285 5096 Οἵδε
306 5036 408 5110 γὰρ
439 5032 709 5113 ἀδελφική
741 5035 971 5109 στοργὴ,
1007 5034 1084 5107 μὴ
1115 5032 1352 5089 ἐπιπολὺ
1404 5031 1803 5091 ἀναϐάλλεσθαι

124 5126 203 5182 τὸ
234 5124 378 5200 πρὸς
427 5128 527 5180 τοῦ
582 5121 755 5186 πέλας
795 5124 1083 5196 προσηνὲς
1117 5124 1208 5179 καὶ
1269 5122 1573 5198 μειλίχιον.
1630 5127 1804 5178 Ταῦτα

121 5214 245 5292 γὰρ
276 5217 395 5275 τοῖς
446 5213 499 5270 ἐν
558 5211 694 5286 αὐτῇ
739 5214 810 5287 τῇ
858 5210 912 5268 ἐν
974 5208 1287 5284 Χαλκηδόνι
1346 5210 1792 5288 συνειλεγμένοις

208 5420 265 5462 ¹³
291 5421 447 5481 Psal.
481 5430 672 5494 anxi,
703 5421 758 5479 4.
834 5420 879 5459 ⁸⁸
906 5422 1120 5497 Ephes.
1153 5438 1229 5491 Iv,
1260 5425 1313 5479 2.
1392 5421 1439 5457 ¹⁵
1467 5423 1607 5479 Luc.
1639 5439 1779 5492 χιιι,
1815 5426 1905 5479 31.

1918 4678 2165 4734 tentiam
2197 4677 2257 4732 in
2281 4675 2692 4732 beatissimum
2723 4674 3063 4730 Flavianum
3094 4675 3356 4730 tulerint.
3392 4676 3435 4728 li
3470 4676 3565 4729 ni-

1921 4767 2247 4823 hilominus
2278 4767 2421 4822 satis
2479 4764 2819 4821 habuerunt
2883 4765 2944 4818 in
3000 4770 3203 4820 sancta
3249 4764 3563 4820 Chalcedo-

1918 4857 2091 4914 nensi
2125 4855 2372 4930 synodo,
2406 4855 2480 4910 ad
2539 4854 2797 4926 perfecte
2846 4854 3266 4925 depellendum
3312 4854 3560 4921 crimen,

1916 4952 1982 5001 ut
2038 4962 2197 5001 sanie
2253 4943 2615 5000 confessioni
2670 4960 2980 4999 assensum
3042 4943 3394 5014 praeberent,
3451 4958 3562 4997 nec

1915 5034 2119 5090 multis
2149 5034 2223 5090 ad
2245 5034 2356 5089 hoc
2386 5032 2690 5088 laboribus
2740 5032 3050 5102 verbisque
3095 5032 3181 5087 eis
3230 5048 3379 5103 opus
3427 5031 3559 5087 fuit.

1913 5126 2140 5197 Quippe
2172 5125 2333 5179 novit
2356 5123 2657 5180 fraternus
2687 5139 2853 5179 amor
2882 5140 3003 5178 non
3033 5122 3137 5177 diu
3184 5122 3423 5178 differre
3471 5122 3560 5178 le-

1910 5215 2159 5271 nitatem
2190 5214 2253 5270 in
2303 5213 2663 5286 proximum,
2717 5229 2783 5269 ac
2838 5212 3092 5268 blandos
3149 5228 3365 5268 mores.
3426 5213 3559 5268 Haec

1510 5594 1745 5649 VARIIE
1784 5593 2186 5650 LECTIONES'

213 5692 295 5763 (ο)
324 5691 456 5765 Leg.
492 5690 925 5767 ἀποστερεῖσθαι.
