4048 6210
430 363 564 419 1431

1644 356 1950 411 JOANNIS
1987 357 2470 413 PATRIARCHB
2507 359 2616 413 οι).

3706 351 3859 408 1432

431 489 591 545 enim
621 485 1029 541 sanctissimus
1064 485 1174 538 Leo
1205 481 1478 537 Patribus
1508 480 1878 536 Chalcedone
1920 498 2071 536 con-

2203 480 2430 555 [Ιατράσι
2486 484 2637 537 Λέων
2671 482 2698 535 ὁ
2729 483 3034 557 άγιώτατος
3085 480 3444 545 διεστείλατο,
3495 479 3526 532 ὁ
3574 484 3679 546 τῆς
3728 480 3857 540 καθ’

432 576 687 649 gregatis
719 575 981 639 mittens,
1019 576 1223 626 vestra:
1256 571 1357 625 ille
1386 570 1729 641 apostolica
1777 570 2077 638 Ecclesiaa,

437 665 580 737 quin
612 671 670 717 et
699 663 957 717 universi
990 660 1149 715 orbis
1173 658 1570 714 clarissimum
1594 659 1817 723 lumen,
1842 660 1903 713 in
1926 660 2083 714 hunc

426 754 681 810 modum
714 752 952 822 scripsit
984 749 1065 802 ίδε
1105 773 1124 796 ι
1165 747 1275 802 Sed
1307 748 1445 818 quia
1493 747 1681 801 multa
1724 764 1900 818 smpe,
1952 764 2082 817 quas

438 842 869 917 paenitudinem
923 839 1153 910 possint
1205 854 1508 909 generare,
1596 837 1970 908 proveniunt,
2028 841 2086 891 et

438 930 894 1003 superatculpas
909 927 1385 997 delinquentium
1404 926 1809 981 misericordia
1821 926 2083 993 Dei,ideo

440 1020 828 1092 suspenditur
862 1018 1027 1083 ultio,
1062 1024 1126 1071 ut
1157 1018 1342 1087 possit
1374 1016 1569 1070 locum
1600 1016 1818 1070 habere
1877 1033 2082 1071 corre-

437 1111 573 1166 ctio.
609 1132 636 1159 »
670 1109 757 1163 Ad
791 1109 915 1162 hinc
949 1123 1082 1161 vero
1118 1107 1293 1159 etiam
1324 1106 1417 1176 pie
1464 1106 1892 1159 recordationis
1938 1105 2086 1158 scri-

435 1201 583 1257 bens
606 1200 931 1253 Pulcheriae
950 1201 1249 1269 Augusta),
1278 1197 1335 1249 in
1351 1196 1601 1267 epistola
1619 1197 1790 1267 cujus
1810 1196 2080 1249 initium:

436 1312 464 1341 ‹‹
480 1289 836 1357 Religiosam
851 1287 1181 1341 clementia:
1196 1293 1400 1339 vestrm
1416 1285 2085 1354 sollicitudinem,quam

438 1378 743 1435 catholicm
777 1377 913 1430 ﬁdei
946 1376 1355 1430 indesinenter
1395 1374 1759 1444 impenditis,
1796 1395 1819 1424 ι
1856 1374 2086 1444 ejusce-

440 1466 601 1522 modi
663 1465 867 1519 scribit
924 1463 1465 1535 principalissimus
1526 1463 1735 1517 Leonis
1808 1463 2081 1516 animus:

443 1576 473 1605 ιι
505 1556 665 1609 Sicut
698 1555 857 1607 enim
890 1570 923 1607 a
953 1552 1246 1623 principio
1280 1552 1458 1622 hujus
1492 1568 1682 1605 causas
1723 1551 2084 1621 frequentis-

444 1648 591 1699 sime
624 1644 854 1713 scripsi,
888 1643 1041 1696 hanc
1073 1642 1229 1694 inter
1259 1641 1560 1695 discordes
1594 1657 1802 1695 sensus
1851 1647 1910 1694 et
1955 1657 2085 1695 car-

444 1732 611 1788 nales
644 1731 1056 1785 mmulationes
1090 1729 1557 1784 moderationem
1580 1730 1733 1783 volui
1765 1729 2083 1795 custodire,

444 1821 846 1893 utintegritati
868 1820 1107 1891 quidem
1134 1820 1269 1873 ﬁdei
1293 1819 1442 1873 nihil
1474 1819 1667 1886 evelli,
1700 1819 1849 1873 nihil
1870 1819 2089 1910 liceret
2114 1846 2160 1910 B

444 1912 681 1984 apponi,
732 1910 807 1964 ad
860 1910 1151 1963 unitatem
1206 1924 1339 1961 vero
1398 1925 1723 1978 pacemque
1780 1908 2085 1962 redeunti-

442 2001 574 2066 bus,
607 2000 938 2054 remedium
971 1998 1155 2053 venize
1187 2002 1591 2069 praestaretur.
1625 1998 1772 2062 Quia
1794 2004 1931 2052 tunc
1955 2014 2088 2068 Ope-

441 2108 573 2145 rum
633 2089 854 2143 diaboli
895 2088 1174 2158 potentia)
1226 2087 1631 2155 destruuntur,
1681 2104 1814 2141 cum
1866 2086 1939 2140 ad
1983 2086 2086 2140 Dei

442 2180 814 2252 proximique
844 2177 1226 2230 dilectionem
1259 2176 1566 2229 hominum
1600 2176 1778 2230 corda
1808 2192 2086 2229 revocan-

441 2274 555 2322 tur.
592 2290 617 2316 ››
682 2268 797 2319 Hoc
858 2267 1049 2336 ipsum
1111 2265 1283 2335 longe
1340 2266 1517 2318 etiam
1568 2266 1732 2335 prius
1790 2266 2090 2319 invenitur

443 2361 757 2428 prsestasse
814 2356 875 2407 in
935 2354 1150 2407 divinis
1202 2361 1510 2408 accuratus
1571 2354 1847 2423 Cyrillus,
1906 2354 1966 2408 in
2021 2370 2090 2408 ea

446 2460 622 2515 quam
657 2442 863 2496 habuit
912 2458 1045 2495 cum
1106 2442 1397 2513 episcopis
1453 2442 1849 2497 Orientalibus
1898 2442 2093 2496 disce-

450 2534 715 2605 ptatione
747 2531 1197 2601 studiorumque
1248 2532 1548 2585 conﬂictu.
1598 2534 1821 2602 Quippe
1855 2532 1915 2599 ii,
1950 2549 2094 2603 prie-

451 2622 795 2676 damnatum
826 2620 1157 2673 Nestorium
1182 2619 1486 2673 absolvere
1502 2619 2092 2690 volentes,latamque

448 2711 509 2764 in
530 2727 662 2764 eum
697 2709 1053 2763 sententiam
1086 2714 1419 2779 satagentes
1450 2709 1679 2762 irritam
1720 2709 1935 2775 facere,
1968 2726 2093 2763 rem

448 2804 957 2871 praesumpserunt
988 2797 1233 2850 minime
1264 2797 1571 2853 ferendam
1603 2816 1615 2865 ;
1649 2800 1793 2869 quin
1837 2799 2094 2853 maximo

448 2906 510 2945 se
545 2889 766 2943 scelere
800 2887 1322 2953 constrinxerunt;
1350 2888 1567 2959 quippe
1626 2889 1727 2958 qui
1776 2888 1947 2943 beato
1995 2890 2097 2961 Cy-

445 2978 604 3045 rillo,
639 2995 703 3031 ac
736 2978 864 3048 ejus
892 2977 1117 3046 synodo
1151 2976 1465 3030 anathema
1496 2976 1772 3031 dixerint.
1805 2979 2092 3032 Caeterum

447 3068 498 3123 is
528 3084 764 3138 quoque
798 3071 1137 3136 promptum
1190 3064 1479 3131 adhibuit,
1533 3066 1803 3137 nihilque
1852 3067 2094 3121 difﬁcile

446 3157 775 3213 remedium
806 3173 817 3208 :
852 3156 963 3209 hoc
996 3172 1179 3209 unum
1205 3156 1627 3209 satisfactionis
1668 3142 1796 3210 loco
1851 3157 2091 3228 exigens

446 3253 514 3302 ut
542 3246 822 3299 nimirum
869 3245 939 3297 iis
993 3261 1123 3314 quas
1184 3244 1437 3298 fuissent
1492 3245 1773 3316 synodice
1832 3245 2090 3313 decreta,

448 3337 663 3409 pieque
686 3336 1263 3399 deﬁnita,assensum
1290 3339 1661 3404 praestarent,
1687 3336 2094 3405 sancitamque

450 3427 515 3481 in
548 3426 797 3495 impium
832 3425 1261 3478 conﬁrmarent
1291 3424 1735 3477 damnationem
1764 3441 1775 3491 ;
1807 3424 1866 3478 in
1891 3440 1990 3478 eas
2014 3424 2099 3477 in-

454 3516 626 3571 terim
663 3515 838 3567 totius
871 3513 1066 3583 gaudii
1102 3513 1309 3583 plenas
1342 3529 1510 3567 voces
1550 3520 1974 3583 prorumpente
1998 3529 2098 3567 eo-

457 3604 591 3658 dem
624 3605 751 3673 ipso
786 3604 1007 3657 deil’ero
1042 3605 1231 3667 Patre,
1266 3619 1413 3671 quas
1445 3608 1611 3672 putet
1640 3603 1857 3672 aliquis
1888 3603 2096 3667 dictas,

456 3692 771 3761 velutipsc
826 3692 1019 3762 potius
1078 3692 1307 3744 veniam
1370 3695 1527 3744 esset
1582 3698 1934 3745 consecutus
1994 3708 2097 3761 pro

458 3781 675 3852 quibus
707 3780 1068 3845 offendisset,
1105 3796 1281 3848 quam
1332 3779 1403 3833 iis
1451 3779 1817 3847 indulsisset,
1868 3781 1969 3850 qui
2020 3781 2101 3835 ita

456 3870 884 3925 offendissent:
921 3892 947 3917 «
987 3870 1281 3923 Lwtentur
1327 3869 1507 3935 enim,
1568 3869 1784 3940 inquit,
1842 3869 1993 3936 caeli,
2043 3875 2101 3924 et

458 3959 713 4014 exsultet
740 3964 924 4011 terra:
950 3958 1179 4012 medius
1202 3959 1395 4028 paries
1423 3959 1694 4013 maceriaa
1728 3958 1958 4012 solutus
1988 3965 2097 4025 est,

459 4068 525 4106 ac
549 4050 806 4121 cujusvis
825 4050 1058 4121 generis
1082 4048 1312 4103 sublata
1343 4049 1657 4116 dissensio,
1691 4050 2099 4103 universorum

458 4140 755 4195 Salvatore
787 4140 1015 4193 Christo
1048 4139 1326 4193 Ecclesiis
1359 4139 1479 4193 suis
1505 4155 1708 4209 pacem
1736 4139 2043 4209 largiente.
2072 4166 2092 4191 ι

460 4232 639 4284 Porro
668 4229 843 4283 etiam
877 4228 1106 4281 habetis
1140 4245 1237 4282 vos
1269 4245 1301 4282 ει
1335 4229 1449 4281 Deo
1485 4228 1689 4287 afflati,
1740 4229 1972 4283 ﬁrmam
2023 4228 2101 4282 le-

459 4320 862 4392 gitimamque,
899 4334 965 4371 ac
998 4318 1339 4372 nullatenus
1370 4318 1774 4387 repellendam
1807 4318 2101 4372 defensio-

460 4424 620 4473 nem,
672 4423 809 4476 qua,
866 4406 1110 4460 omnino
1170 4423 1276 4476 per
1332 4406 1557 4460 illatam
1618 4408 1730 4461 vim
1785 4408 2105 4462 commissa

462 4498 712 4553 offensio
744 4497 1036 4551 abolenda
1076 4498 1190 4563 sit;
1226 4514 1433 4567 puram
1466 4498 1745 4552 nimirum
1778 4514 1845 4552 ac
1880 4498 2103 4553 claram

2194 571 2334 643 ὑμᾶς
2360 570 2731 641 ἀποοτολικῆς
2782 568 3069 645 καθέδρας,
3127 569 3339 644 μᾶλλον
3399 566 3458 623 δὲ
3503 574 3610 636 τῆς
3662 568 3855 620 almu-

2196 661 2362 731 μένης
2430 661 2642 731 ἁπάσης
2698 662 3015 735 φανώτατος
3074 658 3337 731 λαμπτὴρ
3392 656 3587 713 τοιάδε
3644 676 3853 730 γεγρα-

2192 751 2329 825 φώς·
2388 774 2415 801 ‹‹
2471 751 2626 807 Ἀλλ’
2680 750 2795 805 ἐπεὶ
2854 747 3045 806 πολλὰ
3099 744 3383 822 συμϐαίνει
3438 744 3730 806 πολλάκις
3790 747 3857 799 τὰ

2194 836 2460 911 δυνάμενα
2494 842 2782 913 μετάνοιαν
2816 839 3091 912 ἐμποιεῖν,
3133 838 3222 893 καὶ
3267 838 3296 892 ὁ
3345 833 3499 897 ἕλεος
3548 839 3653 889 τοῦ
3718 839 3855 889 Θεοῦ

2191 927 2309 999 νικᾷ
2373 934 2481 984 τῶν
2542 930 2963 1001 ἁμαρτανόντων
3047 927 3115 983 τὰ
3188 925 3685 999 πλημμελήματα,
3767 921 3858 977 διὰ

2190 1022 2373 1087 τοῦτο,
2433 1018 2499 1071 τὰ
2552 1025 2652 1087 τῆς
2704 1019 2977 1091 τιμωρίας
3038 1017 3091 1071 ὲν
3149 1016 3433 1086 ἀναρτήσει
3502 1013 3855 1078 καθίσταται,

2193 1106 2342 1168 ὅπως
2374 1106 2431 1160 ἄν
2467 1108 2656 1182 χώραν
2686 1104 2832 1182 ἔχειν
2890 1109 2923 1175 ἡ
2978 1104 3267 1181 διόρθωσις
3322 1101 3610 1171 δυνηθείη.
3650 1126 3675 1153 ο
3731 1104 3855 1159 Ἔτι

2197 1199 2303 1270 μὴν
2336 1197 2425 1250 καὶ
2459 1195 2773 1271 Πουλχερίᾳ
2796 1196 2861 1270 τῇ
2894 1202 2994 1264 τῆς
3049 1189 3303 1256 εὐσεϐοῦς
3348 1193 3565 1263 λήξεως
3620 1191 3855 1265 γράφων

2194 1286 2245 1342 ἐν
2279 1286 2565 1361 ἐπιστολῇ,
2594 1290 2660 1357 ἧς
2694 1290 2727 1357 ἡ
2760 1288 2933 1362 ἀρχὴ,
2977 1310 3005 1337 ι(
3044 1287 3154 1354 Τὴν
3208 1282 3434 1362 θεοφιλῆ
3487 1292 3591 1352 τῆς
3654 1283 3856 1355 ὗμιτὲ-

2196 1398 2289 1453 ρας
2323 1376 2735 1446 φιλανθρωπίας
2791 1373 3075 1454 φροντίδα,
3124 1374 3189 1443 ἢν
3234 1378 3301 1447 τῇ
3345 1371 3627 1443 καθολικῇ
3677 1372 3855 1425 πίστει

2193 1466 2540 1523 ἀδιάλειπτον
2573 1466 2892 1539 ἀπονέμετε,
2927 1490 2955 1516 ››
2984 1464 3170 1520 τοιάδε
3204 1465 3364 1539 φησὶν
3398 1464 3425 1516 ὁ
3460 1463 3858 1536 ἀρχικώτατος

2192 1562 2289 1612 τοῦ
2323 1556 2545 1617 Λὲοντος
2572 1560 2723 1617 νοῦς’
2782 1580 2809 1606 ‹‹
2843 1556 3091 1628 Καθάπερ
3148 1554 3251 1628 γάρ
3310 1551 3361 1624 ἐξ
3411 1551 3596 1626 ἀρχῆς
3650 1550 3857 1619 ταύτης

2192 1649 2291 1713 τῆς
2331 1644 2639 1706 ὑποθέσεως
2697 1644 2999 1720 συχνότατα
3055 1644 3322 1719 γέγραφα,
3378 1640 3585 1710 ταύτην
3658 1640 3857 1711 μεταξὺ

2192 1739 2301 1789 τῶν
2328 1754 2386 1789 τε
2417 1732 2792 1809 διχονοουσῶν
2826 1730 3104 1798 διανοιῶν,
3134 1730 3223 1785 κάὶ
3248 1735 3357 1785 τῶν
3381 1733 3670 1804 σαρκικῶν
3699 1728 3861 1797 ζηλο-

2192 1829 2397 1878 τυπιῶν
2428 1826 2528 1891 τὴν
2562 1822 2846 1878 ἐπιείκειαν
2884 1820 3163 1897 βούλομαι
3194 1817 3573 1896 φυλαχθῆναι·
3615 1816 3768 1872 ὣστε
3792 1821 3858 1889 τῇ

2198 1912 2291 1985 μὶν
2323 1910 2628 1981 τελειότητι
2659 1918 2759 1979 τῆς
2798 1910 3033 1971 πίστεως
3066 1906 3235 1981 μηδὲν
3295 1907 3490 1980 ἐξεῖναι
3538 1908 3859 1979 προστεθῆο

2190 2022 2299 2070 ναι,
2338 2002 2475 2073 μήτε
2537 2000 2644 2072 μὴν
2689 2000 3065 2076 ἀφαιρεθῆναι”
3116 2002 3233 2058 τοῖς
3284 1994 3343 2051 δὲ
3390 1997 3533 2070 πρὸς
3586 1996 3696 2063 τὴν
3749 1994 3860 2049 bii-

2191 2111 2329 2160 τητα
2358 2090 2447 2143 καὶ
2478 2089 2576 2156 τήν
2610 2088 2828 2158 εἰρήνην
2880 2086 3179 2153 ἐπανιοῦσι,
3236 2087 3299 2140 τὸ
3353 2092 3453 2154 τῆς
3517 2086 3859 2159 συγγνώμης

2194 2179 2330 2251 ἴαμα
2389 2182 2823 2253 παρασχεθῆναι.
2907 2173 3115 2243 Επειδὴ
3194 2176 3316 2229 τότε
3391 2176 3459 2229 τὰ
3540 2171 3681 2248 ἔργα
3765 2177 3858 2227 τοῦ

2196 2268 2460 2327 διαϐόλου
2528 2268 2897 2344 δυνάτώτερον
2948 2270 3345 2342 καθαιροῦνται,
3387 2266 3518 2321 ὅταν
3573 2267 3720 2340 πρὸς
3760 2267 3859 2331 τὴν

2192 2366 2290 2417 τοῦ
2320 2365 2451 2415 Θεοῦ
2482 2360 2569 2413 καὶ
2598 2363 2695 2413 τοῦ
2726 2356 2965 2428 πλησίον
2998 2357 3233 2431 ἀγάπην,
3284 2358 3338 2410 αἱ
3384 2360 3497 2411 τῶν
3550 2354 3858 2427 ἀνθρώπων

2198 2449 2575 2506 ἀνακαλῶνται
2604 2447 2842 2523 καρδίαι.
2881 2472 2908 2498 ››
2941 2446 3087 2504 Αὐτὸ
3119 2444 3176 2501 δὲ
3195 2450 3359 2500 τοῦτο
3394 2444 3543 2499 πολὺ
3590 2444 3860 2517 πρότερον

2196 2540 2284 2594 καὶ
2350 2536 2628 2607 Κύριλλος
2662 2539 2689 2591 ὁ
2739 2531 2970 2609 ἀκριϐὴς
3022 2536 3145 2611 περί
3197 2535 3265 2589 τά
3315 2540 3433 2599 θεῖα
3489 2536 3858 2604 πεποιηκὲναι

2197 2626 2497 2699 εὑρίσκεται
2578 2626 2664 2681 ἐπί
2737 2631 2807 2698 τῇ
2889 2631 2998 2680 τῶν
3079 2623 3448 2681 Ἀνατολικῶν
3534 2623 3855 2678 ἐπισκοπων

2198 2719 2337 2791 πρὸς
2398 2716 2558 2770 αὐτὸν
2621 2714 2837 2788 διενὲξει
2894 2737 2952 2771 τε
3006 2716 3098 2769 καὶ
3149 2714 3475 2771 ἀντιστάσξι.
3558 2712 3858 2770 Ἀπολῦειν

2198 2808 2303 2881 γὰρ
2335 2806 2700 2880 κατακρίσεως
2756 2805 2951 2860 ἐκεῖνοι
3016 2803 3348 2879 βουλομένοι
3391 2805 3485 2857 τὸν
3534 2803 3857 2877 Νεστόριον,

2196 2897 2288 2951 καὶ
2346 2897 2446 2965 τὴν
2506 2895 2591 2950 ἐπ’
2646 2894 2794 2965 αὖτῷ
2851 2898 3033 2972 ψῆφον
3088 2895 3319 2967 ἀκυροῦν
3375 2890 3739 2961 σπεύδοντες,
3800 2892 3857 2946 οὗ

2200 2985 2413 3063 φορητά
2476 2984 2906 3057 τετολμήκασιν,
2976 2980 3124 3039 ἀλλὰ
3200 2982 3457 3057 μέγιστον
3534 2981 3860 3055 εἰργάσαντο

2200 3072 2626 3146 πλημμέλημα.
2678 3073 2853 3131 Αὐτὸν
2911 3073 3013 3148 γὰρ
3063 3074 3154 3127 τὸν
3218 3074 3485 3145 μακάριον
3548 3069 3862 3145 Κύριλλον,

2202 3164 2291 3220 καὶ
2348 3166 2448 3232 τήν
2506 3165 2621 3217 κατ’
2679 3162 2837 3218 αὐτὸν
2893 3164 3279 3236 ἀνεθεμάτισαν
3338 3159 3597 3215 σύνοδον.
3686 3159 3863 3217 Ἀλλᾶ

2204 3253 2451 3315 κάκεῖνος
2477 3258 2701 3327 ταχεῖαν
2756 3252 2850 3306 καὶ
2897 3250 2996 3305 οὐκ
3048 3249 3259 3327 ἐργώδη
3318 3251 3706 3324 προσηγάγετο
3762 3250 3862 3315 τὴν

2203 3341 2515 3412 ἀνάκτησιν·
2578 3340 2713 3394 αὐτὸ
2773 3342 2938 3412 μόνον
2988 3340 3050 3394 τὸ
3107 3336 3386 3402 συνθέσθαι
3463 3338 3669 3399 αὐτοὺς
3750 3343 3863 3398 τοῖς

2207 3428 2503 3491 συνοδικῶς
2530 3427 2899 3502 δεδογμένοις,
2938 3429 3028 3483 καὶ
3086 3422 3323 3488 εὐσεϐῶς
3379 3425 3733 3502 διορισθεῖσι,
3776 3426 3863 3480 καὶ

2206 3524 2303 3575 τοῦ
2361 3515 2588 3581 ἀσεϐοῦς
2642 3522 2882 3591 κυρῶσαι
2946 3518 3045 3586 τήν
3122 3514 3439 3585 καταδίκην,
3507 3515 3721 3577 ἐκείνας
3779 3514 3862 3569 ἐπὶ

2206 3608 2423 3669 τούτοις
2470 3608 2565 3670 τὰς
2619 3606 2797 3677 πάσης
2862 3605 3214 3680 περιχαρείας
3271 3605 3612 3677 ἐπιμάστους
3680 3606 3861 3681 φωνὰς

2208 3694 2571 3767 ἐκϐοήσαντος
2610 3701 2706 3751 τοῦ
2757 3696 2921 3750 αὐτοῦ
2980 3697 3251 3772 θεοφόρου
3311 3695 3550 3769 Ματρὸς,
3605 3694 3669 3755 ἃς
3731 3698 3865 3749 ὑπο-

2207 3788 2423 3857 νοήσειέ
2470 3807 2554 3848 τις
2586 3785 2842 3863 ἐῤῥῆσθαι
2901 3786 2974 3847 ὥς
3029 3786 3195 3840 αὐτοῦ
3254 3781 3471 3857 μᾶλλον
3524 3784 3869 3855 πταίσματος

2210 3875 2569 3949 συγχώρησιν
2602 3872 2917 3946 δοξαμὲνου,
2976 3874 3063 3927 καὶ
3118 3873 3180 3927 οὐ
3237 3878 3356 3933 τοῖς
3412 3873 3675 3926 πταίσασι
3740 3894 3864 3943 συγ-

2212 3967 2591 4039 χωρήσαντος·
2658 3961 3185 4039 ιιΕὐφραινὲσθωσαν
3230 3962 3357 4036 γὰρ,
3404 3964 3599 4038 φησὶν,
3660 3963 3717 4015 οἱ
3777 3962 3868 4016 οό-

2210 4054 2383 4129 ρανοὶ,
2426 4054 2513 4107 καὶ
2561 4050 2921 4126 ἀγαλλιάσθω
2953 4054 2987 4119 ἡ
3165 4049 3393 4107 λέλυταε
3436 4053 3544 4125 γάρ
3592 4052 3657 4105 τὸ

2207 4162 2401 4216 τοιχον
2426 4145 2524 4196 τοῦ
2555 4144 2834 4217 φραγμοῦ,
2866 4139 2955 4194 καὶ
2988 4138 3269 4214 διχονοίας
3328 4142 3546 4209 ἀπάσης
3596 4141 3867 4215 ἀνῄρηται

2207 4233 2437 4307 τρόπος,
2492 4234 2588 4285 τοῦ
2644 4229 2857 4286 πάντων
2884 4232 3046 4302 ἡμῶν
3109 4230 3370 4304 Σωτῆρος
3422 4232 3662 4303 Χριστοῦ

2213 4323 2405 4377 ἑαυτοῦ
2461 4321 2815 4390 Ἐκκλησίαις
2887 4320 2985 4388 τήν
3063 4319 3284 4393 εἰρήνην

3752 4240 3867 4293 ταῖς

3376 4316 3813 4395 βραϐεόσαντος.
3841 4346 3865 4370 ιι

2213 4413 2410 4485 Ἔχετε
2438 4410 2619 4463 τοίνυν
2654 4409 2741 4462 καὶ
2776 4409 2957 4481 ὑμεῖς,
2989 4407 3035 4461 ὦ
3067 4407 3387 4478 θεόληπτοι,
3444 4411 3547 4478 τήν
3600 4412 3864 4485 ἀναιρετι-

2218 4502 2321 4567 κὴν
2350 4499 2447 4554 τοῦ
2476 4499 2591 4552 κατ’
2650 4496 2908 4571 ἐπήρειαν
2962 4496 3305 4575 σφάλματος,
3358 4498 3668 4575 ἀπολογίαν
3711 4501 3864 4575 ἶσχο-

460 4595 635 4641 rectae
669 4586 802 4641 ﬁdei
836 4586 1291 4640 confessionem.
1353 4588 1431 4641 Ne
1478 4603 1634 4657 ergo,
1668 4605 1700 4641 ο
1727 4588 1904 4655 beati,
1938 4588 2094 4643 tarde

2220 4590 2313 4666 ράν
2346 4608 2405 4642 τε
2434 4587 2524 4641 καὶ
2556 4584 2805 4659 ἔννομον,
2864 4585 2954 4640 καὶ
3003 4584 3260 4659 οὐδαμῶς
3322 4585 3639 4661 δυναμένην
3699 4611 3867 4663 παραυ

460 4677 744 4748 pigreque
777 4676 849 4729 ad
882 4692 980 4729 eos
1009 4675 1332 4729 habueritis
1361 4692 1508 4746 quos
1539 4677 1703 4730 vobis
1729 4678 2103 4732 consociatos

462 4782 529 4821 ac
563 4764 862 4819 individue
895 4764 1147 4835 spiritali
1193 4765 1636 4835 conspiratione
1680 4782 1747 4820 ac
1792 4767 2109 4821 concordia

463 4854 693 4909 habetis
724 4855 1075 4925 conjunctos
1103 4870 1116 4918 ;
1152 4870 1259 4909 nec
1291 4854 1363 4907 iis
1396 4854 1770 4909 attendentes
1824 4871 1954 4924 quas
2004 4872 2111 4925 per

462 4945 578 4999 vim
610 4949 841 5015 patrata
871 4948 1030 5008 sunt,
1054 4959 1181 4997 eam
1220 4960 1425 5014 passos
1467 4960 1500 4998 ιι
1547 4949 1739 4997 vestra
1790 4943 2110 4999 dilectione

462 5035 655 5091 velitis
687 5033 1001 5105 repellere,
1035 5038 1137 5087 aut
1168 5038 1444 5103 reputare
1486 5039 1548 5087 ut
1580 5033 1877 5099 inimicos,
1902 5049 2113 5103 quem-

462 5124 782 5179 admodum
807 5124 891 5178 ait
948 5123 1181 5177 divinus
1238 5121 1555 5192 Apostolus
1591 5123 1651 5185 ³⁸,
1700 5122 1804 5176 sed
1850 5124 2114 5177 consola-

464 5214 609 5267 mini
668 5221 734 5267 ut
785 5214 1017 5280 fratres,
1080 5212 1464 5266 ostendentes
1524 5212 1876 5279 imitatione,
1956 5212 2115 5282 quod

465 5302 727 5356 divinum
761 5311 866 5358 est.
926 5302 1178 5358 Omnino
1232 5300 1549 5370 siquidem,
1608 5301 1990 5368 sanctissimi,
2047 5318 2116 5356 ex

464 5393 713 5445 Aaronis
744 5394 930 5447 sancti
964 5391 1196 5446 Domini
1234 5390 1484 5444 historia
1517 5391 1559 5425 ¹⁰
1585 5390 1891 5461 pensaturi
1952 5391 2114 5458 estis,

464 5479 781 5535 utdivinus
815 5482 937 5553 ipse
983 5482 1255 5551 Spiritus,
1290 5482 1639 5551 consignata
1672 5480 1854 5534 sacris
1890 5480 2117 5551 paginis

543 5691 587 5730 ιθ
616 5690 797 5759 Epist.
831 5693 919 5744 47.
1002 5691 1043 5725 ³⁷
1074 5695 1381 5766 Ερὶειηέἤ,
1414 5713 1463 5751 c.
1501 5700 1551 5751 2.

1634 5697 1676 5733 1⁸
1708 5699 1757 5750 ll
1788 5698 1989 5753 Thess.
2024 5714 2105 5766 ιιι,
2138 5699 2222 5757 11.

2215 4679 2569 4753 κρουσθῆναι,
2640 4676 2740 4744 τήν
2824 4676 3059 4751 καθαρὰν
3146 4678 3235 4730 καὶ
3306 4676 3862 4753 πεπαῤῥησιασμένην

2214 4771 2313 4832 τῆς
2358 4762 2671 4839 ὀρθοδοξίας
2731 4762 3051 4840 ὁμολογίαν.
3106 4766 3198 4832 Μή
3255 4763 3345 4819 οὖν
3401 4763 3627 4841 βραδεῖς
3677 4789 3737 4823 τε
3785 4770 3861 4822 καί

2219 4856 2445 4929 ὀκνηροὶ
2476 4855 2614 4929 πρὸς
2644 4852 2706 4908 τὸ
2740 4853 3189 4929 συνηρμοσμένον
3225 4856 3352 4928 ὑμῖν
3382 4856 3478 4911 καὶ
3532 4854 3857 4931 αδιάτμητος

2219 4944 2272 5001 ἐν
2323 4947 2663 5016 πνευματικῇ
2726 4944 3001 5015 συμπνοίᾳ
3055 4944 3144 4998 καὶ
3218 4944 3453 5017 ὁμονοίᾳ
3530 4949 3781 5023 γένησθε,
3825 4950 3862 5001 ὦ

2227 5032 2514 5108 μαλάριοι,
2552 5033 2691 5104 μήτε
2718 5036 2837 5093 τοῖς
2891 5032 3027 5085 κατά
3089 5033 3207 5105 βίαν
3259 5034 3661 5106 γεγενημένοις
3708 5056 3861 5109 πρθε.

2223 5126 2466 5198 ἔχοντες,
2492 5121 2617 5184 τοὺς
2660 5122 2971 5197 βιασθέντας
3019 5124 3189 5194 ἡμᾶς,
3248 5129 3351 5190 τῆς
3404 5125 3618 5179 ἑαυτῶν

2222 5213 2529 5267 ἀπώσασθε·
2595 5209 2735 5283 μηδὲ
2768 5210 2843 5272 ὡς
2902 5209 3133 5286 ἐχθροὺς
3191 5214 3434 5286 ἡγεῖσθε,
3498 5214 3579 5276 ὥς
3641 5218 3860 5289 φησινό

2224 5303 2365 5363 θεῖος
2417 5298 2782 5366 Ἀπόστολος,
2839 5299 2985 5355 ἀλλά
3034 5301 3403 5373 παρακαλεῖτε
3457 5305 3537 5367 ὡς
3593 5303 3861 5382 ἀδελεξοὸς,

2224 5391 2287 5445 τὸ
2318 5391 2659 5463 θεομίμητον
2687 5386 3106 5462 ἐνδεικνύμενοι.
3157 5390 3383 5455 Ηάντως
3432 5394 3544 5468 γὰρ
3599 5394 3860 5469 λογιεῖσθε,

2228 5478 2537 5555 ἁγιώτατοι,
2571 5476 2630 5532 ἐκ
2667 5484 2765 5547 τῆς
2812 5480 2948 5533 κατά
3000 5480 3094 5533 τὸν
3160 5482 3373 5555 Ἀαρὼν
3435 5484 3531 5537 τὸν
3590 5488 3737 5560 ἅγιον
3785 5491 3860 5538 Er

2303 5698 2349 5733 ¹⁹
2378 5698 2556 5754 Exod.
2592 5716 2769 5769 nm,
2804 5704 2827 5753 1
2866 5716 3031 5771 seqq.
3094 5732 3097 5733 ν
