4048 6210
281 344 424 400 1433

1398 347 1724 404 JOANNES
1760 350 2105 409 NICENUS.
2138 382 2208 394 --
2244 352 2555 410 NOTITIA.

3545 356 3682 411 1434

284 470 430 545 ρίου,
464 469 540 530 ὡς
571 468 633 523 τὸ
670 472 813 531 θεῖον
865 467 1022 524 αὐτὸν
1067 469 1357 544 ἀνεκήρυξε
1404 475 1624 543 Πνεῦμα
1655 478 1930 553 Γραφικῆς

2048 479 2403 552 l1istoria(8),
2422 481 3120 538 subeximentearatione
3138 480 3412 551 perfech
3428 484 3688 555 negatio-

286 558 532 633 ἱστορίας
590 556 1055 632 ὑπεξαιρουμένης
1099 563 1197 614 τοῦ
1255 562 1355 624 τῆς
1410 560 1710 623 παντελοῦς
1767 564 1933 637 ἀρνή-

285 668 424 709 σεως
478 646 670 723 λόγου,
744 647 835 701 καὶ
884 654 984 716 τῆς
1062 648 1197 723 πρὸς
1254 650 1354 718 τήν
1406 648 1616 704 τελείαν
1671 651 1935 721 ἀθεότητα

282 736 609 812 ῦπαγωγῆς·
645 736 721 798 ὡς
772 741 887 798 τοῖς
951 731 1343 811 βεϐιασμένως,
1391 738 1483 792 καὶ
1533 740 1596 794 οὐ
1627 741 1763 795 κατά
1790 744 1933 815 γνὼο

287 847 400 900 μης
483 823 786 890 ἐνδιάθετον
854 826 1117 900 πονηρίαν
1186 827 1522 902 γινομένοις,
1594 828 1775 885 ἕπεταί
1848 853 1933 895 τις

282 916 637 992 συγχώρησις
670 913 906 977 ἔνδικος.
950 917 1009 973 ’0
1036 917 1136 991 γὰρ
1168 918 1380 991 Ἀαρὼν
1426 917 1650 988 ἐγεῖνος,
1680 924 1747 993 τῇ
1781 921 1930 995 ὁρμῇ

279 1012 382 1062 τοῦ
436 1004 608 1060 πάλαι
668 1004 803 1061 λαοῦ
861 1006 1138 1079 καθυφεὶς,
1195 1007 1284 1060 καὶ
1348 1008 1693 1084 ὑπουργήσας
1749 1010 1932 1074 αὐτοῖς

281 1097 423 1169 πρὸς
453 1097 551 1163 τὴν
583 1102 684 1164 τῆς
713 1094 1099 1156 εἰδωλοποιίας
1148 1094 1450 1164 τελείωσιν,
1485 1097 1787 1154 ἐνεκαλεῖτο
1834 1102 1927 1173 μὲν

284 1186 390 1240 ὑπὸ
420 1188 518 1239 τοῦ
544 1181 802 1261 ἀδελφοῦ·
855 1196 954 1251 την
1007 1181 1063 1239 δὶ
1105 1183 1503 1258 ἀναγκαστικὴν
1558 1187 1676 1262 βίαν
1711 1187 1762 1242 ἐν
1797 1190 1929 1245 ἀπο-

284 1276 449 1348 Λογίᾳ
479 1268 988 1349 προσϐαλλόμενος,
1024 1271 1149 1328 οὐδὲ
1182 1275 1305 1345 μίαν
1338 1277 1483 1348 παρᾶ
1515 1281 1647 1331 Θεοῦ
1678 1276 1931 1350 ἐπιτίμηο

283 1384 366 1418 σιν
399 1362 638 1439 δέχεται,
696 1360 820 1417 οὐδὲ
870 1367 965 1417 τοῦ
1013 1370 1112 1433 τῆς
1164 1365 1576 1439 ἀρχιερωσύνης
1616 1366 1931 1442 ἀπόκληρος

280 1454 496 1529 γέγονεν
555 1452 885 1523 ἀξιώματος·
975 1453 1187 1513 πάντως
1238 1454 1372 1527 πρὸς
1453 1456 1516 1509 τὸ
1589 1455 1641 1510 ἐν
1700 1453 1929 1521 διαθέσει

280 1544 403 1619 περὶ
456 1544 517 1597 τὸ
554 1549 695 1606 θεῖον
731 1537 888 1603 σέϐας
918 1545 1139 1615 γνήσιον
1172 1539 1587 1617 ἀποϐλέψαντος
1630 1550 1728 1600 τοῦ
1787 1547 1929 1601 πλά-

279 1653 471 1690 σαντος
564 1630 872 1703 καταμόνας
936 1632 1031 1693 τὰς
1097 1630 1321 1704 καρδίας
1380 1635 1563 1705 ἡμῶν,
1626 1634 1698 1697 ὥς
1768 1657 1930 1705 φησιν

280 1722 309 1776 ὁ
346 1723 516 1795 μέγας
548 1715 736 1791 Δαϐἰδ,
765 1721 853 1774 καὶ
886 1721 949 1775 οὐ
1006 1722 1141 1797 πρὸς
1192 1724 1289 1790 τήν
1340 1716 1530 1794 ἔξωθεν
1565 1726 1927 1797 περιπέτειαν.

2043 570 2156 635 nis,
2192 575 2249 624 et
2280 577 2343 624 ut
2374 588 2448 624 ne
2478 571 2749 625 absoluta
2778 571 2908 641 ejus
2939 569 3211 624 abductio
3237 568 3296 622 in
3319 570 3682 639 impietatem

2044 664 2375 725 censeatur,
2409 660 2603 730 palam
2636 658 2907 724 edixerit,
2941 658 3013 712 iis
3048 674 3179 728 qua)
3231 656 3530 724 violentia,
3563 676 3681 713 non

2043 763 2113 801 ex
2145 748 2323 801 insita
2348 749 2531 802 animi
2588 748 2967 818 perversitate
3019 752 3361 818 peccantur,
3408 748 3683 801 comitem

2033 836 2170 907 jure
2203 838 2412 891 merito
2441 838 2607 907 sequi
2651 822 3033 908 indulgentia)
3079 835 3339 905 aliquam
3369 836 3679 891 rationem.

2039 926 2143 979 Ille
2166 926 2461 996 siquidem
2488 932 2682 979 tantus
2706 926 2791 979 vir
2822 929 3037 989 Aaron,
3062 925 3274 979 veteris
3300 925 3460 978 illius
3483 924 3681 995 p0puli

2036 1015 2331 1069 violentiae
2382 1016 2621 1082 cedens,
2678 1021 2855 1085 atque
2907 1022 2971 1068 ut
3026 1014 3250 1068 idolum
3298 1014 3686 1068 fabricaretur

2038 1121 2105 1159 ac
2157 1104 2437 1171 initiaret,
2486 1103 2679 1158 eidem
2726 1120 2952 1157 morem
3002 1120 3234 1175 gerens,
3284 1104 3684 1174 reprehensus

2038 1192 2279 1263 quidem
2337 1192 2448 1246 fuit
2502 1210 2535 1247 a
2592 1193 2809 1247 fratre:
2862 1197 3139 1246 caeterum
3188 1192 3288 1246 ubi
3342 1192 3682 1247 violentiam

2038 1299 2154 1353 qua
2201 1282 2491 1337 adductus
2545 1282 2737 1336 fuerat
2787 1299 2890 1352 pro
2944 1281 3288 1336 defensione
3346 1282 3680 1352 objecisset,

2037 1372 2189 1427 nihil
2220 1389 2253 1426 a
2284 1374 2398 1426 Deo
2431 1372 2768 1442 increpatus
2800 1377 2907 1437 est,
2949 1387 3058 1425 nec
3090 1372 3288 1424 amisit
3317 1372 3683 1442 pontiﬁciam

2036 1460 2421 1531 dignitatem;
2456 1462 2611 1531 quod
2666 1462 2931 1520 omnino.
2965 1461 3065 1530 qui
3098 1467 3368 1514 nostrum
3412 1462 3679 1515 omnium

2038 1551 2203 1605 corda
2228 1550 2515 1619 sigillatim
2573 1552 2755 1619 ﬁwwit,
2811 1551 2980 1615 Deus,
3042 1548 3543 1619 quemadmodum
3601 1550 3684 1603 ait

2038 1655 2286 1709 magnus
2319 1638 2496 1693 David
2528 1638 2594 1704 τεο,
2647 1638 2719 1692 ad
2750 1653 2943 1691 veram
3003 1638 3102 1691 Dei
3138 1638 3324 1707 ipsius
3356 1638 3680 1691 veneratio-

2040 1744 2175 1783 nem
2219 1744 2285 1782 ac
2315 1728 2663 1799 religionem
2715 1728 2773 1781 in
2805 1728 3017 1781 aﬂ‘ectu
3070 1727 3251 1781 animi
3303 1725 3554 1796 positam
3585 1743 3677 1780 re-

281 1812 643 1881 Δεικνυμένης
673 1811 854 1865 τοίνυν
912 1817 1011 1879 τῆς
1072 1810 1194 1886 περὶ
1250 1812 1338 1866 τὸν
1401 1812 1560 1885 ὀρθὸν
1624 1812 1788 1887 λόγον
1829 1820 1930 1869 τοῦ

2043 1817 2348 1888 spexisset,
2394 1834 2515 1871 non
2583 1833 2717 1870 vero
2771 1816 2843 1870 ad
2900 1822 3203 1870 externam
3262 1815 3675 1870 temeritatem.

278 1900 558 1973 ἡμέτὲρου
617 1901 973 1975 φρονήματος
1035 1898 1213 1971 ὑγείας
1267 1921 1326 1954 τε
1380 1901 1467 1954 καὶ
1529 1903 1820 1979 συμφυΐας,
1868 1906 1930 1957 τὸ

279 1987 629 2063 ἀνυπεροέτῳ
688 1988 1005 2061 ὲτοιμότητι
1052 1993 1149 2042 τοῦ
1198 1995 1511 2063 κατακρῖναι
1562 1992 1655 2061 μὲν
1699 1991 1765 2045 τὰ
1805 1992 1931 2045 ἀτό-

277 2100 401 2141 πως
459 2076 812 2152 γεγενημένα·
876 2084 1134 2147 συστῆσαι
1216 2076 1273 2133 δὲ
1347 2083 1415 2152 τῇ
1488 2074 1772 2154 βεϐαιώσεί
1833 2088 1930 2150 τῆς

279 2170 578 2242 εἶ’ρημένης
635 2169 794 2242 ἁγίας
868 2166 1029 2237 ἲκτης
1108 2167 1331 2224 συνόδου
1388 2177 1486 2238 τῆς
1542 2166 1811 2235 εὐσεϐείας
1865 2173 1931 2225 τὰ

278 2258 549 2335 δόγματα,
608 2258 997 2331 περιπτύξασθε
1067 2261 1237 2329 ἡμᾶς,
1298 2257 1524 2336 ἀδελφοὶ
1578 2261 1924 2331 τιμιώτατοι.

274 2347 572 2417 ’Δλλῆλων
647 2348 749 2422 γὰρ
822 2347 891 2401 τὰ
968 2348 1107 2422 βάρη
1203 2349 1512 2423 βαστάζετε,
1587 2349 1677 2402 καὶ
1754 2347 1923 2410 οὕτως

275 2434 706 2513 ἀναπληρώσετε
763 2438 855 2491 τὸν
931 2437 1101 2508 νόμον
1173 2440 1268 2490 νοῦ
1346 2442 1608 2512 Χριστοῦ,
1679 2436 1923 2513 μεγαλο-

279 2526 570 2603 φωνότατα
625 2527 759 2596 ἡμῖν
822 2518 985 2594 ἐκϐοᾷ
1042 2527 1069 2579 ὁ
1129 2531 1271 2588 θεῖος
1318 2524 1678 2590 ’Λπόστολος
1734 2528 1809 2588 ὡς
1869 2526 1926 2580 ἂν

282 2612 636 2687 ὁμοθυμαδὸν
701 2613 776 2667 ἐνὶ
838 2612 1099 2686 πνεύματι
1155 2610 1464 2685 δοξάζωμεν
1524 2616 1615 2669 τὸν
1676 2617 1803 2670 Θεὸν
1835 2617 1921 2669 καὶ

282 2702 495 2777 Πατέρα
524 2707 617 2757 τοῦ
647 2704 852 2777 Κυρίου
878 2706 1034 2775 ἡμῶν
1070 2704 1247 2773 Ἰησοῦ
1278 2704 1533 2779 Χριστοῦ.

940 2882 1250 2958 ’Υπογραφή
1264 2927 1276 2939 .

352 2969 697 3046 Ἐῥρωμένος
752 2970 804 3024 ἐν
856 2970 1055 3045 Κυρίῳ,
1114 2970 1418 3045 ὁπερεύχου
1448 2973 1629 3039 ἡμῶν,
1661 2970 1929 3046 ἀγιώτατε

272 3060 370 3117 καὶ
407 3061 784 3137 μακαριώτατε
813 3057 1032 3134 ἀδελφέ.

354 3212 401 3246 ²⁰
430 3211 584 3267 Psal.
618 3227 795 3279 χχχιι,
832 3210 915 3264 15.
995 3208 1179 3265 Galat.
1215 3226 1292 3275 γι,
1324 3212 1376 3263 2.

2041 1907 2184 1960 Cum
2234 1906 2432 1975 itaque
2480 1923 2688 1959 sensus
2737 1905 2925 1959 nostri
2976 1921 3119 1959 sana
3166 1921 3232 1958 ac
3281 1911 3680 1959 consentanea

2043 1996 2211 2059 ratio,
2247 1996 2401 2066 quod
2437 2001 2661 2065 spectat
2689 1996 2762 2049 ad
2784 2001 3009 2049 rectum
3039 2011 3374 2049 sermonem
3406 2011 3473 2048 ac
3502 1994 3677 2048 ﬁdem

2039 2088 2279 2138 ostensa
2311 2083 2407 2148 sit,
2440 2082 2687 2137 indilata
2718 2082 2818 2135 illa
2849 2081 3339 2152 promptitudine,
3374 2097 3489 2151 qua
3511 2079 3678 2135 dam-

2039 2172 2193 2226 natis
2242 2172 2315 2225 iis
2364 2188 2494 2240 quae
2540 2171 2783 2225 fuerunt
2839 2170 3092 2225 absurde
3152 2174 3401 2238 patrata,
3462 2175 3678 2223 sancta)

2040 2267 2216 2314 sextae
2272 2259 2480 2330 synodi
2557 2260 3012 2313 confirmatione
3073 2260 3388 2312 statuimus
3446 2258 3680 2328 pietatis

2037 2348 2352 2420 dogmata:
2404 2348 2825 2419 amplexamini
2878 2364 3005 2413 nos,
3042 2348 3255 2401 fratres
3299 2346 3682 2400 honoratissi-

2035 2438 2137 2493 mi.
2170 2438 2329 2492 Alter
2357 2438 2503 2493 enim
2532 2438 2760 2493 alterius
2802 2454 2969 2491 onera
3011 2443 3251 2505 portate,
3304 2442 3354 2489 et
3384 2438 3460 2489 sic
3491 2436 3679 2489 adim-

2028 2526 2257 2597 plebitis
2309 2528 2478 2596 legem
2527 2528 2732 2583 Christi
2763 2527 2828 2591 ²¹,
2882 2526 3172 2580 exclamat
3218 2524 3680 2596 magnificentis-

2036 2617 2189 2670 sima
2218 2633 2356 2670 voce
2389 2616 2621 2669 divinus
2652 2614 2968 2685 Apostolus
2996 2632 3009 2680 ;
3043 2631 3159 2683 quo
3194 2615 3432 2668 tandem
3465 2613 3681 2667 unani-

2036 2721 2161 2759 mes
2191 2704 2591 2776 gloriﬂcemus
2624 2705 2807 2758 Deum
2857 2709 2914 2756 et
2962 2706 3194 2756 Patrem
3231 2702 3462 2755 Domini
3494 2700 3680 2754 nostri

2033 2795 2168 2848 Jesu
2199 2793 2436 2847 Christi.

2682 2881 3041 2949 Subscriptio.

2110 2972 2247 3026 Vale
2300 2971 2361 3024 in
2421 2970 2708 3025 Domino:
2770 2970 3268 3040 superdeprecare
3323 2983 3427 3038 pro
3483 2964 3678 3033 nobis,

2039 3061 2410 3117 sanctissime
2441 3076 2508 3114 ac
2537 3059 2877 3115 beatissime
2903 3059 3103 3113 frater.

1875 3301 2098 3356 NOT/E.

357 3405 431 3473 (8)
466 3404 803 3472 Consignata
856 3402 1026 3473 sacris
1062 3402 1288 3473 paginis
1341 3400 1595 3455 historia.
1644 3403 1931 3472 Transpo-
1965 3404 2007 3469 C
2046 3402 2145 3455 ubi
2195 3402 2448 3471 aequalia
2495 3401 2717 3455 fuerint
2764 3399 3111 3455 meritorum
3161 3400 3481 3473 momenta.
3545 3396 3693 3473 sunt

279 3471 517 3530 suimus
547 3471 808 3528 litteram
842 3471 1006 3526 nullo
1038 3472 1154 3526 alio
1186 3477 1432 3544 mutato,
1480 3478 1545 3527 ut
1574 3473 1685 3527 sibi
1720 3471 1932 3544 paren-

278 3547 475 3601 thesis
507 3547 851 3600 cohaareret.
886 3543 962 3597 Τὸ
1012 3544 1170 3597 enim
1207 3542 1937 3616 ὑπεξαιρουμένηςξρᾶιᾶιη

288 3617 473 3672 refert
507 3617 849 3687 praecedens
878 3621 1148 3687 γραφικῆς
1205 3614 1463 3687 ἱστορίας.
1517 3617 1695 3670 Porro
1728 3614 1936 3686 pecca-

290 3670 422 3744 tum
456 3670 567 3742 hoc
610 3670 831 3751 Aaron,
864 3670 1153 3757 quidquid
1202 3670 1640 3742 minuatillata
1672 3670 1771 3745 vis.
1806 3703 1936 3759 gra-

288 3761 601 3815 vissimum
624 3760 755 3816 fuit.
792 3758 875 3813 sic
907 3759 1168 3812 molliter
1197 3758 1442 3812 cedente
1464 3775 1526 3811 re
1554 3766 1671 3813 tam
1695 3758 1942 3830 graVi,et

290 3848 414 3902 qua
444 3833 528 3886 sic
558 3831 769 3886 honori
818 3830 1013 3884 divino
1064 3830 1464 3902 derogaretur,
1518 3834 1643 3901 ipso
1676 3831 1940 3900 principe

290 3901 499 3977 populi
540 3918 889 3977 ac_summo
940 3901 1263 3977 sacerdote.
1312 3902 1566 3977 _Ut__vero
1620 3903 1771 3977 Deus
1815 3918 1940 3977 non

293 3972 558 4030 severius
588 3974 749 4028 ultus
802 3973 895 4035 sit,
924 3974 1076 4045 pejus
1128 3978 1265 4026 sunt
1300 3972 1555 4045 judicia,
1582 3973 1943 4045 gravioribus

292 4046 454 4101 haud
487 4063 620 4099 raro
649 4044 1072 4115 temporalibus
1100 4045 1288 4114 poenis
1320 4043 1851 4098 animadvertentis
1882 4045 1943 4098 in

292 4119 529 4173 minora
559 4117 846 4182 crimina;
899 4132 1069 4186 inqua
1115 4116 1175 4169 in
1224 4116 1488 4170 futurum
1521 4115 1719 4170 futura
1750 4116 1940 4181 lance,

2047 3467 2474 3543 quippe—illatae
2524 3474 2636 3546 hoc
2682 3488 2803 3546 aava
2851 3468 3457 3546 pwnag,_ieconomiaa,
3492 3467 3688 3546 potius

2049 3538 2227 3615 quam
2255 3546 2418 3613 justa
2446 3544 2772 3614 supplicia;
2807 3538 2871 3595 ut
2901 3559 2969 3596 ex
3004 3541 3123 3593 illis
3155 3541 3245 3615 vix
3276 3555 3537 3615 unquam
3577 3538 3690 3615 alis

2050 3609 2182 3691 quis
2214 3609 2618 3691 sanejudicet,
2653 3631 2863 3691 acnon
2896 3629 2964 3667 ea
2991 3612 3339 3691 temeritate,
3367 3626 3481 3691 qua
3503 3609 3692 3678 liquet

2043 3681 2343 3758 judicasse
2370 3681 2614 3741 vamicos
2661 3686 2808 3758 Jobi,
2863 3681 3517 3758 qquorumgprzejudicio
3550 3696 3693 3733 cau-

2052 3752 2230 3813 tiores
2261 3775 2391 3813 esse
2424 3763 2723 3828 oporteret
2752 3752 3693 3828 hominessaltem_Christianos.

2052 3832 2166 3885 Nec
2222 3831 2382 3884 enim
2412 3822 2653 3889 frustra.
2706 3834 2825 3882 tota
2876 3827 2979 3881 illa
3017 3826 3358 3896 disputatio.
3404 3830 3488 3878 tot
3520 3822 3694 3877 versi-

2052 3901 2163 3956 bus
2193 3902 2412 3971 Spiritu
2440 3907 2642 3955 sancto
2673 3900 2953 3965 dictante,
2986 3898 3322 3971 conscripta
3352 3904 3460 3961 est,
3493 3902 3557 3971 ut
3586 3910 3696 3948 nec

2053 3973 2213 4028 aliud
2234 3967 2593 4044 quidquam,
2645 3972 2692 4025 si
2722 3971 2863 4041 quid
2911 3970 3093 4025 sacris
3124 3968 3353 4039 paginis
3385 3967 3696 4038 consigna-

2053 4051 2179 4099 tum
2211 4051 2318 4100 est.

298 4255 3700 4289 Μ

1792 4428 1939 4467 ANNO
1981 4427 2209 4466 INCEBTO

1470 4577 2521 4745 JOANNES

1327 4839 1760 4902 NIC/ENUS
1848 4847 1889 4899 Α
1915 4841 2649 4902 RCHIEPISCOPUS.

1968 5033 2036 5045 ..-

1748 5164 2140 5251 ΝΟΤΙΤΙ
2166 5162 2252 5253 Α.

1352 5327 1545 5398 (Mich.
1582 5327 1848 5391 Lnoumu,
1882 5324 2072 5382 Oriens
2096 5325 2392 5382 Christian.
2429 5330 2467 5381 t.
2504 5325 2546 5393 Ι,
2575 5344 2631 5397 p.
2665 5326 2812 5386 648.)

385 5604 630 5664 Saecula
660 5620 827 5662 nono
872 5607 1154 5669 exeunte,
1216 5599 1315 5659 vel
1372 5598 1613 5658 decimo
1670 5598 1991 5670 inchoato,
2052 5599 2306 5659 sedebat
2362 5600 2636 5658 Joannes
2692 5595 3091 5673 metropolita
3130 5592 3475 5673 Nicasmus,
3521 5586 3698 5673 cujus

282 5686 381 5743 .ad
415 5683 786 5743 Zachariam
843 5681 1155 5744 Armeniae
1218 5679 1706 5756 metropolitam,
1764 5698 1867 5739 seu
1928 5677 2347 5752 Catholicum,
2408 5679 2499 5739 De
2532 5677 2764 5738 domini
2821 5670 3148 5737 ηαιὶυὶιαιθ
3177 5675 3405 5734 librum
3438 5670 3697 5730 Combe-
