4048 6210
410 330 550 386 1439

1804 326 2105 381 JOANNIS
2140 326 2405 383 NICBNI

3699 324 3844 380 Ηυιο

408 458 475 509 ut
503 453 782 509 Nativitas
812 468 880 507 ac
932 450 1231 522 Baptisma
1261 450 1637 505 celebrentur
1687 452 1718 503 6
1748 448 2009 505 Januarii
2038 464 2052 502 :

2190 447 2290 503 ιίου
2325 452 2365 519 ζ’
2394 452 2657 529 περιέχον
2684 456 2783 508 103
2811 451 2991 508 τελεῖν
3039 452 3142 520 τὴν
3190 450 3444 522 Γέννησιν
3496 448 3594 504 καὶ
3632 448 3701 503 τὸ
3732 449 3842 503 Βά-

408 560 517 598 nos
549 548 771 605 tamen,
808 539 1067 595 mundus
1100 540 1225 610 ipse
1258 545 1437 604 totus,
1467 540 1718 595 invicem
1751 539 2057 610 conspira-

407 632 681 698 verimus,
711 634 775 685 ut
801 635 859 683 et
886 629 1088 701 populi
1114 645 1327 683 omnes
1352 628 1730 683 Nativitavem
1757 630 2063 687 celebrent

408 724 473 775 '25
509 718 809 786 Decemb.,
845 718 1147 788 Baptisma
1176 733 1331 783 vero,
1362 719 1393 769 6
1418 718 1703 772 Januarii.

482 897 770 969 Equidem
806 894 1084 959 Verbum,
1122 894 1279 963 quod
1309 911 1343 950 a
1381 897 1550 950 Patre
1582 895 1910 959 descendit.
1945 903 2063 952 tres

411 987 664 1043 initiavit
718 984 1095 1039 nativitates:
1152 984 1587 1055 alteram,°qua
1636 986 1891 1056 sumpsit
1936 1003 2063 1040 car-

414 1094 550 1132 nem
584 1093 653 1129 ex
686 1080 891 1130 sancta
936 1072 1206 1144 Virgine;
1259 1090 1434 1143 quam
1486 1080 1543 1127 et
1584 1074 1905 1138 honorans,
1942 1074 2065 1129 die-

2167 559 2397 612 πτισμα·
2456 544 2622 614 ἡμεῖς
2681 540 2758 613 δὲ,
2820 542 2848 597 6
2903 540 3112 614 κόσμος
3170 539 3327 613 ὅλος,
3368 541 3836 617 συνεφωνήσαμεν

2173 632 2286 702 μετ’
2345 630 2612 703 ἀλλήλων
2669 632 3015 702 ἀκολουθεῖν,
3068 629 3163 686 ’ίνα
3217 631 3309 686 καὶ
3365 633 3570 691 πάντες
3622 631 3680 683 οἱ
3714 627 3835 684 λαοῖ

2167 716 2368 772 τελῶσι
2411 720 2510 787 τήν
2562 723 2817 791 Γέννησιν
2868 714 3206 794 Δεκεμϐρίῳ,
3263 720 3358 791 κε’,
3404 718 3495 774 καὶ
3528 720 3595 773 τὸ
3630 718 3835 773 Βάπτιο

2171 828 2302 879 σμα,
2330 809 2641 883 Ἰανουαρίῳ
2674 816 2732 879 ζ’.

2242 899 2439 951 Μέντοι
2499 919 2561 968 γε
2609 903 2756 972 τρεῖς
2802 900 3081 973 γεννήσεις
3135 896 3375 952 ἐτέλεσεν
3420 898 3449 951 ὁ
3504 896 3694 969 Λόγος
3728 898 3756 950 6
3786 896 3842 951 ἐκ

2170 990 2271 1039 τοῦ
2325 988 2531 1059 Ματρὸς
2586 982 2842 1048 κάταϐάς·
2896 988 2997 1055 τήν
3083 988 3199 1059 μὶν,
3252 988 3558 1059 σαρκιυθεὶς
3620 986 3685 1039 ἐκ
3744 994 3841 1054 τῆς

2173 1075 2322 1149 ἁγίας
2359 1076 2653 1150 Παρθένου,
2703 1078 2769 1147 ἣν
2818 1076 2911 1131 καί
2956 1078 3219 1148 τιμήσας,
3270 1070 3496 1150 ἔρχεται
3530 1076 3585 1129 ἐν
3620 1080 3707 1147 τῷ
3736 1080 3846 1147 ναῷ

410 1184 542 1223 rum
573 1168 762 1221 factus
798 1164 1213 1236 quadraginta,
1252 1165 1410 1218 venit
1440 1166 1497 1218 in
1534 1165 1841 1235 templum.
1868 1166 2067 1220 Altera

2190 1166 2567 1236 τεσσαράκοντα
2614 1168 2861 1239 ἡμερῶν.
2913 1166 3142 1238 Δευτὲρα
3190 1165 3461 1239 γέννησις,
3499 1165 3567 1217 τὸ
3614 1163 3671 1218 ἐν
3710 1166 3847 1235 Ἰορο

414 1257 689 1314 nativitas
719 1260 827 1322 est,
877 1253 1034 1324 quod
1084 1255 1144 1307 in
1177 1254 1429 1308 Jordane
1462 1254 1720 1324 suscepit
1750 1254 2065 1324 baptisma,

414 1346 659 1418 quando
696 1362 730 1399 a
762 1343 997 1398 diabolo
1026 1348 1306 1407 tentatus,
1342 1343 1529 1413 ipsius
1558 1343 1713 1398 vicit.
1738 1343 1933 1398 Tertia
1972 1343 2070 1397 de-

426 1438 607 1506 nique
649 1434 954 1500 terribilis,
989 1432 1345 1487 resurrectio
1399 1449 1469 1486 ex
1516 1433 1786 1486 mortuis.
1816 1426 2069 1487 Mirabili

417 1531 620 1581 autem
654 1524 884 1577 ratione
915 1527 1297 1576 conversatus
1324 1522 1385 1575 in
1419 1522 1612 1575 medio
1643 1522 2070 1592 discipulorum

420 1629 665 1669 suorum
701 1628 808 1682 per
858 1609 986 1665 dies
1036 1609 1447 1682 quadraginta,
1499 1627 1533 1664 a
1590 1616 1791 1664 monte
1841 1611 2068 1678 Oliveti,

416 1706 758 1773 assumptus
792 1705 882 1754 est
913 1699 986 1753 ad
1042 1701 1299 1753 Patrem.
1351 1699 1511 1753 Beati
1545 1715 1680 1771 ergo
1729 1699 1980 1770 apostoli
2008 1716 2073 1754 ac

2176 1250 2309 1327 δάνῃ
2343 1254 2644 1328 βάπτισμα,
2673 1253 2763 1309 ὅτε
2792 1252 3185 1327 πειραζόμενος
3236 1253 3336 1308 ὑπὸ
3385 1258 3487 1307 τοῦ
3545 1248 3846 1325 διαϐόλου,

2174 1340 2415 1411 ἐνίκησεν
2466 1342 2649 1399 αὐτόν.
2707 1344 2767 1399 Ἦ
2829 1340 2886 1398 δε
2941 1341 3101 1418 τρίτη
3162 1337 3391 1419 φοϐερά,
3439 1344 3476 1412 ἡ
3518 1341 3581 1397 ἐκ
3641 1347 3849 1414 νεκρῶν

2176 1433 2477 1494 ἀνάστασις.
2537 1438 2875 1505 Θαυμαστῶς
2957 1431 3016 1487 δὲ
3097 1434 3497 1509 συνανεστράφη
3562 1432 3623 1488 ἐν
3703 1434 3849 1506 μέσῳ

2175 1526 2281 1576 τῶν
2321 1524 2575 1593 μαθητῶν
2636 1522 2824 1589 αὐτοῦ,
2883 1519 2955 1576 δι’
3012 1525 3238 1595 ἡμερῶν
3298 1522 3740 1597 τεσσαράκοντα·
3795 1523 3850 1577 ἐκ

2179 1607 2236 1664 δὲ
2263 1614 2358 1665 τοῦ
2391 1611 2554 1685 ’ὀρους
2578 1616 2687 1667 τῶν
2722 1610 2954 1666 Ἐλαιῶν
2990 1608 3274 1686 ἀνελήφθη
3299 1612 3436 1683 πρὸς
3466 1612 3565 1665 τὸν
3604 1612 3847 1684 Πατέρα.

2178 1699 2245 1756 Οἱ
2288 1696 2380 1753 οὖν
2439 1701 2699 1771 μακάριοι
2746 1697 3047 1754 ἀπόστολοι
3109 1701 3161 1753 οἱ
3222 1699 3462 1771 μαθηταὶ
3504 1703 3612 1755 τοῦ
3647 1699 3849 1774 Κυρίου

414 1790 693 1860 discipuli
718 1788 957 1843 Domini
985 1788 1173 1841 nostri
1198 1790 1334 1841 Jesu
1378 1787 1614 1851 Christi,
1657 1804 1763 1858 per
1788 1805 2071 1842 manuum

2190 1791 2338 1859 ἡμῶν
2372 1787 2550 1858 Ἰησοῦ
2582 1789 2835 1861 Χριστοῦ,
2869 1787 2959 1843 διὰ
3000 1795 3100 1857 τῆς
3149 1787 3442 1852 ἐπιθέσεως
3480 1794 3600 1843 τῶν
3642 1794 3849 1863 χειρῶν

416 1880 650 1936 Domini
678 1878 1124 1948 impositionem
1159 1878 1219 1930 in
1254 1883 1455 1932 monte
1484 1876 1779 1931 Olivarum
1818 1878 2067 1949 gratiam

418 1973 795 2041 acceperunt,
858 1972 924 2021 ut
972 1967 1044 2021 ad
1119 1966 1555 2037 Scripturarum
1614 1966 2069 2038 intelligentiam

420 2077 622 2116 eorum
655 2076 827 2114 mens
859 2057 1228 2129 aperiretur;
1263 2057 1441 2127 inque
1474 2057 1724 2126 Spiritus
1748 2058 1934 2111 sancti
1967 2056 2072 2111 ad-

418 2158 617 2213 ventu,
664 2150 877 2221 repleti
934 2154 1075 2203 sunt
1122 2148 1284 2202 omni
1331 2149 1611 2213 scientia;
1654 2150 2072 2220 Evangeliique

422 2240 931 2313 praedicationem,
991 2236 1148 2307 quod
1200 2242 1325 2290 erat
1380 2236 1735 2291 tradendum
1777 2237 2069 2309 gentibus,

424 2346 491 2384 ac
521 2330 794 2382 universa
842 2326 1039 2379 futura
1069 2325 1423 2379 didicerunt.
1475 2327 1720 2396 Propter
1752 2331 1949 2381 tamen
1980 2342 2075 2380 se—

422 2424 585 2490 ptem
638 2418 875 2471 illarum
926 2416 1231 2469 haereseon
1265 2432 1331 2469 ex
1382 2415 1600 2470 Judaais
1650 2422 2073 2488 prognatarum

423 2507 875 2580 grassationem,
908 2504 1218 2559 Eccclesim
1236 2504 1625 2559 totiusofficia
1658 2506 1965 2576 speciatim
1996 2510 2078 2561 at-

432 2614 545 2667 que
596 2596 824 2658 ordine,
874 2594 1334 2664 haudquaquam
1380 2610 1673 2665 exponere
1727 2611 1794 2649 ac
1844 2595 2075 2650 sancire

430 2694 618 2748 licuit.
655 2692 717 2745 ld
733 2707 865 2745 vero
895 2708 1079 2745 unum
1108 2692 1359 2745 sollicite
1376 2691 1726 2763 agebant,ut
1754 2692 2075 2747 Christum.

432 2785 617 2838 Deum
650 2798 719 2836 ex
753 2782 888 2847 Deo,
940 2782 1040 2851 qui
1076 2781 1296 2835 mundo
1348 2782 1744 2852 apparuisset,
1791 2782 2078 2853 pradica-

432 2876 585 2927 rent.
620 2872 855 2940 Septem
886 2875 1083 2923 autem
1118 2870 1421 2924 hmreseon
1475 2871 1719 2925 nomina
1746 2872 1870 2925 haec
1904 2876 2078 2925 sunt:

437 2963 487 3026 1,
522 2958 769 3024 Scribw;
802 2962 853 3012 2.
888 2958 1210 3023 Pharisaei;
1245 2961 1297 3012 3.
1332 2959 1637 3014 Sadduczei
1666 2977 1677 3025 ;
1714 2962 1766 3013 4.
1802 2961 2082 3014 Hemero-

434 3049 716 3119 baptisti;
748 3051 801 3103 5.
835 3047 1075 3113 Asiani;
1109 3049 1159 3101 6.
1195 3049 1471 3103 Nazareni
1500 3065 1512 3115 ;
1556 3050 1610 3103 7.
1647 3048 1987 3103 Herodiani-
2015 3048 2082 3103 lli

350 3188 357 3193 .
437 3154 643 3192 omnes
710 3136 1174 3191 adversabantur
1217 3136 1406 3191 beatis
1458 3137 1779 3207 apostolis;
1830 3154 1896 3191 ac
1946 3154 2080 3191 cum

2175 1880 2273 1931 τοῦ
2303 1876 2500 1949 Κυρίού
2562 1877 2615 1931 ἐν
2672 1882 2750 1948 τῷ
2808 1880 2923 1953 ’ὀρει
2978 1882 3084 1930 τῶν
3144 1878 3406 1945 Ἐλαιῶν,
3437 1872 3657 1931 ἔλαϐον
3690 1878 3851 1953 χάριν

2176 1966 2239 2019 τὸ
2298 1962 2673 2039 διανοιχθῆναι
2734 1965 2908 2021 αὐτῶν
2966 1966 3061 2021 τὸν
3120 1970 3239 2021 νοῦν
3298 1970 3397 2020 τοῦ
3456 1967 3711 2021 συνιέναι
3763 1968 3854 2027 τὰς

2180 2055 2412 2132 Γραφάς*
2450 2055 2538 2110 καὶ
2587 2054 2640 2111 ἐν
2690 2059 2760 2130 τῇ
2819 2054 3101 2111 ἐπελεύσει
3155 2060 3254 2111 τοῦ
3312 2055 3467 2131 ἁγίου
3503 2057 3853 2128 Πνεῦματος,

2181 2141 2533 2213 ἐπλήσθησαν
2593 2147 2772 2215 πάσης
2831 2145 3111 2207 συνέσεως·
3171 2146 3260 2200 καὶ
3316 2146 3380 2201 τὸ
3436 2148 3717 2220 κήρυγμα
3765 2151 3856 2201 τοῦ

2183 2231 2542 2308 Εὐαγγελίου,
2572 2238 2669 2288 τοῦ
2719 2232 3023 2307 μέλλοντος
3072 2231 3464 2307 παραδίδοσθαι
3498 2240 3626 2296 τοῖς
3661 2232 3855 2303 ἔθνεσι,

2182 2321 2273 2376 καὶ
2324 2323 2498 2377 πάντα
2551 2325 2617 2377 τὰ
2678 2321 2951 2397 μέλλοντα
3012 2325 3382 2397 μεμαθήκασι.
3439 2324 3606 2392 Πλῆν
3646 2324 3741 2378 ὁιᾶ
3767 2325 3855 2385 τὶς

2184 2405 2496 2487 προσϐολὰς
2582 2417 2689 2467 τῶν
2757 2414 3017 2487 αἱρέσεων
3070 2418 3181 2468 τῶν
3247 2412 3383 2467 ἑπτὰ
3447 2412 3687 2468 ἐκείνων
3757 2418 3853 2467 τῶν

2186 2505 2419 2578 φυεισῶν
2451 2501 2510 2555 ἐκ
2536 2506 2645 2556 τῶν
2688 2499 2992 2571 Ἰουδαίων,
3041 2501 3148 2557 οὐκ
3193 2500 3551 2573 ἠδυνήθησαν
3585 2504 3699 2570 τήν
3732 2505 3855 2557 ἀκο-

2188 2589 2407 2653 λουθίαν
2440 2594 2615 2661 πάσης
2671 2597 2768 2659 τῆς
2830 2589 3156 2657 Ἐκκλησίας
3219 2596 3457 2667 μερικῶς
3525 2593 3675 2647 κατα
3714 2592 3851 2662 τάξιν

2189 2677 2433 2741 ἐκθέσθαι
2482 2678 2571 2733 καὶ
2624 2679 2893 2743 θεσπίσαι.
2942 2678 3117 2736 Ἀλλᾶ
3164 2684 3328 2735 τοῦτο
3382 2680 3553 2753 μόνον
3588 2678 3855 2735 ἐσπούδα-

2191 2788 2309 2836 σαν,
2336 2768 2426 2822 τὸν
2459 2769 2690 2843 Χριστὸν
2722 2770 2849 2824 Θεὸν
2898 2767 2958 2823 ἐκ
3004 2773 3139 2825 Θεοῦ
3168 2768 3498 2845 ἐπιφανέντα
3520 2774 3608 2841 τῷ
3640 2770 3856 2842 κόσμῳ,

2190 2855 2439 2929 κηρύξαι.
2498 2861 2619 2914 Τῶν
2692 2855 2748 2913 δὲ
2825 2858 2960 2914 ἒπτὰ
3018 2860 3273 2934 αἱρέσεων
3333 2854 3614 2931 ὀνόματα,
3676 2863 3858 2915 ταῦτα·

2192 2949 2433 3019 πρῶτον,
2494 2952 2865 3021 Γραμματεῖς’
2918 2944 3194 3023 δεύτερον,
3275 2948 3597 3021 Φαρισαῖοίο
3656 2948 3861 3023 τρίτον,

2195 3028 2577 3087 Σαδδουκαῖοι·
2646 3035 2924 3106 τέταρτον,
2989 3028 3517 3108 Ἠμεροόάπτιστοι·
3583 3036 3861 3107 πέμπτον,

2194 3122 2446 3178 Ἀσιανοί’
2514 3119 2692 3191 ἕκτον,
2768 3128 3088 3199 Ναζαραῖοι·
3155 3119 3417 3196 ἳϐδομον,
3496 3122 3860 3199 Ἡρωδιανοί.

436 3226 578 3291 illis,
641 3226 990 3294 Simoniani,
1049 3225 1436 3291 Cerinthiani,
1485 3190 1711 3290 Ariani,
1762 3190 2078 3281 Eabelliani

2196 3212 2361 3268 Οὗτοι
2410 3212 2603 3274 πάντες
2653 3190 2955 3268 ἀντέιιειντό
2999 3219 3118 3277 τοῖς
3173 3212 3462 3286 μακαρίοις
3497 3190 3859 3282 ἆπόστόλοις,

434 3331 501 3369 ac
532 3314 907 3373 Eunomiani.
961 3314 1061 3384 qui
1112 3314 1287 3384 plane
1333 3315 1615 3369 contrarii
1666 3320 1835 3369 erant
1865 3320 2084 3370 sanctaa

436 3403 731 3458 Ecclesia».
794 3403 945 3467 Quin
987 3409 1044 3457 et
1092 3404 1316 3457 Pascha
1365 3404 1507 3458 luna
1564 3406 1628 3457 14
1676 3404 1880 3458 multis
1911 3405 2084 3459 annis

439 3493 757 3550 celebravit
786 3491 1063 3547 Ecclesia.
1095 3494 1216 3546 Non
1250 3494 1408 3547 enim
1443 3509 1652 3547 omnes
1682 3499 1822 3546 tunc
1855 3497 2087 3563 poterat

441 3600 735 3649 coercere,
764 3598 831 3636 ac
862 3598 1052 3650 usque
1083 3582 1155 3635 ad
1188 3588 1421 3653 tempus
1451 3582 1680 3653 pacifici
1714 3582 1875 3636 illius
1906 3584 2086 3637 Cons-

444 3671 679 3736 tantini,
721 3670 819 3739 qui
870 3670 1166 3724 celebrata
1214 3671 1450 3724 Nicaeum
1497 3671 1744 3740 synodo,
1796 3687 1861 3724 os
1910 3687 2085 3725 omne

444 3759 859 3814 haereticorum
890 3758 1201 3825 obstruxit,
1236 3774 1301 3811 ac
1334 3758 1609 3813 Ecclesia:
1650 3776 1833 3813 cornu
1866 3759 2086 3814 exalta-

442 3848 543 3901 vit.

518 4026 603 4081 Ab
636 4041 703 4080 eo
735 4025 935 4093 itaque
966 4023 1247 4095 deinceps
1300 4029 1594 4097 tempores
1648 4027 1834 4081 sancti
1886 4029 2089 4081 Patres

447 4134 513 4172 ac
537 4114 690 4170 beati
734 4113 1017 4185 episcopi,
1056 4118 1393 4168 sanctorum
1423 4114 1827 4186 apostolorum
1852 4115 2091 4187 vestigia

448 4205 820 4279 indagantes,
853 4208 1124 4259 sanctum
1168 4204 1393 4259 Pascha
1440 4220 1474 4259 a
1512 4204 1753 4260 Judaico
1797 4206 2091 4260 discreve-

446 4300 606 4363 runt,
631 4296 768 4366 jure
802 4294 1013 4347 merito
1063 4294 1422 4348 honorantes
1470 4300 1735 4349 sanctam
1766 4294 2089 4349 Ecclesiam

447 4385 819 4450 catholicam,
874 4400 940 4438 ae
990 4383 1257 4454 psalmis,
1309 4388 1368 4437 et
1414 4384 1674 4453 hymnis,
1724 4384 2090 4455 canticisque

448 4474 815 4546 spiritalibus
839 4472 1258 4539 exhilarantes,
1292 4473 1598 4543 variasque
1611 4472 1956 4528 festivitates
1969 4472 2088 4526 sin-

2189 3303 2279 3357 καὶ
2314 3304 2431 3374 μετ’
2474 3301 2688 3358 ἐκείνων
2740 3305 2792 3359 οἳ
2843 3306 3204 3377 Σιμωνιανοὶ,
3252 3306 3339 3359 καὶ
3394 3308 3472 3377 (a)
3524 3310 3858 3380 Κηρυναῖοι,

2193 3392 2493 3466 ’Λρειανοὶ,
2570 3387 2961 3462 Σαϐελλιανοῖ,
3044 3394 3133 3448 καὶ
3221 3394 3596 3465 Εὐνομιανοὶ,
3661 3392 3857 3453 οἵτινες

2194 3480 2426 3536 ἐναντίοι
2479 3481 2878 3553 κατεστάθησαν
2936 3486 3005 3556 τῇ
3064 3482 3189 3558 άγῖᾳ
3238 3481 3567 3551 Ἐκκλησία,
3636 3483 3742 3539 Καὶ
3797 3476 3855 3535 τό

2194 3570 2386 3645 Πάσχα
2435 3570 2487 3626 ἐν
2537 3570 2772 3633 πολλοῖς
2819 3572 3043 3647 χρόνοις
3093 3572 3339 3645 εόρταζεν
3374 3574 3407 3640 ἡ
3446 3571 3761 3641 Ἐκκλησία
3788 3575 3852 3641 τῇ

2198 3658 2282 3719 ιδ’,
2313 3659 2426 3717 Οὐκ
2464 3657 2701 3729 ἠδύνατο
2753 3660 2857 3736 γὰρ
2914 3660 3036 3716 τότε
3094 3661 3170 3722 εἷς
3225 3660 3426 3722 πάντας
3457 3663 3495 3726 ἠ
3530 3661 3857 3730 Ἐκκλησία,

2192 3746 2296 3811 ἕως
2323 3754 2420 3803 τοῦ
2450 3749 2657 3823 χρόνου
2698 3754 2795 3803 τοῦ
2848 3748 3229 3828 φιλειρηνικοῦ
3282 3750 3733 3817 Κωνσταντίνου,
3765 3752 3857 3803 τοῦ

2196 3840 2286 3897 διὰ
2314 3848 2414 3909 τῆς
2470 3840 2520 3895 ἐν
2583 3841 2779 3912 Νικαίᾳ
2836 3838 3065 3895 συνόδου
3124 3839 3499 3918 ἐμφράξαντος
3540 3846 3651 3894 πᾶν
3687 3841 3860 3911 στόμα

2195 3933 2502 4007 αἱρετικῶν,
2532 3929 2621 3984 καὶ
2672 3930 2987 4002 ὑψώσαντος
3033 3930 3096 3984 τὸ
3142 3930 3302 4001 κέρας
3347 3936 3449 3997 τῆς
3499 3928 3859 3999 Ἐκκλησίας.

2270 4018 2472 4073 Λοιπὸν
2523 4016 2629 4073 διπὸ
2676 4017 2821 4089 τότε,
2868 4019 2920 4072 οἱ
2962 4018 3107 4091 ἅγιοι
3158 4017 3408 4091 Πατέρες,
3448 4016 3542 4070 καὶ
3579 4018 3634 4071 οὶ
3690 4018 3862 4089 μακά-

2198 4129 2305 4185 ριοι
2337 4106 2646 4175 ἐπισκοποι,
2680 4108 2730 4161 o't
2765 4103 3061 4181 ἶχνηλάται
3116 4110 3224 4160 τῶν
3282 4104 3448 4179 ἁγίων
3502 4104 3860 4173 ἀποστόλων,

2199 4195 2525 4273 διεχώρισαν
2578 4196 2639 4250 τὸ
2698 4192 2849 4271 ἅγιον
2905 4197 3101 4270 Πάσχα
3131 4193 3190 4249 ἐκ
3216 4197 3312 4249 τοῦ
3362 4191 3697 4261 Ἰουδαῖκοῦ,
3730 4192 3862 4248 κατᾶ

2198 4285 2365 4361 λόγον
2397 4286 2719 4357 τιμήσαντες
2769 4286 2869 4353 τήν
2929 4284 3084 4359 άγίαν
3142 4280 3445 4351 καθολικὴν
3499 4282 3860 4352 Ἐκκλησίαν.

2200 4376 2286 4430 καὶ
2348 4371 2735 4449 φαιδρύναντες
2804 4373 3051 4447 ψαλμοῖς
3102 4372 3189 4427 καὶ
3280 4369 3451 4444 ᾠδαῖς
3505 4372 3603 4426 καὶ
3660 4370 3863 4445 ᾇσμασι

2198 4467 2611 4537 πνευματικοῖς,
2663 4463 2755 4517 καὶ
2811 4461 2907 4524 τὰς
2962 4462 3151 4537 ἑορτὰς
3182 4460 3273 4516 τὰς
3307 4459 3567 4523 ποικίλας
3601 4460 3866 4534 ἐνομοθὲ-

446 4563 613 4636 gulas
647 4560 855 4615 diebus
899 4560 1153 4631 propriis
1202 4559 1465 4614 ordinari
1518 4565 1859 4615 sanxerunt.
1916 4561 2078 4613 Porr<

2204 4556 2395 4623 τήσαν,
2444 4552 2729 4624 κατατάξαι
2777 4551 3004 4621 ἑκάστην
3058 4550 3133 4612 εἰς
3185 4552 3285 4619 τὴν
3329 4548 3470 4605 ἰδίαν
3523 4551 3771 4623 ἡμέραν.
3801 4552 3864 4608 Ol.

447 4652 489 4707 ii
538 4650 789 4722 apostoli
821 4649 921 4719 qui
954 4654 1123 4704 erant
1170 4665 1240 4703 ex
1288 4649 1476 4703 sancti
1525 4649 1769 4703 Joannis
1818 4648 2093 4719 Baptistaa

448 4739 779 4811 discipulis,
813 4738 1012 4793 audito
1046 4737 1203 4809 quod
1235 4740 1489 4793 Joannes
1521 4737 1929 4792 testimonium
1960 4753 2095 4807 per—

447 4831 641 4887 hibuit
698 4829 771 4884 de
816 4828 1089 4894 Domino,
1146 4828 1477 4896 credentes,
1534 4827 1849 4882 Dominum
1906 4827 2092 4881 secuti

447 4924 623 4987 sunt;
654 4934 909 4989 cumque
941 4918 1257 4972 Dominum
1298 4917 1358 4971 in
1394 4916 1648 4971 Jordane
1697 4915 1977 4987 baptizari
2010 4916 2094 4968 vi-

448 5010 695 5077 dissent,
721 5024 790 5064 ea
818 5007 912 5063 die
957 5006 1235 5079 baptismi
1285 5022 1520 5078 quoque
1549 5006 1927 5061 festivitatem
1974 5010 2091 5059 sta-

2205 4640 2264 4697 δὶ
2318 4639 2619 4697 ἀπόστολοι
2677 4640 2727 4695 oi
2786 4640 2934 4702 ὄντες
2994 4639 3056 4694 ἐκ
3101 4644 3207 4694 τῶν
3268 4641 3531 4711 μαθητῶν
3583 4643 3686 4694 τοῦ
3716 4640 3864 4711 ἁγίου

2204 4730 2457 4787 Ἰωάννου
2486 4734 2582 4785 τοῦ
2624 4733 2950 4799 Βαπτιστοῦ,
3006 4729 3095 4784 ὅτε
3137 4727 3375 4798 ἥκουσαν
3419 4729 3523 4797 τὴν
3563 4728 3861 4804 μαρτυρίαν

2204 4822 2454 4878 Ἰωάννου
2507 4821 2629 4895 περὶ
2684 4823 2781 4874 τοῦ
2840 4820 3065 4895 Κυρίου,
3114 4816 3497 4881 πιστεύσαντες
3547 4816 3863 4888 ἠκολούθη-

2204 4931 2297 4964 σαν
2330 4914 2406 4981 τῷ
2437 4908 2639 4981 Κυρίῳ·
2673 4908 2763 4963 καὶ
2817 4908 2907 4963 ὅτε
2957 4904 3096 4963 εἶδον
3129 4906 3222 4963 τὸν
3256 4907 3457 4980 Κύριον
3502 4908 3864 4983 βαπτισθῆναι

2205 4999 2256 5053 ἐν
2307 4995 2575 5072 Ἰορδάνῃ,
2629 4995 2704 5058 είς
2748 4994 2958 5067 ἐκεινην
3007 4995 3106 5064 τὴν
3156 4996 3369 5072 ἡμὲραν
3417 4996 3515 5049 καὶ
3544 4996 3653 5065 τήν
3687 4996 3865 5070 ἑορτὴν

1812 5180 2047 5237 VARI/I3
2088 5174 2487 5233 LECTIONES.

520 5284 597 5356 (a)
627 5280 702 5342 ἴσ.
738 5282 1074 5359 Κεριντιανοῖ
1105 5282 1196 5339 vel
1229 5283 1552 5355 Κυρηναῖοι.

2035 5392 2257 5450 NOTAE.

450 5537 680 5601 verint;
711 5538 1009 5607 {tanquam
1059 5553 1127 5591 ea
1171 5539 1335 5607 parte
1382 5530 1752 5607 excesserint
1801 5529 2032 5607 traditas
2066 5545 2101 5583 a

452 5608 683 5665 Christo
716 5602 1043 5676 potestatis,
1077 5625 1144 5661 ac
1175 5602 1323 5675 puri
1374 5604 1669 5674 Evangelii
1717 5602 1955 5676 limites.
1995 5603 2101 5676 lm:

455 5694 674 5751 purum
719 5672 875 5731 certe
913 5672 1326 5751 Evangelium,
1374 5682 1438 5730 ut
1466 5672 1586 5731 non
1617 5675 1846 5747 possint
1872 5672 2100 5751 praalati

401 5822 407 5827 ν
457 5745 741 5817 statuere,
774 5745 934 5816 quod
966 5762 998 5800 e
1027 5745 1467 5819 re'Christiana,
1490 5764 1597 5823 pro
1619 5745 1928 5819 irerumﬁc
1958 5750 2105 5802 tem-

2210 5533 2420 5590 porum
2478 5517 2710 5573 ratione
2767 5514 3179 5590 indicaverint:
3240 5515 3506 5590 Narn_et
3564 5515 3630 5569 in
3680 5518 3863 5576 veteri,

2210 5585 2426 5662 praeter
2457 5591 2714 5661 Moysen.
2744 5588 2921 5662 etiam
2970 5586 3287 5662 pontiﬁces
3311 5585 3443 5652 alii,
3474 5585 3683 5662 festos
3703 5604 3861 5642 novos

2212 5658 2358 5731 dies,
2393 5658 2593 5717 sancte
2624 5678 2692 5717 ac
2722 5675 2854 5716 cum
2878 5658 3053 5714 laude
3085 5662 3421 5713 noscuntur
3454 5659 3803 5715 sancivisse.
