4048 6210
201 354 340 411 1441

1358 356 1455 407 ΒΕ
1491 353 1711 409 FESTO
1746 353 1871 406 DIE
1913 352 2178 405 NATALI
2216 352 2497 408 DOMINI.

3478 342 3630 415 1442‘

198 485 306 536 τοῦ
337 476 725 550 Βαπτίσματος
754 476 1066 547 κατὲταξαν.
1126 476 1187 533 Ὀ
1245 474 1302 530 δὲ
1356 472 1614 537 Ἰάκωϐος
1645 477 1673 530 6
1704 472 1868 529 ἀδελ-

1991 481 2260 531 tuerunt:
2292 477 2541 533 Jacobus
2581 483 2778 533 autem
2814 481 3043 534 Domini
3075 481 3276 554 frater,
3311 487 3409 556 qui
3444 504 3617 541 vene-

200 566 424 648 ιρόθεος,
481 566 535 621 ἑν
592 564 847 638 Βηθλεὲμ
904 564 1341 639 παραγενόμενος
1397 564 1450 619 ἐν
1502 570 1571 639 τῇ
1617 565 1863 638 γεννήσει

197 664 303 714 τοῦ
335 655 567 732 Κυρίου,
601 656 628 709 6
659 654 750 709 καὶ
784 653 836 708 ἐν
888 653 1253 729 Ἰερουσαλὴμ
1300 654 1349 709 λ’
1410 654 1502 723 ἔτη
1562 652 1866 722 ἐπισκοπή-

200 768 326 815 σας,
398 746 501 800 οὐκ
559 741 803 798 ἐκώλυσε
854 742 981 804 τοὺς
1038 746 1329 804 τελοῦντας
1407 744 1505 811 τήν
1593 742 1865 810 Γέννησιν·

209 835 435 909 μᾶλλον
468 831 525 888 δὲ
556 832 792 887 ἐπαινῶν
827 827 1032 906 ἔλεγεν,
1067 830 1150 885 ὅτι
1210 831 1285 893 εἰς
1344 828 1524 901 ἄλλην
1580 828 1741 885 πόλιν
1771 830 1869 898 τὴν

204 925 467 995 Γίννησιν
498 923 770 979 τελοῦσιν.
804 922 932 995 Οὐχ
962 920 1043 975 ὅτι
1083 922 1219 975 κατὰ
1274 920 1584 994 ἀντιλογίαν
1617 918 1865 993 ἔγραψεν·

208 1014 301 1069 ὅτι
332 1012 423 1068 ὅτε
452 1012 528 1077 είς
550 1010 729 1082 ἃλλην
762 1009 923 1065 πόλιν
975 1007 1195 1064 τελοῦσι
1221 1013 1293 1083 (b)
1339 1006 1868 1081 πεπλανημένοι.....

210 1107 297 1177 ρῷ
336 1102 450 1159 τόν.
517 1101 611 1155 Καὶ
673 1098 724 1171 ἐξ
784 1099 988 1173 ἀρχῆς,
1042 1095 1247 1162 ἃλλους
1298 1096 1761 1161 κανόνας.ἔθεντο
1819 1097 1871 1151 οἱ

211 1191 522 1246 ἀπόστολοι
576 1194 693 1250 τοῖς
746 1187 794 1260 ἔξ
857 1188 1023 1251 ἐθνῶν
1110 1187 1509 1257 πεπιστευκόσι,
1602 1185 1872 1263 λέγοντες,

210 1281 559 1354 ἀπέσχοσθαι
637 1277 743 1332 ἀπὸ
797 1281 1046 1343 πνικτοῦ,
1105 1278 1193 1331 καὶ
1283 1276 1555 1351 πορνείας,

217 1391 411 1445 ματος.
463 1371 529 1425 Οἱ
590 1366 648 1422 δὲ
705 1367 820 1421 νυνὶ
871 1368 1084 1429 κανόνες
1129 1366 1376 1422 ποικίλοι
1435 1366 1725 1442 δογμάτων
1784 1366 1873 1421 καὶ

216 1458 575 1533 διδαγμάτων
603 1460 675 1528 (c)
704 1458 1074 1526 περιέχουσιν.
1110 1456 1187 1514 Οὐ
1212 1457 1316 1531 γὰρ
1375 1456 1426 1510 ἐν
1485 1458 1642 1511 παντὶ
1701 1460 1874 1529 καιρῷ

209 1551 308 1605 καὶ
362 1549 551 1623 χρόνῳ
607 1548 707 1615 τὴν
768 1545 934 1614 αὐτὴν
991 1548 1317 1617 νομοθεσίαν
1390 1545 1784 1618 ἐνομοθέτησεν
1845 1545 1873 1599 6

210 1643 495 1710 ’Υψισυιοςο
553 1634 683 1690 ἀλλ’
743 1634 954 1707 ἑκάστῳ
1005 1634 1189 1709 χρόνῳ
1256 1632 1491 1707 διάταξιν
1552 1636 1641 1689 καὶ
1701 1636 1875 1708 νόμον

216 1727 408 1800 ὥρισε.

1641 1276 1732 1330 καὶ
1789 1275 1873 1329 αἳ-

296 1815 451 1883 Ηλῆν
513 1812 602 1868 διὰ
660 1816 758 1883 τήν
813 1812 1064 1882 Γέννησιν
1109 1816 1206 1866 τοῦ
1276 1818 1559 1883 Σωτῆρος,
1614 1811 1697 1866 ὅτι
1756 1817 1872 1874 πῶς
1909 1854 1949 1916 Β

361 1904 402 1916 ,.
606 1911 614 1916 .
773 1896 801 1916 ο
979 1902 991 1916 .
1105 1898 1123 1916 κ
1173 1905 1193 1913 -
1235 1910 1252 1916 -
1428 1899 1453 1916 ρ.
1654 1900 1678 1916 η

221 1902 534 1974 διετάξαντο
593 1896 858 1975 Δεκεμϐρ.
912 1902 991 1954 κε’
1041 1898 1339 1965 τελεῖσθαι,
1394 1899 1565 1963 οὕτως
1625 1900 1873 1975 εὕρομεν.

220 1993 472 2066 ζΈγραψέ
500 2012 637 2045 ποτε
671 1989 967 2062 Κύριλλος,
1002 1992 1083 2060 (d)
1117 1990 1145 2043 6
1200 1989 1406 2062 γράψας
1446 1996 1544 2056 τὴν
1578 1987 1874 2057 ἐπιστολὴν

225 2080 644 2152 Κωνσταντίνῳ,
678 2076 854 2133 ἀλλ’ὁ
908 2080 1023 2149 μετ’
1081 2075 1283 2132 ἔκεῖνον
1344 2074 1726 2150 διαδεξάμενος
1781 2078 1874 2133 τὸν

223 2172 415 2245 θρόνον
452 2171 643 2235 αὐτοῦ,
676 2169 812 2244 πρὸς
846 2166 1079 2223 Ἰούλιον
1135 2168 1225 2221 τὸν
1285 2168 1507 2239 Ῥώμης
1558 2166 1875 2234 ἐπίσκοπον,

227 2261 431 2335 ἔγραψε
463 2258 660 2333 λέγων,
695 2259 777 2312 ὅτι
810 2282 837 2307 (ι
891 2257 1075 2331 Μέγας
1106 2257 1276 2317 κόπος
1331 2255 1421 2309 καί
1475 2256 1725 2330 στέρησις
1780 2256 1875 2330 γί-

218 2371 369 2405 νεται
402 2348 480 2410 είς
510 2350 605 2410 τὰς
634 2345 871 2420 μεγάλας
926 2346 1015 2399 καὶ
1069 2342 1327 2420 λαμπρὰς
1384 2344 1591 2419 ἐορτάς,
1652 2342 1734 2398 ὅτι
1789 2364 1879 2398 τε-

225 2439 454 2495 λοῦνται
488 2437 539 2491 ἐν
575 2440 671 2509 μιᾷ
718 2434 921 2509 ἡμέρᾳ*
982 2433 1071 2488 καί
1125 2433 1192 2487 τὰ
1247 2433 1668 2508 ἀναγνώσματα,
1701 2432 1789 2487 καὶ
1841 2433 1875 2500 ἡ

222 2525 529 2582 ἀκολουθία
558 2523 923 2596 απομὲνουσιν
954 2521 1194 2594 ἡμιτελῆ
1226 2526 1335 2575 τῶν
1387 2519 1482 2576 δύο
1514 2520 1737 2596 ἑορτῶν,
1792 2520 1880 2575 διὰ

233 2618 299 2671 τὸ
336 2617 413 2689 μὴ
445 2614 699 2677 δύνασθαι
731 2614 830 2682 τήν
864 2614 1118 2681 Γέννησιν
1175 2610 1263 2663 καὶ
1322 2610 1385 2664 τὸ
1415 2611 1701 2679 Βάπτισμα
1732 2610 1879 2664 ἐκτε-

236 2704 396 2760 λέσαι
422 2708 520 2759 τοῦ
550 2702 777 2776 Κυρίου.
808 2702 899 2765 Ὦς
929 2698 996 2767 δὴ
1032 2699 1093 2753 οῦ
1145 2697 1413 2771 δυνάμεθα
1465 2697 1518 2753 ἐν
1556 2704 1653 2769 μιᾷ
1701 2698 1881 2773 ἡμέρᾳ

232 2795 535 2861 ἀπαντῆσαι
593 2791 669 2852 εἰς
714 2789 882 2846 τόπον
941 2793 1037 2843 τοῦ
1098 2787 1488 2863 βαπτίσματος
1540 2786 1653 2841 ἐπεὶ
1701 2789 1735 2855 ἠ
1771 2789 1880 2857 Βη-

234 2882 426 2955 θλεὲμ,
457 2880 582 2955 τρία
617 2877 775 2953 μίλια
805 2879 1001 2953 ἀπέχει
1032 2876 1139 2931 ἀπὸ
1192 2874 1556 2950 Ἰερουσαλὴμ
1608 2874 1745 2929 κατά
1792 2882 1881 2929 νο-

230 2994 349 3042 τον,
372 2974 461 3027 καὶ
494 2972 522 3025 6
556 2970 833 3043 Ἰορδάνης
868 2970 927 3022 ιε’
962 2965 1124 3039 μίλια
1168 2964 1359 3039 ἀπέχει
1416 2965 1553 3019 κατά
1595 2963 1879 3028 ἀνατολάς

233 3063 593 3138 προστάξατω
624 3059 774 3128 οὖνὴ
810 3056 1086 3132 ἀγιωσύνη
1130 3076 1226 3110 σου
1285 3054 1564 3129 ἐρευνῆσαι
1596 3054 1766 3109 πάντα
1817 3054 1884 3109 τά

233 3152 644 3227 συγγράμματα
720 3152 827 3201 τῶν
915 3142 1213 3213 Ἰουδαίων,
1274 3141 1427 3198 ἅτινα
1501 3141 1795 3205 σκυλεύσας
1856 3145 1883 3198 6

1974 572 2066 620 rat
2090 566 2561 631 Bethleem,cum
2582 569 2641 622 in
2676 585 2743 622 ea
2774 570 3056 625 Dominus
3080 578 3251 626 natus
3285 576 3618 646 est,quique

1976 655 2151 709 annis
2188 658 2254 709 30
2295 657 2720 729 Hierosolymis
2778 659 3184 731 episcopatum
3242 664 3439 733 gessit,
3474 665 3623 718 nihil

1983 760 2083 797 eos
2114 744 2295 798 vetuit
2326 746 2425 814 qui
2456 747 2655 801 Natale
2714 748 3086 803 celebrarent
3119 766 3129 803 :
3171 751 3313 821 quin
3370 751 3622 806 laudans

1977 833 2172 903 potius
2206 832 2439 887 dicebat
2491 834 2776 890 celebrari
2837 839 3069 892 Domini
3110 839 3388 894 Natalitia
3414 840 3473 893 in
3507 840 3625 893 alia

1978 922 2232 977 civitate.
2268 923 2391 975 Non
2444 928 2722 993 tanquam
2756 928 3055 982 contraria
3102 929 3404 1000 scripserit
3435 947 3448 997 ;
3485 945 3622 983 nam

1980 1026 2113 1063 cum
2142 1010 2439 1064 celebrant
2474 1012 2534 1065 in
2563 1012 2678 1066 alia
2709 1014 2938 1069 civitate
2965 1017 3063 1086 (4),
3122 1018 3403 1088 temporis
3440 1018 3631 1071 hallu-

1981 1099 2278 1153 cinatione
2308 1100 2632 1155 celebrant.
2669 1103 2777 1156 Sed
2810 1109 2867 1157 et
2898 1122 2931 1158 a
2960 1106 3249 1176 principio
3270 1107 3418 1162 alios
3456 1124 3632 1179 regu-

1981 1188 2067 1242 las
2100 1192 2700 1261 posueruntapostoli
2735 1192 2805 1247 iis
2838 1194 2937 1263 qui
2971 1195 3349 1250 crediderant
3371 1213 3439 1250 ex
3486 1214 3631 1267 gen—

1983 1276 2161 1343 tibus,
2189 1277 2472 1344 dicentes,
2507 1286 2569 1332 ut
2600 1280 2935 1335 abstinerent
2965 1300 2998 1336 a
3030 1286 3322 1352 suffocato,
3358 1292 3407 1338 et
3452 1287 3633 1352 forni-

1983 1368 2218 1431 catione,
2254 1374 2302 1419 et
2334 1370 2601 1435 sanguine
2658 1368 2695 1421 2.
2750 1372 2914 1424 Nunc
2945 1378 3144 1426 autem
3205 1374 3376 1427 varia)
3441 1373 3629 1428 eccle-

1984 1454 2234 1508 siasticae
2269 1456 2485 1527 regulus
2515 1473 2584 1511 ac
2615 1474 2893 1526 canones,
2929 1477 3059 1530 quas
3105 1467 3374 1532 spectant
3424 1462 3497 1516 ad
3530 1462 3631 1516 do-

1982 1552 2180 1617 gmata
2223 1563 2290 1600 ac
2348 1547 2680 1603 doctrinam
2739 1553 3232 1623 complectuntur.
3296 1557 3419 1608 Non
3469 1556 3628 1609 enim

1984 1634 2254 1688 eamdem
2288 1636 2627 1691 Altissimus
2660 1641 2820 1693 omni
2865 1647 3127 1712 tempore
3182 1642 3371 1711 legem
3415 1644 3632 1713 sanxit,

1984 1723 2088 1778 sed
2119 1728 2330 1794 cuique
2364 1728 2613 1797 tempori
2664 1745 2984 1800 congruam
3043 1732 3529 1786 constitutionem
3563 1749 3630 1787 ac

1983 1814 2171 1887 legem
2205 1815 2488 1871 deﬁnivit.

2057 1904 2345 1958 Czetcrum
2379 1906 2534 1975 quod
2578 1914 2807 1978 spectat
2829 1909 2902 1964 ad
2938 1912 3253 1967 Salvatoris
3286 1913 3511 1981 Natale,
3571 1916 3637 1967 ut

1986 1991 2408 2046 celebrandum
2444 1996 2865 2051 constituerint
2899 2001 2967 2051 25
3015 2001 3319 2054 Decembr.
3355 2002 3413 2054 in
3474 2002 3632 2054 hunc

1986 2080 2232 2135 modum
2278 2082 2635 2137 invenimus.
2672 2085 2917 2156 Scripsit
2975 2088 3296 2158 aliquando
3356 2089 3635 2159 Cyrillus,

1986 2186 2108 2223 non
2137 2170 2237 2238 qui
2272 2172 2509 2241 scripsit
2541 2174 2861 2242 Epistolam
2886 2179 2958 2245 (ὅ)
2990 2177 3063 2229 ad
3092 2177 3637 2243 Constantium,sed

1988 2258 2087 2327 qui
2121 2264 2253 2327 post
2276 2274 2409 2311 eum
2440 2261 2718 2314 thronum
2747 2263 2875 2332 ejus
2903 2280 3211 2318 successor
3264 2266 3511 2335 accepit,
3566 2265 3640 2319 ad

1984 2345 2205 2400 Julium
2240 2348 2569 2401 Romanum
2595 2350 2959 2419 pontiﬁcem,
2985 2352 3047 2405 in
3075 2352 3200 2406 [ιωο
3232 2353 3410 2407 verba
3434 2370 3446 2407 :
3489 2380 3507 2402 ι
3528 2355 3642 2408 Ma-

1987 2450 2138 2505 gnus
2170 2439 2260 2487 est
2289 2434 2475 2499 labor,
2509 2452 2575 2489 ac
2606 2437 2913 2492 hominum
2948 2441 3212 2510 paucitas
3232 2442 3290 2495 in
3323 2442 3552 2513 magnis
3570 2458 3637 2496 ac

1992 2522 2289 2592 praeclaris
2314 2522 2809 2591 solemnitatibus,
2852 2544 2918 2581 eo
2953 2528 3109 2598 quod
3156 2529 3361 2583 eadem
3398 2531 3491 2584 die
3546 2548 3642 2585 ce-

1990 2610 2297 2663 lebrentur
2331 2628 2342 2663 :
2378 2611 2783 2683 lectionesque
2810 2632 2877 2668 ac
2931 2618 3129 2671 ofﬁcia
3152 2618 3459 2673 ambarum
3487 2619 3641 2672 cele-

1990 2698 2275 2751 britatum
2308 2700 2397 2752 vix
2432 2701 2628 2755 media
2669 2710 2833 2771 parte
2892 2704 3300 2771 absolvuntur,
3360 2706 3517 2775 quod
3546 2723 3643 2759 ne-

1992 2802 2279 2855 queamus
2302 2793 2360 2839 et
2391 2788 2591 2842 Natale
2628 2790 2859 2843 Domini
2882 2791 3206 2857 celebrare,
3243 2800 3299 2847 et
3323 2793 3639 2862 Baptisma.

1992 2874 2279 2928 Nimirum
2299 2875 2425 2929 fieri
2456 2893 2574 2929 non
2606 2884 2799 2947 potest
2820 2878 3105 2933 uteadem
3138 2880 3231 2933 die
3257 2897 3639 2935 occurramus

1993 2962 2066 3017 ad
2097 2964 2293 3018 locum
2324 2964 2733 3036 baptismatis;
2776 2984 2913 3022 nam
2948 2969 3250 3023 Bethleem
3286 2970 3471 3024 tribus
3505 2970 3639 3023 mil-

1994 3053 2240 3109 liaribus
2272 3056 2451 3110 distat
2481 3056 2585 3110 abs
2615 3057 2939 3111 Jerusalem
2972 3058 3047 3112 ad
3094 3065 3358 3113 austrum
3385 3077 3396 3114 :
3429 3060 3639 3115 Jorda-

1995 3144 2088 3197 nis
2118 3161 2251 3198 vero
2312 3145 2491 3199 distat
2540 3146 2882 3215 quindecim
2940 3148 3013 3202 ad
3072 3148 3380 3202 orientem.
3432 3149 3643 3204 Jubeat

233 3204 665 3315 kv1%;;p.'i‘tto<,
724 3236 994 3310 ἀπήγαγεν
1057 3234 1161 3286 ἀπὸ
1198 3204 1585 3305 ”Ιερουσαλὴμ
1640 3204 1878 3293 εἰςῬώ-

1996 3250 2131 3305 ergo
2158 3236 2278 3288 Tua
2309 3235 2601 3289 Sanctitas
2632 3236 2895 3307 perquiri
2930 3237 3151 3308 scripta
3180 3239 3381 3293 omnia
3409 3237 3640 3293 Iudaeo-

235 3346 368 3405 μην·
396 3327 533 3389 1ίσως
574 3326 752 3401 εὓροις
814 3319 1049 3400 βεϐαίως
1102 3323 1201 3389 τήν
1260 3320 1471 3396 ἡμέραν
1531 3326 1629 3390 τῆς
1688 3322 1881 3397 γεννή-

228 3440 371 3481 σεως
398 3421 497 3473 τοῦ
520 3415 758 3492 Χριστοῦ
788 3413 878 3469 καὶ
910 3415 1044 3468 Θεοῦ
1074 3413 1255 3484 ἡμῶν,
1283 3433 1310 3461 ››

311 3598 451 3655 Τότε
471 3593 712 3656 Ἰούλιος
738 3594 767 3648 6
795 3592 1019 3664 Ῥώμης
1043 3585 1325 3661 ἐπιμελῶς
1384 3586 1560 3656 ἐζήτει
1608 3586 1731 3660 περὶ
1786 3594 1888 3657 τῆς

242 3686 520 3754 αῗτήσεως
560 3683 784 3752 ταύτηςο
836 3680 927 3735 καὶ
990 3678 1314 3752 συναγαγὼν
1374 3675 1543 3730 πάντα
1591 3677 1659 3731 τά
1712 3678 1891 3751 γράμ-

242 3797 395 3852 ματα
422 3779 533 3829 τῶν
565 3770 841 3828 Ἰουδαίων
873 3770 939 3823 τὰ
968 3765 1484 3840 αἰχμαλωτισθέντα.
1540 3766 1626 3819 καὶ
1661 3766 1896 3840 άχθέντα

236 3867 322 3928 εἷς
350 3866 595 3937 Ῥώμην,
622 3863 739 3935 εὗρε
762 3858 1098 3935 σύγγραμμά
1146 3878 1198 3910 τι
1258 3856 1572 3925 Ἰωσήππου
1627 3859 1724 3909 τοῦ
1754 3857 1895 3931 Χρο-

311 3966 333 4000 ³
362 3968 490 4021 Act.
517 3980 609 4031 xv,
640 3964 728 4017 29.

1993 3339 2146 3389 rum,
2182 3340 2311 3393 quae
2357 3323 2519 3379 Titus
2569 3325 2763 3379 Cwsar
2816 3325 2920 3379 abs
2967 3327 3293 3381 Jerusalem
3344 3328 3639 3397 praedatus

1996 3410 2240 3463 Romam
2266 3410 2511 3464 abduxit
2543 3427 2555 3464 :
2590 3410 2740 3465 forte
2766 3412 3066 3468 inveneris
3097 3421 3318 3469 certam
3351 3415 3511 3469 diem
3529 3416 3643 3469 Na-

1998 3498 2241 3553 tivitatis
2272 3499 2487 3553 Christi
2518 3516 2585 3554 ac
2614 3501 2719 3555 Dei
2743 3502 2950 3555 nostri.
2986 3526 3015 3552 ››

2070 3589 2326 3658 Accepta
2353 3588 2541 3643 Julius
2573 3589 2842 3659 epistola,
2878 3591 3084 3647 sedulo
3113 3609 3182 3647 ea
3215 3593 3286 3646 de
3336 3609 3397 3647 re
3429 3592 3648 3662 quaasi-

2001 3676 2503 3748 vit.Congregans
2534 3678 2735 3748 itaque
2787 3680 3125 3735 Judaaorum
3184 3682 3403 3752 scripta
3446 3680 3649 3735 omnia

2006 3766 2334 3836 spoliorum
2368 3767 2495 3821 loco
2519 3767 2736 3837 ablata,
2777 3786 2844 3824 ac
2897 3772 3145 3825 Romam
3198 3770 3394 3838 ducta,
3428 3771 3651 3824 invenit

2006 3857 2241 3927 Josephi
2275 3857 2708 3929 clironographi
2741 3858 3095 3930 scripturam
3118 3861 3436 3931 quamdam
3475 3858 3546 3914 ab
3580 3876 3647 3914 eo

1625 4028 1860 4082 VAHUE
1895 4028 2298 4083 LECTIONES.

308 4126 386 4198 (ὁ)
420 4124 640 4180 Littera
668 4119 896 4175 vitiosa.
940 4118 1012 4189 (ο)
1045 4113 1118 4170 ἴσ.
1174 4113 1242 4167 τὰ
1271 4110 1395 4187 περὶ
1430 4108 1592 4187 δογμ.
1622 4114 1703 4184 (d)
1736 4110 1882 4168 λείπ.
1926 4114 2057 4187 οὐχ.

1854 4232 2075 4286 NOTAE.

307 4342 382 4411 (4)
417 4342 553 4395 Nam
592 4353 712 4391 cum
766 4333 1158 4411 celebrantmin
1212 4327 1635 4411 aliancivitate.
1697 4327 1895 4381 Jacobi

230 4398 557 4473 sententia,
592 4413 882 4490 quantum
909 4421 976 4485 ex
1006 4403 1212 4456 vitioso
1252 4398 1898 4490 codice'alssequo‘rgvea

234 4469 350 4548 est,
383 4490 449 4538 ut
470 4469 1031 4548 et’Hierosolymitaa
1076 4469 1757 4549 .congrue_cel_ebrarent
1785 4472 1896 4524 Na-

232 4541 357 4613 tale
393 4551 763 4608 Liominicum
787 4553 817 4602 6
834 4541 1138 4608 'Januarii,
1168 4541 1412 4621 quando
1434 4541 1773 4621 etiamtunc
1794 4558 1894 4621 ur-

232 4612 342 4684 bes
364 4626 493 4680 alia:
516 4614 1180 4694 celebrarentL-tametsi
1217 4612 1450 4694 Christo
1479 4619 1617 4694 nato
1649 4612 1762 4665 alio
1778 4612 1891 4694 die.

234 4701 313 4756 Ut
343 4696 543 4752 Natale
566 4693 832 4764 Christi,‘
857 4690 955 4764 alii
998 4692 1236 4764 partem
1290 4684 1425 4764 testi
1492 4683 1653 4764 illius
1688 4684 1891 4764 pnrfsoci7

231 4754 415 4844 puam
444 4768 749 4844 ducerent,
784 4754 887 4844 alii
919 4754 1226 4839 habere-nt.
1286 4754 1897 4844 iniisecfundis.‘Siicjet

228 4825 527 4898 hactenus
577 4838 635 4891 in
669 4825 749 4889 eo'
802 4833 995 4886 videas
1065 4830 1265 4907 minus
1346 4825 1532 4907 nobis.
1571 4826 1894 4907 concordes

230 4897 491 4970 Graecos.
527 4925 658 4963 cum
695 4923 769 4961 ne
796 4904 1069 4976 recolunt
1100 4899 1341 4976 quidem
1375 4897 1571 4976 eo_die
1596 4897 1897 4976 adoratio-

228 4967 378 5040 nem
414 4967 719 5052 magorum
752 4967 1134 5052 stella_d_uce;
1156 4967 1633 5052 111.1qu381”:le
1668 4985 1736 5022 ex
1789 4986 1897 5023 an-

228 5038 405 5126 tiquo
439 5038 641 5108 ritiiali
677 5049 879 5126 codice
908 5038 1431 5126 Tili_anai_l}‘iblri0tli
1478 5038 1800 5126 videasqqe
1827 5056 1897 5126 ex

230 5110 541 5198 Cr‘egorio,
576 5129 722 5177 orat.
883 5134 949 5173 ac
977 5116 1112 5198 aliis
1142 5115 1249 5167 PP.
1286 5114 1621 5198 Graecorum
1654 5110 1713 5163 in
1747 5110 1896 5198 festa

231 5182 880 5265 Natalitia'encomiis.‘
914 5205 1049 5243 cum
1101 5192 1297 5265 tamen
1353 5182 1477 5265 illa,
1512 5182 1674 5265 eius
1724 5183 1895 5265 nobis

227 5252 373 5326 i‘esti
405 5268 723 5340 prazcipua.
758 5280 823 5317 ac
856 5261 977 5340 fere
1010 5254 1469 5340 unaura‘tionsit.‘
1512 5252 1602 5305 llli
1664 5258 1895 5340 tantum

230 5325 515 5397 recolunt
568 5325 724 5391 inter
755 5337 884 5404 ipsa
914 5334 1064 5385 festa
1125 5325 1419 5404 Natalitia,
1457 5325 1732 5404 tropariis
1795 5326 1897 5379 ali-

230 5396 383 5484 quot
413 5413 474 5466 in
510 5425 646 5467 eum
685 5396 870 5462 ﬁnem
903 5400 1273 5484 compositis.
1295 5396 1755 5484 quandoneque
1787 5413 1896 5477 nos

228 5469 480 5539 omnino
508 5480 676 5547 fugit.
699 5480 828 5547 ejus
843 5469 1172 5547 relegentes
1193 5469 1517 5547 historiam
1534 5469 1690 5519 inter
1708 5470 1897 5547 majo-

231 5503 480 5539 omnino
509 5503 567 5536 Ill
613 5503 676 5534 ιι.
699 5503 828 5547 CJUB
845 5503 1172 5546 ιυιῢδυιιιεδ
1196 5503 1503 5524 ιιιδιυιιυιιιι
1534 5503 1679 5519 ηιμ.»
1708 5503 1897 5549 una.qu—

231 5556 322 5611 ris
364 5556 550 5609 Μίδεω
574 5503 692 5605 Siei
727 5546 951 5621 Natalis
976 5543 1290 5600 solemnia.
1326 5538 1436 5594 Sed
1470 5544 1527 5621 et
1567 5544 1899 5621 spectantia

229 5610 311 5683 ad
334 5626 493 5681 diem
532 5628 601 5679 40
631 5639 665 5677 a
697 5619 1009 5675 Nativitate
1040 5626 1445 5694 memoramus
1478 5610 1896 5694 Dominicain-

224 5709 327 5768 fro.
349 5700 479 5770 ejus
507 5702 765 5759 octavas,
790 5704 899 5745 ceu
927 5686 1185 5760 quodam
1211 5684 1452 5753 vestigio
1466 5684 1617 5735 ritus
1639 5684 1898 5753 antiqui,

2009 4328 2244 4398 quando
2272 4345 2381 4382 nec
2408 4329 2619 4382 festum
2656 4330 2946 4383 Occursus
2978 4329 3260 4395 agebatur
3289 4346 3393 4382 suo
3455 4328 3556 4381 illo
3588 4344 3655 4383 ac

2007 4400 2291 4469 peculiari
2315 4400 2430 4463 die,
2467 4416 2582 4468 quo
2617 4416 2775 4453 nunc
2799 4400 3047 4469 agimus.

2077 4474 2150 4537 (ὅ)
2182 4473 2299 4524 Νοη
2330 4472 2427 4538 qui
2458 4472 2676 4539 scripsit
2710 4472 3036 4539 Epistolam.
3076 4472 3145 4525 Ut
3174 4476 3406 4524 constet
3432 4470 3652 4524 adver-

2013 4541 2215 4607 sativa,
2250 4541 2493 4612 planum
2526 4546 2614 4594 est
2644 4542 2726 4596 ita
2757 4542 3072 4611 legendum
3104 4548 3169 4595 ut
3200 4542 3429 4597 ascribo
3465 4557 3649 4611 marg.

1936 4598 1979 4661 Β
2010 4629 2077 4666 ac
2108 4598 2465 4684 lego‘:phaud
2498 4617 2695 4667 tamen
2743 4598 2963 4684 patitur
3011 4620 3343 4683 temporum
3401 4614 3548 4667 ratio
3589 4598 3656 4667 ut

2004 4684 2203 4754 Cyrilli
2238 4682 2396 4737 illius
2429 4682 2760 4751 successor,
2806 4686 2906 4754 qui
2958 4682 3192 4755 scripsit
3259 4685 3331 4740 ad
3363 4686 3653 4739 Constan-

2005 4756 2169 4813 tium.
2204 4755 2488 4809 nimirum
2522 4756 2817 4809 celebrem
2842 4756 3005 4811 illam
3040 4757 3352 4826 epistolam
3388 4756 3458 4809 de
3482 4771 3653 4809 cruce

2004 4827 2125 4880 visa
2158 4826 2582 4897 Hierosolymis
2606 4828 2665 4880 in
2689 4830 3059 4893 Pentecoste,
3094 4829 3165 4882 ad
3201 4828 3419 4883 Juliuin
3440 4843 3655 4897 papam

2006 4898 2513 4968 scripserit,quem
2547 4901 2956 4970 constetprius
2976 4900 3117 4953 vivis
3139 4908 3477 4970 exemptum
3502 4915 3653 4963 esse,

2005 4988 2181 5040 quam
2218 4970 2509 5040 apparitio
2544 4969 3110 5041 illatieret.Velergo
3128 4969 3334 5026 auctor
3360 4970 3655 5041 proJulio,

2007 5041 2305 5095 Liberium
2331 5041 2629 5101 voluit,vel
2651 5043 2709 5095 in
2734 5043 2952 5112 Cyrillo
2972 5040 3205 5097 erravit.
3240 5042 3451 5096 Multos
3474 5040 3656 5112 Cyril-

2004 5113 2093 5166 los
2120 5130 2153 5166 a
2186 5112 2432 5166 Maximo
2468 5112 2635 5182 ponit
2667 5111 3059 5184 Hieronymus
3091 5113 3149 5166 in
3178 5111 3655 5184 Chronico,quod

2007 5184 2217 5238 merito
2244 5184 2530 5238 Baronius
2554 5185 2624 5237 de
2642 5182 2933 5254 pravatum
2969 5185 3321 5254 suspicatur.
3340 5182 3653 5253 Nicephori

2004 5256 2341 5309 Chronicon
2378 5261 2495 5309 tres
2529 5256 2832 5309 interserit
2862 5274 2895 5310 a
2944 5256 3133 5326 primo
3189 5256 3392 5326 Cyrilli
3428 5256 3654 5325 episco-

2007 5334 2167 5397 patu,
2205 5327 2307 5379 sed
2342 5344 2459 5380 non
2484 5333 2649 5380 vocat
2676 5327 2943 5396 Cyr-illos.
2977 5327 3342 5397 Epiphanius
3392 5326 3659 5397 agnoscit

2007 5398 2217 5453 saltem
2244 5398 2391 5451 duos
2425 5415 2491 5451 eo
2539 5399 2801 5453 nomine.
2837 5398 3019 5451 Iidem
3075 5405 3214 5452 sunt
3272 5415 3423 5469 quos
3454 5399 3659 5452 Hiero-

2007 5486 2224 5541 nymus
2250 5468 2541 5541 nominat,
2577 5477 2801 5541 etquos
2835 5470 3199 5538 Nicephorus
3236 5488 3247 5523 :
3282 5468 3536 5540 eumque
3568 5484 3660 5541 eo-

2008 5539 2139 5595 rum
2176 5539 2351 5617 sedes
2384 5540 2625 5617 inc_erta_
2645 5541 2740 5606 sit,
2773 5540 2929 5594 haud
2955 5541 3197 5617 omnino
3232 5539 3455 5613 liquet,
3500 5539 3654 5617 quis,

2007 5629 2073 5667 ac
2102 5610 2363 5685 quando,
2398 5612 2561 5685 cuive
2596 5614 2858 5667 Romano
2888 5612 3179 5683 pontiﬁci,
3213 5610 3390 5685 super
3421 5610 3653 5682 negotio

2008 5685 2119 5738 isto
2152 5682 2474 5753 scripserit'
