  <div class='ocr_page' id='page_1' title='image "/cluster/home/n/w/nwhite01/storage/ocr_20150623/96/hvd.32044073502122/728.png"; bbox 0 0 4048 6210; ppageno 0'>
   <div class='ocr_carea' id='block_1_1' title="bbox 213 290 1925 353">
    <p class='ocr_par' dir='ltr' id='par_1_1' title="bbox 213 290 1925 350">
     <span class='ocr_line' id='line_1_1' title="bbox 213 290 1925 350; baseline -0.001 -2"><span class='ocrx_word' id='word_1_1' title='bbox 213 290 368 350; x_wconf 68' lang='grc'>1445</span> <span class='ocrx_word' id='word_1_2' title='bbox 1356 291 1453 345; x_wconf 82' lang='lat' dir='ltr'><strong>DE</strong></span> <span class='ocrx_word' id='word_1_3' title='bbox 1491 291 1720 346; x_wconf 78' lang='lat' dir='ltr'><strong>FESTO</strong></span> <span class='ocrx_word' id='word_1_4' title='bbox 1752 293 1878 348; x_wconf 79' lang='lat' dir='ltr'><strong>DIE</strong></span> <span class='ocrx_word' id='word_1_5' title='bbox 1914 297 1925 347; x_wconf 83' lang='lat' dir='ltr'><strong>i</strong></span> 
     </span>
    </p>
   </div>
   <div class='ocr_carea' id='block_1_2' title="bbox 2038 290 3632 353">
    <p class='ocr_par' dir='ltr' id='par_1_2' title="bbox 2038 295 3632 353">
     <span class='ocr_line' id='line_1_2' title="bbox 2038 295 3632 353; baseline 0.003 -5"><span class='ocrx_word' id='word_1_6' title='bbox 2038 295 2182 350; x_wconf 75' lang='lat' dir='ltr'><strong>FALI</strong></span> <span class='ocrx_word' id='word_1_7' title='bbox 2217 295 2505 352; x_wconf 79' lang='lat' dir='ltr'><strong>DOMINI.</strong></span> <span class='ocrx_word' id='word_1_8' title='bbox 3491 296 3632 353; x_wconf 79' lang='grc'><strong>1446</strong></span> 
     </span>
    </p>
   </div>
   <div class='ocr_carea' id='block_1_3' title="bbox 214 411 1925 493">
    <p class='ocr_par' dir='ltr' id='par_1_3' title="bbox 214 411 1925 489">
     <span class='ocr_line' id='line_1_3' title="bbox 214 411 1925 489; baseline -0.001 -19"><span class='ocrx_word' id='word_1_9' title='bbox 214 415 363 482; x_wconf 76' lang='grc' dir='ltr'>σιλῖ,</span> <span class='ocrx_word' id='word_1_10' title='bbox 395 413 593 470; x_wconf 83' lang='grc' dir='ltr'>Ταπέτ.</span> <span class='ocrx_word' id='word_1_11' title='bbox 626 411 820 469; x_wconf 88' lang='grc' dir='ltr'>Τοίνυν</span> <span class='ocrx_word' id='word_1_12' title='bbox 863 413 898 482; x_wconf 78' lang='grc' dir='ltr'><strong>ἡ</strong></span> <span class='ocrx_word' id='word_1_13' title='bbox 948 411 1274 487; x_wconf 84' lang='grc' dir='ltr'>ἆρχομηνία</span> <span class='ocrx_word' id='word_1_14' title='bbox 1299 417 1396 467; x_wconf 74' lang='lat'><strong>106</strong></span> <span class='ocrx_word' id='word_1_15' title='bbox 1425 413 1649 486; x_wconf 82' lang='grc' dir='ltr'>Τησιρὶν</span> <span class='ocrx_word' id='word_1_16' title='bbox 1683 414 1878 487; x_wconf 87' lang='grc' dir='ltr'>μηνὸς,</span> <span class='ocrx_word' id='word_1_17' title='bbox 1908 429 1925 489; x_wconf 54' lang='grc' dir='ltr'><em>Α</em></span> 
     </span>
    </p>
   </div>
   <div class='ocr_carea' id='block_1_4' title="bbox 2038 411 3636 493">
    <p class='ocr_par' dir='ltr' id='par_1_4' title="bbox 2038 418 3636 493">
     <span class='ocr_line' id='line_1_4' title="bbox 2038 418 3636 493; baseline 0.003 -21"><span class='ocrx_word' id='word_1_18' title='bbox 2038 418 2238 486; x_wconf 89' lang='lat' dir='ltr'><strong>esirin,</strong></span> <span class='ocrx_word' id='word_1_19' title='bbox 2270 419 2511 488; x_wconf 86' lang='lat' dir='ltr'><strong>Chasili,</strong></span> <span class='ocrx_word' id='word_1_20' title='bbox 2541 423 2740 492; x_wconf 89' lang='lat' dir='ltr'><strong>Tapet.</strong></span> <span class='ocrx_word' id='word_1_21' title='bbox 2796 421 2994 476; x_wconf 89' lang='lat' dir='ltr'><strong>Prima</strong></span> <span class='ocrx_word' id='word_1_22' title='bbox 3037 421 3214 493; x_wconf 87' lang='lat' dir='ltr'><strong>igitur</strong></span> <span class='ocrx_word' id='word_1_23' title='bbox 3243 422 3384 477; x_wconf 92' lang='lat' dir='ltr'><strong>luna</strong></span> <span class='ocrx_word' id='word_1_24' title='bbox 3411 422 3636 477; x_wconf 86' lang='lat' dir='ltr'><strong>mensis</strong></span> 
     </span>
    </p>
   </div>
   <div class='ocr_carea' id='block_1_5' title="bbox 211 496 1925 581">
    <p class='ocr_par' dir='ltr' id='par_1_5' title="bbox 211 496 1888 576">
     <span class='ocr_line' id='line_1_5' title="bbox 211 496 1888 576; baseline -0.002 -17"><span class='ocrx_word' id='word_1_25' title='bbox 211 507 460 574; x_wconf 78' lang='grc' dir='ltr'><strong>καταντᾷ</strong></span> <span class='ocrx_word' id='word_1_26' title='bbox 517 502 598 564; x_wconf 84' lang='grc' dir='ltr'>εἷς</span> <span class='ocrx_word' id='word_1_27' title='bbox 651 501 744 556; x_wconf 91' lang='grc' dir='ltr'><strong>τὸν</strong></span> <span class='ocrx_word' id='word_1_28' title='bbox 804 496 1176 576; x_wconf 77' lang='grc' dir='ltr'>Σεπτὲμϐριον</span> <span class='ocrx_word' id='word_1_29' title='bbox 1254 508 1418 574; x_wconf 82' lang='grc' dir='ltr'>μῆνα’</span> <span class='ocrx_word' id='word_1_30' title='bbox 1479 502 1572 556; x_wconf 86' lang='grc' dir='ltr'>καὶ</span> <span class='ocrx_word' id='word_1_31' title='bbox 1627 501 1732 556; x_wconf 83' lang='grc' dir='ltr'><strong>ἀπὸ</strong></span> <span class='ocrx_word' id='word_1_32' title='bbox 1790 509 1888 572; x_wconf 74' lang='grc' dir='ltr'><strong>τῆς</strong></span> 
     </span>
    </p>
   </div>
   <div class='ocr_carea' id='block_1_6' title="bbox 2038 496 3636 581">
    <p class='ocr_par' dir='ltr' id='par_1_6' title="bbox 2038 506 3636 581">
     <span class='ocr_line' id='line_1_6' title="bbox 2038 506 3636 581; baseline 0.003 -21"><span class='ocrx_word' id='word_1_33' title='bbox 2038 506 2240 575; x_wconf 89' lang='lat' dir='ltr'><strong>esirin,</strong></span> <span class='ocrx_word' id='word_1_34' title='bbox 2274 508 2532 563; x_wconf 90' lang='lat' dir='ltr'><strong>occurrit</strong></span> <span class='ocrx_word' id='word_1_35' title='bbox 2553 510 2614 563; x_wconf 91' lang='lat' dir='ltr'><strong>in</strong></span> <span class='ocrx_word' id='word_1_36' title='bbox 2639 525 2906 564; x_wconf 88' lang='lat' dir='ltr'><strong>mensem</strong></span> <span class='ocrx_word' id='word_1_37' title='bbox 2938 508 3343 580; x_wconf 71' lang='lat' dir='ltr'><strong>Septembrem</strong></span> <span class='ocrx_word' id='word_1_38' title='bbox 3371 526 3382 562; x_wconf 89' lang='lat'><strong>:</strong></span> <span class='ocrx_word' id='word_1_39' title='bbox 3407 517 3582 581; x_wconf 86' lang='lat' dir='ltr'><strong>atque</strong></span> <span class='ocrx_word' id='word_1_40' title='bbox 3605 527 3636 565; x_wconf 87' lang='lat' dir='ltr'><strong>a</strong></span> 
     </span>
    </p>
   </div>
   <div class='ocr_carea' id='block_1_7' title="bbox 216 587 1925 668">
    <p class='ocr_par' dir='ltr' id='par_1_7' title="bbox 216 587 1884 667">
     <span class='ocr_line' id='line_1_7' title="bbox 216 587 1884 667; baseline -0.001 -19"><span class='ocrx_word' id='word_1_41' title='bbox 216 592 559 667; x_wconf 74' lang='grc' dir='ltr'>συλλήψεως</span> <span class='ocrx_word' id='word_1_42' title='bbox 592 592 849 646; x_wconf 76' lang='grc' dir='ltr'><strong>Ἰωάννου</strong></span> <span class='ocrx_word' id='word_1_43' title='bbox 896 587 1002 651; x_wconf 80' lang='grc' dir='ltr'>ἓως</span> <span class='ocrx_word' id='word_1_44' title='bbox 1035 595 1130 644; x_wconf 86' lang='lat'><strong>106</strong></span> <span class='ocrx_word' id='word_1_45' title='bbox 1183 589 1590 665; x_wconf 76' lang='grc' dir='ltr'>εὐαγγελισμοῦ</span> <span class='ocrx_word' id='word_1_46' title='bbox 1626 593 1724 660; x_wconf 77' lang='grc' dir='ltr'>τῆς</span> <span class='ocrx_word' id='word_1_47' title='bbox 1754 598 1884 646; x_wconf 77' lang='lat' dir='ltr'><strong>Geo-</strong></span> 
     </span>
    </p>
   </div>
   <div class='ocr_carea' id='block_1_8' title="bbox 2038 587 3632 668">
    <p class='ocr_par' dir='ltr' id='par_1_8' title="bbox 2038 596 3632 668">
     <span class='ocr_line' id='line_1_8' title="bbox 2038 596 3632 668; baseline 0.003 -19"><span class='ocrx_word' id='word_1_48' title='bbox 2038 596 2233 651; x_wconf 77' lang='lat' dir='ltr'><strong>)annis</strong></span> <span class='ocrx_word' id='word_1_49' title='bbox 2265 598 2652 668; x_wconf 85' lang='lat' dir='ltr'><strong>conceptione</strong></span> <span class='ocrx_word' id='word_1_50' title='bbox 2687 615 2872 668; x_wconf 91' lang='lat' dir='ltr'><strong>usque</strong></span> <span class='ocrx_word' id='word_1_51' title='bbox 2905 597 2979 652; x_wconf 90' lang='lat' dir='ltr'><strong>ad</strong></span> <span class='ocrx_word' id='word_1_52' title='bbox 3012 597 3273 668; x_wconf 78' lang='lat' dir='ltr'><strong>Deiparaa</strong></span> <span class='ocrx_word' id='word_1_53' title='bbox 3304 599 3632 653; x_wconf 85' lang='lat' dir='ltr'><strong>Annuntia-</strong></span> 
     </span>
    </p>
   </div>
   <div class='ocr_carea' id='block_1_9' title="bbox 213 673 1925 756">
    <p class='ocr_par' dir='ltr' id='par_1_9' title="bbox 213 673 1885 756">
     <span class='ocr_line' id='line_1_9' title="bbox 213 673 1885 756; baseline 0 -22"><span class='ocrx_word' id='word_1_54' title='bbox 213 684 392 738; x_wconf 84' lang='grc' dir='ltr'>τόκου</span> <span class='ocrx_word' id='word_1_55' title='bbox 451 681 765 754; x_wconf 76' lang='grc' dir='ltr'><strong>ἀριθμεῖται</strong></span> <span class='ocrx_word' id='word_1_56' title='bbox 833 677 1028 740; x_wconf 71' lang='grc' dir='ltr'>οὕτως·</span> <span class='ocrx_word' id='word_1_57' title='bbox 1107 673 1467 755; x_wconf 74' lang='grc' dir='ltr'>Ὀκτώϐριος,</span> <span class='ocrx_word' id='word_1_58' title='bbox 1547 675 1885 756; x_wconf 72' lang='grc' dir='ltr'>Νοέμῦριος,</span> 
     </span>
    </p>
   </div>
   <div class='ocr_carea' id='block_1_10' title="bbox 2038 673 3638 756">
    <p class='ocr_par' dir='ltr' id='par_1_10' title="bbox 2042 685 3638 754">
     <span class='ocr_line' id='line_1_10' title="bbox 2042 685 3638 754; baseline 0.003 -16"><span class='ocrx_word' id='word_1_59' title='bbox 2042 701 2217 740; x_wconf 89' lang='lat' dir='ltr'><strong>onem</strong></span> <span class='ocrx_word' id='word_1_60' title='bbox 2268 686 2352 741; x_wconf 91' lang='lat' dir='ltr'><strong>sic</strong></span> <span class='ocrx_word' id='word_1_61' title='bbox 2401 703 2785 742; x_wconf 82' lang='lat' dir='ltr'><strong>numeramus</strong></span> <span class='ocrx_word' id='word_1_62' title='bbox 2813 703 2825 741; x_wconf 90' lang='lat'>:</span> <span class='ocrx_word' id='word_1_63' title='bbox 2859 686 3124 753; x_wconf 79' lang='lat' dir='ltr'><strong>October,</strong></span> <span class='ocrx_word' id='word_1_64' title='bbox 3156 685 3500 754; x_wconf 83' lang='lat' dir='ltr'><strong>November,</strong></span> <span class='ocrx_word' id='word_1_65' title='bbox 3531 689 3638 742; x_wconf 83' lang='lat' dir='ltr'><strong>De-</strong></span> 
     </span>
    </p>
   </div>
   <div class='ocr_carea' id='block_1_11' title="bbox 219 763 1925 845">
    <p class='ocr_par' dir='ltr' id='par_1_11' title="bbox 219 763 1887 845">
     <span class='ocr_line' id='line_1_11' title="bbox 219 763 1887 845; baseline -0.002 -18"><span class='ocrx_word' id='word_1_66' title='bbox 219 765 598 845; x_wconf 70' lang='grc' dir='ltr'>Δεκέμϐριος,</span> <span class='ocrx_word' id='word_1_67' title='bbox 675 766 1028 844; x_wconf 85' lang='grc' dir='ltr'>Ἰανουάριος,</span> <span class='ocrx_word' id='word_1_68' title='bbox 1115 763 1512 843; x_wconf 79' lang='grc' dir='ltr'>Φεϐρουάριος,</span> <span class='ocrx_word' id='word_1_69' title='bbox 1618 768 1887 844; x_wconf 78' lang='grc' dir='ltr'><strong>Μάρτιος,</strong></span> 
     </span>
    </p>
   </div>
   <div class='ocr_carea' id='block_1_12' title="bbox 2038 763 3645 845">
    <p class='ocr_par' dir='ltr' id='par_1_12' title="bbox 2038 774 3645 844">
     <span class='ocr_line' id='line_1_12' title="bbox 2038 774 3645 844; baseline 0.001 -17"><span class='ocrx_word' id='word_1_70' title='bbox 2038 774 2253 839; x_wconf 85' lang='lat' dir='ltr'><strong>ember,</strong></span> <span class='ocrx_word' id='word_1_71' title='bbox 2283 775 2622 842; x_wconf 88' lang='lat' dir='ltr'><strong>Januarius,</strong></span> <span class='ocrx_word' id='word_1_72' title='bbox 2655 777 3029 844; x_wconf 87' lang='lat' dir='ltr'><strong>Februarius,</strong></span> <span class='ocrx_word' id='word_1_73' title='bbox 3065 777 3327 832; x_wconf 85' lang='lat' dir='ltr'><strong>Martius.</strong></span> <span class='ocrx_word' id='word_1_74' title='bbox 3361 777 3538 830; x_wconf 90' lang='lat' dir='ltr'><strong>Fiunt</strong></span> <span class='ocrx_word' id='word_1_75' title='bbox 3566 777 3645 830; x_wconf 91' lang='lat' dir='ltr'><strong>si-</strong></span> 
     </span>
    </p>
   </div>
   <div class='ocr_carea' id='block_1_13' title="bbox 217 853 1925 935">
    <p class='ocr_par' dir='ltr' id='par_1_13' title="bbox 217 853 1888 934">
     <span class='ocr_line' id='line_1_13' title="bbox 217 853 1888 934; baseline 0 -21"><span class='ocrx_word' id='word_1_76' title='bbox 217 857 408 933; x_wconf 77' lang='grc' dir='ltr'>Ὀμοῦ</span> <span class='ocrx_word' id='word_1_77' title='bbox 433 859 673 934; x_wconf 82' lang='grc' dir='ltr'>γίνονται</span> <span class='ocrx_word' id='word_1_78' title='bbox 703 853 758 927; x_wconf 71' lang='grc' dir='ltr'><strong>’ἐξ</strong></span> <span class='ocrx_word' id='word_1_79' title='bbox 793 863 982 930; x_wconf 86' lang='grc' dir='ltr'>μῆνες.</span> <span class='ocrx_word' id='word_1_80' title='bbox 1016 857 1154 911; x_wconf 82' lang='grc' dir='ltr'><strong>Ἀπὸ</strong></span> <span class='ocrx_word' id='word_1_81' title='bbox 1213 854 1270 911; x_wconf 78' lang='grc' dir='ltr'><strong>δὲ</strong></span> <span class='ocrx_word' id='word_1_82' title='bbox 1318 861 1415 911; x_wconf 95' lang='lat'><strong>106</strong></span> <span class='ocrx_word' id='word_1_83' title='bbox 1465 856 1888 934; x_wconf 76' lang='grc' dir='ltr'>Εὖαγγελισμοῦ</span> 
     </span>
    </p>
   </div>
   <div class='ocr_carea' id='block_1_14' title="bbox 2038 853 3646 935">
    <p class='ocr_par' dir='ltr' id='par_1_14' title="bbox 2038 863 3646 935">
     <span class='ocr_line' id='line_1_14' title="bbox 2038 863 3646 935; baseline 0.001 -19"><span class='ocrx_word' id='word_1_84' title='bbox 2038 863 2121 916; x_wconf 83' lang='lat' dir='ltr'><strong>iul</strong></span> <span class='ocrx_word' id='word_1_85' title='bbox 2150 880 2252 918; x_wconf 84' lang='lat' dir='ltr'><strong>sex</strong></span> <span class='ocrx_word' id='word_1_86' title='bbox 2282 881 2539 920; x_wconf 86' lang='lat' dir='ltr'><strong>menses.</strong></span> <span class='ocrx_word' id='word_1_87' title='bbox 2586 865 2672 921; x_wconf 85' lang='lat' dir='ltr'><strong>Ab</strong></span> <span class='ocrx_word' id='word_1_88' title='bbox 2724 866 3192 921; x_wconf 82' lang='lat' dir='ltr'><strong>Annuntiatione</strong></span> <span class='ocrx_word' id='word_1_89' title='bbox 3223 871 3424 920; x_wconf 87' lang='lat' dir='ltr'><strong>autem</strong></span> <span class='ocrx_word' id='word_1_90' title='bbox 3455 881 3646 935; x_wconf 87' lang='lat' dir='ltr'><strong>usque</strong></span> 
     </span>
    </p>
   </div>
   <div class='ocr_carea' id='block_1_15' title="bbox 215 944 1925 1025">
    <p class='ocr_par' dir='ltr' id='par_1_15' title="bbox 215 944 1887 1021">
     <span class='ocr_line' id='line_1_15' title="bbox 215 944 1887 1021; baseline -0.001 -18"><span class='ocrx_word' id='word_1_91' title='bbox 215 946 334 1010; x_wconf 68' lang='grc' dir='ltr'>’ἕως</span> <span class='ocrx_word' id='word_1_92' title='bbox 365 953 463 1016; x_wconf 82' lang='grc' dir='ltr'><strong>τῆς</strong></span> <span class='ocrx_word' id='word_1_93' title='bbox 515 947 845 1016; x_wconf 74' lang='grc' dir='ltr'>Γεννήσεως,</span> <span class='ocrx_word' id='word_1_94' title='bbox 894 946 1252 1021; x_wconf 76' lang='grc' dir='ltr'><strong>ἀριθμοῦνται</strong></span> <span class='ocrx_word' id='word_1_95' title='bbox 1294 944 1493 1017; x_wconf 74' lang='grc' dir='ltr'>οὕτως,</span> <span class='ocrx_word' id='word_1_96' title='bbox 1542 944 1887 1021; x_wconf 85' lang='grc' dir='ltr'>Ἀπρίλλιος,</span> 
     </span>
    </p>
   </div>
   <div class='ocr_carea' id='block_1_16' title="bbox 2038 944 3646 1025">
    <p class='ocr_par' dir='ltr' id='par_1_16' title="bbox 2038 951 3646 1025">
     <span class='ocr_line' id='line_1_16' title="bbox 2038 951 3646 1025; baseline 0.001 -19"><span class='ocrx_word' id='word_1_97' title='bbox 2038 951 2069 1006; x_wconf 86' lang='lat' dir='ltr'><strong>d</strong></span> <span class='ocrx_word' id='word_1_98' title='bbox 2109 953 2480 1009; x_wconf 86' lang='lat' dir='ltr'><strong>Nativitatem</strong></span> <span class='ocrx_word' id='word_1_99' title='bbox 2531 955 2617 1009; x_wconf 91' lang='lat' dir='ltr'><strong>sic</strong></span> <span class='ocrx_word' id='word_1_100' title='bbox 2665 961 3095 1010; x_wconf 83' lang='lat' dir='ltr'><strong>numerantur:</strong></span> <span class='ocrx_word' id='word_1_101' title='bbox 3148 954 3389 1025; x_wconf 86' lang='lat' dir='ltr'><strong>Aprilis,</strong></span> <span class='ocrx_word' id='word_1_102' title='bbox 3440 953 3646 1018; x_wconf 85' lang='lat' dir='ltr'><strong>Maius,</strong></span> 
     </span>
    </p>
   </div>
   <div class='ocr_carea' id='block_1_17' title="bbox 220 1030 1925 1115">
    <p class='ocr_par' dir='ltr' id='par_1_17' title="bbox 220 1030 1887 1110">
     <span class='ocr_line' id='line_1_17' title="bbox 220 1030 1887 1110; baseline -0.001 -18"><span class='ocrx_word' id='word_1_103' title='bbox 220 1038 437 1108; x_wconf 81' lang='grc' dir='ltr'>Μάϊος,</span> <span class='ocrx_word' id='word_1_104' title='bbox 489 1033 738 1105; x_wconf 78' lang='grc' dir='ltr'><strong>Ἰούνιος,</strong></span> <span class='ocrx_word' id='word_1_105' title='bbox 789 1032 1048 1105; x_wconf 74' lang='grc' dir='ltr'>Ἰούλιος,</span> <span class='ocrx_word' id='word_1_106' title='bbox 1101 1030 1437 1109; x_wconf 68' lang='grc' dir='ltr'>Αὔγουστος,</span> <span class='ocrx_word' id='word_1_107' title='bbox 1488 1031 1887 1110; x_wconf 76' lang='grc' dir='ltr'>Σεπτὲμϐριος,</span> 
     </span>
    </p>
   </div>
   <div class='ocr_carea' id='block_1_18' title="bbox 2038 1030 3645 1115">
    <p class='ocr_par' dir='ltr' id='par_1_18' title="bbox 2038 1042 3645 1115">
     <span class='ocr_line' id='line_1_18' title="bbox 2038 1042 3645 1115; baseline 0 -20"><span class='ocrx_word' id='word_1_108' title='bbox 2038 1042 2227 1106; x_wconf 76' lang='lat' dir='ltr'><strong>unius,</strong></span> <span class='ocrx_word' id='word_1_109' title='bbox 2299 1044 2511 1112; x_wconf 83' lang='lat' dir='ltr'><strong>Julius,</strong></span> <span class='ocrx_word' id='word_1_110' title='bbox 2569 1045 2889 1115; x_wconf 82' lang='lat' dir='ltr'><strong>Augustus,</strong></span> <span class='ocrx_word' id='word_1_111' title='bbox 2950 1044 3314 1115; x_wconf 82' lang='lat' dir='ltr'><strong>September,</strong></span> <span class='ocrx_word' id='word_1_112' title='bbox 3372 1043 3645 1108; x_wconf 84' lang='lat' dir='ltr'><strong>October,</strong></span> 
     </span>
    </p>
   </div>
   <div class='ocr_carea' id='block_1_19' title="bbox 226 1117 1925 1201">
    <p class='ocr_par' dir='ltr' id='par_1_19' title="bbox 226 1117 1890 1200">
     <span class='ocr_line' id='line_1_19' title="bbox 226 1117 1890 1200; baseline -0.002 -20"><span class='ocrx_word' id='word_1_113' title='bbox 226 1120 596 1200; x_wconf 79' lang='grc' dir='ltr'>Ὀκτώϐριος,</span> <span class='ocrx_word' id='word_1_114' title='bbox 649 1117 983 1200; x_wconf 76' lang='grc' dir='ltr'>Νοέμϐριος,</span> <span class='ocrx_word' id='word_1_115' title='bbox 1036 1118 1388 1198; x_wconf 70' lang='grc' dir='ltr'>Δεκέμϐριος.</span> <span class='ocrx_word' id='word_1_116' title='bbox 1443 1126 1533 1182; x_wconf 85' lang='grc' dir='ltr'>Ἐν</span> <span class='ocrx_word' id='word_1_117' title='bbox 1567 1122 1723 1197; x_wconf 78' lang='grc' dir='ltr'><strong>δὶτῷ</strong></span> <span class='ocrx_word' id='word_1_118' title='bbox 1757 1125 1890 1197; x_wconf 83' lang='grc' dir='ltr'>μηνὶ</span> 
     </span>
    </p>
   </div>
   <div class='ocr_carea' id='block_1_20' title="bbox 2038 1117 3649 1201">
    <p class='ocr_par' dir='ltr' id='par_1_20' title="bbox 2038 1130 3649 1201">
     <span class='ocr_line' id='line_1_20' title="bbox 2038 1130 3649 1201; baseline 0.001 -17"><span class='ocrx_word' id='word_1_119' title='bbox 2038 1130 2340 1201; x_wconf 65' lang='grc' dir='ltr'>ονθωὺοτ,</span> <span class='ocrx_word' id='word_1_120' title='bbox 2390 1132 2732 1188; x_wconf 88' lang='lat' dir='ltr'><strong>December.</strong></span> <span class='ocrx_word' id='word_1_121' title='bbox 2778 1134 2980 1201; x_wconf 84' lang='lat' dir='ltr'><strong>Porro,</strong></span> <span class='ocrx_word' id='word_1_122' title='bbox 3018 1149 3224 1188; x_wconf 90' lang='lat' dir='ltr'><strong>mense</strong></span> <span class='ocrx_word' id='word_1_123' title='bbox 3256 1136 3308 1200; x_wconf 88' lang='lat'><strong>7,</strong></span> <span class='ocrx_word' id='word_1_124' title='bbox 3341 1132 3437 1186; x_wconf 92' lang='lat' dir='ltr'><strong>die</strong></span> <span class='ocrx_word' id='word_1_125' title='bbox 3481 1147 3649 1186; x_wconf 64' lang='lat' dir='ltr'><strong>meno</strong></span> 
     </span>
    </p>
   </div>
   <div class='ocr_carea' id='block_1_21' title="bbox 221 1212 1925 1292">
    <p class='ocr_par' dir='ltr' id='par_1_21' title="bbox 221 1212 1889 1289">
     <span class='ocr_line' id='line_1_21' title="bbox 221 1212 1889 1289; baseline -0.001 -20"><span class='ocrx_word' id='word_1_126' title='bbox 221 1221 311 1288; x_wconf 81' lang='grc' dir='ltr'>τῷ</span> <span class='ocrx_word' id='word_1_127' title='bbox 343 1216 384 1284; x_wconf 86' lang='grc' dir='ltr'>ζ’</span> <span class='ocrx_word' id='word_1_128' title='bbox 410 1217 478 1288; x_wconf 77' lang='grc' dir='ltr'><strong>τῇ</strong></span> <span class='ocrx_word' id='word_1_129' title='bbox 505 1215 534 1267; x_wconf 86' lang='grc' dir='ltr'>ι’</span> <span class='ocrx_word' id='word_1_130' title='bbox 562 1234 659 1268; x_wconf 84' lang='grc' dir='ltr'><strong>του</strong></span> <span class='ocrx_word' id='word_1_131' title='bbox 689 1212 882 1287; x_wconf 88' lang='grc' dir='ltr'>μηνὸς,</span> <span class='ocrx_word' id='word_1_132' title='bbox 932 1213 998 1281; x_wconf 83' lang='grc' dir='ltr'><strong>ἧν</strong></span> <span class='ocrx_word' id='word_1_133' title='bbox 1057 1215 1091 1282; x_wconf 81' lang='grc' dir='ltr'>ἡ</span> <span class='ocrx_word' id='word_1_134' title='bbox 1149 1213 1331 1289; x_wconf 64' lang='grc' dir='ltr'>ἡμέρα</span> <span class='ocrx_word' id='word_1_135' title='bbox 1359 1218 1456 1268; x_wconf 80' lang='grc' dir='ltr'><strong>τοῦ</strong></span> <span class='ocrx_word' id='word_1_136' title='bbox 1487 1213 1768 1286; x_wconf 79' lang='grc' dir='ltr'>Ἰλασμοῦ,</span> <span class='ocrx_word' id='word_1_137' title='bbox 1799 1213 1889 1269; x_wconf 80' lang='grc' dir='ltr'><strong>καὶ</strong></span> 
     </span>
    </p>
   </div>
   <div class='ocr_carea' id='block_1_22' title="bbox 2038 1212 3652 1292">
    <p class='ocr_par' dir='ltr' id='par_1_22' title="bbox 2038 1219 3652 1292">
     <span class='ocr_line' id='line_1_22' title="bbox 2038 1219 3652 1292; baseline 0.002 -20"><span class='ocrx_word' id='word_1_138' title='bbox 2038 1219 2079 1273; x_wconf 88' lang='lat' dir='ltr'><strong>is</strong></span> <span class='ocrx_word' id='word_1_139' title='bbox 2107 1222 2193 1286; x_wconf 89' lang='grc'><strong>10,</strong></span> <span class='ocrx_word' id='word_1_140' title='bbox 2218 1227 2345 1275; x_wconf 87' lang='lat' dir='ltr'><strong>erat</strong></span> <span class='ocrx_word' id='word_1_141' title='bbox 2383 1222 2746 1292; x_wconf 84' lang='lat' dir='ltr'><strong>Expiationis</strong></span> <span class='ocrx_word' id='word_1_142' title='bbox 2769 1222 2895 1276; x_wconf 91' lang='lat' dir='ltr'><strong>dies</strong></span> <span class='ocrx_word' id='word_1_143' title='bbox 2921 1239 2935 1287; x_wconf 88' lang='lat'><strong>;</strong></span> <span class='ocrx_word' id='word_1_144' title='bbox 2971 1225 3034 1275; x_wconf 82' lang='grc'>15</span> <span class='ocrx_word' id='word_1_145' title='bbox 3067 1227 3265 1276; x_wconf 88' lang='lat' dir='ltr'><strong>autem</strong></span> <span class='ocrx_word' id='word_1_146' title='bbox 3288 1227 3413 1276; x_wconf 88' lang='lat' dir='ltr'><strong>erat</strong></span> <span class='ocrx_word' id='word_1_147' title='bbox 3439 1221 3652 1275; x_wconf 89' lang='lat' dir='ltr'><strong>solem-</strong></span> 
     </span>
    </p>
   </div>
   <div class='ocr_carea' id='block_1_23' title="bbox 223 1301 1925 1381">
    <p class='ocr_par' dir='ltr' id='par_1_23' title="bbox 223 1301 1890 1378">
     <span class='ocr_line' id='line_1_23' title="bbox 223 1301 1890 1378; baseline -0.001 -20"><span class='ocrx_word' id='word_1_148' title='bbox 223 1307 302 1378; x_wconf 80' lang='grc' dir='ltr'><strong>τῇ</strong></span> <span class='ocrx_word' id='word_1_149' title='bbox 339 1303 398 1358; x_wconf 87' lang='grc' dir='ltr'>ιε’</span> <span class='ocrx_word' id='word_1_150' title='bbox 426 1306 461 1372; x_wconf 76' lang='grc' dir='ltr'>ἡ</span> <span class='ocrx_word' id='word_1_151' title='bbox 495 1301 664 1378; x_wconf 78' lang='grc' dir='ltr'>ἄορτή</span> <span class='ocrx_word' id='word_1_152' title='bbox 717 1309 820 1371; x_wconf 80' lang='grc' dir='ltr'><strong>τῆς</strong></span> <span class='ocrx_word' id='word_1_153' title='bbox 876 1301 1287 1377; x_wconf 82' lang='grc' dir='ltr'>Σκηνοπηγίας.</span> <span class='ocrx_word' id='word_1_154' title='bbox 1341 1304 1428 1360; x_wconf 86' lang='grc' dir='ltr'>Ἐν</span> <span class='ocrx_word' id='word_1_155' title='bbox 1471 1302 1618 1376; x_wconf 78' lang='grc' dir='ltr'>αὐτῷ</span> <span class='ocrx_word' id='word_1_156' title='bbox 1645 1308 1724 1376; x_wconf 77' lang='grc' dir='ltr'>τῷ</span> <span class='ocrx_word' id='word_1_157' title='bbox 1758 1302 1890 1377; x_wconf 90' lang='grc' dir='ltr'>μηνὶ</span> 
     </span>
    </p>
   </div>
   <div class='ocr_carea' id='block_1_24' title="bbox 2038 1301 3648 1381">
    <p class='ocr_par' dir='ltr' id='par_1_24' title="bbox 2043 1307 3648 1381">
     <span class='ocr_line' id='line_1_24' title="bbox 2043 1307 3648 1381; baseline 0.001 -20"><span class='ocrx_word' id='word_1_158' title='bbox 2043 1307 2153 1362; x_wconf 84' lang='lat' dir='ltr'><strong>itas</strong></span> <span class='ocrx_word' id='word_1_159' title='bbox 2185 1309 2579 1381; x_wconf 67' lang='lat' dir='ltr'><strong>Scenopegiaa.</strong></span> <span class='ocrx_word' id='word_1_160' title='bbox 2614 1311 2747 1380; x_wconf 82' lang='lat' dir='ltr'><strong>Ipso</strong></span> <span class='ocrx_word' id='word_1_161' title='bbox 2780 1327 2983 1365; x_wconf 91' lang='lat' dir='ltr'><strong>mense</strong></span> <span class='ocrx_word' id='word_1_162' title='bbox 3025 1311 3298 1380; x_wconf 89' lang='lat' dir='ltr'><strong>concepit</strong></span> <span class='ocrx_word' id='word_1_163' title='bbox 3325 1308 3648 1376; x_wconf 84' lang='lat' dir='ltr'><strong>Elisabeth,</strong></span> 
     </span>
    </p>
   </div>
   <div class='ocr_carea' id='block_1_25' title="bbox 227 1385 1925 1470">
    <p class='ocr_par' dir='ltr' id='par_1_25' title="bbox 227 1385 1888 1468">
     <span class='ocr_line' id='line_1_25' title="bbox 227 1385 1888 1468; baseline -0.001 -21"><span class='ocrx_word' id='word_1_164' title='bbox 227 1387 527 1448; x_wconf 67' lang='grc' dir='ltr'>συνέλαϐεν</span> <span class='ocrx_word' id='word_1_165' title='bbox 585 1394 620 1460; x_wconf 80' lang='grc' dir='ltr'>ἡ</span> <span class='ocrx_word' id='word_1_166' title='bbox 689 1385 998 1458; x_wconf 78' lang='grc' dir='ltr'>Ἐλισάϐετ,</span> <span class='ocrx_word' id='word_1_167' title='bbox 1057 1394 1125 1464; x_wconf 81' lang='grc' dir='ltr'><strong>τῇ</strong></span> <span class='ocrx_word' id='word_1_168' title='bbox 1187 1388 1382 1466; x_wconf 80' lang='grc' dir='ltr'>δεκάτῃ</span> <span class='ocrx_word' id='word_1_169' title='bbox 1411 1396 1508 1447; x_wconf 86' lang='lat'><strong>106</strong></span> <span class='ocrx_word' id='word_1_170' title='bbox 1553 1393 1805 1468; x_wconf 82' lang='grc' dir='ltr'>Τησιρὶν,</span> <span class='ocrx_word' id='word_1_171' title='bbox 1838 1391 1888 1446; x_wconf 78' lang='grc' dir='ltr'>ἐν</span> 
     </span>
    </p>
   </div>
   <div class='ocr_carea' id='block_1_26' title="bbox 2038 1385 3650 1470">
    <p class='ocr_par' dir='ltr' id='par_1_26' title="bbox 2038 1397 3650 1470">
     <span class='ocr_line' id='line_1_26' title="bbox 2038 1397 3650 1470; baseline 0.001 -19"><span class='ocrx_word' id='word_1_172' title='bbox 2038 1400 2066 1451; x_wconf 87' lang='lat'>0</span> <span class='ocrx_word' id='word_1_173' title='bbox 2096 1397 2190 1452; x_wconf 91' lang='lat' dir='ltr'><strong>die</strong></span> <span class='ocrx_word' id='word_1_174' title='bbox 2222 1398 2447 1454; x_wconf 90' lang='lat' dir='ltr'><strong>mensis</strong></span> <span class='ocrx_word' id='word_1_175' title='bbox 2479 1399 2749 1464; x_wconf 91' lang='lat' dir='ltr'><strong>Tesirim,</strong></span> <span class='ocrx_word' id='word_1_176' title='bbox 2782 1399 2842 1453; x_wconf 89' lang='lat' dir='ltr'><strong>in</strong></span> <span class='ocrx_word' id='word_1_177' title='bbox 2874 1399 2968 1454; x_wconf 89' lang='lat' dir='ltr'><strong>die</strong></span> <span class='ocrx_word' id='word_1_178' title='bbox 3002 1400 3387 1470; x_wconf 87' lang='lat' dir='ltr'><strong>Expiationis,</strong></span> <span class='ocrx_word' id='word_1_179' title='bbox 3419 1399 3650 1468; x_wconf 83' lang='lat' dir='ltr'><strong>fuitque</strong></span> 
     </span>
    </p>
   </div>
   <div class='ocr_carea' id='block_1_27' title="bbox 226 1476 1892 1557">
    <p class='ocr_par' dir='ltr' id='par_1_27' title="bbox 226 1476 1892 1557">
     <span class='ocr_line' id='line_1_27' title="bbox 226 1476 1892 1557; baseline -0.001 -21"><span class='ocrx_word' id='word_1_180' title='bbox 226 1481 420 1557; x_wconf 70' lang='grc' dir='ltr'>ἡμέρᾳ</span> <span class='ocrx_word' id='word_1_181' title='bbox 473 1485 571 1535; x_wconf 86' lang='lat'><strong>106</strong></span> <span class='ocrx_word' id='word_1_182' title='bbox 611 1477 910 1552; x_wconf 58' lang='grc' dir='ltr'>’⁰Ιλασμοῦ,</span> <span class='ocrx_word' id='word_1_183' title='bbox 970 1479 1058 1532; x_wconf 72' lang='grc' dir='ltr'><strong>καὶ</strong></span> <span class='ocrx_word' id='word_1_184' title='bbox 1113 1483 1183 1553; x_wconf 76' lang='grc' dir='ltr'><strong>τῇ</strong></span> <span class='ocrx_word' id='word_1_185' title='bbox 1240 1481 1320 1557; x_wconf 82' lang='grc' dir='ltr'>κγ’</span> <span class='ocrx_word' id='word_1_186' title='bbox 1371 1486 1468 1536; x_wconf 85' lang='lat'><strong>106</strong></span> <span class='ocrx_word' id='word_1_187' title='bbox 1512 1476 1892 1557; x_wconf 74' lang='grc' dir='ltr'>Σεπτεμϐρίου</span> 
     </span>
    </p>
   </div>
   <div class='ocr_carea' id='block_1_28' title="bbox 233 1565 1891 1644">
    <p class='ocr_par' dir='ltr' id='par_1_28' title="bbox 233 1565 1891 1644">
     <span class='ocr_line' id='line_1_28' title="bbox 233 1565 1891 1644; baseline 0 -20"><span class='ocrx_word' id='word_1_188' title='bbox 233 1569 437 1644; x_wconf 84' lang='grc' dir='ltr'>μηνὸς,</span> <span class='ocrx_word' id='word_1_189' title='bbox 487 1572 522 1638; x_wconf 81' lang='grc' dir='ltr'><strong>ἡ</strong></span> <span class='ocrx_word' id='word_1_190' title='bbox 572 1565 852 1641; x_wconf 72' lang='grc' dir='ltr'>σύλληψις</span> <span class='ocrx_word' id='word_1_191' title='bbox 908 1565 1177 1623; x_wconf 78' lang='grc' dir='ltr'>Ἰωάννου·</span> <span class='ocrx_word' id='word_1_192' title='bbox 1238 1568 1329 1622; x_wconf 81' lang='grc' dir='ltr'><strong>καὶ</strong></span> <span class='ocrx_word' id='word_1_193' title='bbox 1389 1573 1456 1642; x_wconf 79' lang='grc' dir='ltr'><strong>τῇ</strong></span> <span class='ocrx_word' id='word_1_194' title='bbox 1492 1567 1534 1624; x_wconf 84' lang='grc' dir='ltr'><strong>δ’</strong></span> <span class='ocrx_word' id='word_1_195' title='bbox 1565 1574 1660 1624; x_wconf 77' lang='grc' dir='ltr'>τοῦ</span> <span class='ocrx_word' id='word_1_196' title='bbox 1693 1571 1891 1639; x_wconf 70' lang='grc' dir='ltr'>Νεσὲιν,</span> 
     </span>
    </p>
   </div>
   <div class='ocr_carea' id='block_1_29' title="bbox 232 1655 1892 1734">
    <p class='ocr_par' dir='ltr' id='par_1_29' title="bbox 232 1655 1892 1734">
     <span class='ocr_line' id='line_1_29' title="bbox 232 1655 1892 1734; baseline -0.001 -20"><span class='ocrx_word' id='word_1_197' title='bbox 232 1658 488 1734; x_wconf 82' lang='grc' dir='ltr'>Μαρτίου</span> <span class='ocrx_word' id='word_1_198' title='bbox 519 1659 616 1726; x_wconf 85' lang='grc' dir='ltr'>κε’,</span> <span class='ocrx_word' id='word_1_199' title='bbox 648 1658 676 1712; x_wconf 89' lang='lat'><strong>6</strong></span> <span class='ocrx_word' id='word_1_200' title='bbox 712 1655 1112 1732; x_wconf 77' lang='grc' dir='ltr'>εὐαγγελισμὸς</span> <span class='ocrx_word' id='word_1_201' title='bbox 1157 1664 1258 1726; x_wconf 83' lang='grc' dir='ltr'>τῆς</span> <span class='ocrx_word' id='word_1_202' title='bbox 1310 1659 1574 1714; x_wconf 83' lang='grc' dir='ltr'>Θεοτόκου</span> <span class='ocrx_word' id='word_1_203' title='bbox 1603 1666 1704 1728; x_wconf 76' lang='grc' dir='ltr'><strong>τῆς</strong></span> <span class='ocrx_word' id='word_1_204' title='bbox 1736 1659 1892 1734; x_wconf 86' lang='grc' dir='ltr'>ἁγίας</span> 
     </span>
    </p>
   </div>
   <div class='ocr_carea' id='block_1_30' title="bbox 232 1745 1895 1823">
    <p class='ocr_par' dir='ltr' id='par_1_30' title="bbox 232 1745 1895 1823">
     <span class='ocr_line' id='line_1_30' title="bbox 232 1745 1895 1823; baseline -0.001 -19"><span class='ocrx_word' id='word_1_205' title='bbox 232 1748 475 1823; x_wconf 74' lang='grc' dir='ltr'>Μαρίαςο</span> <span class='ocrx_word' id='word_1_206' title='bbox 507 1748 594 1801; x_wconf 83' lang='grc' dir='ltr'><strong>καὶ</strong></span> <span class='ocrx_word' id='word_1_207' title='bbox 629 1749 696 1819; x_wconf 84' lang='grc' dir='ltr'><strong>τῇ</strong></span> <span class='ocrx_word' id='word_1_208' title='bbox 748 1747 784 1800; x_wconf 79' lang='grc' dir='ltr'>ε’</span> <span class='ocrx_word' id='word_1_209' title='bbox 833 1749 928 1799; x_wconf 87' lang='lat'><strong>106</strong></span> <span class='ocrx_word' id='word_1_210' title='bbox 971 1745 1176 1818; x_wconf 77' lang='grc' dir='ltr'>Ταμνί,</span> <span class='ocrx_word' id='word_1_211' title='bbox 1226 1747 1458 1801; x_wconf 83' lang='grc' dir='ltr'>Ἰουνίου</span> <span class='ocrx_word' id='word_1_212' title='bbox 1497 1745 1598 1818; x_wconf 81' lang='grc' dir='ltr'>κδ’,</span> <span class='ocrx_word' id='word_1_213' title='bbox 1630 1750 1664 1817; x_wconf 77' lang='grc' dir='ltr'><strong>ἡ</strong></span> <span class='ocrx_word' id='word_1_214' title='bbox 1696 1750 1895 1823; x_wconf 75' lang='grc' dir='ltr'>γεννη-</span> 
     </span>
    </p>
   </div>
   <div class='ocr_carea' id='block_1_31' title="bbox 235 1833 1898 1915">
    <p class='ocr_par' dir='ltr' id='par_1_31' title="bbox 235 1833 1898 1915">
     <span class='ocr_line' id='line_1_31' title="bbox 235 1833 1898 1915; baseline 0 -22"><span class='ocrx_word' id='word_1_215' title='bbox 235 1860 322 1900; x_wconf 88' lang='grc' dir='ltr'><strong>σις</strong></span> <span class='ocrx_word' id='word_1_216' title='bbox 354 1842 452 1893; x_wconf 89' lang='lat'><strong>106</strong></span> <span class='ocrx_word' id='word_1_217' title='bbox 488 1833 832 1911; x_wconf 78' lang='grc' dir='ltr'>ιΙροδρόμου·</span> <span class='ocrx_word' id='word_1_218' title='bbox 866 1833 954 1888; x_wconf 82' lang='grc' dir='ltr'><strong>καὶ</strong></span> <span class='ocrx_word' id='word_1_219' title='bbox 985 1839 1053 1907; x_wconf 81' lang='grc' dir='ltr'><strong>τῇ</strong></span> <span class='ocrx_word' id='word_1_220' title='bbox 1102 1842 1143 1900; x_wconf 90' lang='grc' dir='ltr'>θ’</span> <span class='ocrx_word' id='word_1_221' title='bbox 1190 1841 1288 1890; x_wconf 85' lang='lat'><strong>106</strong></span> <span class='ocrx_word' id='word_1_222' title='bbox 1322 1839 1524 1908; x_wconf 76' lang='grc' dir='ltr'>Σαπέτ,</span> <span class='ocrx_word' id='word_1_223' title='bbox 1564 1834 1898 1915; x_wconf 80' lang='grc' dir='ltr'>Δεκεμϐρίου</span> 
     </span>
    </p>
   </div>
   <div class='ocr_carea' id='block_1_32' title="bbox 234 1925 1900 2002">
    <p class='ocr_par' dir='ltr' id='par_1_32' title="bbox 234 1925 1900 2002">
     <span class='ocr_line' id='line_1_32' title="bbox 234 1925 1900 2002; baseline 0 -20"><span class='ocrx_word' id='word_1_224' title='bbox 234 1929 339 1997; x_wconf 83' lang='grc' dir='ltr'>κε’,</span> <span class='ocrx_word' id='word_1_225' title='bbox 372 1929 408 1996; x_wconf 81' lang='grc' dir='ltr'><strong>ἡ</strong></span> <span class='ocrx_word' id='word_1_226' title='bbox 439 1926 689 2001; x_wconf 71' lang='grc' dir='ltr'>γέννησις</span> <span class='ocrx_word' id='word_1_227' title='bbox 721 1928 818 1979; x_wconf 88' lang='lat'><strong>106</strong></span> <span class='ocrx_word' id='word_1_228' title='bbox 847 1926 1102 1998; x_wconf 83' lang='grc' dir='ltr'>Χριστοῦ,</span> <span class='ocrx_word' id='word_1_229' title='bbox 1133 1929 1230 1979; x_wconf 86' lang='lat'><strong>106</strong></span> <span class='ocrx_word' id='word_1_230' title='bbox 1275 1925 1517 2002; x_wconf 82' lang='grc' dir='ltr'>μεγάλου</span> <span class='ocrx_word' id='word_1_231' title='bbox 1550 1932 1683 1982; x_wconf 81' lang='grc' dir='ltr'>Θεοῦ</span> <span class='ocrx_word' id='word_1_232' title='bbox 1715 1930 1900 2000; x_wconf 81' lang='grc' dir='ltr'>ἡμῶν,</span> 
     </span>
    </p>
   </div>
   <div class='ocr_carea' id='block_1_33' title="bbox 239 2012 1900 2091">
    <p class='ocr_par' dir='ltr' id='par_1_33' title="bbox 239 2012 1900 2091">
     <span class='ocr_line' id='line_1_33' title="bbox 239 2012 1900 2091; baseline 0 -21"><span class='ocrx_word' id='word_1_233' title='bbox 239 2021 341 2071; x_wconf 89' lang='lat'><strong>106</strong></span> <span class='ocrx_word' id='word_1_234' title='bbox 374 2014 748 2091; x_wconf 75' lang='grc' dir='ltr'>σαρκωθὲντος</span> <span class='ocrx_word' id='word_1_235' title='bbox 790 2012 988 2089; x_wconf 79' lang='grc' dir='ltr'>Λόγου.</span> <span class='ocrx_word' id='word_1_236' title='bbox 1046 2012 1150 2069; x_wconf 86' lang='grc' dir='ltr'>Καὶ</span> <span class='ocrx_word' id='word_1_237' title='bbox 1199 2013 1371 2070; x_wconf 75' lang='grc' dir='ltr'>οὕτως</span> <span class='ocrx_word' id='word_1_238' title='bbox 1420 2017 1671 2072; x_wconf 70' lang='grc' dir='ltr'>κατέθετο</span> <span class='ocrx_word' id='word_1_239' title='bbox 1699 2018 1726 2071; x_wconf 97' lang='lat'><strong>6</strong></span> <span class='ocrx_word' id='word_1_240' title='bbox 1756 2016 1900 2074; x_wconf 76' lang='grc' dir='ltr'><strong>Ἰούο</strong></span> 
     </span>
    </p>
   </div>
   <div class='ocr_carea' id='block_1_34' title="bbox 244 2100 1900 2180">
    <p class='ocr_par' dir='ltr' id='par_1_34' title="bbox 244 2100 1900 2180">
     <span class='ocr_line' id='line_1_34' title="bbox 244 2100 1900 2180; baseline -0.002 -19"><span class='ocrx_word' id='word_1_241' title='bbox 244 2105 369 2168; x_wconf 91' lang='grc' dir='ltr'>λιος</span> <span class='ocrx_word' id='word_1_242' title='bbox 397 2105 426 2158; x_wconf 89' lang='lat'><strong>6</strong></span> <span class='ocrx_word' id='word_1_243' title='bbox 454 2104 681 2176; x_wconf 82' lang='grc' dir='ltr'>Ῥώμης</span> <span class='ocrx_word' id='word_1_244' title='bbox 710 2101 1085 2176; x_wconf 76' lang='grc' dir='ltr'>πατριάρχης,</span> <span class='ocrx_word' id='word_1_245' title='bbox 1110 2101 1238 2164; x_wconf 82' lang='grc' dir='ltr'>τοὺς</span> <span class='ocrx_word' id='word_1_246' title='bbox 1289 2111 1464 2176; x_wconf 82' lang='grc' dir='ltr'>μῆνας</span> <span class='ocrx_word' id='word_1_247' title='bbox 1490 2108 1598 2160; x_wconf 81' lang='grc' dir='ltr'><strong>τῶν</strong></span> <span class='ocrx_word' id='word_1_248' title='bbox 1631 2100 1900 2180; x_wconf 76' lang='grc' dir='ltr'>Ἐϐραίων</span> 
     </span>
    </p>
   </div>
   <div class='ocr_carea' id='block_1_35' title="bbox 249 2188 1907 2269">
    <p class='ocr_par' dir='ltr' id='par_1_35' title="bbox 249 2188 1907 2269">
     <span class='ocr_line' id='line_1_35' title="bbox 249 2188 1907 2269; baseline 0.002 -20"><span class='ocrx_word' id='word_1_249' title='bbox 249 2194 340 2249; x_wconf 80' lang='grc' dir='ltr'><strong>καὶ</strong></span> <span class='ocrx_word' id='word_1_250' title='bbox 370 2198 480 2248; x_wconf 80' lang='grc' dir='ltr'>τῶν</span> <span class='ocrx_word' id='word_1_251' title='bbox 512 2190 826 2265; x_wconf 58' lang='grc' dir='ltr'>Ῥωμαίων</span> <span class='ocrx_word' id='word_1_252' title='bbox 877 2189 928 2261; x_wconf 70' lang='grc' dir='ltr'><strong>ἑξ</strong></span> <span class='ocrx_word' id='word_1_253' title='bbox 981 2189 1188 2246; x_wconf 75' lang='grc' dir='ltr'>ἐκείνου</span> <span class='ocrx_word' id='word_1_254' title='bbox 1239 2189 1297 2246; x_wconf 77' lang='grc' dir='ltr'><strong>δὲ</strong></span> <span class='ocrx_word' id='word_1_255' title='bbox 1345 2188 1536 2248; x_wconf 79' lang='grc' dir='ltr'>ἔλαϐεν</span> <span class='ocrx_word' id='word_1_256' title='bbox 1568 2195 1746 2269; x_wconf 73' lang='grc' dir='ltr'>ἀρχὴν</span> <span class='ocrx_word' id='word_1_257' title='bbox 1780 2194 1907 2268; x_wconf 73' lang='grc' dir='ltr'>ευρ-</span> 
     </span>
    </p>
   </div>
   <div class='ocr_carea' id='block_1_36' title="bbox 247 2279 1902 2355">
    <p class='ocr_par' dir='ltr' id='par_1_36' title="bbox 247 2279 1902 2355">
     <span class='ocr_line' id='line_1_36' title="bbox 247 2279 1902 2355; baseline -0.001 -18"><span class='ocrx_word' id='word_1_258' title='bbox 247 2285 431 2353; x_wconf 83' lang='grc' dir='ltr'>τάζειν</span> <span class='ocrx_word' id='word_1_259' title='bbox 461 2280 511 2336; x_wconf 78' lang='grc' dir='ltr'>ἐν</span> <span class='ocrx_word' id='word_1_260' title='bbox 563 2279 892 2355; x_wconf 82' lang='grc' dir='ltr'>ἀγαλλιάσει</span> <span class='ocrx_word' id='word_1_261' title='bbox 945 2284 1054 2334; x_wconf 83' lang='grc' dir='ltr'>τῶν</span> <span class='ocrx_word' id='word_1_262' title='bbox 1112 2281 1399 2354; x_wconf 88' lang='grc' dir='ltr'>Ῥωμαίων</span> <span class='ocrx_word' id='word_1_263' title='bbox 1451 2282 1772 2353; x_wconf 83' lang='grc' dir='ltr'>Ἐκκλησία,</span> <span class='ocrx_word' id='word_1_264' title='bbox 1802 2284 1902 2352; x_wconf 78' lang='grc' dir='ltr'><strong>τήν</strong></span> 
     </span>
    </p>
   </div>
   <div class='ocr_carea' id='block_1_37' title="bbox 247 2367 1904 2448">
    <p class='ocr_par' dir='ltr' id='par_1_37' title="bbox 247 2367 1904 2448">
     <span class='ocr_line' id='line_1_37' title="bbox 247 2367 1904 2448; baseline 0 -22"><span class='ocrx_word' id='word_1_265' title='bbox 247 2374 466 2448; x_wconf 67' lang='grc' dir='ltr'>ἡμέραν</span> <span class='ocrx_word' id='word_1_266' title='bbox 497 2373 595 2426; x_wconf 83' lang='lat'><strong>106</strong></span> <span class='ocrx_word' id='word_1_267' title='bbox 627 2367 913 2432; x_wconf 83' lang='grc' dir='ltr'>Γενεθλίου</span> <span class='ocrx_word' id='word_1_268' title='bbox 957 2373 1054 2423; x_wconf 84' lang='lat'><strong>106</strong></span> <span class='ocrx_word' id='word_1_269' title='bbox 1113 2376 1394 2445; x_wconf 81' lang='grc' dir='ltr'>Σωτῆρος,</span> <span class='ocrx_word' id='word_1_270' title='bbox 1446 2367 1782 2445; x_wconf 76' lang='grc' dir='ltr'>Δεκεμϐρίου</span> <span class='ocrx_word' id='word_1_271' title='bbox 1812 2378 1904 2441; x_wconf 82' lang='grc' dir='ltr'>κε’,</span> 
     </span>
    </p>
   </div>
   <div class='ocr_carea' id='block_1_38' title="bbox 247 2456 1906 2536">
    <p class='ocr_par' dir='ltr' id='par_1_38' title="bbox 247 2456 1906 2536">
     <span class='ocr_line' id='line_1_38' title="bbox 247 2456 1906 2536; baseline -0.001 -20"><span class='ocrx_word' id='word_1_272' title='bbox 247 2461 344 2516; x_wconf 80' lang='grc' dir='ltr'><strong>καὶ</strong></span> <span class='ocrx_word' id='word_1_273' title='bbox 378 2456 659 2534; x_wconf 68' lang='grc' dir='ltr'>παρέδωκε</span> <span class='ocrx_word' id='word_1_274' title='bbox 715 2457 912 2519; x_wconf 87' lang='grc' dir='ltr'>πάσαις</span> <span class='ocrx_word' id='word_1_275' title='bbox 969 2463 1087 2520; x_wconf 89' lang='grc' dir='ltr'>ταῖς</span> <span class='ocrx_word' id='word_1_276' title='bbox 1151 2459 1514 2525; x_wconf 80' lang='grc' dir='ltr'>Ἐκκλησίαις.</span> <span class='ocrx_word' id='word_1_277' title='bbox 1567 2462 1628 2518; x_wconf 82' lang='grc' dir='ltr'><strong>Ὀ</strong></span> <span class='ocrx_word' id='word_1_278' title='bbox 1659 2457 1718 2517; x_wconf 71' lang='grc' dir='ltr'>δὶ</span> <span class='ocrx_word' id='word_1_279' title='bbox 1749 2461 1906 2536; x_wconf 78' lang='grc' dir='ltr'>ἅγιος</span> 
     </span>
    </p>
   </div>
   <div class='ocr_carea' id='block_1_39' title="bbox 251 2542 1906 2622">
    <p class='ocr_par' dir='ltr' id='par_1_39' title="bbox 251 2542 1906 2622">
     <span class='ocr_line' id='line_1_39' title="bbox 251 2542 1906 2622; baseline -0.001 -18"><span class='ocrx_word' id='word_1_280' title='bbox 251 2549 545 2609; x_wconf 86' lang='grc' dir='ltr'>Βασίλειος</span> <span class='ocrx_word' id='word_1_281' title='bbox 597 2542 828 2622; x_wconf 78' lang='grc' dir='ltr'>ἔγραψεν</span> <span class='ocrx_word' id='word_1_282' title='bbox 889 2546 938 2601; x_wconf 77' lang='grc' dir='ltr'>ἐν</span> <span class='ocrx_word' id='word_1_283' title='bbox 997 2551 1075 2618; x_wconf 81' lang='grc' dir='ltr'><strong>τῷ</strong></span> <span class='ocrx_word' id='word_1_284' title='bbox 1135 2542 1338 2621; x_wconf 70' lang='grc' dir='ltr'>βιϐλίῳ</span> <span class='ocrx_word' id='word_1_285' title='bbox 1376 2553 1484 2603; x_wconf 82' lang='grc' dir='ltr'>τῶν</span> <span class='ocrx_word' id='word_1_286' title='bbox 1515 2550 1772 2619; x_wconf 79' lang='grc' dir='ltr'>Ἠθικῶν,</span> <span class='ocrx_word' id='word_1_287' title='bbox 1807 2551 1906 2618; x_wconf 67' lang='grc' dir='ltr'>τὴν</span> 
     </span>
    </p>
   </div>
   <div class='ocr_carea' id='block_1_40' title="bbox 257 2633 1910 2714">
    <p class='ocr_par' dir='ltr' id='par_1_40' title="bbox 257 2633 1910 2714">
     <span class='ocr_line' id='line_1_40' title="bbox 257 2633 1910 2714; baseline -0.001 -21"><span class='ocrx_word' id='word_1_288' title='bbox 257 2640 476 2714; x_wconf 63' lang='grc' dir='ltr'>ἡμέραν</span> <span class='ocrx_word' id='word_1_289' title='bbox 530 2639 627 2706; x_wconf 77' lang='grc' dir='ltr'><strong>τῆς</strong></span> <span class='ocrx_word' id='word_1_290' title='bbox 685 2637 996 2706; x_wconf 73' lang='grc' dir='ltr'>Γεννήσεως</span> <span class='ocrx_word' id='word_1_291' title='bbox 1060 2641 1161 2690; x_wconf 81' lang='grc' dir='ltr'><strong>τοῦ</strong></span> <span class='ocrx_word' id='word_1_292' title='bbox 1233 2642 1516 2710; x_wconf 82' lang='grc' dir='ltr'>Σωτῆρος,</span> <span class='ocrx_word' id='word_1_293' title='bbox 1577 2633 1910 2712; x_wconf 78' lang='grc' dir='ltr'>Δεκεμϐρίου</span> 
     </span>
    </p>
   </div>
   <div class='ocr_carea' id='block_1_41' title="bbox 255 2722 1912 2801">
    <p class='ocr_par' dir='ltr' id='par_1_41' title="bbox 255 2722 1912 2801">
     <span class='ocr_line' id='line_1_41' title="bbox 255 2722 1912 2801; baseline -0.002 -17"><span class='ocrx_word' id='word_1_294' title='bbox 255 2729 358 2784; x_wconf 82' lang='grc' dir='ltr'>κε’⁶</span> <span class='ocrx_word' id='word_1_295' title='bbox 394 2727 635 2796; x_wconf 72' lang='grc' dir='ltr'>συνέταξε</span> <span class='ocrx_word' id='word_1_296' title='bbox 667 2722 725 2779; x_wconf 76' lang='grc' dir='ltr'><strong>δὲ</strong></span> <span class='ocrx_word' id='word_1_297' title='bbox 755 2723 1046 2801; x_wconf 81' lang='grc' dir='ltr'>Γρηγορίῳ</span> <span class='ocrx_word' id='word_1_298' title='bbox 1093 2729 1173 2797; x_wconf 75' lang='grc' dir='ltr'>τῷ</span> <span class='ocrx_word' id='word_1_299' title='bbox 1230 2724 1489 2800; x_wconf 86' lang='grc' dir='ltr'>Θεολόγῳ</span> <span class='ocrx_word' id='word_1_300' title='bbox 1519 2725 1572 2780; x_wconf 87' lang='grc' dir='ltr'>ἐν</span> <span class='ocrx_word' id='word_1_301' title='bbox 1600 2730 1669 2800; x_wconf 75' lang='grc' dir='ltr'><strong>τῇ</strong></span> <span class='ocrx_word' id='word_1_302' title='bbox 1702 2724 1912 2798; x_wconf 81' lang='grc' dir='ltr'>συνόδῳ</span> 
     </span>
    </p>
   </div>
   <div class='ocr_carea' id='block_1_42' title="bbox 255 2811 1913 2891">
    <p class='ocr_par' dir='ltr' id='par_1_42' title="bbox 255 2811 1913 2891">
     <span class='ocr_line' id='line_1_42' title="bbox 255 2811 1913 2891; baseline -0.003 -20"><span class='ocrx_word' id='word_1_303' title='bbox 255 2821 331 2891; x_wconf 85' lang='grc' dir='ltr'><strong>τῇ</strong></span> <span class='ocrx_word' id='word_1_304' title='bbox 389 2815 440 2870; x_wconf 81' lang='grc' dir='ltr'>ἐν</span> <span class='ocrx_word' id='word_1_305' title='bbox 501 2813 1098 2882; x_wconf 85' lang='grc' dir='ltr'>Κωνσταντινουπόλει,</span> <span class='ocrx_word' id='word_1_306' title='bbox 1167 2811 1405 2867; x_wconf 71' lang='grc' dir='ltr'>ἐκθέσθαι</span> <span class='ocrx_word' id='word_1_307' title='bbox 1481 2815 1567 2869; x_wconf 80' lang='grc' dir='ltr'><strong>καὶ</strong></span> <span class='ocrx_word' id='word_1_308' title='bbox 1641 2813 1913 2878; x_wconf 85' lang='grc' dir='ltr'>τελεῖσθαι</span> 
     </span>
    </p>
   </div>
   <div class='ocr_carea' id='block_1_43' title="bbox 253 2897 1909 2977">
    <p class='ocr_par' dir='ltr' id='par_1_43' title="bbox 253 2897 1909 2977">
     <span class='ocr_line' id='line_1_43' title="bbox 253 2897 1909 2977; baseline -0.002 -17"><span class='ocrx_word' id='word_1_309' title='bbox 253 2907 362 2974; x_wconf 75' lang='grc' dir='ltr'>τὴν</span> <span class='ocrx_word' id='word_1_310' title='bbox 392 2904 646 2974; x_wconf 81' lang='grc' dir='ltr'>Γέννησιν</span> <span class='ocrx_word' id='word_1_311' title='bbox 682 2897 910 2974; x_wconf 73' lang='grc' dir='ltr'>Δεκεμὸ.</span> <span class='ocrx_word' id='word_1_312' title='bbox 944 2902 1039 2970; x_wconf 68' lang='grc' dir='ltr'>κε’,</span> <span class='ocrx_word' id='word_1_313' title='bbox 1069 2902 1160 2955; x_wconf 79' lang='grc' dir='ltr'><strong>καὶ</strong></span> <span class='ocrx_word' id='word_1_314' title='bbox 1212 2923 1353 2963; x_wconf 87' lang='grc' dir='ltr'>τινες</span> <span class='ocrx_word' id='word_1_315' title='bbox 1405 2901 1466 2956; x_wconf 79' lang='grc' dir='ltr'>οὐ</span> <span class='ocrx_word' id='word_1_316' title='bbox 1507 2904 1909 2977; x_wconf 82' lang='grc' dir='ltr'>συγκατέθεντο.</span> 
     </span>
    </p>
   </div>
   <div class='ocr_carea' id='block_1_44' title="bbox 259 2988 1912 3068">
    <p class='ocr_par' dir='ltr' id='par_1_44' title="bbox 259 2988 1912 3068">
     <span class='ocr_line' id='line_1_44' title="bbox 259 2988 1912 3068; baseline -0.002 -20"><span class='ocrx_word' id='word_1_317' title='bbox 259 2995 421 3068; x_wconf 80' lang='grc' dir='ltr'>Λὲγει</span> <span class='ocrx_word' id='word_1_318' title='bbox 455 2989 550 3046; x_wconf 81' lang='grc' dir='ltr'>οὖν</span> <span class='ocrx_word' id='word_1_319' title='bbox 584 2989 884 3066; x_wconf 84' lang='grc' dir='ltr'>Γρηγόριος</span> <span class='ocrx_word' id='word_1_320' title='bbox 936 2989 1071 3063; x_wconf 87' lang='grc' dir='ltr'>πρὸς</span> <span class='ocrx_word' id='word_1_321' title='bbox 1125 2988 1255 3048; x_wconf 79' lang='grc' dir='ltr'>τοὺς</span> <span class='ocrx_word' id='word_1_322' title='bbox 1294 2988 1643 3051; x_wconf 82' lang='grc' dir='ltr'>ἀντιπάλους·</span> <span class='ocrx_word' id='word_1_323' title='bbox 1679 3016 1706 3042; x_wconf 84' lang='grc'><strong>‹‹</strong></span> <span class='ocrx_word' id='word_1_324' title='bbox 1742 2991 1912 3046; x_wconf 79' lang='grc' dir='ltr'>Πάλιν</span> 
     </span>
    </p>
   </div>
   <div class='ocr_carea' id='block_1_45' title="bbox 260 3078 1917 3154">
    <p class='ocr_par' dir='ltr' id='par_1_45' title="bbox 260 3078 1917 3154">
     <span class='ocr_line' id='line_1_45' title="bbox 260 3078 1917 3154; baseline -0.002 -16"><span class='ocrx_word' id='word_1_325' title='bbox 260 3085 481 3152; x_wconf 74' lang='grc' dir='ltr'>Ἰησοῦς</span> <span class='ocrx_word' id='word_1_326' title='bbox 510 3082 538 3134; x_wconf 90' lang='lat'><strong>6</strong></span> <span class='ocrx_word' id='word_1_327' title='bbox 571 3080 723 3152; x_wconf 78' lang='grc' dir='ltr'>ἐμὸς,</span> <span class='ocrx_word' id='word_1_328' title='bbox 768 3078 856 3133; x_wconf 81' lang='grc' dir='ltr'><strong>καὶ</strong></span> <span class='ocrx_word' id='word_1_329' title='bbox 904 3079 1070 3132; x_wconf 88' lang='grc' dir='ltr'>πάλιν</span> <span class='ocrx_word' id='word_1_330' title='bbox 1131 3081 1450 3153; x_wconf 69' lang='grc' dir='ltr'>μυστήριον·</span> <span class='ocrx_word' id='word_1_331' title='bbox 1488 3081 1784 3154; x_wconf 75' lang='grc' dir='ltr'>μυστήριον</span> <span class='ocrx_word' id='word_1_332' title='bbox 1818 3079 1917 3135; x_wconf 85' lang='grc' dir='ltr'>οὐκ</span> 
     </span>
    </p>
   </div>
   <div class='ocr_carea' id='block_1_46' title="bbox 1997 1486 3650 1559">
    <p class='ocr_par' dir='ltr' id='par_1_46' title="bbox 1997 1486 3650 1559">
     <span class='ocr_line' id='line_1_46' title="bbox 1997 1486 3650 1559; baseline -0.001 -19"><span class='ocrx_word' id='word_1_333' title='bbox 1997 1488 2064 1540; x_wconf 88' lang='grc'>23</span> <span class='ocrx_word' id='word_1_334' title='bbox 2115 1486 2476 1558; x_wconf 88' lang='lat' dir='ltr'><strong>Septembris</strong></span> <span class='ocrx_word' id='word_1_335' title='bbox 2526 1490 2834 1559; x_wconf 88' lang='lat' dir='ltr'><strong>conceptio</strong></span> <span class='ocrx_word' id='word_1_336' title='bbox 2884 1489 3151 1556; x_wconf 87' lang='lat' dir='ltr'><strong>Joannis,</strong></span> <span class='ocrx_word' id='word_1_337' title='bbox 3203 1495 3411 1558; x_wconf 84' lang='lat' dir='ltr'><strong>quarta</strong></span> <span class='ocrx_word' id='word_1_338' title='bbox 3451 1493 3650 1542; x_wconf 88' lang='lat' dir='ltr'><strong>autem</strong></span> 
     </span>
    </p>
   </div>
   <div class='ocr_carea' id='block_1_47' title="bbox 2000 1576 3650 1639">
    <p class='ocr_par' dir='ltr' id='par_1_47' title="bbox 2000 1576 3650 1639">
     <span class='ocr_line' id='line_1_47' title="bbox 2000 1576 3650 1639; baseline 0 -10"><span class='ocrx_word' id='word_1_339' title='bbox 2000 1577 2224 1630; x_wconf 89' lang='lat' dir='ltr'><strong>mensis</strong></span> <span class='ocrx_word' id='word_1_340' title='bbox 2258 1578 2472 1639; x_wconf 82' lang='lat' dir='ltr'><strong>Nesan.</strong></span> <span class='ocrx_word' id='word_1_341' title='bbox 2507 1579 2697 1632; x_wconf 88' lang='lat' dir='ltr'><strong>Martii</strong></span> <span class='ocrx_word' id='word_1_342' title='bbox 2728 1579 2798 1631; x_wconf 82' lang='grc'>25</span> <span class='ocrx_word' id='word_1_343' title='bbox 2827 1578 2939 1631; x_wconf 83' lang='lat' dir='ltr'><strong>fuit</strong></span> <span class='ocrx_word' id='word_1_344' title='bbox 2988 1578 3379 1632; x_wconf 80' lang='lat' dir='ltr'><strong>Annuntiatio</strong></span> <span class='ocrx_word' id='word_1_345' title='bbox 3410 1576 3510 1631; x_wconf 88' lang='lat' dir='ltr'><strong>Dei</strong></span> <span class='ocrx_word' id='word_1_346' title='bbox 3543 1577 3650 1630; x_wconf 88' lang='lat' dir='ltr'><strong>Ge-</strong></span> 
     </span>
    </p>
   </div>
   <div class='ocr_carea' id='block_1_48' title="bbox 2000 1663 3650 1737">
    <p class='ocr_par' dir='ltr' id='par_1_48' title="bbox 2000 1663 3650 1737">
     <span class='ocr_line' id='line_1_48' title="bbox 2000 1663 3650 1737; baseline 0.002 -21"><span class='ocrx_word' id='word_1_347' title='bbox 2000 1663 2230 1718; x_wconf 90' lang='lat' dir='ltr'><strong>nitricis</strong></span> <span class='ocrx_word' id='word_1_348' title='bbox 2261 1671 2480 1720; x_wconf 71' lang='lat' dir='ltr'><strong>sancta:</strong></span> <span class='ocrx_word' id='word_1_349' title='bbox 2527 1667 2756 1730; x_wconf 66' lang='lat' dir='ltr'><strong>Mariae;</strong></span> <span class='ocrx_word' id='word_1_350' title='bbox 2790 1667 2997 1737; x_wconf 88' lang='lat' dir='ltr'><strong>quinta</strong></span> <span class='ocrx_word' id='word_1_351' title='bbox 3048 1684 3184 1721; x_wconf 90' lang='lat' dir='ltr'><strong>vero</strong></span> <span class='ocrx_word' id='word_1_352' title='bbox 3215 1666 3439 1721; x_wconf 88' lang='lat' dir='ltr'><strong>mensis</strong></span> <span class='ocrx_word' id='word_1_353' title='bbox 3470 1667 3650 1720; x_wconf 88' lang='lat' dir='ltr'><strong>Tam—</strong></span> 
     </span>
    </p>
   </div>
   <div class='ocr_carea' id='block_1_49' title="bbox 2005 1753 3651 1821">
    <p class='ocr_par' dir='ltr' id='par_1_49' title="bbox 2005 1753 3651 1821">
     <span class='ocr_line' id='line_1_49' title="bbox 2005 1753 3651 1821; baseline 0.002 -16"><span class='ocrx_word' id='word_1_354' title='bbox 2005 1753 2119 1819; x_wconf 90' lang='lat' dir='ltr'><strong>nis,</strong></span> <span class='ocrx_word' id='word_1_355' title='bbox 2153 1756 2218 1807; x_wconf 79' lang='grc'><strong>25</strong></span> <span class='ocrx_word' id='word_1_356' title='bbox 2245 1755 2423 1816; x_wconf 85' lang='lat' dir='ltr'><strong>Junii,</strong></span> <span class='ocrx_word' id='word_1_357' title='bbox 2477 1753 2588 1808; x_wconf 84' lang='lat' dir='ltr'><strong>fuit</strong></span> <span class='ocrx_word' id='word_1_358' title='bbox 2633 1755 3039 1821; x_wconf 60' lang='lat' dir='ltr'><strong>Przecursoris,</strong></span> <span class='ocrx_word' id='word_1_359' title='bbox 3087 1755 3394 1821; x_wconf 87' lang='lat' dir='ltr'><strong>nativitas;</strong></span> <span class='ocrx_word' id='word_1_360' title='bbox 3425 1771 3494 1809; x_wconf 84' lang='lat' dir='ltr'><strong>ac</strong></span> <span class='ocrx_word' id='word_1_361' title='bbox 3525 1758 3651 1808; x_wconf 87' lang='lat' dir='ltr'><strong>tan-</strong></span> 
     </span>
    </p>
   </div>
   <div class='ocr_carea' id='block_1_50' title="bbox 1929 1799 3658 1914">
    <p class='ocr_par' dir='ltr' id='par_1_50' title="bbox 1929 1799 3658 1914">
     <span class='ocr_line' id='line_1_50' title="bbox 1929 1799 3658 1914; baseline 0 -20"><span class='ocrx_word' id='word_1_362' title='bbox 1929 1799 1975 1863; x_wconf 80' lang='lat' dir='ltr'><strong>B</strong></span> <span class='ocrx_word' id='word_1_363' title='bbox 2010 1799 2143 1894; x_wconf 78' lang='lat' dir='ltr'><strong>dem</strong></span> <span class='ocrx_word' id='word_1_364' title='bbox 2177 1845 2208 1895; x_wconf 88' lang='lat'><strong><em>9</em></strong></span> <span class='ocrx_word' id='word_1_365' title='bbox 2239 1799 2461 1896; x_wconf 78' lang='lat' dir='ltr'><strong>mensis</strong></span> <span class='ocrx_word' id='word_1_366' title='bbox 2484 1841 2677 1914; x_wconf 87' lang='lat' dir='ltr'><strong>Sapet,</strong></span> <span class='ocrx_word' id='word_1_367' title='bbox 2706 1799 3045 1898; x_wconf 71' lang='lat' dir='ltr'><strong>Decembris</strong></span> <span class='ocrx_word' id='word_1_368' title='bbox 3075 1846 3163 1909; x_wconf 78' lang='grc'>25,</span> <span class='ocrx_word' id='word_1_369' title='bbox 3193 1799 3472 1897; x_wconf 66' lang='lat' dir='ltr'><strong>Nativiias</strong></span> <span class='ocrx_word' id='word_1_370' title='bbox 3497 1840 3658 1896; x_wconf 87' lang='lat' dir='ltr'><strong>Chri-</strong></span> 
     </span>
    </p>
   </div>
   <div class='ocr_carea' id='block_1_51' title="bbox 2011 1929 3656 2002">
    <p class='ocr_par' dir='ltr' id='par_1_51' title="bbox 2011 1929 3656 2002">
     <span class='ocr_line' id='line_1_51' title="bbox 2011 1929 3656 2002; baseline 0.001 -20"><span class='ocrx_word' id='word_1_371' title='bbox 2011 1929 2084 1983; x_wconf 89' lang='lat' dir='ltr'><strong>sti</strong></span> <span class='ocrx_word' id='word_1_372' title='bbox 2132 1931 2332 2001; x_wconf 88' lang='lat' dir='ltr'><strong>magni</strong></span> <span class='ocrx_word' id='word_1_373' title='bbox 2382 1930 2484 1985; x_wconf 90' lang='lat' dir='ltr'><strong>Dei</strong></span> <span class='ocrx_word' id='word_1_374' title='bbox 2517 1931 2728 1998; x_wconf 88' lang='lat' dir='ltr'><strong>nostri,</strong></span> <span class='ocrx_word' id='word_1_375' title='bbox 2779 1949 2846 1986; x_wconf 88' lang='lat' dir='ltr'><strong>ac</strong></span> <span class='ocrx_word' id='word_1_376' title='bbox 2881 1932 3052 1987; x_wconf 85' lang='lat' dir='ltr'><strong>Verbi</strong></span> <span class='ocrx_word' id='word_1_377' title='bbox 3103 1933 3418 1988; x_wconf 90' lang='lat' dir='ltr'><strong>inearnati.</strong></span> <span class='ocrx_word' id='word_1_378' title='bbox 3472 1935 3656 2002; x_wconf 88' lang='lat' dir='ltr'><strong>Inque</strong></span> 
     </span>
    </p>
   </div>
   <div class='ocr_carea' id='block_1_52' title="bbox 2011 2019 3657 2092">
    <p class='ocr_par' dir='ltr' id='par_1_52' title="bbox 2011 2019 3657 2092">
     <span class='ocr_line' id='line_1_52' title="bbox 2011 2019 3657 2092; baseline 0.002 -20"><span class='ocrx_word' id='word_1_379' title='bbox 2011 2019 2169 2073; x_wconf 93' lang='lat' dir='ltr'><strong>hunc</strong></span> <span class='ocrx_word' id='word_1_380' title='bbox 2211 2019 2454 2074; x_wconf 91' lang='lat' dir='ltr'><strong>modum</strong></span> <span class='ocrx_word' id='word_1_381' title='bbox 2485 2020 2672 2074; x_wconf 90' lang='lat' dir='ltr'><strong>Julius</strong></span> <span class='ocrx_word' id='word_1_382' title='bbox 2724 2023 3024 2076; x_wconf 82' lang='lat' dir='ltr'><strong>Romanus</strong></span> <span class='ocrx_word' id='word_1_383' title='bbox 3055 2021 3390 2092; x_wconf 82' lang='lat' dir='ltr'><strong>patriarcha</strong></span> <span class='ocrx_word' id='word_1_384' title='bbox 3419 2037 3657 2075; x_wconf 88' lang='lat' dir='ltr'><strong>menses</strong></span> 
     </span>
    </p>
   </div>
   <div class='ocr_carea' id='block_1_53' title="bbox 2013 2106 3656 2181">
    <p class='ocr_par' dir='ltr' id='par_1_53' title="bbox 2013 2106 3656 2181">
     <span class='ocr_line' id='line_1_53' title="bbox 2013 2106 3656 2181; baseline 0.002 -21"><span class='ocrx_word' id='word_1_385' title='bbox 2013 2106 2396 2162; x_wconf 75' lang='lat' dir='ltr'><strong>Hebraaorum</strong></span> <span class='ocrx_word' id='word_1_386' title='bbox 2425 2113 2601 2178; x_wconf 89' lang='lat' dir='ltr'><strong>atque</strong></span> <span class='ocrx_word' id='word_1_387' title='bbox 2650 2111 3050 2164; x_wconf 80' lang='lat' dir='ltr'><strong>Romanorum</strong></span> <span class='ocrx_word' id='word_1_388' title='bbox 3080 2111 3449 2181; x_wconf 88' lang='lat' dir='ltr'><strong>composuit:</strong></span> <span class='ocrx_word' id='word_1_389' title='bbox 3481 2126 3515 2163; x_wconf 88' lang='lat' dir='ltr'><strong>a</strong></span> <span class='ocrx_word' id='word_1_390' title='bbox 3541 2125 3656 2178; x_wconf 88' lang='lat' dir='ltr'><strong>quo</strong></span> 
     </span>
    </p>
   </div>
   <div class='ocr_carea' id='block_1_54' title="bbox 2014 2197 3664 2270">
    <p class='ocr_par' dir='ltr' id='par_1_54' title="bbox 2014 2197 3664 2270">
     <span class='ocr_line' id='line_1_54' title="bbox 2014 2197 3664 2270; baseline 0.002 -21"><span class='ocrx_word' id='word_1_391' title='bbox 2014 2199 2300 2266; x_wconf 90' lang='lat' dir='ltr'><strong>tempore,</strong></span> <span class='ocrx_word' id='word_1_392' title='bbox 2335 2197 2511 2266; x_wconf 69' lang='lat' dir='ltr'><strong>coepit</strong></span> <span class='ocrx_word' id='word_1_393' title='bbox 2541 2199 2806 2252; x_wconf 81' lang='lat' dir='ltr'><strong>Romana</strong></span> <span class='ocrx_word' id='word_1_394' title='bbox 2831 2198 3095 2253; x_wconf 86' lang='lat' dir='ltr'><strong>Ecclesia</strong></span> <span class='ocrx_word' id='word_1_395' title='bbox 3112 2199 3265 2252; x_wconf 62' lang='lat' dir='ltr'><strong>lastis</strong></span> <span class='ocrx_word' id='word_1_396' title='bbox 3283 2198 3483 2270; x_wconf 85' lang='lat' dir='ltr'><strong>gaudii</strong></span> <span class='ocrx_word' id='word_1_397' title='bbox 3514 2197 3664 2252; x_wconf 89' lang='lat' dir='ltr'><strong>cele-</strong></span> 
     </span>
    </p>
   </div>
   <div class='ocr_carea' id='block_1_55' title="bbox 2014 2283 3666 2349">
    <p class='ocr_par' dir='ltr' id='par_1_55' title="bbox 2014 2283 3666 2349">
     <span class='ocr_line' id='line_1_55' title="bbox 2014 2283 3666 2349; baseline 0.001 -12"><span class='ocrx_word' id='word_1_398' title='bbox 2014 2283 2186 2339; x_wconf 89' lang='lat' dir='ltr'><strong>brare</strong></span> <span class='ocrx_word' id='word_1_399' title='bbox 2216 2285 2482 2340; x_wconf 85' lang='lat' dir='ltr'><strong>Natalem</strong></span> <span class='ocrx_word' id='word_1_400' title='bbox 2509 2285 2823 2341; x_wconf 87' lang='lat' dir='ltr'><strong>Salvatoris</strong></span> <span class='ocrx_word' id='word_1_401' title='bbox 2855 2286 3013 2340; x_wconf 91' lang='lat' dir='ltr'><strong>diem</strong></span> <span class='ocrx_word' id='word_1_402' title='bbox 3053 2290 3118 2340; x_wconf 83' lang='grc'>25</span> <span class='ocrx_word' id='word_1_403' title='bbox 3151 2287 3511 2349; x_wconf 85' lang='lat' dir='ltr'><strong>Decembris,</strong></span> <span class='ocrx_word' id='word_1_404' title='bbox 3545 2289 3666 2339; x_wconf 85' lang='lat' dir='ltr'><strong>tra-</strong></span> 
     </span>
    </p>
   </div>
   <div class='ocr_carea' id='block_1_56' title="bbox 2019 2372 3664 2444">
    <p class='ocr_par' dir='ltr' id='par_1_56' title="bbox 2019 2372 3664 2444">
     <span class='ocr_line' id='line_1_56' title="bbox 2019 2372 3664 2444; baseline 0 -16"><span class='ocrx_word' id='word_1_405' title='bbox 2019 2372 2284 2444; x_wconf 89' lang='lat' dir='ltr'><strong>diditque</strong></span> <span class='ocrx_word' id='word_1_406' title='bbox 2315 2374 3046 2430; x_wconf 86' lang='lat' dir='ltr'><strong>celebrandumuniversis</strong></span> <span class='ocrx_word' id='word_1_407' title='bbox 3086 2375 3386 2430; x_wconf 89' lang='lat' dir='ltr'><strong>Ecclesiis.</strong></span> <span class='ocrx_word' id='word_1_408' title='bbox 3416 2376 3664 2430; x_wconf 90' lang='lat' dir='ltr'><strong>Sanctus</strong></span> 
     </span>
    </p>
   </div>
   <div class='ocr_carea' id='block_1_57' title="bbox 2017 2463 3665 2535">
    <p class='ocr_par' dir='ltr' id='par_1_57' title="bbox 2017 2463 3665 2535">
     <span class='ocr_line' id='line_1_57' title="bbox 2017 2463 3665 2535; baseline -0.001 -17"><span class='ocrx_word' id='word_1_409' title='bbox 2017 2468 2213 2518; x_wconf 88' lang='lat' dir='ltr'><strong>autem</strong></span> <span class='ocrx_word' id='word_1_410' title='bbox 2230 2463 2480 2518; x_wconf 90' lang='lat' dir='ltr'><strong>Basilius</strong></span> <span class='ocrx_word' id='word_1_411' title='bbox 2493 2465 2731 2535; x_wconf 87' lang='lat' dir='ltr'><strong>scripsit</strong></span> <span class='ocrx_word' id='word_1_412' title='bbox 2743 2467 2820 2535; x_wconf 80' lang='lat'><strong>(7)</strong></span> <span class='ocrx_word' id='word_1_413' title='bbox 2836 2464 2896 2519; x_wconf 93' lang='lat' dir='ltr'><strong>in</strong></span> <span class='ocrx_word' id='word_1_414' title='bbox 2911 2465 3062 2519; x_wconf 90' lang='lat' dir='ltr'><strong>libro</strong></span> <span class='ocrx_word' id='word_1_415' title='bbox 3074 2463 3665 2530; x_wconf 80' lang='lat' dir='ltr'><strong>Moralium,Natalem</strong></span> 
     </span>
    </p>
   </div>
   <div class='ocr_carea' id='block_1_58' title="bbox 2019 2552 3666 2624">
    <p class='ocr_par' dir='ltr' id='par_1_58' title="bbox 2019 2552 3666 2624">
     <span class='ocr_line' id='line_1_58' title="bbox 2019 2552 3666 2624; baseline -0.001 -18"><span class='ocrx_word' id='word_1_416' title='bbox 2019 2552 2333 2607; x_wconf 88' lang='lat' dir='ltr'><strong>Salvatoris</strong></span> <span class='ocrx_word' id='word_1_417' title='bbox 2363 2553 2521 2607; x_wconf 91' lang='lat' dir='ltr'><strong>diem</strong></span> <span class='ocrx_word' id='word_1_418' title='bbox 2550 2553 2621 2607; x_wconf 80' lang='grc'>25</span> <span class='ocrx_word' id='word_1_419' title='bbox 2673 2553 3033 2619; x_wconf 83' lang='lat' dir='ltr'><strong>Decembris,</strong></span> <span class='ocrx_word' id='word_1_420' title='bbox 3076 2553 3492 2624; x_wconf 83' lang='lat' dir='ltr'><strong>mandavitque</strong></span> <span class='ocrx_word' id='word_1_421' title='bbox 3525 2554 3666 2608; x_wconf 90' lang='lat' dir='ltr'><strong>Gre-</strong></span> 
     </span>
    </p>
   </div>
   <div class='ocr_carea' id='block_1_59' title="bbox 2017 2641 3667 2712">
    <p class='ocr_par' dir='ltr' id='par_1_59' title="bbox 2017 2641 3667 2712">
     <span class='ocr_line' id='line_1_59' title="bbox 2017 2641 3667 2712; baseline 0.001 -20"><span class='ocrx_word' id='word_1_422' title='bbox 2017 2641 2180 2711; x_wconf 86' lang='lat' dir='ltr'><strong>gorio</strong></span> <span class='ocrx_word' id='word_1_423' title='bbox 2202 2641 2495 2712; x_wconf 88' lang='lat' dir='ltr'><strong>Theologo</strong></span> <span class='ocrx_word' id='word_1_424' title='bbox 2519 2641 2580 2694; x_wconf 90' lang='lat' dir='ltr'><strong>in</strong></span> <span class='ocrx_word' id='word_1_425' title='bbox 2607 2641 2831 2710; x_wconf 88' lang='lat' dir='ltr'><strong>synodo</strong></span> <span class='ocrx_word' id='word_1_426' title='bbox 2854 2641 3508 2712; x_wconf 85' lang='lat' dir='ltr'><strong>Constantinopolitana</strong></span> <span class='ocrx_word' id='word_1_427' title='bbox 3528 2657 3667 2709; x_wconf 89' lang='lat' dir='ltr'><strong>pro-</strong></span> 
     </span>
    </p>
   </div>
   <div class='ocr_carea' id='block_1_60' title="bbox 2021 2727 3666 2799">
    <p class='ocr_par' dir='ltr' id='par_1_60' title="bbox 2021 2727 3666 2799">
     <span class='ocr_line' id='line_1_60' title="bbox 2021 2727 3666 2799; baseline 0 -17"><span class='ocrx_word' id='word_1_428' title='bbox 2021 2727 2292 2799; x_wconf 85' lang='lat' dir='ltr'><strong>mulgari,</strong></span> <span class='ocrx_word' id='word_1_429' title='bbox 2325 2745 2392 2783; x_wconf 89' lang='lat' dir='ltr'><strong>ac</strong></span> <span class='ocrx_word' id='word_1_430' title='bbox 2437 2728 2724 2782; x_wconf 90' lang='lat' dir='ltr'><strong>celebrari</strong></span> <span class='ocrx_word' id='word_1_431' title='bbox 2775 2731 2840 2782; x_wconf 81' lang='lat'><strong>25</strong></span> <span class='ocrx_word' id='word_1_432' title='bbox 2876 2728 3252 2794; x_wconf 89' lang='lat' dir='ltr'><strong>Decembris;</strong></span> <span class='ocrx_word' id='word_1_433' title='bbox 3306 2728 3547 2799; x_wconf 89' lang='lat' dir='ltr'><strong>quidam</strong></span> <span class='ocrx_word' id='word_1_434' title='bbox 3579 2731 3666 2782; x_wconf 88' lang='lat' dir='ltr'><strong>ta-</strong></span> 
     </span>
    </p>
   </div>
   <div class='ocr_carea' id='block_1_61' title="bbox 2023 2817 3667 2888">
    <p class='ocr_par' dir='ltr' id='par_1_61' title="bbox 2023 2817 3667 2888">
     <span class='ocr_line' id='line_1_61' title="bbox 2023 2817 3667 2888; baseline -0.001 -18"><span class='ocrx_word' id='word_1_435' title='bbox 2023 2832 2159 2871; x_wconf 90' lang='lat' dir='ltr'><strong>men</strong></span> <span class='ocrx_word' id='word_1_436' title='bbox 2191 2833 2311 2870; x_wconf 92' lang='lat' dir='ltr'><strong>non</strong></span> <span class='ocrx_word' id='word_1_437' title='bbox 2361 2833 2693 2872; x_wconf 90' lang='lat' dir='ltr'><strong>assensere.</strong></span> <span class='ocrx_word' id='word_1_438' title='bbox 2745 2817 3140 2882; x_wconf 89' lang='lat' dir='ltr'><strong>Quamobrem</strong></span> <span class='ocrx_word' id='word_1_439' title='bbox 3171 2817 3254 2871; x_wconf 89' lang='lat' dir='ltr'><strong>ait</strong></span> <span class='ocrx_word' id='word_1_440' title='bbox 3303 2817 3616 2888; x_wconf 82' lang='lat' dir='ltr'><strong>Gregorius</strong></span> <span class='ocrx_word' id='word_1_441' title='bbox 3645 2817 3667 2850; x_wconf 78' lang='grc'>⁴</span> 
     </span>
    </p>
   </div>
   <div class='ocr_carea' id='block_1_62' title="bbox 2024 2905 3666 2975">
    <p class='ocr_par' dir='ltr' id='par_1_62' title="bbox 2024 2905 3666 2975">
     <span class='ocr_line' id='line_1_62' title="bbox 2024 2905 3666 2975; baseline -0.002 -15"><span class='ocrx_word' id='word_1_442' title='bbox 2024 2905 2095 2960; x_wconf 90' lang='lat' dir='ltr'><strong>ad</strong></span> <span class='ocrx_word' id='word_1_443' title='bbox 2126 2905 2495 2960; x_wconf 87' lang='lat' dir='ltr'><strong>adversarios</strong></span> <span class='ocrx_word' id='word_1_444' title='bbox 2523 2922 2535 2959; x_wconf 89' lang='lat'>:</span> <span class='ocrx_word' id='word_1_445' title='bbox 2569 2928 2595 2954; x_wconf 90' lang='grc'><strong>‹‹</strong></span> <span class='ocrx_word' id='word_1_446' title='bbox 2630 2908 2885 2960; x_wconf 82' lang='lat' dir='ltr'><strong>Rursum</strong></span> <span class='ocrx_word' id='word_1_447' title='bbox 2914 2907 3082 2960; x_wconf 88' lang='lat' dir='ltr'><strong>Jesus</strong></span> <span class='ocrx_word' id='word_1_448' title='bbox 3115 2922 3282 2960; x_wconf 90' lang='lat' dir='ltr'><strong>meus</strong></span> <span class='ocrx_word' id='word_1_449' title='bbox 3315 2907 3408 2975; x_wconf 83' lang='lat'><strong>(8),</strong></span> <span class='ocrx_word' id='word_1_450' title='bbox 3444 2911 3502 2960; x_wconf 91' lang='lat' dir='ltr'><strong>et</strong></span> <span class='ocrx_word' id='word_1_451' title='bbox 3531 2921 3666 2958; x_wconf 85' lang='lat' dir='ltr'><strong>rur-</strong></span> 
     </span>
    </p>
   </div>
   <div class='ocr_carea' id='block_1_63' title="bbox 2024 2993 3668 3065">
    <p class='ocr_par' dir='ltr' id='par_1_63' title="bbox 2024 2993 3668 3065">
     <span class='ocr_line' id='line_1_63' title="bbox 2024 2993 3668 3065; baseline 0.001 -18"><span class='ocrx_word' id='word_1_452' title='bbox 2024 3010 2155 3048; x_wconf 90' lang='lat' dir='ltr'><strong>sum</strong></span> <span class='ocrx_word' id='word_1_453' title='bbox 2187 2994 2556 3065; x_wconf 86' lang='lat' dir='ltr'><strong>mysterium.</strong></span> <span class='ocrx_word' id='word_1_454' title='bbox 2593 2995 2932 3065; x_wconf 83' lang='lat' dir='ltr'><strong>Mysterium</strong></span> <span class='ocrx_word' id='word_1_455' title='bbox 2963 3011 3081 3049; x_wconf 90' lang='lat' dir='ltr'><strong>non</strong></span> <span class='ocrx_word' id='word_1_456' title='bbox 3113 2994 3312 3062; x_wconf 84' lang='lat' dir='ltr'><strong>fallax,</strong></span> <span class='ocrx_word' id='word_1_457' title='bbox 3355 3010 3465 3048; x_wconf 89' lang='lat' dir='ltr'><strong>nec</strong></span> <span class='ocrx_word' id='word_1_458' title='bbox 3496 2993 3668 3048; x_wconf 89' lang='lat' dir='ltr'><strong>inde-</strong></span> 
     </span>
    </p>
   </div>
   <div class='ocr_carea' id='block_1_64' title="bbox 2025 3083 3666 3155">
    <p class='ocr_par' dir='ltr' id='par_1_64' title="bbox 2025 3083 3666 3155">
     <span class='ocr_line' id='line_1_64' title="bbox 2025 3083 3666 3155; baseline -0.001 -18"><span class='ocrx_word' id='word_1_459' title='bbox 2025 3099 2250 3146; x_wconf 87' lang='lat' dir='ltr'><strong>corum,</strong></span> <span class='ocrx_word' id='word_1_460' title='bbox 2301 3099 2497 3152; x_wconf 89' lang='lat' dir='ltr'><strong>neque</strong></span> <span class='ocrx_word' id='word_1_461' title='bbox 2553 3083 2828 3155; x_wconf 88' lang='lat' dir='ltr'><strong>gentilitii</strong></span> <span class='ocrx_word' id='word_1_462' title='bbox 2884 3084 3100 3138; x_wconf 86' lang='lat' dir='ltr'><strong>erroris</strong></span> <span class='ocrx_word' id='word_1_463' title='bbox 3158 3101 3225 3138; x_wconf 90' lang='lat' dir='ltr'><strong>ac</strong></span> <span class='ocrx_word' id='word_1_464' title='bbox 3280 3083 3666 3152; x_wconf 78' lang='lat' dir='ltr'><strong>temulentiae,</strong></span> 
     </span>
    </p>
   </div>
   <div class='ocr_carea' id='block_1_65' title="bbox 262 3146 1925 3244">
    <p class='ocr_par' dir='ltr' id='par_1_65' title="bbox 262 3165 1920 3240">
     <span class='ocr_line' id='line_1_65' title="bbox 262 3165 1920 3240; baseline -0.002 -14"><span class='ocrx_word' id='word_1_465' title='bbox 262 3169 577 3240; x_wconf 81' lang='grc' dir='ltr'>ἀπατηλὸν,</span> <span class='ocrx_word' id='word_1_466' title='bbox 609 3165 734 3222; x_wconf 73' lang='grc' dir='ltr'>οὐδὲ</span> <span class='ocrx_word' id='word_1_467' title='bbox 765 3165 1030 3240; x_wconf 73' lang='grc' dir='ltr'>ἄκοσμον,</span> <span class='ocrx_word' id='word_1_468' title='bbox 1055 3165 1186 3220; x_wconf 80' lang='grc' dir='ltr'>οὐδὲ</span> <span class='ocrx_word' id='word_1_469' title='bbox 1214 3174 1314 3236; x_wconf 79' lang='grc' dir='ltr'>τῆς</span> <span class='ocrx_word' id='word_1_470' title='bbox 1346 3165 1680 3237; x_wconf 80' lang='grc' dir='ltr'>Ἑλληνικῆς</span> <span class='ocrx_word' id='word_1_471' title='bbox 1713 3168 1920 3239; x_wconf 89' lang='grc' dir='ltr'>πλάνης</span> 
     </span>
    </p>
   </div>
   <div class='ocr_carea' id='block_1_66' title="bbox 2038 3146 3667 3244">
    <p class='ocr_par' dir='ltr' id='par_1_66' title="bbox 2038 3171 3667 3244">
     <span class='ocr_line' id='line_1_66' title="bbox 2038 3171 3667 3244; baseline 0 -18"><span class='ocrx_word' id='word_1_472' title='bbox 2038 3172 2328 3226; x_wconf 82' lang='lat' dir='ltr'><strong>Christum</strong></span> <span class='ocrx_word' id='word_1_473' title='bbox 2359 3171 2752 3238; x_wconf 90' lang='lat' dir='ltr'><strong>celebramus,</strong></span> <span class='ocrx_word' id='word_1_474' title='bbox 2777 3171 3072 3226; x_wconf 85' lang='lat' dir='ltr'><strong>Christum</strong></span> <span class='ocrx_word' id='word_1_475' title='bbox 3103 3172 3526 3244; x_wconf 84' lang='lat' dir='ltr'><strong>gloriﬁcamus,</strong></span> <span class='ocrx_word' id='word_1_476' title='bbox 3549 3173 3667 3226; x_wconf 89' lang='lat' dir='ltr'><strong>sive</strong></span> 
     </span>
    </p>
   </div>
   <div class='ocr_carea' id='block_1_67' title="bbox 269 3254 1920 3335">
    <p class='ocr_par' dir='ltr' id='par_1_67' title="bbox 269 3254 1920 3335">
     <span class='ocr_line' id='line_1_67' title="bbox 269 3254 1920 3335; baseline -0.003 -17"><span class='ocrx_word' id='word_1_477' title='bbox 269 3264 430 3335; x_wconf 88' lang='lat' dir='ltr'><strong>[Leg.</strong></span> <span class='ocrx_word' id='word_1_478' title='bbox 461 3260 550 3314; x_wconf 79' lang='grc' dir='ltr'><strong>καὶ</strong></span> <span class='ocrx_word' id='word_1_479' title='bbox 585 3254 779 3330; x_wconf 72' lang='grc' dir='ltr'>μέθης,</span> <span class='ocrx_word' id='word_1_480' title='bbox 836 3265 903 3313; x_wconf 89' lang='lat' dir='ltr'><strong>ut</strong></span> <span class='ocrx_word' id='word_1_481' title='bbox 959 3264 1048 3312; x_wconf 89' lang='lat' dir='ltr'><strong>est</strong></span> <span class='ocrx_word' id='word_1_482' title='bbox 1103 3257 1322 3328; x_wconf 87' lang='lat' dir='ltr'><strong>editis].</strong></span> <span class='ocrx_word' id='word_1_483' title='bbox 1369 3258 1558 3329; x_wconf 83' lang='grc' dir='ltr'>Ἡμεῖς</span> <span class='ocrx_word' id='word_1_484' title='bbox 1604 3254 1661 3312; x_wconf 72' lang='grc' dir='ltr'><strong>δὲ</strong></span> <span class='ocrx_word' id='word_1_485' title='bbox 1691 3259 1920 3330; x_wconf 84' lang='grc' dir='ltr'>Χριστὸν</span> 
     </span>
    </p>
   </div>
   <div class='ocr_carea' id='block_1_68' title="bbox 270 3342 1924 3424">
    <p class='ocr_par' dir='ltr' id='par_1_68' title="bbox 270 3342 1924 3424">
     <span class='ocr_line' id='line_1_68' title="bbox 270 3342 1924 3424; baseline -0.001 -20"><span class='ocrx_word' id='word_1_486' title='bbox 270 3348 621 3424; x_wconf 73' lang='grc' dir='ltr'>ἑορτάζομεν,</span> <span class='ocrx_word' id='word_1_487' title='bbox 658 3346 887 3420; x_wconf 81' lang='grc' dir='ltr'>Χριστὸν</span> <span class='ocrx_word' id='word_1_488' title='bbox 933 3342 1361 3419; x_wconf 80' lang='grc' dir='ltr'>δοξολογοῦμεν,</span> <span class='ocrx_word' id='word_1_489' title='bbox 1407 3345 1511 3400; x_wconf 69' lang='grc' dir='ltr'>εἴτε</span> <span class='ocrx_word' id='word_1_490' title='bbox 1539 3349 1784 3422; x_wconf 68' lang='grc' dir='ltr'>γεννήσει</span> <span class='ocrx_word' id='word_1_491' title='bbox 1821 3347 1924 3403; x_wconf 63' lang='grc' dir='ltr'>εἴτε</span> 
     </span>
    </p>
   </div>
   <div class='ocr_carea' id='block_1_69' title="bbox 272 3431 1928 3514">
    <p class='ocr_par' dir='ltr' id='par_1_69' title="bbox 272 3431 1928 3514">
     <span class='ocr_line' id='line_1_69' title="bbox 272 3431 1928 3514; baseline -0.001 -22"><span class='ocrx_word' id='word_1_492' title='bbox 272 3436 632 3514; x_wconf 83' lang='grc' dir='ltr'>βαπτίσματι.</span> <span class='ocrx_word' id='word_1_493' title='bbox 658 3433 806 3510; x_wconf 82' lang='grc' dir='ltr'>Οὐχὶ</span> <span class='ocrx_word' id='word_1_494' title='bbox 834 3431 891 3488; x_wconf 73' lang='grc' dir='ltr'><strong>δὲ</strong></span> <span class='ocrx_word' id='word_1_495' title='bbox 912 3438 1008 3488; x_wconf 80' lang='grc' dir='ltr'><strong>τοῦ</strong></span> <span class='ocrx_word' id='word_1_496' title='bbox 1039 3431 1372 3495; x_wconf 77' lang='grc' dir='ltr'>Ποσειδῶνος</span> <span class='ocrx_word' id='word_1_497' title='bbox 1393 3431 1428 3503; x_wconf 74' lang='grc' dir='ltr'>ἤ</span> <span class='ocrx_word' id='word_1_498' title='bbox 1451 3439 1550 3489; x_wconf 87' lang='lat'><strong>106</strong></span> <span class='ocrx_word' id='word_1_499' title='bbox 1576 3434 1928 3498; x_wconf 83' lang='grc' dir='ltr'>Ἀπόλλωνος</span> 
     </span>
    </p>
   </div>
   <div class='ocr_carea' id='block_1_70' title="bbox 262 3520 1925 3602">
    <p class='ocr_par' dir='ltr' id='par_1_70' title="bbox 262 3520 1925 3602">
     <span class='ocr_line' id='line_1_70' title="bbox 262 3520 1925 3602; baseline -0.003 -19"><span class='ocrx_word' id='word_1_500' title='bbox 262 3529 371 3596; x_wconf 77' lang='grc' dir='ltr'><strong>τήν</strong></span> <span class='ocrx_word' id='word_1_501' title='bbox 403 3525 655 3602; x_wconf 69' lang='grc' dir='ltr'>γέννησιν</span> <span class='ocrx_word' id='word_1_502' title='bbox 715 3524 1066 3598; x_wconf 71' lang='grc' dir='ltr'>ἑορτάζομεν,</span> <span class='ocrx_word' id='word_1_503' title='bbox 1126 3520 1271 3576; x_wconf 82' lang='grc' dir='ltr'>ἀλλᾶ</span> <span class='ocrx_word' id='word_1_504' title='bbox 1321 3527 1418 3576; x_wconf 87' lang='lat'><strong>106</strong></span> <span class='ocrx_word' id='word_1_505' title='bbox 1476 3523 1602 3578; x_wconf 81' lang='grc' dir='ltr'>Υἱοῦ</span> <span class='ocrx_word' id='word_1_506' title='bbox 1642 3529 1738 3579; x_wconf 82' lang='lat'><strong>106</strong></span> <span class='ocrx_word' id='word_1_507' title='bbox 1770 3530 1925 3594; x_wconf 78' lang='grc' dir='ltr'>Θεοῦ,</span> 
     </span>
    </p>
   </div>
   <div class='ocr_carea' id='block_1_71' title="bbox 264 3609 1928 3687">
    <p class='ocr_par' dir='ltr' id='par_1_71' title="bbox 264 3609 1928 3687">
     <span class='ocr_line' id='line_1_71' title="bbox 264 3609 1928 3687; baseline -0.001 -17"><span class='ocrx_word' id='word_1_508' title='bbox 264 3619 372 3674; x_wconf 83' lang='grc' dir='ltr'><strong>’Όν</strong></span> <span class='ocrx_word' id='word_1_509' title='bbox 450 3613 612 3684; x_wconf 84' lang='grc' dir='ltr'>ἔθηκε</span> <span class='ocrx_word' id='word_1_510' title='bbox 685 3610 1041 3687; x_wconf 59' lang='grc' dir='ltr'>κληρονόμον</span> <span class='ocrx_word' id='word_1_511' title='bbox 1096 3611 1336 3681; x_wconf 87' lang='grc' dir='ltr'>πάντων,</span> <span class='ocrx_word' id='word_1_512' title='bbox 1397 3609 1466 3666; x_wconf 82' lang='grc' dir='ltr'><strong>δι’</strong></span> <span class='ocrx_word' id='word_1_513' title='bbox 1527 3613 1590 3667; x_wconf 84' lang='lat'><strong>06</strong></span> <span class='ocrx_word' id='word_1_514' title='bbox 1643 3614 1732 3668; x_wconf 85' lang='grc' dir='ltr'>καὶ</span> <span class='ocrx_word' id='word_1_515' title='bbox 1798 3614 1928 3676; x_wconf 81' lang='grc' dir='ltr'>τοὺς</span> 
     </span>
    </p>
   </div>
   <div class='ocr_carea' id='block_1_72' title="bbox 269 3697 1930 3778">
    <p class='ocr_par' dir='ltr' id='par_1_72' title="bbox 269 3697 1930 3778">
     <span class='ocr_line' id='line_1_72' title="bbox 269 3697 1930 3778; baseline -0.002 -16"><span class='ocrx_word' id='word_1_516' title='bbox 269 3707 476 3766; x_wconf 77' lang='grc' dir='ltr'>αἰῶνας</span> <span class='ocrx_word' id='word_1_517' title='bbox 503 3701 776 3772; x_wconf 79' lang='grc' dir='ltr'>ἐποίησεν.</span> <span class='ocrx_word' id='word_1_518' title='bbox 814 3725 842 3749; x_wconf 70' lang='grc' dir='ltr'><strong>ιι</strong></span> <span class='ocrx_word' id='word_1_519' title='bbox 872 3705 988 3754; x_wconf 66' lang='grc' dir='ltr'>*Οτι</span> <span class='ocrx_word' id='word_1_520' title='bbox 1049 3697 1107 3754; x_wconf 74' lang='grc' dir='ltr'><strong>δὲ</strong></span> <span class='ocrx_word' id='word_1_521' title='bbox 1164 3698 1217 3754; x_wconf 79' lang='grc' dir='ltr'>ἐν</span> <span class='ocrx_word' id='word_1_522' title='bbox 1272 3705 1352 3772; x_wconf 75' lang='grc' dir='ltr'>τῷ</span> <span class='ocrx_word' id='word_1_523' title='bbox 1400 3702 1670 3775; x_wconf 84' lang='grc' dir='ltr'>Βυζαντίῳ</span> <span class='ocrx_word' id='word_1_524' title='bbox 1701 3703 1728 3756; x_wconf 92' lang='lat'><strong>6</strong></span> <span class='ocrx_word' id='word_1_525' title='bbox 1760 3704 1930 3778; x_wconf 81' lang='grc' dir='ltr'>μέγας</span> 
     </span>
    </p>
   </div>
   <div class='ocr_carea' id='block_1_73' title="bbox 271 3786 1932 3863">
    <p class='ocr_par' dir='ltr' id='par_1_73' title="bbox 271 3786 1932 3863">
     <span class='ocr_line' id='line_1_73' title="bbox 271 3786 1932 3863; baseline -0.003 -12"><span class='ocrx_word' id='word_1_526' title='bbox 271 3793 566 3854; x_wconf 82' lang='grc' dir='ltr'>Θεοδόσιος</span> <span class='ocrx_word' id='word_1_527' title='bbox 626 3786 940 3846; x_wconf 71' lang='grc' dir='ltr'>ἐϐασίλευσε</span> <span class='ocrx_word' id='word_1_528' title='bbox 995 3789 1084 3843; x_wconf 88' lang='grc' dir='ltr'>τὸν</span> <span class='ocrx_word' id='word_1_529' title='bbox 1138 3787 1451 3863; x_wconf 77' lang='grc' dir='ltr'>Ἀρκάδων,</span> <span class='ocrx_word' id='word_1_530' title='bbox 1508 3792 1598 3845; x_wconf 82' lang='grc' dir='ltr'><strong>καὶ</strong></span> <span class='ocrx_word' id='word_1_531' title='bbox 1649 3793 1740 3846; x_wconf 88' lang='grc' dir='ltr'>τὸν</span> <span class='ocrx_word' id='word_1_532' title='bbox 1767 3793 1932 3846; x_wconf 69' lang='grc' dir='ltr'><strong>Ὀνώο</strong></span> 
     </span>
    </p>
   </div>
   <div class='ocr_carea' id='block_1_74' title="bbox 276 3880 1933 3963">
    <p class='ocr_par' dir='ltr' id='par_1_74' title="bbox 276 3880 1933 3963">
     <span class='ocr_line' id='line_1_74' title="bbox 276 3880 1933 3963; baseline -0.004 -21"><span class='ocrx_word' id='word_1_533' title='bbox 276 3909 398 3963; x_wconf 89' lang='grc' dir='ltr'>ριον</span> <span class='ocrx_word' id='word_1_534' title='bbox 433 3886 484 3941; x_wconf 79' lang='grc' dir='ltr'>ἐν</span> <span class='ocrx_word' id='word_1_535' title='bbox 515 3884 733 3958; x_wconf 78' lang='grc' dir='ltr'>Ῥώμη,</span> <span class='ocrx_word' id='word_1_536' title='bbox 783 3881 959 3945; x_wconf 80' lang='grc' dir='ltr'>ἐλθὼν</span> <span class='ocrx_word' id='word_1_537' title='bbox 1017 3881 1286 3956; x_wconf 87' lang='grc' dir='ltr'>Ὁνώριος</span> <span class='ocrx_word' id='word_1_538' title='bbox 1339 3880 1390 3935; x_wconf 85' lang='grc' dir='ltr'>ἐν</span> <span class='ocrx_word' id='word_1_539' title='bbox 1443 3887 1523 3954; x_wconf 76' lang='grc' dir='ltr'>τῷ</span> <span class='ocrx_word' id='word_1_540' title='bbox 1556 3883 1826 3956; x_wconf 76' lang='grc' dir='ltr'>Βυζαντίῳ</span> <span class='ocrx_word' id='word_1_541' title='bbox 1857 3883 1933 3946; x_wconf 78' lang='grc' dir='ltr'>εἷς</span> 
     </span>
    </p>
   </div>
   <div class='ocr_carea' id='block_1_75' title="bbox 276 3969 1935 4052">
    <p class='ocr_par' dir='ltr' id='par_1_75' title="bbox 276 3969 1935 4052">
     <span class='ocr_line' id='line_1_75' title="bbox 276 3969 1935 4052; baseline -0.009 -19"><span class='ocrx_word' id='word_1_542' title='bbox 276 3973 442 4052; x_wconf 71' lang='grc' dir='ltr'>ἔργον</span> <span class='ocrx_word' id='word_1_543' title='bbox 481 3995 556 4044; x_wconf 85' lang='grc' dir='ltr'><strong>τι,</strong></span> <span class='ocrx_word' id='word_1_544' title='bbox 610 3970 914 4046; x_wconf 76' lang='grc' dir='ltr'>διηγήσατο</span> <span class='ocrx_word' id='word_1_545' title='bbox 965 3972 1033 4040; x_wconf 76' lang='grc' dir='ltr'><strong>τῇ</strong></span> <span class='ocrx_word' id='word_1_546' title='bbox 1088 3969 1256 4045; x_wconf 76' lang='grc' dir='ltr'>μητρὶ</span> <span class='ocrx_word' id='word_1_547' title='bbox 1303 3969 1392 4023; x_wconf 87' lang='grc' dir='ltr'><strong>καὶ</strong></span> <span class='ocrx_word' id='word_1_548' title='bbox 1439 3975 1520 4042; x_wconf 79' lang='grc' dir='ltr'>τῷ</span> <span class='ocrx_word' id='word_1_549' title='bbox 1560 3969 1802 4049; x_wconf 72' lang='grc' dir='ltr'>ἀδελφῷ,</span> <span class='ocrx_word' id='word_1_550' title='bbox 1852 3972 1935 4027; x_wconf 83' lang='grc' dir='ltr'><strong>’ὁτι</strong></span> 
     </span>
    </p>
   </div>
   <div class='ocr_carea' id='block_1_76' title="bbox 277 4058 1934 4134">
    <p class='ocr_par' dir='ltr' id='par_1_76' title="bbox 277 4058 1934 4134">
     <span class='ocr_line' id='line_1_76' title="bbox 277 4058 1934 4134; baseline -0.004 -14"><span class='ocrx_word' id='word_1_551' title='bbox 277 4072 402 4130; x_wconf 79' lang='grc' dir='ltr'>πῶς</span> <span class='ocrx_word' id='word_1_552' title='bbox 457 4065 510 4118; x_wconf 78' lang='grc' dir='ltr'>οἱ</span> <span class='ocrx_word' id='word_1_553' title='bbox 561 4063 827 4134; x_wconf 73' lang='grc' dir='ltr'>Ῥωμαῖοι</span> <span class='ocrx_word' id='word_1_554' title='bbox 886 4059 1203 4133; x_wconf 74' lang='grc' dir='ltr'>ἑορτάζουσι</span> <span class='ocrx_word' id='word_1_555' title='bbox 1263 4059 1362 4126; x_wconf 76' lang='grc' dir='ltr'>τὴν</span> <span class='ocrx_word' id='word_1_556' title='bbox 1423 4058 1672 4129; x_wconf 79' lang='grc' dir='ltr'>Γὲννησιν</span> <span class='ocrx_word' id='word_1_557' title='bbox 1734 4059 1809 4122; x_wconf 76' lang='grc' dir='ltr'>εἷς</span> <span class='ocrx_word' id='word_1_558' title='bbox 1837 4063 1934 4131; x_wconf 75' lang='grc' dir='ltr'><strong>τήν</strong></span> 
     </span>
    </p>
   </div>
   <div class='ocr_carea' id='block_1_77' title="bbox 281 4146 1938 4229">
    <p class='ocr_par' dir='ltr' id='par_1_77' title="bbox 281 4146 1938 4229">
     <span class='ocr_line' id='line_1_77' title="bbox 281 4146 1938 4229; baseline -0.002 -22"><span class='ocrx_word' id='word_1_559' title='bbox 281 4156 498 4229; x_wconf 77' lang='grc' dir='ltr'>ἡμέραν</span> <span class='ocrx_word' id='word_1_560' title='bbox 575 4150 767 4219; x_wconf 79' lang='grc' dir='ltr'>αὐτῆς,</span> <span class='ocrx_word' id='word_1_561' title='bbox 842 4147 978 4220; x_wconf 85' lang='grc' dir='ltr'><strong>μετά</strong></span> <span class='ocrx_word' id='word_1_562' title='bbox 1051 4146 1492 4221; x_wconf 82' lang='grc' dir='ltr'>ἀναγνωσμάτων</span> <span class='ocrx_word' id='word_1_563' title='bbox 1551 4147 1800 4218; x_wconf 86' lang='grc' dir='ltr'>τελείων,</span> <span class='ocrx_word' id='word_1_564' title='bbox 1849 4150 1938 4203; x_wconf 89' lang='grc' dir='ltr'><strong>καὶ</strong></span> 
     </span>
    </p>
   </div>
   <div class='ocr_carea' id='block_1_78' title="bbox 279 4235 1938 4313">
    <p class='ocr_par' dir='ltr' id='par_1_78' title="bbox 279 4235 1938 4313">
     <span class='ocr_line' id='line_1_78' title="bbox 279 4235 1938 4313; baseline -0.008 -13"><span class='ocrx_word' id='word_1_565' title='bbox 279 4243 516 4301; x_wconf 79' lang='grc' dir='ltr'>πολλῶν</span> <span class='ocrx_word' id='word_1_566' title='bbox 566 4235 880 4313; x_wconf 87' lang='grc' dir='ltr'>τροπαρίων</span> <span class='ocrx_word' id='word_1_567' title='bbox 928 4235 1017 4290; x_wconf 77' lang='grc' dir='ltr'>καὶ</span> <span class='ocrx_word' id='word_1_568' title='bbox 1069 4235 1426 4311; x_wconf 77' lang='grc' dir='ltr'><strong>στοιχαρίων⁵</strong></span> <span class='ocrx_word' id='word_1_569' title='bbox 1469 4237 1724 4298; x_wconf 67' lang='grc' dir='ltr'>ὡσαύτως</span> <span class='ocrx_word' id='word_1_570' title='bbox 1753 4239 1840 4292; x_wconf 74' lang='grc' dir='ltr'><strong>καὶ</strong></span> <span class='ocrx_word' id='word_1_571' title='bbox 1872 4239 1938 4292; x_wconf 70' lang='grc' dir='ltr'>τὰ</span> 
     </span>
    </p>
   </div>
   <div class='ocr_carea' id='block_1_79' title="bbox 284 4322 1937 4413">
    <p class='ocr_par' dir='ltr' id='par_1_79' title="bbox 284 4322 1937 4413">
     <span class='ocr_line' id='line_1_79' title="bbox 284 4322 1937 4413; baseline -0.003 -26"><span class='ocrx_word' id='word_1_572' title='bbox 284 4331 642 4413; x_wconf 76' lang='grc' dir='ltr'>βαπτίσματα</span> <span class='ocrx_word' id='word_1_573' title='bbox 699 4327 750 4380; x_wconf 78' lang='grc' dir='ltr'>ἐν</span> <span class='ocrx_word' id='word_1_574' title='bbox 808 4329 878 4400; x_wconf 79' lang='grc' dir='ltr'><strong>τῇ</strong></span> <span class='ocrx_word' id='word_1_575' title='bbox 937 4322 1050 4396; x_wconf 79' lang='grc' dir='ltr'>ἰδίᾳ</span> <span class='ocrx_word' id='word_1_576' title='bbox 1097 4325 1300 4399; x_wconf 72' lang='grc' dir='ltr'>ἡμέρᾳ,</span> <span class='ocrx_word' id='word_1_577' title='bbox 1349 4324 1682 4401; x_wconf 77' lang='grc' dir='ltr'>ὁλοκλήρως</span> <span class='ocrx_word' id='word_1_578' title='bbox 1731 4329 1818 4381; x_wconf 76' lang='grc' dir='ltr'><strong>καὶ</strong></span> <span class='ocrx_word' id='word_1_579' title='bbox 1849 4349 1937 4382; x_wconf 80' lang='grc' dir='ltr'>τε·</span> 
     </span>
    </p>
   </div>
   <div class='ocr_carea' id='block_1_80' title="bbox 2032 3260 3675 3332">
    <p class='ocr_par' dir='ltr' id='par_1_80' title="bbox 2032 3260 3675 3332">
     <span class='ocr_line' id='line_1_80' title="bbox 2032 3260 3675 3332; baseline -0.002 -16"><span class='ocrx_word' id='word_1_580' title='bbox 2032 3260 2426 3324; x_wconf 87' lang='lat' dir='ltr'><strong>Nativitatem,</strong></span> <span class='ocrx_word' id='word_1_581' title='bbox 2479 3260 2596 3314; x_wconf 91' lang='lat' dir='ltr'><strong>sive</strong></span> <span class='ocrx_word' id='word_1_582' title='bbox 2646 3262 2944 3332; x_wconf 85' lang='lat' dir='ltr'><strong>Baptisma</strong></span> <span class='ocrx_word' id='word_1_583' title='bbox 2991 3261 3330 3316; x_wconf 88' lang='lat' dir='ltr'><strong>recolimus.</strong></span> <span class='ocrx_word' id='word_1_584' title='bbox 3384 3263 3498 3315; x_wconf 84' lang='lat' dir='ltr'><strong>Nec</strong></span> <span class='ocrx_word' id='word_1_585' title='bbox 3541 3276 3675 3314; x_wconf 89' lang='lat' dir='ltr'><strong>vero</strong></span> 
     </span>
    </p>
   </div>
   <div class='ocr_carea' id='block_1_81' title="bbox 2035 3349 3681 3421">
    <p class='ocr_par' dir='ltr' id='par_1_81' title="bbox 2035 3349 3681 3421">
     <span class='ocr_line' id='line_1_81' title="bbox 2035 3349 3681 3421; baseline -0.001 -17"><span class='ocrx_word' id='word_1_586' title='bbox 2035 3350 2288 3421; x_wconf 88' lang='lat' dir='ltr'><strong>Neptuni</strong></span> <span class='ocrx_word' id='word_1_587' title='bbox 2319 3357 2422 3404; x_wconf 90' lang='lat' dir='ltr'><strong>aut</strong></span> <span class='ocrx_word' id='word_1_588' title='bbox 2471 3350 2761 3421; x_wconf 86' lang='lat' dir='ltr'><strong>Apollinis</strong></span> <span class='ocrx_word' id='word_1_589' title='bbox 2801 3351 3171 3406; x_wconf 84' lang='lat' dir='ltr'><strong>celebramus</strong></span> <span class='ocrx_word' id='word_1_590' title='bbox 3202 3350 3421 3420; x_wconf 86' lang='lat' dir='ltr'><strong>natale,</strong></span> <span class='ocrx_word' id='word_1_591' title='bbox 3455 3349 3559 3405; x_wconf 91' lang='lat' dir='ltr'><strong>sed</strong></span> <span class='ocrx_word' id='word_1_592' title='bbox 3587 3351 3681 3404; x_wconf 91' lang='lat' dir='ltr'><strong>Fi-</strong></span> 
     </span>
    </p>
   </div>
   <div class='ocr_carea' id='block_1_82' title="bbox 2037 3439 3686 3509">
    <p class='ocr_par' dir='ltr' id='par_1_82' title="bbox 2037 3439 3686 3509">
     <span class='ocr_line' id='line_1_82' title="bbox 2037 3439 3686 3509; baseline -0.001 -15"><span class='ocrx_word' id='word_1_593' title='bbox 2037 3439 2101 3494; x_wconf 90' lang='lat' dir='ltr'><strong>lii</strong></span> <span class='ocrx_word' id='word_1_594' title='bbox 2135 3440 2257 3504; x_wconf 93' lang='lat' dir='ltr'><strong>Dei,</strong></span> <span class='ocrx_word' id='word_1_595' title='bbox 2289 3457 2449 3509; x_wconf 88' lang='lat' dir='ltr'><strong>quem</strong></span> <span class='ocrx_word' id='word_1_596' title='bbox 2497 3440 2785 3495; x_wconf 79' lang='lat' dir='ltr'><strong>constituit</strong></span> <span class='ocrx_word' id='word_1_597' title='bbox 2837 3440 3104 3495; x_wconf 71' lang='lat' dir='ltr'><strong>haeredem</strong></span> <span class='ocrx_word' id='word_1_598' title='bbox 3153 3440 3553 3508; x_wconf 71' lang='lat' dir='ltr'><strong>universam-1n,</strong></span> <span class='ocrx_word' id='word_1_599' title='bbox 3580 3455 3686 3508; x_wconf 78' lang='lat' dir='ltr'><strong>per</strong></span> 
     </span>
    </p>
   </div>
   <div class='ocr_carea' id='block_1_83' title="bbox 2039 3527 3686 3601">
    <p class='ocr_par' dir='ltr' id='par_1_83' title="bbox 2039 3527 3686 3601">
     <span class='ocr_line' id='line_1_83' title="bbox 2039 3527 3686 3601; baseline -0.001 -19"><span class='ocrx_word' id='word_1_600' title='bbox 2039 3545 2197 3598; x_wconf 87' lang='lat' dir='ltr'><strong>quem</strong></span> <span class='ocrx_word' id='word_1_601' title='bbox 2225 3531 2356 3596; x_wconf 82' lang='lat' dir='ltr'><strong>fecit</strong></span> <span class='ocrx_word' id='word_1_602' title='bbox 2383 3535 2434 3584; x_wconf 84' lang='lat' dir='ltr'><strong>et</strong></span> <span class='ocrx_word' id='word_1_603' title='bbox 2464 3529 2706 3583; x_wconf 58' lang='lat' dir='ltr'><strong>saecula”.</strong></span> <span class='ocrx_word' id='word_1_604' title='bbox 2734 3550 2762 3578; x_wconf 73' lang='grc' dir='ltr'>ι)</span> <span class='ocrx_word' id='word_1_605' title='bbox 2795 3529 2941 3593; x_wconf 89' lang='lat' dir='ltr'><strong>Quia</strong></span> <span class='ocrx_word' id='word_1_606' title='bbox 2975 3545 3105 3583; x_wconf 89' lang='lat' dir='ltr'><strong>vero</strong></span> <span class='ocrx_word' id='word_1_607' title='bbox 3138 3545 3386 3601; x_wconf 90' lang='lat' dir='ltr'><strong>magnus</strong></span> <span class='ocrx_word' id='word_1_608' title='bbox 3417 3527 3686 3582; x_wconf 88' lang='lat' dir='ltr'><strong>Theodo-</strong></span> 
     </span>
    </p>
   </div>
   <div class='ocr_carea' id='block_1_84' title="bbox 2041 3616 3686 3688">
    <p class='ocr_par' dir='ltr' id='par_1_84' title="bbox 2041 3616 3686 3688">
     <span class='ocr_line' id='line_1_84' title="bbox 2041 3616 3686 3688; baseline -0.001 -17"><span class='ocrx_word' id='word_1_609' title='bbox 2041 3618 2164 3672; x_wconf 90' lang='lat' dir='ltr'><strong>sius</strong></span> <span class='ocrx_word' id='word_1_610' title='bbox 2190 3618 2576 3672; x_wconf 90' lang='lat' dir='ltr'><strong>censtituerat</strong></span> <span class='ocrx_word' id='word_1_611' title='bbox 2605 3616 2922 3672; x_wconf 80' lang='lat' dir='ltr'><strong>Arcadium</strong></span> <span class='ocrx_word' id='word_1_612' title='bbox 2950 3617 3209 3688; x_wconf 87' lang='lat' dir='ltr'><strong>Byzantii</strong></span> <span class='ocrx_word' id='word_1_613' title='bbox 3241 3617 3686 3688; x_wconf 87' lang='lat' dir='ltr'><strong>imperatorem,</strong></span> 
     </span>
    </p>
   </div>
   <div class='ocr_carea' id='block_1_85' title="bbox 2042 3705 3689 3777">
    <p class='ocr_par' dir='ltr' id='par_1_85' title="bbox 2042 3705 3689 3777">
     <span class='ocr_line' id='line_1_85' title="bbox 2042 3705 3689 3777; baseline -0.003 -15"><span class='ocrx_word' id='word_1_614' title='bbox 2042 3723 2110 3762; x_wconf 87' lang='lat' dir='ltr'><strong>ac</strong></span> <span class='ocrx_word' id='word_1_615' title='bbox 2143 3707 2470 3761; x_wconf 88' lang='lat' dir='ltr'><strong>Honorium</strong></span> <span class='ocrx_word' id='word_1_616' title='bbox 2499 3709 2716 3774; x_wconf 73' lang='lat' dir='ltr'><strong>Romae,</strong></span> <span class='ocrx_word' id='word_1_617' title='bbox 2751 3707 2994 3761; x_wconf 87' lang='lat' dir='ltr'><strong>veniens</strong></span> <span class='ocrx_word' id='word_1_618' title='bbox 3031 3706 3322 3762; x_wconf 85' lang='lat' dir='ltr'><strong>Honorius</strong></span> <span class='ocrx_word' id='word_1_619' title='bbox 3349 3705 3689 3777; x_wconf 84' lang='lat' dir='ltr'><strong>Byzantium</strong></span> 
     </span>
    </p>
   </div>
   <div class='ocr_carea' id='block_1_86' title="bbox 2044 3794 3692 3866">
    <p class='ocr_par' dir='ltr' id='par_1_86' title="bbox 2044 3794 3692 3866">
     <span class='ocr_line' id='line_1_86' title="bbox 2044 3794 3692 3866; baseline 0 -18"><span class='ocrx_word' id='word_1_620' title='bbox 2044 3795 2262 3866; x_wconf 80' lang='lat' dir='ltr'><strong>negotii</strong></span> <span class='ocrx_word' id='word_1_621' title='bbox 2321 3795 2548 3864; x_wconf 88' lang='lat' dir='ltr'><strong>aliquid</strong></span> <span class='ocrx_word' id='word_1_622' title='bbox 2619 3796 3018 3864; x_wconf 71' lang='lat' dir='ltr'><strong>conlecturus,</strong></span> <span class='ocrx_word' id='word_1_623' title='bbox 3079 3795 3341 3850; x_wconf 90' lang='lat' dir='ltr'><strong>narravit</strong></span> <span class='ocrx_word' id='word_1_624' title='bbox 3397 3794 3569 3849; x_wconf 87' lang='lat' dir='ltr'><strong>matri</strong></span> <span class='ocrx_word' id='word_1_625' title='bbox 3624 3809 3692 3848; x_wconf 88' lang='lat' dir='ltr'><strong>ac</strong></span> 
     </span>
    </p>
   </div>
   <div class='ocr_carea' id='block_1_87' title="bbox 2043 3883 3691 3951">
    <p class='ocr_par' dir='ltr' id='par_1_87' title="bbox 2043 3883 3691 3951">
     <span class='ocr_line' id='line_1_87' title="bbox 2043 3883 3691 3951; baseline 0.001 -13"><span class='ocrx_word' id='word_1_626' title='bbox 2043 3885 2236 3951; x_wconf 88' lang='lat' dir='ltr'><strong>fratri,</strong></span> <span class='ocrx_word' id='word_1_627' title='bbox 2264 3891 2328 3938; x_wconf 91' lang='lat' dir='ltr'><strong>ut</strong></span> <span class='ocrx_word' id='word_1_628' title='bbox 2368 3885 2618 3940; x_wconf 80' lang='lat' dir='ltr'><strong>Romani</strong></span> <span class='ocrx_word' id='word_1_629' title='bbox 2651 3903 2758 3940; x_wconf 87' lang='lat' dir='ltr'><strong>sua</strong></span> <span class='ocrx_word' id='word_1_630' title='bbox 2807 3885 2899 3940; x_wconf 91' lang='lat' dir='ltr'><strong>die</strong></span> <span class='ocrx_word' id='word_1_631' title='bbox 2930 3885 3133 3940; x_wconf 89' lang='lat' dir='ltr'><strong>Natale</strong></span> <span class='ocrx_word' id='word_1_632' title='bbox 3166 3885 3397 3939; x_wconf 91' lang='lat' dir='ltr'><strong>Domini</strong></span> <span class='ocrx_word' id='word_1_633' title='bbox 3425 3883 3691 3939; x_wconf 87' lang='lat' dir='ltr'><strong>celebra-</strong></span> 
     </span>
    </p>
   </div>
   <div class='ocr_carea' id='block_1_88' title="bbox 2047 3974 3694 4045">
    <p class='ocr_par' dir='ltr' id='par_1_88' title="bbox 2047 3974 3694 4045">
     <span class='ocr_line' id='line_1_88' title="bbox 2047 3974 3694 4045; baseline -0.001 -17"><span class='ocrx_word' id='word_1_634' title='bbox 2047 3980 2203 4040; x_wconf 87' lang='lat' dir='ltr'><strong>rcnt,</strong></span> <span class='ocrx_word' id='word_1_635' title='bbox 2237 3991 2371 4028; x_wconf 91' lang='lat' dir='ltr'><strong>cum</strong></span> <span class='ocrx_word' id='word_1_636' title='bbox 2404 3974 2763 4028; x_wconf 87' lang='lat' dir='ltr'><strong>lectionibus</strong></span> <span class='ocrx_word' id='word_1_637' title='bbox 2812 3974 3109 4045; x_wconf 83' lang='lat' dir='ltr'><strong>perfectis,</strong></span> <span class='ocrx_word' id='word_1_638' title='bbox 3146 3974 3467 4043; x_wconf 90' lang='lat' dir='ltr'><strong>multisque</strong></span> <span class='ocrx_word' id='word_1_639' title='bbox 3499 3978 3694 4043; x_wconf 87' lang='lat' dir='ltr'><strong>tropa-</strong></span> 
     </span>
    </p>
   </div>
   <div class='ocr_carea' id='block_1_89' title="bbox 2049 4061 3694 4134">
    <p class='ocr_par' dir='ltr' id='par_1_89' title="bbox 2049 4061 3694 4134">
     <span class='ocr_line' id='line_1_89' title="bbox 2049 4061 3694 4134; baseline -0.002 -17"><span class='ocrx_word' id='word_1_640' title='bbox 2049 4064 2153 4118; x_wconf 91' lang='lat' dir='ltr'><strong>riis</strong></span> <span class='ocrx_word' id='word_1_641' title='bbox 2177 4080 2244 4118; x_wconf 90' lang='lat' dir='ltr'><strong>ac</strong></span> <span class='ocrx_word' id='word_1_642' title='bbox 2273 4062 2524 4118; x_wconf 88' lang='lat' dir='ltr'><strong>modulis</strong></span> <span class='ocrx_word' id='word_1_643' title='bbox 2553 4080 2565 4116; x_wconf 90' lang='lat'>:</span> <span class='ocrx_word' id='word_1_644' title='bbox 2605 4069 2787 4134; x_wconf 88' lang='lat' dir='ltr'><strong>utque</strong></span> <span class='ocrx_word' id='word_1_645' title='bbox 2820 4063 3042 4133; x_wconf 87' lang='lat' dir='ltr'><strong>pariter</strong></span> <span class='ocrx_word' id='word_1_646' title='bbox 3068 4062 3285 4116; x_wconf 86' lang='lat' dir='ltr'><strong>festum</strong></span> <span class='ocrx_word' id='word_1_647' title='bbox 3321 4061 3694 4130; x_wconf 86' lang='lat' dir='ltr'><strong>Baptismatis</strong></span> 
     </span>
    </p>
   </div>
   <div class='ocr_carea' id='block_1_90' title="bbox 2051 4147 3694 4224">
    <p class='ocr_par' dir='ltr' id='par_1_90' title="bbox 2051 4147 3694 4224">
     <span class='ocr_line' id='line_1_90' title="bbox 2051 4147 3694 4224; baseline -0.004 -18"><span class='ocrx_word' id='word_1_648' title='bbox 2051 4153 2143 4207; x_wconf 88' lang='lat' dir='ltr'><strong>die</strong></span> <span class='ocrx_word' id='word_1_649' title='bbox 2171 4153 2429 4224; x_wconf 84' lang='lat' dir='ltr'><strong>prOpria,</strong></span> <span class='ocrx_word' id='word_1_650' title='bbox 2474 4153 2722 4223; x_wconf 81' lang='lat' dir='ltr'><strong>integre,</strong></span> <span class='ocrx_word' id='word_1_651' title='bbox 2773 4152 3053 4221; x_wconf 78' lang='lat' dir='ltr'><strong>perfecte,</strong></span> <span class='ocrx_word' id='word_1_652' title='bbox 3105 4148 3270 4202; x_wconf 89' lang='lat' dir='ltr'><strong>nulla</strong></span> <span class='ocrx_word' id='word_1_653' title='bbox 3301 4147 3694 4202; x_wconf 88' lang='lat' dir='ltr'><strong>diminutione</strong></span> 
     </span>
    </p>
   </div>
   <div class='ocr_carea' id='block_1_91' title="bbox 2051 4235 3695 4310">
    <p class='ocr_par' dir='ltr' id='par_1_91' title="bbox 2051 4235 3695 4310">
     <span class='ocr_line' id='line_1_91' title="bbox 2051 4235 3695 4310; baseline -0.004 -16"><span class='ocrx_word' id='word_1_654' title='bbox 2051 4242 2208 4297; x_wconf 90' lang='lat' dir='ltr'><strong>vario</strong></span> <span class='ocrx_word' id='word_1_655' title='bbox 2240 4242 2523 4296; x_wconf 81' lang='lat' dir='ltr'><strong>festorum</strong></span> <span class='ocrx_word' id='word_1_656' title='bbox 2571 4244 2783 4294; x_wconf 89' lang='lat' dir='ltr'><strong>ornatu</strong></span> <span class='ocrx_word' id='word_1_657' title='bbox 2833 4243 3202 4310; x_wconf 78' lang='lat' dir='ltr'><strong>peragerent,</strong></span> <span class='ocrx_word' id='word_1_658' title='bbox 3248 4236 3516 4305; x_wconf 88' lang='lat' dir='ltr'><strong>nihilque</strong></span> <span class='ocrx_word' id='word_1_659' title='bbox 3546 4235 3695 4289; x_wconf 88' lang='lat' dir='ltr'><strong>alte-</strong></span> 
     </span>
    </p>
   </div>
   <div class='ocr_carea' id='block_1_92' title="bbox 2051 4324 3693 4397">
    <p class='ocr_par' dir='ltr' id='par_1_92' title="bbox 2051 4324 3693 4397">
     <span class='ocr_line' id='line_1_92' title="bbox 2051 4324 3693 4397; baseline -0.004 -14"><span class='ocrx_word' id='word_1_660' title='bbox 2051 4347 2116 4384; x_wconf 89' lang='lat' dir='ltr'><strong>ra</strong></span> <span class='ocrx_word' id='word_1_661' title='bbox 2193 4346 2263 4382; x_wconf 81' lang='lat' dir='ltr'><strong>ex</strong></span> <span class='ocrx_word' id='word_1_662' title='bbox 2321 4329 2507 4383; x_wconf 89' lang='lat' dir='ltr'><strong>altera</strong></span> <span class='ocrx_word' id='word_1_663' title='bbox 2583 4327 2868 4382; x_wconf 88' lang='lat' dir='ltr'><strong>festivitas</strong></span> <span class='ocrx_word' id='word_1_664' title='bbox 2942 4325 3277 4397; x_wconf 89' lang='lat' dir='ltr'><strong>splendoris</strong></span> <span class='ocrx_word' id='word_1_665' title='bbox 3375 4324 3693 4378; x_wconf 89' lang='lat' dir='ltr'><strong>amitteret.</strong></span> 
     </span>
    </p>
   </div>
   <div class='ocr_carea' id='block_1_93' title="bbox 282 4403 1925 4494">
    <p class='ocr_par' dir='ltr' id='par_1_93' title="bbox 282 4403 1925 4494">
     <span class='ocr_line' id='line_1_93' title="bbox 282 4403 1925 4494; baseline -0.002 -19"><span class='ocrx_word' id='word_1_666' title='bbox 282 4403 475 4494; x_wconf 64' lang='grc' dir='ltr'>λείως,</span> <span class='ocrx_word' id='word_1_667' title='bbox 501 4403 637 4494; x_wconf 76' lang='grc' dir='ltr'>δίχα</span> <span class='ocrx_word' id='word_1_668' title='bbox 679 4417 880 4476; x_wconf 73' lang='grc' dir='ltr'>παντὸς</span> <span class='ocrx_word' id='word_1_669' title='bbox 926 4415 1321 4490; x_wconf 77' lang='grc' dir='ltr'>ὑστερήματος,</span> <span class='ocrx_word' id='word_1_670' title='bbox 1372 4420 1777 4489; x_wconf 84' lang='grc' dir='ltr'>κατακοσμοῦσι</span> <span class='ocrx_word' id='word_1_671' title='bbox 1809 4438 1925 4471; x_wconf 89' lang='grc' dir='ltr'>ποι-</span> 
     </span>
    </p>
   </div>
   <div class='ocr_carea' id='block_1_94' title="bbox 2038 4403 3698 4494">
    <p class='ocr_par' dir='ltr' id='par_1_94' title="bbox 2060 4415 3698 4474">
     <span class='ocr_line' id='line_1_94' title="bbox 2060 4415 3698 4474; baseline -0.006 0"><span class='ocrx_word' id='word_1_672' title='bbox 2060 4421 2238 4474; x_wconf 90' lang='lat' dir='ltr'><strong>Porro</strong></span> <span class='ocrx_word' id='word_1_673' title='bbox 2271 4418 2394 4472; x_wconf 88' lang='lat' dir='ltr'><strong>visa</strong></span> <span class='ocrx_word' id='word_1_674' title='bbox 2423 4423 2561 4472; x_wconf 91' lang='lat' dir='ltr'><strong>sunt</strong></span> <span class='ocrx_word' id='word_1_675' title='bbox 2611 4416 2855 4472; x_wconf 86' lang='lat' dir='ltr'><strong>Honorii</strong></span> <span class='ocrx_word' id='word_1_676' title='bbox 2906 4415 3083 4470; x_wconf 87' lang='lat' dir='ltr'><strong>verba</strong></span> <span class='ocrx_word' id='word_1_677' title='bbox 3126 4415 3250 4469; x_wconf 80' lang='lat' dir='ltr'><strong>haec</strong></span> <span class='ocrx_word' id='word_1_678' title='bbox 3280 4429 3479 4469; x_wconf 87' lang='lat' dir='ltr'><strong>coram</strong></span> <span class='ocrx_word' id='word_1_679' title='bbox 3509 4415 3698 4466; x_wconf 88' lang='lat' dir='ltr'><strong>matre</strong></span> 
     </span>
    </p>
   </div>
   <div class='ocr_carea' id='block_1_95' title="bbox 362 4593 1567 4670">
    <p class='ocr_par' dir='ltr' id='par_1_95' title="bbox 362 4593 1567 4670">
     <span class='ocr_line' id='line_1_95' title="bbox 362 4593 1567 4670; baseline -0.005 -14"><span class='ocrx_word' id='word_1_680' title='bbox 362 4601 386 4635; x_wconf 83' lang='grc'><strong>⁴</strong></span> <span class='ocrx_word' id='word_1_681' title='bbox 415 4602 472 4656; x_wconf 93' lang='lat' dir='ltr'><strong>S.</strong></span> <span class='ocrx_word' id='word_1_682' title='bbox 507 4600 674 4670; x_wconf 87' lang='lat' dir='ltr'><strong>Greg.</strong></span> <span class='ocrx_word' id='word_1_683' title='bbox 709 4600 857 4652; x_wconf 89' lang='lat' dir='ltr'><strong>orat.</strong></span> <span class='ocrx_word' id='word_1_684' title='bbox 891 4597 980 4666; x_wconf 86' lang='lat'><strong>39,</strong></span> <span class='ocrx_word' id='word_1_685' title='bbox 1014 4595 1144 4649; x_wconf 91' lang='lat' dir='ltr'><strong>init.</strong></span> <span class='ocrx_word' id='word_1_686' title='bbox 1177 4593 1202 4627; x_wconf 85' lang='grc'><strong>⁵</strong></span> <span class='ocrx_word' id='word_1_687' title='bbox 1233 4594 1406 4651; x_wconf 88' lang='lat' dir='ltr'><strong>Hebr.</strong></span> <span class='ocrx_word' id='word_1_688' title='bbox 1441 4611 1480 4664; x_wconf 84' lang='grc' dir='ltr'><strong>ι,</strong></span> <span class='ocrx_word' id='word_1_689' title='bbox 1515 4599 1567 4650; x_wconf 89' lang='grc'>2.</span> 
     </span>
    </p>
   </div>
   <div class='ocr_carea' id='block_1_96' title="bbox 1886 4716 2109 4770">
    <p class='ocr_par' dir='ltr' id='par_1_96' title="bbox 1886 4716 2109 4770">
     <span class='ocr_line' id='line_1_96' title="bbox 1886 4716 2109 4770; baseline 0 -1"><span class='ocrx_word' id='word_1_690' title='bbox 1886 4716 2109 4770; x_wconf 62' lang='lat' dir='ltr'><strong>NOTAE.</strong></span> 
     </span>
    </p>
   </div>
   <div class='ocr_carea' id='block_1_97' title="bbox 373 4837 1949 4916">
    <p class='ocr_par' dir='ltr' id='par_1_97' title="bbox 373 4837 1949 4916">
     <span class='ocr_line' id='line_1_97' title="bbox 373 4837 1949 4916; baseline -0.005 -16"><span class='ocrx_word' id='word_1_691' title='bbox 373 4846 449 4916; x_wconf 81' lang='lat'><strong>(‘7)</strong></span> <span class='ocrx_word' id='word_1_692' title='bbox 479 4845 713 4916; x_wconf 69' lang='lat' dir='ltr'><strong>Sanctus</strong></span> <span class='ocrx_word' id='word_1_693' title='bbox 763 4837 1239 4916; x_wconf 61' lang='lat' dir='ltr'><strong>autem_Basil_ius</strong></span> <span class='ocrx_word' id='word_1_694' title='bbox 1267 4837 1547 4916; x_wconf 50' lang='lat' dir='ltr'><strong>scripsit,</strong></span> <span class='ocrx_word' id='word_1_695' title='bbox 1575 4842 1664 4892; x_wconf 91' lang='lat' dir='ltr'><strong>etc</strong></span> <span class='ocrx_word' id='word_1_696' title='bbox 1713 4841 1838 4916; x_wconf 82' lang='lat' dir='ltr'><strong>Non</strong></span> <span class='ocrx_word' id='word_1_697' title='bbox 1864 4839 1949 4892; x_wconf 86' lang='lat' dir='ltr'><strong>vi-</strong></span> 
     </span>
    </p>
   </div>
   <div class='ocr_carea' id='block_1_98' title="bbox 297 4908 1952 4980">
    <p class='ocr_par' dir='ltr' id='par_1_98' title="bbox 297 4908 1952 4980">
     <span class='ocr_line' id='line_1_98' title="bbox 297 4908 1952 4980; baseline -0.005 -7"><span class='ocrx_word' id='word_1_698' title='bbox 297 4908 521 4974; x_wconf 77' lang='lat' dir='ltr'><strong>dentur</strong></span> <span class='ocrx_word' id='word_1_699' title='bbox 549 4915 676 4969; x_wconf 64' lang='lat' dir='ltr'><strong>hazc</strong></span> <span class='ocrx_word' id='word_1_700' title='bbox 707 4916 936 4967; x_wconf 85' lang='lat' dir='ltr'><strong>exstare</strong></span> <span class='ocrx_word' id='word_1_701' title='bbox 968 4908 1028 4980; x_wconf 87' lang='lat' dir='ltr'><strong>in</strong></span> <span class='ocrx_word' id='word_1_702' title='bbox 1060 4909 1234 4964; x_wconf 91' lang='lat' dir='ltr'><strong>editis</strong></span> <span class='ocrx_word' id='word_1_703' title='bbox 1267 4909 1493 4964; x_wconf 88' lang='lat' dir='ltr'><strong>Basilii.</strong></span> <span class='ocrx_word' id='word_1_704' title='bbox 1521 4911 1840 4980; x_wconf 80' lang='lat' dir='ltr'><strong>Agnovisse</strong></span> <span class='ocrx_word' id='word_1_705' title='bbox 1873 4917 1952 4965; x_wconf 88' lang='lat' dir='ltr'><strong>ta-</strong></span> 
     </span>
    </p>
   </div>
   <div class='ocr_carea' id='block_1_99' title="bbox 300 4979 1949 5052">
    <p class='ocr_par' dir='ltr' id='par_1_99' title="bbox 300 4979 1949 5052">
     <span class='ocr_line' id='line_1_99' title="bbox 300 4979 1949 5052; baseline -0.007 -6"><span class='ocrx_word' id='word_1_706' title='bbox 300 5006 444 5047; x_wconf 89' lang='lat' dir='ltr'><strong>men</strong></span> <span class='ocrx_word' id='word_1_707' title='bbox 461 4987 722 5043; x_wconf 87' lang='lat' dir='ltr'><strong>Natalem</strong></span> <span class='ocrx_word' id='word_1_708' title='bbox 746 4979 982 5036; x_wconf 89' lang='lat' dir='ltr'><strong>Domini</strong></span> <span class='ocrx_word' id='word_1_709' title='bbox 1006 4980 1396 5052; x_wconf 15' lang='lat' dir='ltr'><strong>diemrprreter</strong></span> <span class='ocrx_word' id='word_1_710' title='bbox 1411 4981 1567 5034; x_wconf 91' lang='lat' dir='ltr'><strong>diem</strong></span> <span class='ocrx_word' id='word_1_711' title='bbox 1583 4982 1949 5052; x_wconf 67' lang='lat' dir='ltr'><strong>Epiphaniae,</strong></span> 
     </span>
    </p>
   </div>
   <div class='ocr_carea' id='block_1_100' title="bbox 299 5050 1955 5122">
    <p class='ocr_par' dir='ltr' id='par_1_100' title="bbox 299 5050 1955 5122">
     <span class='ocr_line' id='line_1_100' title="bbox 299 5050 1955 5122; baseline -0.007 -5"><span class='ocrx_word' id='word_1_712' title='bbox 299 5079 372 5118; x_wconf 86' lang='lat' dir='ltr'><strong>ac</strong></span> <span class='ocrx_word' id='word_1_713' title='bbox 393 5060 550 5114; x_wconf 91' lang='lat' dir='ltr'><strong>diem</strong></span> <span class='ocrx_word' id='word_1_714' title='bbox 572 5055 909 5118; x_wconf 90' lang='lat' dir='ltr'><strong>Luminum,</strong></span> <span class='ocrx_word' id='word_1_715' title='bbox 935 5058 1136 5122; x_wconf 88' lang='lat' dir='ltr'><strong>aperte</strong></span> <span class='ocrx_word' id='word_1_716' title='bbox 1160 5050 1384 5107; x_wconf 91' lang='lat' dir='ltr'><strong>indicat</strong></span> <span class='ocrx_word' id='word_1_717' title='bbox 1411 5054 1568 5107; x_wconf 90' lang='lat' dir='ltr'><strong>hom.</strong></span> <span class='ocrx_word' id='word_1_718' title='bbox 1599 5050 1726 5122; x_wconf 76' lang='lat' dir='ltr'><strong>ejus</strong></span> <span class='ocrx_word' id='word_1_719' title='bbox 1749 5055 1815 5106; x_wconf 82' lang='grc'><strong>25</strong></span> <span class='ocrx_word' id='word_1_720' title='bbox 1844 5051 1955 5118; x_wconf 65' lang='grc' dir='ltr'>ςετς</span> 
     </span>
    </p>
   </div>
   <div class='ocr_carea' id='block_1_101' title="bbox 296 5121 1954 5202">
    <p class='ocr_par' dir='ltr' id='par_1_101' title="bbox 296 5121 1954 5202">
     <span class='ocr_line' id='line_1_101' title="bbox 296 5121 1954 5202; baseline -0.002 -20"><span class='ocrx_word' id='word_1_721' title='bbox 296 5133 401 5199; x_wconf 73' lang='grc' dir='ltr'><strong>τήν</strong></span> <span class='ocrx_word' id='word_1_722' title='bbox 432 5127 582 5202; x_wconf 86' lang='grc' dir='ltr'>άγίαν</span> <span class='ocrx_word' id='word_1_723' title='bbox 640 5121 1026 5202; x_wconf 37' lang='grc' dir='ltr'>τοῦῌΧριστοῦ</span> <span class='ocrx_word' id='word_1_724' title='bbox 1079 5121 1353 5189; x_wconf 75' lang='grc' dir='ltr'>Γὲννησυ·</span> <span class='ocrx_word' id='word_1_725' title='bbox 1379 5195 1393 5202; x_wconf 82' lang='lat'>_</span> <span class='ocrx_word' id='word_1_726' title='bbox 1415 5124 1514 5178; x_wconf 92' lang='lat' dir='ltr'><strong>ubi</strong></span> <span class='ocrx_word' id='word_1_727' title='bbox 1575 5121 1732 5178; x_wconf 86' lang='lat' dir='ltr'><strong>totus</strong></span> <span class='ocrx_word' id='word_1_728' title='bbox 1773 5131 1864 5202; x_wconf 77' lang='lat' dir='ltr'><strong>est</strong></span> <span class='ocrx_word' id='word_1_729' title='bbox 1893 5126 1954 5180; x_wconf 89' lang='lat' dir='ltr'><strong>in</strong></span> 
     </span>
    </p>
   </div>
   <div class='ocr_carea' id='block_1_102' title="bbox 298 5195 1954 5262">
    <p class='ocr_par' dir='ltr' id='par_1_102' title="bbox 298 5195 1954 5262">
     <span class='ocr_line' id='line_1_102' title="bbox 298 5195 1954 5262; baseline -0.006 -2"><span class='ocrx_word' id='word_1_730' title='bbox 298 5195 676 5262; x_wconf 79' lang='lat' dir='ltr'><strong>sacramento</strong></span> <span class='ocrx_word' id='word_1_731' title='bbox 726 5196 842 5251; x_wconf 92' lang='lat' dir='ltr'><strong>diei</strong></span> <span class='ocrx_word' id='word_1_732' title='bbox 895 5195 1056 5248; x_wconf 89' lang='lat' dir='ltr'><strong>illius</strong></span> <span class='ocrx_word' id='word_1_733' title='bbox 1103 5195 1454 5256; x_wconf 87' lang='lat' dir='ltr'><strong>enarrando.</strong></span> <span class='ocrx_word' id='word_1_734' title='bbox 1489 5212 1556 5248; x_wconf 90' lang='lat' dir='ltr'><strong>ac</strong></span> <span class='ocrx_word' id='word_1_735' title='bbox 1606 5213 1680 5249; x_wconf 89' lang='lat' dir='ltr'><strong>ne</strong></span> <span class='ocrx_word' id='word_1_736' title='bbox 1712 5196 1954 5250; x_wconf 86' lang='lat' dir='ltr'><strong>verbum</strong></span> 
     </span>
    </p>
   </div>
   <div class='ocr_carea' id='block_1_103' title="bbox 299 5266 1954 5348">
    <p class='ocr_par' dir='ltr' id='par_1_103' title="bbox 299 5266 1954 5348">
     <span class='ocr_line' id='line_1_103' title="bbox 299 5266 1954 5348; baseline -0.005 -17"><span class='ocrx_word' id='word_1_737' title='bbox 299 5274 548 5348; x_wconf 80' lang='lat' dir='ltr'><strong>quidem</strong></span> <span class='ocrx_word' id='word_1_738' title='bbox 595 5269 775 5348; x_wconf 74' lang='lat' dir='ltr'><strong>habet</strong></span> <span class='ocrx_word' id='word_1_739' title='bbox 818 5266 1255 5348; x_wconf 27' lang='lat' dir='ltr'><strong>quoadospectet</strong></span> <span class='ocrx_word' id='word_1_740' title='bbox 1278 5268 1376 5348; x_wconf 69' lang='lat' dir='ltr'><strong>ad</strong></span> <span class='ocrx_word' id='word_1_741' title='bbox 1399 5267 1556 5348; x_wconf 83' lang='lat' dir='ltr'><strong>diem</strong></span> <span class='ocrx_word' id='word_1_742' title='bbox 1589 5267 1954 5348; x_wconf 60' lang='lat' dir='ltr'><strong>Epiphaniae,</strong></span> 
     </span>
    </p>
   </div>
   <div class='ocr_carea' id='block_1_104' title="bbox 343 5337 1954 5408">
    <p class='ocr_par' dir='ltr' id='par_1_104' title="bbox 343 5337 1954 5408">
     <span class='ocr_line' id='line_1_104' title="bbox 343 5337 1954 5408; baseline -0.007 -5"><span class='ocrx_word' id='word_1_743' title='bbox 343 5352 476 5402; x_wconf 88' lang='lat' dir='ltr'><strong>rout</strong></span> <span class='ocrx_word' id='word_1_744' title='bbox 505 5342 686 5399; x_wconf 76' lang='lat' dir='ltr'><strong>Graeci</strong></span> <span class='ocrx_word' id='word_1_745' title='bbox 720 5340 880 5394; x_wconf 89' lang='lat' dir='ltr'><strong>diem</strong></span> <span class='ocrx_word' id='word_1_746' title='bbox 904 5337 1250 5408; x_wconf 74' lang='lat' dir='ltr'><strong>Epiphaniae</strong></span> <span class='ocrx_word' id='word_1_747' title='bbox 1273 5339 1487 5392; x_wconf 88' lang='lat' dir='ltr'><strong>festum</strong></span> <span class='ocrx_word' id='word_1_748' title='bbox 1520 5338 1758 5401; x_wconf 89' lang='lat' dir='ltr'><strong>habent,</strong></span> <span class='ocrx_word' id='word_1_749' title='bbox 1793 5355 1954 5393; x_wconf 89' lang='lat' dir='ltr'><strong>reco-</strong></span> 
     </span>
    </p>
   </div>
   <div class='ocr_carea' id='block_1_105' title="bbox 325 5407 1959 5480">
    <p class='ocr_par' dir='ltr' id='par_1_105' title="bbox 325 5407 1959 5480">
     <span class='ocr_line' id='line_1_105' title="bbox 325 5407 1959 5480; baseline -0.006 -7"><span class='ocrx_word' id='word_1_750' title='bbox 325 5418 480 5474; x_wconf 88' lang='lat' dir='ltr'><strong>endo</strong></span> <span class='ocrx_word' id='word_1_751' title='bbox 514 5414 744 5470; x_wconf 89' lang='lat' dir='ltr'><strong>scilicet</strong></span> <span class='ocrx_word' id='word_1_752' title='bbox 784 5407 1020 5464; x_wconf 86' lang='lat' dir='ltr'><strong>Domini</strong></span> <span class='ocrx_word' id='word_1_753' title='bbox 1070 5409 1452 5480; x_wconf 87' lang='lat' dir='ltr'><strong>baptismum.</strong></span> <span class='ocrx_word' id='word_1_754' title='bbox 1487 5426 1554 5464; x_wconf 90' lang='lat' dir='ltr'><strong>ac</strong></span> <span class='ocrx_word' id='word_1_755' title='bbox 1586 5411 1770 5463; x_wconf 85' lang='lat' dir='ltr'><strong>nostri</strong></span> <span class='ocrx_word' id='word_1_756' title='bbox 1800 5411 1959 5464; x_wconf 87' lang='lat' dir='ltr'><strong>velut</strong></span> 
     </span>
    </p>
   </div>
   <div class='ocr_carea' id='block_1_106' title="bbox 292 5480 1957 5550">
    <p class='ocr_par' dir='ltr' id='par_1_106' title="bbox 292 5480 1957 5550">
     <span class='ocr_line' id='line_1_106' title="bbox 292 5480 1957 5550; baseline -0.006 -4"><span class='ocrx_word' id='word_1_757' title='bbox 292 5480 1120 5550; x_wconf 83' lang='lat' dir='ltr'><strong>initiationem,sanctiﬁcatis</strong></span> <span class='ocrx_word' id='word_1_758' title='bbox 1133 5488 1408 5536; x_wconf 84' lang='lat' dir='ltr'><strong>contactu</strong></span> <span class='ocrx_word' id='word_1_759' title='bbox 1422 5481 1619 5536; x_wconf 87' lang='lat' dir='ltr'><strong>carnis</strong></span> <span class='ocrx_word' id='word_1_760' title='bbox 1637 5482 1957 5536; x_wconf 73' lang='lat' dir='ltr'><strong>Dominicaa</strong></span> 
     </span>
    </p>
   </div>
   <div class='ocr_carea' id='block_1_107' title="bbox 292 5551 1962 5634">
    <p class='ocr_par' dir='ltr' id='par_1_107' title="bbox 292 5551 1962 5634">
     <span class='ocr_line' id='line_1_107' title="bbox 292 5551 1962 5634; baseline -0.014 -16"><span class='ocrx_word' id='word_1_761' title='bbox 292 5562 376 5620; x_wconf 88' lang='lat' dir='ltr'><strong>ad</strong></span> <span class='ocrx_word' id='word_1_762' title='bbox 407 5557 741 5634; x_wconf 80' lang='lat' dir='ltr'><strong>spiritalem</strong></span> <span class='ocrx_word' id='word_1_763' title='bbox 769 5551 1236 5634; x_wconf 67' lang='lat' dir='ltr'><strong>generationem,</strong></span> <span class='ocrx_word' id='word_1_764' title='bbox 1266 5553 1457 5624; x_wconf 89' lang='lat' dir='ltr'><strong>aquis.</strong></span> <span class='ocrx_word' id='word_1_765' title='bbox 1477 5552 1844 5634; x_wconf 43' lang='grc' dir='ltr'>Αῌηᾴεηιιοά</span> <span class='ocrx_word' id='word_1_766' title='bbox 1876 5553 1962 5607; x_wconf 76' lang='lat' dir='ltr'><strong>in-</strong></span> 
     </span>
    </p>
   </div>
   <div class='ocr_carea' id='block_1_108' title="bbox 293 5623 1956 5706">
    <p class='ocr_par' dir='ltr' id='par_1_108' title="bbox 293 5623 1956 5706">
     <span class='ocr_line' id='line_1_108' title="bbox 293 5623 1956 5706; baseline -0.007 -16"><span class='ocrx_word' id='word_1_767' title='bbox 293 5623 487 5706; x_wconf 55' lang='lat' dir='ltr'><strong>terpr.</strong></span> <span class='ocrx_word' id='word_1_768' title='bbox 541 5629 623 5684; x_wconf 89' lang='lat' dir='ltr'><strong>ita</strong></span> <span class='ocrx_word' id='word_1_769' title='bbox 668 5623 1011 5695; x_wconf 78' lang='lat' dir='ltr'><strong>inscripsit:</strong></span> <span class='ocrx_word' id='word_1_770' title='bbox 1061 5624 1138 5679; x_wconf 85' lang='lat' dir='ltr'><strong>De</strong></span> <span class='ocrx_word' id='word_1_771' title='bbox 1176 5623 1417 5680; x_wconf 68' lang='lat' dir='ltr'><strong>humana</strong></span> <span class='ocrx_word' id='word_1_772' title='bbox 1467 5623 1673 5681; x_wconf 77' lang='lat' dir='ltr'><strong>Christi</strong></span> <span class='ocrx_word' id='word_1_773' title='bbox 1726 5641 1956 5694; x_wconf 81' lang='lat' dir='ltr'><strong>genera-</strong></span> 
     </span>
    </p>
   </div>
   <div class='ocr_carea' id='block_1_109' title="bbox 2065 4829 3702 4906">
    <p class='ocr_par' dir='ltr' id='par_1_109' title="bbox 2065 4829 3702 4906">
     <span class='ocr_line' id='line_1_109' title="bbox 2065 4829 3702 4906; baseline -0.007 -13"><span class='ocrx_word' id='word_1_774' title='bbox 2065 4841 2230 4906; x_wconf 84' lang='lat' dir='ltr'><strong>tione,</strong></span> <span class='ocrx_word' id='word_1_775' title='bbox 2261 4840 2321 4891; x_wconf 75' lang='lat' dir='ltr'><strong>in</strong></span> <span class='ocrx_word' id='word_1_776' title='bbox 2352 4836 2444 4890; x_wconf 79' lang='lat' dir='ltr'><strong>die</strong></span> <span class='ocrx_word' id='word_1_777' title='bbox 2490 4837 2696 4900; x_wconf 81' lang='lat' dir='ltr'><strong>Natali,</strong></span> <span class='ocrx_word' id='word_1_778' title='bbox 2743 4842 2841 4890; x_wconf 88' lang='lat' dir='ltr'><strong>aut</strong></span> <span class='ocrx_word' id='word_1_779' title='bbox 2891 4835 3240 4906; x_wconf 67' lang='lat' dir='ltr'><strong>Epiphaniae,</strong></span> <span class='ocrx_word' id='word_1_780' title='bbox 3290 4832 3526 4906; x_wconf 83' lang='lat' dir='ltr'><strong>inscitia</strong></span> <span class='ocrx_word' id='word_1_781' title='bbox 3555 4829 3702 4884; x_wconf 88' lang='lat' dir='ltr'><strong>fuit:</strong></span> 
     </span>
    </p>
   </div>
   <div class='ocr_carea' id='block_1_110' title="bbox 2062 4903 3703 4980">
    <p class='ocr_par' dir='ltr' id='par_1_110' title="bbox 2062 4903 3703 4980">
     <span class='ocr_line' id='line_1_110' title="bbox 2062 4903 3703 4980; baseline -0.006 -16"><span class='ocrx_word' id='word_1_782' title='bbox 2062 4903 2302 4980; x_wconf 80' lang='lat' dir='ltr'><strong>forsque</strong></span> <span class='ocrx_word' id='word_1_783' title='bbox 2333 4909 2534 4980; x_wconf 90' lang='lat' dir='ltr'><strong>posuit</strong></span> <span class='ocrx_word' id='word_1_784' title='bbox 2554 4909 2654 4973; x_wconf 88' lang='lat' dir='ltr'><strong>ita,</strong></span> <span class='ocrx_word' id='word_1_785' title='bbox 2689 4907 2847 4978; x_wconf 89' lang='lat' dir='ltr'><strong>quod</strong></span> <span class='ocrx_word' id='word_1_786' title='bbox 2877 4903 3119 4980; x_wconf 78' lang='lat' dir='ltr'><strong>verbum</strong></span> <span class='ocrx_word' id='word_1_787' title='bbox 3141 4903 3383 4980; x_wconf 83' lang='lat' dir='ltr'><strong>aliquod</strong></span> <span class='ocrx_word' id='word_1_788' title='bbox 3405 4904 3476 4980; x_wconf 78' lang='lat' dir='ltr'><strong>de</strong></span> <span class='ocrx_word' id='word_1_789' title='bbox 3510 4917 3703 4980; x_wconf 57' lang='lat' dir='ltr'><strong>mago:</strong></span> 
     </span>
    </p>
   </div>
   <div class='ocr_carea' id='block_1_111' title="bbox 2061 4970 3708 5053">
    <p class='ocr_par' dir='ltr' id='par_1_111' title="bbox 2061 4970 3708 5053">
     <span class='ocr_line' id='line_1_111' title="bbox 2061 4970 3708 5053; baseline -0.005 -18"><span class='ocrx_word' id='word_1_790' title='bbox 2061 4970 2572 5053; x_wconf 47' lang='lat' dir='ltr'><strong>rum-adoratione</strong></span> <span class='ocrx_word' id='word_1_791' title='bbox 2590 4970 2798 5053; x_wconf 77' lang='lat' dir='ltr'><strong>legerit</strong></span> <span class='ocrx_word' id='word_1_792' title='bbox 2823 4996 2835 5045; x_wconf 93' lang='lat'><strong>;</strong></span> <span class='ocrx_word' id='word_1_793' title='bbox 2860 4977 2964 5053; x_wconf 84' lang='lat' dir='ltr'><strong>sed</strong></span> <span class='ocrx_word' id='word_1_794' title='bbox 2989 4994 3117 5053; x_wconf 71' lang='lat' dir='ltr'><strong>eam</strong></span> <span class='ocrx_word' id='word_1_795' title='bbox 3147 4970 3327 5053; x_wconf 50' lang='lat' dir='ltr'><strong>graeci</strong></span> <span class='ocrx_word' id='word_1_796' title='bbox 3356 4970 3708 5053; x_wconf 49' lang='lat' dir='ltr'><strong>referunt—ad</strong></span> 
     </span>
    </p>
   </div>
   <div class='ocr_carea' id='block_1_112' title="bbox 2065 5041 3710 5123">
    <p class='ocr_par' dir='ltr' id='par_1_112' title="bbox 2065 5041 3710 5123">
     <span class='ocr_line' id='line_1_112' title="bbox 2065 5041 3710 5123; baseline -0.005 -17"><span class='ocrx_word' id='word_1_797' title='bbox 2065 5054 2194 5123; x_wconf 84' lang='lat' dir='ltr'><strong>ipsa</strong></span> <span class='ocrx_word' id='word_1_798' title='bbox 2219 5054 2368 5106; x_wconf 82' lang='lat' dir='ltr'><strong>festa</strong></span> <span class='ocrx_word' id='word_1_799' title='bbox 2396 5041 2684 5114; x_wconf 58' lang='lat' dir='ltr'><strong>natalitio:</strong></span> <span class='ocrx_word' id='word_1_800' title='bbox 2737 5041 2847 5123; x_wconf 80' lang='lat' dir='ltr'><strong>nec</strong></span> <span class='ocrx_word' id='word_1_801' title='bbox 2895 5051 2955 5104; x_wconf 92' lang='lat' dir='ltr'><strong>in</strong></span> <span class='ocrx_word' id='word_1_802' title='bbox 2993 5049 3101 5123; x_wconf 90' lang='lat' dir='ltr'><strong>_d_ie</strong></span> <span class='ocrx_word' id='word_1_803' title='bbox 3152 5046 3497 5118; x_wconf 61' lang='lat' dir='ltr'><strong>Epiphania:</strong></span> <span class='ocrx_word' id='word_1_804' title='bbox 3546 5041 3710 5100; x_wconf 87' lang='lat' dir='ltr'><strong>aliud</strong></span> 
     </span>
    </p>
   </div>
   <div class='ocr_carea' id='block_1_113' title="bbox 2065 5121 3386 5194">
    <p class='ocr_par' dir='ltr' id='par_1_113' title="bbox 2065 5121 3386 5194">
     <span class='ocr_line' id='line_1_113' title="bbox 2065 5121 3386 5194; baseline -0.005 -16"><span class='ocrx_word' id='word_1_805' title='bbox 2065 5121 2243 5194; x_wconf 77' lang='lat' dir='ltr'><strong>quam</strong></span> <span class='ocrx_word' id='word_1_806' title='bbox 2277 5123 2570 5193; x_wconf 86' lang='lat' dir='ltr'><strong>baptisma</strong></span> <span class='ocrx_word' id='word_1_807' title='bbox 2601 5121 2887 5184; x_wconf 81' lang='lat' dir='ltr'><strong>recolunt,</strong></span> <span class='ocrx_word' id='word_1_808' title='bbox 2922 5121 3005 5194; x_wconf 85' lang='lat' dir='ltr'><strong>uti</strong></span> <span class='ocrx_word' id='word_1_809' title='bbox 3033 5121 3158 5189; x_wconf 86' lang='lat' dir='ltr'><strong>jam</strong></span> <span class='ocrx_word' id='word_1_810' title='bbox 3189 5135 3386 5194; x_wconf 75' lang='lat' dir='ltr'><strong>supra.</strong></span> 
     </span>
    </p>
   </div>
   <div class='ocr_carea' id='block_1_114' title="bbox 2135 5189 3716 5264">
    <p class='ocr_par' dir='ltr' id='par_1_114' title="bbox 2135 5189 3716 5264">
     <span class='ocr_line' id='line_1_114' title="bbox 2135 5189 3716 5264; baseline -0.005 -17"><span class='ocrx_word' id='word_1_811' title='bbox 2135 5196 2210 5264; x_wconf 92' lang='lat'><strong>(8)</strong></span> <span class='ocrx_word' id='word_1_812' title='bbox 2241 5189 2474 5249; x_wconf 71' lang='lat' dir='ltr'><strong>Rursum</strong></span> <span class='ocrx_word' id='word_1_813' title='bbox 2505 5195 2655 5247; x_wconf 84' lang='lat' dir='ltr'><strong>Jesus</strong></span> <span class='ocrx_word' id='word_1_814' title='bbox 2684 5209 2847 5246; x_wconf 81' lang='lat' dir='ltr'><strong>meus.</strong></span> <span class='ocrx_word' id='word_1_815' title='bbox 2883 5192 3080 5264; x_wconf 87' lang='lat' dir='ltr'><strong>Prima</strong></span> <span class='ocrx_word' id='word_1_816' title='bbox 3112 5189 3286 5264; x_wconf 80' lang='lat' dir='ltr'><strong>verba</strong></span> <span class='ocrx_word' id='word_1_817' title='bbox 3315 5189 3716 5264; x_wconf 75' lang='lat' dir='ltr'><strong>initiumsunt</strong></span> 
     </span>
    </p>
   </div>
   <div class='ocr_carea' id='block_1_115' title="bbox 2066 5256 3709 5336">
    <p class='ocr_par' dir='ltr' id='par_1_115' title="bbox 2066 5256 3709 5336">
     <span class='ocr_line' id='line_1_115' title="bbox 2066 5256 3709 5336; baseline -0.006 -16"><span class='ocrx_word' id='word_1_818' title='bbox 2066 5256 2213 5321; x_wconf 79' lang='lat' dir='ltr'><strong>orat.</strong></span> <span class='ocrx_word' id='word_1_819' title='bbox 2247 5265 2504 5336; x_wconf 81' lang='lat' dir='ltr'><strong>Gregorii</strong></span> <span class='ocrx_word' id='word_1_820' title='bbox 2539 5266 2597 5318; x_wconf 90' lang='lat' dir='ltr'><strong>in</strong></span> <span class='ocrx_word' id='word_1_821' title='bbox 2617 5270 2822 5336; x_wconf 72' lang='lat' dir='ltr'><strong>sancta</strong></span> <span class='ocrx_word' id='word_1_822' title='bbox 2854 5263 3138 5336; x_wconf 82' lang='lat' dir='ltr'><strong>Lumina;</strong></span> <span class='ocrx_word' id='word_1_823' title='bbox 3172 5261 3274 5336; x_wconf 79' lang='lat' dir='ltr'><strong>sed</strong></span> <span class='ocrx_word' id='word_1_824' title='bbox 3305 5259 3616 5336; x_wconf 81' lang='lat' dir='ltr'><strong>sequentia</strong></span> <span class='ocrx_word' id='word_1_825' title='bbox 3636 5256 3709 5311; x_wconf 88' lang='lat' dir='ltr'><strong>ab</strong></span> 
     </span>
    </p>
   </div>
   <div class='ocr_carea' id='block_1_116' title="bbox 2067 5331 3714 5405">
    <p class='ocr_par' dir='ltr' id='par_1_116' title="bbox 2067 5331 3714 5405">
     <span class='ocr_line' id='line_1_116' title="bbox 2067 5331 3714 5405; baseline -0.005 -14"><span class='ocrx_word' id='word_1_826' title='bbox 2067 5337 2184 5391; x_wconf 85' lang='lat' dir='ltr'><strong>illis</strong></span> <span class='ocrx_word' id='word_1_827' title='bbox 2242 5331 2455 5400; x_wconf 70' lang='lat' dir='ltr'><strong>verbis,</strong></span> <span class='ocrx_word' id='word_1_828' title='bbox 2509 5337 2696 5405; x_wconf 82' lang='grc' dir='ltr'>Ἡμεῖς</span> <span class='ocrx_word' id='word_1_829' title='bbox 2766 5331 2822 5387; x_wconf 74' lang='grc' dir='ltr'><strong>δὲ</strong></span> <span class='ocrx_word' id='word_1_830' title='bbox 2881 5333 3109 5396; x_wconf 73' lang='grc' dir='ltr'>Χριστὸν</span> <span class='ocrx_word' id='word_1_831' title='bbox 3187 5331 3535 5405; x_wconf 70' lang='grc' dir='ltr'>ἑορτάζομεν,</span> <span class='ocrx_word' id='word_1_832' title='bbox 3593 5345 3714 5383; x_wconf 88' lang='lat' dir='ltr'><strong>non</strong></span> 
     </span>
    </p>
   </div>
   <div class='ocr_carea' id='block_1_117' title="bbox 2068 5403 3715 5478">
    <p class='ocr_par' dir='ltr' id='par_1_117' title="bbox 2068 5403 3715 5478">
     <span class='ocr_line' id='line_1_117' title="bbox 2068 5403 3715 5478; baseline -0.005 -16"><span class='ocrx_word' id='word_1_833' title='bbox 2068 5409 2301 5462; x_wconf 88' lang='lat' dir='ltr'><strong>invenio</strong></span> <span class='ocrx_word' id='word_1_834' title='bbox 2336 5408 2394 5462; x_wconf 90' lang='lat' dir='ltr'><strong>in</strong></span> <span class='ocrx_word' id='word_1_835' title='bbox 2428 5403 2746 5478; x_wconf 42' lang='lat' dir='ltr'><strong>Gregorio,</strong></span> <span class='ocrx_word' id='word_1_836' title='bbox 2774 5407 2886 5460; x_wconf 85' lang='lat' dir='ltr'><strong>nisi</strong></span> <span class='ocrx_word' id='word_1_837' title='bbox 2920 5407 3069 5461; x_wconf 80' lang='lat' dir='ltr'><strong>forte</strong></span> <span class='ocrx_word' id='word_1_838' title='bbox 3119 5403 3322 5478; x_wconf 81' lang='lat' dir='ltr'><strong>auctor</strong></span> <span class='ocrx_word' id='word_1_839' title='bbox 3367 5403 3440 5458; x_wconf 89' lang='lat' dir='ltr'><strong>ad</strong></span> <span class='ocrx_word' id='word_1_840' title='bbox 3475 5417 3715 5478; x_wconf 75' lang='lat' dir='ltr'><strong>sensum</strong></span> 
     </span>
    </p>
   </div>
   <div class='ocr_carea' id='block_1_118' title="bbox 2067 5473 3713 5552">
    <p class='ocr_par' dir='ltr' id='par_1_118' title="bbox 2067 5473 3713 5552">
     <span class='ocr_line' id='line_1_118' title="bbox 2067 5473 3713 5552; baseline -0.007 -18"><span class='ocrx_word' id='word_1_841' title='bbox 2067 5481 2348 5552; x_wconf 77' lang='lat' dir='ltr'><strong>respexit,</strong></span> <span class='ocrx_word' id='word_1_842' title='bbox 2384 5473 2685 5552; x_wconf 67' lang='lat' dir='ltr'><strong>voluitque</strong></span> <span class='ocrx_word' id='word_1_843' title='bbox 2718 5475 3356 5552; x_wconf 75' lang='lat' dir='ltr'><strong>dicereunaperiodo,</strong></span> <span class='ocrx_word' id='word_1_844' title='bbox 3390 5473 3546 5544; x_wconf 90' lang='lat' dir='ltr'><strong>quod</strong></span> <span class='ocrx_word' id='word_1_845' title='bbox 3574 5473 3713 5552; x_wconf 70' lang='lat' dir='ltr'><strong>Gre-</strong></span> 
     </span>
    </p>
   </div>
   <div class='ocr_carea' id='block_1_119' title="bbox 2104 5546 3711 5622">
    <p class='ocr_par' dir='ltr' id='par_1_119' title="bbox 2104 5546 3711 5622">
     <span class='ocr_line' id='line_1_119' title="bbox 2104 5546 3711 5622; baseline -0.008 -16"><span class='ocrx_word' id='word_1_846' title='bbox 2104 5546 2264 5615; x_wconf 85' lang='lat' dir='ltr'><strong>orius</strong></span> <span class='ocrx_word' id='word_1_847' title='bbox 2296 5551 2469 5622; x_wconf 91' lang='lat' dir='ltr'><strong>longo</strong></span> <span class='ocrx_word' id='word_1_848' title='bbox 2518 5546 2789 5604; x_wconf 82' lang='lat' dir='ltr'><strong>discursu</strong></span> <span class='ocrx_word' id='word_1_849' title='bbox 2838 5546 3131 5618; x_wconf 87' lang='lat' dir='ltr'><strong>edisserit,</strong></span> <span class='ocrx_word' id='word_1_850' title='bbox 3182 5547 3498 5602; x_wconf 87' lang='lat' dir='ltr'><strong>traducens</strong></span> <span class='ocrx_word' id='word_1_851' title='bbox 3527 5546 3711 5615; x_wconf 81' lang='lat' dir='ltr'><strong>genti-</strong></span> 
     </span>
    </p>
   </div>
   <div class='ocr_carea' id='block_1_120' title="bbox 2095 5638 2437 5678">
    <p class='ocr_par' dir='ltr' id='par_1_120' title="bbox 2095 5638 2437 5678">
     <span class='ocr_line' id='line_1_120' title="bbox 2095 5638 2437 5678; baseline 0 -2"><span class='ocrx_word' id='word_1_852' title='bbox 2095 5639 2217 5678; x_wconf 80' lang='lat' dir='ltr'><strong>ium</strong></span> <span class='ocrx_word' id='word_1_853' title='bbox 2249 5638 2437 5678; x_wconf 87' lang='lat' dir='ltr'><strong>sacra.</strong></span> 
     </span>
    </p>
   </div>
  </div>
