4048 6210
488 329 512 383 1
523 327 625 383 4⁷47

1884 314 2189 372 ιῐΟΔΝΝΙΒ
2231 317 2493 374 NICENI

3684 328 3792 383 illi!

485 472 551 509 ac
585 452 833 508 Arcadio
864 451 1064 515 fratre,
1100 447 1342 518 optima.
1367 444 1469 499 Rei
1503 444 1617 497 vim
1640 446 1841 497 sancto
1875 442 2126 513 patriar—

2247 437 2543 509 κιλλοντες,
2575 443 2664 496 καὶ
2723 440 2785 497 οὗ
2844 440 3062 517 δέχεται
3120 440 3404 515 ἐλάττωμα
3454 443 3646 520 ἑκατέρα
3667 448 3790 522 ὶορτὴ

489 544 612 597 clla)
641 541 847 597 Joanni
897 540 1316 609 Chrysostomo
1367 534 1653 588 indicant.
1688 536 1761 585 At
1810 531 1909 585 ille
1944 531 2127 584 multa

488 632 728 689 solertia
756 647 822 685 ac
861 628 1165 684 alacritate
1224 638 1561 678 sermonem
1622 621 1973 691 suscipiens,
2027 620 2125 688 qui

488 723 630 776 olim
680 721 762 774 sic
811 722 1056 789 cuperet
1109 715 1324 769 festum
1373 712 1680 775 celebrari,
1740 710 1970 782 gavisus
2019 715 2125 763 est.

489 813 814 865 Accersunt
839 824 909 861 ex
938 808 1125 877 Cypro
1176 802 1416 857 beatum
1467 800 1885 872 Epiphaniam,
1928 798 2029 868 qui
2061 814 2131 852 ex

492 900 872 954 Hebrazorum
908 894 1162 965 scriptis,
1196 908 1262 946 ac
1291 890 1528 961 Josephi
1569 887 2001 961 chronographi
2033 886 2134 940 lli-

489 989 671 1044 storia
702 1001 1038 1041 sermonem
1070 982 1450 1049 conﬁrmans,
1485 978 1714 1033 Domini
1756 976 1955 1031 Natale
1986 976 2135 1030 deii-

490 1078 634 1133 nivit
664 1079 729 1129 25
779 1073 1139 1130 Decembris.
1174 1073 1228 1125 Is
1278 1070 1496 1140 quippe
1544 1066 1868 1138 majoribus
1916 1064 2132 1119 Judaais

489 1174 652 1223 ortus
683 1172 826 1220 erat.
861 1164 973 1218 Alii
1002 1178 1236 1233 quoque
1264 1157 1603 1231 congregati
1634 1155 1892 1227 episcopi
1924 1170 2133 1209 sanxe-

490 1262 630 1311 runt
678 1253 1099 1310 celebrandum
1148 1250 1210 1304 in
1261 1249 1423 1319 regia
1468 1246 1613 1301 urbe
1661 1248 1724 1298 2E
1772 1242 2132 1310 Decembris,

492 1363 608 1417 qua
638 1344 731 1399 die
763 1359 974 1414 magna
1004 1344 1189 1395 Roma
1218 1337 1447 1393 celebre
1472 1335 1736 1390 haberet.
1761 1334 2137 1404 Scripserunt

490 1440 689 1491 autem
720 1433 793 1487 ad
825 1429 1214 1500 Theophilum
1242 1425 1641 1498 patriarcham
1688 1421 2133 1487 Alexandriam,

490 1525 563 1579 ad
612 1525 899 1577 Joannem
948 1518 1345 1590 patriarcham
1393 1513 2018 1584 Hierosolymitanum,
2069 1526 2137 1564 ac

492 1613 829 1667 Flavianum
847 1607 1242 1681 patriarcham
1265 1603 1701 1659 Antiochenam
1720 1624 1733 1668 ;
1750 1601 2135 1672 acquiescen-

490 1707 696 1771 tesque
720 1698 975 1753 universi
1010 1702 1263 1766 quatuor
1289 1693 1639 1765 patriarchae
1673 1695 2000 1747 Romanam
2032 1691 2136 1743 Ec-

489 1790 733 1845 clesiam
764 1788 946 1843 secuti
981 1792 1136 1841 sunt.
1175 1786 1249 1839 lis
1280 1800 1453 1855 porro
1504 1782 1869 1853 temporibus
1896 1783 2139 1835 Anasta-

493 1884 616 1937 sius
676 1885 874 1937 Romaa
932 1879 1271 1950 patriarcha
1324 1882 1468 1932 erat.
1514 1874 1774 1930 Necdum
1836 1890 1938 1945 ego
1999 1879 2138 1927 tunc

492 1977 619 2026 erat
674 1971 959 2025 scelestus
1014 1967 1340 2031 Nestorius,
1394 1981 1505 2019 nec
1552 1964 1769 2035 impius
1827 1962 2139 2033 Eutyches.

492 2063 630 2116 Post
650 2061 775 2114 haec
793 2054 1450 2123 demum,’da3moniacze
1476 2052 1751 2107 Ecclesia:
1774 2050 2020 2115 alumni,
2038 2066 2144 2120 per

490 2151 599 2205 hos
646 2149 796 2204 sacri
848 2147 1070 2202 Natalis
1101 2144 1539 2199 solemnitatem
1572 2142 1785 2204 edocti,
1840 2138 2140 2195 communi

491 2255 698 2292 omnes
722 2252 1020 2294 consensu
1043 2241 1100 2290 et
1124 2235 1233 2304 ipsi
1257 2237 1595 2303 sequentes,
1628 2230 1927 2286 celebrare
1951 2244 2143 2299 cmpe-

490 2333 650 2393 runt,
692 2326 1082 2397 Aposchistze,
1116 2320 1467 2387 Nestoriani,
1490 2319 1786 2383 Jacobitm,
1823 2318 2140 2384 Julianitas,

494 2415 759 2478 Mariani,
802 2412 1085 2468 Gaianitaa
1135 2427 1201 2465 ac
1252 2409 1568 2472 Severiani,
1617 2408 1850 2461 tametsi
1900 2407 1960 2460 in
2009 2406 2142 2460 aliis

491 2503 875 2558 consectariis
897 2506 1164 2556 errantes
1182 2500 1303 2553 sint
1322 2498 1511 2552 divisi.
1548 2497 1928 2566 Scripserunt
1944 2501 2141 2550 autem

492 2592 670 2644 etiam
712 2588 1022 2659 epistolam
1055 2586 1127 2641 ad
1162 2601 1437 2656 magnum
1467 2585 1628 2636 lsaac
1661 2582 1904 2651 majoris
1937 2584 2141 2635 Arme-

490 2680 603 2734 nia:
636 2678 978 2749 praesulem,
1010 2676 1110 2744 qui
1145 2673 1205 2726 id
1238 2672 1521 2741 temporis
1554 2670 1768 2723 absens
1800 2676 1925 2723 erat
1954 2686 1989 2723 a
2038 2686 2145 2724 sua

490 2767 650 2822 sede.
687 2766 909 2837 Agebat
958 2764 1119 2818 enim
1152 2763 1212 2815 in
1264 2759 1565 2831 provincia
1614 2758 1883 2824 Artasch,
1914 2775 1981 2813 eo
2014 2776 2142 2829 pro-

492 2857 680 2911 fectus
711 2873 845 2909 cum
878 2871 1012 2924 rege
1037 2853 1110 2905 ad
1140 2853 1455 2904 Persarum
1470 2865 1666 2919 regem
1704 2850 1843 2901 Eam
1877 2849 2142 2902 retinens

498 2948 737 3017 iniquus
769 2944 1070 3009 Sormach,
1104 2940 1331 2994 invenit
1362 2956 1478 3009 quo
1511 2955 1631 2992 suaa
1654 2937 1969 2991 calumniae
1991 2938 2144 2991 vires

497 3035 779 3089 adderet:
827 3033 1026 3101 aitque
1086 3029 1157 3083 ad
1203 3028 1475 3097 iniquum
1524 3041 1721 3097 regem
1771 3025 2143 3095 conspirasse

493 3140 693 3196 regem
722 3126 979 3186 Artaser,
1003 3136 1070 3173 ac
1093 3116 1473 3180 catholicum,
1509 3130 1643 3168 cum
1667 3115 1913 3168 Cwsare.
1948 3114 2050 3166 Cui
2083 3113 2147 3167 ﬁ-

2239 525 2297 581 ἐκ
2327 534 2424 596 τῆς
2457 529 2660 591 οῗκείας
2692 531 3109 607 λαμπρότητος.
3147 531 3437 608 Ἐφάνησαν
3469 530 3518 587 δὲ
3546 534 3603 588 τὰ
3624 534 3791 609 ῥήματα

2242 616 2403 670 αὐτοῦ
2432 622 2528 671 τοῦ
2554 620 2841 696 Ὁνωρῖου,
2888 620 3121 675 ἐνώπιον
3182 627 3280 690 τῆς
3340 622 3531 695 μητρὸς
3556 622 3710 693 αὐτοῦ,
3733 628 3797 679 καὶ

2240 703 2533 779 Ἀρκαδίου
2596 713 2692 763 τοῦ
2747 706 2986 783 ἀδελφοῦ
3044 710 3229 777 αὐτοῦ,
3301 711 3499 785 ἀρεστά.
3578 713 3793 769 Δεικῦουςι

2238 796 2336 863 τήν
2370 794 2595 870 δύναμιν
2649 803 2745 853 τοῦ
2803 797 2966 875 ἔργου
3027 801 3246 873 Ἰωάννῃ
3273 804 3352 872 τῷ
3380 802 3797 876 Χρυσοστόμῳ,τᾷ

2241 883 2377 959 ἁγίῳ
2407 889 2745 963 πατριάρχῃ.
2807 888 2983 951 Αὐτὸς
3047 886 3123 961 δὶ,
3184 888 3236 943 ἐν
3294 887 3471 959 πολλῆ
3501 890 3796 965 dum?qu

2240 974 2520 1048 προθυμίᾳ
2557 974 2845 1049 δεξάμενος
2901 978 2994 1033 τὸν
3052 975 3214 1053 λόγον
3272 978 3349 1051 (ἐκ
3402 977 3598 1033 πολ.λοῦ
3647 981 3797 1055 χρόνον

2241 1062 2419 1127 ἐπόθει
2450 1070 2547 1120 τοῦ
2573 1064 2787 1121 τελέσαι
2838 1067 2979 1123 οὕτω
3026 1071 3126 1138 τὴν
3174 1068 3409 1143 ἑορτὴν),
3441 1068 3617 1143 ἐχάρη.
3648 1072 3801 1144 ’Ἄγου-

2243 1172 2324 1206 σιν
2360 1152 2416 1207 έκ
2456 1161 2557 1223 τῆς
2610 1156 2833 1230 Κύπρου
2887 1158 2980 1213 τὸν
3043 1160 3306 1233 μακάριον
3365 1158 3802 1234 Ἐπιφάνιοντὸςέκ

2240 1251 2339 1313 τῆς
2366 1245 2473 1299 τῶν
2506 1241 2770 1319 Ἐϐραίων
2828 1254 3064 1325 γραφῆς,
3120 1249 3210 1303 καὶ
3268 1250 3567 1318 Ἰωσήππου
3592 1254 3672 1303 τοῦ
3697 1252 3805 1323 Χρο-

2241 1334 2510 1411 νογράιρου
2563 1342 2665 1404 τῆς
2720 1334 2981 1410 ἱστορίας,
3042 1332 3345 1412 βεϐαιώσας
3373 1338 3459 1392 τὸν
3491 1336 3656 1411 λόγον,
3688 1337 3805 1407 ὥρισε

2242 1425 2342 1493 τήν
2389 1424 2635 1499 γέννῃσιν
2684 1428 2782 1480 τοῦ
2840 1432 3100 1498 Σωτῆρος
3158 1422 3390 1499 Δεκεμᾶ
3445 1428 3533 1486 κε“.
3576 1429 3661 1484 ἸΙν
3687 1427 3805 1501 γὲρὸ

2244 1514 2380 1588 ἀνὴρ
2421 1514 2481 1568 τὸ
2529 1514 2655 1589 πρὶν
2718 1512 3002 1577 Ἰουδαῖος.
3065 1515 3169 1572 Καὶ
3230 1514 3395 1572 ἄλλοι
3446 1515 3696 1570 ἐπίσκοποι
3721 1537 3804 1569 συν-

2246 1600 2520 1667 αχθέντες,
2555 1604 2839 1674 συνέταξαν
2871 1603 3140 1669 τελεῖσθαι
3203 1606 3280 1667 εἷς
3331 1606 3426 1674 τήν
3478 1602 3806 1681 βασιλιδὲπολιν

2247 1687 2477 1765 Δεκεμὸ.
2508 1698 2601 1760 κε’,
2634 1692 2813 1757 καθὼς
2856 1695 2947 1749 καὶ
3000 1697 3034 1764 ἡ
3099 1694 3316 1770 μεγάλη
3362 1696 3567 1766 Ῥώμη.
3600 1694 3807 1748 Ἀπέστει-

2246 1780 2345 1837 λαν
2379 1780 2436 1837 δὲ
2464 1784 2766 1857 γράψαντες
2823 1787 2960 1860 πρὸς
3015 1786 3283 1864 Θεόφιλον
3339 1787 3657 1861 πατριάρχην
3696 1783 3809 1840 Ἀλε-

2244 1869 2538 1947 ξανδρείας,
2591 1872 2681 1927 καὶ
2735 1875 2871 1948 πρὸς
2922 1875 3176 1945 Ἰωάννην
3220 1876 3315 1930 τὸν
3349 1876 3664 1948 πατριάρχην
3692 1874 3808 1946 Ἰερο-

2245 1959 2527 2034 σολύμων,
2582 1960 2672 2016 καὶ
2730 1963 2867 2037 πρὸς
2926 1958 3241 2019 Φλαϐιανὸν
3302 1962 3809 2038 πατριάρχηνᾊντιο-

2245 2048 2419 2123 χείας·
2452 2051 2538 2103 καὶ
2592 2051 2741 2105 οὗτοι
2793 2053 2849 2105 οἱ
2898 2053 3151 2127 τέσσαρες
3198 2054 3531 2126 πατριάρχαι
3558 2050 3812 2117 πεισθέντες,

2244 2136 2626 2209 ἠκολούθησαν
2685 2143 2753 2212 τῇ
2813 2138 3111 2211 Ἐκκλησία
3164 2147 3269 2209 τῆς
3322 2142 3554 2213 Ῥώμης.
3601 2141 3684 2195 Ἦν
3716 2135 3759 2191 δὲ
3780 2137 3813 2191 ὲι

2243 2234 2360 2288 τοῖς
2388 2233 2601 2296 καιροῖς
2654 2227 2874 2293 ἐκείνοις
2920 2228 2972 2285 ἐν
3022 2232 3091 2302 τῇ
3135 2230 3327 2304 Ῥώμῃ
3358 2230 3677 2303 πατριάρχης
3702 2230 3818 2282 Ἀνι-

2248 2317 2484 2377 στάσιος.
2524 2322 2578 2371 Ὀ
2626 2315 2719 2371 οὖν
2775 2319 2971 2393 μιαρὸς
3027 2320 3325 2393 Νεστόριος
3379 2318 3497 2373 τότε
3526 2317 3614 2371 οὐκ
3636 2313 3817 2385 ἦν,οὗόὶ

2248 2406 2276 2459 6
2309 2400 2506 2474 ἀσεϐὴς
2557 2405 2833 2482 Εὖτυχής.
2887 2408 3092 2463 Λοιπὸν
3127 2411 3265 2481 μετα
3321 2413 3481 2462 τοῦτο
3515 2407 3731 2480 μαθόντες
3754 2404 3816 2457 καὶ

2246 2492 2642 2561 παιδευθέντες,
2676 2496 2727 2549 οἱ
2786 2495 2846 2550 ἐκ
2895 2504 3002 2566 τῆς
3061 2494 3398 2570 δαιμονικῆς
3453 2494 3736 2563 Ἑκκλησὶας
3758 2490 3820 2546 διὰ

2244 2582 2457 2638 τούτων
2487 2584 2584 2653 τήν
2620 2585 2812 2655 ἑορτὴν
2851 2592 2952 2654 τῆς
3007 2586 3161 2660 ἁγίας
3216 2588 3543 2654 Γεννήσεως,
3573 2584 3819 2641 ακολοῦθως

2245 2676 2441 2731 κοινῶς
2469 2672 2782 2743 ἑορτάζουσι
2822 2673 3039 2743 πάντες,
3072 2677 3124 2729 0i.
3177 2675 3555 2749 Ἀποσχῖσται,
3583 2675 3819 2745 N20109::-

2245 2759 2351 2825 νοῖ,
2431 2754 2763 2829 Ἰακωϐῖται,
2838 2761 3208 2832 ’ῐουλιανῖται,
3292 2765 3381 2818 καὶ
3460 2763 3716 2837 Μαριανοὶ,
3760 2759 3821 2814 ιιιί

2247 2856 2548 2919 Γαϊανῖται,
2597 2852 2685 2907 καὶ
2740 2849 3088 2928 Σεϐηριανοὶ,
3146 2854 3191 2911 εἶ
3246 2855 3347 2911 καὶ
3399 2855 3450 2910 έν
3498 2859 3608 2915 ταῖς
3659 2853 3821 2910 λοιπαῖς

2246 2937 2595 3002 ἀκολουθίαις
2652 2937 2974 3014 διῃρημένοι
3035 2944 3137 2997 εἰσὶ
3195 2943 3571 3015 πλανώμενοι,
3613 2943 3821 3015 Ἐγρσψπ

2248 3026 2544 3096 ἐπιστολήν
2578 3031 2665 3082 καὶ
2701 3032 2836 3101 πρὸς
2867 3034 2957 3085 τὸν
3008 3034 3177 3107 μέγαν
3227 3033 3415 3089 Ἰσαὰκ
3476 3034 3563 3086 τὸν
3588 3037 3673 3099 τῆς
3702 3029 3825 3101 μεγά-

2249 3114 2353 3184 λης
2399 3117 2709 3190 Ἀρμενίας,
2763 3120 2819 3180 ὅς
2868 3120 2967 3175 οὐκ
3013 3121 3079 3190 ἧν
3128 3121 3254 3175 τότε
3308 3120 3387 3184 εἷς
3438 3122 3526 3175 τὸν
3575 3120 3727 3195 θρόνον
3758 3118 3826 3183 τῆς

498 3214 630 3268 dem
662 3210 952 3267 adhibens
975 3210 1287 3261 Persarum
1336 3221 1459 3266 rex,
1490 3209 1761 3257 sanctum
1804 3202 1962 3256 lsaac
1994 3203 2139 3256 exsi-

2252 3203 2552 3275 ἐπισκοπῆς
2609 3206 2793 3264 αὐτοῦ.
2853 3214 2948 3264 Ἢν
3005 3188 3107 3285 γαρ
3173 3211 3225 3265 έν
3290 3215 3359 3284 τῇ
3423 3188 3829 3285 χώρᾳνἋρτᾶσχς

496 3303 574 3356 lio
607 3300 895 3355 multavit.
946 3295 1340 3361 Quamobrem
1397 3292 1548 3346 nihil
1596 3291 1667 3345 ad
1702 3291 2141 3362 imperatorem,

494 3397 596 3446 aut
641 3390 713 3445 ad
770 3392 1041 3443 sanctum
1082 3386 1368 3438 Joannem
1418 3382 1905 3451 Chrysostomum
1955 3380 2025 3435 ab
2076 3396 2143 3434 eo

492 3480 846 3550 rescriptum
882 3482 992 3532 est.

2253 3293 2633 3368 ἀπερχόμενος
2662 3296 2754 3351 σὺν
2781 3302 2861 3369 τῷ
2914 3299 3131 3374 βασιλεῖ
3180 3302 3325 3375 πρὸς
3374 3300 3465 3354 τὸν
3509 3301 3695 3373 Περσῶν
3724 3295 3829 3370 βασι·

2254 3382 2371 3442 λέα,
2404 3386 2511 3454 Τὴν
2541 3386 2835 3457 ἐπιστολὴν
2881 3392 3157 3463 κρατήσας
3201 3392 3229 3445 6
3286 3393 3602 3465 παράνομος
3646 3386 3828 3459 Σῦρμίκν

2252 3479 2354 3541 τῆς
2391 3470 2658 3546 διαϐολῆς
2689 3477 2856 3533 αὐτοῦ
2907 3477 3131 3551 δύναμιν
3184 3480 3333 3554 εὗρε·
3390 3480 3481 3535 καὶ
3518 3478 3641 3553 πρὸς
3673 3476 3743 3530 τὸν
3767 3492 3833 3526 ιτα-

496 3567 729 3643 ράνομον
767 3563 993 3639 βασιλέα
1050 3564 1222 3625 εἶπεν,
1277 3558 1360 3613 ὅτι
1413 3556 1789 3633 συνεφώνησεν
1848 3558 1876 3610 6
1938 3555 2194 3631 βασιλεὺς
2250 3563 2548 3639 Ἀρτασῆρ,
2596 3568 2685 3620 καὶ
2736 3569 2763 3622 ὁ
2814 3570 3130 3637 καθολικὸς,
3188 3570 3331 3641 μετᾶ
3375 3573 3473 3624 τοῦ
3520 3563 3833 3640 Ruinam“

493 3655 583 3710 καὶ
641 3652 928 3714 πιστεύσας
982 3652 1010 3704 6
1068 3654 1173 3704 τῶν
1235 3652 1453 3719 Περσῶν
1515 3644 1796 3720 βασιλεὺς,
1856 3644 2077 3718 ἐξώρισε
2130 3648 2220 3701 τὸν
2282 3652 2441 3724 ἁγιου
2491 3653 2691 3709 Ἰσαάκ.
2754 3652 2838 3710 διὸ
2888 3653 3039 3711 οὐδὲν
3087 3656 3449 3733 ἀντίγραμμα
3497 3654 3715 3731 ἐπέμφθη
3738 3648 3836 3724 πρὸς

492 3744 584 3797 τὸν
619 3743 881 3816 Καίσαρα)
913 3738 947 3807 ἤ
980 3740 1113 3813 πρὸς
1140 3738 1231 3791 τὸν
1266 3739 1418 3810 ἅγιον
1458 3735 1713 3803 Ἰωάννην
1748 3733 2170 3807 Χρυσόστομον,
2204 3716 2350 3813 παρᾶ
2378 3745 2474 3794 τοῦ
2516 3743 2670 3816 ἁγίου
2702 3745 2900 3801 Ἰσαὰκ.
3221 3716 3256 3733 Η
3327 3716 3339 3731 ι
3374 3716 3385 3729 ³
3591 3716 3600 3727 ’
3639 3716 3649 3731 ⁸

570 3851 781 3905 Sancta
812 3865 947 3919 ergo
979 3846 1269 3901 catholica
1298 3843 1582 3910 Ecclesia,
1634 3843 1735 3897 ubi
1768 3842 2006 3897 advenit
2038 3860 2145 3898 un-

496 3941 728 3996 decima
760 3937 1061 3994 Decembr.
1099 3952 1165 3990 ac
1195 3934 1463 4004 sequenti
1494 3933 1821 3999 Dominica,
1848 3933 2143 3988 celebrem

498 4031 617 4103 agit
646 4028 994 4084 memoriam
1027 4026 1121 4079 SS.
1176 4026 1414 4079 Patrum
1452 4022 1551 4092 qui
1601 4022 1790 4093 legem
1827 4038 2146 4092 praecesse-

497 4125 656 4187 runt,
707 4118 810 4190 qui
861 4134 967 4188 per
1016 4114 1194 4169 fidem
1248 4114 1489 4167 fuerunt
1529 4110 1864 4181 justificati,
1914 4126 2145 4166 necnon

500 4227 675 4280 quam
692 4210 874 4262 Lucas
888 4205 1065 4260 habet
1080 4202 1483 4273 genealogiam
1509 4200 1787 4271 legalium
1817 4201 2147 4255 secundum

500 4314 738 4353 carnem
762 4299 1237 4365 nuncupatorum
1262 4298 1575 4361 parentum
1601 4289 1857 4360 ejus,qui
1890 4296 2146 4344 mternus

501 4388 603 4441 Dei
636 4386 815 4441 Filius
848 4384 1093 4437 veritate
1124 4382 1311 4435 factus
1355 4384 1442 4432 est
1480 4379 1655 4432 homo
1683 4393 1694 4429 :
1730 4379 2001 4447 sequenti
2036 4396 2141 4433 au-

498 4483 615 4531 tem
650 4474 974 4541 Dominica,
1002 4471 1058 4525 id
1093 4476 1197 4527 est.
1235 4487 1365 4539 qum
1388 4466 1669 4539 prazcedit
1689 4466 1953 4521 Natalem
1986 4468 2145 4521 Chri-

2326 3847 2390 3904 Ἦ
2424 3850 2513 3903 οὗν
2574 3850 2697 3926 ἁγία
2754 3850 3024 3922 καθολικὴ
3083 3852 3421 3924 Ἐκκλησία,
3454 3852 3540 3908 ὅτι
3569 3848 3716 3922 φθάσῃ
3737 3848 3765 3915 ἡ
3790 3844 3839 3899 ια’

2253 3941 2351 3991 τοῦ
2383 3935 2714 4015 Δεκεμϐρίου
2749 3943 2941 4012 μηνὸς,
2986 3942 3075 3996 καὶ
3126 3942 3266 4015 μετὰ
3298 3944 3402 4011 τὴν
3443 3943 3664 4017 γίνεσθαι
3692 3944 3838 4007 Κυριε-

2255 4027 2356 4094 κήν
2390 4027 2581 4102 ἑορτὴν
2639 4030 2882 4104 ἑορτάζει
2940 4032 3039 4099 τὴν
3104 4033 3340 4103 μνήμην
3400 4036 3507 4085 τῶν
3553 4029 3696 4103 ἁγίων
3719 4022 3839 4082 Hui-

2258 4136 2389 4191 ρων,
2417 4122 2524 4171 τῶν
2558 4118 2662 4193 πρὸ
2692 4122 2786 4173 τοῦ
2834 4120 3032 4193 νόμου,
3085 4120 3138 4174 οἳ
3183 4118 3275 4175 διὰ
3322 4121 3551 4180 πίστεως
3580 4115 3844 4179 έδικαιώθη-

2258 4227 2374 4277 σαν,
2433 4208 2518 4261 καὶ
2578 4210 2676 4275 τήν
2740 4209 2877 4263 κατὰ
2951 4214 3161 4264 Λουκᾶν
3214 4208 3565 4285 γενεαλογίαν
3616 4203 3729 4260 κατὰ
3771 4201 3839 4255 τὸν

2256 4295 2421 4367 νόμον
2463 4295 2709 4371 πατέρων
2762 4298 3171 4369 ὀνομασθέντων
3221 4300 3365 4353 κατὰ
3414 4298 3594 4371 σάρκα,
3618 4299 3701 4348 τοῦ
3740 4289 3841 4355 ἀλη-

2257 4388 2364 4445 θῶς
2395 4384 2909 4459 ἐνανθρωπήσαντος
2938 4392 3033 4442 τοῦ
3082 4387 3331 4462 ἀχρόνου
3365 4388 3492 4442 Υἱοῦ
3518 4388 3609 4440 τοῦ
3634 4384 3762 4437 Θεοῦ.
3785 4378 3839 4447 Τῇ

2258 4469 2313 4526 δὲ
2345 4470 2566 4549 δευτέρᾳ
2604 4476 2873 4549 Κυριακῇ,
2922 4473 3093 4550 ἤγουν
3140 4478 3245 4551 πρὸ
3294 4484 3401 4546 τῆς
3449 4476 3669 4547 Χριστοῦ
3694 4468 3841 4532 Γεννῆ·

495 4567 589 4625 sti.
634 4564 979 4619 memoriam
1033 4565 1512 4628 nuncupatorum
1544 4555 1869 4609 secundum
1903 4573 2139 4611 carnem

2259 4583 2414 4631 νεως,
2482 4568 2590 4618 τῶν
2655 4565 2902 4640 πατέρων
2960 4568 3060 4635 τὴν
3119 4568 3352 4639 μνήμην
3408 4562 3572 4631 τελεῖ,
3616 4566 3709 4614 τῶν
3746 4553 3840 4609 mi

497 4654 665 4708 Verbi
699 4652 985 4706 incarnati
1030 4654 1344 4719 parentum
1388 4645 1668 4709 celebrat,
1722 4662 1871 4713 quos
1903 4646 2149 4715 praacla-

490 4763 590 4800 rus
624 4744 928 4799 Mattharus
962 4758 995 4795 a
1027 4737 1435 4809 superioribus
1460 4736 1531 4791 ad
1559 4735 1861 4806 proximos
1894 4737 2148 4791 texenda

492 4834 725 4889 Domini
758 4829 1104 4905 genealogia
1136 4831 1424 4882 recenset.

562 4944 676 4997 Has
709 4957 845 5009 ergo
878 4936 1193 5009 przeclaras
1225 4951 1291 4989 ac
1323 4949 1566 5002 magnas
1597 4931 1994 4997 celebritates,
2030 4935 2141 4988 Na-

494 5032 755 5099 tivitatis,
813 5026 1093 5099 Baptismi
1145 5041 1211 5078 ac
1265 5021 1758 5081 Resurrectionis.
1802 5038 1877 5075 ne
1909 5020 2144 5078 deficia-

492 5140 623 5178 mus
656 5119 821 5174 fcstis
854 5115 1083 5190 gaudiis
1115 5128 1417 5184 peragere.
1455 5112 1553 5164 HIB
1588 5110 1807 5180 quippe
1841 5115 1979 5163 sunt
2010 5128 2139 5179 qum

492 5211 851 5264 innovarunt
880 5210 1198 5259 veteratam
1230 5206 1504 5254 naturam
1548 5198 1881 5253 hominum.
1916 5199 2139 5255 ldcirco

491 5314 724 5367 semper
754 5314 821 5351 ac
852 5314 956 5367 per
987 5292 1190 5348 omnia
1218 5292 1401 5344 festos
1435 5289 1495 5342 iu
1529 5288 1613 5341 eis
1638 5293 1984 5355 conventus,
2019 5306 2138 5344 non

494 5387 692 5441 smculi
722 5403 905 5449 more,
956 5384 1059 5437 sed
1110 5397 1342 5435 summa
1392 5378 1646 5449 quadam
1706 5378 2039 5445 honestate,
2077 5381 2138 5434 in

494 5474 881 5531 exsultatione
913 5473 1219 5544 agitemus.
1257 5468 1408 5534 Quin
1458 5472 1517 5521 et
1547 5465 1741 5532 modo,
1776 5471 1841 5519 ut
1872 5466 1929 5519 in
1962 5468 2137 5524 modo

493 5565 771 5634 alicujus,
806 5561 1010 5615 eadem
1044 5560 1135 5614 die
1168 5559 1522 5627 celebretur,
1569 5572 1703 5610 cum
1736 5557 1956 5612 Natalis
1988 5558 2136 5625 dies,

495 5659 623 5705 tum
654 5645 1121 5716 inaugurationis
1153 5646 1214 5697 in
1244 5661 1467 5715 regem,
1497 5644 1657 5698 haud
1684 5658 2009 5715 congruum
2040 5648 2138 5703 de-

2258 4650 2421 4721 σέρκα
2469 4653 2875 4725 ὀνομασθέντων
2927 4659 3024 4709 τοῦ
3069 4656 3450 4725 σαρκωθέντος
3496 4650 3680 4726 Λόγου.
3724 4642 3841 4705 οῧςδ

2256 4737 2506 4813 ἀοίδιμος
2540 4744 2821 4816 Μαρθαῖος
2848 4741 3159 4818 γενεαλογεῖ
3189 4741 3397 4797 ἄνωθεν
3420 4744 3583 4796 κάτω.

2326 4938 2535 4999 Ταύτας
2582 4938 2763 4993 τοίνυν
2811 4939 2908 4999 τὰς
2960 4939 3150 5012 ἑορτὰς
3200 4937 3464 5013 λαμπρὰς
3506 4935 3590 4989 καὶ
3638 4928 3837 5006 μεγάλαι

2251 5033 2351 5095 τῆς
2402 5029 2731 5096 Γεννήσεως,
2780 5031 2876 5081 τοῦ
2926 5027 3331 5100 Βαπτῖσματος,
3385 5028 3475 5081 καὶ
3520 5032 3613 5093 τῆς
3642 5018 3839 5078 Ἀναστά·

2254 5136 2388 5177 σεως
2454 5117 2534 5187 μὴ
2603 5115 2992 5189 ἐκκακήσωμεν
3078 5117 3379 5191 ἑορτάζειν.
3464 5115 3616 5171 Λῦται
3674 5110 3754 5184 γὰρ
3803 5102 3837 5155 αἱ

2251 5207 2712 5279 γαινουργήσασαι
2753 5207 2853 5274 τὴν
2900 5205 3307 5268 παλαιωθεῖσαν
3362 5202 3521 5280 φύσιν
3572 5204 3735 5273 ἡμῶν.
3775 5191 3838 5247 Διὶ

2250 5298 2411 5347 τοῦτο
2462 5295 2542 5347 ἀεὶ
2595 5295 2681 5348 καὶ
2732 5293 2820 5349 διὰ
2868 5295 3093 5360 παντὸς,
3136 5292 3187 5348 ἐν
3236 5291 3565 5366 ἀγαλλιάσει
3609 5280 3835 5355 πανηγυρί-

2254 5389 2430 5456 ζωμεν
2480 5383 2531 5439 ἐν
2582 5384 2789 5451 αὐταῖς,
2857 5385 2919 5439 οὖ
2968 5388 3273 5457 κοσμικῶς,
3329 5382 3458 5437 ἀλλ’
3510 5372 3835 5455 ὑπερκοσμῖωξο

2252 5473 2348 5529 Καὶ
2392 5478 2509 5543 νῦν,
2565 5474 2688 5529 ὃταν
2742 5473 2816 5536 εἷς
2869 5472 3015 5529 οἶκόν
3068 5493 3235 5540 τινος,
3280 5472 3385 5539 τὴν
3434 5471 3639 5543 ἡμέραν
3683 5467 3759 5519 τοῦ
3782 5464 3837 5511 Γεο

2249 5563 2485 5630 νεθλίου,
2535 5564 2625 5619 καὶ
2671 5566 2771 5633 τὴν
2822 5564 3030 5639 ἡμέραν
3072 5568 3173 5619 τοῦ
3223 5561 3581 5637 ἑγκαινισμοῦ
3626 5564 3713 5626 τῆς
3741 5553 3839 5639 βισξ·

2254 5650 2425 5723 λείας,
2458 5652 2511 5708 ἕν
2569 5658 2668 5727 μιᾷ
2709 5633 2896 5730 ἡμέρα
2932 5633 3272 5710 τινέσουσινί
3326 5652 3442 5727 οὐχ
3481 5633 3718 5725 ήάρμὸσει,
3753 5633 3839 5694 οὔδε
