4066 6218
202 382 346 440 4449

1344 389 1443 441 DE
1478 386 1704 442 FEBTO
1739 387 1862 440 DIE
1902 387 2168 441 NATALI
2209 386 2487 443 DOMINI.

3476 398 3616 454 1450

204 510 515 588 διαπρὲψει.
550 510 672 568 Ἐὰν
706 510 886 587 πατὴρ
926 512 988 567 τὸ
1049 511 1329 588 βάπτισμα
1381 512 1472 568 καὶ
1526 513 1618 568 τὸν
1675 512 1854 586 γάμον

1983 529 2230 586 :ensque
2261 516 2561 584 videatur;
2594 522 2660 573 ut
2689 523 2885 575 autem
2917 524 3106 591 pater,
3139 523 3317 579 unius
3352 525 3468 581 diei
3499 528 3588 583 cir

200 607 300 658 τοῦ
341 599 684 678 προσφιλοῦς
743 601 864 654 υἱοῦ
923 600 1177 675 ἑορτάσῃ,
1239 600 1328 657 ἰάν
1388 600 1439 656 ἒν
1497 606 1597 674 μιᾷ
1653 601 1857 674 ἡμέρᾳ,

205 692 306 748 οὐκ
336 688 482 747 ἔστιν
514 688 745 761 ἄτοπον,
777 686 905 745 οὐδὲ
955 689 1213 766 ἀπρεπὲς·
1274 690 1318 746 εί
1374 690 1467 746 καὶ
1531 687 1622 745 διὰ
1675 688 1857 745 πενίαν

202 787 369 838 τοῦτο
396 782 641 851 ποιήσει,
674 778 891 851 ἄριστόν
925 778 1089 852 ἐστιν,
1123 778 1185 835 ἄν
1209 783 1370 834 τοῦτο
1420 778 1471 834 ἐν
1526 783 1624 853 μιᾷ
1679 780 1862 853 ἡμέρᾳ

204 872 438 945 ποιήσῃ,
470 869 506 939 ἢ
538 868 655 926 δύο.
684 869 748 923 ἹΙ
805 869 894 923 οὗν
950 867 1075 943 ἁγία
1120 866 1443 941 Ἐκκλησία,
1497 867 1544 923 εὶ
1592 869 1682 924 καὶ
1737 867 1863 924 τότε

206 960 431 1016 ἐπὶτῶν
464 956 788 1014 ἀποστόλων
821 957 872 1012 ἐν
901 960 1154 1034 πτωχείᾳ
1202 958 1439 1033 ἐπῆρχε,
1494 955 1586 1012 διὰ
1628 959 1723 1020 τὰς
1773 958 1863 1013 αἱ·

205 1049 379 1125 ρέσεις
406 1051 516 1103 τῶν
572 1044 923 1124 φιλονείκων,
977 1046 1067 1101 καὶ
1126 1044 1511 1108 ἐπαναστάσεις
1566 1046 1703 1101 κατὰ
1759 1051 1863 1115 τῆς

205 1138 376 1211 ὀρθῆς
403 1137 662 1204 πίστεως,
697 1134 786 1191 καὶ
843 1132 931 1190 διὰ
984 1134 1112 1197 τοὺς
1171 1133 1416 1199 ἐθνικους
1462 1133 1553 1191 καὶ
1606 1134 1864 1197 ἀπίστους

211 1224 482 1303 βασιλεῖς,
511 1225 603 1281 καὶ
636 1222 726 1281 διὰ
754 1223 884 1287 τοὺς
911 1221 1215 1299 διωγμοὺς,
1246 1224 1336 1279 καὶ
1370 1221 1462 1279 διὰ
1489 1224 1589 1293 τὴν
1624 1223 1863 1299 θαρασύο

207 1338 349 1389 τητα
379 1321 489 1373 τῶν
519 1313 827 1384 Ἰουδαίων,
861 1313 915 1369 οἳ
966 1309 1147 1390 ὥσπερ
1198 1312 1415 1389 κύματα
1465 1324 1707 1384 θαλσσης
1756 1333 1863 1369 πε-

208 1405 608 1485 ριεκύκλωσαν,
638 1409 731 1460 νῦν
759 1401 818 1459 δὲ
848 1402 1085 1459 πλουσία
1114 1403 1280 1476 ἐστὶν,
1322 1400 1512 1474 ἐπειδὴ
1561 1402 1638 1465 εἰς
1692 1402 1866 1458 πάντα

203 1500 301 1555 τὸν
336 1497 545 1570 κόσμον
578 1495 865 1567 ἐξηπνώθη
888 1494 951 1550 τὸ
984 1492 1344 1570 Εὐαγγέλιον,
1375 1493 1466 1549 καὶ
1528 1494 1695 1569 μέχρι
1742 1513 1865 1568 τερ-

212 1589 398 1663 μάτων
423 1594 524 1659 τῆς
553 1593 658 1663 γῆς
689 1581 914 1664 ἔφθασεν
948 1586 976 1640 ὁ
1007 1583 1173 1663 λόγος
1221 1592 1322 1655 τῆς
1371 1582 1657 1655 ἀληθείας.
1712 1583 1865 1639 Ἐπεὶ

212 1676 273 1734 δὶ
305 1679 441 1752 μετά
469 1675 760 1752 τριακόσια
810 1670 903 1743 ἔτη
964 1672 1239 1750 ἐχώρισαν
1296 1675 1361 1729 τὸ
1421 1674 1615 1748 Ηάσχα
1655 1671 1716 1728 ἐκ
1769 1676 1866 1727 τοῦ

212 1764 544 1825 Ἰουδαῖκὸῦο
577 1763 835 1826 ὡσαύτως
863 1762 953 1818 καὶ
1012 1767 1106 1818 νῦν
1144 1763 1241 1831 την
1292 1760 1504 1837 ἡμέραν
1551 1767 1660 1817 τῶν
1718 1767 1866 1816 Γενεσ

1971 602 2126 672 culo,
2160 604 2359 661 dilecti
2388 606 2493 662 ﬁlii
2528 607 2823 679 baptisma
2870 610 3094 681 pariter
3145 617 3322 682 atque
3372 616 3616 685 nuptias

1972 693 2251 757 celebret,
2285 695 2436 750 nihil
2467 695 2757 753 absonum
2803 698 2899 761 sit,
2950 705 3051 755 aut
3105 701 3306 756 minus
3359 702 3616 758 decens:

1971 787 2149 852 atque
2181 789 2244 838 ut
2274 792 2516 856 propter
2545 793 2949 858 paupertatem
2992 789 3190 857 faciat,
3244 791 3419 862 plane
3469 808 3620 861 prae-

1973 871 2151 926 stabit
2180 878 2245 928 ut
2266 891 2387 929 uno
2421 876 2616 946 potius
2650 894 2828 948 quam
2858 878 3089 934 duobus
3121 879 3327 935 diebus
3358 896 3485 935 rem
3534 880 3623 935 fa-

1972 960 2108 1016 ciat.
2142 963 2356 1018 Sancta
2386 981 2520 1037 ergo
2552 966 2835 1033 Ecclesia,
2871 984 3213 1039 quanquam
3237 968 3344 1023 sub
3384 974 3625 1041 aposto-

1972 1051 2046 1105 lis
2074 1068 2301 1123 pauper
2331 1054 2571 1121 exstitit,
2598 1062 2841 1127 propter
2861 1058 3229 1112 contentioni
3254 1058 3623 1113 studentium

1975 1139 2253 1206 haereses,
2278 1158 2346 1197 ac
2377 1158 2474 1197 eos
2502 1144 2602 1213 qui
2637 1149 2813 1199 rectm
2846 1145 3626 1209 ﬁdeiadversarentur,nec-

1974 1245 2096 1285 non
2119 1236 2360 1302 propter
2376 1246 2550 1304 reges
2574 1232 2843 1289 ethnicos
2865 1250 2932 1289 ac
2954 1234 3625 1307 inﬁdeles,propterque

1974 1319 2171 1374 illatas
2202 1320 2667 1391 persecutiones,
2701 1338 2769 1377 ac
2799 1328 3041 1394 propter
3056 1323 3391 1379 Iudaeorum
3442 1325 3624 1380 auda-

1975 1408 2152 1476 ciam,
2186 1409 2404 1481 quibus
2435 1427 2543 1466 ceu
2576 1411 2857 1467 ﬂuctibus
2917 1413 3098 1467 maris
3157 1413 3623 1485 circumquaque

1975 1496 2223 1568 obsepta
2252 1503 2419 1553 erat:
2480 1516 2637 1554 nunc
2696 1505 2892 1555 tamen
2949 1501 3110 1557 dives
3163 1507 3273 1570 est,
3329 1501 3626 1573 siquidem

1976 1586 2354 1659 Evangelium
2377 1588 2735 1659 explicatum
2758 1595 2848 1645 est
2867 1591 2928 1645 in
2952 1591 3245 1647 mundum
3258 1593 3627 1660 universum,

1978 1692 2292 1748 sermoque
2314 1678 2575 1734 veritatis
2605 1680 2862 1750 pervasit
2886 1696 3074 1752 usque
3104 1681 3179 1737 ad
3237 1681 3384 1737 fines
3428 1686 3623 1735 terrm.

1977 1766 2124 1831 Quia
2155 1782 2290 1838 ergo
2323 1773 2459 1838 post
2496 1785 2683 1824 annos
2712 1774 3007 1824 trecentos
3057 1770 3459 1825 Christianum
3510 1771 3620 1824 Pa-

217 1855 391 1912 θλίων
448 1856 538 1912 καὶ
593 1858 691 1910 τοῦ
750 1852 1124 1926 Βαπτίσματος
1219 1852 1566 1927 ἑορτάζομεν,
1635 1853 1865 1922 ἑκάστην

1983 1855 2121 1910 scha
2142 1872 2176 1911 a
2198 1856 2439 1913 Judaico
2464 1864 2837 1929 separarunt,
2862 1859 3067 1914 eadem
3096 1877 3254 1915 nunc
3281 1876 3517 1930 quoque
3536 1875 3625 1913 ra-

218 1945 557 2019 τελουμένην
578 1943 629 1998 ἐν
658 1946 728 2017 τῇ
762 1940 873 2013 ἰδίᾳ
902 1942 1103 2016 ἡμέρᾳ,
1136 1942 1227 1996 καὶ
1287 1942 1421 2014 μετά
1467 1940 1689 1997 τελείων
1740 1941 1868 1996 ἀνα-

222 2030 927 2112 γνωσμάτων,τροπαρίων
982 2030 1072 2085 καὶ
1130 2029 1392 2096 κανόνων,
1448 2034 1548 2085 τοῦ
1601 2030 1718 2092 ἑνὸς
1777 2029 1867 2084 καὶ

221 2129 322 2180 τοῦ
354 2125 516 2179 αὐτοῦ
545 2121 748 2197 Κυρίου
779 2124 938 2193 ἡμῶν
973 2119 1154 2189 Ἰησοῦ
1200 2122 1455 2192 Χριστοῦ’
1504 2118 1595 2174 καὶ
1641 2118 1749 2193 οὐχ
1792 2119 1868 2180 ὡς

214 2213 533 2283 ἰιυαννηςὸ
578 2209 1003 2284 Μαυροκομίτης
1058 2207 1355 2278 ἀπατηθεὶς
1414 2213 1714 2283 κατηγορεῖ
1769 2214 1868 2277 τῆς

222 2302 580 2374 Ἐκκλησίας,
638 2302 726 2355 καὶ
783 2298 1042 2376 φλυαρῶν
1104 2292 1347 2373 ἔφασκενθ
1408 2297 1493 2351 ὅτι
1551 2294 1618 2351 δι’
1695 2295 1869 2351 ἐκεῖνο

219 2390 580 2466 κατεμέρισαν
614 2390 689 2452 εἷς
717 2388 841 2459 τρία
877 2388 977 2457 τὴν
1032 2387 1159 2459 μίαν
1219 2386 1435 2463 ἑορτὴν,
1493 2386 1577 2441 ’ὁτι
1633 2385 1724 2440 καὶ
1780 2386 1872 2440 τὸν

220 2482 465 2556 Χριστὸν
513 2481 650 2535 κατά
696 2478 987 2553 Νεστόριον
1052 2472 1254 2531 διεῖλον
1288 2474 1367 2537 εἷς
1427 2472 1522 2531 δύο
1578 2476 1867 2551 πρόσωπα.

218 2572 415 2644 Ἡμεῖς
448 2567 507 2625 Si
568 2566 1030 2641 ἀναθεματίζομεν
1087 2565 1405 2638 Νεστόριον,
1452 2565 1525 2626 ὡς
1575 2565 1870 2639 ἀνθρωπο-

223 2656 540 2735 παραδότην
572 2660 668 2731 (e),
697 2656 789 2712 καὶ
816 2656 909 2711 τὸν
944 2654 1167 2730 Εὐτυχῆ
1195 2654 1283 2708 καὶ
1316 2651 1645 2724 Ἰουλιανὸν,
1668 2653 1868 2708 καὶτὸν

215 2747 649 2825 Μαυροκομίτην
683 2747 937 2817 Ἰωάννην
968 2744 1061 2799 τὸν
1094 2738 1408 2816 σύμϐουλον
1435 2740 1621 2798 αὐτοῦ.

300 3018 406 3075 Καὶ
541 3017 707 3089 ἡμεῖς
734 3014 824 3070 τὸν
857 3011 1053 3087 Κύριον
1086 3010 1343 3083 ἀληθινὸν
1390 3011 1519 3067 Θεὸν
1568 3011 1727 3082 ἡμῶν
1779 3007 1870 3064 καὶ

222 3104 516 3182 ἄνθρωπον
544 3103 774 3176 τέλειον,
806 3103 936 3159 Θεὸν
960 3101 1020 3157 ἐκ
1052 3104 1208 3169 Θεοῦ,
1242 3104 1356 3175 φῶς
1397 3101 1547 3176 ἅγιον
1602 3096 1652 3171 ἐξ
1700 3097 1870 3173 ἀχρό-

218 3218 321 3252 νου
349 3196 552 3271 φωτὸς,
584 3193 645 3249 ἐκ
672 3194 767 3248 τοῦ
816 3192 1025 3267 Πατρὸς
1071 3190 1394 3265 γεννηθέντα
1437 3188 1546 3262 πρὸ
1588 3191 1693 3243 τῶν
1735 3186 1872 3242 αἰώ-

1983 1945 2164 2013 tione,
2190 1947 2604 2002 Natalitiorum
2622 1948 2780 2001 diem
2799 1965 2866 2003 ac
2888 1947 3399 2019 baptismatis,suo
3424 1965 3628 2019 quem-

1982 2052 2096 2104 que
2128 2051 2195 2089 ac
2227 2037 2466 2107 proprio
2525 2037 2640 2102 die,
2697 2054 2764 2092 ac
2822 2053 2955 2091 cum
3013 2038 3293 2109 perfectis
3351 2037 3629 2092 lectioni-

1980 2122 2110 2190 bus,
2144 2124 2543 2195 modulisque,
2575 2142 2644 2180 ac
2673 2125 3023 2190 canonibus,
3054 2127 3231 2181 unius
3261 2143 3330 2181 ac
3359 2125 3629 2197 ejusdem

1981 2212 2215 2265 Domini
2246 2213 2434 2267 nostri
2465 2215 2601 2267 Jesu
2651 2214 2888 2279 Christi,
2927 2213 3132 2267 festive
3185 2214 3463 2281 colimus,
3520 2229 3631 2268 nec

1980 2315 2137 2365 vero,
2163 2300 2247 2355 uti
2272 2317 2472 2355 errore
2499 2301 2782 2372 deceptus
2803 2302 3059 2356 Joannes
3109 2300 3211 2354 ille
3242 2299 3632 2355 Maurocomi-

1982 2394 2071 2444 tes
2102 2389 2425 2445 Ecclesiam
2448 2389 2853 2462 reprehendit,
2886 2406 2954 2444 ac
2984 2405 3216 2461 nugans
3258 2389 3371 2444 sit:
3404 2387 3631 2444 Idcirco

1983 2479 2423 2534 solemnitatem
2455 2496 2635 2535 unam
2667 2480 2729 2534 in
2760 2485 2881 2535 tres
2931 2479 3133 2550 partiti
3181 2483 3338 2546 sunt,
3390 2477 3532 2548 quia
3573 2480 3634 2531 et

1982 2568 2281 2623 Christum
2307 2569 2656 2624 Nestoriano
2689 2584 2887 2623 errore
2918 2568 2981 2622 in
3013 2568 3161 2623 duas
3205 2582 3493 2638 personas
3541 2565 3635 2620 di-

1981 2656 2266 2712 viserunt.
2297 2659 2411 2711 Nos
2431 2656 2725 2726 siquidem
2747 2656 3067 2711 anathema
3082 2654 3349 2709 Nestorio
3376 2653 3632 2708 dicimus

1983 2749 2267 2815 tanquam
2298 2744 2558 2799 hominis
2587 2744 2906 2809 adoratori,
2941 2742 3238 2812 simulque
3297 2739 3630 2812 Eutycheti,

1983 2838 2043 2889 et
2095 2834 2353 2900 Iuliano,
2413 2833 2662 2905 ejusque
2718 2831 3109 2888 conciliorum
3178 2829 3339 2885 socio
3418 2827 3631 2884 Joanni

1982 2922 2440 2978 Maurocomitm.

2053 3012 2420 3067 Conﬁtemur
2446 3016 2645 3067 autem
2677 3010 2992 3066 Dominum
3023 3023 3229 3064 verum
3284 3007 3469 3060 Deum
3519 3021 3628 3059 no-

1984 3105 2194 3169 strum,
2226 3105 2401 3171 atque
2431 3100 2735 3156 hominem
2767 3098 3117 3171 perfectum,
3151 3098 3338 3151 Deum
3366 3094 3438 3149 de
3488 3094 3629 3161 Deo,

1985 3196 2257 3245 sanctum
2278 3189 2485 3244 lumen
2505 3189 2578 3244 de
2601 3194 2823 3244 aeterno
2843 3186 3094 3250 lumine,
3116 3202 3188 3241 ex
3218 3187 3388 3240 Patre
3413 3187 3622 3238 natum

217 3253 372 3355 νων,⁸
392 3253 691 3352 καὶτῆς
724 3280 876 3357 ἁγίας
933 3253 1230 3353 ᾖαρθάνοα
1250 3253 1353 3332 ὗπὸ
1404 3253 1601 3353 χρόνον
1649 3275 1869 3351 γενόμε-

1983 3284 2121 3334 ante
2143 3278 2379 3345 saecula,
2403 3278 2741 3347 factumque
2765 3276 2871 3332 sub
2895 3281 3157 3346 tempore
3171 3290 3303 3329 vere
3321 3270 3629 3327 hominem

218 3397 321 3431 vov
361 3374 584 3443 ἀληθῶς
642 3370 947 3446 ἄνθρωπον.
1006 3368 1179 3442 Ούχδ
1207 3366 1275 3435 ἦν
1324 3361 1647 3431 μεταϐαλὼν
1695 3364 1872 3439 (ἄτρε-

222 3485 365 3525 πτος
389 3461 488 3537 γὰρ
521 3464 556 3530 ἡ
585 3459 798 3529 θεότης,
830 3454 1103 3518 συναῖδιος
1140 3459 1220 3526 τῷ
1270 3454 1461 3530 Πατρὶ,
1508 3454 1598 3508 καὶ
1645 3453 1874 3527 σύνθρο-

222 3575 325 3616 νος
355 3551 435 3625 τῷ
481 3549 616 3626 ἀγίῳ
661 3547 979 3621 Πνεύματι),
1032 3544 1159 3600 ἀλλ’
1191 3542 1221 3598 ὅ
1250 3542 1349 3598 οὐκ
1398 3543 1464 3612 ἦν
1520 3537 1876 3617 προσέλαϐεν.

223 3644 294 3700 Ὁ
348 3638 641 3715 ἀχὼρητος
698 3637 983 3713 ἐχωρήθη·
1038 3628 1273 3695 καταϐὰς
1328 3631 1378 3702 ἐξ
1427 3630 1658 3709 ούρανοῦ
1730 3630 1880 3707 ἐσαρ-

226 3730 389 3800 κὼθη
422 3728 599 3793 ὲκτῆς
656 3727 816 3801 ἀγίας
873 3722 1173 3800 Ιῐαρθὲνου,
1217 3719 1306 3776 καί
1365 3719 1627 3797 ἐγεννήθη
1689 3721 1765 3785 εἷς
1819 3720 1882 3775 τὸ

229 3822 388 3897 ἅγιον
420 3814 716 3888 σπήλαιονσ
751 3810 1067 3887 ιέὗαπτίσθη
1128 3810 1179 3867 ἐν
1222 3808 1494 3886 Ἰορδάνῃ,
1543 3810 1881 3886 ἰσταυρώθη,

228 3909 430 3985 ἐτάφη·
462 3907 695 3968 ἀναστὰς
725 3904 1008 3980 ἀνελήφθη
1042 3900 1120 3964 εἷς
1176 3901 1269 3955 τὸν
1321 3899 1571 3973 οὐρανὸν,
1621 3900 1711 3954 καὶ
1761 3899 1884 3954 ἐκά-

230 4011 383 4064 θισεν
411 3995 470 4051 ἐκ
500 3993 686 4066 δεξιῶν
708 3998 810 4050 τοῦ
854 3988 1085 4068 Πατρός*
1128 3988 1403 4046 ἐλεύσεται
1459 3985 1517 4043 δὶ
1572 3993 1751 4061 κρῖναι
1791 3988 1884 4042 τὸν

225 4088 445 4159 κόσμον
487 4084 538 4140 ἒν
598 4081 934 4157 δικαιοσύνῃ·
988 4080 1195 4152 αὐτῷἠ
1231 4075 1381 4151 δόξα,
1425 4077 1516 4133 σὸν
1565 4082 1645 4150 τῷ
1692 4078 1889 4154 Πατρὶ,

226 4174 432 4247 καὶτῷ
462 4172 599 4249 ἁγίῳ
633 4171 933 4247 Πνεύματι,
964 4169 1040 4234 είς
1068 4168 1197 4232 τοὺς
1229 4168 1452 4232 αἰῶνας.
1483 4168 1682 4243 Ἀμην.

1983 3382 2055 3423 ex
2084 3372 2289 3423 sancta
2306 3366 2560 3439 Virgine.
2592 3367 2715 3420 Non
2738 3364 2938 3420 amisit
2959 3362 3119 3435 quod
3150 3368 3295 3417 erat.
3320 3362 3464 3416 Nam
3496 3359 3632 3415 dei-

1986 3462 2075 3513 tas
2106 3456 2497 3511 mutationem
2531 3472 2650 3509 non
2680 3454 2925 3525 recipit:
2960 3458 3289 3507 coaeternus
3314 3448 3525 3516 Patris,
3557 3464 3625 3502 ac

1989 3546 2197 3602 eadem
2228 3544 2501 3600 sublimis
2529 3544 2667 3598 sede
2698 3560 2831 3599 cum
2864 3548 3070 3597 sancto
3102 3541 3359 3613 Spiritu:
3393 3536 3497 3593 sed
3526 3552 3625 3591 as-

1991 3635 2249 3707 sumpsit
2277 3634 2435 3705 quod
2462 3651 2581 3688 non
2614 3639 2757 3689 erat.
2791 3632 2897 3697 Qui
2931 3631 3061 3702 capi
3094 3647 3214 3686 non
3256 3632 3507 3701 poterat,
3539 3626 3630 3680 fe-

1992 3727 2073 3783 cit
2106 3733 2171 3781 ut
2221 3733 2551 3799 caperetur.
2615 3725 2990 3780 Descendens
3047 3720 3339 3788 de‘ccelo,
3390 3733 3633 3775 carnem

1995 3817 2251 3888 sumpsit
2280 3834 2349 3871 ex
2381 3823 2587 3871 sancta
2619 3815 2875 3887 Virgine,
2908 3831 2976 3869 ac
3006 3813 3066 3867 in
3098 3828 3265 3868 sacra
3295 3823 3477 3883 specu
3531 3823 3638 3863 na-

1996 3912 2092 3961 tus
2123 3912 2232 3962 est.
2266 3907 2597 3978 Baptizatus
2625 3911 2717 3961 est
2745 3904 2807 3960 in
2836 3903 3111 3969 Jordane,
3152 3901 3490 3964 cruciﬁxus,
3550 3912 3644 3951 se-

1998 3997 2373 4069 pultus.Cum
2387 3996 2831 4062 resurrexisset,
2858 3999 3198 4063 assumptus
3211 3989 3380 4046 estin
3407 3986 3645 4051 caalum,

2000 4087 2271 4159 seditque
2290 4085 2364 4141 ad
2386 4086 2690 4142 dexteram
2711 4082 2902 4139 Patris
2929 4098 2941 4135 :
2969 4086 3250 4135 venturus
3272 4080 3363 4131 est
3374 4072 3646 4146 judicare

2000 4176 2295 4231 mundum
2324 4175 2384 4231 in
2434 4174 2688 4246 justitia.
2750 4170 2866 4242 Ipsi
2924 4168 3112 4241 gloria
3162 4181 3297 4221 cum
3352 4164 3522 4217 Patre
3579 4174 3648 4213 ac

2004 4270 2211 4320 sancto
2239 4263 2459 4334 Spiritu
2490 4262 2551 4316 in
2584 4258 2820 4317 smcula.
2853 4260 3062 4313 Amen.

1616 4416 1849 4471 unus
1894 4380 2293 4473 LECTIONES.

316 4541 385 4613 (θ)
410 4535 491 4595 is.
526 4529 1015 4612 ἀνθρωπολάτρην.
1092 4530 1164 4603 (f)
1194 4525 1344 4588 λείπ.
1376 4534 1812 4604 προσκυνοῦμεν,
1844 4529 1997 4606 ἤτοι,
2027 4529 2270 4606 ὁμολογ.

554 5842 824 5904 ΡΑτιιοι..
867 5836 980 5899 Gn.
1026 5832 1237 5898 XCVI.

3323 5817 3404 5874 46
