4066 6218
1054 349 3806 388 _____———————-———————____.,

2151 528 2239 585 DE

1290 731 2008 865 JOANNIS
2107 728 3093 854 EUBGBENSIS

1059 996 1642 1089 ORA'I‘IONE
1702 995 1815 1081 IN
1874 991 2771 1085 CONCEPTIONEM
2831 992 3331 1083 DEIPAIUE

1756 1204 2656 1311 MONITUM.

1327 1438 1475 1499 (Ant.
1508 1434 1795 1493 Bursam,
1826 1432 2033 1497 Sylloge
2060 1432 2526 1490 monumentorum,
2559 1435 2679 1493 διο..
2709 1434 2748 1482 t.
2779 1431 2819 1482 Ι.
2860 1446 2913 1496 p.
2948 1432 3047 1493 36.)

484 1628 507 1685 ε
540 1617 677 1674 l-IV.
703 1616 867 1685 -τηῧβ
902 1609 1182 1685 codicibus
1210 1610 1353 1685 hanc
1385 1604 2139 1685 orationemcontin’utibus.
2160 1606 2281 1685 7“;
2309 1603 2488 1685 γερξ-
2500 1602 3375 1685 auctor-{agametptmsmntia.
3396 1605 3829 1685 A‘lliatiicou‘jectura

550 1667 870 1743 'eibéndiuir
899 1667 1311 1743 égsvmasqeni
1340 1671 1560 1743 possies
1578 1669 1797 1743 suetos}
1827 1668 2046 1743 ιῖέδιέιοο
2069 1692 2133 1743 .-
2158 1670 2183 1725 ε
2213 1667 2298 1741 νίς
2328 1668 2402 1743 19°
2429 1667 3059 1743 “treeﬁoieilimel‘.
3087 1669 3144 1721 in
3196 1668 3611 1743 Caecortiensn!
3649 1667 3830 1743 “cier.-

543 1729 742 1795 ῐιῑιῑᾱιέ.
772 1729 835 1779 -;
861 1745 884 1801 5
915 1738 1031 1804 vn.
1061 1740 1133 1788 De
1168 1737 1390 1804 historia
1416 1733 1723 1785 Nativitstis
1755 1732 1813 1780 Β.
1844 1731 1905 1804 νε
1934 1730 2151 1804 διέιειοῃο¹
2166 1729 2413 1794 ascripta.
2443 1734 2556 1794 -θ
2596 1729 2730 1781 vm.
2759 1732 2837 1780 An
2872 1730 3151 1801 quidpiam
3181 1729 3488 1786 auctoritati
3526 1729 3829 1787 ριιηιω-ίηαο

546 1793 816 1872 depereat,
847 1793 991 1867 quod
1020 1802 1159 1852 hanc
1186 1800 1467 1850 historiam
1499 1813 1597 1849 ceu
1630 1810 1810 1847 veram
1843 1793 2180 1847 admiserint.

561 2158 608 2213 Ι.
636 2154 878 2218 Joannis
909 2149 1253 2208 Eubmensis
1284 2148 1617 2204 orationem
1664 2148 1724 2200 in
1771 2146 2133 2214 Conceptione
2160 2145 2213 2211 Α
2244 2142 2742 2213 conscripserant.
2789 2143 2900 2199 Sed
2930 2144 3162 2200 ardenti
3212 2147 3549 2219 praesertim
3598 2147 3835 2203 desiderio

492 2250 740 2318 Deiparz
770 2243 935 2316 prelo
988 2242 1114 2313 jam
1169 2242 1477 2311 paraverat
1526 2238 1637 2290 Leo
1685 2234 1958 2301 Allatius,
2017 2249 2137 2287 una
2253 2232 2535 2287 incensus
2567 2250 2719 2301 sum,
2762 2233 3074 2307 integram,
3134 2236 3181 2292 si
3241 2254 3362 2307 quo
3420 2238 3587 2293 modo
3644 2238 3748 2292 fieri
3792 2237 3837 2293 id

491 2353 625 2393 cum
672 2331 982 2389 nonnullis
1033 2329 1168 2385 aliis
1217 2325 1519 2398 opusculis
1570 2325 1766 2379 Graece
1808 2339 1876 2378 ac
1933 2322 2135 2377 Latine
2249 2328 2471 2392 posset,
2504 2322 2835 2378 orationem
2867 2325 3295 2393 nanciscendi;
3336 2328 3496 2398 quod
3543 2328 3763 2399 denique
3797 2334 3837 2381 et

491 2423 757 2490 edendis,
789 2436 1045 2492 quorum
1096 2416 1412 2472 elenchum
1456 2412 1614 2485 apud
1662 2410 2008 2467 Michaelem
2061 2412 2135 2466 Le
2250 2417 2557 2467 assecutus
2587 2429 2739 2468 sum.
2782 2414 2922 2469 Post
2979 2414 3360 2470 Lambecium
3420 2417 3573 2471 enim
3622 2423 3726 2471 tum
3771 2418 3834 2473 lo.

488 2514 676 2580 Quien
701 2511 899 2566 videre
934 2508 1075 2563 licet
1103 2507 1199 2578 (1).
1236 2507 1471 2569 Verum,
1505 2501 1662 2574 quod
1693 2502 1765 2557 ab
1799 2500 2008 2555 eodem
2042 2498 2136 2554 di-
2249 2499 2527 2555 Albertus
2553 2500 2876 2568 Fabricius,
2908 2507 3033 2557 tum
3057 2502 3413 2559 Guillelmus
3436 2506 3577 2559 Cave
3597 2504 3839 2576 duplicem

491 2605 711 2661 scimus
744 2601 817 2655 Le
846 2598 1058 2665 Quien,
1080 2595 1315 2651 labores
1335 2592 1433 2648 isti
1456 2591 1733 2646 Allatiani
1757 2588 2134 2661 iniquissimo
2249 2606 2361 2644 ms.
2396 2591 2662 2645 Graecum
2694 2590 2962 2647 codicem
2990 2591 3359 2663 indicabant,
3398 2594 3459 2648 in
3508 2611 3613 2666 quo
3644 2592 3837 2649 homilia

489 2694 611 2751 fato
641 2688 1095 2746 interciderunt.
1146 2685 1357 2740 Narrat
1411 2682 1509 2736 hic
1566 2680 1793 2737 scilicet
1848 2680 1925 2751 (2)
1974 2678 2130 2733 Alla-
2250 2678 2355 2734 illa
2379 2678 2705 2752 legebatur,
2739 2686 3057 2753 utrumque
3088 2688 3287 2737 autem
3341 2683 3406 2737 in
3460 2682 3839 2741 Vindobonensi

491 2783 641 2842 tium
691 2777 1114 2853 opusculorum
1171 2789 1375 2829 eorum
1426 2770 1692 2843 syllogen
1741 2768 2000 2823 Auberto
2048 2766 2135 2822 illi
2251 2770 2517 2824 Caesarea
2566 2769 2927 2826 bibliotheca
2983 2776 3338 2827 exstantem.
3394 2772 3583 2829 Facile
3626 2790 3758 2840 vero,
3797 2777 3843 2824 ut

491 2869 822 2928 liberaliter
848 2863 1273 2930 transmisisse,
1298 2860 1397 2933 qui
1460 2858 1878 2917 demandatam
1910 2873 1943 2912 a
1994 2856 2137 2912 cleri
2251 2858 2554 2930 exemplar
2572 2859 2709 2914 inde
2733 2861 3089 2933 exscriptum
3114 2864 3367 2918 Romam
3383 2865 3843 2929 transmitteretur,

495 2957 781 3017 Gallicani
812 2954 1066 3011 comitiis
1092 2967 1247 3008 anno
1282 2952 1417 3005 1636
1470 2947 1831 3020 provinciam
1878 2946 2141 3002 edendo-
2250 2948 2322 3002 ab
2381 2949 2600 3021 insigni
2658 2950 3025 3006 humanitate
3083 2951 3312 3006 obtinui
3376 2955 3504 3007 Em.
3575 2952 3672 3006 viri
3721 2950 3841 3006 card.

495 3066 629 3108 rum
662 3049 919 3119 Operum
950 3045 1005 3098 S.
1038 3044 1123 3098 Jo.
1158 3038 1505 3096 Damasceni
1554 3037 1617 3093 in
1662 3055 1724 3093 se
1774 3038 2136 3107 susceperat,
2250 3039 2513 3107 Fornari,
2548 3040 2641 3094 cui
2670 3045 2872 3112 utpote
2903 3041 3179 3112 prmi‘ecto
3211 3043 3370 3097 sacri
3403 3042 3634 3100 concilii
3661 3042 3720 3097 de
3767 3040 3845 3095 de-

493 3143 560 3195 ut
587 3138 777 3193 instar
804 3130 1163 3206 Appendicis
1220 3128 1293 3184 ad
1344 3129 1400 3184 S.
1454 3128 1718 3184 Doctoris
1766 3126 1984 3197 scripta
2029 3140 2138 3196 pu-
2252 3126 2516 3183 ﬁnienda
2547 3128 2797 3201 Deipara
2842 3130 2967 3186 sine
3017 3130 3149 3186 labe
3196 3139 3511 3205 concepta,
3565 3134 3663 3188 hoc
3704 3148 3846 3203 nego-

493 3228 651 3285 hlica
681 3227 812 3282 luce
862 3224 1247 3280 donarentur.
1306 3222 1381 3274 At
1436 3235 1571 3274 vero
1620 3218 1762 3273 dum
1821 3216 2135 3283 Aubertus,
2252 3216 2399 3281 tium
2431 3217 2687 3272 maxime
2726 3235 2883 3275 curm
2914 3226 3043 3275 erat
3074 3220 3170 3294 (4).

494 3318 628 3374 aliis
659 3314 816 3373 euris
858 3313 1171 3378 distentus,
1223 3324 1418 3381 neque
1462 3307 1805 3364 Franscisco
1853 3304 2141 3360 Combeﬂ-
2320 3306 2417 3359 III.
2454 3307 2669 3361 Verum
2703 3307 2751 3363 si
2782 3308 3104 3365 laetandum
3137 3311 3281 3365 mihi
3318 3312 3439 3367 fuit
3469 3312 3620 3387 quod
3647 3315 3841 3368 Romam

495 3408 605 3477 sio,
637 3405 764 3478 qui,
794 3404 924 3476 ipso
956 3404 1277 3467 annuente,
1322 3398 1461 3452 huic
1514 3402 1727 3468 spartea
1776 3394 2139 3451 adornandse
2251 3394 2510 3466 denique
2540 3398 2909 3469 pervenisset
2937 3400 3241 3472 exemplar
3270 3418 3301 3455 e
3340 3403 3489 3459 Caes.
3522 3402 3702 3458 codice
3724 3399 3841 3453 inter

492 3512 737 3553 manum
785 3492 1144 3558 admoverat,
1207 3487 1561 3543 transmissa
1619 3486 1731 3541 sibi
1790 3484 1861 3540 ab
1922 3483 2544 3583 AllatioBTheol.n.
2597 3488 2699 3540 247
2758 3488 3139 3560 exscriptum,
3199 3490 3428 3547 additis
3489 3499 3747 3565 praeterea
3789 3486 3844 3542 ad

496 3584 783 3659 opuscula
813 3580 1255 3638 communicare
1286 3578 1347 3632 in
1371 3578 1636 3632 animum
1669 3574 1916 3641 inducit,
1949 3590 2016 3628 eo
2046 3588 2142 3628 res
2172 3574 2214 3583 “’
2256 3574 2581 3649 marginem
2613 3576 2968 3634 lectionibus
2998 3579 3371 3637 variantibus
3403 3601 3477 3639 ex
3512 3583 3695 3639 codice
3727 3581 3847 3634 inter

499 3672 753 3739 devenit,
778 3678 845 3726 ut
874 3672 977 3727 illo
1022 3684 1369 3740 supremum
1401 3666 1641 3721 interim
1674 3664 1834 3719 diem
1865 3662 2141 3731 obeunte,
2255 3664 2399 3719 Hist.
2435 3665 2645 3721 eecles.
2682 3684 2739 3722 n.
2772 3670 2873 3722 114
2901 3685 2914 3736 ;
2945 3674 3003 3723 et
3024 3668 3355 3728 dolendum
3388 3670 3847 3736 fuittantumdem,

500 3779 637 3819 cum
663 3760 912 3831 reliquis
944 3759 1074 3831 ejus
1103 3757 1323 3813 chartis
1348 3754 1643 3811 Allatiana
1665 3770 1900 3826 quoque
1927 3752 2145 3823 scripta
2254 3771 2387 3810 cum
2438 3756 2804 3827 experientia
2852 3766 3223 3838 compertum
3270 3768 3388 3833 est,
3442 3764 3682 3831 codices,
3728 3759 3850 3814 unde

502 3848 862 3908 interierint.
2254 3844 2658 3918 apographum
2689 3847 2837 3903 iilud
2896 3847 3216 3909 deductum
3265 3851 3487 3921 fuerat,
3530 3859 3682 3909 tanta
3722 3865 3853 3905 men-

576 3942 643 3997 ll.
668 3941 815 3995 Bina
840 3942 1039 3993 tamen
1064 3950 1251 4005 eaque
1287 3937 1378 3989 sat
1413 3932 1644 4004 prolixa
1677 3931 1937 3989 homiliaa
1966 3932 2145 3985 Joan-
2254 3933 2465 3989 dorum
2524 3935 2694 4007 copia
2751 3937 3079 4014 exundare,
3138 3945 3203 3995 ut
3257 3942 3481 3998 merito
3535 3941 3716 4015 Augiza
3762 3944 3854 3993 sta-

504 4033 600 4089 nis
629 4027 977 4086 Eubmensis
1008 4028 1358 4097 supererant
1386 4022 1558 4078 nobis
1606 4023 1957 4094 fragmenta,
2009 4038 2141 4092 quas
2254 4024 2392 4080 bulo
2423 4043 2765 4098 comparare
2817 4045 2917 4087 eos
2946 4030 3160 4102 possis.
3224 4033 3377 4090 Hinc
3436 4051 3569 4091 cum
3624 4029 3855 4088 adhibitis

498 4123 659 4181 idem
690 4119 943 4177 Allatius
974 4114 1411 4190 prolegomenis
1432 4113 1506 4170 ad
1528 4112 1873 4169 Damasceni
1897 4112 2087 4184 Opera
2108 4127 2143 4167 a

497 4232 561 4271 se
592 4211 836 4287 paratis,
866 4214 925 4265 et
954 4225 989 4264 a
1018 4208 1091 4262 Le
1121 4206 1308 4272 Quien
1357 4202 1571 4261 deinde
1621 4201 1816 4269 editis,
1870 4202 2141 4256 inserue-

493 4309 587 4361 rat
609 4304 709 4376 (3).
739 4301 806 4357 In
837 4316 967 4372 qum
1000 4312 1135 4353 cum
1165 4294 1537 4362 incidissem,
1573 4292 1851 4348 demirari
1901 4290 2139 4363 quidem

489 4394 751 4469 primum
778 4390 926 4462 ccepi
957 4385 1516 4454 luculentissimam,
1567 4399 1744 4455 quam
1794 4380 2139 4453 praeferunt,

488 4484 562 4540 de
594 4487 799 4540 sancta
831 4478 1093 4550 Deiparm
1125 4474 1522 4547 Conceptione
1556 4472 1912 4528 sententiam
1939 4496 1954 4538 ;
2014 4476 2139 4525 tum

487 4590 623 4629 vero
683 4578 919 4643 stupere
967 4567 1368 4633 vehementer,
1429 4563 1532 4634 qni
1592 4562 1721 4617 fieri
1766 4560 2024 4633 potuerit
2075 4564 2143 4615 ut

488 4670 611 4719 tam
641 4661 871 4733 insigne
903 4655 1333 4721 testimonium,
1393 4669 1507 4724 quo
1561 4658 1619 4707 et
1667 4668 1808 4707 sane
1857 4650 2136 4721 antiquus

487 4753 752 4825 Deiparm
785 4752 1087 4819 conceptae
1138 4744 1333 4800 cultus
1383 4740 1830 4809 ostendebatur,
1882 4746 1939 4795 et
1988 4740 2142 4811 ejus-
2250 4757 2495 4812 prorsus
2525 4741 2930 4813 abjiciendum
2961 4744 3253 4811 videbam,
3286 4753 3393 4802 aut
3432 4753 3593 4804 certe
3631 4744 3849 4818 quaedam

486 4845 622 4900 dem
654 4840 849 4898 cultus
880 4836 1029 4893 ratio
1061 4841 1178 4890 tam
1212 4831 1524 4905 splendide
1561 4830 1926 4945 tradAeba‘tur,
1976 4828 2138 4884 taciti
2171 4879 2214 4945 C
2251 4831 2663 4887 tantummodo
2695 4832 2788 4887 edi
2822 4849 2993 4904 posse
3025 4834 3358 4908 fragmenta
3393 4835 3800 4893 existimabam.

614 4939 624 4945 -
705 4930 739 4942 -ο
893 4932 907 4945 ι
958 4924 1224 4945 κι-μξ,---
1264 4938 1466 4945 -__---_
1525 4920 1617 4945 ηε
1719 4935 1745 4945 -
1842 4935 1904 4945 Α-
1956 4934 2095 4945 -_....
2315 4921 2385 4945 ην
2454 4923 2509 4945 ,ι
2546 4920 2777 4945 -.-_.___
2812 4929 3108 4945 -_-_.-.--
3514 4934 3525 4945 .
3686 4928 3800 4945 τι-..

484 4930 914 5008 prmteriissent
956 4924 1227 4998 plerique
1258 4938 1469 4977 omnes
1521 4920 1621 4991 qui
1675 4918 1746 4974 de
1796 4919 1907 4974 hoc
1955 4934 2129 4991 argu-
2172 4918 2214 4945 υ
2313 4921 2405 4976 IV.
2440 4923 2513 4975 At
2542 4920 2783 4977 demum
2807 4929 3112 4995 exoptatas
3145 4928 3461 4997 suppetias
3512 4927 3643 4982 tulit
3685 4928 3851 4979 Roma-

484 5028 687 5081 mento
711 5024 845 5095 post
863 5015 1021 5073 edita
1035 5014 1165 5087 jam
1196 5030 1231 5069 a
1252 5013 1325 5068 Le
1348 5011 1535 5077 Quien
1562 5008 1911 5065 Damasceni
1944 5009 2134 5080 Opera
2244 5026 2357 5064 nus
2380 5010 2583 5079 codex,
2617 5012 2719 5082 qui
2740 5013 2799 5068 in
2819 5012 3038 5086 insigni
3066 5015 3504 5073 Barberiniana
3542 5014 3849 5071 bibliotheca

2253 4115 2431 4171 etiam
2461 4115 2715 4177 aliorum
2742 4118 2921 4187 curis,
2954 4120 3055 4190 qui
3084 4138 3239 4195 saepe
3271 4124 3498 4197 smpius
3517 4118 3853 4196 conjectando

2250 4205 2446 4276 potius
2493 4222 2672 4276 quam
2729 4206 3176 4280 interpretando
3233 4216 3547 4284 utcunque
3604 4216 3681 4266 tot
3725 4207 3856 4263 labes

2250 4298 2477 4367 tergere
2508 4295 2886 4364 studuerunt,
2934 4299 3123 4353 oratio
3176 4300 3388 4356 multis
3432 4302 3621 4356 adhuc
3665 4296 3855 4355 lacunis

2250 4382 2526 4452 hisceret,
2558 4384 2659 4439 ubi
2690 4402 2904 4457 nempe
2934 4386 3115 4442 adeos
3146 4396 3466 4461 corruptus
3516 4395 3638 4447 erat
3678 4393 3854 4451 textus,

2250 4477 2317 4526 ut
2340 4471 2706 4543 probabilem
2740 4475 3002 4545 aliquem
3034 4493 3274 4532 sensum
3309 4495 3390 4535 ne
3423 4479 3728 4537 divinando
3755 4474 3855 4549 qui.

2251 4561 2385 4617 dem
2417 4562 2655 4633 assequi
2690 4563 2916 4631 liceret,
2941 4566 3068 4637 jam
3100 4567 3450 4633 consilium,
3486 4568 3640 4641 quod
3682 4568 3735 4622 in
3774 4580 3855 4620 an-

2250 4655 2545 4706 tecessum
2570 4652 2852 4720 foveram,
2888 4655 3179 4727 integram
3200 4658 3519 4731 evulgandi
3552 4660 3851 4715 orationem.

2065 5170 2290 5228 NOTAE.

557 5323 631 5395 (4)
684 5326 830 5396 Opp.
889 5322 1170 5396 S.7Jo_an.
1220 5314 1631 5396 "Damasceni,
1695 5317 1838 5369 tom.
1896 5313 1942 5382 Ι,
1996 5329 2124 5387 pag.

487 5388 659 5450 xxvii.
692 5388 1123 5464 -—”Patrologiw
1147 5397 1186 5447 t.
1220 5390 1406 5457 XCIV,
1438 5405 1497 5461 p.
1535 5388 1655 5442 155.

559 5464 633 5535 (2)
665 5465 813 5520 Ibid.
845 5482 974 5537 pag.
1009 5480 1170 5521 ιιι-ιν.

558 5526 631 5608 (3)
663 5538 690 5604 §
719 5538 807 5600 68,
836 5526 979 5606 Opi}.
1014 5537 1069 5590 S.
1102 5537 1263 5591 Joan.
1302 5535 1569 5589 Damasc.
1591 5548 1696 5603 per
1716 5530 1786 5586 M.
1816 5529 1889 5583 Le
1918 5526 2124 5598 Quien,

487 5614 629 5664 tom.
664 5609 708 5668 Ι,
744 5621 874 5677 pag.
907 5623 998 5671 LII,
1029 5623 1164 5677 LIIII.

553 5680 631 5753 (4)
660 5672 944 5735 Νοῆοἲῐιθ
974 5676 1087 5731 sibi
1141 5676 1430 5731 beneﬂcio
1479 5674 1797 5730 obstrinxit
1839 5672 1924 5727 vir
1978 5672 2124 5727 emi-

2238 5315 2653 5393 nentissimus,
2688 5332 2825 5373 cum
2855 5316 3003 5374 duas
3033 5317 3181 5374 alias
3219 5318 3530 5393 homilias,
3575 5335 3709 5393 quas
3733 5328 3844 5393 nos;

2239 5385 2380 5469 dum
2435 5384 2648 5469 editas
2684 5406 3113 5469 co_mp_erera_m,
3172 5391 3442 5469 alteram
3515 5384 3611 5448 ⁷5.’
3653 5384 3843 5469 Tanusii.

2237 5458 2489 5535 Joannis
2528 5458 3407 5535 Thessalonicensis'alteram,
3466 5481 3643 5535 quam
3690 5462 3842 5535 utpote-

2238 5530 2777 5605 [nerehistoricam
2813 5534 2907 5588 hic
2938 5533 3111 5589 edere
3143 5534 3292 5589 nihil
3324 5528 3576 5605 attinet,
3608 5551 3671 5589 ex
3698 5528 3839 5605 Regia!

2237 5602 2592 5658 Parisiensis
2650 5604 3025 5660 bibliothecas
3084 5605 3389 5660 codicibus
3482 5600 3840 5663 exscribendas

2241 5681 2623 5744 peramanter
2652 5677 2897 5733 curavit.
