4048 6210
205 382 347 440 1153

1266 378 1590 434 ,ΙΟΑΝΝΒΞ
1628 380 2079 434 ΕυΒωΒΝΒιΒ.
2115 408 2180 421 --
2210 382 2572 439 MONITUM.

3474 392 3611 448 1454

203 505 611 565 delitescebat.
670 507 741 561 Et
784 521 849 563 re
894 520 1037 563 sane
1089 521 1227 563 vera
1274 504 1616 576 quempiam
1665 504 1850 563 alium
1882 507 1935 571 Α
1964 506 2196 573 vetusti,
2232 507 2523 578 ejusmodi
2571 510 3023 583 inscriptionem
3058 531 3179 586 prae
3233 532 3293 571 se
3326 516 3608 589 fuerunt;

198 605 432 657 exstare
465 598 752 664 codicem,
814 594 972 652 unde
1032 595 1273 652 Joannis
1331 596 1485 650 hanc
1544 595 1851 650 homiliam

196 688 612 761 exscripsisset
638 686 909 754 Allatius,
935 685 1052 741 duo
1083 690 1253 742 erant
1284 702 1415 755 qum
1446 684 1623 757 plane
1648 684 1851 740 suade-

195 780 360 836 bant.
393 779 663 834 Primum
689 776 846 849 quod
875 776 1147 844 Allatius,
1181 775 1252 830 de
1284 776 1393 832 hac
1424 776 1690 831 oratione
1725 791 1851 829 ser-

196 887 439 927 monem
468 869 791 925 instituens
841 870 940 940 (5),
995 867 1148 922 nihil
1197 882 1443 938 prorsus
1492 867 1851 921 mendorum

194 962 429 1033 copiam
459 962 928 1025 lamentaretur;
978 958 1231 1013 alterum
1275 956 1435 1028 quod
1467 956 1673 1011 titulus
1718 972 1848 1010 ora-

197 1051 347 1106 tioni
393 1052 456 1106 in
488 1048 810 1121 exemplari
854 1048 1152 1104 Allatiano
1199 1046 1499 1118 praefixus,
1533 1046 1709 1118 plane
1759 1045 1849 1100 di-

192 1158 398 1197 versus
457 1139 530 1195 ab
591 1156 659 1195 eo
718 1143 877 1194 esset
942 1154 1121 1209 quem
1187 1136 1427 1208 praefert
1492 1135 1676 1191 codex
1724 1137 1844 1191 Cae-

195 1247 429 1288 sareus.

269 1320 455 1392 Hujus
485 1319 687 1391 itaque
717 1316 961 1385 codicis,
989 1333 1108 1388 quo
1138 1316 1282 1372 olim
1314 1321 1370 1371 et
1416 1316 1670 1372 Allatius
1702 1333 1848 1372 usus

193 1415 303 1480 est,
322 1424 621 1480 quemque
644 1406 1017 1463 exscribendi
1042 1422 1109 1462 ac
1121 1406 1399 1479 vulgandi
1415 1405 1847 1477 amplissimam

190 1499 343 1555 mihi
395 1498 633 1553 veniam
702 1513 936 1553 summa
1008 1495 1495 1551 excellentissimi
1560 1495 1846 1567 principis

191 1587 504 1644 Barberini
532 1586 673 1642 fecit
702 1586 1065 1654 humanitas,
1098 1586 1393 1658 integrum
1415 1590 1642 1640 textum
1670 1585 1843 1641 dabo-

186 1676 317 1733 Non
350 1680 512 1731 caret
559 1674 799 1745 quidem
833 1679 891 1729 et
920 1674 1017 1728 hic
1048 1673 1232 1729 codex
1286 1673 1411 1728 suis
1461 1673 1735 1729 mendis:
1787 1678 1846 1728 at

190 1765 416 1821 leviora
446 1764 551 1820 illa
581 1769 742 1832 sunt,
773 1780 967 1835 neque
1001 1763 1294 1836 ejusmodi
1342 1764 1645 1820 obducunt
1675 1769 1841 1819 tene-

187 1853 349 1923 bras,
382 1858 448 1907 ut
475 1853 761 1909 orationis
806 1869 1015 1907 sensus
1065 1853 1309 1907 omnino
1358 1852 1561 1924 fugiat.
1594 1853 1845 1924 Insuper
1876 1876 1922 1941 Β

187 1943 285 1999 his
336 1960 575 2014 quoque
634 1942 999 2015 corrigendis
1058 1959 1232 1997 suum
1294 1942 1536 2013 aliquod
1586 1942 1835 1997 Cazsarei

188 2033 450 2103 codices,
501 2037 635 2088 utut
664 2031 1120 2103 corruptissimi,
1171 2030 1516 2103 praesidium
1568 2031 1838 2087 conferre

188 2126 550 2193 potuerunt;
585 2121 743 2192 quod
782 2120 968 2176 sicubi
1027 2120 1150 2188 fiat,
1180 2120 1253 2176 ad
1303 2121 1525 2176 calcem
1556 2121 1837 2176 subnota-

188 2217 317 2267 tum
350 2211 538 2267 lector
585 2210 864 2266 inveniet.
898 2212 940 2263 E
973 2210 1256 2265 Caesareis
1287 2216 1487 2266 autem
1536 2209 1838 2265 codicibus

187 2318 312 2356 non
345 2300 669 2357 recensebo
693 2300 957 2371 quidem,
992 2305 1273 2370 tanquam
1304 2300 1495 2355 varias
1526 2299 1834 2365 lectiones,

189 2407 398 2445 eorum
430 2388 648 2446 menda
696 2404 880 2460 prope
906 2388 1258 2443 innumera:
1292 2387 1585 2443 adnotabo
1637 2393 1835 2443 tamen

188 2485 249 2534 ιο
281 2479 517 2551 quando
548 2478 622 2533 ad
658 2478 877 2534 menda
907 2477 1316 2533 Barberiniani
1357 2477 1577 2533 codicis
1609 2476 1840 2533 abster~

187 2569 387 2643 genda
444 2568 667 2639 aliquid
723 2566 1124 2633 contulerint;
1185 2570 1243 2620 2°
1300 2567 1347 2621 si
1402 2567 1638 2637 quando
1688 2567 1836 2622 citra

185 2658 412 2713 menda
439 2658 655 2713 variam
686 2656 951 2728 aliquam
982 2655 1299 2711 lectionem
1344 2661 1446 2709 aut
1476 2656 1834 2711 sententiam

184 2765 316 2820 prae
348 2764 410 2803 se
434 2747 627 2802 ferant
654 2746 753 2818 (6).

263 2840 323 2894 V.
359 2839 435 2893 De
469 2836 755 2893 orationis
785 2840 1026 2892 auctore
1071 2835 1296 2890 Joanne
1339 2832 1651 2890 Eubazensi
1686 2850 1833 2905 pau-

179 2945 256 2985 ca
283 2928 529 2983 omnino
560 2932 720 2993 sunt,
753 2943 883 2999 qum
915 2925 1029 2980 dici
1051 2925 1301 2997 possint.
1336 2925 1415 2979 De
1446 2924 1575 2996 ipso
1599 2923 1837 2979 Guillel-

178 3036 320 3075 mus
348 3019 494 3073 Cave
524 3018 776 3091 (Histor.,
810 3019 1073 3083 litterar.,
1101 3015 1174 3070 ad
1208 3031 1349 3071 ann.
1383 3015 1507 3085 744)
1544 3030 1557 3068 :
1597 3016 1836 3070 Joannes

178 3109 489 3165 monachus
548 3114 600 3162 et
648 3107 960 3178 presbyter,
1013 3112 1225 3175 postea,
1282 3112 1343 3159 ut
1404 3105 1661 3170 videtur,
1726 3109 1836 3160 Eu-

178 3201 309 3256 bazas
358 3201 662 3270 episcopus,
712 3198 917 3253 claruit
965 3195 1115 3250 circa
1161 3212 1365 3250 annum
1398 3196 1521 3249 744.
1555 3195 1657 3249 Cui
1689 3211 1833 3250 con-

174 3292 543 3351 sentientem
572 3305 679 3344 seu
709 3288 904 3360 potius
948 3290 1314 3359 praeeuntem
1363 3285 1654 3341 habemus
1688 3286 1832 3340 Leo-

172 3399 322 3437 nem
352 3380 656 3448 Allatium,
686 3378 786 3449 qui
831 3378 893 3431 in
942 3376 1198 3431 laudatis
1253 3375 1525 3447 superius
1556 3374 1830 3447 prolego-

173 3471 376 3526 menis
407 3470 424 3541 (
456 3468 619 3540 §68),
650 3466 869 3522 fatetur
898 3481 1036 3520 eum
1065 3481 1211 3518 nunc
1244 3465 1649 3534 presbyterum,
1682 3481 1830 3518 nunc

172 3562 401 3617 Sabaeae
457 3560 768 3628 episcopum
802 3597 817 3624 ,
873 3555 1214 3610 orationibus
1281 3554 1349 3608 ab
1398 3570 1456 3608 eo
1515 3553 1830 3623 compositis

163 3651 421 3723 prae/Egi.
455 3646 664 3703 Subdit
690 3662 825 3701 vero
852 3662 865 3699 :
899 3648 1128 3710 Quantae
1156 3645 1268 3714 ipse
1298 3645 1355 3696 in
1396 3644 1631 3699 Ecclesia
1658 3645 1832 3712 fuerit

172 3740 534 3796 auctoritatis
562 3736 647 3791 vel
678 3735 817 3789 illud
847 3736 1075 3800 evincet,
1110 3734 1385 3787 orationes
1415 3731 1590 3793 illius,
1622 3730 1683 3786 in
1727 3748 1829 3787 ass-

172 3833 473 3887 timatione
500 3829 668 3897 fuisse
717 3826 853 3880 adeo
884 3830 943 3878 ut
973 3840 1007 3878 a
1036 3824 1222 3877 multis
1249 3824 1346 3877 sub
1385 3822 1703 3877 Damasceni
1732 3837 1830 3876 no-

169 3924 328 3978 mine
356 3919 741 3989 vulgarentur.

258 4013 476 4065 Verum
526 4006 793 4078 quamvis
843 4002 997 4058 nihil
1045 4001 1289 4057 Joannis
1344 4001 1679 4057 auctoritati
1728 4000 1831 4055 de-

175 4107 444 4160 tractum
466 4098 662 4165 velim,
695 4112 816 4150 non
846 4093 1345 4149 dissimulandum
1389 4098 1587 4148 tamen
1619 4109 1832 4148 censeo

176 4191 334 4267 quid
364 4190 437 4245 de
485 4188 598 4243 isto
646 4185 846 4241 .Allatii
887 4182 1113 4255 judicio
1152 4183 1489 4238 existimare
1539 4183 1833 4254 quispiam

174 4287 396 4356 posset
422 4283 558 4352 post
588 4294 657 4333 ea
695 4292 824 4349 quae
875 4273 947 4328 de
995 4272 1204 4329 eodem
1250 4274 1473 4328 Joanne
1522 4272 1834 4330 Eubmensi

174 4372 400 4429 scribit
428 4367 675 4425 Michael
704 4368 779 4421 Le
830 4365 1017 4431 Quien
1062 4364 1277 4435 (Oriens
1324 4363 1551 4430 Christ.,
1588 4367 1730 4418 tom.
1763 4364 1834 4421 II,

178 4463 306 4521 col.
360 4462 503 4532 214).
556 4463 619 4515 In
667 4456 940 4512 codicibus
995 4453 1194 4510 Graecis
1243 4453 1339 4508 hic
1395 4453 1611 4524 inquit,
1668 4470 1837 4508 manu

174 4553 440 4610 exaratis
469 4551 632 4605 etiam
660 4548 910 4613 vetustis,
943 4544 1071 4599 hinc
1101 4544 1229 4597 inde
1281 4544 1495 4612 aliquot
1545 4549 1837 4597 occurrunt

1958 595 2159 650 nescio
2194 613 2267 651 an
2298 598 2595 669 quispiam
2628 600 2844 656 Allatio
2876 602 3048 658 facile
3077 604 3479 674 permissurus
3512 610 3608 677 sit,

1954 684 2545 742 JoannisEubceensis
2561 690 2859 745 orationes
2878 692 3010 747 ideo
3025 692 3388 748 Damasceno
3403 697 3612 751 Joanni

1956 774 2243 845 ascriptas
2256 774 2627 848 fuisse,quod
2644 780 3033 837 celeberrimo
3055 784 3194 838 huic
3208 784 3328 839 viro
3347 785 3615 857 inspecta

1957 864 2411 921 earumindoles
2448 868 2795 926 tribuendas
2849 872 3087 928 easdem
3133 874 3425 930 suaderet.
3462 876 3615 932 Sane

1955 956 2021 1006 ut
2051 952 2252 1009 Allatii
2285 960 2401 1010 stet
2429 958 2795 1029 conjectura,
2829 968 3063 1033 oportet
3095 964 3223 1034 jam
3255 969 3609 1037 statuamus,

1956 1040 2363 1114 inscriptionis
2396 1062 2430 1100 a
2462 1047 2537 1102 Le
2568 1049 2753 1113 Quien
2787 1058 3130 1107 memoratae
3162 1059 3433 1109 auctores
3468 1056 3610 1127 :qui-

1954 1146 2188 1202 cunque
2221 1132 2261 1187 ii
2294 1133 2536 1191 demum
2594 1136 2839 1208 fuerint)
2869 1139 3047 1211 plane
3078 1140 3188 1195 sibi
3240 1145 3608 1213 persuasisse

1953 1220 2359 1290 peroelebrem
2411 1225 2585 1281 illum
2635 1227 2981 1299 doctorem,
3039 1231 3296 1302 fideique
3345 1235 3606 1305 pugilem

1950 1309 2239 1366 Joannem
2277 1313 2707 1373 Damascenum
2742 1319 2980 1390 Eubaeee,
3037 1337 3140 1375 seu
3190 1322 3467 1378 Chalcidis
3500 1340 3606 1380 seu

1949 1400 2153 1469 Euripi
2172 1404 2331 1468 (nam
2352 1403 2541 1459 tribus
2558 1405 2722 1461 hisce
2745 1408 3247 1479 appellationibus
3269 1413 3604 1482 promiscue

1952 1487 2118 1543 illam
2141 1490 2342 1546 sedem
2375 1492 2747 1566 indigitatam
2792 1498 3086 1571 novimus)
3130 1500 3474 1572 episcopum
3502 1520 3602 1558 ex-

1952 1576 2190 1637 stitisse.
2218 1582 2409 1652 Atque
2442 1582 2553 1638 hoc
2589 1585 2831 1654 quidem
2884 1588 3426 1658 compertissimum
3461 1597 3549 1646 est
3589 1609 3604 1660 ;

1951 1667 2050 1737 qui
2113 1669 2271 1724 enim
2320 1672 2406 1726 Jo.
2460 1674 2891 1730 Damascenum
2941 1678 3345 1749 appellassent
3393 1682 3604 1737 Eubecae

1950 1760 2283 1829 episCOpum,
2316 1761 2364 1815 si
2396 1777 2465 1816 ea
2513 1762 2799 1835 dignitate
2848 1766 3221 1838 insignitum,
3273 1773 3449 1840 atque
3499 1770 3603 1827 illa

1954 1847 2093 1901 sede
2121 1849 2373 1919 potitum
2406 1868 2541 1907 eum
2584 1853 2767 1911 fuisse
2799 1872 2921 1911 non
2972 1858 3395 1914 censuissent?
3426 1861 3604 1931 Atqui

1953 1936 2205 2006 Graecos,
2242 1944 2299 1993 et
2330 1940 2570 2011 quidem
2599 1950 2825 1999 veteres
2857 1947 3108 2013 Grmcos,
3142 1952 3317 2017 prout
3347 1965 3489 2004 mss.
3511 1968 3603 2005 co-

1948 2024 2146 2081 dicum
2176 2033 2318 2083 mtas
2339 2030 2617 2101 postulat,
2643 2033 2982 2090 existimare
3003 2038 3288 2107 potuisse,
3310 2040 3601 2096 Joannem

1947 2115 2119 2171 illum
2171 2118 2639 2192 Damascenum,
2691 2124 2791 2195 qui
2849 2132 3092 2197 propter
3158 2129 3488 2185 exantlatos
3538 2132 3599 2186 in

1949 2204 2064 2259 ﬁde
2095 2207 2387 2263 catholica
2443 2210 2815 2267 defendenda
2846 2219 2932 2268 tot
2962 2214 3194 2271 labores
3246 2219 3596 2275 notissimus

1948 2301 2233 2363 evaserat,
2286 2297 2563 2354 eumdem
2612 2300 2674 2354 in
2724 2301 2943 2358 Eubtea
3012 2304 3210 2358 insula
3254 2306 3599 2378 episcopum

1945 2384 2149 2452 fuisse,
2186 2384 2295 2440 hoc
2327 2387 2626 2443 enimvero
2660 2390 2719 2443 in
2738 2392 3006 2446 animum
3031 2392 3314 2449 inducere
3348 2396 3608 2452 maxime

1945 2473 2198 2528 arduum
2228 2476 2442 2530 merito
2474 2478 2693 2533 dixeris
2721 2497 2735 2547 ;
2771 2485 2895 2535 tum
2918 2481 3059 2551 quia
3090 2482 3243 2538 hanc
3275 2483 3348 2539 de
3381 2486 3608 2543 Joanne

1947 2565 2313 2621 Damasceno
2346 2567 2687 2638 opinionem
2748 2570 3037 2641 perlatam
3070 2588 3199 2626 esse
3251 2572 3608 2645 aliquando,

1946 2654 2179 2709 nullum
2209 2660 2400 2710 exstat
2422 2656 2733 2727 indicium,
2760 2675 2933 2713 nemo
2964 2661 3268 2714 memoriae
3300 2662 3601 2731 prodidit;

1945 2749 2072 2799 tum
2100 2745 2239 2815 quia
2259 2746 2648 2802 celeberrima
2675 2748 2834 2802 inter
2858 2750 3089 2803 Graecos
3119 2750 3276 2805 fama
3295 2757 3602 2822 gestorum

1945 2836 2028 2889 Jo.
2064 2835 2413 2890 Damasceni
2445 2836 2680 2891 nullum
2725 2836 2864 2892 huic
2913 2838 3177 2909 opinioni
3212 2838 3407 2893 locum
3458 2840 3598 2895 reli-

1946 2940 2130 2994 quum
2161 2924 2458 2993 faciebat;
2505 2931 2629 2981 tum
2682 2926 2923 2981 demum
2976 2927 3115 2998 quia
3164 2927 3429 2983 historia:
3463 2946 3595 2999 quas

1946 3016 2210 3071 omnium
2242 3016 2516 3072 manibus
2548 3017 2911 3087 terebantur,
2935 3018 3272 3089 cujusmodi
3306 3024 3447 3073 sunt
3476 3036 3594 3075 meo

1945 3105 2185 3177 nologia
2215 3122 2281 3161 ac
2313 3122 2541 3161 menasa
2564 3149 2580 3177 ,
2625 3107 2817 3163 eidem
2852 3108 3119 3178 opinioni
3153 3108 3467 3163 manifeste
3500 3125 3599 3163 re-

1948 3196 2310 3267 pugnabant.

2009 3287 2125 3341 Cur
2154 3304 2311 3359 ergo,
2346 3286 2528 3355 dices,
2578 3288 2891 3343 Damasceni
2940 3304 3158 3343 nomen
3207 3288 3417 3343 Joanni
3472 3288 3587 3344 Eu-

1939 3375 2164 3431 bmensi
2196 3376 2446 3431 adhaesit
2475 3376 2502 3431 ‘I
2529 3376 2705 3432 Valde
2739 3377 2997 3442 obvium,
3031 3378 3297 3448 inquam,
3329 3393 3586 3449 respon-

1940 3482 2067 3521 sum
2098 3472 2358 3537 prostat:
2391 3466 2482 3522 fac
2514 3467 2623 3522 iste
2677 3484 2913 3538 quoque
2970 3468 3228 3523 Joannes
3259 3469 3451 3539 patria
3480 3471 3594 3529 Da-

1940 3570 2253 3610 mascenus
2286 3556 2610 3614 exstiterit;
2642 3572 2715 3611 en
2742 3557 3033 3612 rationem
3058 3557 3219 3612 illius
3242 3557 3590 3629 appellatio-

1941 3646 2035 3700 nis
2067 3646 2128 3700 in
2160 3650 2442 3718 promptu
2471 3646 2674 3701 habes.
2728 3648 2926 3718 Neque
2978 3664 3112 3701 vero
3166 3652 3412 3720 pugnat,
3445 3647 3595 3703 duos

1941 3734 2211 3790 existisse
2257 3738 2514 3791 Joannes
2565 3752 2594 3789 e
2646 3737 3012 3791 Damascena
3064 3737 3210 3791 urbe
3282 3736 3595 3809 oriundos,

1942 3841 2195 3896 quorum
2226 3824 2377 3880 alter
2393 3826 2720 3881 monachus
2752 3826 2812 3880 in
2836 3826 3151 3881 Palaastina
3181 3826 3409 3895 vixerit,
3442 3824 3593 3885 alter

1943 3916 2254 3987 episc0pus
2281 3916 2342 3970 in
2372 3915 2590 3971 Eubaea
2610 3916 2808 3971 insula
2837 3916 3110 3973 evaserit.
3145 3917 3345 3987 Neque
3378 3916 3584 3973 itidem

1943 4021 2158 4059 novum
2190 4004 2423 4075 accidit,
2457 4005 2750 4077 episcopis
2782 4011 2997 4077 praeter
3028 4022 3250 4062 nomen
3284 4005 3462 4070 sedis,
3504 4006 3606 4061 al-

1944 4094 2129 4149 terius
2156 4110 2391 4165 quoque
2435 4094 2549 4149 loci
2582 4094 2698 4149 alia
2726 4094 2798 4149 de
2830 4111 3007 4149 causa
3055 4110 3275 4148 nomen
3323 4093 3593 4165 adjungi.

1943 4184 2037 4239 Sic
2076 4184 2224 4239 duos
2254 4183 2437 4238 habes
2460 4183 2803 4238 Anastasios
2824 4182 3225 4237 Antiochenos
3257 4182 3595 4254 episcopos,

1946 4290 2199 4345 quorum
2221 4272 2456 4343 utrique
2488 4272 2725 4327 Sinaitee
2757 4287 2975 4325 nomen
2998 4271 3268 4337 adhaesit,
3305 4272 3446 4343 quia
3477 4288 3605 4327 mo-

1946 4364 2236 4418 nasticam
2267 4361 2340 4417 ad
2372 4365 2636 4415 montem
2680 4360 2837 4416 Sinai
2870 4362 3050 4416 vitam
3081 4366 3330 4433 uterque
3380 4365 3599 4434 egerat.

1946 4453 2039 4508 Sic
2069 4451 2336 4506 Andreas
2366 4451 2632 4506 Cretensis
2685 4451 2999 4524 episcopus
3051 4451 3387 4523 appellatur
3417 4450 3595 4505 etiam

1948 4542 2489 4611 Hierosolymitanus,
2520 4542 2658 4612 quia
2690 4541 2848 4597 clero
2881 4542 3059 4613 hujus
3082 4541 3361 4597 Ecclesia:
3383 4541 3603 4614 ascrip-

176 4644 471 4700 orationes
518 4640 584 4693 de
639 4637 964 4691 Christianae
1003 4633 1287 4702 religionis
1329 4631 1621 4701 mysteriis,
1673 4639 1725 4686 et
1780 4634 1839 4687 in
1873 4623 1924 4685 D
1961 4639 2051 4687 tus
2082 4637 2219 4688 ante
2251 4632 2655 4703 episcopatum
2687 4632 3030 4686 Cretensem
3062 4632 3273 4687 fuerat.

170 4733 563 4789 solemnitates
592 4733 929 4793 sanctorum,
960 4724 1203 4779 Joannis
1234 4722 1583 4778 Damasceni
1624 4728 1681 4776 et
1714 4724 1837 4794 epi-

176 4821 360 4893 scopi
390 4822 573 4875 Evaam
604 4817 719 4873 sive
748 4815 980 4870 Euboeae
1011 4815 1229 4868 nomine
1253 4814 1549 4882 inscriptae.
1582 4810 1840 4866 Ἰωάννου

170 4915 291 4966 τοῦ
326 4909 687 4981 Δαμασκηνοῦ
716 4904 806 4959 καὶ
841 4900 1139 4957 ἐπισκόπου
1161 4894 1416 4961 Εὐϐοίας,

266 5002 405 5056 Haec
437 5000 510 5054 Le
539 4997 752 5063 Quien,
786 4994 855 5049 de
879 4993 1048 5065 cujus
1082 4992 1197 5047 fide
1236 4996 1441 5065 utpote
1488 4991 1595 5046 viri
1626 4992 1689 5047 in
1718 5008 1844 5047 ver-

177 5090 404 5150 sandis
434 5087 678 5144 vetustis
700 5102 842 5141 mss.
866 5082 1113 5148 assidui,
1137 5081 1295 5137 haud
1325 5082 1490 5136 locus
1521 5080 1698 5137 debet
1719 5099 1845 5138 esse

178 5177 528 5238 dubitandi.
556 5177 737 5233 Porro
759 5174 805 5229 si
827 5172 1029 5246 plures
1051 5170 1247 5243 reipsa
1268 5169 1521 5237 codices,
1548 5171 1848 5244 iidemque

2023 4718 2109 4775 VI.
2138 4723 2329 4775 Pauca
2359 4737 2519 4775 nunc
2549 4720 2622 4775 de
2653 4718 2853 4775 indole
2900 4721 3160 4775 homilia:
3193 4736 3406 4775 censeo
3459 4717 3603 4774 sub-

1946 4810 2271 4884 jungenda,
2306 4815 2546 4881 propter
2576 4825 2675 4864 eos
2728 4810 2983 4864 maxime
3037 4810 3135 4881 qui
3182 4815 3445 4864 veterum
3479 4825 3607 4863 ser-

1955 4917 2162 4956 mones
2193 4899 2255 4954 in
2287 4899 2547 4969 Deiparre
2579 4900 3039 4970 Conceptionem
3071 4915 3378 4969 nunquam
3410 4898 3603 4953 adhuc

1956 4990 2226 5063 legerint.
2260 4991 2341 5043 Ex
2372 4989 2445 5043 iis
2481 4989 2700 5044 etenim
2732 4990 2845 5044 erit
2885 4988 3137 5044 fortasse
3172 4988 3294 5059 qui,
3336 5004 3611 5060 prmcon-

1959 5086 2127 5153 cepta
2153 5080 2365 5135 ductus
2399 5078 2701 5149 opinione,
2733 5078 2984 5133 sollicite
3036 5077 3324 5149 avideque
3379 5094 3610 5133 sermo-

1958 5188 2097 5227 nem
2119 5169 2435 5244 pervolvat,
2463 5184 2538 5223 an
2557 5170 2758 5223 Patres
2781 5167 3154 5241 privilegium
3177 5166 3329 5222 illud
3353 5165 3611 5240 Virginis

1793 5375 2013 5430 NOTIE.

267 5547 349 5621 (ὃ)
382 5547 447 5601 In
491 5543 821 5615 Prolegom.
876 5538 951 5595 ad
1004 5537 1272 5594 Damasc.
1326 5535 1497 5607 Oper.
1557 5534 1686 5591 loco
1722 5552 1851 5609 sup.

180 5621 406 5677 citato.

269 5692 347 5761 (6)
375 5688 621 5761 Codices
652 5681 1013 5761 huiusmodi
1065 5680 1223 5761 notis
1272 5678 1741 5761 iudicabuntur:
1794 5681 1851 5735 C.

1431 5749 1624 5805 Codex
1665 5752 1856 5806 Cassa-

168 5753 369 5821 Barb.
411 5760 597 5816 codex
650 5753 1066 5813 Barberimus:
1124 5754 1254 5808 Caes.
1307 5753 1378 5807 A.

1965 5552 2103 5591 reus
2136 5532 2612 5590 Vindobonensis
2666 5532 2821 5588 inter
2861 5532 3136 5606 Theolog.
3184 5532 3443 5606 n12“:
3480 5532 3616 5606 Caes.

1966 5610 2027 5663 Β.
2062 5607 2215 5732 ait?
2266 5605 2739 5663 Vindobonensis
2771 5605 3017 5662 mutilus
3048 5604 3205 5661 inter
3242 5605 3388 5661 Hist.
3440 5604 3614 5671 eccl.,

1968 5697 2026 5734 n.
2136 5708 2143 5719 ι
2175 5720 2187 5733 .
