4066 6218
508 390 647 447 1455

1806 374 2134 430 JOANNES
2170 376 2388 432 RUBCE
2398 379 2615 433 ENSIS.

3726 379 3828 433 “$6

504 521 802 582 tueantur,
837 529 912 568 an
944 509 1151 565 validis
1185 510 1426 563 firment
1472 502 1827 570 rationibus,
1860 519 1935 557 an
1967 501 2142 557 multi
2176 502 2229 569 Α
2261 503 2585 574 prmferens
2614 504 2897 560 Jacobum
2954 502 3292 575 quemdam,
3348 502 3453 573 qui
3503 503 3560 558 in
3594 504 3829 561 nonnullis

504 610 624 664 sint
652 607 711 659 in
737 603 808 659 ed
840 599 1196 657 celebrando
1230 602 1291 651 et
1318 597 1378 650 in
1410 593 1791 663 inculcanda,
1838 592 2157 665 diligenter

505 698 897 751 scrutaturus.

574 780 899 836 Monendus
930 778 1149 848 itaque,
1186 775 1232 829 si
1266 775 1399 846 quis
1429 772 1580 828 forte
1626 772 1708 825 ita
1740 776 1939 825 mente
1990 786 2156 825 com-

503 876 744 943 paratus
778 870 873 935 sit,
909 873 1174 937 tempora
1205 881 1240 919 a
1272 862 1637 934 temporibus
1688 860 2003 932 diligenter
2032 859 2157 912 dis-

506 960 695 1032 tingui
718 963 1008 1028 oportere.
1045 958 1187 1010 Nam
1239 954 1415 1009 aliam
1470 951 1790 1023 cujuslibet
1829 949 2157 1021 argumenti

509 1046 911 1121 pertractandi
952 1046 1244 1101 rationem
1294 1050 1431 1099 ante
1464 1047 1695 1098 exortas
1726 1038 2159 1095 controversias

512 1142 860 1208 usurpatam
905 1134 1109 1201 fuisse,
1161 1133 1340 1188 aliam
1382 1148 1516 1185 vero
1565 1135 1881 1202 postquam
1932 1132 2163 1183 contro-

513 1227 719 1280 versias
761 1224 1187 1293 efl‘erbuerunt,
1241 1227 1366 1275 tum
1416 1221 1546 1291 ipsa
1576 1219 1658 1273 rei
1691 1224 1906 1273 natura
1949 1233 2056 1289 per
2098 1232 2160 1271 se

514 1315 742 1380 suadet,
774 1318 897 1368 tum
940 1314 1255 1367 innumera
1303 1309 1575 1382 exempla
1623 1308 1999 1363 confirmant.
2036 1306 2163 1360 Uti-

514 1422 628 1477 que
654 1409 789 1475 post
819 1408 1010 1457 motas
1042 1401 1403 1472 quaestiones
1430 1416 1543 1454 usu
1572 1398 1773 1453 venire
1802 1397 2071 1451 videmus
2100 1399 2165 1449 ut

514 1494 577 1549 in
636 1493 780 1564 ipsis
837 1508 1070 1561 quoque
1129 1489 1204 1544 ad
1252 1490 1541 1561 populum
1587 1486 1962 1543 sermonibus
2013 1485 2164 1539 vires

515 1600 725 1640 omnes
756 1581 830 1637 ad
864 1581 1196 1636 doctrinam
1229 1580 1570 1651 quampiam
1603 1576 1909 1644 tuendam,
1934 1574 2167 1647 opposi-

516 1678 757 1742 tamque
790 1668 1180 1725 refellendam
1202 1668 1585 1724 conferantur
1608 1685 1621 1734 ;
1648 1668 1766 1722 imo
1794 1666 2063 1721 eamdem
2090 1663 2164 1719 ob

520 1778 761 1817 causam
794 1778 947 1831 szepe
993 1760 1215 1814 factum
1247 1758 1646 1830 comperimus
1677 1762 1743 1811 ut
1767 1756 1955 1811 oratio
1987 1754 2165 1809 etiam

2262 592 2568 648 codicibus
2600 595 2779 649 etiam
2833 594 3115 663 apostolus
3161 592 3377 647 dicitur
3426 597 3524 646 aut
3577 596 3725 660 frater
3761 594 3832 647 Do-

2260 685 2440 745 mini;
2472 700 2813 754 quanquam
2844 684 2953 738 hoc
2976 683 3132 738 inter
3153 682 3547 738 additamenta
3561 682 3830 752 posterioris

2264 772 2453 826 aetatis
2486 773 2925 828 accensendum
2979 790 3131 838 esse,
3163 772 3317 826 bene
3347 776 3510 825 notat
3535 772 3612 825 Jo.
3653 771 3833 825 Carolus

2262 861 2429 915 Thilo
2463 863 2665 931 (Codex
2705 863 3008 933 apocryph.
3062 865 3129 918 N.
3182 864 3266 928 T.,
3319 867 3459 915 tom.
3507 861 3549 929 Ι,
3578 860 3831 931 prolegom.

2264 950 2291 1015 δ
2322 950 2396 1019 li).
2430 951 2925 1021 Antiquissimam
2959 967 3087 1004 eam
3129 949 3442 1004 historiam
3494 965 3613 1002 esse
3642 948 3835 1002 dubitari

2264 1038 2411 1093 adeo
2430 1056 2549 1094 non
2582 1045 2803 1110 potest,
2826 1045 2891 1094 ut
2940 1038 3098 1095 idem
3125 1038 3293 1093 Thilo
3325 1039 3449 1108 (loc.
3484 1038 3597 1108 cit.)
3636 1053 3839 1109 pronun-

2265 1128 2413 1184 tiare
2444 1147 2563 1185 non
2607 1130 2858 1198 dubitet,
2906 1130 3063 1186 haud
3102 1128 3549 1201 improbandam
3581 1145 3691 1183 esse
3712 1129 3835 1182 Com-

2265 1217 2457 1273 befisii
2492 1221 2869 1286 sententiam,
2904 1220 3003 1290 qui
3034 1221 3293 1288 (Auetar.
3341 1224 3482 1273 tom.
3534 1218 3575 1285 Ι,
3605 1217 3701 1271 col.
3728 1218 3840 1285 1224)

2267 1325 2397 1364 eam
2428 1309 2503 1364 ad
2548 1326 2735 1365 arvum
2768 1309 3162 1381 apostolicum
3195 1307 3565 1363 referendam
3592 1311 3772 1361 censet.
3794 1306 3841 1359 Et

2267 1405 2425 1454 certe
2457 1416 2599 1453 usos
2630 1400 2758 1471 ipsa
2797 1414 2926 1454 esse
2977 1400 3311 1470 Origenem,
3347 1399 3657 1468 Nyssenum
3683 1397 3841 1465 Grego-

2266 1488 2447 1553 rium,
2478 1489 2848 1543 Eustathium
2869 1488 3331 1553 Antiochenum,
3356 1484 3739 1558 Epiphanium,
3760 1486 3838 1538 An-

2270 1568 2475 1623 dream
2508 1570 2872 1635 Cretensem,
2906 1570 3363 1634 Damascenum,
3408 1565 3662 1620 Photium
3689 1572 3735 1618 et
3756 1564 3842 1634 ple-

2270 1674 2488 1729 rosque
2533 1659 2750 1713 deinde
2796 1676 3023 1722 omnes,
3078 1658 3361 1713 evincunt
3395 1657 3600 1711 horum
3646 1654 3842 1726 scripta;

2273 1748 2543 1819 quinimo
2577 1765 2706 1803 eam
2730 1748 3015 1818 allegasse
3041 1752 3166 1802 tum
3198 1747 3562 1801 Clementem
3582 1742 3845 1798 Alexandri-

523 1869 627 1923 per
657 1852 771 1905 vim
804 1868 871 1905 eo
906 1850 1369 1921 pertraheretur,
1404 1849 1450 1903 si
1483 1846 1720 1919 quando
1771 1846 2166 1918 praestitutum
2203 1863 2249 1928 Β
2278 1854 2443 1904 num,
2475 1842 2598 1892 tum
2630 1839 2945 1903 Irenmum,
2979 1854 3047 1891 ac
3096 1836 3247 1891 forte
3298 1836 3496 1907 ipsum
3525 1848 3727 1904 quoque
3752 1847 3846 1885 san-

524 1947 937 2013 argumentum
971 1940 1125 1994 ultro
1172 1939 1429 2009 cuipiam
1474 1937 1789 2008 qumstioni
1824 1936 2019 1991 locum
2052 1950 2171 1987 non

524 2030 839 2101 praeberet.
872 2032 946 2083 At
965 2046 1098 2083 vero
1121 2035 1258 2083 ante
1282 2029 1455 2083 hasce
1478 2027 1612 2082 lites
1640 2032 1845 2080 enatas
1876 2024 2173 2080 immerito

529 2121 589 2175 in
640 2122 880 2173 Patrum
930 2118 1197 2172 homiliis
1246 2117 1677 2188 apologeticum
1723 2116 1834 2170 hoc
1878 2132 1946 2169 ac
1994 2128 2174 2185 prope

528 2224 762 2279 pugnax
788 2208 1349 2276 contentiosumque
1400 2205 1633 2261 dicendi
1685 2221 1871 2277 genus
1918 2202 2175 2272 requiri-

527 2312 680 2350 mus.
717 2297 915 2366 Neque
948 2296 1107 2349 enim
1140 2310 1317 2348 causa
1348 2300 1474 2348 erat
1513 2292 1835 2364 pugnandi,
1868 2292 1969 2346 ubi
1999 2306 2175 2345 nemo

523 2384 892 2455 repugnabat
949 2400 1142 2454 neque
1211 2400 1416 2436 rursus
1476 2399 1653 2437 causa
1724 2382 2012 2448 suberat,
2073 2396 2179 2435 cur

523 2472 790 2543 mysterii
838 2478 976 2526 tunc
1027 2470 1348 2526 enarrandi
1383 2470 1620 2526 cuidam
1676 2470 1963 2525 duntaxat
1997 2469 2178 2524 veluti

529 2560 839 2632 particulas
871 2560 1135 2632 pressius
1178 2576 1247 2615 ac
1275 2560 1398 2614 fere
1426 2560 1531 2614 toti
1566 2564 1761 2615 Patres
1812 2560 2176 2614 insisterent.

530 2652 747 2704 Eorum
794 2650 1042 2721 proinde
1109 2650 1295 2704 oratio
1350 2648 1596 2705 liberius
1644 2665 1711 2704 ac
1762 2649 1937 2704 latius
1985 2646 2178 2720 vagari

533 2739 701 2794 solet.
723 2741 791 2793 Et
810 2738 1318 2809 quemadmodum
1341 2740 1403 2793 in
1435 2739 1832 2808 sermonibus,
1855 2738 1955 2809 qui
1980 2737 2181 2809 plures

535 2835 903 2899 supersunt,
964 2829 1036 2883 De
1094 2831 1399 2884 Nativitate
1466 2830 1824 2883 Prwcursoris
1906 2829 2178 2891 Domini,

534 2918 755 2971 frustra
796 2922 1089 2988 exceptes,
1150 2918 1302 2973 vires
1354 2935 1422 2973 eo
1473 2919 1728 2973 maxime
1778 2917 2066 2983 contrahi,
2119 2921 2185 2970 ut

539 3006 805 3077 ejusdem
839 3006 1161 3061 nativitatis
1182 3010 1487 3063 evineatur
1508 3008 1789 3062 sanctitas
1814 3024 1826 3074 ;
1853 3006 1956 3061 sed
1979 3008 2182 3059 Patres

537 3096 714 3151 modo
746 3096 807 3149 in
838 3102 1153 3166 parentum
1202 3097 1330 3168 ejus
1380 3096 1586 3151 laudes
1636 3095 1879 3163 effundi,
1914 3094 2089 3150 modo
2121 3095 2181 3148 in

537 3184 731 3256 angeli
762 3184 971 3238 nuntio
1004 3184 1398 3256 explanando,
1431 3185 1607 3239 modo
1641 3186 1700 3239 in
1731 3185 2023 3239 Zacharias
2046 3200 2181 3238 can-

535 3274 651 3328 tico
684 3272 1063 3339 illustrando,
1097 3274 1272 3329 modo
1330 3275 1390 3329 in
1433 3276 1549 3329 vita
1577 3280 1634 3329 et
1684 3274 1863 3346 gestis
1914 3272 2180 3344 ejusdem

536 3363 921 3419 Prmcursoris
979 3363 1352 3428 enarrandis,
1405 3364 1578 3418 modo
1639 3364 1698 3417 in
1756 3362 2185 3432 redemptionis

532 3452 807 3507 humana)
841 3454 1146 3523 mysterio,
1189 3454 1362 3524 cujus
1394 3452 1668 3523 quaedam
1714 3452 2011 3506 inchoatio
2063 3456 2188 3505 erat

537 3542 889 3597 admiranda
937 3543 1039 3597 illa
1088 3545 1395 3611 nativitas,
1443 3541 1916 3599 commendando
1965 3541 2184 3596 versari

537 3631 841 3700 reperias;
874 3630 1129 3701 idipsum
1175 3639 1232 3686 et
1279 3633 1339 3685 in
1387 3632 1758 3687 sermonibus
1805 3632 1875 3686 de
1925 3633 2185 3701 Concep-

540 3718 700 3771 tione
735 3719 1008 3788 Virginis,
1055 3721 1323 3789 quinimo
1357 3726 1414 3774 et
1444 3720 1513 3775 de
1559 3721 1826 3791 ejusdem
1868 3721 2185 3789 ‘Nativitate

540 3803 763 3859 factum
795 3807 1007 3875 cogita.

615 3892 731 3945 VII.
766 3892 1147 3947 Occasionem
1191 3912 1365 3965 porro
1414 3895 1592 3950 latius
1624 3897 1868 3968 vagandi
1912 3898 2183 3951 Patribus

537 3978 791 4049 praabuit
824 3996 943 4033 non
976 3980 1149 4035 modo
1183 3982 1575 4052 reparationis
1598 3983 1872 4038 humanm
1902 3984 2183 4054 gaudium

540 4069 713 4140 cujus
744 4068 1097 4125 administra
1136 4076 1311 4141 atque
1344 4071 1805 4126 instrumentum
1839 4073 2017 4127 Maria
2048 4090 2183 4127 exos

538 4157 841 4224 riebatur;
875 4177 995 4215 non
1028 4160 1203 4216 modo
1237 4162 1474 4217 infinita
1500 4162 1741 4218 laudum
1786 4181 1970 4237 seges,
2005 4182 2183 4235 quam

540 4248 734 4302 Marias
753 4248 1007 4320 dignitas
1022 4267 1331 4322 nunquam
1361 4269 1481 4307 non
1502 4253 1876 4323 suppeditat;
1902 4254 2004 4308 sed
2024 4270 2183 4325 qum-

542 4336 677 4391 dam
708 4344 995 4408 prmterea
1041 4339 1459 4412 adjunctorum
1492 4342 1675 4397 series
1724 4343 2180 4414 Conceptionem

537 4424 666 4497 ejus
696 4442 763 4480 ac
803 4427 1172 4483 Nativitatem
1222 4429 1312 4483 vel
1358 4430 1819 4501 praecedentium
1854 4432 1943 4487 vel
1975 4432 2181 4487 subse—

538 4514 872 4585 quentium,
906 4516 1063 4572 unde
1090 4516 1312 4572 factum
1344 4525 1433 4573 est
1460 4525 1523 4573 ut
1554 4521 1733 4575 etiam
1765 4520 1835 4575 ad
1870 4526 2177 4593 parentum

542 4606 751 4677 ipsius,
784 4608 1047 4662 Joachim
1080 4614 1138 4663 et
1166 4612 1374 4676 Annae,
1398 4610 1602 4667 laudes
1632 4612 1845 4667 uberes
1870 4588 2183 4684 prostitue-
2213 4588 2258 4653 D

531 4695 673 4749 rint.
708 4698 777 4749 Et
810 4697 1049 4767 quidem
1082 4704 1378 4769 postremo
1429 4708 1774 4773 argumento
1826 4702 2015 4756 fusius
2045 4719 2182 4772 pro-

533 4785 841 4855 sequendo
872 4786 1129 4859 amplam
1174 4790 1485 4844 materiem
1531 4790 1695 4845 dedit
1742 4791 1989 4845 historia
2020 4808 2183 4862 quai—

537 4875 695 4944 dam,
741 4876 811 4932 de
866 4895 983 4948 qua
1041 4878 1316 4935 lectorem
1373 4898 1618 4937 monere
1678 4899 1871 4953 operae
1921 4882 2179 4954 pretium

532 4966 832 5031 existimo,
878 4985 993 5038 quo
1044 4968 1277 5026 facilius
1337 4988 1540 5026 eorum
1586 4988 1715 5042 qua:
1767 4972 1829 5026 in
1888 4971 2178 5043 ejusmodi

530 5056 905 5113 sermonibus
938 5067 1277 5125 occurrunt,
1310 5062 1423 5117 vim
1466 5061 1769 5133 percipere
1802 5067 1998 5131 queat.

601 5146 921 5202 Notissima
949 5148 1179 5204 scilicet
1208 5167 1276 5206 ac
1308 5150 1474 5206 valde
1507 5151 1757 5205 celebris
1789 5150 2040 5205 maxime
2074 5169 2180 5223 per

527 5227 825 5289 Orientem
855 5235 1158 5293 ferebatur
1183 5241 1447 5295 narratio
1472 5240 1757 5307 inscripta
1791 5239 1959 5293 titulo
1997 5241 2180 5295 [listo-

526 5316 625 5369 νίας
678 5321 991 5381 Nativitatis
1038 5329 1137 5384 SS.
1190 5330 1439 5400 Deipara:
1497 5332 1709 5398 Mariae,
1760 5334 1818 5383 et
1873 5333 2176 5386 auctorem

2282 1932 2442 1981 ctum
2492 1927 2789 1981 Justinum
2843 1931 3188 1997 martyrem,
3239 1923 3627 1980 communiter
3667 1936 3847 1975 consen-

2282 2017 2439 2071 tiunt
2468 2017 2682 2071 eruditi
2714 2019 2811 2089 (7).
2844 2018 2923 2071 Ex
2957 2033 3073 2087 quo
3101 2014 3247 2070 illud
3280 2015 3463 2069 etiam
3493 2013 3623 2067 licet
3648 2026 3847 2082 arguere,

2283 2115 2436 2170 hanc
2466 2115 2775 2169 historiam
2810 2130 3003 2185 neque
3036 2114 3243 2186 exiguo
3275 2112 3338 2167 in
3372 2112 3555 2184 pretio
3587 2109 3718 2181 apud
3740 2113 3848 2161 vete-

2284 2222 2401 2270 res,
2424 2221 2619 2275 neque
2652 2210 2935 2275 tanquam
2961 2203 3383 2257 haereticorum
3407 2202 3721 2273 figmentum
3738 2194 3849 2250 babi-

2286 2302 2405 2351 tam
2454 2296 2674 2362 fuisse;
2709 2312 2844 2350 cum
2892 2301 3098 2350 contra
3150 2294 3453 2349 interdum
3511 2289 3788 2346 incidamus
3810 2286 3850 2339 in

2286 2388 2490 2439 Patres
2521 2384 2621 2455 qui
2655 2383 2725 2439 de
2756 2384 2957 2455 aliqua
2999 2385 3384 2455 corruptione
3415 2383 3477 2437 in
3522 2396 3634 2436 eam
3660 2394 3750 2449 per
3767 2376 3849 2429 ha.-

2286 2474 2503 2529 reticos
2534 2473 2774 2527 inducta
2803 2474 3020 2528 acriter
3048 2477 3512 2543 conquerantur.

2360 2652 2527 2717 Quod
2558 2656 2755 2707 autem
2786 2651 2847 2706 in
2878 2668 3143 2723 prmsens
3175 2651 3415 2718 attinet,
3438 2648 3709 2705 ferebatur
3739 2644 3785 2699 in
3805 2658 3851 2695 ea

2287 2741 2828 2807 Joachimum,cum
2862 2759 2968 2812 pro
3001 2740 3194 2813 gentis
3226 2738 3645 2795 consuetudine
3670 2746 3853 2789 munera

2292 2833 2409 2885 Deo
2455 2830 2763 2885 oblaturus
2805 2829 2878 2884 ad
2929 2829 3219 2900 templum
3258 2828 3640 2893 ascendisset,
3683 2818 3852 2895 probris

2291 2926 2603 2991 exceptum
2629 2936 2694 2973 ac
2717 2918 3021 2989 repulsum
3042 2918 3225 2972 fuisse
3248 2935 3282 2971 a
3299 2918 3575 2989 quopiam
3598 2930 3686 2969 seu
3706 2909 3852 2965 Ruben

2292 3027 2397 3065 seu
2428 3008 2739 3075 llubenila,
2772 3013 3087 3078 propterea
3131 3007 3272 3077 quia
3310 3006 3497 3079 (quod
3526 3005 3662 3059 inter
3683 2998 3853 3055 Judeos

2292 3098 2674 3153 maledictum
2734 3096 3081 3168 habebatur)
3144 3097 3310 3167 prole
3365 3099 3625 3151 careret:
3667 3086 3851 3162 proinde

2294 3189 2469 3244 simul
2503 3206 2637 3244 cum
2660 3206 2840 3243 uxore
2873 3191 3043 3242 Anna
3072 3188 3357 3259 precibus
3387 3182 3853 3258 acjejuniisiuten-

2294 3283 2439 3342 tum,
2469 3276 2736 3331 dolorem
2768 3293 2938 3331 suum
2972 3292 3172 3331 coram
3206 3276 3325 3330 Deo
3378 3273 3638 3330 effudisse
3664 3274 3848 3336 votoque

2292 3364 2695 3421 sanctissimis
2740 3367 3020 3437 conjuges
3060 3382 3121 3420 se
3166 3364 3574 3429 obstrinxisse,
3621 3358 3844 3414 oblaturos

2292 3473 2354 3511 se
2387 3458 2524 3522 Deo,
2558 3456 2605 3509 si
2630 3472 2805 3525 quam
2830 3454 3059 3526 prolem
3100 3452 3433 3509 concedere
3484 3451 3617 3523 ipsis
3645 3448 3844 3519 dignare-

2292 3551 2422 3599 tur:
2456 3546 2713 3599 monitos
2744 3544 2881 3598 dein
2915 3560 3019 3615 per
3069 3543 3350 3616 angelum
3382 3543 3559 3597 fuisse
3603 3538 3662 3592 de
3701 3530 3848 3589 subole

2292 3652 2429 3689 mox
2461 3634 2857 3704 suscipienda,
2892 3649 3069 3703 quam
3122 3632 3528 3703 praedicatum
3571 3618 3850 3684 esseutuni-

2292 3740 2472 3777 versa:
2496 3722 2682 3776 tribus
2715 3726 2923 3788 terrai;
2959 3721 3115 3792 quod
3141 3722 3367 3776 factum
3406 3737 3533 3775 cum
3555 3718 3743 3779 fuisset,
3769 3711 3849 3763 Ma-

2295 3812 2440 3867 riam
2477 3812 2770 3866 triennem
2804 3811 2920 3865 Deo
2953 3810 3013 3864 in
3047 3810 3269 3881 templo
3302 3810 3601 3874 obtulisse,
3629 3811 3720 3861 etc.

2369 3902 2513 3955 llinc
2564 3901 2761 3970 itaque
2810 3899 3027 3954 factum
3080 3906 3189 3967 est,
3234 3906 3300 3954 ut
3331 3902 3547 3962 Patres,
3595 3896 3713 3950 dum
3754 3885 3851 3943 huic

2291 3989 2554 4044 historias
2585 4004 2786 4058 presse
2820 3987 3133 4049 inhaerent,
3172 4004 3426 4059 eamque
3458 3984 3615 4041 modo
3659 3977 3852 4053 parcius.

2289 4077 2464 4132 modo
2496 4076 2739 4131 uberius
2770 4076 3112 4146 explanant,
3143 4076 3324 4148 gestis
3356 4073 3622 4131 Joachimi
3647 4076 3696 4124 et
3718 4071 3852 4121 Anna

2290 4166 2664 4234 enarrandis,
2717 4164 3152 4235 virtutibusque
3212 4183 3418 4221 eorum
3467 4156 3785 4218 celebrandis
3809 4155 3852 4203 ul

2288 4255 2614 4326 plurimum
2646 4254 3042 4307 immorentur
3076 4270 3089 4307 :
3122 4253 3263 4309 hinc
3304 4253 3657 4309 excursiones
3683 4245 3778 4299 illa:
3802 4236 3850 4293 ad

2289 4343 2701 4398 disserendum
2732 4342 2803 4398 de
2834 4342 3105 4397 tribubus
3130 4342 3292 4398 Iuda:
3325 4349 3385 4398 et
3426 4341 3631 4404 Ruben,
3665 4330 3847 4390 alterius

2288 4432 2529 4503 quidem
2552 4431 2856 4503 privilegia
2891 4447 2957 4485 ac
2988 4432 3421 4502 praestantiam,
3452 4428 3671 4487 alterius
3701 4426 3843 4479 autem

2289 4521 2504 4592 probra
2536 4518 2947 4592 prosequendo
2974 4538 2987 4586 ;
3010 4521 3180 4593 cujus
3204 4521 3290 4576 rei
3315 4521 3601 4593 specimen
3624 4508 3847 4584 singulare

2293 4610 2474 4665 habes
2498 4611 2558 4663 in
2591 4610 2869 4680 praesenti
2894 4610 3140 4664 Joannis
3172 4611 3363 4664 nostri
3396 4609 3661 4664 oratione.

2366 4701 2506 4754 VllI.
2539 4699 2737 4769 Atqui,
2782 4698 3038 4769 inquies,
3084 4699 3133 4753 si
3188 4700 3270 4753 ita
3304 4717 3399 4754 res
3446 4697 3625 4765 habet,
3669 4697 3717 4747 et
3740 4689 3775 4743 si
3797 4699 3841 4739 ex

2292 4787 2583 4860 ejusmodi
2616 4787 2993 4842 sermonibus
3018 4787 3089 4842 de
3110 4789 3339 4843 ratione
3362 4805 3425 4843 ac
3449 4801 3609 4856 scopo
3632 4773 3842 4837 solemni-

2291 4878 2427 4933 tatis
2449 4877 2527 4947 dij
2539 4876 2777 4931 udicare
2795 4876 3094 4948 licet,jam
3118 4877 3233 4932 duo
3257 4877 3431 4948 plane
3454 4872 3837 4941 consequuntur:

2289 4968 2481 5039 primo
2506 4965 2746 5036 quidem
2778 4966 2993 5020 festum
3024 4967 3439 5038 Coneeptionis
3466 4968 3672 5037 prouta
3691 4950 3837 5011 Grecis

2288 5055 2721 5121 celebrabatur,
2754 5054 2907 5109 nihil
2938 5054 3158 5110 habere
3201 5071 3513 5110 commune
3542 5066 3659 5107 cum
3685 5049 3836 5113 myslf‘

2288 5148 2375 5203 rio
2390 5146 2547 5218 quod
2566 5147 2771 5201 Latina
2786 5146 3049 5202 Ecclesia
3061 5146 3375 5203 colendum
3392 5142 3672 5218 proponit;
3685 5127 3831 5192 deinde

2288 5252 2421 5290 vero
2445 5233 2733 5306 quidquid
2756 5233 2995 5289 demum
3019 5236 3202 5290 Graeci
3224 5237 3423 5290 Patres
3446 5234 3514 5289 de
3540 5223 3832 5296 conceptione

2290 5325 2545 5397 Virginis
2576 5323 2901 5396 proferant,
2936 5323 2995 5378 id
3025 5329 3212 5380 totum
3268 5323 3405 5380 fidei
3452 5322 3602 5377 illius
3627 5308 3827 5372 historia,

2112 5504 2342 5559 ΝΟΤΕ.

595 5628 1059 5708 _(7)_C0nf._'l‘hilo
1089 5639 1129 5695 l.
1165 5658 1238 5708 c.,
1279 5650 1339 5699 et
1360 5646 1689 5703 Tenzelium
1726 5647 1785 5702 in
1819 5651 1940 5703 not.
1974 5645 2047 5701 ad
2079 5646 2132 5700 S.
2170 5642 2492 5700 Hieronimi
2525 5640 2747 5696 librum
2803 5641 2876 5696 De
2928 5642 3076 5697 Viris
3129 5640 3449 5705 illustribus,
3478 5652 3592 5706 cap.
3621 5634 3662 5698 2,
3690 5626 3732 5679 in
3757 5616 3817 5673 Bi-

522 5700 734 5758 blioth.
772 5702 981 5761 eccles.
1016 5700 1287 5781 Fabricii,
1321 5733 1449 5788 pag.
1483 5700 1570 5773 2777.
