4048 6210
218 363 240 419 1
250 360 355 418 L57

1750 371 2100 429 MONITUM.

3492 390 3631 446 H58

216 490 568 562 apocryphae
600 488 848 559 scilicet,
877 507 945 547 ac
984 496 1300 565 propterea
1352 496 1576 551 nullius
1606 497 1865 552 auctori-
1895 498 1949 566 Α
1981 498 2144 553 hisce
2175 498 2325 554 nihil
2358 506 2447 556 est
2475 508 2854 579 opus.Neque
2885 510 3126 567 enimin
3145 528 3214 568 ea
3232 516 3627 573 Jacobihisto-

214 580 374 647 tatis,
407 579 604 635 inniti.

282 670 382 725 IX.
406 669 631 734 Quibus
654 674 723 725 ut
751 669 1010 726 breviter
1039 678 1405 743 occurratur,
1439 675 1867 732 advertendum

214 761 276 815 in
310 758 523 831 primis
555 764 647 813 est
676 775 796 814 non
829 776 1068 832 semper
1094 778 1164 817 ex
1197 764 1576 820 sermonibus
1607 764 1727 819 sive
1758 765 1866 820 ho-

211 848 398 904 miliis
422 846 493 902 de
524 846 661 902 festi
693 847 1232 921 rationejudicium
1263 852 1403 907 ferri
1435 869 1627 923 posse.
1662 855 1867 909 Nonne

212 942 272 993 et
300 936 460 1008 apud
491 953 602 991 nos
633 936 695 991 in
713 937 1024 1008 proverbio
1040 944 1467 1005 est,sermones
1481 943 1866 1014 panegyricos

212 1043 375 1099 saepe
405 1026 665 1095 recitari,
702 1027 801 1097 qui
862 1030 1147 1100 mysteria
1187 1030 1513 1102 singularia
1550 1036 1867 1103 prmtervo-

216 1117 367 1184 lant,
424 1121 483 1171 et
541 1115 800 1171 dictitari
861 1117 1058 1172 solent
1093 1135 1363 1174 sermones
1411 1120 1476 1175 de
1532 1122 1868 1175 communi?

211 1205 401 1276 Hujus
433 1210 631 1259 autem
671 1203 855 1259 moris
887 1205 1159 1277 exempla
1189 1211 1249 1260 et
1280 1207 1435 1277 apud
1466 1211 1691 1261 veteres
1743 1222 1863 1261 non

210 1294 443 1361 deesse,
478 1295 622 1349 satis
654 1293 756 1349 ille
796 1294 961 1349 novit
990 1295 1091 1364 qui
1127 1295 1213 1349 vel
1280 1296 1481 1364 unius,
1513 1313 1564 1351 v.
1604 1312 1714 1368 gr.,
1747 1298 1863 1350 Au-

208 1383 434 1456 gustini
467 1399 774 1438 sermones
801 1383 1173 1454 pervolverit.

284 1472 510 1531 Deinde
549 1490 684 1527 vero
716 1473 879 1528 aliud
910 1479 1000 1528 est
1030 1474 1363 1530 orationem
1422 1475 1599 1530 latius
1642 1475 1860 1548 vagari,

207 1565 378 1622 aliud
405 1569 494 1619 est
524 1564 677 1618 nihil
707 1579 837 1618 eam
873 1581 993 1635 prae
1026 1580 1089 1619 se
1126 1564 1282 1620 ferre
1329 1565 1487 1636 quod
1527 1565 1669 1621 satis
1723 1565 1857 1620 festi

206 1656 508 1711 rationem
530 1652 1107 1723 declaret.Equidem
1123 1653 1171 1708 si
1186 1671 1303 1725 qua
1316 1654 1585 1723 alia,haac
1603 1654 1860 1710 maxime

203 1744 451 1801 Joannis
482 1741 732 1797 homilia
760 1742 875 1795 huc
924 1742 1068 1797 illuc
1109 1758 1421 1797 excurrere
1465 1742 1717 1799 dicenda
1747 1748 1856 1798 est.

204 1832 388 1904 Atqui
416 1837 615 1886 tamen
645 1830 931 1902 praeclare
962 1830 1109 1886 adeo
1142 1831 1279 1886 festi
1313 1832 1729 1904 Conceptionis
1760 1849 1856 1888 ra-

204 1924 437 1978 tionem
493 1919 767 1993 pr0poni,
807 1926 873 1974 ut
937 1920 1089 1975 nihil
1156 1920 1520 1975 luculentius
1595 1922 1857 1993 exaptari

204 2007 416 2083 possit.
451 2007 515 2064 Si
539 2008 944 2064 dedicationem
990 2008 1340 2079 templorum,
1374 2008 1568 2079 inquit
1625 2009 1750 2081 ipse
1782 2008 1857 2064 ad

206 2100 395 2155 finem
438 2096 755 2164 sermonis,
790 2097 1022 2152 solemni
1044 2099 1161 2151 ritu
1187 2098 1518 2152 celebramus
1537 2115 1558 2161 ;
1579 2103 1786 2167 quanto
1800 2099 1858 2153 id

205 2203 335 2245 vero
365 2188 539 2255 magis
562 2186 944 2256 praestandum
974 2192 1072 2253 est,
1118 2187 1342 2256 quando
1390 2203 1501 2241 non
1558 2204 1627 2241 ex
1658 2187 1859 2257 lapidi-

208 2280 306 2334 bus
334 2292 493 2332 sacra
523 2276 665 2332 ades
696 2274 1097 2343 exaediﬁcatur,
1139 2277 1238 2330 sed
1290 2276 1631 2346 beneplacito
1674 2275 1776 2331 Dei
1805 2282 1857 2330 et

205 2365 590 2437 cooperatione
618 2363 949 2420 sanctissimi
977 2372 1029 2419 et
1054 2367 1382 2433 vi-viﬁeantis
1411 2366 1654 2436 Spiritus
1673 2367 1855 2420 vivum

202 2459 308 2513 Dei
342 2457 509 2511 Verbi
539 2456 802 2524 templum
832 2457 890 2509 in
919 2456 1121 2509 Ventre
1143 2456 1320 2509 Anna:
1337 2456 1855 2519 construitur?Qua

207 2562 354 2602 sane
380 2544 540 2599 brevi
572 2545 867 2599 sententia
899 2548 956 2598 et
985 2543 1315 2599 clarissime
1346 2544 1853 2615 proponiturfesti

204 2634 385 2701 ratio,
418 2633 543 2704 ipsa
573 2648 787 2703 nempe
849 2632 1043 2686 Marias
1102 2633 1460 2703 Conceptio:
1496 2638 1553 2687 et
1583 2631 1852 2704 ejusdem

203 2721 616 2793 Conceptionis
633 2721 914 2775 sanctitas
940 2738 1007 2775 ac
1021 2721 1248 2792 puritas
1271 2720 1421 2775 mira
1432 2720 1852 2792 perspicuitate

205 2812 575 2883 exprimitur.
607 2809 1121 2875 Quemadmodum
1173 2810 1331 2865 enim
1391 2809 1726 2865 Bernardus
1788 2809 1851 2863 in

202 2901 427 2957 celebri
459 2899 531 2955 de
562 2900 673 2955 hoc
703 2904 1050 2970 argumento
1085 2898 1335 2971 epistola
1362 2899 1560 2971 (epist.
1623 2901 1746 2967 174,
1778 2898 1858 2953 ad

194 2990 469 3048 Danonic.
503 2990 893 3061 Lugdun.),ex
925 2990 1149 3061 peccati
1182 2990 1501 3060 praesentia
1521 2991 1849 3064 arguitSpi-

195 3083 351 3137 ritus
385 3080 577 3135 sancti
609 3078 959 3134 vivificantis
989 3078 1342 3144 absentiam,
1376 3095 1545 3150 aequo
1586 3080 1847 3150 profecto

194 3174 332 3246 jure
362 3169 507 3224 dum
532 3169 719 3224 sancti
753 3186 820 3223 ac
850 3169 1202 3223 viviﬁcantis
1234 3169 1486 3241 Spiritus
1529 3171 1848 3241 prazsentia

1975 588 2064 643 ria
2095 588 2401 661 quidpiam
2435 595 2697 664 reperies
2747 614 2863 668 quo
2910 600 3281 670 praeformata
3330 605 3401 659 de
3432 608 3623 661 Maria)

1976 678 2357 734 immunitate
2388 689 2678 752 apeccato
2702 686 2948 758 originis
2970 691 3264 746 sententia
3286 691 3619 763 dicipossit.

1976 766 2057 819 Ac
2097 765 2345 836 proinde
2369 769 2658 840 quidquid
2691 771 2929 829 demum
2964 777 3035 831 de
3078 778 3327 834 historia
3366 780 3495 850 ipsa
3523 782 3619 849 sit,

1976 870 2151 909 nemo
2176 854 2465 912 doctrinm
2495 859 2567 914 de
2608 860 2990 920 immaculato
3022 867 3278 938 Virginis
3331 876 3620 940 conceptu

1974 944 2326 999 calumniari
2370 952 2685 1019 prOpterea
2744 957 2955 1025 potest,
2991 955 3147 1025 quod
3178 957 3251 1011 ab
3283 959 3619 1030 apocrypho

1976 1031 2127 1087 libro
2158 1033 2426 1104 profecta
2456 1036 2639 1091 videri
2671 1045 2868 1109 queat.

2047 1123 2139 1176 XI.
2173 1123 2375 1187 Quoad
2404 1140 2474 1179 ea
2502 1141 2637 1180 vero
2706 1144 2837 1199 qua)
2896 1130 2968 1186 de
3016 1132 3302 1188 Joacbimi
3343 1140 3402 1189 et
3430 1138 3618 1192 Annua

1972 1213 2152 1283 gestis
2183 1211 2255 1267 ab
2288 1212 2395 1267 illa
2424 1213 2675 1270 historia
2705 1216 2959 1273 deducta
2988 1220 3282 1290 videntur,
3316 1224 3620 1296 disputare

1973 1301 2033 1355 in
2055 1318 2318 1371 praesens
2350 1302 2501 1358 nihil
2523 1304 2792 1361 interest.
2824 1308 2978 1364 Illud
3010 1315 3209 1366 tamen
3267 1329 3386 1367 non
3445 1316 3618 1369 omit-

1973 1397 2240 1456 tam,non
2271 1393 2477 1448 omnia
2497 1395 2727 1451 scilicet
2754 1397 2827 1452 ab
2855 1399 3133 1454 omnibus
3194 1402 3319 1456 sine
3360 1403 3617 1473 quodam

1972 1480 2205 1536 delectu
2227 1488 2465 1553 recepta
2494 1482 2677 1539 fuisse
2709 1487 2784 1556 (8)
2818 1503 2831 1540 :
2865 1505 2996 1557 quas
3054 1505 3189 1544 vero
3221 1492 3619 1547 communiter

1970 1569 2044 1625 de
2076 1571 2331 1643 Virginis
2371 1572 2759 1644 conceptione
2791 1582 3030 1648 recepta
3062 1583 3219 1643 sunt,
3263 1580 3310 1634 si
3358 1581 3441 1636 rei
3476 1582 3615 1635 sub-

1970 1659 2251 1714 stantiam
2311 1661 2671 1729 consideres,
2726 1664 2878 1718 nihil
2936 1665 3227 1721 absonum
3268 1673 3369 1723 aut
3431 1670 3612 1724 averi

1969 1749 2165 1819 specie
2193 1749 2521 1805 abhorrens
2553 1753 2880 1810 continere.

2040 1838 2306 1894 Profecto
2348 1840 2396 1894 si
2436 1856 2570 1895 cum
2631 1840 2703 1897 de
2759 1842 3043 1899 Samsone
3103 1852 3378 1917 ageretur
3407 1848 3608 1918 (Judic.

1966 1944 2085 1992 xm,
2116 1928 2191 1999 3),
2223 1933 2326 1983 aut
2356 1928 2429 1983 de
2459 1930 2695 1984 Domini
2714 1935 3246 2005 praecursore(Luc.
3268 1952 3307 2001 1,
3330 1940 3387 1989 11
3412 1940 3611 2009 seqq.),

1964 2016 2217 2084 caelitus,
2252 2017 2337 2071 uti
2371 2034 2553 2073 sacrm
2582 2024 2876 2076 testantur
2917 2022 3171 2093 Litterae,
3232 2023 3306 2079 ad
3336 2032 3613 2097 parentes

1962 2106 2182 2161 missus
2242 2111 2333 2160 est
2388 2107 2653 2179 angelus,
2708 2109 2808 2179 qui
2866 2111 3196 2167 sterilitatis
3229 2113 3610 2184 solutionem,

1962 2194 2312 2265 prolemque
2343 2195 2728 2266 polliceretur
2761 2216 2774 2265 ;
2820 2200 3093 2271 nunquid
3122 2200 3378 2257 absurde
3411 2205 3610 2259 existi-

1963 2283 2224 2338 mabitur
2250 2283 2532 2356 idipsum,
2561 2303 2697 2341 cum
2738 2287 2810 2341 de
2842 2289 3134 2345 Genitrice
3186 2291 3287 2345 Dei
3318 2299 3609 2364 ageretur,

1960 2373 2183 2428 factum
2210 2374 2392 2428 fuisse
2418 2374 2444 2428 ?
2471 2375 2527 2428 Si
2550 2376 2798 2446 antiqua
2826 2377 2930 2432 illa
2959 2381 3130 2434 Anna
3159 2379 3306 2434 fusis
3328 2380 3401 2435 ad
3426 2383 3610 2437 Deum

1960 2462 2237 2533 precibus
2270 2465 2317 2535 (1
2342 2465 2471 2533 Reg.
2508 2480 2547 2531 ι,
2585 2466 2649 2518 14
2676 2466 2853 2537 seqq.)
2876 2472 3136 2538 optatam
3182 2468 3609 2526 fecunditatem

1961 2553 2392 2619 consecutaﬁest
2425 2569 2439 2617 ;
2472 2569 2578 2607 cur
2606 2553 2667 2607 id
2697 2554 3023 2611 absurdum
3055 2557 3126 2612 de
3148 2561 3320 2613 Anna
3342 2560 3606 2631 Deiparae

1960 2646 2148 2694 matre
2182 2639 2555 2711 reputabitur
2582 2640 2609 2694 ?
2638 2642 2927 2712 Denique,
2962 2644 3009 2698 si
3061 2662 3131 2699 ex
3158 2650 3278 2700 tota
3303 2663 3605 2703 sacrarum

1962 2729 2313 2783 Litterarum
2354 2729 2506 2783 serie
2546 2730 2928 2785 manifestum
2960 2738 3069 2800 est,
3094 2750 3213 2788 non
3232 2736 3407 2789 modo
3422 2737 3603 2789 steri—

1958 2816 2181 2870 litatem
2215 2814 2567 2887 conjugibus
2597 2816 2783 2871 fuisse
2815 2818 3152 2889 opprobrio,
3193 2837 3393 2875 verum
3424 2822 3605 2877 etiam

1958 2910 2241 2975 tanquam
2274 2921 2308 2959 a
2337 2905 2455 2959 Deo
2490 2904 2720 2959 vindice
2744 2906 3072 2977 perculsos,
3106 2925 3173 2963 ac
3212 2910 3391 2964 veluti
3417 2911 3604 2966 male-

1957 2991 2166 3057 dictos,
2200 2991 2300 3062 qui
2332 2997 2604 3046 carerent
2634 2992 2860 3061 liberis,
2914 2994 3146 3051 habitos
3194 2996 3408 3065 fuisse;
3437 2998 3602 3069 quid,

1958 3097 2180 3152 quaeso,
2214 3097 2248 3135 a
2269 3080 2389 3135 veri
2424 3081 2619 3152 specie
2642 3081 2892 3151 abludit,
2912 3084 3212 3140 Joachimo
3234 3090 3411 3157 atque
3426 3089 3604 3142 Annae

1960 3168 2386 3224 contumeliam
2428 3187 2497 3225 ea
2526 3170 2597 3225 de
2630 3188 2807 3228 causa
2849 3172 3165 3246 irrogatam
3195 3175 3401 3243 fuisse,
3447 3178 3603 3233 unde

194 3229 264 3317 in
296 3262 425 3332 ipsa
454 3259 852 3331 Conceptione
884 3259 1258 3330 praedicatur,
1292 3260 1627 3315 necessario
1660 3260 1845 3316 infer-
1878 3229 1921 3295 θ
1960 3259 2180 3314 factum
2212 3259 2289 3313 sit
2318 3264 2383 3313 ut
2414 3260 2487 3314 ad
2545 3261 2730 3315 Deum
2789 3261 2969 3317 totius
3018 3264 3444 3321 consolationis
3482 3267 3602 3321 fer-

196 3358 298 3407 tur
323 3350 647 3422 cujuslibet
673 3349 944 3404 absentia
975 3349 1223 3420 peccati.

271 3443 341 3498 Χ.
374 3440 539 3507 Quod
570 3439 643 3495 ad
675 3438 929 3494 alterum
961 3456 1099 3494 vero
1132 3444 1377 3511 spectat,
1416 3440 1508 3496 fac
1567 3440 1765 3509 etiam,
1798 3442 1847 3496 si

189 3532 283 3586 ita
311 3530 417 3597 vis,
451 3528 603 3584 nihil
634 3528 705 3583 de
737 3529 847 3583 hac
895 3544 958 3582 re
1006 3529 1209 3583 Patres
1266 3528 1505 3597 dixisse,
1539 3528 1698 3599 quod
1727 3546 1847 3584 non

188 3621 520 3676 deductum
575 3617 647 3673 ab
706 3617 811 3673 illa
858 3616 1056 3673 Jacobi
1112 3618 1362 3673 historia
1396 3617 1580 3673 videri
1638 3619 1843 3690 possit.

185 3708 350 3775 Quid
418 3706 556 3763 inde
615 3706 856 3761 demum
898 3705 1270 3762 concludes?
1322 3706 1589 3762 Profecto
1614 3706 1714 3761 ubi
1774 3707 1846 3762 de

182 3797 472 3854 doctrina
502 3796 839 3851 Christiana
874 3801 1080 3868 agatur
1107 3796 1290 3864 (certe
1330 3802 1530 3851 autem
1561 3796 1755 3868 agitur
1774 3795 1845 3851 de

176 3887 541 3960 gravissimo
583 3885 867 3941 doctrinae
899 3885 1250 3940 Christianae
1285 3886 1496 3957 capite,
1534 3902 1669 3941 cum
1684 3902 1844 3956 qum-

175 3977 345 4032 ritur
376 3992 452 4030 an
485 3991 693 4030 omnes
724 3973 799 4030 ad
828 3990 1015 4028 unum
1048 3973 1154 4028 lilii
1195 3973 1358 4043 Adin,
1399 3974 1583 4046 patris
1606 3980 1845 4045 peccato

176 4064 495 4136 inquinati
527 4063 795 4131 fuerint),
828 4062 995 4117 valde
1026 4062 1257 4135 abjecte
1288 4063 1361 4118 de
1392 4063 1667 4118 Patribus
1698 4079 1844 4134 opus

174 4160 277 4211 est
297 4153 402 4209 ille
435 4152 672 4220 sentiat,
709 4152 810 4223 qui
851 4151 1152 4207 existimet
1180 4168 1282 4207 eos
1303 4169 1422 4207 non
1443 4151 1619 4207 modo
1642 4152 1845 4207 faciles

174 4245 247 4299 in
281 4240 646 4313 recipiendis
677 4240 964 4307 historiis,
1002 4240 1104 4295 sed
1136 4258 1323 4296 caecos
1354 4240 1415 4296 in
1454 4241 1528 4295 iis
1552 4258 1682 4312 qua)
1707 4240 1844 4296 fidei

172 4331 527 4403 depositum
559 4330 878 4402 attingunt,
908 4329 1294 4385 admittendis
1327 4347 1455 4385 sese
1479 4329 1839 4385 exhibuisse.

169 4423 521 4476 Tantumne
538 4437 657 4491 prie
671 4419 791 4473 illis
815 4419 1232 4489 praesumimus
1248 4420 1319 4474 de
1335 4419 1840 4487 nobis,tantumne

171 4510 332 4568 fidei
360 4526 647 4576 amorem,
683 4508 1134 4579 divinarumque
1156 4525 1357 4564 rerum
1380 4508 1654 4564 notitiam
1666 4508 1839 4563 nobis

1956 3349 2187 3403 ventius
2262 3348 2668 3422 confugerent,

1956 3439 2171 3493 ﬁerent
2198 3438 2225 3493 ?

2028 3528 2173 3582 Cum
2205 3528 2403 3598 itaque
2434 3527 2590 3583 facta
2620 3529 2681 3583 in
2713 3546 2774 3584 se
2805 3534 3070 3600 spectata
3110 3531 3263 3587 nihil
3308 3533 3596 3605 indecori,

1956 3616 2105 3673 nihil
2128 3634 2163 3673 a
2199 3616 2504 3671 verisimili
2536 3617 2802 3673 alienum
2824 3620 3171 3676 contineant
3202 3642 3217 3687 ;
3246 3622 3395 3677 illud
3410 3640 3599 3680 unum

1956 3705 2211 3776 denique
2242 3705 2601 3777 reprehendi
2631 3705 2781 3762 forte
2808 3709 3026 3779 poterit
3048 3710 3237 3780 ;quod
3252 3711 3598 3784 nimiaqua-

1955 3794 2091 3850 dam
2122 3794 2427 3862 facilitate,
2462 3800 2520 3849 et
2551 3801 2872 3867 antequam
2902 3797 2976 3852 de
3010 3805 3172 3854 certa
3210 3800 3475 3871 ipsorum
3505 3819 3599 3857 ve-

1954 3884 2129 3939 ritate
2160 3901 2230 3940 ex
2260 3883 2493 3939 idoneis
2518 3886 2877 3940 testimoniis
2909 3893 3226 3956 constaret,
3242 3889 3504 3946 admissa
3532 3908 3601 3947 ea

1954 3972 2214 4040 fuerint;
2257 3973 2533 4044 quodque
2565 3973 2770 4029 habita
2800 3992 2908 4030 ceu
2941 3993 3076 4033 vera
3124 3977 3371 4033 historia
3400 3979 3598 4051 fuerit,

1954 4078 2085 4132 qua:
2118 4061 2314 4133 reipsa
2336 4061 2534 4132 potius
2574 4061 2795 4130 fabula,
2821 4064 3243 4120 verisimilibus
3274 4065 3482 4137 utique
3496 4083 3597 4120 co-

1952 4150 2181 4207 loribus
2209 4151 2485 4215 conficta,
2518 4150 2721 4207 fabula
2747 4157 2944 4207 tamen
2976 4157 3151 4208 esset.

2030 4244 2241 4297 Verum
2273 4259 2347 4297 ne
2380 4242 2668 4313 praecipiti
2692 4242 2921 4314 judicio
2942 4242 3033 4297 vel
3072 4243 3199 4297 haec
3229 4243 3358 4314 ipsa
3395 4245 3597 4299 crimi-

1953 4332 2115 4386 natio
2144 4337 2271 4386 rata
2301 4330 3049 4399 habeatur,advertendum
3072 4333 3392 4404 est,utique
3409 4334 3593 4389 histo-

1952 4420 2103 4474 riam
2134 4420 2297 4475 illam
2331 4420 2487 4474 inter
2515 4420 2853 4491 apocrypha
2882 4437 2917 4475 a
2954 4422 3219 4493 Nysseno
3241 4423 3594 4479 recensitam

1955 4510 2159 4566 fuisse.
2198 4511 2408 4563 Verum
2447 4509 2786 4581 apocrypha
2816 4510 2973 4565 dicta
3013 4516 3246 4579 est,uon
3269 4513 3436 4583 quasi
3466 4514 3595 4585 ejus

2756 3358 3180 3425 compotesque
3214 3353 3454 3410 demum
3484 3357 3599 3411 voti

169 4617 314 4674 prae
345 4599 467 4654 illis
500 4598 842 4665 tribuimus,
882 4602 945 4652 ut
976 4614 1107 4667 quae
1147 4598 1340 4669 primo
1392 4597 1571 4652 veluti
1620 4598 1839 4652 intuitu
1871 4587 1915 4652 Ι)
1947 4599 2517 4670 auctoritaspenitus
2547 4598 2716 4653 nulla
2746 4600 3032 4667 esset,sed
3063 4602 3205 4672 quia
3230 4601 3595 4659 intersacros

168 4695 292 4747 aut
322 4685 769 4743 ﬂoccifacienda
808 4692 911 4741 aut
948 4686 1128 4741 etiam
1168 4702 1411 4757 prorsus
1468 4685 1842 4757 reprobanda

157 4778 546 4852 judicamus,
574 4774 911 4831 inconsulto
939 4774 1074 4829 illos
1106 4774 1411 4846 amplexos
1425 4790 1553 4829 esse
1579 4775 1839 4845 suspice-

167 4884 328 4925 mur
363 4866 391 4921 ?
419 4865 663 4919 Etiamsi
694 4865 894 4934 itaque
936 4863 1223 4918 doctrina:
1251 4863 1434 4931 illius,
1469 4879 1598 4933 quas
1631 4864 1839 4935 Deipa-

161 4973 317 5013 ram
349 4972 384 5011 a
406 4954 707 5011 communi
739 4953 1004 5008 ﬁliorum
1036 4951 1176 5007 Adae
1209 4952 1342 5007 labe
1366 4952 1842 5025 eximit,vestigia

156 5052 240 5105 in
276 5062 349 5101 ea
377 5046 627 5101 historia
683 5042 1295 5115 deprehenderentur,
1356 5060 1668 5114 perperam
1701 5044 1839 5100 inde

156 5154 317 5197 eam
348 5132 995 5191 contemnendiansam
1012 5132 1311 5204 quispiam
1335 5134 1840 5190 sumeret.Verum

1950 4689 2183 4745 codices
2214 4704 2335 4742 non
2367 4687 2740 4744 censebatur.
2776 4691 2849 4743 At
2906 4690 3288 4745 manifestum
3324 4696 3433 4757 est,
3474 4709 3594 4747 non

1950 4778 2083 4833 ideo
2125 4778 2281 4832 inter
2306 4776 2538 4832 fabulas
2562 4777 2868 4848 quidpiam
2898 4779 3413 4835 adnumerandum
3443 4797 3593 4849 esse,

1950 4867 2107 4939 quod
2138 4866 2334 4921 locum
2348 4883 2468 4920 non
2493 4866 2709 4921 habeat
2727 4867 2883 4922 inter
2905 4868 3091 4923 libros
3109 4868 3594 4942 divinitusinspi-

1948 4962 2131 5013 ratos.
2164 4955 2342 5010 Secus
2377 4956 2536 5010 enim
2576 4961 2792 5026 prieter
2836 4974 3034 5012 sacras
3066 4958 3333 5028 Litteras,
3367 4958 3594 5015 nullam

1950 5046 2307 5101 haberemus
2338 5044 2666 5113 historiam,
2703 5044 2806 5098 sed
2839 5062 3031 5100 meras
3061 5045 3313 5102 fabulas.

2019 5137 2131 5189 Res
2162 5134 2361 5203 itaque
2393 5148 2462 5187 eo
2492 5131 2819 5188 adducetur
2858 5138 2923 5188 ut
2972 5132 3107 5188 ideo
3156 5134 3311 5189 inter
3357 5136 3587 5193 fabulas

1788 5261 2010 5315 NOTIE‘.

254 5361 331 5433 (8)
360 5362 426 5415 In
460 5355 1601 5433 exordioOrationishistoricmjneditaa
1620 5356 1691 5433 de
1708 5359 1832 5412 Dei-

145 5428 337 5509 pqraz
362 5432 695 5509 dormitione
713 5430 839 5509 haec
854 5428 1031 5509 habet
1057 5428 1836 5509 Joannes'Thessal‘onicen-

156 5495 270 5564 Isis
304 5521 317 5559 :
360 5501 514 5562 Τινὲς
545 5497 604 5572 δὲ
624 5505 732 5555 τῶν
767 5500 843 5559 εἰς
890 5498 1108 5572 {inspexi
1162 5495 1484 5572 nanoépywv
1516 5498 1830 5572 eipenzﬁw

153 5577 251 5648 τᾷ
283 5574 486 5629 ἑαυτῶν
522 5570 782 5648 βᾳλόντλες
814 5564 1420 5648 ζιζάνιάέστρέϐλςυὰαίν
1472 5569 1539 5648 τξι
1591 5564 1834 5648 ἁιίγγρα-

160 5646 422 5727 φξνταᾷη
478 5638 578 5727 Ιςξιὶ
653 5644 771 5727 ,μὴ’
802 5638 1293 5727 θαΰμάσηξεέπξρὶ
1348 5661 1458 5727 του,
1504 5638 1829 5727 διαιξθέξρειν

156 5710 287 5780 ἑὰς
346 5715 559 5793 Γραφᾶς
643 5710 929 5776 ἆκόύοντεὲ
982 5711 1110 5775 τοὺς
1182 5710 1515 5785 αἴρετικούς.
1600 5710 1834 5780 Quidam

1944 5374 2071 5413 vero
2100 5357 2494 5427 improborum,
2526 5359 2624 5427 qui
2651 5356 2774 5413 dein
2804 5364 3185 5425 surrexerunt,
3218 5360 3592 5419 haereticorum

1943 5445 2044 5483 sua
2066 5432 2309 5499 ipsorum
2353 5431 2568 5484 zizania
2616 5435 2869 5494 serentes,
2905 5432 3072 5499 prius
3119 5435 3429 5499 conscripta
3470 5452 3593 5489 cor-

1943 5507 2282 5570 ruperunt...
2314 5502 2498 5570 Neque
2542 5500 2844 5567 miremini,
2894 5503 3023 5555 dum
3072 5505 3276 5558 auditis
3308 5500 3590 5561 Iiaereticos

1943 5574 2151 5641 scripta
2182 5588 2596 5648 corrumpere...
2632 5572 2811 5626 Addit
2839 5571 3054 5627 deinde
3082 5574 3589 5648 Joannes,depra-

1943 5649 2076 5699 vata
2101 5659 2162 5699 se
2187 5642 2658 5700 emendaturum.
