4048 6210
503 321 645 380 1459

1844 324 1877 375 J
1881 322 2021 376 OAN
2030 323 2147 377 N18
2182 316 2621 374 BUBOEENBIS
3688 333 3781 392 “eo

502 448 631 503 haec
666 446 913 502 historia
962 450 1359 519 computetur,
1408 446 1547 518 quia
1597 444 1933 518 cujusmodi
1979 443 2161 501 fuerit
2186 442 2243 511 Α
2275 442 2494 496 mentis
2535 440 2833 513 judicium
2881 444 3063 516 gratis
3110 443 3389 519 denegare
3424 449 3686 522 debemus;
3702 459 3784 530 jam

504 536 757 594 Jacobus
784 536 1046 591 historiae
1075 540 1300 605 auctor,
1326 536 1651 608 ignoratur.

575 625 753 696 Atqui
785 625 927 680 artis
959 625 1178 679 critioae
1229 630 1526 696 prmcepta
1556 625 1790 693 docent,
1824 623 1887 678 in
1925 624 2018 680 his
2049 624 2152 680 ad-

498 716 725 788 junctis
779 732 899 770 non
955 715 1031 769 ad
1076 714 1307 770 fabulas
1359 714 1520 770 illico
1580 714 1953 770 narrationes
2024 730 2155 771 esse

506 804 935 872 amandandas,
992 804 1097 859 sed
1152 804 1393 859 interim
1440 822 1475 860 ο.
1521 803 1830 860 definitiva
1859 805 2157 861 sententia

506 895 704 967 potius
735 892 1214 964 temperandum.

576 988 871 1040 Praeterea
902 984 949 1039 si
981 984 1175 1053 nobis,
1203 985 1304 1055 qui
1329 989 1387 1040 et
1416 1001 1451 1040 a
1479 984 1650 1041 factis
1674 985 1965 1041 enarratis
1997 989 2056 1040 et
2081 984 2155 1041 ab

505 1078 746 1130 auctore
770 1073 1129 1129 narrationis
1154 1077 1317 1129 tanto
1340 1073 1631 1129 distamus
1656 1074 1989 1143 intervallo,
2013 1075 2156 1130 artis

505 1163 725 1220 criticae
768 1163 927 1235 leges
974 1180 1095 1219 non
1140 1164 1541 1228 consentiunt,
1576 1168 1642 1218 ut
1687 1164 1836 1219 citra
1865 1164 1981 1219 alia
2007 1181 2156 1236 prai-

505 1252 658 1309 sidia
687 1262 913 1309 certum
947 1253 1020 1308 de
1065 1269 1129 1308 re
1167 1253 1464 1325 judicium
1510 1253 1810 1320 feramus;
1843 1258 1904 1309 at
1934 1253 2158 1309 easdem

504 1343 666 1415 leges
698 1342 875 1397 simul
904 1342 1188 1407 indicant,
1218 1342 1518 1397 undenam
1547 1343 1893 1413 praesidium
1916 1341 2161 1413 aliquod

509 1433 583 1487 ad
614 1432 673 1486 id
703 1433 823 1503 peti
856 1432 1078 1503 possit;
1113 1438 1171 1486 et
1218 1449 1340 1487 non
1384 1433 1769 1487 consentiunt
1813 1432 2011 1500 modo,
2055 1431 2160 1487 sed

510 1522 686 1593 plane
720 1520 983 1593 exigunt,
1017 1526 1083 1575 ut
1113 1521 1323 1576 saltem
1356 1538 1457 1577 eos
1512 1522 1613 1593 qui
1644 1521 1844 1577 minus
1873 1539 1908 1578 a
1936 1539 1999 1577 re
2031 1522 2162 1593 ipsa

512 1610 834 1676 distabant,
882 1611 1337 1683 interrogemus,
1399 1611 1610 1682 quidve
1669 1612 1782 1683 ipsi
1842 1612 2159 1678 senserint,

511 1699 917 1771 dispiciamus.
949 1701 1127 1754 Perro
1183 1704 1237 1755 1ο
1270 1718 1403 1756 cum
1450 1701 1966 1773 deprehendamus
2007 1701 2162 1757 facta

512 1789 784 1860 quaedam
817 1790 1215 1846 communiter
1262 1796 1501 1862 recepta
1531 1790 1602 1845 ab
1634 1790 1707 1846 iis
1740 1807 1888 1862 quos
1918 1790 2008 1845 illi
2040 1807 2160 1845 aavo

2256 547 2397 587 vero
2433 530 2543 602 ipsi
2578 531 2721 587 artis
2768 534 2988 589 criticaa
3038 551 3295 590 canones
3322 538 3553 608 edicunt,
3580 560 3671 599 non
3695 564 3784 618 pm-

2260 622 2459 677 dentis
2491 639 2621 677 esse
2655 624 2975 693 aequitatis,
3033 625 3135 680 sed
3186 626 3496 697 iniquitatis
3535 638 3785 711 temeraria,

2258 710 2668 783 peremptoria
2699 713 2956 783 quadam
2988 715 3282 771 sententia
3300 716 3600 789 huiusmodi
3617 724 3729 781 facta
3742 731 3787 783 ad

2258 798 2491 855 fabulas
2522 802 2772 872 rejicere
2799 818 2813 856 :
2846 802 3106 857 maxime
3137 820 3270 859 cum
3300 806 3360 860 in
3389 807 3657 881 seligendis
3680 814 3789 873 factis

2261 888 2426 944 aliud
2450 890 2889 961 antiquioribus
2916 892 3037 947 illis
3059 899 3274 964 praesto
3296 911 3417 951 esse
3437 902 3789 967 potueritadmi-

2260 978 2549 1048 niculum,
2600 980 2838 1035 traditio
2896 981 3142 1052 scilicet,
3187 983 3261 1038 ad
3313 1001 3478 1055 quam
3519 993 3791 1052 narrationes

2264 1068 2584 1140 exigerent.
2624 1073 2824 1141 Neque
2859 1071 3020 1126 enim
3043 1072 3490 1130 existimandum
3517 1084 3607 1146 est,
3632 1084 3791 1151 prima.

2265 1174 2363 1212 vos
2398 1158 2533 1213 illos
2565 1158 2773 1215 fideles
2803 1160 3005 1231 aliqua
3035 1162 3192 1217 circa
3213 1163 3420 1217 Christi
3452 1167 3652 1224 Matrem
3671 1173 3791 1229 tradi-

2264 1246 2425 1301 tione
2454 1247 2695 1319 penitus
2725 1247 3039 1303 destitutos
3064 1249 3271 1316 fuisse,
3298 1268 3425 1307 cum
3454 1254 3574 1310 illos
3596 1274 3735 1329 neque
3756 1263 3795 1317 in

2264 1335 2623 1406 inquirendo
2679 1337 2936 1405 desides,
2992 1353 3187 1410 neque
3245 1341 3307 1395 in
3362 1344 3628 1400 servandis
3649 1348 3794 1405 auditis

2264 1442 2508 1498 prorsus
2538 1426 2908 1499 negligentes
2942 1441 3071 1482 esse
3102 1429 3303 1500 reipsa
3332 1434 3667 1502 permitteret.

2336 1515 2470 1569 Ηωο
2509 1531 2685 1586 porro
2737 1515 2929 1572 obiter
2978 1516 3136 1572 dicta
3182 1519 3379 1587 velim,
3446 1538 3551 1577 non
3592 1527 3717 1595 quasi
3748 1529 3796 1582 ad

2267 1619 2530 1676 praisens
2574 1604 2914 1660 institutum
2964 1609 3304 1664 necessaria
3347 1610 3476 1678 sint,
3506 1611 3582 1667 vel
3606 1617 3731 1684 quasi
3749 1618 3795 1671 ad

2268 1695 2699 1750 controversias
2748 1695 3043 1766 ejusmodi
3094 1697 3404 1754 solvendas
3433 1701 3796 1759 sufficiantmed

2268 1789 2334 1838 ut
2360 1788 2560 1855 pateat
2606 1784 2766 1838 haud
2809 1784 3015 1840 faciles
3054 1802 3232 1842 aures
3277 1788 3351 1843 iis
3397 1791 3715 1862 porrigendas
3735 1797 3800 1866 qui

508 1878 822 1935 viciniores
854 1880 1156 1947 novimus;
1181 1883 1239 1933 2°
1265 1896 1401 1935 cum
1424 1878 1729 1935 videamus
1750 1897 1852 1935 eos
1882 1896 2005 1935 non
2031 1881 2160 1936 sine
2193 1864 2239 1931 Β
2270 1874 2456 1931 semel
2482 1892 2551 1932 ac
2582 1875 2643 1930 in
2689 1876 2816 1932 huic
2868 1877 3165 1943 incidunt,
3226 1884 3444 1934 temere
3472 1887 3638 1952 atque,
3660 1864 3800 1939 utdici

510 1968 767 2040 quodam
822 1968 1055 2023 delectu
1110 1968 1265 2024 facta
1322 1969 1449 2041 ipsa
1499 1968 1852 2037 admisisse;
1914 1972 1971 2024 3°
2028 1984 2163 2026 cum
2272 1966 2442 2033 solet,
2476 1971 2701 2021 stantes
2722 1966 2872 2038 pede
2890 1968 2957 2024 in
2980 1983 3097 2024 uno
3116 1968 3349 2026 fabulas
3366 1969 3628 2043 judicent,
3652 1980 3801 2030 temere

509 2063 741 2114 constet
786 2058 1058 2113 cordatos
1108 2057 1263 2113 viros
1315 2074 1414 2114 eos
1458 2059 1779 2126 exstitisse,
1830 2059 2047 2129 quibus
2076 2059 2167 2114 id-

508 2148 665 2204 ciroo
688 2165 798 2205 nec
816 2148 1077 2204 veritatis
1106 2148 1454 2222 indaganda:
1479 2148 2167 2221 sollicitudinem,neque

2271 2056 2646 2128 proclamant
2668 2055 2923 2115 fabulas.
3936 2064 3937 2133 i

515 2306 3801 2336 _._____.__._______.______._________________________

659 2465 1235 2567 ΙΩΑΝΝΟΥ
1298 2465 1911 2565 ΜΟΝΑΧΟΥ
1969 2466 2188 2564 ΚΑΙ
2252 2470 3166 2571 ΠΡΕΣΒΥΤΕΡΟΥ
3241 2475 3714 2573 ΕΥΒΟΙΑΣ

1295 2671 1525 2723 ΛΟΓΟΣ
1566 2668 1681 2723 ΕΙΣ
1735 2664 1880 2725 ΤΗΝ
1922 2672 2176 2723 ΣΥΛΗΨ
2200 2669 2272 2723 ΙΝ
2320 2669 2460 2725 ΤΗΣ
2511 2672 2720 2728 ΑΓΙΑΣ
2762 2672 3135 2730 ΘΕΟΤΟΚΟΥ.

719 2979 1251 3076 JOANNIS
1315 2979 1908 3077 MONACHI
1970 2982 2137 3078 ET

2259 2983 2456 3079 ’ΒΕ
2472 2984 3020 3083 SBYTERI
3085 2974 3585 3099 EUB(E1E
3613 2976 3668 3035 (υ

1264 3191 1532 3252 SERMO
1594 3193 1676 3253 IN
1738 3192 2337 3254 CONCEPTIONEM
2381 3193 2722 3256 SANCT/E
2767 3196 3155 3258 DEIPARIE.

1696 3348 1853 3421 (Ant.
1890 3351 2207 3421 BALLERINI,
2238 3353 2354 3409 loco
2382 3356 2500 3423 cit,
2533 3372 2590 3427 p.
2622 3354 2736 3427 47.)

1092 3600 1347 3669 Benedic,
1382 3602 1567 3656 Pater.

568 3690 613 3746 Ῑ.
647 3688 887 3759 Paulus,
945 3707 1195 3765 magnus
1252 3691 1353 3748 ille
1410 3690 1751 3765 Apostolus,
1800 3708 2153 3768 magnorum

498 3780 603 3835 ille
662 3794 1015 3836 arcanorum
1075 3781 1407 3837 divinorum
1457 3782 1771 3855 interpres,
1832 3783 2151 3842 sollicitam

500 3869 711 3926 salutis
757 3874 976 3926 nostrae
1006 3886 1209 3927 curam
1240 3887 1474 3944 gerens,
1505 3890 1615 3929 nos
1650 3878 1709 3929 et
1739 3873 2063 3941 edocendo,
2096 3882 2155 3931 et

497 3959 819 4032 arguendo,
871 3963 929 4014 et
976 3958 1360 4031 increpando,
1414 3966 1472 4017 et
1524 3962 1889 4019 obsecrando
1936 3965 2153 4021 excitat

496 4054 562 4105 ut
587 4049 661 4121 (a)
690 4049 750 4104 in
775 4049 1054 4104 omnibus
1079 4049 1299 4122 gratias
1322 4066 1587 4124 agamus,
1610 4057 1667 4107 et
1694 4054 1820 4109 sine
1846 4053 2151 4111 intermis-

497 4139 665 4195 sione
696 4138 948 4193 orationi
974 4139 1284 4195 instemus.
1309 4141 1379 4196 Et
1398 4142 1511 4197 hoc
1533 4141 1775 4214 quidem
1796 4143 1858 4198 in
1881 4143 2148 4199 omnium

569 4290 646 4363 (a)
677 4292 701 4346 Ι
729 4290 931 4346 Thess.
964 4306 1018 4361 v,
1052 4292 1138 4359 17,
1174 4293 1259 4347 18.

2802 3603 3019 3682 Εὖλόγη
3028 3624 3143 3681 σον,
3187 3604 3384 3683 Πάτερ.

2337 3696 2415 3751 Α’.
2447 3693 2510 3752 Ὀ
2572 3695 2744 3771 μέγας
2800 3692 3113 3759 ἀπόστολος
3160 3694 3381 3760 Παῦλος
3435 3695 3461 3753 ὁ
3512 3698 3605 3752 τῶν
3635 3690 3809 3769 μεγάλων

2265 3782 2581 3856 μυστηρίων
2669 3782 2969 3861 ἐξηγητὴς,
3042 3784 3110 3840 τὰ
3182 3787 3288 3853 τῆς
3353 3780 3600 3860 σωτηρίας
3644 3781 3661 3819 ί
3702 3782 3813 3853 ἡμῶν

2260 3873 2778 3949 πραγματευόμενος
2855 3871 3186 3945 ἐκδιδάσκει,
3278 3871 3485 3950 ἐλέγχει
3545 3877 3581 3944 ³,
3637 3870 3809 3943 ἐπιτιμᾷ,

2259 3962 2570 4039 παρακαλεῖ
2614 3963 2666 4019 ἐν
2717 3964 2879 4019 παντὶ
2928 3962 3300 4041 εὐχαριστεῖν,
3350 3961 3669 4023 ἀδιαλείπτως
3693 3978 3810 4035 προσ·

2260 4051 2535 4128 εύχέσθαι.
2596 4054 2700 4109 Καὶ
2750 4056 2911 4109 τοῦτο
2960 4057 3121 4109 πᾶσιν
3171 4055 3473 4130 ἀνθρώποις
3526 4048 3705 4124 ἔξεστιν.
3743 4048 3811 4103 03-

2259 4138 2371 4204 δεὶς
2429 4135 2486 4197 δὲ
2544 4140 2711 4216 ἄξιος,
2775 4144 2851 4217 μὴ
2910 4143 3325 4220 κεκαθαρμένην
3384 4138 3515 4219 ἔχων
3556 4143 3636 4211 τήν
3661 4137 3809 4194 ’ἔννοιαν

1866 4384 2104 4439 VARLE
2144 4385 2547 4441 LECTIONES.

564 4497 584 4533 ‘
615 4497 675 4554 C.
711 4495 881 4553 Barb.
916 4495 1117 4554 mend.
1150 4496 1311 4570 ἡμῖν,
1346 4498 1490 4555 Cms.
1522 4501 1588 4556 A.
1620 4500 1781 4572 ἡμῶν
1815 4498 1838 4535 ²
1867 4501 1927 4555 C.
1963 4501 2133 4559 Barb.

2259 4500 2447 4576 .ἐγχει,
2480 4500 2624 4557 Cass.
2659 4504 2726 4558 A.
2758 4496 2998 4578 ἐλέγχει.

2090 4647 2314 4702 NOTAE.

566 4741 644 4812 (1)
673 4740 887 4812 Caesar.
922 4738 1108 4812 code;
1137 4737 1201 4794 A.
1238 4739 1321 4812 sic
1367 4740 1550 4812 alium
1599 4739 1838 4812 praefert
1866 4740 2105 4812 titulum
2136 4759 2147 4797 :

504 4807 681 4887 Λᾷγος
737 4809 814 4887 εἷς
882 4810 975 4887 τὸγ
1051 4807 1439 4887 ᾧαγγελισμρν
1492 4807 1650 4887 λτῶὖ-
1699 4811 1887 4887 ἀγίῳγ-
1923 4810 2148 4867 δικαίων

569 4880 863 4959 ίῘωακκεῘμ
889 4881 988 4959 καὶ.
1035 4880 1276 4959 fama
1314 4880 1401 4936 καὶ
1461 4880 1543 4959 εἲς
1601 4883 1662 4938 τὸ
1718 4880 1992 4959 γενέθλιον
2048 4891 2149 4953 τῆς

573 4947 869 5028 ὑπεραγίάς
972 4947 1201 5023 ἐνδόξοιί
1264 4952 1648 5026 Ἀειπαρθὲνου
1731 4947 1950 5032 Μαρίας
2049 4947 2148 5026 τῆς

577 5025 867 5081 Θεοτόκου.

577 5034 867 5083 Θεοτόκου.

1003 5111 1219 5189 Εὖλόγτ,
1230 5134 1290 5168 σο
1302 5133 1345 5183 ν,
1392 5109 1653 5171 Δὲσποτα.

500 5206 689 5260 Sermo
743 5208 804 5259 in
892 5206 1078 5261 latum
1162 5208 1419 5260 nuntium
1501 5214 1814 5263 sanctorum
1870 5208 2154 5277 justorum

570 5276 823 5331 Joachim
873 5285 925 5334 et
954 5280 1112 5345 Anze,
1172 5283 1223 5332 et
1279 5280 1336 5331 in
1394 5280 1737 5333 nativitatem
1768 5285 2149 5347 saerosanetw,

575 5348 826 5417 gloriosae
869 5356 919 5404 et
967 5366 1177 5419 semper
1223 5347 1457 5418 virginis
1502 5352 1693 5406 Mariae
1722 5352 1818 5406 Dei
1845 5349 2148 5420 genitricis.

1058 5440 1313 5508 Benedic,
1354 5443 1599 5498 Domine.

580 5525 738 5582 Nihil
771 5543 1003 5583 movere
1032 5528 1157 5583 haec
1188 5530 1493 5585 diversitas
1542 5531 1735 5587 debet.
1769 5531 2152 5587 Consuevisse

511 5599 672 5677 enim
703 5598 930 5663 titulos,
963 5601 1292 5677 praesertim
1325 5602 1373 5654 si
1405 5601 1477 5657 de
1517 5605 1893 5677 sermonibus
1923 5608 2151 5677 agatur,

510 5670 582 5725 ab
614 5670 687 5724 iis
708 5684 814 5740 pro
842 5684 949 5721 sua
968 5670 1231 5736 ipsorum
1252 5675 1649 5729 sentententia
1675 5676 1891 5745 apponi
1919 5670 2008 5729 vel
2040 5674 2153 5729 im-

2263 4744 2502 4822 mutari,
2539 4746 2710 4816 plura
2742 4745 2966 4822 docent
2990 4746 3281 4822 exempla.
3318 4749 3436 4801 Imo
3466 4741 3593 4822 quid
3617 4739 3676 4822 ab
3696 4750 3807 4818 amt-

2262 4816 2583 4889 nuensium
2616 4832 2851 4888 quoque
2884 4817 3129 4872 arbitrio
3158 4816 3808 4889 exspectandumpsitgnsi-

2260 4904 2372 4959 gne
2404 4888 2577 4943 nobis
2624 4878 3041 4959 argumentum
3090 4889 3179 4944 vel
3239 4878 3335 4945 Hic
3382 4885 3639 4959 orationis
3669 4878 3807 4959 titulus

2262 4952 2845 5035 satis__i_ndicat.Cum
2871 4960 3030 5035 enim
3052 4959 3252 5035 nescio
3270 4962 3441 5035 cujus
3473 4955 3666 5014 incuria
3685 4952 3804 5035 hui“?

2260 5028 2520 5113 homilize
2578 5033 2793 5113 primo,
2837 5031 3015 5113 quod.
3077 5028 3421 5113 Vind_obona
3488 5028 3802 5113 transmisstlln

2183 5123 2230 5188 D
2260 5102 2479 5188 fuerat,
2527 5103 2865 5188 exemplari
2900 5103 3140 5171 amisso,
3186 5104 3802 5188 alterumexpetere‘pf:

2263 5190 2427 5247 cesse
2454 5161 2651 5247 fuerit,
2678 5161 2805 5247 jam
2852 5174 2963 5230 hoc
3006 5161 3332 5247 secundum
3366 5161 3588 5247 legitsi-c
3688 5161 3802 5244 5'51?

2260 5241 2438 5317 γὲλια,
2490 5245 2591 5300 ubi
2641 5237 2911 5317 primum
2962 5247 3190 5318 legebat
3238 5245 3316 5307 εἷς
3346 5237 3798 5318 τὸιῖῌύσξίῄλεσῌέΐ

2263 5312 2323 5391 et
2351 5312 2681 5391 cumprius
2712 5319 2958 5391 haberet
3002 5312 3101 5385 τῖς
3150 5317 3437 5391 ὑπεραγίας
3479 5312 3796 5391 ἐνδόξιζυηθιιο

2264 5389 2402 5462 fine,
2435 5387 2778 5462 Εὐλόγησον,
2805 5388 3067 5462 Aeneia,
3092 5387 3384 5462 posterius
3412 5387 3669 5462 habetiic
3696 5387 3798 5462 πεῖ

2264 5456 2496 5533 ενδόξοψ
2558 5454 2617 5517 et
2645 5454 2734 5518 vin
2767 5454 2911 5516 'fine
2970 5454 3319 5533 εὖλόγισμοί⁸
3379 5477 3501 5530 qua:
3530 5454 3719 5533 quid?“

2261 5522 2543 5587 riantium
2575 5534 2898 5589 lectionum
2934 5522 3128 5587 series'
3163 5522 3320 5588 inter
3346 5522 3522 5585 unum
3545 5522 3597 5583 et
3621 5522 3793 5579 alterum

2263 5604 2565 5686 exemplar
2594 5605 2653 5660 in
2684 5606 2939 5661 decursu
2969 5620 3201 5675 quoque
3250 5602 3525 5661 orationis
3552 5594 3795 5656 constante?

2261 5681 2507 5731 occurit.
