4048 6210
204 393 341 453 1461

1254 403 1503 460 ΒΒΒΜΟ
1537 403 1613 458 IN
1651 396 2209 457 CONCEPTIONEM
2246 399 2605 457 DEIPABE.

3478 414 3503 466 i
3515 412 3619 469 462

205 522 303 577 τοῦ
331 511 438 575 ἔσω
496 508 811 594 ἀνθρώπου,
867 523 1117 588 τοιοῦτος
1177 520 1274 596 ὢν,
1307 524 1380 589 ὡς
1420 526 1449 582 6
1502 526 1673 587 τάλας
1731 520 1849 599 ἐγὼἸ

1973 539 2218 594 prorsus
2250 527 2343 579 est
2374 525 2688 595 potestate.
2723 524 2798 580 At
2826 541 2965 581 vero
3002 531 3286 600 mysteria
3337 534 3441 592 illa
3484 536 3618 597 ideo

213 612 421 686 σειραῖς
492 608 516 644 ³
578 607 685 665 τῶν
784 606 929 685 ἐμῶν
1013 611 1393 688 πλημμελιῶν
1479 606 1865 693 σφιγγόμενος,

211 698 480 755 τοιούτων
521 695 654 775 ὑπὲρ
712 694 837 756 λίαν
899 704 1231 780 πραγμάτων
1277 692 1677 781 προσάψασθαι·
1735 692 1862 756 ἀλλ’

208 786 245 860 ἢ
312 787 474 862 μόνον
527 789 647 853 καθ’
708 790 938 863 ἑκάστην
990 792 1203 871 ἡμέραν
1279 794 1379 865 τὴν
1471 791 1695 866 ἀνομίαν
1758 810 1862 864 μου

208 877 518 956 ἆναγγελῶ,
606 880 695 935 καὶ
782 884 1107 958 μεριμνήσω
1195 884 1325 960 ὑπὶρ
1410 890 1509 954 τῆς
1593 876 1862 958 ἁμαρτίας

209 989 342 1044 μου.
374 963 537 1027 Ἀλλ’
568 966 758 1039 ἒπειδή
791 971 818 1025 6
851 971 1023 1036 πόθος
1079 969 1369 1048 ’ἐλκειξμῃ
1403 973 1431 1028 6
1462 967 1632 1052 φόϐος
1682 967 1865 1027 ἀνθέλ-

207 1081 294 1115 κει
330 1080 417 1134 με,
477 1057 568 1115 καὶ
600 1061 635 1129 ὴ
668 1059 957 1133 ἀναξιότης
1017 1066 1173 1138 σιγᾷν
1225 1061 1452 1137 ἐπιτιμᾷ
1505 1079 1622 1136 μοι·
1666 1059 1757 1117 καὶ
1804 1058 1857 1115 αὶ

205 1149 470 1226 ἁμαρτίαι
545 1166 649 1223 μου
737 1149 866 1205 ὡσεὶ
959 1150 1182 1229 φορτίον
1269 1151 1405 1229 βαρὺ
1490 1147 1857 1224 έδαρύνθησαν

206 1240 291 1295 ἐπ’
322 1239 442 1312 ἐμὲ,
474 1239 565 1294 καὶ
595 1237 648 1293 τί
677 1240 898 1311 ποιήσω
929 1239 1031 1296 οὐκ
1058 1239 1199 1299 οἶδα.
1230 1242 1375 1314 ’Δρα
1401 1241 1672 1316 τολμήσω
1728 1239 1857 1296 ἀνά-

202 1328 318 1399 ξιος
351 1325 428 1383 ὣν
456 1331 555 1383 τοῦ
585 1326 998 1405 ἐγχειρήματος
1024 1349 1038 1399 ;
1069 1330 1131 1385 Τί
1184 1329 1492 1405 ἐρήσομαις
1544 1328 1858 1403 ἔπιτιμήσω

200 1416 478 1490 ἐμαυτὸν;
566 1417 842 1473 ταλανίσω
925 1420 1024 1487 τήν
1112 1419 1348 1494 ἐμαυτοῦ
1430 1417 1856 1495 ταλαιπωρίανι

205 1506 424 1583 ἰπίσχω
451 1512 560 1563 τῶν
593 1503 963 1564 ἆναϐαινότων
1003 1508 1055 1565 ἐν
1102 1514 1171 1585 τῇ
1215 1502 1409 1585 καρδίᾳ
1464 1531 1569 1583 μου
1620 1529 1858 1585 μακαρι-

200 1601 358 1671 σμῶν
386 1598 511 1673 περὶ
541 1604 643 1667 τῆς
684 1600 1043 1672 πανυμνήτου
1096 1597 1372 1676 Θεοδόχου
1418 1620 1477 1655 τε
1517 1596 1606 1655 καί
1660 1596 1857 1654 Θεοτό-

198 1707 302 1742 κου
334 1687 421 1742 καὶ
457 1686 611 1764 ἁγίας
637 1687 916 1763 Παρθένου
949 1688 1163 1762 Μαρίας
1194 1708 1208 1759 ;

1980 629 2160 684 supra
2191 612 2435 668 modum
2467 612 2747 670 sublimia
2771 615 2841 686 (2)
2867 632 3042 672 nemo
3064 618 3155 674 vel
3172 620 3392 695 alonge
3414 628 3619 685 attrin-

1971 717 2108 772 gere
2136 702 2351 771 dignus
2373 703 2601 758 censeri
2632 709 2846 775 potest,
2881 707 2981 776 qui
3012 706 3314 766 interioris
3353 711 3615 774 hominis

1972 789 2258 847 intuitum
2288 792 2668 865 puriﬁcatum
2698 810 2820 849 non
2851 793 3085 865 habeat,
3120 798 3221 854 sed
3270 800 3614 872 hujusmodi

1972 878 2239 948 exsistat,
2271 881 2466 953 qualis
2499 886 2553 937 et
2586 898 2689 955 ego
2720 883 2902 938 miser
2930 883 3383 962 (deprehendor)
3414 907 3619 963 pecca-

1971 975 2168 1026 torum
2186 986 2457 1026 meorum
2475 970 2719 1027 funibus
2741 974 3167 1032 constrinctus:
3192 978 3286 1035 cui
3299 986 3617 1053 propterea

1970 1059 2120 1115 illud
2150 1076 2339 1117 unum
2369 1060 2669 1131 reliquum
2722 1062 2819 1129 sit,
2849 1067 2917 1119 ut
2944 1065 3206 1136 quotidie
3262 1071 3616 1141 iniquitatem

1968 1166 2142 1205 meam
2172 1148 2519 1218 annuntiem,
2551 1156 2603 1204 et
2642 1149 2708 1204 de
2722 1158 2953 1221 peccato
2982 1171 3101 1210 meo
3131 1159 3361 1227 cogitem
3390 1161 3483 1232 (b).
3514 1162 3617 1218 Ve-

1967 1256 2102 1295 rum
2132 1256 2267 1295 cum
2298 1255 2393 1295 me
2423 1238 2563 1295 hinc
2593 1239 2835 1311 quidem
2867 1242 3231 1301 desiderium
3264 1252 3322 1303 et
3367 1250 3614 1308 allectus

1967 1328 2259 1403 impellat,
2295 1328 2432 1384 inde
2465 1345 2599 1385 vero
2631 1331 2896 1388 retrahat
2935 1332 3134 1401 timor,
3184 1339 3360 1407 atque
3409 1338 3484 1395 ad
3532 1340 3615 1395 si—

1966 1417 2220 1474 lentium
2250 1434 2383 1474 mea
2412 1433 2505 1473 me
2538 1417 2859 1491 indignitas
2885 1422 3224 1494 compellat,
3257 1442 3325 1481 ao
3367 1434 3614 1499 peccata

1965 1524 2101 1564 mea
2128 1509 2269 1564 sicut
2301 1524 2436 1563 onus
2476 1525 2644 1579 grave
2690 1517 2927 1579 gravata
2980 1515 3089 1568 sint
3145 1530 3309 1584 super
3362 1532 3446 1572 me
3502 1518 3607 1589 (c):

1958 1598 2089 1670 jam
2121 1602 2179 1653 et
2198 1597 2374 1669 plane
2398 1594 2598 1653 nescio
2623 1598 2763 1670 quid
2785 1599 3019 1656 faciam.
3043 1604 3265 1658 Remne
3307 1606 3606 1678 suscipere

1964 1688 2026 1742 in
2058 1686 2325 1742 animum
2355 1686 2657 1756 inducam,
2689 1685 2969 1762 indignus
2999 1707 3133 1747 cum
3166 1692 3277 1748 sim
3298 1693 3325 1749 ‘l
3346 1694 3496 1760 Quid
3516 1694 3611 1750 di-

199 1794 332 1835 cam
353 1779 381 1834 ?
410 1778 827 1850 memetipsum
859 1779 1232 1852 redarguam,
1260 1780 1581 1853 deplorabo
1611 1778 1918 1835 miseriam
1956 1794 2175 1844 meam,
2205 1782 2382 1847 atque
2412 1778 2573 1833 omni
2606 1777 2782 1833 laude
2812 1776 3196 1853 dignissima,
3229 1788 3446 1839 sancta
3480 1784 3607 1839 Vir-

197 1868 356 1940 ginis
385 1869 600 1935 Μανία),
633 1886 764 1940 quae
797 1870 982 1923 Deum
1015 1869 1263 1941 excepit,
1295 1871 1600 1942 Deumque
1632 1869 1881 1941 peperit,
1914 1865 2122 1923 laudes
2151 1882 2180 1921 e
2210 1865 2387 1922 corde
2419 1873 2800 1939 erumpentes
2831 1869 3118 1926 cohibebo
3142 1870 3171 1926 ?

274 1956 349 2013 Β’.
384 1954 541 2012 Ἀλλ’
589 1955 752 2026 αὐτὴ,
804 1957 1052 2026 Θεοτόκε,
1106 1956 1438 2033 συνέργησόν
1492 1978 1610 2031 μοι,
1655 1955 1744 2012 ’ίνα
1787 1954 1849 2011 τὸ

2031 1957 2102 2010 ΙΙ.
2139 1957 2355 2011 Verum
2388 1961 2449 2010 tu
2479 1956 2609 2028 ipsa
2639 1956 2787 2011 mihi
2848 1958 3162 2029 opitulare,
3194 1976 3227 2015 ο
3250 1961 3354 2016 Dei
3402 1963 3605 2035 Mater,

201 2043 422 2117 θέλημα
450 2048 547 2099 τοῦ
577 2043 635 2099 ἐκ
693 2048 792 2099 σοῦ
848 2044 1201 2121 γεννηθέντος
1258 2050 1500 2122 Χριστοῦ
1555 2050 1652 2102 τοῦ
1709 2048 1849 2102 Θεοῦ

198 2135 363 2208 ἡμῶν
397 2135 639 2211 γένηται·
694 2131 786 2189 ’ίνα
848 2136 923 2207 μή
980 2134 1054 2197 ὡς
1113 2133 1331 2207 ἀναξίου
1376 2139 1635 2210 σκοτισθῇ
1665 2136 1701 2205 ἡ
1732 2131 1851 2189 διά-

200 2224 327 2279 νοιά
358 2242 491 2296 μου’
526 2220 653 2279 ἀλλ’
686 2222 821 2278 αὐτὰ
850 2222 985 2299 ἅπερ
1034 2224 1110 2298 μὴ
1170 2223 1435 2301 γράφοντί
1487 2245 1581 2298 μοι
1634 2223 1687 2279 ἐν
1729 2227 1847 2286 τοῖς

206 2308 599 2387 διαλδγισμοῖς
657 2306 931 2368 ἀναϐαίνει
987 2314 1113 2387 περὶ
1168 2318 1275 2369 τῶν
1336 2317 1442 2368 σῶν
1530 2312 1848 2388 ἐγκωμίων,

199 2408 370 2460 ταῦτα
398 2403 488 2459 καὶ
522 2404 786 2482 γράφοντί
842 2426 935 2478 μτι
994 2405 1349 2481 συνέργησον.
1406 2408 1685 2468 Πολλάκις
1742 2406 1847 2481 γὰρ

202 2492 607 2567 ἱνθυμούμενος
636 2490 729 2548 καὶ
775 2491 1101 2571 περίδακρυς
1148 2496 1349 2571 γέγονα
1406 2492 1496 2549 διὰ
1548 2496 1646 2564 τὴν
1706 2492 1845 2569 έμὴν

207 2582 537 2653 ἆναξιότητα
566 2582 617 2639 έν
661 2588 737 2656 νῷ
800 2579 1099 2657 Λαμϐἀνων
1154 2588 1263 2639 τῶν
1318 2587 1416 2639 τοῦ
1463 2582 1847 2660 πυριγλώττου

205 2672 299 2727 καὶ
338 2670 728 2748 μεγαλοφώνου
758 2671 984 2729 Ἡσαΐου
1034 2672 1317 2749 ῥημάτων.
1376 2673 1441 2729 Εἰ
1498 2674 1600 2749 γὰρ
1646 2671 1849 2736 ἐκεῖνος

206 2764 235 2818 6
270 2764 411 2824 θεῖος
458 2761 594 2835 ἆνὴρ
654 2762 913 2825 ὀπτασίας
971 2762 1243 2833 τοσαύτης
1300 2762 1548 2834 ἀξιωθεὶς
1592 2766 1849 2818 τοσοῦτον

201 2852 393 2907 ἑαυτὸν
453 2842 790 2921 ἐταλάκισεν,
846 2846 900 2906 τί
959 2850 1063 2926 ἐγὼ
1118 2852 1360 2923 ποιήσω,
1392 2851 1538 2906 ὁκαὶ
1596 2855 1692 2906 τοῦ
1749 2855 1844 2925 ζῇν

199 2940 415 3010 ἀνάξιος
448 2960 462 3010 ;
497 2940 671 3011 Φησίν
730 2939 856 3016 γάρ·
910 2941 1162 3014 Ἐγένετο
1217 2945 1315 2995 τοῦ
1360 2938 1512 3004 ἔτους
1555 2942 1578 2977 ⁸
1624 2940 1686 2995 οὗ
1746 2941 1849 2995 ἀπ·

197 3031 378 3085 ἑθανεν
438 3030 620 3100 Ὀζίας
677 3031 706 3085 6
768 3027 1045 3104 βασιλεὺς,
1109 3026 1223 3085 ἴδον
1281 3030 1373 3085 τὸν
1453 3029 1649 3105 Κύριον
1724 3031 1850 3085 καθ-

196 3121 401 3193 ήμενον
459 3120 548 3175 ἐπὶ
616 3120 810 3196 θρόνου
889 3118 1107 3195 ὑψηλοῦ
1182 3119 1273 3175 καὶ
1348 3119 1682 3194 ἔπηρμένου·
1758 3114 1848 3175 καὶ

194 3205 423 3285 πλήρης
480 3211 509 3265 6
567 3210 720 3274 οἶκος
772 3216 874 3280 τῆς
931 3206 1095 3280 δόξης
1152 3207 1337 3265 αὐτοῦ’
1396 3208 1486 3265 καὶ
1573 3206 1851 3287 Σεραφεὶμ

194 3299 536 3370 εἱστήκεισαν
595 3293 786 3372 κύκλῳ
867 3298 1054 3356 αὐτοῦ.
1115 3297 1215 3354 Καὶ
1270 3296 1475 3369 ἤκουσε
1529 3305 1630 3369 τῆς
1687 3301 1849 3373 Τρισ-

195 3389 363 3466 αγίου
407 3391 430 3427 ⁴
482 3396 691 3469 φωνῆς,
747 3387 810 3445 τὸ
866 3390 1083 3465 ”Αγιος,
1143 3390 1355 3465 ’Δγιος,
1413 3391 1605 3465 ’Ἄγιος
1660 3385 1858 3465 Κύριος

202 3474 469 3539 Σαϐαὼθ.
540 3480 643 3537 Καὶ
702 3478 847 3535 εἶπεν
925 3476 1171 3541 Ἠσαίας·
1230 3476 1297 3533 ’Ὠ
1366 3477 1537 3541 τάλας
1615 3477 1719 3555 ἰγὼ
1772 3476 1856 3533 ὅτι

201 3566 631 3644 κατανένυγμαι,
695 3566 806 3640 ξὸτι
888 3564 1175 3643 ἅνθρωπος
1254 3564 1330 3623 ὤν
1410 3568 1501 3623 καὶ
1584 3564 1856 3641 ἀκάθαρτα

193 3655 371 3734 χείλη
405 3651 573 3733 ἔγων,
628 3653 680 3712 ιν
738 3654 888 3730 μέσῳ
941 3653 1077 3712 λαοῦ
1135 3654 1409 3727 ἀκάθαρτα
1463 3650 1629 3732 χείλη
1692 3648 1858 3731 ἕχον·-

191 3768 298 3810 τος
331 3746 440 3822 ἐγὼ
473 3746 628 3803 οἰκῶ·
660 3748 751 3803 καὶ
800 3747 895 3803 τὸν
958 3743 1187 3824 βασιλέα
1248 3739 1480 3803 Σαϐαὼθ
1510 3746 1534 3783 ⁵
1564 3742 1681 3803 ἴδον
1736 3750 1855 3810 τοῖς

194 3835 519 3910 ὀφθαλμοῖς
564 3858 693 3911 μου.
753 3835 856 3893 Καὶ
906 3834 1181 3907 ἀπιστάλη
1241 3838 1264 3875 ⁸
1320 3834 1456 3911 πρός
1517 3856 1586 3909 μι
1639 3830 1693 3891 ἔν
1745 3839 1851 3890 τῶν

190 3928 505 4004 Σεραφεὶμ,
558 3924 650 3980 καὶ
702 3924 850 3999 εἶχεν
907 3920 962 3980 έν
1017 3925 1086 3999 τῇ
1145 3925 1295 4002 χειρὶ
1346 3923 1514 3982 αὐτοῦ
1592 3926 1852 4002 ἄνθρακα,

196 4014 261 4072 δν
294 4017 367 4090 τῇ
398 4009 584 4071 λαϐίδι
641 4012 665 4050 ’⁷
722 4009 916 4070 ἔλαϐεν
978 4014 1082 4069 ἀπὸ
1137 4015 1235 4069 τοῦ
1293 4012 1699 4090 θυσιαστηρίουδ
1761 4010 1852 4070 καὶ

188 4102 383 4180 ἥψατο
438 4104 535 4160 τοῦ
595 4102 865 4178 στόματός
930 4124 1057 4177 μου,
1112 4100 1200 4158 καὶ
1260 4102 1426 4160 εἶπεν·
1492 4100 1635 4161 Ἰδοὺ
1692 4106 1852 4160 τοῦτο

187 4197 381 4271 ἥψατο
411 4200 518 4251 τῶν
552 4194 792 4271 χειλέων
824 4216 942 4266 σου,
974 4192 1064 4249 καὶ
1099 4195 1292 4271 ἀφελεῖ
1339 4196 1436 4259 τὰς
1470 4195 1699 4271 ἀνομίας
1731 4210 1850 4265 σου,

187 4286 291 4343 καὶ
322 4286 422 4349 τὰς
449 4285 716 4361 ἁμαρτίας
746 4305 842 4341 σου
872 4290 1270 4362 περικαθαριεῖ.

272 4552 342 4610 El
372 4550 431 4608 δὶ
460 4552 621 4614 οὗτος
652 4553 680 4607 6
716 4553 879 4628 μέγας
907 4556 1004 4609 τοῦ
1026 4552 1159 4609 Θεοῦ
1181 4554 1470 4629 προφήτης
1498 4551 1670 4615 οὕτως
1686 4552 1857 4608 ταλαο

1964 2050 2030 2102 ut
2058 2045 2276 2101 Christi
2306 2042 2410 2100 Dei
2442 2046 2629 2101 nostri
2658 2045 2763 2101 abs
2794 2051 2851 2102 te
2876 2045 3059 2120 geniti
3089 2048 3348 2123 benigna
3399 2052 3610 2107 volun-

1962 2142 2053 2192 tas
2082 2136 2224 2203 ﬁat;
2258 2140 2324 2189 ut
2351 2150 2427 2190 ne
2459 2151 2629 2190 mens
2659 2152 2818 2203 mea,
2849 2142 3133 2208 tanquam
3165 2138 3426 2196 hominis
3452 2141 3607 2197 indi-

1961 2226 2084 2299 gni,
2119 2224 2243 2280 suis
2274 2229 2514 2279 maneat
2570 2222 2835 2280 involuta
2884 2226 3192 2293 tenebris;
3248 2228 3352 2284 sed
3408 2231 3608 2300 potius

1961 2315 2103 2371 dum
2128 2312 2442 2369 scribendo
2462 2329 2705 2368 manum
2743 2313 3049 2381 admoveo,
3073 2315 3221 2369 mihi
3251 2316 3477 2387 adesto,
3510 2335 3607 2374 ea-

1961 2403 2099 2460 dem
2128 2402 2238 2458 illa
2268 2417 2590 2475 suggerens
2622 2417 2821 2469 sensa,
2855 2419 2988 2472 qua)
3012 2401 3154 2458 dum
3175 2404 3489 2461 scribendo
3512 2406 3607 2464 in-

1960 2498 2158 2548 tentus
2171 2508 2291 2547 non
2306 2508 2459 2558 sum,
2488 2490 3035 2563 intercogitandum
3049 2491 3121 2547 de
3144 2494 3435 2549 encomiis
3466 2494 3606 2563 tuis,

1960 2582 2147 2637 menti
2171 2598 2317 2636 mete
2346 2596 2477 2636 sese
2499 2580 2776 2635 offerunt.
2800 2580 3096 2637 Multoties
3110 2581 3272 2636 enim
3293 2581 3435 2639 dum
3453 2583 3604 2656 igni-

1958 2670 2123 2741 loqui
2152 2670 2316 2724 illius
2339 2685 2406 2723 ac
2447 2666 2951 2740 magniloquenlis
2983 2669 3146 2725 Isaia)
3177 2668 3354 2726 verba
3382 2665 3601 2741 recolo,

1958 2762 2203 2832 propter
2232 2756 2645 2829 indignitatem
2668 2773 2862 2812 meam
2891 2774 2981 2813 me
3006 2763 3195 2815 totum
3217 2761 3416 2816 animo
3440 2779 3604 2818 com-

1960 2848 2183 2905 moveri
2212 2847 2287 2903 ad
2318 2848 2610 2919 lacrymas
2641 2864 2831 2919 usque
2863 2848 3076 2904 sentio.
3115 2850 3172 2904 Si
3204 2850 3364 2906 enim
3395 2852 3481 2907 vir
3502 2851 3603 2910 ille

1962 2940 2193 2996 divinus
2216 2937 2563 3009 hujusmodi
2585 2937 2808 2992 visione
2823 2937 3119 3009 dignatus,
3136 2955 3325 3011 usque
3337 2940 3484 2997 adeo
3510 2959 3609 2998 se-

1961 3029 2281 3101 metipsum
2309 3026 2662 3094 humiliavit,
2723 3026 2867 3098 quid
2916 3027 3154 3083 tandem
3207 3044 3311 3101 ego
3368 3030 3606 3099 faciam,

1961 3120 2063 3192 qui
2096 3114 2275 3175 etiam
2306 3116 2424 3172 vita
2454 3116 2585 3188 ipsa
2614 3131 2745 3171 sum
2803 3116 2981 3188 plane
3033 3116 3312 3191 indignus
3332 3120 3361 3175 ‘I
3406 3121 3610 3191 lnquit

1966 3210 2164 3266 enim:
2196 3211 2425 3265 Factum
2454 3214 2533 3263 est
2560 3210 2620 3262 in
2662 3220 2810 3262 anno
2861 3222 2970 3278 quo
3023 3214 3271 3267 mortuus
3328 3218 3406 3267 est
3451 3213 3608 3268 Ozias

1963 3313 2085 3368 rex,
2118 3293 2235 3354 vidi
2261 3298 2555 3353 Dominum
2583 3296 2853 3353 sedentem
2879 3312 3045 3369 super
3090 3298 3287 3355 solium
3336 3298 3606 3358 excelsum

1960 3396 2011 3446 et
2040 3389 2306 3446 eleuatum
2327 3405 2349 3450 ;
2380 3394 2431 3443 et
2449 3385 2623 3459 plena
2651 3391 2771 3442 erat
2801 3382 2990 3443 domus
3019 3386 3203 3459 gloria
3226 3388 3346 3461 ejus
3378 3390 3478 3462 (ἁ).
3497 3388 3598 3447 Se-

1956 3480 2178 3551 raphim
2206 3480 2426 3536 stabant
2454 3480 2515 3532 in
2544 3479 2782 3533 circuitu
2811 3478 2929 3548 ejus
2959 3480 3046 3549 (e).
3067 3480 3138 3534 Et
3156 3478 3381 3535 audivit
3397 3497 3602 3538 vocem

1958 3575 2049 3626 ter
2080 3564 2231 3625 illud
2262 3568 2691 3625 acclamantem
2719 3581 2732 3622 :
2764 3569 3021 3636 Sanctus,
3059 3569 3309 3638 Sanctus,
3341 3571 3599 3639 Sanctus,

1956 3661 2218 3717 Dominus
2258 3653 2617 3714 exercituum.
2652 3656 2723 3712 Et
2778 3650 2926 3713 dixit
2971 3655 3155 3714 Isaias
3205 3655 3309 3731 (f):
3353 3660 3473 3716 Heu
3516 3676 3601 3717 me

1956 3747 2212 3806 miserum
2244 3748 2343 3820 (g),
2375 3752 2753 3802 consternatus
2781 3747 2925 3802 enim
2953 3762 3093 3816 sum,
3119 3751 3383 3819 quoniam
3439 3749 3600 3806 homo

1956 3856 2077 3896 cum
2105 3837 2231 3906 sim,
2258 3844 2313 3893 et
2366 3837 2515 3893 labia
2563 3852 2684 3893 cum
2742 3837 2973 3893 habeam
3013 3837 3255 3909 polluta,
3314 3839 3377 3895 in
3426 3841 3603 3897 medio

1949 3929 2150 4002 populi
2168 3927 2391 4000 polluta
2422 3927 2573 3982 labia
2604 3926 2859 3983 habentis
2888 3942 2987 3998 ego
3042 3926 3233 3985 habito
3262 3944 3284 3995 ;
3328 3936 3380 3986 et
3423 3940 3606 4001 regem

1956 4019 2297 4076 exercituum
2346 4016 2465 4072 vidi
2498 4015 2689 4086 {oculis
2735 4018 2886 4073 meis.
2937 4017 3007 4073 Et
3050 4018 3243 4075 missus
3288 4025 3364 4074 est
3410 4018 3484 4074 ad
3524 4034 3607 4075 me

1956 4126 2097 4165 unus
2119 4110 2185 4164 de
2202 4107 2519 4178 Seraphim,
2552 4113 2604 4161 et
2636 4107 2867 4161 habebat
2896 4109 2955 4160 in
2986 4124 3154 4161 manu
3192 4122 3292 4161 sua
3320 4106 3607 4162 carbonem

1956 4214 2262 4267 accensum,
2292 4212 2453 4267 quem
2481 4195 2693 4265 forcipe
2714 4199 3019 4265 sumpserat
3042 4211 3112 4249 ea:
3139 4196 3328 4262 altari,
3383 4203 3435 4251 et
3465 4197 3603 4251 teti-

1956 4291 2041 4359 git
2074 4304 2131 4344 os
2150 4302 2329 4343 meum
2359 4291 2410 4341 et
2440 4285 2589 4340 dicit
2620 4298 2635 4340 :
2667 4286 2805 4338 Ecce
2834 4283 2933 4339 hoc
2966 4286 3149 4355 tetigit
3180 4284 3328 4340 labia
3386 4291 3502 4353 tua,
3551 4290 3605 4340 et

1958 4382 2173 4448 auferet
2202 4378 2535 4448 iniquitates
2562 4376 2703 4441 tuas,
2735 4378 2788 4427 et
2808 4381 3041 4444 peccata
3071 4379 3167 4430 tua
3187 4377 3412 4445 penitus
3460 4392 3605 4447 pur-

1958 4465 2133 4536 gabit.

2030 4556 2313 4624 Jam,vero
2338 4553 2387 4608 si
2411 4565 2665 4623 magnus
2688 4550 2783 4606 hic
2816 4550 2917 4606 Dei
2944 4551 3235 4623 propheta
3266 4551 3429 4607 dolet
3456 4551 3603 4608 adeo

181 4643 330 4711 νίζει
364 4641 575 4713 ἑαυτὸν,
601 4639 707 4718 ἐγὼ
736 4641 790 4697 τί
829 4639 1073 4712 ποιήσω,
1106 4641 1133 4695 ὁ
1166 4641 1343 4714 στόμα
1389 4638 1479 4695 καὶ
1525 4640 1715 4718 χείλη,
1764 4641 1849 4697 καὶ

1963 4643 2270 4698 miseriam
2304 4656 2507 4709 suam;
2536 4640 2679 4713 quid
2710 4639 2854 4696 mihi
2885 4640 3223 4696 faciendum
3252 4645 3476 4713 putem,
3506 4643 3608 4715 qui

180 4726 446 4807 καρδίαν,
470 4733 560 4786 καὶ
589 4731 757 4787 πάντα
780 4731 845 4785 τὰ
865 4728 1195 4804 αἰσθητήρια
1229 4726 1417 4802 ἀνάξια
1442 4729 1768 4805 κεκτημένοι
1801 4731 1844 4802 ⁸,

1971 4748 2035 4788 os
2068 4737 2126 4787 et
2156 4728 2314 4787 labia
2345 4738 2402 4787 et
2427 4746 2529 4787 cor
2560 4736 2618 4785 et
2647 4743 2856 4786 omnes
2889 4746 3098 4785 sensus
3127 4728 3314 4786 habeo
3346 4728 3608 4789 immun-

270 4860 349 4932 (ὁ)
380 4862 533 4917 Psal.
567 4874 776 4926 xxxvn,
812 4862 896 4914 l9.

183 4941 361 4992 erant
392 4933 680 5060 replebant
711 4932 994 5001 templum.
1073 4932 1314 5016 (eilbid.
1346 4960 1416 4971 -—
1447 4933 1694 5017 Rursum

189 5023 326 5060 sec.
360 5006 441 5060 LX
502 5046 516 5060 .
593 5003 673 5060 (al
710 5003 918 5060 Vulg.:
959 5005 1049 5058 Vae
1077 5003 1217 5058 mihi
1249 5004 1513 5060 quoniam
1544 5009 1694 5059 tacui

189 5023 326 5063 sec.
360 5003 516 5061 LXX.
593 5003 673 5075 (g)
710 5003 876 5075 Vulg.
904 5017 918 5058 :
959 5005 1049 5058 Vae
1077 5003 1218 5058 mihi
1249 5004 1513 5074 quoniam
1544 5005 1713 5059 tacui.

977 4859 1046 4931 (ο)
1079 4859 1233 4915 Psal.
1274 4873 1486 4931 xxxvn,
1522 4862 1573 4913 5.

1655 4860 1738 4930 (d)
1768 4861 1880 4916 Isa.
1912 4874 1985 4915 vx.
2017 4863 2039 4914 l
2077 4876 2241 4930 seqq.
2279 4859 2522 4930 Vulgata
2550 4858 2646 4913 hic
2675 4857 2892 4913 habet:
2924 4860 2993 4913 Et
3022 4874 3107 4930 ea,

1073 4930 1314 5007 (θλ-Π)ἕώ
1346 4960 1422 5007 -Α
1447 4929 1701 5007 Rursum
1735 4930 1901 5007 Vulg.
1935 4932 2116 5005 legit:
2148 4929 2219 4986 Et
2247 4929 2523 5002 seraphim
2551 4931 2773 4987 stabant
2795 4944 2960 5001 super
2989 4929 3151 4985 illud.
3229 4930 3299 5001 (Γ)
3327 4930 3438 4999 Isa,
3470 4946 3544 4999 vx,
3578 4932 3609 4986 5

3166 4874 3291 4928 quae
3346 4858 3442 4913 sub
3488 4861 3608 4929 ipso

1564 5129 1799 5185 VARle
1838 5128 2240 5185 LECTIONES.

271 5233 293 5267 ³
325 5225 492 5282 Barb.
529 5228 748 5298 σηραῖς,
782 5226 926 5298 Caes.
960 5226 1026 5279 A.
1054 5227 1287 5298 σειραῖς.
1321 5296 1333 5298 μ
1366 5223 1414 5298 "_
1438 5224 1547 5280 Ubi
1598 5224 1803 5298 codex_
1832 5226 2002 5298 Barb.
2054 5226 2234 5281 habet
2278 5225 2375 5279 τοῦ
2425 5215 2597 5298 ἔτους,
2659 5222 2873 5298 V_e_rsio_
2897 5221 3055 5298 _LXX
3105 5220 3285 5298 habet
3341 5221 3606 5298 ὲνιαυτοῦ.

177 5300 210 5335 ⁴
246 5294 648 5371 Εοόίοοελιιιὼ
681 5297 849 5371 Barb.
883 5304 1006 5352 tum
1037 5294 1181 5371 Czes.
1224 5294 1887 5371 A._habent__rpiaayla¢_.

1981 5296 2006 5331 ⁵
2045 5298 2256 5367 Cmsar.
2303 5298 2370 5352 A.
2420 5294 2509 5349 τὸν
2566 5288 2793 5367 βασιλέα
2834 5292 3032 5367 Κύριον
3081 5288 3319 5367 σαϐαώθ.
3400 5295 3435 5367 7³
3464 5296 3609 5351 Cass.

181 5374 269 5428 Α.
303 5367 654 5433 ἀπεστάλλει,
689 5370 860 5424 Barb.
889 5375 1087 5424 autem
1109 5365 1428 5442 ἀπεστάλκει,
1460 5364 1689 5425 scilicet
1720 5364 1830 5442 pro
1856 5364 2156 5442 ἀπεστᾴλησ
2190 5364 2764 5442 notjssimqnienim
2793 5364 2998 5442 est,_'in_
3023 5366 3613 5442 antiquischicibus

183 5445 328 5499 hmc
359 5442 678 5508 elementa.
714 5460 751 5508 ι,

786 5461 843 5507 η,
877 5458 942 5505 ει,
970 5440 1195 5512 saepius
1228 5436 1857 5512 invicem‘permu'tari.

1961 5442 1981 5476 τ
2012 5431 2247 5496 ρωέ,Α.
2281 5437 2338 5493 ὃν
2370 5444 2436 5507 τῆ
2496 5431 2638 5504 λάὅη
2693 5441 2817 5509 (pro
2866 5439 2933 5510 τῇ
2982 5431 3456 5510 λαῦᾗ)’διέλαϐον
3510 5444 3610 5509 (sc.

184 5506 495 5586 διέλαϐεν).
532 5513 703 5568 Barb.
739 5504 937 5568 autem
970 5504 1173 5581 λαϐήδι
1205 5529 1310 5583 pro
1343 5504 1555 5567 λαϐίδῐ.
1632 5513 1653 5548 ³
1686 5512 1963 5568 Mendose
1992 5516 2115 5568 tum
2148 5510 2343 5582 Barb.,
2374 5504 2762 5583 καικτημένοξ,
2795 5504 2920 5566 tum
2978 5504 3144 5567 Caes.
3172 5513 3239 5566 A.
3290 5504 3611 5584 καίκτημεν.

1794 5646 2016 5702 ΝΟΤλΕ.

277 5746 349 5819 (2)
380 5734 591 5801 Divina
620 5742 848 5800 scilicet
876 5740 1182 5817 mysteria,
1219 5759 1472 5815 quorum
1504 5742 1891 5815 interpretem
1920 5742 2263 5801 laudaverat
2290 5740 2538 5800 Paulum
2569 5740 2939 5815 Apostolum.
