4048 6210
190 310 336 368 1465

1224 309 1473 366 SERMO
1506 310 1584 364 IN
1619 306 2173 364 CONCEPTIONEM
2211 310 2571 366 DEIPARE.

3466 319 3606 375 1466

187 441 295 505 τῆς
355 432 445 488 ἐπὶ
502 435 601 487 τοῦ
658 435 801 499 Νῶε,
861 431 949 486 καὶ
1003 429 1092 485 ἐπὶ
1170 431 1438 494 Μωσέως*
1516 427 1692 499 ἐκείνη
1742 427 1846 503 γὰρ

1975 430 2142 485 etiam
2175 431 2486 487 Mosaicam
2518 433 2825 489 antecellit
2857 451 2870 488 :
2922 434 3026 491 illa
3080 437 3376 509 siquidem
3405 443 3604 498 conti-

190 519 541 596 νομοδόχος,
598 519 732 590 αὕτη
794 517 851 574 δὲ
908 516 1207 594 Θεοδόχος.
1242 516 1384 575 Ἰδοὺ
1415 522 1541 580 ναῦς
1574 538 1851 573 ποντοπο-

190 616 386 688 ροῦσα,
419 609 509 664 καὶ
544 609 781 679 ξητοῦσα
810 607 1013 686 φόρτου
1072 609 1118 643 ‘3
1168 609 1374 684 καρπὸν
1436 604 1849 679 δαπανώμενον.

189 700 460 771 ἰωακεὶμ
490 699 579 753 καὶ
637 698 811 754 Ἀννα
846 703 1133 767 ζητοῦντες
1190 697 1398 772 καρπὸν
1449 695 1847 771 ἀνθρωπόμορ-

186 808 297 869 φον
336 788 425 843 καὶ
462 784 584 842 ἰδοὺ
611 782 806 843 ἔλαϐον
852 788 952 856 τὴν
1014 788 1251 862 ἄσπορον
1310 782 1544 860 κόχλον,
1602 785 1700 853 τήν
1756 784 1849 839 τὸν

187 879 448 955 οὐράνιον
480 877 570 931 καὶ
616 874 923 949 πολύτιμον
984 874 1323 952 μαργαρίτην
1371 873 1656 929 τίκτουσαν
1716 873 1852 947 Χρι-

190 969 325 1024 στὸν
349 968 443 1022 τὸν
497 966 625 1021 Θεὸν
686 967 872 1038 ἡμῶν.
933 962 1073 1020 Ἰδοὺ
1124 963 1381 1037 Ἰωακεῖμ
1436 963 1525 1018 καὶ
1580 969 1771 1035 ⁸Αννα,
1824 962 1853 1016 6

199 1060 300 1133 μὲν
325 1055 597 1128 νηστεύων
630 1054 683 1109 ἰν
714 1058 795 1127 τῷ
852 1050 990 1131 ὄρει,
1043 1056 1079 1123 ἡ
1139 1051 1196 1108 δὶ
1252 1051 1305 1108 ἐν
1368 1049 1703 1128 παραδείσῳ,
1761 1051 1855 1107 τὸν

192 1148 333 1204 Θεὸν
364 1142 772 1213 ἐκδυσωποῦσα,
806 1140 1025 1198 δοχεῖον
1060 1138 1257 1199 ἔλαϐον
1296 1145 1393 1197 τοῦ
1447 1142 1744 1213 στήσαντος
1790 1140 1857 1196 τά

197 1234 306 1311 ὄρη
340 1232 433 1289 καί
469 1234 559 1288 τὸν
592 1229 919 1309 παράδεισον
953 1231 1334 1310 φυτεύσαντος·
1388 1229 1509 1285 ἱδοὺ
1570 1229 1621 1285 ἐν
1679 1250 1855 1304 παρα-

197 1324 372 1398 δείσῳ
405 1320 740 1399 εὐφροσύνης
794 1318 1104 1396 εὐαγγέλια,
1160 1321 1249 1375 ἳνα
1297 1322 1325 1375 6
1393 1320 1625 1395 ἀρχαῖος
1679 1316 1857 1394 παρά-

200 1411 386 1473 δεισος
416 1415 533 1473 τοῖς
557 1408 866 1483 ἀνθρώποις
888 1406 1173 1484 παραδοθῇ
1232 1409 1299 1466 “.
1356 1405 1499 1465 Ἰδοὺ
1541 1408 1605 1462 τὸ
1661 1406 1856 1471 πένθος

203 1504 286 1565 εἷς
320 1503 493 1578 χαράν
533 1497 826 1574 μετῆλθεν,
861 1498 953 1554 καὶ
994 1501 1021 1554 6
1057 1497 1297 1574 ὀδυρμὸς
1327 1497 1405 1560 εἷς
1438 1497 1763 1574 άγαλλίασιν
1790 1499 1854 1554 1⁵.

200 1592 332 1648 ἴδοὺ
363 1591 665 1665 στεναγμὸς
721 1590 812 1644 καὶ
860 1589 1167 1665 πρόσκαιρα
1217 1586 1441 1663 δάκρυα,
1501 1588 1593 1643 καὶ
1644 1587 1719 1650 εἰς
1766 1589 1856 1643 τὸν

201 1682 380 1739 αἰῶνα
438 1680 585 1756 χαρά
623 1676 1021 1749 ἀνεκλάλητος·
1068 1676 1186 1733 ἰδοὺ
1241 1675 1552 1751 ὀνειδισμὸς
1606 1674 1860 1753 περιελό-

208 1792 395 1847 μενος,
450 1769 539 1825 καὶ
599 1766 774 1844 δῶρον
836 1767 1191 1845 ἀναφαίρετον
1235 1768 1281 1803 ¹⁶
1329 1772 1445 1839 Θεῷ
1491 1767 1864 1845 προσφερόμε-

199 1884 324 1929 νον,
379 1861 470 1915 καὶ
531 1858 660 1915 Θεὸν
711 1858 804 1912 τὸν
861 1858 1156 1933 ἆχώρητον
1216 1856 1267 1912 ἐν
1324 1856 1518 1933 γαστρὶ
1576 1864 1860 1933 χωρῆσαν.

202 1948 353 2009 Ἰδοὺ
416 1949 639 2009 Ἠσαῗας
693 1946 920 2003 λέλυται
954 1950 996 1984 ¹τ
1053 1950 1151 2002 τοῦ
1204 1945 1419 2017 ξυλίνου
1476 1948 1719 2021 πρίονος⁶
1771 1947 1862 2001 καὶ

203 2039 474 2117 Ἱερεμίας
512 2042 593 2111 τῷ
644 2034 836 2110 λάκκῳ
872 2031 1153 2112 βορϐόρων
1212 2036 1278 2105 ¹⁸,
1336 2037 1423 2091 καὶ
1502 2036 1706 2106 Δανιὴλ
1752 2041 1859 2091 τῶν

213 2118 599 2189 λεόντωνίκαὶ
629 2130 735 2183 τῶν
773 2127 1024 2203 μεγάλων
1083 2128 1319 2202 θλίψεων
1376 2126 1592 2182 ἐκείνων
1651 2148 1865 2200 μνημο-

208 2218 518 2292 νευόμενοι,
548 2222 646 2273 τοῦ
683 2213 948 2290 ἀψευδοῦς
978 2215 1155 2270 αὐτῶν
1212 2217 1565 2291 κηρύγματος
1612 2213 1862 2289 πληρου-

216 2310 404 2383 μένουο
455 2307 579 2381 περὶ
638 2310 739 2383 γάρ
794 2311 895 2374 τῆς
970 2304 1237 2380 μακαρίας
1291 2305 1483 2374 Ἀννης
1554 2302 1643 2358 καὶ
1701 2303 1861 2366 αὐτὸς

210 2399 243 2455 6
345 2395 564 2460 Ἡσαΐας
673 2389 794 2467 6οᾷσ
878 2394 1224 2472 Εὐφράνθητι
1312 2397 1494 2469 στεῖρα
1578 2396 1621 2430 ¹⁹
1701 2395 1737 2463 ἡ
1800 2391 1863 2447 οὐ

209 2487 482 2543 τίκτονσα.

1957 518 2172 573 nendis
2202 518 2349 591 legis
2372 520 2592 575 tabulis
2624 524 2945 591 (exstructa
2969 523 3121 595 fuit),
3151 525 3277 581 haec
3306 546 3439 584 vero
3485 533 3602 587 Deo

1958 607 2305 678 excipiendo
2337 609 2726 683 (aedificatur).
2781 613 2927 667 Ecce
2983 614 3167 681 navis,
3230 632 3359 685 qua;
3416 621 3604 676 maria

1959 698 2347 768 percurrit,ac
2376 706 2724 770 pereuntem
2757 703 2972 757 mercis
3016 703 3272 760 fructum
3331 709 3600 777 requirit.

1958 785 2225 841 Joacbim
2252 804 2386 843 vero
2421 793 2479 842 et
2506 790 2677 844 Anna
2704 788 2965 846 fructum
3019 798 3297 863 quierunt
3324 795 3600 851 humanm

1958 875 2185 941 formas,
2219 881 2278 930 et
2328 892 2461 931 ecce
2525 878 2856 949 suscipiunt
2885 883 3174 937 concham
3203 885 3280 954 (7)
3312 901 3444 954 qua;
3475 884 3605 940 sine

1962 964 2190 1020 semine
2222 964 2520 1020 caelestem
2553 966 2717 1022 illam
2743 984 2810 1023 ac
2849 970 3345 1040 pretiosnssimam
3377 989 3607 1046 marga-

1962 1055 2159 1123 ritam,
2193 1055 2491 1110 Christum
2520 1072 2736 1128 nempe
2794 1063 2977 1114 Deum
3035 1066 3327 1131 nostrum,
3371 1068 3460 1115 est
3480 1061 3604 1116 edi-

1962 1151 2115 1200 tura.
2148 1145 2294 1199 Ecce
2315 1144 2579 1199 loacbim
2614 1151 2673 1199 et
2696 1148 2886 1212 Anna,
2908 1146 3009 1203 ille
3037 1147 3279 1218 quidem
3309 1150 3371 1203 in
3405 1155 3607 1204 monte

1957 1234 2265 1306 jejunans,
2297 1233 2423 1288 haec
2456 1249 2592 1288 vero
2647 1234 2708 1288 in
2757 1234 2927 1290 horto
2986 1237 3176 1292 multa
3222 1255 3395 1309 prece
3422 1240 3607 1293 Deum

1966 1340 2237 1391 exorans,
2270 1322 2542 1378 obtinent
2566 1325 3008 1395 receptaculum
3048 1326 3212 1382 illius
3243 1328 3343 1397 qui
3374 1333 3608 1383 montes

1966 1412 2295 1480 constituit,
2327 1417 2386 1466 et
2430 1412 2653 1483 plantis
2704 1413 2941 1469 hortum
2976 1415 3298 1472 exornavit.
3344 1417 3490 1471 Ecce
3548 1417 3609 1471 in

1968 1503 2139 1557 horto
2172 1502 2243 1556 de
2275 1501 2443 1556 horto
2493 1502 2595 1556 illo
2650 1503 2893 1574 antiquo
2935 1503 3279 1558 hominibus
3307 1503 3609 1559 reddendo

1969 1591 2171 1646 laatum
2199 1591 3012 1662 nuntium(exauditur).Ecce
3040 1591 3233 1646 luctus
3258 1592 3317 1645 in
3331 1592 3610 1663 gaudium

1970 1697 2292 1736 conversus
2323 1686 2506 1735 estet
2533 1679 2955 1736 lamentatioin
2976 1681 3611 1737 exsultationem.Ecce

1968 1771 2221 1843 gemitus
2236 1776 2293 1824 et
2305 1770 2580 1842 lacrymze
2596 1771 3275 1844 temporariae,gaudium
3290 1772 3613 1843 vero,quod

1973 1858 2165 1913 verbis
2188 1859 2452 1913 enarrari
2484 1876 2603 1913 non
2637 1859 2842 1930 possit,
2879 1860 2939 1914 in
2990 1860 3208 1916 saecula
3253 1877 3611 1933 permansu-

1971 1965 2102 2004 rum
2129 1950 2218 2019 (8).
2256 1950 2401 2003 Ecce
2430 1948 2814 2019 opprobrium
2848 1950 3218 2019 (sterilitatis)
3264 1950 3563 2006 sublatum
3597 1970 3611 2019 ;

1972 2055 2108 2093 ecce
2134 2038 2355 2093 donum
2389 2039 2548 2108 quod
2574 2037 2791 2093 auferri
2824 2054 2945 2094 non
3000 2045 3216 2111 potest,
3265 2041 3382 2094 Deo
3450 2039 3616 2094 obla-

1971 2132 2120 2191 tum,
2155 2132 2211 2180 et
2240 2127 2302 2181 in
2335 2132 2500 2181 utero
2533 2127 2845 2181 continens
2876 2128 3189 2199 Deum,qui
3211 2128 3616 2183 circumscribi

1972 2233 2091 2270 non
2121 2220 2334 2287 potest.
2376 2217 2522 2270 Ecce
2571 2220 2629 2270 et
2657 2216 2839 2271 Isaias
2868 2216 3127 2288 ligneam
3159 2234 3404 2286 serram,
3439 2222 3497 2272 et
3523 2218 3617 2271 Je-

1973 2303 2190 2359 remias
2221 2304 2543 2358 cisternam
2572 2320 2890 2371 caenosam,
2924 2310 2982 2359 et
3013 2306 3218 2360 Daniel
3249 2305 3620 2372 leones,ma—

1972 2392 2391 2466 gnasqueillas
2446 2392 2861 2448 tribulationes
2906 2393 3189 2449 oblivioni
3247 2394 3623 2449 tradiderunt

1973 2499 2039 2538 ac
2070 2499 2175 2554 pro
2204 2481 2392 2536 nihilo
2425 2481 2669 2550 habent,
2701 2483 2900 2538 animo
2949 2482 3281 2538 recolentes
3324 2500 3432 2539 sua
3460 2484 3619 2554 ipso-

213 2595 353 2635 rum
383 2576 679 2649 prmconia
707 2574 1088 2630 veracissima
1120 2578 1332 2630 eventu
1362 2573 1547 2628 fuisse
1578 2573 1959 2645 comprobata
1989 2574 2080 2644 (9).
2122 2572 2202 2625 De
2258 2570 2432 2626 beata
2482 2572 2702 2627 etenim
2752 2575 2926 2628 Anna
2966 2573 3093 2644 ipse
3152 2588 3388 2645 quoque
3440 2573 3621 2628 lsaias

221 2668 443 2723 clamat
476 2682 496 2722 :
525 2668 751 2731 Laetare,
783 2664 984 2720 sterilis
1009 2679 1131 2734 quae
1162 2680 1269 2719 non
1294 2665 1451 2734 paris
1482 2663 1566 2733 (ι).

298 2752 438 2812 Ἰδοὺ
467 2753 616 2822 καὶὴ
650 2746 848 2829 ῥάϐδος
896 2751 1110 2825 Ἀαρὼν
1168 2753 1203 2819 ἡ
1267 2749 1617 2826 βλαστήσασα
1669 2748 1721 2804 ὲν
1798 2753 1867 2823 τῇ

225 2837 449 2915 κιϐωτῷ
543 2844 611 2915 τῇ
708 2843 966 2904 πάντοθεν
1063 2837 1582 2915 περικεκαλυμμένῃ
1656 2838 1869 2914 χρυσίῳ

217 2934 535 3010 κρύπτεται.
570 2932 671 2989 Καὶ
721 2930 842 2987 ἰδοὺ
910 2929 1056 3002 ἄλλη
1110 2925 1312 3008 ῥάϐδος
1371 2927 1659 3007 βλαστάνει
1691 2928 1871 3003 ἄτμη-

217 3044 313 3085 τος
341 3023 429 3078 καὶ
456 3022 874 3097 ἀνερμήνευτος.
904 3020 1001 3075 Καὶ
1078 3022 1124 3058 ²⁰
1205 3017 1384 3083 οὐδεὶς
1430 3019 1729 3095 ἀνθρώπων
1789 3019 1867 3082 εἷς

224 3111 349 3168 ὁδὸν
391 3111 650 3186 βαστάσαι
702 3107 943 3164 δύναται·
1001 3108 1138 3177 αὐτὴ
1206 3106 1263 3163 δὲ
1321 3104 1605 3163 ἐϐάστασεν
1656 3108 1747 3163 τὸν
1803 3109 1870 3163 τά

2049 2754 2197 2808 Ecce
2227 2757 2287 2807 et
2315 2750 2566 2805 Aaronis
2593 2750 2773 2822 virga,
2822 2766 2953 2820 quae
3006 2750 3228 2816 floruit,
3262 2750 3323 2804 in
3354 2766 3491 2805 arca
3512 2767 3624 2806 un-

1979 2842 2290 2913 dequaque
2322 2855 2465 2894 auro
2498 2839 2881 2893 circnmtecta
2899 2838 3226 2910 reponitur.
3262 2840 3478 2893 Etecce
3505 2839 3623 2895 alia

1978 2932 2138 3003 virga
2159 2930 2351 2996 floret,
2374 2945 2494 2982 non
2518 2928 2708 2983 incisa
2738 2944 2933 2998 neque
2958 2929 3219 2983 humano
3244 2944 3516 2983 sermone
3537 2928 3621 2983 ef-

1978 3020 2197 3075 fabilis.
2232 3021 2301 3073 Et
2331 3034 2505 3072 nemo
2538 3017 2849 3072 hominum
2880 3033 3009 3071 eam
3066 3022 3294 3088 gestare
3352 3016 3414 3070 in
3468 3017 3621 3072 viam

1978 3114 2173 3182 potest
2202 3126 2215 3174 ;
2248 3107 2379 3179 ipsa
2409 3123 2541 3162 vero
2570 3123 2704 3161 eum
2734 3106 2999 3179 gestavit,
3032 3106 3133 3176 qui
3176 3110 3371 3177 portat
3399 3105 3621 3174 omnia,

216 3202 391 3258 πάντα
425 3200 777 3275 βαστάσαντα,
823 3199 915 3254 τὸν
965 3197 1267 3254 ἐκτείναντα
1320 3198 1410 3253 τὸν
1464 3196 1686 3273 ούρανὸν
1738 3196 1861 3253 ὡσεὶ

1982 3199 2083 3271 qui
2113 3197 2355 3252 extendit
2382 3197 2571 3252 castum
2590 3198 2729 3251 sicut
2744 3195 2946 3266 pellem
2976 3196 3079 3267 (h),
3102 3196 3272 3267 cujus
3296 3212 3487 3251 manus
3506 3197 3626 3250 ari-

219 3289 403 3368 δέρβιν
436 3291 503 3358 ²¹ν
536 3289 598 3344 οὗ
630 3290 685 3343 αἱ
718 3292 901 3364 χεῖρες
935 3288 983 3324 ³2
1009 3288 1108 3355 τήν
1131 3287 1287 3362 ξηρὰν
1322 3284 1581 3344 ἔπλασαν.

291 3381 368 3437 E‘.
402 3380 467 3432 Ὠ
487 3381 584 3433 τοῦ
616 3376 892 3450 θαύματος
927 3378 939 3433 l
974 3377 1002 3430 6
1031 3374 1200 3431 πάλαι
1257 3376 1351 3431 τὸν
1408 3377 1609 3455 Ἰωσὴφ
1643 3374 1870 3441 θανάτου

219 3467 527 3545 ῥυσάμενος
559 3466 648 3521 καὶ
704 3470 903 3540 πικροῦ
957 3464 1127 3539 λιμοῦ
1182 3465 1274 3520 τὸν
1328 3466 1553 3540 πατέρα,
1608 3466 1694 3520 καὶ
1742 3465 1871 3528 τοὺς

218 3556 495 3635 ἀδελφοὺς
543 3553 931 3629 ἐλευθερώσας,
992 3556 1019 3609 6
1079 3552 1286 3610 Ἰούδας
1346 3553 1661 3624 ὀνειδίζεται
1742 3556 1755 3611 l
1806 3556 1871 3611 Ἠ

222 3644 537 3717 ζηλοτυπία
554 3648 662 3698 τῶν
679 3641 932 3721 ἀδελφῶν
951 3642 1176 3719 βασιλέα
1203 3644 1293 3698 τὸν
1328 3645 1592 3718 ²³Ἰωσὴφ
1613 3645 1868 3714 ἤνθησενο

218 3735 287 3790 τὸ
322 3731 381 3788 δὲ
421 3733 635 3809 σπέρμα
679 3736 778 3787 τοῦ
840 3729 1017 3787 Ἰούδα
1056 3731 1420 3809 φθονούμενον
1479 3730 1570 3786 καῖ
1621 3728 1878 3800 ὀνειδιζόο

222 3844 388 3897 μενον
423 3822 527 3877 ὑπὸ
556 3825 655 3877 τοῦ
682 3819 991 3896 σπέρματος
1033 3825 1129 3875 τοῦ
1158 3817 1391 3894 Ῥουϐὶμ
1423 3818 1741 3897 βασίλισσαν
1770 3841 1875 3876 πα-

218 3914 431 3992 ρθὲνον,
462 3913 554 3968 καὶ
589 3910 817 3989 βασιλὲα
846 3911 1069 3967 αἰώνιον
1101 3907 1459 3983 ἐϐλάστησεν.

296 4015 367 4085 (j)
383 4015 458 4069 Is.
482 4030 588 4081 ων,
623 4016 674 4071 1.
706 4012 784 4084 (k)
815 4013 970 4068 Psal.
1006 4029 1123 4082 cm,
1155 4014 1207 4070 3.
1240 4012 1305 4083 (Ι)
1336 4012 1490 4069 Psal.
1524 4029 1671 4081 xcrv,
1696 4016 1748 4068 5.

1980 3287 2105 3342 dam
2133 3290 2511 3355 formaverunt
2543 3286 2626 3356 (l).

2053 3378 2116 3431 V.
2150 3376 2193 3431 Ο
2225 3392 2351 3431 rem
2382 3374 2557 3446 plane
2616 3373 3029 3429 admirandam
3063 3373 3075 3428 l
3124 3372 3302 3428 ludas
3348 3373 3472 3439 ille,
3523 3373 3624 3443 qui

1983 3465 2127 3521 olim
2156 3465 2476 3536 Joseplium
2509 3480 2540 3517 e
2573 3468 2761 3518 morte
2790 3464 3029 3535 eripuit,
3063 3468 3121 3518 et
3141 3468 3367 3535 patrem
3386 3462 3630 3518 fratres—

1984 3571 2098 3626 que
2123 3572 2153 3609 e
2175 3554 2318 3609 diris
2348 3554 2523 3609 famis
2555 3553 2840 3625 angustiis
2871 3553 3161 3620 liberavit,
3192 3553 3289 3607 hic
3319 3558 3631 3608 contume-

1983 3643 2080 3698 liis
2102 3643 2394 3698 afficiturl
2429 3644 2503 3696 At
2529 3643 2778 3697 fratrum
2806 3642 3026 3697 invidia
3049 3643 3367 3713 Josephum
3426 3642 3486 3696 in
3535 3658 3627 3696 re-

1984 3749 2115 3805 gem
2145 3732 2438 3804 promovit
2468 3749 2482 3798 ;
2514 3737 2689 3803 atque
2722 3748 2927 3788 semen
2966 3730 3129 3787 Iuda)
3159 3748 3193 3787 a
3244 3730 3504 3787 Rubenis
3537 3748 3631 3786 se-

1986 3822 2146 3877 mine
2176 3822 2463 3877 invidiose
2485 3838 2758 3894 pressum
2790 3838 2857 3877 ac
2880 3822 3111 3894 probris
3128 3820 3632 3893 afﬂictum,Virgi-

1986 3930 2125 3970 nem
2155 3913 2420 3985 reginam
2452 3930 2520 3969 ac
2555 3930 2749 3986 regem
2783 3918 3072 3969 aeternum
3107 3911 3356 3985 protulit
3386 3910 3520 3983 (10).

1594 4112 1828 4166 νΑΒΙΕ
1874 4112 2268 4168 LECTIONES.

301 4198 348 4235 ¹³
372 4201 517 4254 Cms.
548 4201 613 4254 Α.
648 4195 893 4322 φορτίον,
926 4197 1039 4253 vid.
1079 4197 1326 4273 φορτίου·
1360 4200 1431 4255 ab
1467 4199 1591 4272 ipso
1614 4199 1783 4255 abest
1811 4196 2218 4271 δαπανώμενον.
2249 4200 2289 4236 ¹⁴
2320 4202 2461 4256 Cres.
2496 4204 2561 4257 Α.
2613 4196 2878 4271 ἀποδοθῇ.
2918 4201 2962 4235 ⁸⁵
3029 4200 3195 4253 Barb.
3263 4194 3636 4271 ἀγαλλείασιν.

305 4272 447 4322 Caes.
477 4273 544 4322 A.
578 4269 717 4322 άναω
752 4288 899 4322 στιον
932 4271 1013 4322 (ll.
1047 4272 1254 4322 Cmteri
1288 4290 1393 4322 nro
1425 4270 1772 4322 ἀναιοὲοετον.
1801 4270 1845 4304 ¹⁷
1876 4272 2019 4322 Cms.
2056 4282 2122 4322 A.
2158 4270 2405 4322 λὲΛυθεν.
2463 4276 2550 4322 An
2605 4273 2754 4322 forte
2814 4269 3014 4322 λέλγθε
3043 4272 3068 4322 ‘?
3119 4272 3161 4305 ¹³
3205 4271 3636 4322 Conm‘uentius

216 4271 271 4306 ιδ
305 4272 544 4344 Casta.
578 4269 717 4344 ἀτάρ

752 4288 899 4339 ρτιον
932 4271 1015 4344 (1).
1047 4269 1254 4344 Cipteri
1288 4290 1393 4343 pro
1425 4269 1772 4344 ἀναφέρετον.
1801 4270 1845 4304 ¹⁷
1876 4269 2122 4326 Οωε.Ἀ.
2158 4270 2405 4326 λὲΛυθεν.
2463 4276 2550 4325 An
2604 4273 2754 4326 forte
2814 4269 3014 4337 λέληθε
3043 4272 3068 4325 Ῠ
3119 4272 3161 4305 ¹³
3205 4269 3637 4344 Congruentius

218 4342 462 4415 syntaxi
495 4344 592 4394 τοῦ
624 4336 831 4415 λάκκου
862 4336 1310 4415 τοῖ’)’βορϐὀρουξ
1330 4344 1475 4415 (lips.
1511 4336 1575 4399 Ᾰ.
1598 4336 1696 4397 τοῦ
1729 4339 1963 4415 λάκκου,
1992 4344 2039 4376 ‘9
2069 4344 2311 4415 Codices
2334 4350 2391 4397 et
2420 4344 2515 4398 hic
2540 4350 2599 4397 et
2620 4344 2759 4415 alibi
2792 4336 3135 4415 constanter
3167 4336 3367 4415 στεῖροῖ.
3408 4342 3454 4375 ²⁰
3486 4343 3633 4396 Loco

214 4408 343 4483 καὶ,
374 4415 522 4467 Cass.
557 4416 623 4467 A.
656 4413 836 4468 habet
871 4408 964 4480 ἤν.
994 4408 1042 4449 ῖί
1065 4408 1245 4470 Βᾶᾶ).
1289 4410 1516 4489 δέῥρειν.
1552 4415 1600 4449 ²²
1630 4415 1799 4471 Barb.
1830 4415 1890 4467 ού
1917 4414 1972 4467 αἱ
2004 4418 2238 4488 χεῖραις.
2272 4414 2317 4448 ²³
2347 4417 2491 4471 Caas.
2529 4423 2594 4468 A.
2651 4413 2930 4487 βασιλείαν
2966 4417 3044 4484 τῷ
3092 4408 3312 4489 Ἰωσηιρ.

1835 4513 2055 4567 NOTAE.

224 4599 429 4672 Mariae
456 4599 635 4672 igitur
666 4599 1123 4672 aedificationem
1152 4616 1257 4655 seu
1286 4601 1885 4672 conceptionemideo
1920 4604 1963 4668 Ι)

226 4670 501 4727 solemni
527 4670 690 4725 cultu
723 4670 903 4726 fuisse
924 4672 1305 4740 celebratam,
1341 4670 1491 4742 quia
1509 4689 1578 4726 ex
1609 4673 1885 4727 Ecclesia)

227 4758 420 4799 sensu
454 4742 766 4797 sanctitate
827 4749 884 4797 et
940 4743 1195 4810 puritate
1254 4743 1551 4816 refulgens
1601 4743 1884 4799 credeba-

221 4821 350 4870 tur.

305 4885 395 4959 (Ἰ)⁸
428 4885 730 4959 Frequens
803 4886 894 4959 S_S.
950 4885 1224 4941 Patribus
1282 4884 1412 4949 fuit,
1468 4888 1527 4940 Β.
1586 4886 1883 4959 Virginem

217 4956 472 5029 concha:
503 4972 572 5009 ea
598 4955 776 5010 etiam
809 4956 880 5010 de
913 4974 1090 5012 causa
1117 4958 1648 5028 comparare,quod
1681 4955 1882 5029 opinio

216 5036 372 5083 tunc
404 5028 678 5093 ferretur,
713 5029 1074 5100 concharum
1109 5029 1417 5100 proprium
1472 5046 1600 5083 esse
1652 5028 1735 5083 uti
1763 5048 1883 5084 non

218 5116 258 5156 ε
289 5105 563 5169 suscepto
597 5099 845 5154 semine.
886 5101 988 5155 sed
1020 5117 1151 5154 rore
1186 5117 1215 5154 ρ
1247 5100 1392 5155 caelo
1425 5100 1486 5154 in
1511 5100 1749 5155 easdem
1782 5102 1885 5156 de-

215 5173 422 5241 lapso,
456 5172 809 5242 margaritas
841 5188 947 5226 ceu
979 5171 1207 5242 prolem
1240 5172 1596 5242 proferrent.

300 5243 391 5311 (8)
408 5242 527 5315 Nisi
560 5242 710 5315 forte
744 5243 895 5297 hanc
927 5242 1237 5315 periodum
1263 5242 1501 5315 sublato
1523 5243 1883 5315 praecedenti

271 5310 451 5396 uncto
622 5314 818 5396 legas.
856 5331 869 5368 :
927 5310 1017 5368 καὶ
1079 5312 1376 5396 στεναγμὸς
1417 5310 1540 5396 καῖ
1580 5310 1884 5386 πρόσκαιρα

217 5329 451 5439 gunoto
510 5329 591 5368 ιιει
636 5329 795 5386 legas
856 5331 869 5368 :
929 5334 1017 5368 και
1079 5333 1375 5396 στεναγμος
1419 5333 1507 5366 και
1580 5332 1884 5386 ποοσκαιρα

266 5381 439 5459 άκρυα
471 5382 545 5444 εἲς
576 5384 675 5450 τὴν
726 5383 945 5438 αἰώνιον
1004 5386 1177 5459 χαράν
1232 5383 1626 5453 ανεκλάλητον,
1685 5393 1735 5441 et
1790 5404 1884 5455 ge-

223 5458 398 5513 mitus
427 5471 491 5509 ac
522 5459 867 5527 temporariae
900 5458 1152 5527 lucri/ma:
1183 5475 1450 5513 conversae
1478 5465 1605 5513 sunt
1649 5460 1704 5512 in
1736 5476 1882 5512 sem-

222 5528 515 5600 piternum
545 5529 833 5596 gaudium.
866 5531 1014 5598 quod
1042 5530 1216 5584 verbis
1246 5532 1501 5584 enarrari
1546 5547 1655 5584 non
1680 5536 1880 5599 potest.

229 5597 313 5655 At
341 5597 515 5653 lectio
539 5616 716 5669 quam
746 5597 1121 5667 retinuimus,
1181 5601 1516 5656 communis
1578 5597 1880 5656 est—codd.

231 5678 367 5725 tum
399 5670 570 5725 Barb.
602 5676 726 5726 tum
762 5672 931 5727 Vind.
957 5673 1099 5727 Caes.

2063 4600 2141 4671 (9)
2170 4602 2315 4656 Cass.
2347 4604 2413 4657 A.
2448 4601 2509 4656 in
2540 4602 2726 4674 altera
2756 4601 3032 4674 pericope
3063 4602 3229 4657 addit
3284 4602 3635 4674 particulam

1996 4668 2335 4740 negantem.
2370 4678 2429 4728 et
2457 4674 2541 4728 sic
2572 4673 2713 4740 legit
2738 4668 2775 4727 ε’
2803 4668 2921 4726 ἰδοὺ
2960 4668 3203 4734 ’Ἢσαῒας
3260 4668 3485 4737 Α’ἑλυθεν
3518 4670 3636 4740 (λέ-

1998 4690 2071 4727 ne
2113 4690 2335 4733 amem.
2370 4690 2429 4728 et
2457 4690 2541 4728 διο
2572 4690 2625 4728 te
2668 4690 2751 4728 ηε
2805 4690 2921 4726 ιοου
2979 4690 3203 4734 ’ῌσαῖας
3260 4690 3485 4737 ΛεΛυθεν
3518 4690 3636 4740 (Αε-

1998 4690 2160 4818 ληὲε)
2185 4743 2529 4818 τού-ξυλίνου
2559 4690 2797 4818 πρᾷονοι,
2824 4743 2917 4818 καὶ
2970 4745 3235 4818 Ἱερεμίας
3288 4749 3386 4800 τοῦ
3432 4744 3637 4818 λάκκου

1997 4809 2104 4867 τῶν
2139 4809 2444 4941 βορϐόρων,
2495 4809 2612 4869 καῖ’
2645 4809 2847 4884 Δανιὴό
2894 4819 3001 4868 τῶν
3044 4809 3316 4872 ’λεόντων
3379 4817 3469 4873 καὶ
3527 4820 3636 4870 τῶν

1997 4885 2136 4941 μεγά
2180 4909 2252 4939 ων
2312 4885 2566 4941 θλτεώεων
2647 4889 2781 4941 lvid.
2843 4885 3103 4941 θλίψεων)
3160 4888 3371 4941 ἐκείνων
3457 4888 3636 4941 οὐκέτι

1997 4885 2275 4960 μεγάλων-
2312 4885 2566 4959 θλτςψεων
2647 4889 2781 4960 (vid.
2843 4885 3103 4960 θλίψεων)
3160 4888 3371 4943 ἐκείνων
3415 4888 3636 4960 ,οὐκέτι

1997 4956 2457 5035 μνημονεύουσιν,
2540 4961 2636 5035 τοῦ
2719 4956 2985 5035 ἄψευδοῦς
3056 4956 3233 5014 αὐτῶν
3285 4958 3639 5035 κηρύγματος

1993 5030 2385 5106 πληρουμένου
2443 5030 2567 5097 περὶ
2616 5037 2719 5097 τῆς
2767 5030 3034 5106 μακαρίας
3062 5030 3640 5106 “ᾼννης.Εὸοε’18ιιὶαε

1993 5103 2195 5157 oblitus
2225 5110 2301 5157 est
2335 5104 2534 5171 lignea’
2570 5120 2752 5173 serrae,
2814 5111 2867 5158 et
2917 5103 3181 5159 Jercmias
3229 5107 3478 5159 cisternae
3535 5121 3637 5158 cae-

1991 5190 2155 5239 nosas,
2184 5181 2234 5227 et
2258 5175 2451 5228 Daniel
2483 5174 2696 5247 leonum
2727 5192 2747 5235 ;
2766 5246 2773 5247 ί
2792 5192 2970 5247 neque
3018 5180 3375 5231 meminerunt
3405 5178 3639 5246 amplius

1991 5262 2319 5314 magnarum
2350 5247 2573 5299 illarum
2606 5246 3045 5318 tribulatiOnum,
3097 5254 3392 5318 postquam
3451 5250 3640 5302 certis-

1991 5320 2130 5371 sima
2162 5319 2300 5386 ipso:
2314 5333 2404 5370 um
2429 5317 2714 5386 praeconia
2745 5318 2811 5371 de
2843 5320 3001 5373 beata
3031 5317 3196 5375 Anna
3252 5326 3444 5373 eventu
3503 5336 3643 5373 com-

1986 5388 2141 5463 pleta
2168 5394 2313 5463 sunt.
2352 5390 2637 5463 Praeterea
2666 5389 2849 5443 codex
2881 5390 3049 5444 Barb.
3081 5388 3144 5463 τὸ
3201 5388 3325 5463 περὶ
3374 5395 3473 5457 τῆς
3536 5409 3641 5461 μα-

1991 5458 2183 5529 καρίας
2214 5459 2413 5525 Ἀννης
2434 5459 2637 5532 jungit
2665 5477 2794 5514 cum
2828 5461 3231 5532 sequentibus.

2064 5528 2169 5603 (19)
2194 5532 2326 5585 Haec
2356 5528 2451 5603 ita,
2469 5528 2643 5600 paulo
2666 5528 3218 5603 aliter‘in_Caas.A.T6
3241 5528 3297 5586 δὲ
3312 5532 3526 5603 σπέρμα
3542 5534 3639 5603 τοῦ

1994 5598 2172 5655 Ἰούδα
2203 5598 2565 5679 φθονούμλεξνον
2586 5602 2687 5679 *καὶ
2721 5599 3121 5679 ρνειδιζὸμενον
3158 5605 3290 5679 ὑπὲρ
3347 5598 3461 5659 τοῖῗ
3483 5602 3635 5679 σᾳπέ-ρ·

1996 5692 2165 5744 ματος
2193 5666 2291 5727 τοῦ
2316 5666 2551 5746 Ῥωϐίμ.
2586 5672 2673 5743 Ἐξ
2725 5666 2921 5731 Ἰούδσί
2951 5666 3217 5751 παρθένος
3262 5666 3636 5750 καὶκβασιλεῦς
