4048 6210
382 335 518 392 1471

1698 334 2007 389 JOANNIS
2044 333 2473 390 BUBCEENSIS

3652 332 3793 388 H72

376 460 520 517 sicut
545 477 692 532 aqua
722 477 790 517 ea:
817 461 971 516 alveo
999 475 1098 516 suo
1147 459 1427 530 difﬂuens,
1477 475 1588 514 non
1638 457 1867 514 ebullias
1888 475 1909 519 ;
1938 474 2028 513 as-

2144 450 2275 526 ίϐης
2303 455 2404 531 γὰρ
2453 454 2542 511 ἐπὶ
2596 456 2788 526 κοίτην
2833 454 3044 530 πατρός
3095 475 3211 512 σου’
3254 457 3379 512 τότε
3431 456 3590 530 ἐμίας
3621 458 3671 494 ⁸³
3697 460 3794 528 τήν

383 554 615 608 cendisti
643 553 787 607 enim
830 551 1006 606 cubile
1037 554 1217 622 patris
1250 554 1353 619 tui,
1397 557 1527 606 tunc
1566 550 1859 605 maculasti
1885 555 2032 604 stra-

384 648 497 697 tum
527 645 585 696 in
615 641 765 711 quod
792 641 1087 696 ascendisti
1108 642 1202 711 (s).

400 758 404 764 λ
454 734 598 786 Ecce
630 731 811 803 igitur
839 732 967 801 ipse
1009 729 1187 784 lacob
1229 730 1291 784 in
1323 729 1739 785 benedictione
1772 729 2031 784 ﬁliorum

382 838 626 877 suorum
678 819 1054 882 vaticinatur,
1103 818 1438 874 immortale
1487 834 1734 889 regnum
1767 834 1838 872 ex
1884 818 2034 872 Juda

382 909 675 965 oriturum
703 909 830 977 (20).
862 908 944 962 Tu
974 923 1113 961 vero
1137 908 1368 978 justum
1397 924 1427 962 e
1460 907 1681 978 templo
1710 905 1903 962 abibis
1930 906 1958 961 ?
1988 907 2031 962 Ο

380 1014 516 1053 vere
546 996 894 1053 Rubenitica
926 996 1181 1052 stultitia
1210 1002 1387 1068 atque
1420 996 1642 1052 invidia
1670 996 1915 1068 dignum
1947 994 2035 1051 fa-

384 1088 553 1143 cinus
578 1086 590 1141 ί

458 1177 599 1231 VIII.
633 1176 778 1230 Cum
808 1175 988 1248 igitur
1020 1175 1221 1247 justus
1264 1175 1528 1231 Joachim
1581 1173 1896 1230 duodecim
1928 1173 2030 1228 tri-

383 1265 494 1321 bus
524 1264 761 1321 lsraelis
792 1264 1232 1337 perlustrasset,
1260 1271 1317 1319 et
1336 1265 1435 1336 qui
1463 1264 1791 1320 liberorum
1821 1279 2032 1335 expers

383 1360 560 1422 esset,
594 1355 780 1410 alium
811 1355 1136 1427 reperisset
1165 1355 1504 1420 neminem;
1549 1354 1753 1409 dolore
1783 1369 2032 1424 oppres-

382 1461 482 1499 sus
514 1444 574 1498 in
602 1449 864 1499 montem
888 1461 949 1499 se
972 1445 1288 1515 recipiens.
1323 1445 1587 1499 sinceras
1615 1443 1698 1498 ibi
1728 1458 1936 1515 preces
1957 1440 2031 1496 ad

382 1534 569 1588 Deum
599 1532 813 1589 fundit.
847 1536 1019 1587 Anna
1049 1533 1291 1588 interim
1321 1532 1481 1588 domi
1507 1549 1638 1587 sese
1668 1531 2030 1599 continebat,

383 1628 560 1693 atque
592 1622 787 1689 ambo,
822 1624 1072 1678 scorsim
1107 1624 1379 1694 quisque,
1410 1622 1686 1695 precibus
1723 1622 2029 1688 insistunt,

384 1729 676 1783 suumque
710 1713 975 1785 ipsorum
1022 1719 1251 1786 patrem
1293 1713 1569 1769 Davidem
1619 1713 1941 1777 imitantes,
1976 1715 2035 1766 et

2139 546 2431 619 στρωμνὴν
2465 545 2542 608 εἷς
2573 544 2641 615 ἢν
2673 541 2892 616 ἀνέϐης.

2211 720 2352 780 Ἰδοὺ
2383 723 2477 779 οὗν
2520 722 2678 786 αὐτὸς
2707 725 2736 778 6
2766 719 2961 780 Ἰακὼὸ
3010 722 3064 779 ὲν
3112 727 3181 798 τῇ
3225 722 3451 799 εὐλογίᾳ
3494 729 3607 781 τῶν
3662 726 3791 780 υἱῶν

2138 813 2310 868 αὐτοῦ
2353 812 2687 887 προφητεύει
2735 812 2860 888 περὶ
2924 819 3026 882 τῆς
3091 813 3356 868 ἀθανάτου
3410 814 3697 888 βασιλείας
3744 815 3792 889 ἐξ

2137 902 2152 927 ι
2228 898 2279 921 In
2544 901 2559 921 ι
2728 901 2743 919 9
3173 901 3189 920 ο
3272 902 3285 919 ι
3389 903 3402 919 ι
3498 901 3547 921 δι
3744 904 3757 921 ιι

2158 904 2316 959 Ιουοα
2349 899 2667 974 μελλούσης
2717 900 3059 960 ανατὲλλειν.
3093 908 3191 956 Και
3239 923 3302 957 συ
3348 924 3441 957 τον
3494 922 3710 957 οικαιον
3740 925 3798 959 εκ

2136 990 2232 1047 τοῦ
2258 994 2391 1046 ναοῦ
2420 989 2741 1054 ἀπελαύνεις
2775 1010 2791 1061 ;
2828 992 2893 1046 Ὠ
2922 989 3077 1053 δντος
3113 998 3217 1061 τῆς
3247 992 3295 1027 ⁴⁴
3324 987 3561 1065 Ῥουϐὶμ
3610 992 3799 1055 ἀνοίας

2136 1081 2226 1136 καὶ
2258 1079 2461 1158 φθόνου
2486 1080 2550 1135 τὸ
2580 1081 2727 1156 παρὰ
2757 1084 2854 1136 σοῦ
2881 1080 3211 1154 τελούμενον
3237 1082 3249 1137 l

2211 1170 2293 1228 11⁸.
2374 1168 2816 1245 Παραγενόμενος
2900 1169 3076 1225 τοίνυν
3157 1172 3187 1225 6
3255 1168 3463 1233 δίκαιος
3539 1171 3803 1243 Ἰωακεέμ

2137 1259 2275 1334 πρὸς
2318 1257 2383 1313 τὸ
2437 1254 2823 1335 δωδεκάφυλον
2872 1263 2970 1313 τοῦ
3018 1258 3271 1331 Ἰσραὴλ,
3326 1260 3417 1314 καὶ
3480 1262 3560 1333 μή
3624 1260 3800 1335 εὑρὼν

2135 1343 2319 1421 ἕτερον
2377 1346 2636 1419 ἄτεκνον,
2695 1347 3046 1423 παραγίνεται
3109 1349 3245 1421 μετᾶ
3303 1346 3549 1421 θλίψεως
3597 1349 3679 1410 είς
3737 1351 3799 1404 τὸ

2138 1431 2263 1511 ὄρος
2297 1433 2549 1490 ἱκετεύων
2591 1433 2685 1490 τᾶν
2730 1436 2858 1491 Θεὸν
2906 1436 3243 1511 εἰλικρινῶς.
3293 1437 3354 1492 'H
3401 1434 3458 1492 δὲ
3514 1444 3697 1493 Ἀννα
3744 1437 3795 1493 ἐν

2134 1529 2216 1597 τῷ
2272 1522 2411 1596 οἴκῳ
2452 1524 2521 1593 ἦν
2551 1524 2850 1602 ἀμφότεροι
2910 1522 2967 1580 δὲ
3022 1527 3140 1580 καθ’
3196 1524 3419 1589 ἑαυτοὺς
3474 1527 3801 1602 προσευχό-

2140 1634 2317 1687 μενοι,
2345 1614 2437 1668 τὸν
2477 1612 2680 1688 πατέρα
2729 1613 2906 1669 αὐτῶν
2940 1612 3102 1669 Δαυίδ
3156 1615 3519 1688 μιμούμενοι,
3549 1618 3617 1671 τὸ
3644 1620 3800 1689 ψαλ-

2141 1701 2298 1775 μικὸν
2331 1701 2501 1757 ἐκεῖνο
2545 1701 2738 1777 λόγιον
2783 1703 2874 1758 καὶ
2922 1703 3077 1759 αὐτοὶ
3135 1698 3432 1767 ἐκϐοῶντες
3462 1706 3529 1760 τὸ
3562 1710 3799 1783 φάσκον·

383 1803 497 1874 ipsi
530 1803 922 1859 inclamantes
963 1804 1111 1859 illud
1159 1804 1529 1876 psalmorum
1574 1807 1867 1874 usurpant
1895 1817 2029 1856 ora-

2144 1792 2228 1848 'Ev
2256 1790 2437 1866 θλίψει
2469 1789 2768 1856 ἔπλάτυνὰς
2806 1813 2891 1865 με,
2926 1792 3249 1869 οἷκτείρισόν
3286 1814 3376 1867 με,
3410 1794 3505 1849 καὶ
3539 1794 3801 1850 εἰσάκουο

384 1890 607 1959 culum,
640 1891 799 1961 quod
856 1892 1095 1962 inquit:
1126 1893 1191 1947 In
1240 1891 1601 1946 tribulatione
1649 1890 1900 1945 dilastati
1927 1906 2029 1957 me,

385 1982 579 2035 misere
608 1982 733 2047 mei,
758 1986 807 2035 et
837 1981 1043 2035 exaudi
1071 1982 1376 2034 orationem
1395 1997 1569 2035 meam
1603 1982 1641 2034 ¹.

455 2072 629 2125 Anna
657 2068 872 2124 deinde
923 2086 1057 2125 cum
1111 2069 1610 2124 animadverteret
1647 2068 1845 2124 mariti
1889 2084 2034 2123 cun-

384 2159 729 2224 ctationem,
762 2158 939 2229 cmpit
969 2162 1186 2227 questu
1226 2157 1551 2228 tranquillo
1602 2157 1941 2224 lamentari,
1977 2161 2036 2212 et

385 2264 588 2304 secum
618 2248 746 2317 ipsa
771 2247 882 2301 fari
906 2247 1112 2302 dicens
1137 2263 1151 2300 :
1183 2248 1450 2311 Quonam
1478 2247 1725 2302 secessit
1749 2247 1836 2300 vir
1866 2262 2035 2302 meus

381 2337 768 2392 charissimus
789 2335 817 2390 ?
837 2341 938 2391 aut
968 2352 1099 2406 quas
1132 2335 1475 2406 hujusmodi
1500 2352 1669 2391 mora
1686 2336 1713 2391 ‘I
1744 2340 2033 2406 quantum

380 2426 570 2492 video,
605 2425 1067 2496 haudquaquam
1091 2424 1233 2481 boni
1254 2425 1495 2480 ominis.
1531 2428 1681 2481 Num
1712 2426 1905 2482 adhuc
1930 2426 2033 2481 ille

382 2515 706 2587 perlustrat
754 2514 909 2569 ﬁlios
956 2513 1457 2585 lsrael,quaarens
1510 2520 1712 2570 utrum
1763 2532 1871 2570 nos
1921 2514 2032 2570 soli

378 2604 575 2659 fructu
605 2602 1014 2658 caruerimus?
1036 2602 1322 2673 Equidem
1342 2619 1476 2658 cum
1511 2603 1637 2658 hmc
1673 2610 2031 2672 versaretur,

384 2692 739 2763 mquanimis
766 2692 890 2762 ipse
925 2696 1051 2747 erat
1079 2708 1147 2747 ac
1176 2690 1442 2763 festivus,
1474 2707 1667 2763 neque
1698 2692 2033 2748 immodicas

384 2796 447 2836 se
473 2780 743 2836 tradebat
759 2780 1033 2835 tristitiae.
1059 2782 1203 2836 Nam
1234 2785 1516 2836 caeterum
1533 2785 1746 2853 potens
1769 2788 1859 2837 est
1880 2783 2034 2838 Deus

385 2870 487 2942 qui
518 2870 674 2925 Sara:
703 2874 979 2941 provecta
1000 2870 1128 2941 jam
1170 2869 1328 2925 ultra
1375 2874 1609 2941 tempus
1653 2875 1824 2926 astate
1872 2870 2036 2926 dedit

383 2962 675 3025 Isaacum,
708 2963 767 3012 et
794 2957 1072 3013 Rebecca;
1118 2957 1422 3023 Iacobum,
1469 2963 1527 3013 et
1572 2959 1812 3014 Racheli
1860 2960 2032 3015 Jose-

385 3049 594 3121 phum,
624 3052 683 3102 et
698 3050 881 3102 Annae
908 3047 1040 3119 conj
1052 3047 1147 3119 ugi
1170 3046 1403 3102 Elcanw
1426 3048 1776 3119 prophetam
1799 3048 2035 3105 Samue-

386 3138 527 3205 lem,
572 3141 633 3192 et
678 3136 917 3208 conjugi
976 3137 1183 3191 Manue
1244 3136 1572 3190 Sansonem
1630 3136 1800 3191 illum
1856 3139 2032 3193 Naza-

385 3243 593 3294 rmum,
629 3227 802 3293 Deus,
836 3226 1100 3296 inquam,
1137 3224 1240 3296 qui
1271 3224 1379 3279 hos
1420 3226 1683 3296 respexit
1712 3226 2033 3281 exaudivit-

383 3331 521 3387 que,
555 3319 765 3386 potens
798 3319 891 3369 est
936 3318 1138 3369 nostra
1183 3330 1420 3385 quoque
1467 3313 1763 3386 postulata
1792 3314 1985 3371 facere
2016 3331 2031 3371 :

381 3420 585 3460 verum
617 3418 795 3475 quam
827 3403 1075 3458 acerbus
1102 3419 1196 3457 me
1228 3407 1433 3458 manet
1461 3402 1653 3469 dolor,
1672 3404 1721 3458 si
1752 3409 2032 3460 caaterum

385 3511 507 3549 non
536 3493 712 3549 modo
744 3492 910 3564 prole
938 3508 1196 3559 caream,
1231 3492 1333 3547 sed
1364 3496 1423 3547 et
1450 3492 1640 3547 virum
1671 3493 1977 3549 amiserim
2007 3493 2036 3549 ?

386 3583 443 3639 Si
474 3599 715 3655 germen
743 3582 887 3636 mihi
920 3581 1161 3653 aliquod
1191 3582 1418 3648 afforet,
1450 3598 1572 3636 non
1603 3582 1750 3637 adeo
1779 3582 1929 3637 forte
1960 3582 2032 3638 de

387 3672 570 3742 stirpe
601 3670 924 3725 dolendum
955 3670 1100 3725 mihi
1133 3676 1323 3737 esset;
1366 3686 1568 3725 verum
1600 3672 1648 3726 si
1678 3677 2033 3743 praesentem

385 3777 546 3815 nunc
577 3776 713 3814 eum
761 3759 1066 3826 haberem,
1100 3760 1199 3830 qui
1233 3759 1379 3813 mihi
1435 3759 1505 3814 ab
1554 3760 1685 3832 ipsa
1722 3761 2033 3832 juventute

385 3848 638 3904 dilectus
668 3846 798 3914 fuit,
824 3848 952 3918 jam
975 3864 1168 3918 neque
1202 3846 1274 3902 de
1306 3848 1509 3903 sobole
1533 3866 1699 3921 spem
1729 3850 1906 3921 plane
1937 3850 2035 3904 ab-

375 3937 650 4010 jicerem.
684 3936 841 3992 Heul
873 3935 1015 4007 quid
1045 3935 1282 4002 faciam,
1317 3935 1555 3993 domine
1601 3938 1706 4005 mi,
1754 3956 1930 4011 quem
1962 3956 2034 3994 ex

382 4027 601 4084 affectu
628 4025 690 4080 in
722 4025 1035 4096 conjugem
1094 4025 1242 4079 mihi
1297 4024 1633 4097 delegeram
1660 4026 1687 4081 εἰ
1716 4027 1823 4082 Ubi
1872 4028 2033 4082 enim

381 4132 542 4173 nunc
570 4132 632 4171 es
660 4119 689 4171 ?
719 4131 795 4170 an
826 4115 977 4170 forte
1009 4120 1065 4169 te
1098 4113 1310 4186 lugebo
1341 4120 1408 4170 ut
1436 4122 1739 4171 mortuum
1770 4116 1798 4171 ?
1820 4118 2031 4171 Verum

383 4222 505 4261 non
531 4203 649 4257 vidi
690 4204 1029 4275 sepulcrum
1076 4207 1261 4257 tuum.
1324 4203 1540 4259 Saltem
1584 4209 1641 4260 te
1673 4210 2033 4276 exspectem,

384 4298 667 4364 tanquam
697 4308 941 4365 peregre
972 4291 1033 4346 in
1065 4291 1451 4364 longinquam
1499 4294 1804 4366 regionem
1836 4294 2031 4366 profe-

455 4491 517 4561 (ε)
550 4490 691 4547 Gen.
722 4506 876 4559 χιιι,
900 4490 954 4557 3,
987 4504 1104 4543 sec.
1139 4489 1311 4545 LXX.
1343 4490 1410 4562 (t)
1440 4490 1593 4545 Psal.
1628 4507 1699 4559 ιν,
1730 4494 1780 4562 1,
1810 4494 1866 4545 2.

2139 1902 2230 1936 σον
2260 1888 2362 1951 τῆς
2388 1887 2705 1957 προσευχῆς
2739 1902 2869 1955 μου.

2208 2060 2344 2117 Εἶτα
2422 2061 2800 2130 κατανοήσασα
2878 2062 3046 2118 ’Ἅννα
3118 2061 3219 2130 τὴν
3294 2059 3619 2137 βραδύτητα
3707 2068 3804 2117 τοῦ

2139 2148 2393 2204 συνεύνου
2423 2147 2491 2219 ⁴⁵,
2545 2146 2748 2221 ἤρξατο
2808 2150 2922 2203 καθ’
2982 2149 3175 2219 ἑαυτὴν
3229 2148 3465 2225 γαληνῷ
3507 2152 3556 2187 ⁴⁶
3613 2154 3806 2224 Θρήνφ

2135 2238 2448 2309 κόπτεσθαι,
2477 2238 2568 2293 καὶ
2598 2237 2776 2313 λέγειν
2802 2258 2816 2271 °
2849 2240 2950 2302 Τίς
2982 2241 3017 2308 ἡ
3050 2239 3404 2316 ἀναχώρησις
3429 2246 3517 2312 τῷ
3546 2241 3803 2319 φιλτάτῳ

2141 2348 2247 2402 μου
2292 2324 2491 2401 άνδρίς
2545 2326 2579 2397 ἧ
2634 2325 2720 2390 τίς
2749 2329 2784 2397 ἠ
2822 2324 3095 2404 βραδύτης
3145 2328 3331 2400 αὕτης
3380 2330 3459 2393 ὡς
3506 2332 3651 2405 ὁρῶ,
3707 2331 3807 2387 οὐκ

2137 2416 2333 2491 ἀγαθή.
2374 2418 2520 2478 Ἕως
2553 2414 2672 2491 ἄρτι
2720 2415 2850 2479 τοὺς
2906 2417 3253 2491 Ἰσραηλίτας
3300 2422 3554 2493 περιάγει
3610 2425 3790 2491 ζητῶν

2138 2505 2185 2561 εί
2215 2508 2381 2578 ἡμεῖς
2416 2505 2575 2578 μόνοι
2606 2504 2705 2560 οὐκ
2752 2500 3163 2581 ἐϐλαστήσαμεν
3199 2526 3213 2576 ;
3264 2505 3402 2578 ἡδὺς
3450 2510 3498 2545 ⁴⁷
3530 2508 3704 2571 αὐτὸς
3736 2512 3804 2579 ἦν

2137 2595 2348 2669 παρὼν,
2404 2594 2495 2648 καὶ
2557 2594 2634 2667 μὴ
2688 2597 2757 2668 τῇ
2818 2593 2968 2669 λύπῃ
3028 2595 3214 2652 ὶαυτὸν
3273 2592 3807 2669 καταϐαπτίσαςθ,

2139 2683 2238 2739 Καὶ
2292 2681 2517 2745 δυνατός
2577 2681 2717 2739 ἐστιν
2756 2685 2785 2738 6
2828 2684 2957 2747 Θεὸς
2989 2686 3018 2740 6
3051 2682 3228 2749 δώσας
3283 2690 3353 2760 τῇ
3415 2687 3612 2762 Σάρῥᾳ
3662 2691 3812 2763 παρὰ

2135 2772 2325 2846 καιρὸν
2381 2770 2605 2841 ἡλικίας
2658 2773 2750 2827 τὸν
2808 2772 2990 2829 Ἰσαὰκ
3024 2817 3040 2840 ,
3093 2774 3184 2829 καὶ
3249 2779 3319 2850 τῇ
3385 2772 3658 2848 Ῥεεὲκκᾳ
3713 2780 3805 2834 τὸν

2138 2858 2354 2933 Ἰακὼϐ,
2405 2863 2495 2919 καὶ
2543 2864 2616 2935 τῇ
2661 2862 2880 2939 Ῥαχὴλ
2921 2866 3014 2920 τὸν
3040 2866 3269 2940 Ἰωσὴο,
3302 2868 3390 2921 καί
3427 2871 3502 2941 τῇ
3531 2869 3712 2944 Ἀννῃ
3741 2875 3810 2943 τῇ

2133 2952 2346 3028 γυναικί
2403 2950 2637 3007 Ἐλκανᾶ
2689 2952 2783 3008 τὸν
2841 2956 3130 3032 προφήτην
3196 2956 3511 3029 Σαμουὴλ,
3572 2959 3678 3012 καὶ
3738 2964 3809 3032 τῇ

2133 3041 2347 3119 γυναικὶ
2403 3043 2599 3099 Mc:va
2652 3043 2878 3117 Σαμψὸν
2931 3044 3025 3099 τὸν
3085 3050 3411 3120 Ναζηραῖον’
3474 3047 3505 3101 6
3568 3048 3793 3104 ἐπισκε-

2140 3130 2381 3206 ψάμενος
2421 3151 2660 3197 τουτοις,
2708 3132 2797 3187 καὶ
2853 3132 3168 3196 εἰσακούσας
3218 3134 3399 3190 αὐτῶν
3445 3134 3606 3203 Θεός,
3643 3134 3803 3191 δυνα-

2138 3220 2229 3281 τός
2263 3218 2401 3275 ἐστιν
2451 3218 2542 3274 καὶ
2590 3222 2725 3293 ἡμῖν
2774 3217 2961 3277 δοῦναι
3000 3223 3097 3291 τὴν
3147 3222 3361 3293 αἴτησιν
3405 3226 3597 3297 ἡμῶν
3656 3225 3803 3281 άλλᾶ

2136 3308 2189 3364 τί
2218 3309 2483 3382 κόψομαι,
2524 3307 2570 3362 εἰ
2620 3305 2678 3363 δὲ
2711 3310 2757 3346 ‘9
2784 3309 2873 3365 καὶ
2922 3312 3096 3386 χήρα,
3148 3312 3239 3367 καὶ
3288 3309 3566 3382 ἅτεκνοςς
3617 3314 3688 3373 Εἰ
3734 3315 3802 3384 ἧν

2146 3418 2239 3470 μοι
2283 3394 2509 3468 κλάδος,
2567 3396 2669 3453 ούκ
2723 3395 2784 3453 ἄν
2846 3420 2941 3471 μοι
2995 3400 3230 3471 τοσαύτη
3290 3398 3459 3470 ὀδύνη
3521 3404 3649 3473 περί
3695 3407 3798 3469 τῆς

2144 3484 2322 3563 ῥίζης*
2371 3486 2418 3541 εἱ
2450 3483 2507 3541 δὲ
2536 3486 2602 3556 ἦν
2631 3507 2726 3560 μοι
2784 3487 2813 3542 6
2868 3488 3211 3561 ποθούμενος
3266 3489 3327 3545 ἐκ
3381 3490 3648 3561 νεότητος
3703 3497 3796 3547 νῦν

2142 3574 2351 3651 παρὼν,
2410 3572 2709 3649 προσδοκία
2765 3573 2824 3631 ἄν
2856 3577 2923 3646 ἦν
2983 3578 3072 3632 καὶ
3119 3579 3245 3653 περὶ
3288 3578 3520 3636 κλάδου.
3555 3581 3729 3653 Οέμοι
3749 3584 3802 3637 τί

2141 3666 2359 3735 ποιήσω
2394 3683 2408 3734 ;
2468 3664 2621 3741 κύριε
2648 3665 2707 3719 ’ὀν
2741 3664 2851 3740 ἐγὼ
2908 3668 3148 3722 πεθοῦσα
3198 3668 3542 3742 ᾑρετισάμην
3582 3671 3655 3727 ⁵ο.
3688 3676 3803 3726 [lo-3

2139 3754 2242 3829 γὰρ
2271 3754 2534 3829 ὑπάρχεις
2564 3754 2611 3789 ⁵ί
2640 3757 2732 3808 νῦν
2759 3773 2774 3825 ;
2826 3755 2861 3826 ἢ
2893 3759 3009 3819 πῶς
3042 3776 3099 3811 σε
3147 3759 3406 3832 θρηνήσω
3455 3759 3531 3821 ὡς
3564 3762 3757 3832 νεκρόν
3787 3783 3801 3831 ς

2140 3838 2300 3897 Ἀλλ’
2331 3840 2429 3896 οὐκ
2458 3840 2600 3897 εἶδόν
2641 3863 2736 3897 σου
2793 3842 2886 3900 τὸν
2942 3844 3133 3921 τάφον.
3190 3843 3355 3900 Ἀλλ’
3411 3845 3693 3920 ἀναμείνω
3726 3850 3806 3909 ὡς

2143 3929 2578 4004 ἀποδημήσαντα
2633 3933 2709 3995 εἷς
2767 3933 2956 4009 χώραν
3023 3937 3282 4010 μακράνς
3339 3935 3473 3991 ἀλλ’
3532 3935 3717 4000 οὐδεὶς
3774 3940 3806 3993 6

2141 4021 2465 4097 άπαγγελών
2528 4043 2644 4096 μοι,
2705 4023 2998 4099 ἑωρακέναι
3050 4024 3143 4080 τὸν
3205 4024 3401 4100 Κύριόν
3436 4048 3573 4099 μου.
3629 4025 3805 4102 Οῗμοι

2140 4132 2225 4174 τις
2254 4112 2283 4166 6
2313 4110 2609 4187 ἀπαγγελεῖ
2654 4133 2771 4185 μοι,
2819 4117 2926 4168 ποῦ
2957 4114 2985 4167 6
3016 4112 3244 4188 σύζυγος
3294 4115 3386 4169 καὶ
3417 4115 3728 4187 συνόμιλός
3757 4118 3807 4154 ⁵⁸

2148 4222 2273 4273 μου,
2330 4199 2436 4254 ποῦ
2468 4201 2496 4254 6
2537 4204 2636 4255 τοῦ
2695 4195 2950 4276 Ἀϐραὰμ
3006 4201 3295 4279 ἀπόγονος,
3343 4204 3434 4258 καὶ
3486 4203 3809 4275 ζηλωτῆςς

2142 4294 2247 4346 ποῦ
2291 4290 2319 4344 6
2359 4289 2457 4344 τοῦ
2508 4290 2687 4346 Ἰσαὰκ
2743 4289 3105 4363 ὁμόσκηνοςς
3164 4296 3271 4347 ποῦ
3329 4293 3357 4348 6
3413 4298 3511 4348 τοῦ
3568 4295 3809 4370 Ἰσραὴλ

1730 4676 1965 4731 νΑΗΙΕ
2025 4675 2405 4730 LECTIONES
2419 4716 2433 4729 .

456 4791 503 4827 “
542 4790 734 4862 Mend.
769 4791 939 4847 Barb.
973 4788 1243 4862 ἔμείανας,
1274 4792 1419 4847 Cass.
1449 4788 1691 4861 ἐμίανας.
1723 4791 1769 4825 ⁸⁸
1797 4790 2307 4856 Quemadmodum
2341 4807 2374 4845 a
2400 4789 2571 4845 Barb.
2592 4794 2665 4862 get
2692 4791 2837 4845 Caes.
2862 4791 2924 4847 Β.
2958 4786 3191 4846 abestc’b
3218 4788 3343 4857 τῆς,
3369 4791 3459 4847 sic
3488 4809 3524 4848 a
3554 4794 3711 4852 Cas.
3743 4799 3809 4850 Α.

381 4863 551 4920 abest
580 4858 751 4922 ὄντος.
801 4858 1125 4934 Utrumque
1166 4869 1231 4918 ut
1259 4858 1588 4918 retineatur
1645 4868 1954 4917 contextus
2005 4879 2132 4934 non

381 4934 552 4991 codd.
582 4937 662 5007 τῷ
689 4933 941 5005 συνεύνῳ.
974 4932 1250 5007 ⁴⁶ξΜεξιπῂΔ
1302 4934 1471 5007 Barb.
1534 4940 1593 5007 et
1645 4935 1785 4989 Ct'BS.
1833 4937 1900 4989 Α.
1930 4932 2156 5007 γαλινῷ.

2233 4863 2409 4916 alitur
2469 4861 2665 4925 modo,
2729 4862 2830 4916 sed
2888 4862 3189 4933 postulare
3244 4863 3498 4919 videtur.
3533 4867 3581 4901 ιδ
3614 4868 3809 4924 Mend.

2235 4950 2339 5007 ars,
2491 4935 2714 4988 omittit
2741 4932 2917 4989 verba
2945 4932 3145 5004 ἤρξατο
3174 4934 3290 5007 καθ’
3313 4934 3513 5001 ἑαυτήν
3574 4937 3810 5007 γαληνῷ

382 5008 569 5079 θρήνῳ
599 5000 914 5073 κόπτεσθαί,
947 5004 1057 5079 καὶ.
1090 5002 1297 5079 ἰτέλὸὺς
1342 5005 1656 5079 legendum
1687 5012 1829 5076 puto
1860 5000 1965 5076 pro
1996 5006 2037 5079 ἢ
2065 5000 2205 5072 θοῖς,
2255 5005 2345 5059 vel
2392 5000 2526 5079 4:00;
2559 5047 2572 5071 ,
2606 5022 2858 5079 quorum
2896 5000 3169 5079 primum
3218 5006 3282 5079 in
3314 5000 3515 5079 Barb.,
3547 5000 3807 5065 alterum

377 5071 439 5133 in
472 5071 614 5135 Caes.
650 5081 715 5133 A.
750 5071 909 5149 etMB.’
953 5078 1103 5149 lego.
1135 5071 1196 5111 ‘3‘
1228 5071 1653 5149 καταϐἆπτίσας
1687 5071 1966 5149 sumo-ex
1994 5071 2153 5149 Cass.
2268 5093 2283 5149 ς
2334 5071 2640 5149 πιεηάοεεί
2679 5077 2839 5131 enim
2874 5071 3063 5149 Barb.
3095 5071 3510 5149 καταβαπτίσηζ
3534 5081 3583 5114 δ’
3634 5083 3802 5136 Barb.

378 5150 563 5205 codex
585 5151 761 5205 habet
794 5146 897 5213 ἴδε,
930 5156 989 5204 et
1015 5144 1257 5204 sensum
1290 5149 1490 5220 aliquo
1522 5148 1697 5204 modo
1739 5147 2108 5220 probabilem
2139 5147 2435 5220 redderet,
2471 5148 2519 5203 si
2553 5164 2819 5220 sumeres
2873 5144 2963 5214 ἷδὴ
3022 5165 3129 5220 pro
3184 5144 3319 5220 ἤδη.
3354 5144 3803 5209 Praeferendam

378 5227 579 5275 tamen
610 5223 749 5277 duxi
783 5221 1098 5277 lectionem
1154 5221 1294 5276 Cass.
1334 5221 1419 5283 Β.,

1471 5221 1586 5294 qui
1615 5215 1813 5294 habet
1840 5218 1889 5272 ei
1926 5215 2036 5294 δί.⁸
2062 5220 2107 5294 ξο
2151 5218 2320 5275 Barb.
2352 5217 2731 5293 ᾐρετησάμης,
2762 5220 2907 5276 Cass.
2939 5221 3002 5277 B.
3024 5215 3380 5294 ᾔρετισάμιν.
3410 5221 3461 5256 ⁵¹
3487 5224 3637 5280 Tres
3668 5242 3800 5281 con-

379 5291 635 5347 corditer
659 5294 892 5349 codices
916 5292 1198 5349 mendOse
1231 5286 1511 5366 ὐπαρχήςῖ
1543 5290 1592 5326 ⁵³
1614 5292 1786 5347 Barb.
1819 5286 2141 5364 συνομιλός.

1969 5462 2013 5516 Ν
2019 5461 2192 5517 ΟΤλΕ.

443 5599 555 5677 (.20)
588 5601 732 5677 (leas:
766 5604 831 5677 A_.
885 5603 999 5677 ista
1055 5604 1152 5677 hic
1183 5603 1535 5677 interserit:
1582 5598 1727 5677 1180?:
1756 5602 1857 5677 γὰρ
1879 5599 2028 5677 *διπο-

381 5670 581 5722 θνίσκω
613 5671 751 5737 (vid.
785 5671 1155 5744 άποθνήσκω)’
1212 5670 1412 5742 Ἰούδα,
1458 5672 1517 5727 σε
1545 5670 1839 5728 αἴνεσανόἱ
1867 5670 2028 5728 ἀδελ-

2136 5599 2385 5745 goitaon2
2431 5606 2570 5688 Ecce
2625 5606 2770 5659 enim
2820 5604 3064 5660 morior:
3113 5604 3280 5671 Iuda,
3336 5604 3718 5665 laudavmmt
3760 5618 3807 5665 te

2166 5691 2231 5728 ra
2260 5691 2344 5730 res
2388 5692 2467 5731 ut.

2166 5691 2231 5728 ra
2237 5691 2344 5730 ῑνεε
2365 5691 2467 5731 ται.
