4048 6210
245 367 389 423 1473

1260 363 1505 419 BEBMO
1540 366 1615 419 IN
1652 365 2209 424 OONCEPTIONEM
2244 371 2606 426 DEIPARB.

3515 372 3656 428 1474

244 487 542 566 χρησμόςς
601 491 707 542 ποῦ
758 491 856 542 τοῦ
916 486 1110 543 Ἰεσσαί
1162 489 1198 557 ἡ
1259 485 1383 563 ῥίζα
1439 488 1506 557 ⁸³,
1563 490 1669 542 ποῦ
1720 487 1748 542 6
1792 492 1891 543 τοῦ

2013 497 2168 547 ctum
2189 493 2217 548 Ἰ
2246 496 2320 549 At
2348 511 2522 550 nemo
2557 499 2666 562 est,
2699 494 2799 566 qui
2817 493 2892 549 ad
2914 510 3008 549 me
3022 496 3344 562 renuntiet,
3378 500 3536 568 quod
3556 499 3659 554 do-

242 577 409 635 Δαυΐδ
433 572 716 653 πρόϐολος
736 595 750 646 ;

2002 581 2234 637 ιιιίιιιιιιι
2265 600 2465 639 meum
2498 584 2732 655 uspiam
2776 584 3005 639 viderit.
3041 585 3163 639 Heu
3190 583 3202 637 ι
3247 586 3378 655 quis
3410 588 3523 641 erit
3553 602 3657 660 qui

240 670 394 727 mihi
432 675 636 725 narret
664 668 908 724 ubinam
940 668 1017 725 sit
1044 669 1264 740 conjux
1294 672 1353 725 et
1381 668 1680 724 convictor
1708 685 1877 725 meus
1897 669 1924 725 ?
1971 669 2071 724 ubi
2124 671 2447 727 Abrahami
2477 690 2662 744 nepos
2695 678 2753 727 et
2782 674 3093 728 aemulator
3115 674 3143 727 ?
3170 671 3272 727 ubi
3306 674 3488 729 lsaaci
3520 693 3659 733 con-

240 760 574 816 tubernalis
594 762 622 816 ?
650 760 751 814 ubi
784 759 1020 815 Israelis
1050 759 1326 815 vaticinio
1357 758 1674 830 praadictus
1695 760 1722 815 ?
1750 760 1849 814 ubi
1883 759 2052 815 radix
2078 761 2241 815 Jesse
2262 762 2289 817 ‘2
2318 762 2417 817 ubi
2447 764 2759 835 progenies
2790 764 2968 818 David
2992 765 3019 818 ?

312 853 488 904 Ταῦτα
520 846 577 903 δὶ
624 846 834 923 ἐγένετο
888 846 939 901 ἔν
999 852 1078 918 τῷ
1135 844 1676 921 πεντακισχιλιοστῷ
1702 846 1889 921 τετρα-

236 942 514 1009 κοσιοστῷ
569 937 661 991 καὶ
721 933 1076 1011 ὀγδοηκοστῷ
1132 934 1299 1009 τρίτῳ
1357 933 1463 991 ἔτει
1492 937 1537 972 ⁶⁴
1567 935 1673 992 ἀπὸ
1712 936 1894 1011 ἀρχῆς

236 1026 469 1089 κτίσεως
517 1024 752 1097 κόσμου,
801 1024 852 1080 ἐν
901 1028 970 1097 τῇ
1016 1026 1240 1099 πέμπτῃ
1299 1024 1389 1079 καὶ
1434 1020 1818 1099 ἑϐδομηκοστῇ
1851 1028 1895 1063 ⁸⁸

238 1118 419 1191 γενεᾷ,
497 1113 678 1176 καθὼς
757 1117 1020 1189 μαρτυρεῖ
1075 1114 1103 1167 6
1160 1110 1401 1187 ἀψευδὴς
1458 1116 1502 1151 ⁸⁸
1559 1114 1895 1194 συγγραφεὺς

238 1208 478 1273 Λουκᾶς,
532 1202 828 1278 ἀρξάμενος
884 1203 990 1257 ἀπὸ
1042 1207 1138 1257 τοῦ
1197 1204 1416 1276 Ἰωσὴρ,
1490 1202 1580 1259 καὶ
1634 1201 1739 1267 ἕως
1795 1208 1893 1259 τοῦ

241 1296 376 1348 Θεοῦ
407 1289 763 1368 ἀναδραμὼν.

314 1388 385 1438 Θ¹.
421 1381 524 1439 Καὶ
555 1378 743 1449 ἐπειδή
798 1380 849 1452 ἐξ
904 1378 1082 1439 Ἰούδα
1134 1380 1366 1455 ἔμελλεν
1398 1380 1709 1438 ἀνατέλλειν
1736 1382 1764 1437 6
1792 1386 1893 1447 τῆς

240 1467 587 1541 δικαιοσύνης
618 1469 837 1541 Ἥλιος,
894 1468 1175 1546 πόρρωθεν
1234 1472 1262 1526 6
1318 1473 1608 1548 προφήτης
1637 1472 1774 1548 πρὸς
1797 1471 1892 1526 αύ-

236 1560 332 1616 τὸν
392 1560 514 1635 βοᾷ·
567 1558 823 1633 Ἐόρταζε
892 1556 1072 1616 Ἰούδα
1127 1560 1223 1623 τὰς
1299 1561 1487 1634 ἑορτάς
1548 1578 1664 1615 σου·
1723 1556 1888 1632 ἀνίϐη

237 1650 343 1723 γὰρ
402 1650 431 1703 6
488 1647 742 1726 ἐμφυσῶν
800 1648 877 1709 εἷς
930 1647 993 1703 τὸ
1050 1648 1345 1723 πρόσωπόν
1398 1670 1515 1707 σου.
1564 1651 1661 1712 Τίς
1706 1649 1888 1721 οὗτος,

240 1740 286 1795 ὦ
317 1746 622 1815 προφῆτα;
674 1740 879 1815 φράσον
934 1740 1095 1811 ἡμῖν.
1153 1741 1214 1797 ὐ
1269 1739 1459 1802 κλίνας
1511 1738 1772 1816 ούρανοὺς
1802 1741 1892 1796 καὶ

239 1823 499 1900 καταϐὰς,
559 1827 722 1890 αὐτός
768 1826 910 1883 ἐστιν
969 1829 998 1883 6
1055 1834 1475 1899 κατασκηνώσας
1536 1828 1589 1884 ὲν
1629 1831 1676 1864 ⁵⁷
1726 1829 1892 1905 οὐρα-

238 1924 374 1981 νοῖς·
410 1919 438 1973 6
471 1919 583 1973 ἀνω
632 1916 725 1972 σὺν
782 1919 944 1994 πατρὶ
1006 1918 1094 1973 καὶ
1145 1919 1294 1973 κάτω
1353 1918 1404 1974 ἐν
1463 1920 1680 1993 γαστρὶ,
1716 1921 1744 1976 6
1774 1925 1893 1983 τοῖς

238 2002 524 2084 Χερουϐὶμ
580 2002 836 2085 φοϐερὸς,
898 2006 986 2062 καί
1042 2012 1161 2069 τοῖς
1248 2008 1558 2082 ἀνθρώποις
1610 2014 1805 2083 πρᾷος,
1862 2010 1890 2065 6

238 2094 477 2160 καταϐὰς
507 2099 583 2161 εἷς
617 2096 749 2169 ’ᾁδου
807 2097 1002 2165 πύλας,
1060 2098 1147 2152 ταὶ
1198 2098 1291 2152 τόν
1346 2119 1480 2153 ποτε
1530 2098 1753 2174 ἰσχυρὸν
1788 2097 1890 2165 δή-

242 2207 358 2257 σας,
391 2187 419 2241 6
448 2191 545 2242 τοῦ
604 2186 834 2241 θανάτου
888 2187 952 2240 τὸ
1012 2184 1288 2262 βασίλειον
1345 2186 1535 2257 λύσας,
1561 2188 1589 2241 6
1618 2189 1829 2260 ποιμήν
1863 2190 1891 2243 6

238 2274 435 2346 καλὸς,
467 2275 495 2329 6
523 2275 592 2330 τὰ
650 2273 762 2330 ἴδια
814 2269 1063 2349 πρόϐατα
1123 2273 1324 2348 ἐξάγων
1359 2272 1409 2344 ἐξ
1450 2272 1604 2345 ᾅδου,
1654 2277 1743 2331 καὶ
1790 2275 1891 2348 ἔμ-

239 2365 475 2437 προσθεν
555 2363 730 2419 αὐτῶν
814 2363 1210 2436 πορευόμενος,
1282 2364 1539 2440 φωνήσας
1605 2360 1699 2418 ἕνα
1763 2360 1889 2418 ἔκα-

244 2472 370 2507 στον
403 2452 579 2507 αὐτῶν
635 2454 754 2507 κατ’
812 2448 1007 2524 ὄνομα.
1066 2453 1133 2509 Ὀ
1182 2446 1441 2525 καταϐὰς,
1496 2452 1659 2530 φησὶν
1716 2453 1891 2510 ’Λπό-

244 2538 467 2613 στολος,
496 2538 652 2601 αὐτός
681 2537 825 2594 ἐστιν
853 2538 942 2594 καὶ
974 2540 1004 2593 6
1035 2535 1252 2603 ἀναϐάς.

321 2630 379 2687 1’.
412 2630 578 2691 Ποίας
614 2628 825 2702 “ἱορτᾶς
882 2629 1157 2703 ἑορτάζειν
1214 2629 1306 2683 τὸν
1359 2626 1558 2699 Ἰούδα,
1591 2627 1636 2683 ὦ
1674 2632 1895 2707 προφῆ-

244 2740 333 2789 τα,
371 2719 536 2795 βοᾷςς
597 2718 727 2775 Εἶτα
782 2719 811 2772 6
867 2716 1089 2775 BMan
1148 2717 1332 2796 φησίν·
1393 2717 1473 2775 Οὐ
1527 2717 1622 2781 τὰς
1661 2720 1890 2792 νομικὰς

244 2807 433 2883 ἑορτὰς
495 2804 701 2869 Ἰούδας
757 2807 1001 2882 ἑορτάσει
1076 2827 1194 2879 μοι,
1252 2806 1314 2862 ού
1373 2807 1468 2869 τὰς
1522 2806 1575 2862 ἰν
1634 2802 1892 2863 σαϐϐατιιι

244 2901 433 2970 σμοῖς,
489 2896 581 2951 καὶ
638 2894 982 2968 νεομηνίαις,
1040 2894 1130 2949 κιὶ
1191 2893 1501 2970 σάλπιγξιν,
1556 2897 1762 2972 Καιρὸς
1788 2896 1891 2972 γὰρ

238 2990 339 3041 τοῦ
370 2992 601 3054 ποιῆσαι
656 2989 735 3056 τῷ
796 2983 999 3059 Κυρίῳ,
1054 2981 1395 3039 διασκεδάσαι
1442 2984 1532 3039 τὸν
1573 2987 1743 3058 νόμον
1771 3004 1888 3041 σου’

2078 850 2213 904 Haec
2251 867 2428 921 porro
2479 858 2804 906 evenerunt
2850 869 3010 907 anno
3061 869 3095 907 a
3143 852 3350 907 mundi
3398 853 3655 909 exordiis

2006 940 2326 1011 quinquies
2346 942 2666 997 millesimo
2690 943 3276 1015 quadringentesimo
3295 944 3655 1016 octogesimo

2004 1030 2179 1085 tertio
2210 1033 2321 1101 (21)
2352 1036 2411 1086 et
2440 1032 2499 1087 in
2532 1033 2971 1104 septuagesima
3001 1033 3209 1104 quinta
3252 1033 3655 1105 generatione,

2004 1119 2088 1173 uti
2122 1120 2361 1175 nescius
2393 1121 2628 1176 errandi
2649 1122 2902 1193 scriptor
2932 1128 3183 1177 testatur
3214 1124 3418 1189 Lucas,
3438 1123 3539 1193 qui
3564 1140 3656 1177 se-

2004 1208 2153 1263 riem
2182 1210 2681 1281 (generationum)
2712 1210 2944 1265 inverso
2990 1211 3199 1266 ordine
3232 1211 3305 1266 ad
3338 1212 3524 1266 Deum
3554 1228 3656 1265 us-

2004 1313 2118 1367 que
2152 1298 2395 1354 inchoat
2425 1316 2459 1354 a
2486 1300 2763 1371 Josepho.

2074 1387 2169 1441 1X.
2203 1389 2495 1453 Quoniam
2527 1388 2706 1461 igitur
2735 1389 2833 1444 Sol
2855 1389 3105 1461 justitiaa
3127 1390 3388 1445 oriturus
3430 1394 3556 1445 erat
3586 1406 3655 1446 ex

2000 1474 2170 1542 Juda,
2203 1477 2491 1548 prOpheta
2522 1493 2556 1531 a
2585 1477 2757 1549 longe
2788 1477 2863 1532 ad
2895 1478 3090 1549 ipsum
3124 1478 3342 1533 clamat
3370 1495 3381 1532 :
3409 1479 3652 1545 Celebre,

2002 1580 2032 1618 ο
2060 1565 2559 1634 Juda,festivitates
2579 1572 2699 1620 tuas
2726 1566 3360 1637 (u);ascenditenim,qui
3383 1569 3441 1620 in
3455 1568 3655 1635 faciem

2003 1660 2153 1707 tuam
2178 1658 2337 1723 afﬂat
2360 1655 2456 1725 (υ).
2484 1655 2624 1719 Quis
2655 1661 2741 1709 est
2773 1655 2889 1723 hic,
2916 1672 2949 1709 ο
2971 1656 3261 1727 propheta
3281 1656 3426 1710 ?Dic
3456 1655 3650 1712 nobis.

1924 1712 1971 1777 Β
2000 1744 2106 1807 Qui
2131 1712 2430 1797 inclinauit,
2453 1712 2613 1806 (talos
2646 1750 2698 1797 et
2728 1712 3002 1798 descendit
3032 1712 3131 1811 (ςυῖ),
3164 1744 3290 1815 ipse
3321 1744 3653 1815 est,inquit,

2003 1830 2104 1901 qui
2136 1831 2429 1885 inhabitat
2478 1832 2539 1885 in
2588 1833 2790 1898 cmlis;
2838 1833 2937 1903 qui
2983 1850 3119 1887 cum
3168 1836 3339 1888 Patre
3392 1834 3453 1888 in
3506 1833 3653 1888 coelo

2003 1926 2110 1987 est,
2134 1921 2271 1974 etin
2302 1926 2457 1975 terra
2474 1920 2770 1976 clauditur
2792 1922 2852 1975 in
2871 1927 3060 1989 utero;
3083 1922 3181 1993 qui
3205 1922 3520 1977 Cherubim
3536 1928 3655 1977 tre-

2002 2009 2275 2077 mendus,
2304 2016 2365 2064 et
2380 2009 2721 2065 hominibus
2740 2016 2827 2064 est
2841 2011 3023 2077 mitis;
3044 2012 3145 2081 qui
3161 2011 3553 2067 descenditad
3568 2012 3655 2066 in-

2001 2097 2263 2152 ferorum
2283 2104 2503 2168 portas,
2528 2104 2587 2152 et
2602 2116 2760 2167 eum,
2783 2100 2881 2169 qui
2904 2099 3096 2154 fuerat
3112 2100 3435 2171 aliquando
3458 2101 3649 2168 fortis,

1999 2186 2253 2241 vinculis
2271 2188 2546 2241 astrinxit
2571 2191 2671 2258 (y);
2686 2188 2786 2258 qui
2802 2189 3011 2243 mortis
3027 2189 3345 2260 imperium
3362 2189 3649 2258 dissolvit;

2002 2280 2205 2345 pastor
2224 2275 2545 2346 bonus,qui
2573 2293 2707 2330 oves
2731 2293 2868 2331 suas
2891 2276 2963 2331 ab
2989 2278 3196 2331 inferis
3217 2278 3653 2345 eduxit,etante

2003 2380 2104 2417 eas
2130 2362 2369 2429 vadens,
2403 2380 2848 2433 unamquamque
2876 2364 3200 2420 nominatim
3241 2373 3397 2421 vocat
3421 2366 3514 2437 (z).
3548 2369 3655 2431 Qui

2001 2452 2853 2525 descendit,inqultApostolus,
2876 2456 2993 2523 ipse
3008 2461 3084 2509 est
3101 2461 3152 2509 et
3166 2457 3266 2524 qui
3284 2457 3526 2511 ascendit
3549 2456 3651 2529 (a).

2073 2633 2140 2686 X.
2173 2633 2457 2697 Quaenam
2487 2648 2645 2700 vero,
2692 2649 2725 2687 ο
2757 2633 3065 2704 propheta,
3119 2640 3261 2689 sunt
3305 2634 3651 2691 festivitates

2004 2737 2151 2791 quas
2174 2721 2397 2775 clamas
2418 2721 2580 2775 Judaa
2602 2721 2859 2793 agendas
2880 2722 2907 2776 ‘I
2931 2723 3048 2776 lloc
3073 2722 3290 2777 deinde
3310 2724 3527 2778 Videns
3548 2724 3651 2778 de-

2002 2810 2221 2865 clarat:
2255 2812 2379 2865 Non
2428 2810 2671 2881 legales,
2705 2810 2921 2881 inquit,
2970 2811 3319 2865 festivitates
3347 2812 3525 2867 Judas
3556 2827 3650 2867 ce-

2003 2900 2257 2955 lebrabit
2286 2901 2457 2964 mihi,
2488 2917 2610 2955 non
2631 2917 2731 2956 eas
2760 2918 2889 2971 quaa
2923 2900 2982 2955 in
3015 2901 3491 2970 sabbatorum,et
3514 2902 3648 2957 novi

2003 2989 2229 3044 mensis
2262 2988 2646 3060 religionibus
2678 2996 3060 3060 peraguntur,
3091 2996 3149 3043 et
3178 2990 3239 3044 in
3270 2990 3649 3046 solemnitate

239 3078 429 3152 ἑορτὰς
487 3074 545 3131 δὲ
602 3097 747 3154 φημι
801 3074 1097 3149 ἑορτάζειν,
1156 3080 1257 3145 τῆς
1316 3074 1546 3152 χάριτος
1605 3075 1890 3148 ἐλθούσης,

2013 3078 2305 3133 tubarum.
2340 3078 2571 3133 Etenim
2617 3080 2841 3148 Tempus
2887 3080 3129 3147 faciendi
3159 3082 3410 3146 Domino,
3433 3084 3498 3134 ut
3529 3079 3651 3135 dis-

239 3165 296 3221 ἰν
328 3167 597 3240 εὐσήμοις
626 3164 814 3241 ἑορτὰς
845 3162 991 3222 δέκα.

311 3436 514 3511 Πρώτη
565 3434 611 3470 ⁵⁸
657 3436 841 3487 πασῶν
893 3435 1001 3487 τῶν
1052 3430 1308 3504 εύσήμων
1372 3432 1599 3508 ἑορτῶν,
1631 3430 1684 3488 ἐν
1715 3434 1753 3505 ἦ
1782 3431 1894 3489 ιδε-

238 3525 397 3596 ξαντο
467 3528 511 3561 ”
586 3524 653 3578 vi
722 3519 1014 3596 εὐαγγέλια
1069 3521 1332 3595 Ἰωακεῖμ
1400 3522 1489 3577 καὶ
1566 3524 1735 3577 ’Ἄννα
1794 3530 1894 3592 τῆς

2003 3168 2158 3239 sipet
2186 3166 2376 3239 legem
2410 3172 2572 3221 tuam
2606 3167 2741 3237 (22).
2774 3168 2918 3221 Cum
2950 3167 3149 3237 itaque
3181 3167 3369 3239 gratia
3396 3166 3653 3223 advene-

2002 3258 2102 3325 rit,
2146 3257 2351 3313 decem
2387 3256 2799 3313 solemnitates
2831 3257 3095 3330 insignes
3126 3257 3383 3330 agendas
3416 3275 3543 3314 esse
3574 3258 3656 3314 di-

2004 3364 2095 3403 CO.

2078 3436 2278 3491 Prima
2309 3437 2575 3492 omnium
2612 3436 2934 3503 insignium
2970 3436 3415 3493 solemnitatum
3447 3440 3554 3508 (23)
3583 3454 3654 3493 ea

2008 3530 2098 3579 est
2127 3527 2187 3579 in
2220 3542 2336 3597 qua
2364 3526 2702 3580 Joachimus
2736 3530 2793 3581 et
2823 3529 2997 3581 Anna
3026 3527 3285 3582 faustum
3316 3526 3652 3599 generatio-

314 3651 390 3721 (u)
422 3650 671 3705 Nahum.
705 3665 743 3716 ι,
780 3651 864 3702 15.
894 3648 965 3719 (υ)
998 3648 1225 3704 Nahum
1257 3665 1319 3717 ιι,
1356 3652 1404 3705 1.
1437 3648 1517 3721 (.r)
1550 3648 1704 3705 Psal.
1740 3666 1874 3718 xvn,

2046 3650 2125 3720 (y)
2175 3650 2310 3706 Luc.
2369 3667 2449 3719 χι,
2501 3652 2590 3716 21,
2642 3651 2728 3702 2'2.
2762 3650 2829 3721 (ε)
2876 3651 3040 3705 Joan.
3074 3668 3129 3717 x,
3163 3653 3215 3718 3,
3246 3653 3299 3706 4.
3332 3652 3407 3721 (a)
3434 3649 3650 3722 Ephes.

241 3739 320 3792 ιν,
358 3726 440 3775 10.

1609 3836 1844 3891 νΑιιιίΕ
1886 3836 2176 3891 LECTION
2186 3836 2288 3890 ES.

318 3935 362 3969 ⁵³
392 3932 716 4059 Pericqpen
750 3934 984 4012 Πούτοῦ
1017 3932 1182 3988 Ἰεσσὶ
1234 3933 1269 4001 ἡ
1331 3930 1451 4008 ῥίζα
1506 3933 1898 4015 omittendam
1948 3950 2067 3988 non
2121 3934 2350 3991 censui.
2404 3932 2512 3988 etsi
2569 3949 2696 3988 eam
2737 3932 2953 3989 habeat
2981 3932 3141 3989 solus
3171 3935 3311 3989 Cres
3339 3935 3400 3989 Β.
3434 3933 3477 4015 ξι
3505 3932 3647 3988 Cod.

318 4006 418 4059 ιιι).
452 4021 588 4059 men
639 4046 651 4058 .
686 4000 800 4059 ἐτη.
834 4005 880 4038 ⁸ο
910 4005 1079 4059 Barb.
1131 4006 1333 4059 mend.
1393 3999 1798 4059 ἐϐδομηκοστῆ.
1854 4007 1901 4039 ⁸ο
1959 4005 2129 4059 Barb.
2191 4012 2249 4059 et
2305 4007 2448 4059 (ἓως.
2503 4010 2695 4059 utero.
2732 4005 2929 4059 mend.
2963 4002 3232 4059 a’vbsu'o‘sic.
3268 4004 3311 4039 ⁸⁷
3344 4006 3450 4059 Ubl
3482 4005 3647 4059 Barb.

245 4006 418 4061 Barb.
452 4021 588 4060 men

686 4000 800 4071 ἔτη.
834 4004 880 4038 ⁸⁵
910 4005 1079 4059 Barb.
1131 3999 1359 4077 menda
1393 3999 1798 4077 ἑϐδομηκοστῇ.
1854 4005 1901 4039 ⁶⁶
1959 4005 2129 4059 Barb.
2162 4012 2249 4077 iet
2305 4007 2448 4059 (ἓως.
2503 4010 2703 4077 uterq.
2732 4005 2929 4059 mend.
2963 4002 3232 4075 ἀψευδείς.
3268 4004 3450 4077 ⁸7111ρὶ
3482 4005 3651 4077 Barb.

241 4079 425 4134 habet
453 4074 503 4129 ἐν
534 4074 807 4146 οὐρανοῖς,
840 4077 983 4133 Οωε.
1017 4080 1082 4131 Α.
1118 4078 1297 4133 habet
1344 4074 1397 4131 ἐν
1445 4074 1779 4146 ἀνθρώποις.
1842 4076 2216 4131 Prmferenda
2269 4076 2400 4131 cod.
2463 4076 2629 4129 Barb.
2656 4074 2891 4142 flectio,
2925 4074 3048 4131 tum
3090 4078 3230 4145 quia
3260 4076 3525 4129 alludere
3556 4075 3652 4127 vi-

242 4126 516 4229 δεῖιίιξεξά
542 4126 697 4229 illud
727 4126 3123 4229 1.3553157:£‘Iv;;;..;.c_;.a{aj_‘§az;.gnj‘;szjq"u.agiagi;ansa,fa...“
3139 4126 3543 4229 ῆλδιη-ίῆῑεζςςέηε
3572 4126 3651 4199 at

240 4223 303 4276 in
334 4221 505 4283 caelo;
538 4225 661 4273 tum
694 4219 835 4289 quia
865 4220 1078 4274 melius
1116 4221 1335 4276 servari
1364 4221 1595 4276 videtur
1622 4220 1956 4285 antithesis,
1990 4237 2120 4290 quas
2150 4219 2210 4273 in
2242 4218 2629 4289 sequentibus
2661 4235 2896 4290 quoque
2920 4218 3124 4290 incisis
3145 4223 3406 4290 apparet.

3503 4218 3649 4269 Cum

240 4294 388 4365 Caes.
421 4294 487 4345 A.
520 4286 955 4365 Ilpmtn‘rtaqc‘i)_v'
989 4307 1128 4345 nam
1156 4293 1327 4365 Barb.
1375 4294 1592 4365 πρῶτον
1645 4294 1853 4345 πασῶν
1906 4286 2051 4347 Caes.
2104 4296 2301 4345 autem
2329 4286 2410 4345 Ἦ.
2464 4286 2695 4363 πρῶτον
2731 4286 2945 4342 πάντων
2996 4286 3086 4342 καὶ
3137 4286 3346 4342 πασῶν.
3379 4288 3425 4323 ‘9
3455 4286 3647 4341 Mend.

241 4362 414 4419 Barb.
448 4367 508 4417 et
534 4357 679 4417 Caes.
711 4357 779 4416 Α.
812 4357 1049 4431 ἐδέξατο,
1084 4369 1142 4418 et
1171 4364 1315 4420 Cass.
1350 4357 1736 4433 Βίέδειξαντο.

1836 4470 2059 4525 NOTAE.

317 4569 424 4639 (21)
456 4567 559 4623 Vix
592 4566 863 4623 dubitare
910 4566 998 4623 fas
1047 4572 1156 4636 est,
1197 4585 1386 4625 annos
1428 4568 1526 4625 hic
1558 4566 1889 4624 secundum
1920 4572 1966 4637 1)
1998 4567 2197 4639 Neque
2230 4580 2368 4639 vero
2402 4570 2633 4639 moveat
2663 4564 2841 4639 (quod
2884 4582 3004 4621 non
3036 4564 3530 4639 nemohcavillose
3563 4564 3649 4639 di:

246 4641 532 4711 epocham
566 4640 1238 4710 Constantinopolitanis
1268 4646 1613 4695 consuetam
1644 4656 1886 4711 compu-

243 4712 379 4766 tari.
413 4713 615 4782 Itaque
668 4727 803 4765 cum
851 4712 1490 4783 Constantinopolitani
1523 4712 1894 4767 Nativitatem

244 4783 465 4863 Christi
498 4783 1069 4863 assignarent-anno
1090 4801 1124 4839 a
1151 4782 1689 4863 mundipcreatione
1720 4783 1896 4853 quin-

246 4854 418 4925 quies
435 4854 761 4909 millesimo
787 4854 1266 4980 quingentesimo
1290 4861 1895 4925 octavo.cousequens

246 4932 357 4980 est.
392 4928 543 4980 hanc
575 4942 810 4980 auoaue
842 4932 931 4980 tra
976 4927 1223 4980 itionem
1263 4943 1367 4980 seu
1414 4927 1755 4980 Opinionem
1789 4926 1893 4980 ali-

244 4932 357 4992 est,
392 4928 543 4981 hanc
575 4942 810 4997 quoque
842 4926 1223 4983 traditionem
1263 4943 1367 4982 seu
1414 4927 1755 4998 opinionem
1789 4926 1893 4980 ali-

242 4998 485 5122 guando
544 5004 843 5079 receptam
917 4998 1123 5067 fuisse,
1176 4999 1490 5070 Deiparam
1547 5015 1703 5053 anno
1759 5002 1895 5051 ante

290 5069 460 5122 hristi
520 5070 913 5122 Nativxtatem.
971 5086 1076 5122 seu
1143 5071 1358 5122 melius
1414 5068 1895 5122 lncarnationem

290 5069 460 5122 hristi
520 5068 913 5135 Nativitatem,
971 5086 1076 5124 seu
1143 5068 1358 5126 melius
1414 5068 1895 5125 lncarnationem

239 5140 521 5221 vicesxmo
554 5140 761 5221 quinto
810 5147 1157 5212 conceptam
1207 5142 1411 5207 fuisse,
1462 5141 1609 5221 adeo
1641 5147 1706 5195 ut
1734 5140 1890 5221 vice-

241 5212 465 5286 simum
488 5211 763 5286 quintum
787 5211 1013 5286 annum
1033 5220 1250 5286 ageret,
1277 5229 1411 5267 cum
1434 5212 1506 5268 ad
1526 5211 1894 5286 annuntian-

239 5283 385 5338 dum
418 5284 469 5337 ei
501 5283 685 5356 divini
721 5283 890 5338 Verbi
922 5283 1272 5342 incafnandi
1292 5285 1644 5356 mysterium
1675 5284 1893 5338 missus

240 5360 334 5409 est
363 5354 631 5410 angelus.

305 5425 423 5499 (22)
451 5425 642 5481 Habes
672 5426 1282 5499 accommodationom
1306 5426 1469 5482 illius
1494 5427 1670 5499 (Psal.
1690 5442 1891 5499 vang,

233 5494 363 5573 {26)
388 5497 617 5573 ju;ta:_
651 5495 851 5571 Καιρὸς
894 5502 993 5553 τοῦ
1040 5505 1267 5568 ποιῆσαι
1314 5501 1396 5569 τῷ
1450 5494 1653 5573 Κυρίῳ,
1687 5494 1892 5551 διεσκέ-

238 5562 410 5622 δασαν
433 5568 524 5622 τὸν
558 5569 729 5638 νόμον
760 5562 884 5624 σου.

309 5641 423 5711 (23)
450 5643 535 5696 En
569 5641 752 5696 habes
782 5641 1048 5713 Deiparaa
1067 5641 1522 5713 conceptionem
1552 5642 1709 5697 inter
1739 5655 1893 5713 prm-

237 5712 446 5784 cipuas
475 5719 652 5784 atque
680 5712 1039 5785 insigniores
1071 5712 1479 5770 solemnitates
1508 5712 1887 5771 recensitam.

1998 4634 2264 4708 ctitavit),
2294 4636 2457 4709 quod
2491 4637 2663 4691 unice
2700 4634 2802 4709 “agi
2854 4639 3143 4693 memoria
3188 4637 3420 4693 dicatur
3450 4634 3649 4709 nuntii

2006 4710 2079 4782 ab
2106 4706 2407 4782 Joﬁachimo
2439 4714 2497 4762 et
2527 4710 2697 4782 Anna
2717 4706 2941 4782 accepti
2975 4709 3047 4764 de
3071 4710 3316 4782 Virgine,
3336 4706 3649 4782 gignenda.

2005 4780 2314 4835 Consimili
2342 4796 2484 4834 sane
2526 4780 2701 4835 modo
2748 4778 2925 4852 paulo
2975 4786 3109 4852 post
3137 4778 3363 4835 mentio
3394 4778 3459 4834 fit
3488 4778 3653 4852 festi-

2005 4852 2201 4907 vitatis
2228 4853 2286 4905 ιη
2316 4868 2426 4921 qua
2457 4852 2678 4907 Gabriel
2720 4851 2862 4906 illud
2915 4851 3032 4908 Αὺε
3069 4854 3289 4921 Virgini
3312 4851 3650 4921 pronuntia-

2004 4926 2105 4978 vit.
2142 4926 2215 4977 At
2244 4922 2471 4977 adeone
2518 4922 2772 4994 desipiat
2818 4923 3137 4994 quispiam,
3188 4929 3253 4977 ut
3282 4924 3440 4977 dicat
3469 4926 3651 4975 totam

2004 4941 2105 4978 υιι.
2142 4941 2215 4977 At
2244 4941 2471 4977 adeone
2518 4941 2772 5047 aesnpiat
2818 4941 3137 4994 quispiam,
3188 4941 3253 4977 ιιι
3282 4941 3440 4977 (neat
3469 4941 3651 4975 tatam

2004 4994 2138 5050 festi
2171 4994 2464 5049 rationem
2486 4996 2644 5050 Auge
2678 4994 2965 5049 iadventu
2997 5000 3054 5049 et
3075 4994 3236 5048 illius
3257 4996 3371 5049 Ave
3394 5008 3655 5050 pronun-

2006 5011 2138 5050 Iesu
2171 5011 2464 5049 rationem
2486 5011 2590 5047 Αιι·
2617 5011 2965 5049 euauvemu
2997 5011 3054 5049 et
3075 5011 3236 5048 unus
3257 5011 3371 5049 Αυε
3435 5011 3653 5046 ronun-

2006 5066 2251 5145 tiatione
2278 5012 2936 5145 contineriéi‘Cmterum
2961 5066 3153 5145 prima
3167 5065 3345 5145 hujus
3374 5011 3653 5145 fgstivita-

2005 5138 2081 5193 tis
2107 5154 2382 5209 quaenam
2396 5153 2547 5209 vera
2578 5136 2653 5190 sit
2683 5136 2853 5198 ratio,
2888 5136 3180 5209 apertein
3217 5136 3332 5190 fine
3366 5136 3651 5209 orationis

2004 5209 2076 5264 ab
2109 5206 2348 5264 auctore
2379 5207 2746 5262 declaratum
2768 5206 3050 5278 reperies.
3078 5208 3427 5278 Quanquam
3458 5211 3517 5260 et
3540 5206 3652 5261 hoc

2004 5280 2155 5348 loco,
2189 5280 2357 5351 quasi
2383 5284 2589 5335 auctor
2618 5280 2851 5350 ineptos
2893 5280 3002 5351 hos
3038 5278 3293 5351 cavillos
3340 5278 3650 5351 divinaret,

2004 5349 2224 5433 adjecit
2253 5352 2433 5433 binas
2450 5349 2883 5433 .iflasoDei’parae
2909 5350 3269 5433 festivitates
3285 5349 3651 5433 itaalteram

2004 5421 2296 5479 ab'altera
2325 5421 2629 5495 distingui,
2662 5421 2800 5477 utin
2831 5422 3024 5493 prima
3038 5423 3349 5492 Conceptio,
3382 5421 3443 5476 in
3465 5421 3654 5495 altera

2002 5496 2276 5575 Nativjtas
2335 5492 2686 5575 celebretur.
2760 5492 2887 5575 an
2974 5510 3109 5575 ergo
3167 5510 3401 5548 merum
3456 5492 3651 5575 angeli

2002 5566 2304 5635 nuntium,
2338 5564 2442 5638 sed
2482 5564 2747 5638 Deiparae
2793 5564 3135 5638 Conceptio,
3184 5581 3371 5638 eaque
3401 5564 3650 5637 potiSsi-

2002 5654 2167 5693 mum
2200 5638 2311 5693 hoc
2341 5636 2489 5691 festo
2522 5636 2850 5692 colebatur.
