4066 6218
78 4836 97 4875 Γ

80 4916 98 4945 ιν

82 4988 93 5023 'i

90 5496 103 5529 ιλ

106 5556 113 5563 .

92 5566 115 5600 [μ

95 5626 300 5715 ﬁlia.
344 5626 563 5716 verum
581 5641 713 5716 jam
738 5639 891 5716 alias
920 5626 1278 5716 notavimus,
1313 5626 1588 5716 solemne.
1632 5650 1701 5716 a_c
1748 5635 1829 5716 fa-

93 5704 399 5775 Vmiliare
440 5714 536 5769 SS.
581 5704 871 5768 "Patribus
922 5709 1128 5778 fuisse,
1187 5704 1269 5764 ut
1303 5704 1593 5778 singulari
1650 5705 1829 5763 laude

206 377 347 433 4481

1246 382 1492 439 ΒΕΒΜΟ
1527 383 1603 437 IN
1639 378 2199 435 CONCEPTIONEM
2230 381 2587 437 DEIPARB.

3485 382 3626 449 1482

204 503 299 558 καὶ
333 502 478 558 εἶπεν
523 505 711 560 ’Ἄνναο
769 503 1028 580 Προσάξω
1084 503 1252 575 αὐτὴν
1308 503 1484 579 δῶρον
1544 503 1732 580 Κυρίῳ
1784 506 1835 571 τε

1976 503 2222 560 stetrix:
2257 505 2488 562 Filiam.
2520 508 2591 561 Et
2620 505 2887 564 subdidit
2916 510 3092 566 Anna
3124 526 3137 565 :
3169 513 3427 572 Aﬂ‘eram
3457 517 3623 577 illam

206 596 349 665 Θεῷ.

282 683 387 741 ΙΔ’.
454 678 568 738 Ἰδε
626 680 718 737 οὗν
771 687 953 759 σαφῶς
1012 680 1466 759 λειτουργοῦντας
1545 685 1614 756 τῇ
1669 677 1860 755 Τριάδι

196 770 443 849 Μαρίαν,
494 773 583 827 καὶ
644 772 868 842 νΑνναν,
936 773 1027 828 καὶ
1081 776 1365 846 Ἰωακειμο
1416 771 1701 842 τεήθείσης
1754 771 1857 846 γὰρ

190 869 301 931 τῆς
333 858 549 931 παιδὸς,
580 860 671 915 καὶ
702 860 1124 937 προκοπτούσης
1174 861 1389 933 ἡλικίᾳ,
1447 860 1510 915 οὐ
1567 861 1855 935 προσήγα-

188 972 296 1027 γον
328 939 495 1019 αὐτὴν
525 946 700 1020 διετῆ,
735 948 863 1005 οὐδὲ
918 949 1084 1006 παλιν
1140 955 1422 1025 τετραετῆ,
1472 946 1619 1004 ἀλλὰ
1666 954 1852 1023 τριετῆ

190 1040 276 1104 ὡς
304 1036 544 1116 Τριάδος
577 1038 890 1114 ἆχωρίστου
919 1038 1161 1112 νύμφην,
1209 1038 1303 1094 καὶ
1362 1035 1609 1094 παστάδα
1666 1036 1855 1111 ἀμίαν-

183 1148 311 1185 τον*
338 1128 428 1184 καὶ
457 1132 663 1191 κοινῶς
691 1130 739 1166 ⁷⁷
770 1131 1123 1205 προσήγαγον
1154 1127 1344 1198 αὐτὴν,
1404 1127 1480 1191 ὡς
1536 1125 1852 1201 μελλούσης

186 1218 364 1289 αὐτῆς
424 1216 707 1291 ἀμφότερα
764 1218 920 1272 εἶναι·
955 1218 1043 1272 καὶ
1110 1221 1328 1293 πρῶτον
1391 1216 1487 1290 μὲν
1547 1213 1721 1291 δῶρον
1770 1220 1852 1289 τῷ

185 1313 312 1381 Θιῷ
367 1307 753 1383 προσηνέχθη,
810 1302 994 1362 ἔπειτα
1049 1303 1108 1361 δὲ
1163 1307 1253 1362 καὶ
1311 1306 1433 1368 ναὸς
1487 1306 1579 1361 καὶ
1639 1306 1846 1382 θρόνος.

182 1401 559 1477 Προφητικῶς
615 1397 707 1452 οὗν
764 1398 1120 1472 προσήγαγον
1174 1396 1275 1466 τὴν
1338 1394 1605 1473 Παρθένον
1658 1395 1712 1451 ἐν
1767 1400 1849 1467 τῷ

180 1490 303 1560 ναῷ
328 1490 428 1542 τοῦ
459 1490 680 1562 Κυρῖου.

259 1666 329 1720 Ὤ
355 1665 452 1720 τοῦ
483 1663 760 1739 θαύματος
795 1663 808 1720 ί
839 1663 901 1721 Ὀ
932 1657 1180 1739 ἔμψυχοι
1236 1663 1361 1726 ναὸς
1389 1663 1482 1718 καὶ
1526 1663 1720 1739 θρόνος
1755 1680 1846 1738 χι-

188 1748 446 1831 ρουὸικὸς
503 1753 582 1815 εἷς
636 1754 763 1809 ναὸν
814 1752 875 1808 έκ
929 1752 1101 1817 λίθων
1146 1753 1638 1827 κατεσκευασμένον
1670 1772 1841 1828 προσ-

189 1843 430 1920 φέρεται.
491 1843 606 1919 Πρὸ
660 1841 762 1919 γὰρ
811 1840 1042 1898 πολλῶν
1100 1846 1298 1917 γενεῶν
1377 1842 1405 1897 ὁ
1464 1838 1632 1897 Δαυῒὸ
1716 1841 1841 1918 περὶ

187 1931 362 2003 αὐτῆς
390 1926 520 1987 ἐϐόα
577 1931 773 2009 λέγων·
826 1936 1122 2004 νΔκουσον,
1183 1933 1341 2011 φησί,
1397 1936 1532 1987 Θεοῦ
1591 1930 1839 2008 θύγατερ,

185 2022 281 2079 καὶ
312 2019 532 2094 ἵδε,καὶ
582 2020 766 2077 κλῖνον
815 2021 879 2077 τὸ
937 2022 1033 2085 οὗς
1091 2041 1208 2095 σου,
1266 2021 1357 2077 καὶ
1418 2019 1683 2086 ἐπιλάθου
1740 2020 1839 2077 τοῖ’)

187 2110 329 2168 λαοῦ
372 2133 491 2181 σου,
570 2111 660 2167 καὶ
737 2115 836 2166 τοῦ
913 2107 1071 2166 οἷ’κου
1124 2115 1222 2166 τοῦ
1294 2111 1501 2188 πατρός
1571 2130 1687 2166 σου’
1746 2112 1838 2167 καὶ

191 2198 518 2275 ἐπιθυμήσει
573 2201 600 2255 ὁ
661 2197 919 2276 βασιλεὺς
995 2204 1095 2255 τοῦ
1174 2197 1419 2262 κάλλους
1506 2220 1622 2256 σου.
1738 2201 1836 2254 Καὶ

186 2287 379 2345 πάλινο
464 2289 955 2365 Ἀπενεχθήσονται
1068 2289 1149 2362 τῷ
1276 2288 1496 2365 βασιλεῖ
1577 2290 1835 2363 παρθένοι

184 2375 364 2435 ὀπίσω
422 2377 611 2449 αὐτῆς.
688 2383 815 2435 Πῶς
893 2378 1359 2450 ἀπενεχθήσονται
1421 2395 1435 2448 ;
1497 2375 1723 2448 δηλόντι
1780 2376 1833 2433 έν

181 2466 493 2546 εὐφροσύνῃ
550 2468 638 2525 καὶ
685 2467 1030 2545 ἀγαλλιάσει.
1122 2466 1262 2524 Ποία
1336 2466 1493 2537 αὐτὴ,
1572 2468 1617 2521 ὧ
1699 2486 1835 2542 προ-

182 2565 331 2633 φῆτα
365 2577 381 2627 ;
411 2554 635 2628 Ἐπειδὴ
668 2558 771 2614 οὐκ
826 2551 933 2613 ἔδει
988 2558 1088 2628 τὴν
1154 2553 1413 2633 βασιλίδα
1464 2558 1509 2593 ’⁸⁸
1551 2557 1724 2630 μόνην
1757 2555 1834 2619 είς

177 2646 270 2702 τὸν
298 2646 428 2703 ναὸν
457 2648 555 2702 τοῦ
582 2646 851 2722 βασιλέως
900 2647 1291 2722 ἀπενεχθηναι,
1339 2649 1501 2700 τοῦτο
1557 2641 1838 2721 πόρῥωθεν

183 2731 275 2790 διὰ
304 2736 622 2809 Ηνεύματος
678 2736 835 2811 ἁγίου
892 2732 1161 2809 ᾀδόμενον
1210 2731 1443 2806 εἴρηται.
1486 2733 1589 2789 Καὶ
1646 2731 1832 2788 πάλιν

174 2824 247 2882 Αἱ
318 2824 562 2896 πλησίον
649 2823 816 2894 αὐτῆς
906 2821 1375 2899 ἀπενεχθήσονταί
1472 2842 1588 2881 σοι.
1701 2822 1833 2879 Ἀπ-

173 2912 459 2989 ηνέχθηαν
510 2912 691 2968 τοίνυν
755 2912 804 2949 ⁷⁸
833 2911 927 2968 σὺν
958 2914 1026 2987 τῇ
1085 2910 1209 2987 ἁγίᾳ
1265 2908 1520 2986 Παρθένῳ
1544 2909 1635 2965 καὶ
1666 2907 1831 2965 ἄλλαι

166 3002 465 3079 παρθένοι·
515 3000 800 3078 πρόδηλον
860 3003 944 3057 δτι
1001 3002 1092 3057 καὶ
1155 3000 1315 3056 αὐταὶ
1377 3001 1642 3075 μετέσχον
1674 2996 1831 3075 ἅγια-

167 3095 338 3165 σμοῦ.
369 3090 464 3154 Τίς
494 3092 598 3167 γὰρ
658 3092 978 3165 έψιωμένων
1007 3092 1053 3128 ⁸ο
1100 3088 1349 3166 βασιλέα,
1380 3086 1419 3158 ἤ
1478 3084 1733 3164 βασιλίδα
1761 3087 1830 3159 ⁸⁸,

165 3177 323 3257 δῶρα
341 3182 432 3236 καὶ
465 3180 676 3256 όψῶνια
695 3186 824 3255 παρ’
859 3179 1035 3236 αὐτῶν
1070 3177 1169 3235 οὐκ
1200 3179 1487 3254 ἀμείψεται
1522 3199 1537 3249 ;

238 3448 401 3509 Εΐσὶν
434 3445 494 3505 δὲ
522 3448 613 3505 καὶ
643 3446 811 3505 ἄλλαι
836 3447 1117 3526 παρθένοι·
1143 3446 1270 3506 ἀλλ’
1293 3445 1385 3504 ’ίνα
1409 3447 1500 3503 τὸν
1552 3446 1717 3525 λόγον
1749 3448 1825 3521 μή

166 3540 565 3618 μακρύνωμεν,
597 3537 762 3615 ὀλίγα
789 3538 879 3593 καὶ
910 3538 1035 3614 περὶ
1090 3537 1302 3593 ἐκείνων
1354 3536 1605 3609 λαλήσω,
1655 3536 1828 3593 Αὐταί

164 3629 307 3685 εἰσιν
365 3629 420 3683 αἱ
466 3629 570 3697 τήν
636 3626 926 3705 παρθενίαδ
985 3626 1165 3703 ὥσπερ
1215 3626 1485 3701 θησαυρὸν
1538 3624 1821 3702 βασιλικὸν

164 3718 477 3796 φυλάξασαι
531 3717 600 3786 ⁸³,
658 3715 1031 3792 προσέχουσαι
1091 3716 1306 3777 ἑαυταῖς
1366 3711 1678 3785 διαπαντὸς,
1730 3710 1824 3769 ’ίνα

166 3810 249 3881 μή
278 3812 403 3870 ταῖς
435 3806 595 3862 πέντε
629 3811 843 3882 μωραῖς
881 3805 1347 3878 ὁμοιωθήσονται,
1405 3799 1535 3857 ἀλλ⁹
1590 3802 1671 3857 ἀεὶ
1726 3801 1818 3856 τὸν

165 3898 461 3975 βασιλικὸν
495 3899 662 3970 σηκὸν
695 3897 1061 3975 φυλάττουσαι
1117 3895 1207 3951 καὶ
1273 3895 1422 3969 μόνῳ
1476 3898 1558 3967 τῷ
1598 3891 1821 3972 νυμφίῳ

155 3989 429 4045 αὐτῶν⁸3
469 3988 811 4064 ἆρέσκουσαι.
870 3984 1046 4047 Αὐτὸς
1100 3984 1200 4060 γὰρ
1259 3982 1561 4038 ἐνετείλατο
1620 3980 1817 4058 λέγων’

154 4076 367 4141 Οὐδεὶς
423 4073 642 4133 δύναται
701 4074 820 4132 δυσὶ
873 4074 1083 4152 κυρίοις
1144 4071 1456 4148 δομλεύειν.
1513 4066 1615 4130 Καὶ
1668 4071 1818 4129 πολ-

151 4169 253 4226 λαὶ
291 4167 391 4242 μὶν
434 4162 522 4222 διὰ
551 4170 652 4221 τοῦ
686 4165 984 4242 μαρτυρίου
1012 4166 1074 4219 τὸ
1132 4164 1400 4237 μακάριον
1437 4160 1600 4227 τέλος
1628 4159 1813 4239 ἔσχον

151 4255 355 4314 ἄλλαν
391 4253 450 4311 δὲ
488 4256 580 4311 καὶ
634 4253 704 4310 δι’
759 4256 1041 4326 ἀσκήσεως
1098 4252 1189 4308 καὶ
1246 4249 1337 4307 διὰ
1387 4255 1496 4307 τῶν
1544 4257 1813 4328 σαρκικῶν

149 4346 537 4422 πειρατηρίων
620 4345 1084 4424 ἐστεφανώθησαν,
1168 4343 1254 4398 καὶ
1341 4336 1419 4398 ἔτι
1488 4346 1815 4422 στεφανοῦν-

150 4458 272 4495 ται.

1972 592 2195 649 donum
2229 596 2477 651 Domino
2509 597 2646 654 Deo.

2042 686 2186 739 XIV.
2220 686 2304 740 En
2336 686 2533 757 palam
2562 688 2740 759 igitur
2757 690 3114 746 sacriﬁcium
3138 692 3334 748 Triadi
3366 696 3619 753 offeren-

1970 776 2058 826 tes
2090 773 2355 843 Mariam,
2388 777 2641 844 Annam,
2688 782 2748 832 et
2801 780 3191 836 Joachimum.
3254 783 3398 836 Cum
3458 784 3616 839 enim

1967 861 2125 917 edita
2154 862 2216 917 in
2242 863 2435 919 lucem
2467 864 2678 920 fuisset
2707 866 2925 938 puella,
2957 874 3135 939 atque
3176 876 3347 925 aetate
3372 888 3616 943 progre-

1966 949 2577 1022 deretur,obtulerunt
2608 972 2738 1010 eam
2769 973 2890 1011 non
2922 958 3161 1029 quidem
3185 959 3613 1027 bimulam,nec

1963 1039 2106 1094 item
2137 1043 2519 1112 quatrimam,
2549 1045 2653 1100 sed
2684 1046 2988 1101 trimulam
3020 1053 3301 1119 tanquam
3338 1049 3609 1107 indivisa:

1960 1130 2264 1186 Trinitatis
2297 1149 2602 1204 sponsam,
2654 1140 2713 1189 et
2770 1136 3101 1192 thalamum
3132 1138 3606 1197 immaculatum.

1959 1219 2272 1275 Communi
2303 1228 2590 1293 praeterea
2636 1229 2769 1278 voto
2827 1225 3021 1297 ipsum
3052 1227 3443 1297 adduxerunt,
3477 1235 3607 1286 tan-

1959 1324 2139 1379 quam
2171 1326 2303 1380 quaa
2321 1316 2640 1384 utrumque
2669 1313 2869 1369 futura
2898 1320 3119 1381 erat,ac
3148 1317 3340 1387 primo
3363 1319 3606 1389 quidem

1959 1397 2182 1453 donum
2215 1399 2414 1455 oblata
2446 1402 2562 1456 Deo
2595 1408 2703 1469 est,
2735 1402 2950 1460 deinde
2982 1421 3116 1461 vero
3176 1411 3236 1460 et
3281 1408 3608 1480 (tanquam)

1957 1488 2248 1560 templum
2281 1494 2339 1545 et
2367 1491 2640 1547 thronus.
2662 1493 3015 1564 Prophetico
3041 1494 3223 1567 igitur
3254 1496 3464 1567 spiritu
3489 1498 3606 1553 Vir-

1955 1578 2153 1650 ginem
2184 1578 2248 1634 in
2278 1580 2499 1651 templo
2531 1582 2769 1637 Domini
2810 1583 3175 1640 obtulerunt.

2027 1669 2071 1724 Ο
2100 1685 2227 1724 rem
2257 1669 2435 1742 plane
2466 1672 2678 1727 miram
2706 1672 2719 1726 ί
2770 1674 2834 1728 ln
2862 1674 3151 1746 templum
3182 1674 3482 1747 lapidibus
3504 1693 3606 1731 ex-

1955 1757 2315 1815 mditlcatum
2346 1763 2591 1817 aﬂ'ertur
2619 1763 2946 1819 animatum
2961 1765 3251 1835 templum
3272 1771 3332 1820 et
3353 1767 3601 1822 thronus

1951 1844 2337 1903 Cherubicus.
2370 1850 2441 1902 Et
2471 1865 2612 1904 sane
2630 1851 2755 1921 jam
2790 1867 2824 1905 a
2865 1851 3070 1906 multis
3096 1858 3233 1907 ante
3264 1855 3599 1926 generatio-

1950 1934 2129 1991 nibus
2159 1938 2338 1992 David
2388 1938 2461 1993 de
2519 1940 2648 2010 ipsa
2704 1940 2899 2010 palam
2957 1941 3309 1997 vaticinatus
3350 1949 3441 1998 est
3476 1945 3594 2015 (ηε

1947 2024 2122 2093 Audi,
2180 2026 2396 2097 inquit,
2455 2028 2553 2082 Dei
2609 2030 2718 2099 (34)
2772 2029 2915 2098 ﬁlia,
2987 2036 3039 2084 et
3091 2031 3237 2098 vide,
3288 2038 3341 2086 et
3384 2032 3598 2089 inclina

1950 2127 2138 2167 aurem
2170 2119 2342 2181 tuam,
2401 2119 2451 2168 et
2516 2116 2830 2171 obliviscere
2867 2118 3138 2188 papulum
3171 2125 3345 2185 tuum,
3385 2127 3437 2175 et
3492 2120 3593 2175 do-

1922 2200 2097 2256 'mum
2117 2204 2304 2272 patris
2335 2204 2419 2256 tui
2439 2220 2461 2266 ;
2491 2211 2545 2257 et
2602 2207 2945 2275 concupiscet
2990 2222 3092 2260 rea:
3123 2208 3595 2276 pulchritudinem

1948 2297 2099 2345 tuam
2130 2292 2218 2361 (f).
2252 2291 2323 2344 Et
2351 2307 2556 2346 rursus
2599 2308 2612 2345 :
2645 2293 3009 2349 Adducentur
3033 2296 3154 2363 regi
3183 2295 3427 2366 virgines
3470 2304 3597 2368 post

1946 2394 2064 2433 eam
2096 2380 2190 2449 (g).
2224 2379 2530 2444 Quomodo
2563 2380 2938 2438 adducentur
2965 2382 2994 2437 ?
3021 2385 3079 2437 in
3138 2384 3337 2439 latitia
3371 2385 3600 2441 scilicet

1945 2474 1998 2523 et
2029 2467 2393 2523 exsultatione
2423 2469 2525 2541 (h).
2558 2470 2759 2534 Qualis
2816 2476 2874 2527 et
2927 2478 3152 2543 quanta
3206 2473 3334 2529 haec
3382 2479 3491 2543 est,
3562 2492 3596 2530 ο

1944 2557 2276 2629 Propheta!
2333 2559 2627 2624 Quoniam
2683 2577 3063 2631 nequaquam
3121 2562 3371 2618 decebat
3424 2570 3490 2618 ut
3534 2564 3597 2619 in

1945 2647 2235 2717 templum
2268 2649 2423 2719 regis
2454 2648 2580 2703 sola
2611 2649 2738 2703 sine
2778 2650 3066 2704 comitatu
3103 2652 3309 2722 regina
3338 2652 3596 2707 adduce-

1944 2739 2141 2803 retur;
2168 2735 2296 2807 jam
2329 2741 2388 2789 et
2428 2735 2525 2791 hic
2576 2738 2892 2792 comitatus
2950 2738 3055 2792 diu
3114 2744 3250 2793 ante
3302 2755 3408 2809 per
3464 2741 3591 2810 Spi-

1944 2824 2121 2877 ritum
2178 2828 2453 2879 sanctum
2513 2826 2946 2896 praenuntiatus
2986 2825 3122 2880 est!
3183 2828 3253 2880 Et
3308 2839 3514 2881 rursus
3574 2844 3588 2881 :

1940 2913 2224 2969 Proxime
2247 2914 2364 2983 ejus
2390 2915 2697 2984 afferentur
2727 2915 2829 2968 tibi
2865 2915 2950 2985 (i).
2983 2914 3129 2969 Cum
3179 2920 3384 2969 sancta
3413 2915 3593 2988 igitur

1940 3002 2178 3074 Virgine
2210 3003 2342 3058 alim
2374 3019 2613 3074 quoque
2642 3003 2898 3075 virgines
2945 3002 3218 3059 adductae
3246 3021 3260 3072 ;
3294 3010 3493 3076 atque,
3524 3010 3592 3061 ut

1938 3091 2321 3147 manifestum
2354 3098 2464 3159 est,
2495 3098 2554 3148 et
2583 3093 2726 3163 ipsae
2760 3093 3249 3149 sanctiﬁcationis
3270 3094 3591 3166 participes

1938 3179 2201 3236 fuerunt.
2235 3182 2451 3253 Ecquis
2482 3182 2643 3237 enim
2676 3197 2882 3236 eorum
2915 3183 3016 3253 qui
3044 3189 3185 3238 sunt
3213 3184 3276 3237 in
3306 3184 3592 3239 comitatu

1942 3270 2098 3342 regis
2127 3269 2219 3326 vel
2248 3271 2489 3343 regina),
2525 3286 2779 3326 munera
2809 3271 2881 3326 ab
2914 3272 3060 3344 ipsis
3085 3273 3450 3345 praamiaque
3468 3289 3589 3329 non

1941 3359 2161 3414 referat
2188 3359 2218 3414 ‘I

2010 3448 2299 3503 Craterum
2342 3452 2400 3502 et
2428 3448 2559 3503 alim
2591 3453 2731 3503 sunt
2779 3449 3059 3523 virgines,
3121 3451 3193 3507 de
3251 3451 3467 3523 quibus
3515 3469 3591 3509 ne

1938 3554 2277 3594 sermonem
2310 3539 2544 3613 longius
2575 3541 2938 3611 protraham,
2972 3558 3161 3613 pauca
3218 3548 3452 3599 tantum
3500 3549 3590 3600 atv

1935 3629 2181 3700 tingam.
2216 3630 2314 3683 Hae
2349 3634 2493 3683 sunt
2522 3646 2653 3699 qua:
2711 3630 3112 3702 virginitatem
3162 3638 3447 3702 tanquam
3498 3648 3590 3689 re-

1932 3718 2093 3792 gium
2135 3717 2481 3773 thesaurum
2515 3734 2649 3773 cum
2701 3720 3081 3788 servaverint,
3118 3721 3438 3778 sollicitam
3497 3725 3589 3778 sui

1931 3823 2135 3862 curam
2167 3823 2475 3878 nunquam
2508 3825 2627 3862 non
2658 3808 2966 3881 adhibent,
2999 3816 3065 3866 ut
3108 3813 3371 3883 quinque
3403 3812 3582 3869 fatuis

1929 3912 2310 3967 nequaquam
2370 3896 2596 3953 similes
2650 3897 3008 3970 efﬁciantur,
3071 3901 3173 3956 sed
3220 3902 3445 3974 jugiter
3492 3901 3577 3956 vi-

1928 3985 2075 4058 giles
2121 3984 2364 4041 domum
2421 3987 2642 4059 regiam
2698 3990 3057 4060 custodiant,
3117 3996 3176 4045 et
3231 3992 3405 4045 unico
3467 4007 3573 4044 suo

1927 4075 2189 4146 ipsarum
2221 4092 2437 4147 sponso
2469 4076 2761 4147 placeant.
2808 4079 2894 4133 Ita
2924 4078 3085 4133 enim
3114 4079 3241 4148 ipse
3270 4078 3574 4148 praecepit,

1926 4165 2209 4236 inquiens
2238 4181 2251 4220 :
2285 4167 2449 4221 Nemo
2484 4172 2669 4236 potest
2725 4166 2936 4221 duobus
2991 4166 3226 4220 dominis
3253 4168 3455 4221 servire
3486 4166 3571 4236 (i).

1925 4255 1997 4309 Et
2025 4254 2228 4309 multae
2260 4254 2502 4324 quidem
2530 4254 2686 4309 facto
2718 4254 3004 4326 martyrio
3057 4259 3116 4309 et
3160 4253 3402 4309 beatum
3450 4253 3574 4308 exi-

1926 4349 2053 4399 tum
2084 4347 2501 4415 pervenerunt.
2537 4343 2679 4397 Aliaa
2716 4348 2917 4398 autem
2947 4359 3055 4414 per
3084 4347 3320 4399 sanctas
3349 4342 3573 4398 exerci-

1928 4433 2184 4489 tationes
2215 4436 2276 4487 et
2302 4431 2501 4487 carnis
2538 4432 2900 4488 tentationes
2957 4439 3251 4490 coronata)
3309 4433 3574 4490 fuerunt.

1926 4539 1993 4579 ac
2027 4537 2204 4595 porro
2226 4525 2605 4575 coronantur.

223 4671 302 4745 (ί)
337 4669 495 4729 Psal.
525 4685 673 4739 ων,
710 4673 795 4725 ιι.
824 4668 903 4741 (g)
924 4666 1050 4724 ibid
1081 4668 1167 4723 ιδ.
1200 4665 1282 4739 (Ii)
1315 4664 1437 4721 ibid
1471 4667 1557 4724 ιθ.
1589 4667 1647 4737 (i)
1677 4664 1835 4724 Psal.

1950 4682 2013 4735 IV,
2046 4665 2133 4721 15.
2168 4663 2231 4735 (i)
2258 4664 2459 4721 Matth.
2492 4680 2564 4737 γι,
2594 4664 2683 4722 24.

1539 4812 1777 4868 νΑΒυΕ
1817 4810 2215 4867 LECTIONES.

219 4924 274 4961 ’⁷⁷
308 4921 486 4980 Barb.
547 4925 691 4992 πῶς,
749 4938 886 4978 cum
942 4923 1088 4978 Caes.
1140 4922 1208 4977 A.
1269 4915 1508 4992 praetuli
1563 4919 1877 4992 κοινῶςηπ
1907 4917 2078 4992 Barb.
2138 4916 2336 4992 mend.

2394 4911 2697 4989 βασιλεῖδα.
2730 4917 2775 4951 ⁷9
2825 4918 2963 4983 Quae
3012 4917 3293 4989 deinceps
3323 4935 3358 4974 a
3396 4917 3577 4973 ﬁnem

141 5012 359 5068 usque
383 4985 716 5067 sequuntur
746 4993 965 5068 desunt
1014 4993 1073 5048 in
1132 4985 1343 5047 muti’lo
1403 4990 1535 5045 cod.
1596 4992 1760 5068 (ζωοί,
1797 4991 1855 5047 B.
1911 4990 1957 5025 ⁸ο
2008 4990 2316 5068 (ξοδεχ-ΔΑ...
2340 4987 2367 5040 ὁ
2395 4985 2677 5068 ψικεόωνκ
2710 5005 2823 5068 nec
2854 4989 3054 5068 minus
3084 4985 3371 5068 mendose
3405 4990 3577 5047 Barb.

82 5060 97 5139 ⁵,
145 5059 633 5141 ὁψιὶιεόωνῘΤιόε
663 5082 841 5137 porro
866 5065 1159 5141 habemus
1184 5080 1384 5141 voces,
1416 5067 1641 5141 (ψευδὲς
1686 5062 1950 5141 aliquam
1976 5059 2464 5141 ‘silmili‘tudinem
2497 5076 2630 5115 cum
2664 5059 2757 5141 his
2787 5060 3044 5141 mendis,
3078 5065 3138 5115 et
3166 5078 3407 5141 sensum
3435 5076 3579 5141 con-

140 5127 352 5211 textui
409 5127 757 5211 congrua-mi
786 5136 1066 5211 habeant,
1106 5135 1384 5211 videlicet
1422 5127 1723 5211 _§na8sv5_mv
1757 5127 1829 5211 ab
1860 5127 2133 5211 ὀπαδεύω,
2181 5128 2559 5211 ὀψικέλευθος,
2592 5127 3166 5211 qu_od_est‘sero'_seu
3183 5140 3310 5202 post
3332 5136 3576 5202 veniens,

84 5202 109 5282 ᾖ
144 5219 210 5269 et,
248 5200 577 5282 ἑψιῳμινιξν
612 5209 684 5282 ab
704 5207 994 5282 έψιάομαι,
1025 5200 1387 5282 quod,_teste
1407 5206 1595 5282 _l_lenr_.
1617 5203 2142 5282 _Stephano,._idein
2170 5203 2348 5282 etiam
2378 5200 2628 5282 valet‘ac
2653 5200 2994 5282 ἀκολουθέει).
3036 5200 3402 5282 lfoslfemam
3432 5200 3576 5277 prus;

85 5260 97 5341 ί
699 5260 939 5337 έίΙΒαιῙῘ).
1192 5260 1517 5351 ’βαγσιλεῖδω
1547 5274 1594 5311 ³³
1616 5260 1785 5333 Barb.
1817 5260 2073 5354 φυλᾶξαι,
2103 5275 2249 5330 Οωδ.
2281 5277 2348 5329 Α.
2381 5271 2705 5350 φυλάξασαι.
2734 5275 2782 5310 ⁸³
2811 5274 2982 5331 Barb.
3015 5272 3222 5336 αὐταῖς,

1775 5393 2002 5448 NOTAE.

215 5498 349 5572 (34)
380 5498 497 5578 Suo
529 5500 718 5578 marte
774 5492 1174 5578 {oanneshhic
1205 5492 1417 5578 “addit”
1445 5507 1648 5578 vocem
1679 5492 1781 5547 Dei
1800 5509 1823 5555 ;
1932 5492 2251 5573 Deiparam.
2274 5506 2382 5578 ceu
2411 5492 2513 5547 Dei
2558 5492 2731 5561 ﬁliam
2758 5492 3151 5578 celebrarent.
3199 5493 3405 5578 Nil-pr:

1334 5563 1476 5633 ﬁlia,
1527 5564 1633 5619 sed
1664 5579 1828 5619 mere
1935 5563 2179 5630 mirum,
2207 5563 2256 5619 si
2287 5562 2442 5618 ultro
2478 5580 2550 5619 ex
2600 5579 2702 5619 ore
2732 5569 2791 5620 et
2828 5564 3055 5621 calamo
3107 5562 3349 5622 Joannis
3392 5566 3451 5622 id
3480 5582 3578 5622 ex-

138 5564 360 5642 ne'que
383 5572 547 5627 enim
577 5570 640 5624 in
670 5568 906 5642 Psalmo
938 5566 1152 5642 legitur
1194 5564 1293 5620 Dei

451 5833 720 5895 Panos.
769 5829 880 5892 Gn.
925 5827 1135 5892 XCVI.

1932 5491 2251 5573 Deiparam.
2274 5506 2382 5575 ceu
2411 5490 2513 5547 Dei
2558 5492 2731 5561 ﬁliam
2758 5492 3151 5575 celebrarent.
3199 5493 3579 5575 Nil.pr_o_inde

1938 5633 2101 5690 cidit.

3221 5827 3300 5886 47
