4066 6218
179 380 305 438 1489

1195 381 1444 437 SERMO
1480 381 1556 435 IN
1593 377 2147 435 CONCEPTIONEM
2183 382 2540 439 DBIPARB.

3427 389 3567 445 1490

172 506 348 581 τρόμῳ
375 526 467 562 και
494 498 652 582 φόϐῳ
682 506 789 574 τὴν
817 501 1160 581 λειτουργίαν
1224 504 1607 564 ἐπιτελοῦντας
1641 523 1655 571 ;
1711 502 1804 556 οὐκ

1924 507 2218 561 exercitus
2247 507 2427 563 duces
2457 508 2633 587 ‘Inon.
2678 509 2866 571 habet.
2913 511 3220 588 satellites,
3272 515 3372 584 qui
3429 532 3563 573 cum

173 596 297 652 εἷσῖν
354 594 504 666 αὐτῷ
548 592 829 669 βασιλικοί

171 685 323 741 αὐτοῦ
380 683 542 739 ἐστιν·
604 681 794 739 Χίλιαι
843 680 1101 745 χιλιάδες
1162 682 1213 738 ἐν
1276 682 1526 757 οὐρανοῖς
1586 680 1609 713 ’⁷
1665 679 1813 750 αὐτῷ

166 775 529 850 παρίστανται,
599 774 693 827 καὶ
788 771 977 849 μύριαι
1063 770 1321 847 μυριάδες
1379 772 1402 806 δ
1457 772 1815 845 λειτουργοῦ-

173 887 251 919 σιν
282 864 444 936 αὐτῷ.

238 957 340 1012 lH'.
366 958 543 1011 Ταῦτα
586 951 762 1013 οὕτως
819 947 937 1026 ἔχει
994 950 1087 1006 τὸν
1139 951 1340 1027 τρόπον
1397 957 1498 1019 τῆς
1555 947 1812 1013 θεοτόκου

168 1044 371 1120 Μαρίας
423 1039 903 1117 ἀναστρεφομένης
960 1040 1037 1103 εἷς
1091 1040 1158 1095 τὰ
1214 1044 1383 1115 ’Ἅγια
1434 1044 1541 1093 τῶν
1605 1036 1802 1113 ἁγίων·

168 1134 326 1204 αὐτὴν
360 1132 416 1189 δὲ
438 1133 619 1203 πάσης
653 1130 1003 1202 δικαιοσύνης
1032 1132 1301 1207 ἀνωτέραν
1340 1129 1649 1206 δειχθῆναι.

233 1321 295 1368 ’Ὠ
337 1320 438 1383 τῆς
498 1309 781 1369 Ἰουδαίων
840 1310 1200 1385 πωρώσεως⁹
1260 1311 1271 1366 l
1333 1305 1378 1363 ὤ
1433 1312 1533 1378 τῆς
1590 1306 1806 1363 ἐκείνων

166 1404 342 1465 ἀνοίας
377 1404 389 1460 l
423 1403 490 1456 Ὠ
517 1408 619 1470 τῆς
652 1400 938 1475 αἱρετικῶν
988 1396 1369 1475 βλασφημίας,
1401 1394 1446 1452 ὥ
1503 1404 1605 1467 τῆς
1649 1395 1806 1450 ἐσκο-

161 1492 410 1567 τισμένης
471 1489 647 1545 αὐτῶν
708 1486 953 1565 καρδίας.
1011 1486 1183 1546 Οὐδὲν
1236 1488 1337 1565 γὰρ
1392 1489 1445 1542 οἱ
1523 1483 1660 1563 ἔριδι
1716 1483 1806 1540 καὶ

160 1583 306 1655 ξήλῳ
354 1580 825 1657 προσκρούοντες,
881 1579 954 1640 ὡς
1002 1577 1181 1654 χύτρα
1240 1573 1456 1648 λέϐητι,
1500 1574 1652 1645 ἥττω
1707 1578 1805 1630 τοῦ

160 1674 503 1750 φρονήματος
554 1674 662 1725 τῶν
719 1665 999 1727 Ἰουδαίων
1062 1666 1216 1723 εἰσίν.
1274 1667 1439 1722 Αὐτοὶ
1487 1666 1589 1741 γὰρ
1641 1685 1804 1740 προσ-

153 1765 455 1835 κρούονται,
516 1759 605 1814 καὶ
666 1757 817 1813 αὐτοὶ
883 1752 1282 1832 συντρίϐονται.
1329 1757 1397 1811 ’Ἠ
1448 1754 1547 1811 οὐκ
1588 1755 1724 1824 ἦσαν
1762 1756 1804 1793 ¹⁰

154 1853 204 1908 οἰ
230 1857 499 1929 προφῆται
535 1848 586 1922 ἐξ
618 1847 793 1902 αὐτῶν
828 1867 844 1920 ;
876 1848 988 1904 Νῦν
1022 1844 1079 1901 δὲ
1110 1845 1238 1909 τοῦς
1292 1843 1615 1921 ὁμοφύλους
1662 1864 1800 1917 προ-

155 1944 320 2021 φήτας
348 1939 736 2016 ὁμολογοῦσιν,
766 1942 883 1999 τοῖς
916 1933 974 1990 δὲ
1006 1934 1198 2012 λόγοις
1231 1935 1406 1991 αὐτῶν
1460 1935 1522 1990 οὐ
1582 1935 1796 1988 πείθον-

152 2054 261 2088 ται.
292 2032 403 2087 Ποῦ
443 2030 532 2083 οῦν
567 2025 704 2083 εἶδον
739 2027 818 2091 εἷς
872 2025 1043 2088 πάσας
1089 2025 1274 2101 γενεὰς
1320 2023 1489 2097 κόρην
1525 2028 1564 2061 ¹¹
1601 2023 1676 2085 εἷς
1733 2024 1799 2078 τὰ

154 2125 321 2195 ’Ἅγια
347 2123 454 2174 τῶν
517 2118 681 2194 ἁγίων
741 2116 1152 2192 ἀνατραφεῖσαν,
1212 2116 1246 2184 ἢ
1307 2114 1471 2169 πάλιν
1533 2112 1795 2187 παρθένον

158 2210 296 2282 μετά
339 2207 545 2277 τόκον;
602 2206 743 2282 Οὐχὶ
802 2206 981 2275 αὐτοὶ,
1042 2203 1131 2259 ὅτε
1187 2202 1474 2279 ἀρχιερεὺς
1508 2205 1536 2257 6
1595 2202 1798 2277 Κύριος

152 2297 380 2374 ἐγένετο,
442 2294 601 2359 ἰδίαις
680 2295 870 2371 χερσὶν
930 2293 981 2364 ἐξ
1068 2292 1243 2348 αὐτῶν
1306 2313 1446 2354 τινες
1504 2292 1797 2369 γράφοντες

154 2386 519 2461 ὡμολόγησαν
555 2388 598 2425 ί²
627 2385 899 2459 Παρθένον
951 2384 1051 2453 τήν
1111 2382 1263 2458 ἁγίαν
1319 2383 1535 2457 Μαρίαν
1571 2388 1795 2458 ;Ψηφι-

156 2475 351 2532 σάντων
377 2476 478 2551 γάρ
530 2497 692 2531 τινων
750 2476 843 2531 τὸν
902 2474 1103 2547 Κύριον
1165 2472 1217 2544 ἐξ
1274 2472 1449 2527 αὐτῶν
1516 2472 1799 2548 ἀρχιερέα,

151 2564 245 2621 ’ίνα
271 2566 539 2641 πληρωθῇ
572 2566 599 2620 6
659 2563 823 2641 λόγος
871 2564 899 2619 ὁ
943 2564 1344 2639 γεγραμμένος·
1380 2560 1455 2615 Σὺ
1512 2561 1688 2637 ἱερεὺς
1725 2561 1800 2623 εἷς

153 2659 246 2715 τὸν
326 2657 498 2713 αἰῶνα
568 2659 707 2713 κατὰ
784 2657 881 2725 τὴν
947 2656 1095 2727 τάξιν
1170 2649 1538 2727 Μελχισεδέκ·
1619 2651 1702 2705 ’ὃτι
1772 2652 1799 2706 6

159 2748 325 2827 σοφίᾳ
402 2749 550 2824 παρὰ
607 2751 740 2802 Θεοῦ
808 2747 899 2801 καὶ
974 2744 1273 2820 ἀνθρώπων
1346 2741 1412 2810 ἦν
1494 2740 1797 2816 προκόψας·

151 2841 244 2896 καὶ
296 2840 340 2878 ³³
398 2838 457 2895 ἐκ
514 2838 695 2917 φυλῆς
759 2836 1071 2913 βασιλικῆς,
1127 2832 1217 2889 καί
1290 2833 1680 2908 ἀρχιερατικῆς
1731 2829 1799 2899 ἦν

155 2929 338 3005 Μαρία
367 2931 402 2999 ἠ
438 2928 563 3004 ἁγία
603 2927 889 2989 Θεοτόκος·
950 2925 1086 2981 κατὰ
1140 2924 1204 2979 τὸ
1252 2921 1552 2994 εἰθισμένον
1612 2921 1657 2958 1⁸
1710 2918 1799 2974 οῦν

152 3022 341 3081 αὐτοῖς
418 3017 700 3089 ἐποίησαν.
763 3020 888 3075 Τῶν
977 3016 1081 3091 γὰρ
1133 3008 1541 3089 προϐαινόντων
1613 3008 1798 3085 ἱερέων

156 3109 441 3181 ἐξεζήτουν
466 3108 560 3163 τὸν
592 3106 818 3182 πατέρα,
849 3108 940 3161 καὶ
1004 3107 1104 3175 τὴν
1164 3104 1392 3179 μητέρα,
1424 3100 1514 3157 καὶ
1572 3096 1803 3177 ἔγραφον

156 3200 226 3255 τά
255 3199 499 3273 ὀνόματα
528 3198 706 3253 αὐτῶν
735 3196 813 3261 εἶς
853 3197 952 3265 τὴν
988 3196 1035 3232 ¹⁵
1091 3198 1272 3271 ψῆφον
1322 3198 1423 3262 τῆς
1476 3189 1799 3265 ἱερωσύνης·

889 614 901 663 ;
963 594 1072 661 ναὶ,
1128 596 1283 672 φησὶ,
1340 598 1481 647 πᾶσα
1528 594 1562 661 ἡ
1644 590 1804 651 κτίσις

1922 595 2135 651 timore
2168 600 2226 651 et
2257 602 2513 653 tremore
2543 580 2803 654 astantes
2835 582 3097 655 ofﬁcium
3130 580 3418 673 explent?
3442 622 3563 660 non

1925 685 2103 740 habet
2133 687 2323 759 regios
2353 688 2710 758 praefectos?
2738 680 2919 745 habet
2948 707 3108 758 sane,
3131 691 3324 746 omnis
3346 694 3563 764 quippe

1924 780 2193 830 creatura
2224 778 2411 848 ipsius
2444 782 2573 831 est:
2634 779 2811 833 Millia
2868 781 3103 834 millium
3161 788 3343 836 astant
3400 784 3449 836 ei
3504 781 3565 835 in

1924 867 2093 931 certis,
2126 873 2177 920 et
2207 867 2381 921 decies
2403 874 2630 921 centena
2660 869 2841 922 millia
2874 872 2981 939 ipsi
3008 873 3325 925 ministrant
3358 874 3456 940 (ας).

1995 954 2187 1008 XVIII.
2223 957 2357 1009 Haec
2403 956 2483 1010 ita
2526 974 2589 1011 se
2640 958 2863 1012 habent
2920 960 3115 1029 quoad
3173 959 3412 1015 modum
3448 977 3564 1031 quo

1922 1045 2026 1099 Dei
2051 1044 2304 1116 genitrix
2333 1045 2511 1100 Maria
2554 1046 2614 1100 in
2643 1048 2872 1101 Sanctis
2930 1056 3268 1115 sanctorum
3323 1066 3566 1104 conver—

1922 1134 2183 1200 sabatur,
2218 1138 2276 1188 et
2304 1150 2419 1203 quo
2469 1136 2631 1189 omni
2655 1136 2891 1207 justitia
2921 1140 3289 1210 (caeterarum
3335 1144 3563 1194 creatu-

1918 1227 2138 1291 rarum)
2171 1223 2485 1279 sublimior
2514 1230 2755 1281 ostensa
2777 1230 2883 1281 est.

1990 1314 2033 1368 Ο
2051 1312 2390 1381 Iudaeorum
2417 1312 2728 1369 duritiem!
2760 1316 2801 1369 Ο
2829 1316 3173 1371 eorumdem
3205 1317 3559 1373 amentiam!

1920 1402 2032 1457 Sed
2067 1420 2100 1457 ο
2133 1401 2548 1457 hmreticorum
2580 1420 2818 1474 quoque
2849 1404 3282 1476 blasphemiam
3306 1406 3377 1462 lO
3400 1407 3557 1478 ipso-

1919 1508 2051 1546 rum
2083 1507 2319 1562 quoque
2351 1492 2529 1547 corda
2559 1492 2855 1548 obcaacata
2884 1493 2895 1547 l
2930 1494 3153 1564 Quippe
3185 1494 3285 1565 qui
3317 1500 3558 1549 conten-

1918 1583 2080 1635 tione
2112 1586 2172 1635 et
2227 1581 2605 1637 aamulatione
2636 1582 3053 1654 impingentes,
3081 1588 3360 1653 tanquam
3412 1589 3562 1639 testa

1918 1671 1978 1725 in
2010 1671 2285 1742 lebetem,
2318 1672 2470 1727 nihil
2492 1672 2716 1728 distant
2763 1690 2797 1728 a
2842 1673 3178 1728 Judaeorum
3208 1674 3555 1744 pervicacia.

1917 1761 2032 1831 Ipsi
2067 1762 2228 1816 enim
2259 1761 2642 1829 colliduntur,
2676 1767 2733 1817 et
2764 1763 2875 1834 ipsi
2908 1765 3415 1819 conteruntur.An
3437 1779 3555 1818 non

1914 1855 2083 1905 erant
2112 1867 2181 1905 ex
2213 1850 2334 1906 illis
2376 1853 2680 1923 prophetae
2711 1852 2738 1908 ‘l
2778 1854 2967 1909 Etiam
3013 1869 3172 1909 nunc
3198 1854 3557 1908 conﬁtentur

1907 1942 2155 2013 (Judaai),
2204 1943 2525 2014 prophetas
2570 1961 2641 1999 ex
2689 1944 2955 2015 ipsorum
3016 1950 3175 2000 ortos
3232 1945 3553 2017 propagine

1906 2030 2088 2085 fuisse
2123 2047 2135 2098 ;
2170 2034 2229 2086 at
2258 2033 2515 2087 oraculis
2548 2049 2751 2088 eorum
2810 2033 3019 2088 cedere
3073 2034 3303 2089 abuunt
3359 2035 3554 2089 incre-

1909 2120 2054 2175 duli.
2088 2121 2477 2185 Quandonam
2524 2122 2704 2194 igitur
2751 2139 2859 2193 per
2908 2124 3175 2178 omnium
3225 2124 3554 2195 generatio-

1908 2225 2054 2263 num
2086 2209 2403 2264 decursum
2433 2209 2711 2265 viderunt
2741 2211 3068 2282 puellulam
3088 2213 3150 2265 in
3182 2212 3410 2267 Sanctis
3429 2229 3561 2267 san-

1909 2302 2139 2352 ctorum
2169 2298 2522 2353 innutritam
2551 2300 2579 2353 ‘?
2604 2300 2693 2354 vel
2734 2316 2960 2365 rursus,
3003 2300 3250 2355 ubinam
3292 2300 3569 2356 viderunt

1908 2387 2195 2459 virginem
2222 2393 2356 2458 post
2385 2392 2619 2458 partum
2650 2388 2678 2442 Ἰ
2706 2390 2934 2456 Nonne,
2967 2405 3102 2443 cum
3136 2390 3423 2445 Dominus
3455 2390 3559 2445 de-

1909 2477 2166 2533 claratus
2224 2482 2315 2532 est
2356 2494 2626 2532 summus
2682 2478 2988 2544 sacerdos,
3050 2480 3309 2550 propriis
3364 2480 3561 2535 mani-

1909 2566 2018 2622 bus
2078 2585 2148 2623 ex
2202 2568 2347 2638 ipsis
2401 2569 2643 2637 quidam
2704 2568 3031 2623 scribentes
3087 2569 3343 2624 confessi
3422 2575 3562 2625 sunt

1911 2663 2176 2711 sanctam
2209 2657 2449 2711 Mariam
2480 2656 2664 2709 fuisse
2696 2656 2980 2727 virginem
3009 2656 3034 2710 '?
3062 2657 3206 2711 Cum
3239 2658 3399 2711 enim
3428 2659 3558 2728 qui-

1911 2746 2047 2802 dam
2128 2763 2196 2800 ex
2274 2744 2419 2816 ipsis
2474 2745 2792 2798 Dominum
2847 2744 3561 2800 decernerentsummum

1913 2834 2280 2891 sacerdotem
2339 2834 2435 2903 (ut
2486 2833 2837 2904 impleretur
2894 2849 3090 2887 sermo
3141 2834 3240 2903 qui
3301 2834 3557 2905 scriptus

1913 2930 2050 2981 est:
2088 2927 2164 2979 Tu
2200 2939 2254 2979 es
2307 2922 2555 2978 sacerdos
2608 2921 2669 2977 in
2721 2929 2984 2977 aeternum
3052 2923 3347 2977 secundum
3406 2923 3557 2978 ordi-

1911 3032 2033 3071 nem
2063 3013 2449 3070 Melchisedech
2479 3012 2611 3084 (48),
2672 3018 2985 3084 propterea
3043 3012 3198 3083 quod
3248 3014 3375 3084 ipse
3416 3030 3558 3083 pro-

1910 3106 2129 3175 ﬁciebat
2186 3105 2463 3173 sapientia
2521 3118 2702 3156 coram
2761 3104 2869 3157 Deo
2926 3109 2977 3157 et
3024 3102 3332 3157 hominibus
3364 3105 3452 3171 (t),
3502 3106 3562 3157 et

1917 3195 2098 3249 Maria
2133 3198 2333 3248 sancta
2368 3192 2469 3246 Dei
2530 3193 2713 3247 Mater
2762 3197 2889 3247 erat
2947 3208 3011 3247 ex
3061 3191 3244 3262 stirpe
3286 3192 3447 3263 regia
3505 3196 3563 3245 et

150 3253 638 3364 naivtnnpcbtncav
675 3288 720 3325 ¹⁶
750 3253 847 3356 τῆν
899 3253 1052 3361 ἀγίαν
1106 3253 1481 3358 λτἾΙΙαρθέ-ιον
1528 3253 1801 3356 λέγοντες·

1920 3283 2293 3351 sacerdotali,
2328 3281 2578 3354 proinde
2612 3281 2939 3337 secundum
2998 3298 3227 3337 morem
3285 3281 3431 3353 ipsis
3474 3282 3563 3336 fa-

156 3375 283 3442 Υἱός
316 3400 412 3434 σου
445 3377 586 3433 ἐστιν
612 3378 640 3433 6
673 3378 880 3447 Ἰησοῦς
921 3394 934 3443 ;
990 3375 1054 3428 Ἥ
1112 3370 1169 3427 δὲ
1220 3366 1437 3447 ἔφησεν·
1468 3369 1589 3428 Ναί.
1622 3371 1690 3427 Οἱ
1749 3366 1806 3424 δὲ

153 3472 333 3527 εἶπον·
367 3468 471 3524 Καὶ
528 3468 613 3528 τίς
660 3466 804 3521 ἐστιν
866 3466 894 3519 6
955 3465 1136 3538 πατὴρ
1186 3462 1354 3516 αὐτοῦ
1386 3482 1400 3531 ;
1436 3462 1499 3517 Ἡ
1560 3457 1618 3515 δὲ
1670 3480 1806 3513 παν-

152 3564 392 3633 άμωμος
432 3554 722 3631 ἀπεκρίθη·
780 3554 989 3631 Πατέρα
1052 3552 1146 3625 μὶν
1199 3551 1287 3607 ἐπὶ
1346 3558 1449 3627 γῆς
1510 3549 1610 3606 οὐκ
1667 3548 1802 3605 ἔχει·

147 3651 262 3728 ἐγὼ
295 3650 353 3705 δὶ
388 3650 650 3725 ἐγέννησα
707 3647 868 3701 αὐτὸν
903 3645 976 3706 ὡς
1036 3640 1175 3698 οἶδεν
1228 3640 1407 3703 αὐτός.
1467 3642 1654 3716 Πατὴρ
1706 3639 1807 3715 γὰρ

147 3737 322 3797 αὐτοῦ
353 3740 380 3793 6
411 3738 539 3799 Θεός
568 3736 728 3793 ἐστιν.
759 3737 826 3794 Οἱ
858 3732 918 3791 δὲ
974 3734 1149 3788 εἶπον·
1179 3732 1270 3787 καὶ
1324 3732 1619 3808 γράφωμεν
1648 3728 1807 3784 αὐτὸν

146 3832 234 3892 εἷς
264 3831 364 3898 τήν
390 3828 601 3906 γραφὴν
631 3830 725 3882 τοῦ
754 3825 929 3898 τόμου
989 3824 1103 3877 υἱὸν
1166 3823 1211 3857 ¹⁸
1261 3825 1358 3876 τοῦ
1417 3824 1551 3875 Θεοῦ
1583 3840 1598 3889 ;
1631 3820 1694 3876 Ἡ
1753 3817 1811 3873 δὲ

146 3922 324 3979 εἶπεν·
354 3920 618 3994 Γράψατε.
654 3916 758 3972 Καὶ
816 3911 1049 3989 ἔγραψαν
1111 3912 1188 3974 εἷς
1241 3912 1333 3966 τὸν
1393 3911 1563 3984 τόμον
1616 3908 1809 3973 οὕτως·

148 4014 371 4081 Ἰησοῦς
393 4010 421 4063 6
454 4010 570 4069 υἱὸς
594 4010 690 4062 τοῦ
722 4009 882 4072 Θεοῦ,
912 4004 1003 4059 καὶ
1062 4002 1178 4063 υἱὸς
1240 4000 1454 4075 Μαρίας
1480 4003 1549 4073 τῇ
1608 3998 1812 4061 ἄνωθεν

143 4103 328 4177 ψήφῳ
360 4098 440 4161 εἷς
467 4098 560 4153 τὸν
593 4096 765 4151 αἰῶνα
794 4092 1089 4168 ἱερεύσεται
1123 4092 1190 4130 19·
1242 4089 1333 4145 καὶ
1394 4088 1693 4164 ἐπληρώθη
1751 4088 1812 4142 τὸ

1915 3374 2169 3429 ciebant.
2216 3372 2470 3427 Proinde
2512 3371 2843 3427 astantibus
2870 3370 3277 3427 sacerdotibus
3308 3371 3564 3425 interro-

1916 3467 2200 3536 gaverunt
2224 3467 2453 3534 patrem
2499 3466 2556 3515 et
2613 3466 2886 3526 matrem,
2940 3464 2997 3515 et
3054 3461 3424 3531 scripserunt
3471 3476 3563 3514 eo-

1916 3571 2048 3609 rum
2081 3553 2326 3607 nomina
2355 3551 2417 3605 in
2467 3566 2649 3606 censu
2716 3549 3032 3604 sacerdotii
3078 3554 3185 3617 ;et
3236 3550 3564 3622 interroga-

1917 3648 2058 3699 runt
2085 3648 2348 3698 sanctam
2395 3641 2496 3694 Dei
2534 3642 2775 3694 Matrem
2837 3639 3102 3695 dicentes
3133 3655 3146 3693 :
3196 3642 3373 3695 Estne
3406 3639 3566 3695 ﬁlius

1921 3740 2055 3789 tuus
2085 3734 2253 3787 Iesus
2285 3732 2311 3786 ?
2341 3731 2521 3786 Maria
2546 3746 2680 3784 vero
2736 3729 3047 3801 respondit
3081 3746 3093 3785 :
3156 3729 3388 3801 Utique.
3450 3730 3567 3801 Ipsi

1920 3830 2118 3879 autem
2150 3820 2547 3877 addiderunt:
2608 3820 2964 3889 Ecquisnam
3020 3824 3109 3874 est
3164 3825 3334 3891 pater
3380 3820 3510 3892 ejus
3542 3820 3569 3874 ?

1921 3912 2245 3983 Respondit
2292 3910 2649 3981 purissima:
2687 3911 2747 3964 In
2782 3914 2937 3965 terra
2966 3909 3206 3980 quidem
3239 3927 3361 3965 non
3390 3909 3573 3964 habet

1921 4009 2201 4076 patrem;
2261 4017 2365 4073 ego
2415 4001 2611 4072 ipsum
2659 3999 2836 4071 genui
2895 4004 2961 4053 ut
3017 3999 3179 4053 novit
3226 4000 3372 4069 ipse.
3409 4000 3566 4053 Deus

1925 4094 2082 4149 enim
2114 4097 2202 4146 est
2245 4096 2413 4162 pater
2461 4091 2609 4161 ejus.
2668 4088 2761 4141 Illi
2817 4104 2953 4142 vero
2983 4087 3304 4142 dixerunt:
3338 4086 3567 4141 Scribe—

1924 4198 2136 4240 musne
2169 4182 2230 4235 in
2283 4180 2530 4234 elencho
2588 4177 2831 4242 codicis,
2886 4174 3041 4245 quod
3100 4176 3228 4245 ipse
3277 4174 3353 4229 sit
3407 4174 3568 4229 ﬁlius

143 4191 541 4267 γεγραμμένον
576 4187 650 4241 ὠς
682 4183 935 4260 ἀνωτέρω
967 4180 1298 4253 δεδήλωται·
1360 4181 1434 4235 Σὺ
1484 4178 1659 4256 ἱερεὺς
1737 4178 1814 4241 είς

136 4282 246 4337 τὸν
301 4280 477 4335 αῗῶνα
530 4277 669 4332 κατά
725 4276 823 4343 τήν
882 4273 1030 4344 τάξιν
1086 4267 1455 4347 Μελχισεδέκ.
1508 4270 1657 4326 Μετὰ
1710 4268 1813 4343 γὰρ

136 4375 245 4427 τοῦ
292 4368 625 4442 ὑποστρέψαι
680 4366 771 4421 τὸν
832 4364 1032 4438 Κύριον
1091 4361 1151 4417 έκ
1194 4365 1296 4426 τῆς
1355 4360 1588 4437 ἐρήμου,
1648 4359 1812 4428 ἦλθεν

136 4462 226 4525 εἷς
284 4460 556 4535 Ναζαρὲτ,
618 4458 681 4512 οὗ
737 4456 803 4524 ἦν
863 4452 1359 4527 ἀνατεθραμμένος·
1416 4450 1509 4505 καὶ
1563 4448 1804 4519 εἰσῆλθεν

1927 4450 2143 4513 Marim,
2176 4445 2454 4517 suffragio
2486 4462 2517 4499 e
2539 4443 2703 4499 cmlis
2743 4443 2883 4509 lato,
2918 4442 3244 4497 sacerdotio
3291 4442 3570 4513 fungetur

137 4553 289 4607 κατά
335 4552 397 4606 τὸ
446 4531 651 4610 *εἷ’ωθὸς
701 4550 771 4619 τῇ
830 4545 1014 4617 ἡμέρᾳ
1068 4546 1167 4596 τοῦ
1251 4536 1537 4595 Σαϐϐάτου
1584 4539 1661 4600 εἷς
1715 4541 1804 4607 τὴν

1927 4541 1989 4593 in
2021 4542 2329 4592 aeternum.
2390 4536 2460 4587 Et
2517 4533 2671 4588 sicut
2724 4532 2995 4603 superius
3051 4531 3415 4586 declaratum
3456 4536 3564 4599 est,

138 4642 492 4717 συναγωγὴν,
573 4639 662 4693 καὶ
738 4636 931 4704 ἀνέστη
1012 4634 1306 4708 ἀναγνῶναι
1414 4629 1503 4683 καὶ
1580 4626 1804 4696 έπεδόθη

1922 4627 2377 4698 implementum
2409 4622 2635 4694 accepit
2668 4623 2967 4693 Scriptura
3000 4621 3280 4691 inquiens
3316 4636 3328 4673 :
3366 4623 3443 4674 Tu
3471 4620 3563 4691 (es)

138 4710 309 4805 αὐτῷ
368 4710 590 4808 βιϐλίον
648 4725 874 4785 Ἠσαίου
929 4728 1026 4780 τοῦ
1074 4724 1377 4800 προφήτον,
1436 4728 1525 4776 καί
1598 4718 1804 4789 ἀνοίξας

1920 4716 2168 4773 sacerdos
2215 4716 2275 4769 in
2331 4720 2594 4770 wternum
2650 4713 2942 4768 secundum
2989 4711 3235 4766 ordinem
3291 4710 3569 4765 Melchise-

224 4869 295 4941 (ε)
324 4869 474 4923 Dan.
508 4872 604 4934 vn,
629 4868 714 4920 10.
749 4864 810 4935 (ι)
844 4862 978 4917 Luc.
1011 4875 1069 4927 ιι,
1103 4860 1191 4912 52.

1926 4272 2078 4327 Dei?
2109 4273 2297 4339 Atque
2342 4268 2469 4338 ipsa
2528 4265 2825 4336 reposuit:
2885 4264 3019 4335 (Sic)
3069 4262 3327 4318 scribite.
3360 4265 3430 4317 Et
3483 4263 3566 4317 sic

1924 4360 2259 4417 retulerunt
2288 4357 2348 4411 in
2381 4355 2643 4410 codicem
2680 4371 2691 4407 :
2751 4355 2917 4408 Iesus
2966 4352 3124 4407 ﬁlius
3158 4352 3257 4407 Dei
3317 4357 3376 4407 et
3406 4351 3564 4407 ﬁlius

1526 4952 1763 5008 VARI/Ii
1805 4950 2204 5007 LECTIONES.

216 5095 238 5129 τ
273 5094 428 5147 (ζῶε.
471 5093 539 5146 Α.
572 5089 738 5147 addit
763 5089 871 5140 τῶν
903 5081 1171 5159 ἀγγέλων.
1203 5081 1222 5116 ι
1250 5082 1393 5135 Caes.
1428 5082 1495 5135 A.
1530 5079 1694 5135 addit
1719 5080 1827 5131 τῶν
1862 5072 2242 5200 ἀρζῖαγγέλων.
2277 5076 2297 5110 9
2329 5073 2496 5129 Barb.
2544 5069 2893 5156 ποῤῥώσεως,
2920 5074 3067 5163 (ἕως.
3102 5074 3167 5129 Α.
3200 5071 3566 5200 πωρςώσεως.

216 5165 370 5200 ουκ
428 5161 472 5200 ενι
506 5160 601 5200 ne...
635 5161 777 5200 ςγηηυ
839 5158 881 5196 ιι
914 5156 1086 5200 ηηνῐι,
1121 5150 1521 5200 mend-xdmv.
1558 5153 1602 5188 1³
1636 5151 1803 5200 Bnrb.
1830 5150 1937 5200 ὁιιο
1983 5151 2203 5200 όγησαν.
2233 5148 2276 5183 ¹³
2333 5149 2477 5200 Tum
2522 5145 2815 5200 particula
2863 5164 2977 5200 και.
3031 5150 3154 5199 tum
3212 5162 3325 5200 nau
3355 5163 3387 5200 ο
3438 5151 3566 5200 post

130 5168 179 5203 ‘°
204 5144 402 5221 Bari;
417 5144 801 5217 asciam.
839 5158 881 5196 ιί
914 5144 1087 5234 B:a'rb_.
1121 5152 1323 5234 mend.
1346 5150 1521 5234 κόριν.
1536 5153 1602 5234 ξ’
1636 5151 1803 5234 Barb.
1830 5144 2276 5234 6no7l‘6ﬁoav.“‘3
2312 5149 2477 5234 ""I‘um
2505 5144 2815 5234 iparjticula
2863 5144 2977 5234 mli},
3031 5150 3154 5234 tum
3212 5144 3387 5234 paulo
3430 5151 3570 5234 post

131 5216 242 5292 καῖ
257 5216 682 5309 Epigramma;
718 5247 914 5309 quaaa
944 5228 1114 5309 Dari).
1146 5226 1384 5309 absunt,
1418 5216 1504 5309 lex
1531 5225 1673 5309 Cms.
1810 5216 2179 5309 supplentur.
2204 5218 2261 5309 7“,
2312 5220 2455 5272 Tum
2502 5216 2707 5309 garb.‘
2730 5219 3059 5309 tumHC’ais.
3093 5216 3560 5309 'dithetp'yivov.

131 5258 236 5292 και
257 5256 331 5309 αρ
389 5254 682 5308 ιερατικης,
718 5254 849 5304 (Ῑυω
881 5254 914 5286 a
945 5254 1114 5284 nam.
1146 5254 1384 5289 ausum,
1435 5254 1504 5305 ολ
1531 5254 1673 5277 υσεδ.
1706 5254 1773 5275 [ι.
1810 5254 2179 5303 ωυρμ-σηιξη.
2248 5289 2258 5307 '
2322 5254 2455 5272 ιυιιι
2509 5254 2675 5273 υυιιυ.
2734 5254 2854 5271 νυνι
2912 5254 3056 5271 mea.
3093 5254 3185 5305 νη.
3251 5254 3560 5289 “worn”...

130 5310 184 5346 ¹⁵
215 5254 401 5364 Βδνέ.
439 5313 496 5363 et
525 5308 670 5362 Caas.
703 5308 769 5359 Α.
802 5302 919 5356 τόν.
951 5302 993 5336 ¹⁶
1025 5298 1300 5353 Mendose
1333 5296 1585 5362 codices,
1620 5294 1789 5348 Barb.
1826 5293 2063 5363 quidem
2096 5308 2465 5364 επερωτησαν,
2500 5291 2643 5364 φερε,
2678 5291 2748 5364 Α.»
2777 5306 2910 5364 vero
2944 5286 3291 5364 ἐπιρωτισαν,
3344 5289 3387 5325 17
3418 5293 3562 5364 Caes,

130 5361 529 5455 παῐοῆιανξιε
556 5380 699 5433 Cum
727 5377 875 5455 βεδε.
912 5375 976 5427 Α.
1014 5371 1317 5455 uidv,'na1n
1554 5361 2474 5455 inanti.nuiibv.A‘9‘quipis‘Barb.
2510 5361 3036 5455 lectioniadhmzsi,
3091 5376 3430 5455 quamquam
3484 5363 3567 5455 in:

129 5428 916 5524 δίζέῖῐίέιῖνῇιιῐῐινίε-ᾆύσεται,
949 5461 1024 5499 an
1055 5428 1337 5515 ἱερῶσεται
1370 5440 1450 5494 ibi
1481 5439 1729 5511 legatur.
1764 5438 1908 5491 Cms.
1939 5437 2004 5491 Α.
2032 5434 2209 5489 habet
2242 5451 2253 5487 :
2281 5431 2454 5502 ἱερεὺς
2490 5431 2563 5494 είς
2593 5432 2683 5487 τὸν
2734 5431 2905 5486 αἰῶνα
2958 5428 3125 5501 ἔσται,
3183 5428 3430 5489 sacerdos
3460 5438 3565 5489 erit

124 5530 197 5581 in
230 5532 539 5583 aeternum.

1750 5606 1948 5661 NOT/E
1962 5644 1977 5660 .

206 5740 336 5812 (48)
378 5736 536 5794 Psal.
571 5752 683 5803 cxx,
716 5737 748 5789 4
781 5753 795 5802 ;
829 5748 861 5788 a
894 5733 1093 5787 erco
1122 5731 1284 5783 textu
1315 5724 1485 5780 abest
1516 5725 1680 5781 verb.
1712 5722 2003 5779 substant.
2039 5720 2365 5777 secundum
2400 5722 2539 5775 LXX
