4048 6210
322 278 461 334 1499

1639 283 1945 337 JOANNIS
1981 280 2411 336 EUBCEENSIS

3612 293 3750 349 1500

323 404 687 460 beatitudines
747 407 804 458 et
861 403 1003 475 ipsae
1074 408 1213 460 sunt
1293 404 1521 473 decem,
1585 405 1861 462 similiter
1919 409 1968 460 et

2089 401 2279 474 ρισμοὶ
2326 403 2427 490 ⁸καὶ
2479 402 2640 490 αὐτοὶ
2698 404 2746 438 ⁵²
2799 401 2947 459 δίκα·
3008 405 3218 479 ὁμοίως
3293 409 3388 465 καὶ
3442 413 3510 467 τὸ
3572 416 3754 490 Πάτερ

322 497 489 549 Pater
516 500 699 548 noster
754 492 960 548 decem
1019 494 1434 566 complectitur
1492 511 1800 550 sermones
1838 498 1970 569 (57).

320 584 433 638 llas
465 583 663 653 itaque
687 581 892 637 decem
918 583 1330 639 solemnitates
1360 584 1569 640 festiva
1601 601 1735 640 cum
1765 584 1973 640 laetitia

325 672 574 743 agimus.

389 761 582 815 XXIII.
617 760 698 814 Ac
755 760 1012 831 primam
1071 761 1335 832 quidem,
1397 764 1537 819 licet
1595 780 1664 819 ea
1723 780 1842 818 non
1900 763 1972 818 ab

317 850 599 904 omnibus
656 855 1012 921 agnoscatur
1061 851 1197 922 (58),
1255 853 1316 907 in
1376 869 1493 924 qua
1550 852 1707 908 beati
1737 852 1973 908 Joachi-

232 1005 238 1014 ι
315 956 448 993 mus
497 945 555 993 et
598 941 769 994 Anna
817 941 1217 1012 generationis
1269 942 1468 998 Maria:
1511 959 1750 1014 semper
1796 942 1974 1014 virgi-

314 1029 410 1083 nis
435 1045 502 1083 ac
536 1029 637 1083 Dei
688 1030 896 1100 matris
948 1031 1225 1086 nuntium
1277 1038 1656 1104 acceperunt,
1691 1032 1784 1087 die
1815 1048 1973 1087 nono

313 1118 535 1172 mensis
571 1119 913 1173 Decembris
945 1120 1338 1176 celebramus.

382 1210 572 1278 Atque
605 1212 830 1263 attente
862 1210 1120 1276 adverte,
1157 1211 1571 1282 dilectissime,
1605 1228 1725 1266 non
1755 1215 1974 1283 praeter

314 1296 492 1353 fidem
526 1314 677 1365 esse,
711 1315 778 1352 ac
810 1299 1010 1366 inane,
1064 1300 1220 1370 quod
1272 1301 1427 1371 apud
1459 1317 1567 1355 nos
1599 1300 1817 1371 scripto
1850 1305 1969 1355 tra-

318 1386 495 1441 ditur.
548 1387 604 1440 Si
650 1386 811 1441 enim
866 1387 1253 1444 ecclesiarum
1309 1389 1716 1444 dedicationes
1756 1391 1970 1444 merito

316 1475 716 1541 celebrantur,
749 1482 969 1547 quanto
1003 1479 1190 1551 magis
1246 1479 1392 1534 citra
1442 1479 1627 1534 ullam
1661 1496 1970 1551 compara-

309 1565 490 1620 tionis
524 1565 815 1620 rationem
861 1565 1146 1622 debemus
1199 1585 1337 1623 cum
1382 1568 1600 1635 studio,
1636 1573 1694 1622 et
1725 1568 1964 1638 pietate,

310 1671 377 1710 ac
409 1656 509 1709 Dei
552 1655 762 1711 timore
822 1657 976 1712 hanc
1034 1675 1316 1731 peragere
1377 1658 1871 1713 solemnitatem?
1901 1659 1961 1712 in

311 1761 428 1815 qua
459 1746 566 1815 (59)
602 1763 722 1845 non
755 1764 825 1801 ex
856 1747 1152 1818 lapidibus
1184 1749 1349 1819 jacta
1381 1754 1521 1803 sunt
1550 1748 1964 1816 fundamenta,
1999 1779 2044 1845 Β

310 1851 504 1905 neque
534 1835 811 1890 manibus
841 1837 1153 1892 hominum
1182 1838 1284 1892 Dei
1310 1839 1600 1909 templum
1636 1838 1967 1893 exaadifica-

309 1928 435 1978 tum
479 1929 601 1978 est:
669 1923 944 1980 videlicet
1003 1926 1062 1980 in
1120 1931 1285 1982 utero
1347 1932 1631 1997 concepta
1690 1932 1777 1980 est
1825 1927 1967 1981 Dei-

303 2029 446 2084 para
477 2031 544 2068 ac
598 2019 803 2069 sancta
861 2015 1062 2082 Maria,
1124 2015 1228 2070 sed
1287 2017 1388 2070 Dei
1449 2016 1639 2070 Patris
1673 2016 1965 2086 beuepla-

318 2103 455 2172 cito,
512 2108 570 2157 et
627 2104 1041 2175 cooperatione
1101 2105 1462 2159 sanctissimi
1505 2121 1571 2160 ac
1621 2105 1968 2159 vivificantis

319 2193 588 2263 Spiritus,
625 2194 892 2248 Christus
933 2195 1031 2249 Dei
1081 2195 1284 2258 Filius,
1317 2195 1418 2265 qui
1449 2195 1633 2266 lapsis
1666 2197 1755 2249 est
1782 2209 1969 2267 angu-

316 2279 480 2346 laris,
517 2283 640 2353 ipse
688 2299 817 2338 eam
864 2283 1197 2349 aediﬁcavit,
1233 2288 1289 2338 et
1318 2285 1443 2354 ipse
1476 2285 1535 2337 in
1571 2300 1639 2338 ea
1669 2284 1964 2359 inhabita-

316 2370 416 2437 vit,
451 2377 516 2425 ut
545 2371 733 2444 legem
768 2389 835 2427 ac
868 2373 1208 2444 prophetas,
1242 2390 1375 2427 cum
1409 2373 1482 2428 ad
1515 2373 1825 2428 salvandos
1857 2389 1965 2427 nos

318 2461 564 2527 veniret,
603 2461 896 2532 impleret.
932 2462 1047 2535 Ipsi
1091 2461 1278 2534 gloria
1308 2465 1366 2516 et
1391 2463 1582 2516 honor
1612 2468 1670 2516 et
1700 2461 1964 2516 adoratio

318 2565 437 2602 una
469 2566 604 2602 cum
636 2555 855 2605 mterno
888 2552 1081 2616 Patre,
1120 2556 1178 2605 et
1208 2567 1343 2605 cum
1377 2551 1751 2606 sanctissimo
1784 2568 1851 2606 ac
1883 2552 1966 2604 vi-

316 2638 591 2693 viﬁcante
625 2639 844 2711 Spiritu
903 2657 1084 2707 nunc,
1137 2645 1195 2694 et
1248 2656 1498 2712 semper,
1536 2645 1594 2696 et
1633 2641 1694 2696 in
1747 2640 1964 2696 smcula

315 2727 690 2783 smculorum.
710 2733 920 2784 Amen.

2083 492 2266 562 ἡμῶν,
2321 487 2448 545 δέκα
2507 489 2665 566 λόγοι
2719 494 2881 548 εισίν.
2944 494 3158 576 Ταύτας
3210 498 3306 552 οὗν
3362 501 3408 536 ⁸³
3469 502 3570 566 τὰς
3628 487 3754 560 δέκα

2083 578 2415 655 πανηγύρεις
2440 579 2787 656 γεραίροντες
2814 583 3162 662 ἑορτάζομεν.

2156 757 2269 814 Kl".
2301 758 2408 826 Τὴν
2447 757 2540 830 μὲν
2572 758 2820 832 πρώτην,
2882 760 2931 815 εἷ’
2985 762 3076 817 καὶ
3139 765 3214 836 μὴ
3246 768 3393 841 παρά
3421 774 3547 832 τοῖς
3579 776 3741 824 πᾶσιν

2080 845 2418 921 γνωρίζεται,
2451 844 2504 900 ἦν
2649 845 2896 918 ἐδέξαντο
2954 852 3004 905 οἱ
3067 854 3326 928 μακάριοι
3362 858 3629 931 Ἰωακεὶμ
3657 860 3747 914 καὶ

2082 938 2248 991 νΑννα
2293 936 2359 988 τὰ
2407 934 2692 1012 εὐαγγέλια
2750 945 2848 1007 τῆς
2903 943 3207 1016 γεννήσεως
3246 951 3348 1013 τῆς
3377 946 3742 1022 ἀειπαρθὲνου

2079 1023 2170 1100 καί
2229 1023 2496 1080 Θεοτόκου
2553 1024 2766 1102 Μαρίας
2835 1031 2906 1101 τῇ
2985 1028 3170 1105 ἒννάτῃ
3243 1038 3343 1112 τοῦ
3401 1023 3740 1114 Δεκεμϐρίου

2085 1112 2278 1186 μηνός.
3331 1109 3334 1112 ’

2154 1208 2399 1276 Σημειοῦ
2458 1209 2761 1280 νουνεχῶς,
2821 1206 3088 1285 ἀγαπητξ,
3148 1208 3231 1264 δτι
3291 1211 3392 1266 οὐκ
3445 1211 3744 1286 ἄσπονδον,

2079 1290 2208 1347 οὐδὲ
2239 1291 2513 1371 ἀνωφελὲς
2540 1295 2603 1348 τὸ
2659 1295 2788 1368 παρ’
2845 1297 2981 1368 ἡμῖν
3035 1301 3218 1375 γραφῇ
3267 1299 3743 1376 παραδιδόμενον.

2079 1382 2145 1439 Εἴ
2198 1383 2298 1458 γὰρ
2353 1383 2441 1437 καὶ
2501 1382 2849 1458 ὲγκαινισμοὶ
2901 1384 3210 1455 ἐκκλησιῶν
3263 1388 3504 1461 ἐπαξίως
3567 1393 3748 1449 ἐπιτε-

2079 1471 2326 1539 λοῦνται,
2356 1471 2510 1544 πόσῳ
2544 1473 2760 1543 μᾶλλον
2787 1476 2950 1546 ἡμεῖς
2982 1474 3278 1552 ὀφείλομεν
3315 1483 3743 1556 μυριονταπλα.

2075 1560 2227 1616 σίονα
2262 1561 2399 1634 μετὰ
2451 1559 2718 1632 σπουδῆς,
2779 1558 3068 1627 εὐλαϐείας
3122 1587 3181 1621 τε
3237 1568 3327 1622 καὶ
3391 1565 3576 1643 φόϐου
3608 1570 3744 1627 Θεοῦ

2075 1650 2345 1706 ἐπιτελεῖν
2385 1652 2484 1720 τὴν
2517 1653 2818 1728 πανήγυριν
2877 1652 3121 1724 ταύτηνς
3181 1654 3237 1710 ἐν
3341 1657 3448 1712 οὐκ
3479 1657 3540 1714 ἐκ
3570 1659 3745 1716 λίθων

2075 1740 2102 1794 ὁ
2135 1739 2389 1813 θεμέλιος
2420 1738 2600 1812 ἐτεθη,
2633 1738 2762 1795 οὐδὲ
2807 1740 2866 1796 ἐκ
2896 1748 3099 1820 χειρῶν
3137 1742 3450 1820 ἀνθρώπων
3485 1750 3532 1783 ⁸⁸
3562 1749 3592 1803 ὁ
3622 1752 3752 1813 ναὸς

2074 1833 2170 1882 τοῦ
2201 1833 2334 1884 Θεοῦ
2366 1827 2728 1902 ᾠκοδομήθη,
2761 1819 3058 1902 τουτέστιν,
3090 1832 3142 1886 ἐν
3191 1819 3385 1906 κοιλίᾳ
3419 1835 3747 1914 συνελήφθη

2078 1917 2112 1984 ὴ
2147 1915 2271 1990 ἁγία
2302 1916 2486 1989 Μαρία
2516 1918 2550 1985 ἡ
2585 1916 2869 1987 Θεοτόκος,
2903 1915 3034 1974 ἀλλ’
3073 1917 3295 1991 εὐδοκία
3325 1923 3370 1958 ⁸⁵
3405 1925 3629 1998 [ἰατρὸς
3654 1925 3744 1978 καὶ

2080 2005 2334 2079 συνεργίᾳ
2389 2009 2486 2059 τοῦ
2539 2006 2801 2079 παναγίου
2882 2009 2971 2061 καὶ
3055 2013 3330 2078 ζωοποιοῦ
3392 2014 3742 2086 Πνεύματος,

2081 2095 2308 2170 Χριστὸς
2340 2095 2516 2156 me;
2571 2100 2668 2149 τοῦ
2726 2100 2882 2164 Θεοῦ,
2937 2098 2965 2151 ὁ
3027 2095 3179 2160 λίθος
3236 2101 3264 2154 ὁ
3312 2100 3747 2176 ἀκρογωνιαῖος,

2079 2185 2240 2248 αὐτὸς
2269 2182 2651 2258 ᾠκοδόμησεν,
2682 2187 2772 2240 καὶ
2814 2186 2976 2248 αὐτὸς
3026 2187 3075 2241 ἐν
3127 2188 3262 2262 αὐτῇ
3297 2193 3743 2263 κατεσκήνωσεν,

2076 2276 2164 2329 ἳνα
2220 2275 2387 2348 νόμον
2446 2275 2534 2328 καὶ
2594 2277 2878 2352 προφήτας
2939 2275 3234 2352 πληρώσῃ,
3296 2278 3476 2354 ἐλθὼν
3537 2281 3619 2342 εἷς
3678 2282 3744 2337 τὸ

2080 2369 2247 2420 σῶσαι
2309 2367 2454 2438 ἡμᾶς
2513 2367 2576 2422 ⁸⁸.
2635 2365 2798 2436 Αὖτῷ
2856 2367 2890 2434 ἡ
2954 2362 3101 2437 δόξα,
3159 2368 3519 2442 καὶὴτιμὴ,
3576 2373 3666 2425 καὶ
3704 2374 3744 2441 ἡ

2077 2454 2445 2529 προσκύνησις
2488 2453 2578 2507 σὺν
2636 2459 2714 2526 τῷ
2773 2453 2995 2530 ἀνάρχῳ
3049 2459 3244 2533 Ιῐατρὶ,
3300 2458 3393 2513 καὶ
3455 2465 3537 2531 τῷ
3594 2481 3743 2514 παν-

2077 2547 2212 2623 αγίῳ
2267 2546 2353 2601 καὶ
2413 2550 2674 2617 ζωοποιῷ
2733 2545 3028 2618 Πνεύματι,
3083 2552 3174 2602 νῦν
3228 2548 3320 2603 καὶ
3377 2550 3488 2618 ἀεὶ,
3523 2551 3618 2604 καὶ
3651 2551 3735 2613 εἷς

2075 2633 2202 2698 τοὺς
2232 2633 2432 2695 αἰῶνας
2460 2637 2567 2688 τῶν
2602 2630 2838 2690 αἷώνων.
2873 2634 3078 2707 Ἀμήν.

1685 2855 1918 2909 νΑΒΙτΕ
1956 2851 2356 2908 LECTIONES.

388 2965 436 3000 ⁵²
472 2966 723 3042 Αιιᾶίὶιιᾲξ
753 2967 897 3040 legit
921 2984 933 3022 :
957 2964 1095 3042 Ῠδέκα
1126 2966 1357 3042 ᾄμοίως⁸
1389 2966 1594 3042 auito,
1629 2965 1870 3042 Hairep...
1921 2965 2136 3042 melius
2180 2967 2463 3042 βεδε-,Αί-
2487 2959 2634 3017 δὲκα·
2685 2961 2896 3042 ὁμοίως
2927 2964 3015 3042 κ-αἲ
3057 2965 3186 3042 re...
3219 2966 3266 3002 ⁸³
3297 2968 3746 3042 ςοηετᾳθῃῐὶιις

318 3039 618 3111 eontextui
651 3037 740 3091 οὖν
768 3036 909 3111 cum
941 3041 1086 3094 Cass.
1119 3036 1204 3107 CL,
1239 3057 1418 3111 quam
1451 3037 1672 3111 Sércum
1714 3036 1883 3096 Barb.
1937 3046 1995 3094 et
2039 3038 2274 3093 Allatio.
2320 3036 2366 3072 “
2411 3036 2905 3111 _I_Jterque_‘code;
2937 3040 3077 3111 Cres,
3105 3041 3180 3111 7A.
3217 3044 3276 3094 et
3306 3036 3476 3095 Barb.
3515 3041 3749 3111 habent

313 3108 634 3183 ἀνθρώπων,
669 3117 728 3183 at
755 3110 903 3183 forte
937 3105 1660 3183 Ιθεοηᾶυϊῐίάνθρωπίνων.
1690 3113 1733 3146 ⁸⁸
1767 3112 1934 3183 Barb.
1996 3117 2055 3167 et
2113 3127 2183 3164 ex
2235 3125 2302 3164 eo
2360 3105 2612 3162 Allatius
2656 3105 2785 3183 ἀλλ’
2815 3105 3053 3183 εὐδοκία,
3087 3110 3232 3166 Cas.
3267 3115 3337 3166 A.
3368 3111 3461 3164 καὶ
3495 3108 3745 3181 εὐδοκία.

315 3182 359 3216 ⁵⁸
389 3182 534 3239 Caes.
567 3184 632 3237 Α.
665 3182 760 3238 hic
792 3182 958 3237 addit
979 3179 1200 3237 ξ’ὲνεκεν
1231 3185 1327 3236 τοῦ
1359 3182 1626 3255 ὀνόματός
1655 3203 1775 3252 σου,
1807 3181 2249 3254 Κύριεορνοριθτ·
2275 3196 2467 3236 nomen
2501 3187 2676 3249 tuum,
2703 3181 2952 3237 Domine.

1919 3343 2140 3398 ΝΟΤᾸΞ.

386 3460 498 3529 (57)
531 3459 695 3523 Quod
726 3458 931 3514 decem
969 3460 1088 3514 sint
1131 3476 1438 3515 sermones
1470 3461 1749 3515 Orationis
1779 3460 1963 3513 Domi-
1997 3465 2039 3529 ο
2079 3457 2366 3528 paulatim
2396 3474 2503 3527 per
2549 3456 2831 3529 ecclesias
2875 3457 3057 3527 recipi
3108 3458 3512 3525 consuevisse,
3545 3458 3726 3529 idque

318 3533 472 3596 nica},
508 3549 626 3585 non
658 3533 834 3585 unius
863 3533 1104 3586 Joannis
1129 3532 1470 3586 Eubmensis
1503 3531 1612 3585 fuit
1641 3531 1962 3601 singularis

319 3603 629 3657 sententia.
663 3603 724 3656 Id
758 3604 950 3674 ipsum
985 3604 1138 3657 enim
1179 3603 1428 3674 legimus
1453 3603 1606 3674 apud
1630 3603 1683 3656 S.
1710 3603 1966 3673 Sophro-

321 3675 487 3729 nium
521 3672 1119 3744 I-Iierosolymitanum
1143 3675 1204 3729 in
1229 3672 1562 3743 Prae/“aliane
1592 3676 1664 3728 ad
1690 3672 1962 3729 Miracnla

320 3746 418 3800 SS.
457 3746 585 3812 Cyri
641 3751 690 3816 et
740 3747 994 3816 Joannis
1025 3745 1154 3816 (Mai
1213 3747 1406 3816 Spicil.
1470 3749 1619 3800 Rom.
1683 3751 1826 3816 tom:
1868 3747 1965 3810 III,

321 3831 452 3887 pag.
490 3811 610 3882 i4):
642 3813 906 3889 vatollai
956 3811 1039 3868 δὲ’
1072 3814 1201 3870 δὲκά
1248 3811 1576 3889 ὀ-εόγραπτοι
1624 3821 1740 3889 ταῖς
1771 3813 1966 3889 πλαξὶν

319 3885 424 3959 τῆς
481 3887 758 3959 Διαβηκης
819 3885 1207 3959 ἐνήστραπτον·
1269 3885 1395 3941 δεκα
1447 3885 1504 3941 δὲ
1559 3887 1648 3941 καὶ
1698 3889 1725 3940 ὁ
1773 3887 1966 3959 Κύριος

321 3958 386 4034 τὰ
414 3964 514 4026 τῆς
547 3957 716 4034 εὐχῆς
743 3954 1153 4034 παραδέδωκε,
1180 3959 1416 4034 ῥήματαο
1478 3959 1745 4034 Mandata
1803 3954 1967 4014 etiam

319 4031 498 4085 decem
528 4047 562 4084 (ι
595 4033 702 4085 Deo
733 4033 790 4084 in
824 4031 1154 4086 Testamenti
1181 4031 1412 4086 tabulis
1449 4032 1742 4100 fulserunt.
1778 4034 1965 4086 Decem

321 4105 485 4156 etiam
519 4105 780 4156 Dominus
811 4105 1079 4158 orationis
1113 4105 1342 4158 tradidit
1367 4105 1549 4158 verba.

391 4175 500 4241 (58)
535 4174 682 4228 lliuc
713 4180 958 4245 apparet
985 4175 1228 4230 Joannis
1283 4175 1467 4228 nostri
1501 4180 1670 4228 tritate
1703 4174 1965 4228 nondum

323 4245 649 4299 universim
680 4262 746 4300 ac
779 4247 994 4315 ubique
1023 4263 1128 4316 per
1167 4247 1457 4300 Ecclesias
1489 4247 1808 4300 iuvaluisse
1839 4262 1964 4299 mo-

321 4332 446 4388 rem
497 4318 771 4388 Deiparm
832 4319 1290 4388 Conceptioncni
1344 4318 1595 4372 solemni
1626 4319 1777 4371 festo
1809 4317 1966 4371 cele-

323 4386 556 4452 brandi,
590 4386 1090 4458 quemadmodum
1115 4390 1291 4444 etiam
1317 4389 1388 4443 de
1410 4389 1558 4443 festo
1585 4388 1966 4443 Dormitionis

323 4458 592 4528 ejusdem
609 4460 870 4530 Deipara:
885 4461 1140 4516 afﬁrmat
1153 4463 1406 4516 Joannes
1423 4461 1965 4514 Thessalonicensis

323 4530 386 4603 in
409 4533 674 4603 oratione,
711 4549 888 4601 quam
915 4549 1097 4603 penes
1118 4549 1211 4586 me
1239 4532 1522 4587 ineditam
1555 4549 1740 4586 servo.
1767 4534 1964 4601 Neque

321 4600 381 4654 id
407 4602 625 4674 mirum
647 4600 861 4658 accidit
882 4600 1307 4667 consideranti.
1329 4621 1447 4658 non
1471 4604 1734 4674 Deiparaa
1767 4603 1963 4670 modo,

324 4673 428 4728 sed
454 4674 636 4730 etiam
667 4674 981 4732 Salvatoris
1038 4692 1105 4732 ac
1163 4675 1396 4731 Domini
1453 4673 1643 4731 nostri
1675 4674 1967 4730 solemnia

2079 3536 2200 3584 tum
2233 3528 2655 3583 vetustioribus
2680 3534 2801 3583 tum
2835 3529 3267 3584 recentioribus
3285 3530 3564 3586 aetatibus
3582 3528 3733 3590 usu-

2075 3601 2306 3656 venisse
2333 3617 2400 3655 ac
2433 3618 2608 3671 porro
2636 3601 2971 3655 usuvenire.

2154 3673 2268 3741 (59)
2300 3675 2467 3726 Patet
2496 3673 2590 3727 hic
2616 3690 2684 3727 ea:
2707 3676 2952 3743 professo
2983 3672 3135 3727 tradi
3169 3673 3466 3728 rationem
3503 3674 3740 3728 solem-

2079 3744 2285 3798 nitatis
2306 3744 2697 3799 celebranda.
2724 3745 2900 3814 Atqui
2933 3745 3056 3798 haec
3088 3745 3239 3798 ratio
3271 3745 3444 3799 nulla
3471 3751 3561 3799 est
3597 3747 3742 3812 alia,

2079 3832 2256 3886 quam
2289 3816 2552 3887 Deiparaa
2611 3816 2954 3886 Conceptio,
3012 3817 3320 3886 conceptio
3368 3823 3576 3871 autem
3615 3835 3748 3873 non

2079 3888 2533 3959 qualiscunque,
2583 3887 2686 3942 sed
2745 3887 3062 3956 ejusmodi.
3095 3895 3160 3943 ut
3191 3889 3434 3942 Mariam
3468 3889 3598 3959 ipse
3631 3891 3746 3944 Dei

2078 3958 2260 4040 filius
2283 3975 2351 4014 ex
2371 3958 2744 4040 benepla-cito
2768 3959 3082 4040 Dei_Patris
3103 3965 3167 4040 et
3184 3958 3611 4040 cooperatione
3631 3961 3748 4040 Dei

2078 4030 2329 4101 Spiritus
2361 4030 2724 4086 sanctissimi
2755 4037 2812 4085 et
2840 4031 3188 4085 viviﬁcantis
3209 4031 3611 4086 aedificaverit.
3649 4033 3748 4087 Ad

2079 4118 2258 4172 quam
2311 4102 2766 4157 aedificationem
2826 4109 3142 4173 prOpterea
3185 4102 3438 4174 pertinet
3469 4103 3633 4172 quod
3677 4105 3744 4158 in

2079 4175 2201 4227 suis
2233 4175 2506 4244 precibus
2555 4174 2732 4230 habet
2787 4174 3088 4229 Ecclesia:
3144 4175 3491 4242 Omnipotens
3520 4177 3747 4243 sempi-

2079 4251 2232 4300 terne
2281 4248 2440 4314 Deus,
2500 4246 2600 4315 qui
2665 4247 2915 4315 gloriosa
2982 4247 3229 4314 Virginis
3287 4248 3476 4300 Matris
3538 4248 3748 4301 Mariae

2077 4333 2272 4387 corpus
2303 4325 2356 4370 et
2384 4320 2626 4372 animam
2657 4324 2717 4372 ut
2759 4317 2988 4386 dignum
3045 4319 3176 4371 Filii
3236 4320 3320 4370 tui
3350 4318 3749 4372 habitaculum

2076 4391 2222 4456 efﬁci
2286 4397 2606 4454 mereretur,
2639 4389 2857 4458 Spiritu
2906 4392 3091 4442 sancto
3124 4397 3458 4458 cooperante
3507 4406 3752 4460 praepa-

2074 4463 2230 4532 rasti.
2265 4462 2333 4513 Et
2363 4462 2558 4532 reipsa
2580 4463 3022 4532 prwparationis
3075 4461 3321 4514 nomine
3376 4460 3517 4532 plus
3551 4462 3752 4516 semel

2075 4530 2137 4584 in
2169 4531 2289 4604 hac
2309 4533 2437 4604 ipsa
2453 4530 2723 4588 oratione
2745 4531 3071 4588 indicatam
3101 4532 3353 4604 Virginis
3383 4530 3752 4604 conceptio-

2074 4618 2212 4657 nem
2243 4603 2519 4659 vidimus.
