  <div class='ocr_page' id='page_1' title='image "/cluster/home/n/w/nwhite01/storage/ocr_20150623/96/hvd.32044073502122/756.png"; bbox 0 0 4066 6218; ppageno 0'>
   <div class='ocr_carea' id='block_1_1' title="bbox 304 365 3711 482">
    <p class='ocr_par' dir='ltr' id='par_1_1' title="bbox 304 365 3711 482">
     <span class='ocr_line' id='line_1_1' title="bbox 304 365 3711 482; baseline 0.005 -61"><span class='ocrx_word' id='word_1_1' title='bbox 304 365 434 444; x_wconf 69' lang='grc'>1501</span> <span class='ocrx_word' id='word_1_2' title='bbox 1399 379 1642 436; x_wconf 75' lang='lat' dir='ltr'>snnmo</span> <span class='ocrx_word' id='word_1_3' title='bbox 1677 381 1752 453; x_wconf 59' lang='grc' dir='ltr'>ιιι</span> <span class='ocrx_word' id='word_1_4' title='bbox 1789 377 2107 468; x_wconf 60' lang='lat' dir='ltr'>amaros</span> <span class='ocrx_word' id='word_1_5' title='bbox 2141 377 2617 478; x_wconf 57' lang='lat' dir='ltr'>gNNoCuNTns.</span> <span class='ocrx_word' id='word_1_6' title='bbox 3570 380 3711 482; x_wconf 51' lang='lat' dir='ltr'>159g</span> 
     </span>
    </p>
   </div>
   <div class='ocr_carea' id='block_1_2' title="bbox 3281 502 3682 517">
    <p class='ocr_par' dir='ltr' id='par_1_2' title="bbox 3281 502 3682 517">
     <span class='ocr_line' id='line_1_2' title="bbox 3281 502 3682 517; baseline 0.01 -4"><span class='ocrx_word' id='word_1_7' title='bbox 3281 502 3682 517; x_wconf 54' lang='lat' dir='ltr'>W—</span> 
     </span>
    </p>
   </div>
   <div class='ocr_carea' id='block_1_3' title="bbox 3283 521 3680 534">
    <p class='ocr_par' dir='ltr' id='par_1_3' title="bbox 3283 521 3680 534">
     <span class='ocr_line' id='line_1_3' title="bbox 3283 521 3680 534; baseline 0.005 -2"><span class='ocrx_word' id='word_1_8' title='bbox 3283 521 3680 534; x_wconf 43' lang='grc' dir='ltr'>Ψ</span> 
     </span>
    </p>
   </div>
   <div class='ocr_carea' id='block_1_4' title="bbox 423 568 2029 732">
    <p class='ocr_par' dir='ltr' id='par_1_4' title="bbox 423 568 1983 732">
     <span class='ocr_line' id='line_1_4' title="bbox 423 568 1983 732; baseline 0.006 -11"><span class='ocrx_word' id='word_1_9' title='bbox 423 625 1000 727; x_wconf 79' lang='grc' dir='ltr'>ΙΩΑΝΝΟΥ</span> <span class='ocrx_word' id='word_1_10' title='bbox 1081 568 1698 732; x_wconf 72' lang='lat' dir='ltr'>MoNAXOr</span> <span class='ocrx_word' id='word_1_11' title='bbox 1768 635 1983 730; x_wconf 83' lang='grc' dir='ltr'>ΚΑΙ</span> 
     </span>
    </p>
   </div>
   <div class='ocr_carea' id='block_1_5' title="bbox 1985 568 3591 732">
    <p class='ocr_par' dir='ltr' id='par_1_5' title="bbox 2063 570 3591 731">
     <span class='ocr_line' id='line_1_5' title="bbox 2063 570 3591 731; baseline 0.001 -1"><span class='ocrx_word' id='word_1_12' title='bbox 2063 589 2976 731; x_wconf 71' lang='grc' dir='ltr'>ΠΡΕΣΒΥΤΕΡΟΥ</span> <span class='ocrx_word' id='word_1_13' title='bbox 3055 570 3591 731; x_wconf 58' lang='lat' dir='ltr'>ransom:</span> 
     </span>
    </p>
   </div>
   <div class='ocr_carea' id='block_1_6' title="bbox 844 805 2450 865">
    <p class='ocr_par' dir='ltr' id='par_1_6' title="bbox 844 805 2450 865">
     <span class='ocr_line' id='line_1_6' title="bbox 844 805 2450 865; baseline 0.003 -8"><span class='ocrx_word' id='word_1_14' title='bbox 844 805 1069 861; x_wconf 83' lang='grc' dir='ltr'>ΛΟΓΟΣ</span> <span class='ocrx_word' id='word_1_15' title='bbox 1134 807 1246 863; x_wconf 85' lang='grc' dir='ltr'>ΕΙΣ</span> <span class='ocrx_word' id='word_1_16' title='bbox 1301 812 1393 863; x_wconf 78' lang='grc' dir='ltr'><strong>ΤΑ</strong></span> <span class='ocrx_word' id='word_1_17' title='bbox 1450 811 1615 865; x_wconf 77' lang='grc' dir='ltr'>ΑΓΙΑ</span> <span class='ocrx_word' id='word_1_18' title='bbox 1671 809 1895 864; x_wconf 85' lang='grc' dir='ltr'>ΝΗΠΙΑ</span> <span class='ocrx_word' id='word_1_19' title='bbox 1954 809 2045 864; x_wconf 88' lang='grc' dir='ltr'><strong>ΤΑ</strong></span> <span class='ocrx_word' id='word_1_20' title='bbox 2103 812 2186 861; x_wconf 87' lang='lat' dir='ltr'>EN</span> <span class='ocrx_word' id='word_1_21' title='bbox 2247 809 2450 862; x_wconf 77' lang='grc' dir='ltr'>ΒΗΘΛΙ</span> 
     </span>
    </p>
   </div>
   <div class='ocr_carea' id='block_1_7' title="bbox 1521 805 3127 865">
    <p class='ocr_par' dir='ltr' id='par_1_7' title="bbox 1521 807 3127 865">
     <span class='ocr_line' id='line_1_7' title="bbox 1521 807 3127 865; baseline -0.001 -4"><span class='ocrx_word' id='word_1_22' title='bbox 1521 811 1615 865; x_wconf 75' lang='grc' dir='ltr'><strong>ἾΑ</strong></span> <span class='ocrx_word' id='word_1_23' title='bbox 1671 809 1895 864; x_wconf 84' lang='grc' dir='ltr'>ΝΗΠΙΑ</span> <span class='ocrx_word' id='word_1_24' title='bbox 1954 809 2045 864; x_wconf 89' lang='grc' dir='ltr'><strong>ΤΑ</strong></span> <span class='ocrx_word' id='word_1_25' title='bbox 2103 812 2186 861; x_wconf 87' lang='grc' dir='ltr'>ΕΝ</span> <span class='ocrx_word' id='word_1_26' title='bbox 2247 808 2582 863; x_wconf 77' lang='grc' dir='ltr'>ΒΠΘΛΕΕΜ</span> <span class='ocrx_word' id='word_1_27' title='bbox 2637 807 3127 863; x_wconf 73' lang='grc' dir='ltr'>ΑΝΑΙΡΕΘΕΝΤΑ</span> 
     </span>
    </p>
   </div>
   <div class='ocr_carea' id='block_1_8' title="bbox 1612 893 2529 1009">
    <p class='ocr_par' dir='ltr' id='par_1_8' title="bbox 1612 893 2529 1009">
     <span class='ocr_line' id='line_1_8' title="bbox 1612 893 2529 1009; baseline -0.003 -19"><span class='ocrx_word' id='word_1_28' title='bbox 1612 935 1734 990; x_wconf 80' lang='grc' dir='ltr'>ΚΑΙ</span> <span class='ocrx_word' id='word_1_29' title='bbox 1789 934 1902 989; x_wconf 78' lang='grc' dir='ltr'>ΕΙΣ</span> <span class='ocrx_word' id='word_1_30' title='bbox 1962 935 2101 988; x_wconf 82' lang='lat' dir='ltr'>TUN</span> <span class='ocrx_word' id='word_1_31' title='bbox 2152 935 2385 1009; x_wconf 80' lang='lat' dir='ltr'>PAXllA</span> <span class='ocrx_word' id='word_1_32' title='bbox 2523 893 2529 899; x_wconf 56' lang='grc'><strong>’</strong></span> 
     </span>
    </p>
   </div>
   <div class='ocr_carea' id='block_1_9' title="bbox 433 1193 3548 1296">
    <p class='ocr_par' dir='ltr' id='par_1_9' title="bbox 433 1193 3548 1296">
     <span class='ocr_line' id='line_1_9' title="bbox 433 1193 3548 1296; baseline 0.002 -8"><span class='ocrx_word' id='word_1_33' title='bbox 433 1193 965 1292; x_wconf 89' lang='lat' dir='ltr'>JOANNIS</span> <span class='ocrx_word' id='word_1_34' title='bbox 1021 1199 1611 1295; x_wconf 79' lang='lat' dir='ltr'>MONACHI</span> <span class='ocrx_word' id='word_1_35' title='bbox 1676 1201 1840 1295; x_wconf 89' lang='lat' dir='ltr'>ET</span> <span class='ocrx_word' id='word_1_36' title='bbox 1909 1201 2726 1296; x_wconf 81' lang='lat' dir='ltr'>PRESBYTERI</span> <span class='ocrx_word' id='word_1_37' title='bbox 2795 1201 3548 1295; x_wconf 83' lang='lat' dir='ltr'>EUBCEENSIS</span> 
     </span>
    </p>
   </div>
   <div class='ocr_carea' id='block_1_10' title="bbox 720 1333 3274 1421">
    <p class='ocr_par' dir='ltr' id='par_1_10' title="bbox 720 1333 3274 1421">
     <span class='ocr_line' id='line_1_10' title="bbox 720 1333 3274 1421; baseline 0.001 -6"><span class='ocrx_word' id='word_1_38' title='bbox 720 1333 952 1418; x_wconf 77' lang='lat' dir='ltr'>SERMO</span> <span class='ocrx_word' id='word_1_39' title='bbox 991 1365 1064 1419; x_wconf 80' lang='lat' dir='ltr'>IN</span> <span class='ocrx_word' id='word_1_40' title='bbox 1095 1365 1192 1420; x_wconf 90' lang='lat' dir='ltr'>SS.</span> <span class='ocrx_word' id='word_1_41' title='bbox 1235 1366 1668 1420; x_wconf 79' lang='lat' dir='ltr'>INNOCENTES</span> <span class='ocrx_word' id='word_1_42' title='bbox 1710 1367 1779 1420; x_wconf 86' lang='grc' dir='ltr'>ΙΝ</span> <span class='ocrx_word' id='word_1_43' title='bbox 1820 1367 2192 1420; x_wconf 69' lang='lat' dir='ltr'>BETHLEEM</span> <span class='ocrx_word' id='word_1_44' title='bbox 2241 1367 2715 1420; x_wconf 77' lang='lat' dir='ltr'>INTERFECTOS</span> <span class='ocrx_word' id='word_1_45' title='bbox 2757 1367 2840 1418; x_wconf 88' lang='lat' dir='ltr'>ET</span> <span class='ocrx_word' id='word_1_46' title='bbox 2880 1367 2950 1420; x_wconf 82' lang='grc' dir='ltr'>ΙΝ</span> <span class='ocrx_word' id='word_1_47' title='bbox 2995 1367 3274 1421; x_wconf 72' lang='lat' dir='ltr'>BACHEL</span> 
     </span>
    </p>
   </div>
   <div class='ocr_carea' id='block_1_11' title="bbox 1389 1473 3248 1553">
    <p class='ocr_par' dir='ltr' id='par_1_11' title="bbox 1389 1473 3248 1553">
     <span class='ocr_line' id='line_1_11' title="bbox 1389 1473 3248 1553; baseline 0 -15"><span class='ocrx_word' id='word_1_48' title='bbox 1389 1473 1393 1476; x_wconf 79' lang='grc'><em>’</em></span> <span class='ocrx_word' id='word_1_49' title='bbox 1472 1489 1622 1549; x_wconf 69' lang='lat' dir='ltr'>(Amo.</span> <span class='ocrx_word' id='word_1_50' title='bbox 1652 1491 1771 1550; x_wconf 65' lang='lat' dir='ltr'>Mn,</span> <span class='ocrx_word' id='word_1_51' title='bbox 1808 1489 1886 1540; x_wconf 88' lang='lat' dir='ltr'>Cl.</span> <span class='ocrx_word' id='word_1_52' title='bbox 1915 1491 2066 1540; x_wconf 81' lang='lat' dir='ltr'>Auct.</span> <span class='ocrx_word' id='word_1_53' title='bbox 2116 1493 2155 1550; x_wconf 89' lang='lat' dir='ltr'>t,</span> <span class='ocrx_word' id='word_1_54' title='bbox 2201 1490 2264 1548; x_wconf 81' lang='grc' dir='ltr'>Χ,</span> <span class='ocrx_word' id='word_1_55' title='bbox 2299 1491 2516 1553; x_wconf 84' lang='lat' dir='ltr'>p.570.)</span> <span class='ocrx_word' id='word_1_56' title='bbox 3245 1475 3248 1478; x_wconf 77' lang='grc'><em>’</em></span> 
     </span>
    </p>
   </div>
   <div class='ocr_carea' id='block_1_12' title="bbox 359 1729 1965 1809">
    <p class='ocr_par' dir='ltr' id='par_1_12' title="bbox 359 1729 1965 1809">
     <span class='ocr_line' id='line_1_12' title="bbox 359 1729 1965 1809; baseline 0.003 -26"><span class='ocrx_word' id='word_1_57' title='bbox 359 1730 424 1786; x_wconf 84' lang='grc' dir='ltr'>α’.</span> <span class='ocrx_word' id='word_1_58' title='bbox 463 1731 627 1802; x_wconf 87' lang='lat' dir='ltr'>[C0d.</span> <span class='ocrx_word' id='word_1_59' title='bbox 662 1749 719 1802; x_wconf 89' lang='lat' dir='ltr'>p.</span> <span class='ocrx_word' id='word_1_60' title='bbox 751 1731 810 1784; x_wconf 80' lang='grc'>21</span> <span class='ocrx_word' id='word_1_61' title='bbox 853 1731 928 1802; x_wconf 80' lang='grc' dir='ltr'>ὸ.]</span> <span class='ocrx_word' id='word_1_62' title='bbox 987 1729 1156 1786; x_wconf 82' lang='grc' dir='ltr'>Πάλιν</span> <span class='ocrx_word' id='word_1_63' title='bbox 1301 1731 1472 1795; x_wconf 76' lang='grc' dir='ltr'>τάλας</span> <span class='ocrx_word' id='word_1_64' title='bbox 1531 1731 1640 1809; x_wconf 71' lang='grc' dir='ltr'>ἐγὼ</span> <span class='ocrx_word' id='word_1_65' title='bbox 1679 1735 1770 1789; x_wconf 86' lang='grc' dir='ltr'>τὸν</span> <span class='ocrx_word' id='word_1_66' title='bbox 1800 1737 1926 1788; x_wconf 91' lang='grc' dir='ltr'>νοῦν</span> <span class='ocrx_word' id='word_1_67' title='bbox 1960 1797 1965 1808; x_wconf 33' lang='grc' dir='ltr'><strong>ε</strong></span> 
     </span>
    </p>
   </div>
   <div class='ocr_carea' id='block_1_13' title="bbox 2074 1729 3680 1809">
    <p class='ocr_par' dir='ltr' id='par_1_13' title="bbox 2114 1733 3680 1807">
     <span class='ocr_line' id='line_1_13' title="bbox 2114 1733 3680 1807; baseline -0.001 -18"><span class='ocrx_word' id='word_1_68' title='bbox 2114 1736 2177 1790; x_wconf 94' lang='lat' dir='ltr'>In</span> <span class='ocrx_word' id='word_1_69' title='bbox 2195 1736 2499 1791; x_wconf 75' lang='lat' dir='ltr'>Bethleem</span> <span class='ocrx_word' id='word_1_70' title='bbox 2519 1736 2732 1790; x_wconf 97' lang='lat' dir='ltr'>iterum</span> <span class='ocrx_word' id='word_1_71' title='bbox 2756 1751 2860 1807; x_wconf 88' lang='lat' dir='ltr'>ego</span> <span class='ocrx_word' id='word_1_72' title='bbox 2884 1735 3066 1790; x_wconf 80' lang='lat' dir='ltr'>miser</span> <span class='ocrx_word' id='word_1_73' title='bbox 3086 1734 3350 1788; x_wconf 87' lang='lat' dir='ltr'>animum</span> <span class='ocrx_word' id='word_1_74' title='bbox 3371 1733 3680 1788; x_wconf 83' lang='lat' dir='ltr'>intendere</span> 
     </span>
    </p>
   </div>
   <div class='ocr_carea' id='block_1_14' title="bbox 283 1815 1889 1897">
    <p class='ocr_par' dir='ltr' id='par_1_14' title="bbox 283 1815 1889 1897">
     <span class='ocr_line' id='line_1_14' title="bbox 283 1815 1889 1897; baseline 0.003 -25"><span class='ocrx_word' id='word_1_75' title='bbox 283 1815 373 1872; x_wconf 73' lang='grc' dir='ltr'>ἐπὶ</span> <span class='ocrx_word' id='word_1_76' title='bbox 430 1819 530 1886; x_wconf 79' lang='grc' dir='ltr'>τήν</span> <span class='ocrx_word' id='word_1_77' title='bbox 591 1819 844 1890; x_wconf 73' lang='grc' dir='ltr'>Βηθλεὲμ</span> <span class='ocrx_word' id='word_1_78' title='bbox 895 1818 1186 1874; x_wconf 77' lang='grc' dir='ltr'>ἐκπετάσαι</span> <span class='ocrx_word' id='word_1_79' title='bbox 1251 1819 1548 1897; x_wconf 82' lang='grc' dir='ltr'>βούλομαι,</span> <span class='ocrx_word' id='word_1_80' title='bbox 1601 1822 1691 1876; x_wconf 76' lang='grc' dir='ltr'>καὶ</span> <span class='ocrx_word' id='word_1_81' title='bbox 1749 1823 1816 1878; x_wconf 85' lang='grc' dir='ltr'><strong>τᾶ</strong></span> <span class='ocrx_word' id='word_1_82' title='bbox 1873 1823 1889 1877; x_wconf 80' lang='grc' dir='ltr'>ἐ</span> 
     </span>
    </p>
   </div>
   <div class='ocr_carea' id='block_1_15' title="bbox 2085 1815 3691 1897">
    <p class='ocr_par' dir='ltr' id='par_1_15' title="bbox 2085 1821 3691 1897">
     <span class='ocr_line' id='line_1_15' title="bbox 2085 1821 3691 1897; baseline 0 -21"><span class='ocrx_word' id='word_1_83' title='bbox 2085 1823 2398 1895; x_wconf 73' lang='lat' dir='ltr'>alo,ibique</span> <span class='ocrx_word' id='word_1_84' title='bbox 2421 1825 2612 1879; x_wconf 86' lang='lat' dir='ltr'>edicta</span> <span class='ocrx_word' id='word_1_85' title='bbox 2633 1825 2704 1879; x_wconf 88' lang='lat' dir='ltr'>ab</span> <span class='ocrx_word' id='word_1_86' title='bbox 2730 1824 3044 1878; x_wconf 86' lang='lat' dir='ltr'>infantium</span> <span class='ocrx_word' id='word_1_87' title='bbox 3070 1823 3444 1878; x_wconf 80' lang='lat' dir='ltr'>interfectore</span> <span class='ocrx_word' id='word_1_88' title='bbox 3467 1821 3691 1897; x_wconf 79' lang='lat' dir='ltr'>Herode</span> 
     </span>
    </p>
   </div>
   <div class='ocr_carea' id='block_1_16' title="bbox 280 1893 1886 1985">
    <p class='ocr_par' dir='ltr' id='par_1_16' title="bbox 280 1893 1886 1985">
     <span class='ocr_line' id='line_1_16' title="bbox 280 1893 1886 1985; baseline 0.004 -27"><span class='ocrx_word' id='word_1_89' title='bbox 280 1904 417 1979; x_wconf 75' lang='grc' dir='ltr'>αὐτῇ</span> <span class='ocrx_word' id='word_1_90' title='bbox 449 1904 535 1959; x_wconf 78' lang='grc' dir='ltr'>ἐπὶ</span> <span class='ocrx_word' id='word_1_91' title='bbox 567 1903 818 1979; x_wconf 81' lang='grc' dir='ltr'>Ἡρώδου</span> <span class='ocrx_word' id='word_1_92' title='bbox 847 1910 943 1961; x_wconf 80' lang='grc' dir='ltr'>τοῦ</span> <span class='ocrx_word' id='word_1_93' title='bbox 1003 1893 1365 1963; x_wconf 87' lang='grc' dir='ltr'>παιδοκτόνου</span> <span class='ocrx_word' id='word_1_94' title='bbox 1419 1893 1749 1985; x_wconf 80' lang='grc' dir='ltr'>παρανόμως</span> <span class='ocrx_word' id='word_1_95' title='bbox 1779 1909 1886 1965; x_wconf 82' lang='grc' dir='ltr'>ἐκτε</span> 
     </span>
    </p>
   </div>
   <div class='ocr_carea' id='block_1_17' title="bbox 2087 1893 3693 1985">
    <p class='ocr_par' dir='ltr' id='par_1_17' title="bbox 2087 1909 3693 1984">
     <span class='ocr_line' id='line_1_17' title="bbox 2087 1909 3693 1984; baseline -0.002 -16"><span class='ocrx_word' id='word_1_96' title='bbox 2087 1913 2212 1984; x_wconf 77' lang='lat' dir='ltr'>upie</span> <span class='ocrx_word' id='word_1_97' title='bbox 2251 1913 2372 1968; x_wconf 87' lang='lat' dir='ltr'>lata</span> <span class='ocrx_word' id='word_1_98' title='bbox 2421 1913 2611 1968; x_wconf 88' lang='lat' dir='ltr'>vivida</span> <span class='ocrx_word' id='word_1_99' title='bbox 2660 1914 3024 1984; x_wconf 80' lang='lat' dir='ltr'>expositione</span> <span class='ocrx_word' id='word_1_100' title='bbox 3060 1920 3285 1966; x_wconf 84' lang='lat' dir='ltr'>notare.</span> <span class='ocrx_word' id='word_1_101' title='bbox 3329 1909 3561 1964; x_wconf 83' lang='lat' dir='ltr'>Timore</span> <span class='ocrx_word' id='word_1_102' title='bbox 3604 1912 3693 1965; x_wconf 67' lang='lat' dir='ltr'>et—&#39;</span> 
     </span>
    </p>
   </div>
   <div class='ocr_carea' id='block_1_18' title="bbox 281 1993 1887 2075">
    <p class='ocr_par' dir='ltr' id='par_1_18' title="bbox 281 1993 1887 2075">
     <span class='ocr_line' id='line_1_18' title="bbox 281 1993 1887 2075; baseline 0.003 -27"><span class='ocrx_word' id='word_1_103' title='bbox 281 1993 536 2050; x_wconf 82' lang='grc' dir='ltr'>λεσθέντα</span> <span class='ocrx_word' id='word_1_104' title='bbox 559 1997 628 2067; x_wconf 78' lang='grc' dir='ltr'>τῇ</span> <span class='ocrx_word' id='word_1_105' title='bbox 662 1993 840 2066; x_wconf 73' lang='grc' dir='ltr'>ἐννοίᾳ</span> <span class='ocrx_word' id='word_1_106' title='bbox 891 2002 992 2066; x_wconf 83' lang='grc' dir='ltr'>τῆς</span> <span class='ocrx_word' id='word_1_107' title='bbox 1054 1998 1283 2061; x_wconf 81' lang='grc' dir='ltr'>θεωρίας</span> <span class='ocrx_word' id='word_1_108' title='bbox 1343 1996 1766 2072; x_wconf 86' lang='grc' dir='ltr'>στηλιτεύσομαι</span> <span class='ocrx_word' id='word_1_109' title='bbox 1799 1997 1887 2075; x_wconf 71' lang='grc' dir='ltr'>δόγ</span> 
     </span>
    </p>
   </div>
   <div class='ocr_carea' id='block_1_19' title="bbox 2078 1993 3684 2075">
    <p class='ocr_par' dir='ltr' id='par_1_19' title="bbox 2078 2001 3684 2074">
     <span class='ocr_line' id='line_1_19' title="bbox 2078 2001 3684 2074; baseline -0.001 -19"><span class='ocrx_word' id='word_1_110' title='bbox 2078 2003 2199 2056; x_wconf 90' lang='lat' dir='ltr'>nim</span> <span class='ocrx_word' id='word_1_111' title='bbox 2215 2003 2562 2074; x_wconf 85' lang='lat' dir='ltr'>etlacrymis</span> <span class='ocrx_word' id='word_1_112' title='bbox 2576 2003 2752 2074; x_wconf 87' lang='lat' dir='ltr'>plena</span> <span class='ocrx_word' id='word_1_113' title='bbox 2765 2008 2853 2057; x_wconf 89' lang='lat' dir='ltr'>est</span> <span class='ocrx_word' id='word_1_114' title='bbox 2866 2002 3000 2056; x_wconf 84' lang='lat' dir='ltr'>talis</span> <span class='ocrx_word' id='word_1_115' title='bbox 3015 2001 3553 2073; x_wconf 78' lang='lat' dir='ltr'>indagatio,timore</span> <span class='ocrx_word' id='word_1_116' title='bbox 3567 2016 3684 2054; x_wconf 93' lang='lat' dir='ltr'>non</span> 
     </span>
    </p>
   </div>
   <div class='ocr_carea' id='block_1_20' title="bbox 284 2081 1890 2162">
    <p class='ocr_par' dir='ltr' id='par_1_20' title="bbox 284 2081 1890 2162">
     <span class='ocr_line' id='line_1_20' title="bbox 284 2081 1890 2162; baseline 0.003 -24"><span class='ocrx_word' id='word_1_117' title='bbox 284 2102 446 2158; x_wconf 81' lang='grc' dir='ltr'>ματα.</span> <span class='ocrx_word' id='word_1_118' title='bbox 518 2081 703 2139; x_wconf 79' lang='grc' dir='ltr'>Φόϐου</span> <span class='ocrx_word' id='word_1_119' title='bbox 761 2086 860 2162; x_wconf 76' lang='grc' dir='ltr'>γὰρ</span> <span class='ocrx_word' id='word_1_120' title='bbox 917 2086 1006 2139; x_wconf 77' lang='grc' dir='ltr'>καὶ</span> <span class='ocrx_word' id='word_1_121' title='bbox 1065 2083 1313 2158; x_wconf 77' lang='grc' dir='ltr'>δακρύων</span> <span class='ocrx_word' id='word_1_122' title='bbox 1361 2091 1395 2157; x_wconf 79' lang='grc' dir='ltr'><strong>ἡ</strong></span> <span class='ocrx_word' id='word_1_123' title='bbox 1453 2089 1678 2159; x_wconf 74' lang='grc' dir='ltr'>τοιαύτη</span> <span class='ocrx_word' id='word_1_124' title='bbox 1740 2087 1890 2159; x_wconf 77' lang='grc' dir='ltr'>ἔρευν</span> 
     </span>
    </p>
   </div>
   <div class='ocr_carea' id='block_1_21' title="bbox 2075 2081 3681 2162">
    <p class='ocr_par' dir='ltr' id='par_1_21' title="bbox 2081 2090 3681 2156">
     <span class='ocr_line' id='line_1_21' title="bbox 2081 2090 3681 2156; baseline -0.001 -13"><span class='ocrx_word' id='word_1_125' title='bbox 2081 2096 2260 2156; x_wconf 90' lang='lat' dir='ltr'>ostro,</span> <span class='ocrx_word' id='word_1_126' title='bbox 2311 2091 2412 2144; x_wconf 87' lang='lat' dir='ltr'>sed</span> <span class='ocrx_word' id='word_1_127' title='bbox 2447 2092 2685 2145; x_wconf 89' lang='lat' dir='ltr'>illorum</span> <span class='ocrx_word' id='word_1_128' title='bbox 2719 2091 3026 2145; x_wconf 79' lang='lat' dir='ltr'>beatorum</span> <span class='ocrx_word' id='word_1_129' title='bbox 3058 2090 3394 2156; x_wconf 89' lang='lat' dir='ltr'>infantium,</span> <span class='ocrx_word' id='word_1_130' title='bbox 3424 2093 3681 2143; x_wconf 87' lang='lat' dir='ltr'>matrum</span> 
     </span>
    </p>
   </div>
   <div class='ocr_carea' id='block_1_22' title="bbox 277 2171 1883 2253">
    <p class='ocr_par' dir='ltr' id='par_1_22' title="bbox 277 2171 1883 2253">
     <span class='ocr_line' id='line_1_22' title="bbox 277 2171 1883 2253; baseline 0.004 -27"><span class='ocrx_word' id='word_1_131' title='bbox 277 2173 455 2246; x_wconf 83' lang='grc' dir='ltr'>γέμει·</span> <span class='ocrx_word' id='word_1_132' title='bbox 490 2173 588 2239; x_wconf 63' lang='grc' dir='ltr'>οὐκ</span> <span class='ocrx_word' id='word_1_133' title='bbox 635 2173 887 2249; x_wconf 85' lang='grc' dir='ltr'>ἡμετέρῳ</span> <span class='ocrx_word' id='word_1_134' title='bbox 942 2171 1122 2252; x_wconf 78' lang='grc' dir='ltr'>φόϐῳ,</span> <span class='ocrx_word' id='word_1_135' title='bbox 1155 2175 1301 2232; x_wconf 85' lang='grc' dir='ltr'>ἀλλά</span> <span class='ocrx_word' id='word_1_136' title='bbox 1350 2181 1458 2232; x_wconf 84' lang='grc' dir='ltr'>τῶν</span> <span class='ocrx_word' id='word_1_137' title='bbox 1489 2177 1613 2232; x_wconf 88' lang='grc' dir='ltr'>τότε</span> <span class='ocrx_word' id='word_1_138' title='bbox 1646 2179 1883 2253; x_wconf 58' lang='grc' dir='ltr'>μητέρωγ</span> 
     </span>
    </p>
   </div>
   <div class='ocr_carea' id='block_1_23' title="bbox 2076 2171 3682 2253">
    <p class='ocr_par' dir='ltr' id='par_1_23' title="bbox 2080 2175 3682 2250">
     <span class='ocr_line' id='line_1_23' title="bbox 2080 2175 3682 2250; baseline -0.001 -19"><span class='ocrx_word' id='word_1_139' title='bbox 2080 2194 2289 2232; x_wconf 90' lang='lat' dir='ltr'>uarum</span> <span class='ocrx_word' id='word_1_140' title='bbox 2313 2179 2663 2232; x_wconf 81' lang='lat' dir='ltr'>innocentes</span> <span class='ocrx_word' id='word_1_141' title='bbox 2685 2194 2898 2248; x_wconf 91' lang='lat' dir='ltr'>pueros</span> <span class='ocrx_word' id='word_1_142' title='bbox 2919 2179 3150 2250; x_wconf 78' lang='lat' dir='ltr'>gladius</span> <span class='ocrx_word' id='word_1_143' title='bbox 3174 2178 3392 2248; x_wconf 83' lang='lat' dir='ltr'>injuste</span> <span class='ocrx_word' id='word_1_144' title='bbox 3415 2175 3682 2243; x_wconf 71' lang='lat' dir='ltr'>messuit,</span> 
     </span>
    </p>
   </div>
   <div class='ocr_carea' id='block_1_24' title="bbox 274 2257 1880 2340">
    <p class='ocr_par' dir='ltr' id='par_1_24' title="bbox 274 2261 1880 2340">
     <span class='ocr_line' id='line_1_24' title="bbox 274 2261 1880 2340; baseline 0.004 -24"><span class='ocrx_word' id='word_1_145' title='bbox 274 2265 384 2316; x_wconf 85' lang='grc' dir='ltr'>τῶν</span> <span class='ocrx_word' id='word_1_146' title='bbox 432 2261 708 2336; x_wconf 77' lang='grc' dir='ltr'>μακαρίων</span> <span class='ocrx_word' id='word_1_147' title='bbox 745 2263 962 2318; x_wconf 75' lang='grc' dir='ltr'>ἐκείνων</span> <span class='ocrx_word' id='word_1_148' title='bbox 1011 2263 1244 2334; x_wconf 86' lang='grc' dir='ltr'>παίδων,</span> <span class='ocrx_word' id='word_1_149' title='bbox 1293 2267 1367 2319; x_wconf 83' lang='grc' dir='ltr'>ὧν</span> <span class='ocrx_word' id='word_1_150' title='bbox 1401 2268 1428 2320; x_wconf 99' lang='lat'>6</span> <span class='ocrx_word' id='word_1_151' title='bbox 1459 2265 1713 2340; x_wconf 79' lang='grc' dir='ltr'>Ἡρώδης</span> <span class='ocrx_word' id='word_1_152' title='bbox 1744 2272 1880 2336; x_wconf 85' lang='grc' dir='ltr'>ζητᾶ</span> 
     </span>
    </p>
   </div>
   <div class='ocr_carea' id='block_1_25' title="bbox 2079 2257 3685 2340">
    <p class='ocr_par' dir='ltr' id='par_1_25' title="bbox 2079 2257 3685 2338">
     <span class='ocr_line' id='line_1_25' title="bbox 2079 2257 3685 2338; baseline 0.001 -20"><span class='ocrx_word' id='word_1_153' title='bbox 2079 2281 2168 2318; x_wconf 85' lang='lat' dir='ltr'>um</span> <span class='ocrx_word' id='word_1_154' title='bbox 2196 2257 2401 2320; x_wconf 89' lang='lat' dir='ltr'>natum</span> <span class='ocrx_word' id='word_1_155' title='bbox 2435 2283 2632 2338; x_wconf 90' lang='lat' dir='ltr'>regem</span> <span class='ocrx_word' id='word_1_156' title='bbox 2667 2272 2958 2337; x_wconf 62' lang='lat' dir='ltr'>quaereret</span> <span class='ocrx_word' id='word_1_157' title='bbox 3001 2267 3278 2320; x_wconf 85' lang='lat' dir='ltr'>Herodes.</span> <span class='ocrx_word' id='word_1_158' title='bbox 3315 2268 3432 2320; x_wconf 85' lang='lat' dir='ltr'>Hoc</span> <span class='ocrx_word' id='word_1_159' title='bbox 3465 2267 3685 2321; x_wconf 89' lang='lat' dir='ltr'>etenim</span> 
     </span>
    </p>
   </div>
   <div class='ocr_carea' id='block_1_26' title="bbox 273 2349 1879 2426">
    <p class='ocr_par' dir='ltr' id='par_1_26' title="bbox 273 2349 1879 2426">
     <span class='ocr_line' id='line_1_26' title="bbox 273 2349 1879 2426; baseline 0.003 -21"><span class='ocrx_word' id='word_1_160' title='bbox 273 2350 364 2405; x_wconf 85' lang='grc' dir='ltr'>τὸν</span> <span class='ocrx_word' id='word_1_161' title='bbox 420 2351 742 2426; x_wconf 75' lang='grc' dir='ltr'>γεννηθέντα</span> <span class='ocrx_word' id='word_1_162' title='bbox 831 2349 1078 2424; x_wconf 86' lang='grc' dir='ltr'>βασιλέα,</span> <span class='ocrx_word' id='word_1_163' title='bbox 1163 2352 1293 2415; x_wconf 77' lang='grc' dir='ltr'>τοὺς</span> <span class='ocrx_word' id='word_1_164' title='bbox 1355 2351 1524 2426; x_wconf 69' lang='grc' dir='ltr'>μηδὲν</span> <span class='ocrx_word' id='word_1_165' title='bbox 1586 2353 1879 2425; x_wconf 75' lang='grc' dir='ltr'>ἠδικηκότα</span> 
     </span>
    </p>
   </div>
   <div class='ocr_carea' id='block_1_27' title="bbox 2079 2349 3685 2426">
    <p class='ocr_par' dir='ltr' id='par_1_27' title="bbox 2079 2353 3685 2425">
     <span class='ocr_line' id='line_1_27' title="bbox 2079 2353 3685 2425; baseline 0.002 -19"><span class='ocrx_word' id='word_1_166' title='bbox 2079 2353 2298 2407; x_wconf 89' lang='lat' dir='ltr'>nimum</span> <span class='ocrx_word' id='word_1_167' title='bbox 2334 2371 2532 2408; x_wconf 89' lang='lat' dir='ltr'>meum</span> <span class='ocrx_word' id='word_1_168' title='bbox 2587 2355 2939 2425; x_wconf 78' lang='lat' dir='ltr'>provocavit,</span> <span class='ocrx_word' id='word_1_169' title='bbox 3001 2359 3058 2408; x_wconf 90' lang='lat' dir='ltr'>et</span> <span class='ocrx_word' id='word_1_170' title='bbox 3115 2355 3285 2424; x_wconf 87' lang='lat' dir='ltr'>quasi</span> <span class='ocrx_word' id='word_1_171' title='bbox 3316 2354 3504 2409; x_wconf 92' lang='lat' dir='ltr'>oculis</span> <span class='ocrx_word' id='word_1_172' title='bbox 3536 2355 3685 2409; x_wconf 86' lang='lat' dir='ltr'>meis</span> 
     </span>
    </p>
   </div>
   <div class='ocr_carea' id='block_1_28' title="bbox 272 2436 1878 2517">
    <p class='ocr_par' dir='ltr' id='par_1_28' title="bbox 272 2436 1878 2517">
     <span class='ocr_line' id='line_1_28' title="bbox 272 2436 1878 2517; baseline 0.004 -25"><span class='ocrx_word' id='word_1_173' title='bbox 272 2436 489 2506; x_wconf 82' lang='grc' dir='ltr'>παῖδας,</span> <span class='ocrx_word' id='word_1_174' title='bbox 549 2439 728 2514; x_wconf 80' lang='grc' dir='ltr'>ἄωρος</span> <span class='ocrx_word' id='word_1_175' title='bbox 786 2437 984 2502; x_wconf 89' lang='grc' dir='ltr'>ἀδίκως</span> <span class='ocrx_word' id='word_1_176' title='bbox 1055 2438 1293 2516; x_wconf 68' lang='grc' dir='ltr'>δρέπαὶνη</span> <span class='ocrx_word' id='word_1_177' title='bbox 1355 2443 1684 2517; x_wconf 76' lang='grc' dir='ltr'>ἐξεθέρησεν.</span> <span class='ocrx_word' id='word_1_178' title='bbox 1745 2449 1878 2500; x_wconf 84' lang='grc' dir='ltr'>Τοῦτ</span> 
     </span>
    </p>
   </div>
   <div class='ocr_carea' id='block_1_29' title="bbox 2077 2436 3683 2517">
    <p class='ocr_par' dir='ltr' id='par_1_29' title="bbox 2077 2442 3683 2514">
     <span class='ocr_line' id='line_1_29' title="bbox 2077 2442 3683 2514; baseline 0.002 -19"><span class='ocrx_word' id='word_1_179' title='bbox 2077 2442 2196 2497; x_wconf 71' lang='lat' dir='ltr'>ideo</span> <span class='ocrx_word' id='word_1_180' title='bbox 2231 2443 2485 2514; x_wconf 87' lang='lat' dir='ltr'>impium</span> <span class='ocrx_word' id='word_1_181' title='bbox 2513 2443 2804 2498; x_wconf 81' lang='lat' dir='ltr'>Herodem</span> <span class='ocrx_word' id='word_1_182' title='bbox 2854 2443 3253 2498; x_wconf 78' lang='lat' dir='ltr'>insanientem</span> <span class='ocrx_word' id='word_1_183' title='bbox 3287 2444 3568 2513; x_wconf 88' lang='lat' dir='ltr'>vultuque</span> <span class='ocrx_word' id='word_1_184' title='bbox 3595 2447 3683 2498; x_wconf 89' lang='lat' dir='ltr'>te-&#39;</span> 
     </span>
    </p>
   </div>
   <div class='ocr_carea' id='block_1_30' title="bbox 274 2529 1880 2610">
    <p class='ocr_par' dir='ltr' id='par_1_30' title="bbox 274 2529 1880 2610">
     <span class='ocr_line' id='line_1_30' title="bbox 274 2529 1880 2610; baseline 0.005 -29"><span class='ocrx_word' id='word_1_185' title='bbox 274 2529 375 2601; x_wconf 86' lang='grc' dir='ltr'>γάρ</span> <span class='ocrx_word' id='word_1_186' title='bbox 411 2549 521 2600; x_wconf 88' lang='grc' dir='ltr'>μου</span> <span class='ocrx_word' id='word_1_187' title='bbox 549 2529 641 2582; x_wconf 82' lang='grc' dir='ltr'>τὸν</span> <span class='ocrx_word' id='word_1_188' title='bbox 673 2531 796 2582; x_wconf 89' lang='grc' dir='ltr'>νοῦν</span> <span class='ocrx_word' id='word_1_189' title='bbox 847 2531 1239 2604; x_wconf 71' lang='grc' dir='ltr'>προετρέψατο,</span> <span class='ocrx_word' id='word_1_190' title='bbox 1287 2532 1375 2586; x_wconf 78' lang='grc' dir='ltr'>καὶ</span> <span class='ocrx_word' id='word_1_191' title='bbox 1426 2533 1499 2593; x_wconf 86' lang='grc' dir='ltr'>ὡς</span> <span class='ocrx_word' id='word_1_192' title='bbox 1530 2531 1580 2586; x_wconf 84' lang='grc' dir='ltr'>έν</span> <span class='ocrx_word' id='word_1_193' title='bbox 1612 2532 1880 2610; x_wconf 57' lang='grc' dir='ltr'>ὀφθαλμοἾ</span> 
     </span>
    </p>
   </div>
   <div class='ocr_carea' id='block_1_31' title="bbox 2069 2529 3675 2610">
    <p class='ocr_par' dir='ltr' id='par_1_31' title="bbox 2069 2532 3675 2604">
     <span class='ocr_line' id='line_1_31' title="bbox 2069 2532 3675 2604; baseline 0.001 -20"><span class='ocrx_word' id='word_1_194' title='bbox 2069 2532 2200 2597; x_wconf 69' lang='lat' dir='ltr'>rico,</span> <span class='ocrx_word' id='word_1_195' title='bbox 2233 2533 2438 2602; x_wconf 91' lang='lat' dir='ltr'>iniquo</span> <span class='ocrx_word' id='word_1_196' title='bbox 2472 2533 2683 2587; x_wconf 86' lang='lat' dir='ltr'>throno</span> <span class='ocrx_word' id='word_1_197' title='bbox 2726 2532 3109 2599; x_wconf 85' lang='lat' dir='ltr'>insidentem,</span> <span class='ocrx_word' id='word_1_198' title='bbox 3145 2538 3203 2586; x_wconf 89' lang='lat' dir='ltr'>et</span> <span class='ocrx_word' id='word_1_199' title='bbox 3232 2533 3436 2586; x_wconf 89' lang='lat' dir='ltr'>multis</span> <span class='ocrx_word' id='word_1_200' title='bbox 3465 2532 3675 2604; x_wconf 77' lang='lat' dir='ltr'>gladiis</span> 
     </span>
    </p>
   </div>
   <div class='ocr_carea' id='block_1_32' title="bbox 274 2615 1880 2693">
    <p class='ocr_par' dir='ltr' id='par_1_32' title="bbox 274 2615 1880 2693">
     <span class='ocr_line' id='line_1_32' title="bbox 274 2615 1880 2693; baseline 0.004 -24"><span class='ocrx_word' id='word_1_201' title='bbox 274 2615 478 2688; x_wconf 83' lang='grc' dir='ltr'>ἀρτίως</span> <span class='ocrx_word' id='word_1_202' title='bbox 539 2616 651 2690; x_wconf 75' lang='grc' dir='ltr'>ὁρῶ</span> <span class='ocrx_word' id='word_1_203' title='bbox 701 2615 792 2670; x_wconf 84' lang='grc' dir='ltr'>τὸν</span> <span class='ocrx_word' id='word_1_204' title='bbox 847 2619 1161 2693; x_wconf 73' lang='grc' dir='ltr'>παράνομον</span> <span class='ocrx_word' id='word_1_205' title='bbox 1221 2617 1471 2693; x_wconf 80' lang='grc' dir='ltr'>Ἡρώδην</span> <span class='ocrx_word' id='word_1_206' title='bbox 1518 2620 1800 2692; x_wconf 79' lang='grc' dir='ltr'>μεμηνότα</span> <span class='ocrx_word' id='word_1_207' title='bbox 1829 2643 1880 2675; x_wconf 71' lang='grc' dir='ltr'>κς</span> 
     </span>
    </p>
   </div>
   <div class='ocr_carea' id='block_1_33' title="bbox 2075 2615 3681 2693">
    <p class='ocr_par' dir='ltr' id='par_1_33' title="bbox 2075 2619 3681 2692">
     <span class='ocr_line' id='line_1_33' title="bbox 2075 2619 3681 2692; baseline 0 -20"><span class='ocrx_word' id='word_1_208' title='bbox 2075 2619 2206 2673; x_wconf 71' lang='grc' dir='ltr'>πᾶθ</span> <span class='ocrx_word' id='word_1_209' title='bbox 2229 2621 3047 2692; x_wconf 82' lang='lat' dir='ltr'>exagitato,festinantemque</span> <span class='ocrx_word' id='word_1_210' title='bbox 3073 2627 3278 2674; x_wconf 89' lang='lat' dir='ltr'>contra</span> <span class='ocrx_word' id='word_1_211' title='bbox 3299 2621 3681 2674; x_wconf 88' lang='lat' dir='ltr'>insurrectio-</span> 
     </span>
    </p>
   </div>
   <div class='ocr_carea' id='block_1_34' title="bbox 277 2703 1883 2783">
    <p class='ocr_par' dir='ltr' id='par_1_34' title="bbox 277 2703 1883 2783">
     <span class='ocr_line' id='line_1_34' title="bbox 277 2703 1883 2783; baseline 0.004 -26"><span class='ocrx_word' id='word_1_212' title='bbox 277 2705 618 2780; x_wconf 84' lang='grc' dir='ltr'>σκυθρωπὸν,</span> <span class='ocrx_word' id='word_1_213' title='bbox 679 2703 764 2759; x_wconf 71' lang='grc' dir='ltr'>ἐπὶ</span> <span class='ocrx_word' id='word_1_214' title='bbox 810 2710 906 2761; x_wconf 81' lang='grc' dir='ltr'>τοῦ</span> <span class='ocrx_word' id='word_1_215' title='bbox 965 2705 1154 2762; x_wconf 79' lang='grc' dir='ltr'>ἀδίκου</span> <span class='ocrx_word' id='word_1_216' title='bbox 1204 2707 1368 2763; x_wconf 81' lang='grc' dir='ltr'>αὐτοῦ</span> <span class='ocrx_word' id='word_1_217' title='bbox 1400 2707 1594 2783; x_wconf 85' lang='grc' dir='ltr'>θρόνου</span> <span class='ocrx_word' id='word_1_218' title='bbox 1623 2710 1883 2782; x_wconf 80' lang='grc' dir='ltr'>καθεζόμε</span> 
     </span>
    </p>
   </div>
   <div class='ocr_carea' id='block_1_35' title="bbox 2072 2703 3678 2783">
    <p class='ocr_par' dir='ltr' id='par_1_35' title="bbox 2074 2706 3678 2778">
     <span class='ocr_line' id='line_1_35' title="bbox 2074 2706 3678 2778; baseline 0 -18"><span class='ocrx_word' id='word_1_219' title='bbox 2074 2724 2166 2761; x_wconf 81' lang='lat' dir='ltr'>em</span> <span class='ocrx_word' id='word_1_220' title='bbox 2201 2706 2372 2778; x_wconf 82' lang='lat' dir='ltr'>Regis</span> <span class='ocrx_word' id='word_1_221' title='bbox 2414 2725 2618 2777; x_wconf 84' lang='lat' dir='ltr'>regum</span> <span class='ocrx_word' id='word_1_222' title='bbox 2679 2713 2737 2761; x_wconf 89' lang='lat' dir='ltr'>et</span> <span class='ocrx_word' id='word_1_223' title='bbox 2791 2708 3020 2762; x_wconf 91' lang='lat' dir='ltr'>Domini</span> <span class='ocrx_word' id='word_1_224' title='bbox 3076 2709 3538 2775; x_wconf 84' lang='lat' dir='ltr'>dominantium,</span> <span class='ocrx_word' id='word_1_225' title='bbox 3571 2723 3678 2778; x_wconf 89' lang='lat' dir='ltr'>per</span> 
     </span>
    </p>
   </div>
   <div class='ocr_carea' id='block_1_36' title="bbox 272 2791 1878 2872">
    <p class='ocr_par' dir='ltr' id='par_1_36' title="bbox 272 2791 1878 2872">
     <span class='ocr_line' id='line_1_36' title="bbox 272 2791 1878 2872; baseline 0.004 -28"><span class='ocrx_word' id='word_1_226' title='bbox 272 2811 385 2860; x_wconf 88' lang='grc' dir='ltr'>νον,</span> <span class='ocrx_word' id='word_1_227' title='bbox 436 2793 525 2847; x_wconf 81' lang='grc' dir='ltr'>καὶ</span> <span class='ocrx_word' id='word_1_228' title='bbox 580 2791 839 2857; x_wconf 87' lang='grc' dir='ltr'>πλείονος</span> <span class='ocrx_word' id='word_1_229' title='bbox 889 2794 1072 2872; x_wconf 81' lang='grc' dir='ltr'>ξίφους</span> <span class='ocrx_word' id='word_1_230' title='bbox 1131 2797 1228 2866; x_wconf 80' lang='grc' dir='ltr'>τήν</span> <span class='ocrx_word' id='word_1_231' title='bbox 1281 2797 1480 2852; x_wconf 77' lang='grc' dir='ltr'>τούτου</span> <span class='ocrx_word' id='word_1_232' title='bbox 1525 2794 1750 2871; x_wconf 84' lang='grc' dir='ltr'>καρδίαν</span> <span class='ocrx_word' id='word_1_233' title='bbox 1781 2799 1878 2867; x_wconf 82' lang='grc' dir='ltr'>ἠκο</span> 
     </span>
    </p>
   </div>
   <div class='ocr_carea' id='block_1_37' title="bbox 2065 2791 3671 2872">
    <p class='ocr_par' dir='ltr' id='par_1_37' title="bbox 2071 2793 3671 2867">
     <span class='ocr_line' id='line_1_37' title="bbox 2071 2793 3671 2867; baseline 0.001 -18"><span class='ocrx_word' id='word_1_234' title='bbox 2071 2812 2205 2850; x_wconf 90' lang='lat' dir='ltr'>uem</span> <span class='ocrx_word' id='word_1_235' title='bbox 2222 2793 2389 2867; x_wconf 86' lang='lat' dir='ltr'>reges</span> <span class='ocrx_word' id='word_1_236' title='bbox 2409 2801 2664 2866; x_wconf 86' lang='lat' dir='ltr'>regnant</span> <span class='ocrx_word' id='word_1_237' title='bbox 2686 2802 2743 2849; x_wconf 92' lang='lat' dir='ltr'>et</span> <span class='ocrx_word' id='word_1_238' title='bbox 2759 2797 3055 2866; x_wconf 88' lang='lat' dir='ltr'>principes</span> <span class='ocrx_word' id='word_1_239' title='bbox 3074 2801 3244 2850; x_wconf 72' lang='lat' dir='ltr'>terrae</span> <span class='ocrx_word' id='word_1_240' title='bbox 3264 2797 3671 2851; x_wconf 85' lang='lat' dir='ltr'>dominantur.</span> 
     </span>
    </p>
   </div>
   <div class='ocr_carea' id='block_1_38' title="bbox 271 2882 1877 2960">
    <p class='ocr_par' dir='ltr' id='par_1_38' title="bbox 271 2883 1877 2960">
     <span class='ocr_line' id='line_1_38' title="bbox 271 2883 1877 2960; baseline 0.002 -24"><span class='ocrx_word' id='word_1_241' title='bbox 271 2883 534 2955; x_wconf 87' lang='grc' dir='ltr'>νημένην,</span> <span class='ocrx_word' id='word_1_242' title='bbox 566 2883 656 2937; x_wconf 83' lang='grc' dir='ltr'>καὶ</span> <span class='ocrx_word' id='word_1_243' title='bbox 687 2883 824 2957; x_wconf 88' lang='grc' dir='ltr'>πρὸς</span> <span class='ocrx_word' id='word_1_244' title='bbox 866 2883 1154 2959; x_wconf 82' lang='grc' dir='ltr'>ἀνταρσίαν</span> <span class='ocrx_word' id='word_1_245' title='bbox 1201 2885 1650 2960; x_wconf 84' lang='grc' dir='ltr'>εύτρεπιζόμενον</span> <span class='ocrx_word' id='word_1_246' title='bbox 1682 2890 1778 2941; x_wconf 88' lang='grc' dir='ltr'>τοῦ</span> <span class='ocrx_word' id='word_1_247' title='bbox 1809 2889 1877 2942; x_wconf 83' lang='grc' dir='ltr'>Βα</span> 
     </span>
    </p>
   </div>
   <div class='ocr_carea' id='block_1_39' title="bbox 2065 2882 3671 2960">
    <p class='ocr_par' dir='ltr' id='par_1_39' title="bbox 2065 2882 3671 2959">
     <span class='ocr_line' id='line_1_39' title="bbox 2065 2882 3671 2959; baseline 0.001 -22"><span class='ocrx_word' id='word_1_248' title='bbox 2065 2887 2151 2938; x_wconf 76' lang='grc' dir='ltr'>[οη</span> <span class='ocrx_word' id='word_1_249' title='bbox 2178 2884 2478 2958; x_wconf 79' lang='lat' dir='ltr'>Bethleem</span> <span class='ocrx_word' id='word_1_250' title='bbox 2499 2883 2694 2949; x_wconf 87' lang='lat' dir='ltr'>modo,</span> <span class='ocrx_word' id='word_1_251' title='bbox 2720 2882 2822 2937; x_wconf 91' lang='lat' dir='ltr'>sed</span> <span class='ocrx_word' id='word_1_252' title='bbox 2847 2889 2904 2959; x_wconf 84' lang='lat' dir='ltr'>et</span> <span class='ocrx_word' id='word_1_253' title='bbox 2931 2885 3258 2940; x_wconf 85' lang='lat' dir='ltr'>Jerusalem</span> <span class='ocrx_word' id='word_1_254' title='bbox 3284 2885 3671 2939; x_wconf 88' lang='lat' dir='ltr'>turbaverunt</span> 
     </span>
    </p>
   </div>
   <div class='ocr_carea' id='block_1_40' title="bbox 271 2970 1877 3049">
    <p class='ocr_par' dir='ltr' id='par_1_40' title="bbox 271 2970 1877 3049">
     <span class='ocr_line' id='line_1_40' title="bbox 271 2970 1877 3049; baseline 0.001 -23"><span class='ocrx_word' id='word_1_255' title='bbox 271 2970 470 3034; x_wconf 76' lang='grc' dir='ltr'>σιλέως</span> <span class='ocrx_word' id='word_1_256' title='bbox 501 2977 607 3027; x_wconf 81' lang='grc' dir='ltr'>τῶν</span> <span class='ocrx_word' id='word_1_257' title='bbox 667 2971 1066 3048; x_wconf 85' lang='grc' dir='ltr'>βασιλευόντων</span> <span class='ocrx_word' id='word_1_258' title='bbox 1120 2975 1210 3028; x_wconf 73' lang='grc' dir='ltr'>καὶ</span> <span class='ocrx_word' id='word_1_259' title='bbox 1268 2974 1467 3049; x_wconf 85' lang='grc' dir='ltr'>Κυρίου</span> <span class='ocrx_word' id='word_1_260' title='bbox 1499 2979 1607 3030; x_wconf 81' lang='grc' dir='ltr'>τῶν</span> <span class='ocrx_word' id='word_1_261' title='bbox 1637 2973 1877 3048; x_wconf 86' lang='grc' dir='ltr'>κυριευόν</span> 
     </span>
    </p>
   </div>
   <div class='ocr_carea' id='block_1_41' title="bbox 2061 2970 3667 3049">
    <p class='ocr_par' dir='ltr' id='par_1_41' title="bbox 2061 2972 3667 3043">
     <span class='ocr_line' id='line_1_41' title="bbox 2061 2972 3667 3043; baseline 0 -16"><span class='ocrx_word' id='word_1_262' title='bbox 2061 2974 2352 3043; x_wconf 90' lang='lat' dir='ltr'>mpiorum</span> <span class='ocrx_word' id='word_1_263' title='bbox 2400 2973 2700 3027; x_wconf 88' lang='lat' dir='ltr'>calumnia</span> <span class='ocrx_word' id='word_1_264' title='bbox 2740 2972 3098 3038; x_wconf 67' lang='lat' dir='ltr'>Iudaeorum,</span> <span class='ocrx_word' id='word_1_265' title='bbox 3152 2979 3211 3027; x_wconf 93' lang='lat' dir='ltr'>et</span> <span class='ocrx_word' id='word_1_266' title='bbox 3266 2973 3667 3042; x_wconf 87' lang='lat' dir='ltr'>inimicissimi</span> 
     </span>
    </p>
   </div>
   <div class='ocr_carea' id='block_1_42' title="bbox 269 3056 1875 3138">
    <p class='ocr_par' dir='ltr' id='par_1_42' title="bbox 269 3058 1875 3138">
     <span class='ocr_line' id='line_1_42' title="bbox 269 3058 1875 3138; baseline 0.001 -23"><span class='ocrx_word' id='word_1_267' title='bbox 269 3081 402 3131; x_wconf 86' lang='grc' dir='ltr'>των,</span> <span class='ocrx_word' id='word_1_268' title='bbox 463 3058 532 3115; x_wconf 83' lang='grc' dir='ltr'>δι’</span> <span class='ocrx_word' id='word_1_269' title='bbox 590 3061 652 3130; x_wconf 68' lang='grc' dir='ltr'>οὗ</span> <span class='ocrx_word' id='word_1_270' title='bbox 730 3059 975 3136; x_wconf 81' lang='grc' dir='ltr'>βασιλεῖς</span> <span class='ocrx_word' id='word_1_271' title='bbox 1061 3062 1462 3138; x_wconf 85' lang='grc' dir='ltr'>βασιλεύουσιν,</span> <span class='ocrx_word' id='word_1_272' title='bbox 1519 3066 1607 3138; x_wconf 58' lang='grc' dir='ltr'>καί</span> <span class='ocrx_word' id='word_1_273' title='bbox 1665 3063 1875 3138; x_wconf 73' lang='grc' dir='ltr'>τύραννε</span> 
     </span>
    </p>
   </div>
   <div class='ocr_carea' id='block_1_43' title="bbox 2063 3056 3669 3138">
    <p class='ocr_par' dir='ltr' id='par_1_43' title="bbox 2073 3056 3669 3133">
     <span class='ocr_line' id='line_1_43' title="bbox 2073 3056 3669 3133; baseline 0 -17"><span class='ocrx_word' id='word_1_274' title='bbox 2073 3061 2611 3131; x_wconf 71' lang='lat' dir='ltr'>rawaricatorisque</span> <span class='ocrx_word' id='word_1_275' title='bbox 2643 3061 2887 3115; x_wconf 84' lang='lat' dir='ltr'>Herodis</span> <span class='ocrx_word' id='word_1_276' title='bbox 2925 3061 3110 3117; x_wconf 84' lang='lat' dir='ltr'>furor.</span> <span class='ocrx_word' id='word_1_277' title='bbox 3141 3059 3458 3132; x_wconf 80' lang='lat' dir='ltr'>Postquam</span> <span class='ocrx_word' id='word_1_278' title='bbox 3491 3056 3669 3133; x_wconf 77' lang='lat' dir='ltr'>igitur</span> 
     </span>
    </p>
   </div>
   <div class='ocr_carea' id='block_1_44' title="bbox 269 3146 1875 3229">
    <p class='ocr_par' dir='ltr' id='par_1_44' title="bbox 269 3146 1875 3229">
     <span class='ocr_line' id='line_1_44' title="bbox 269 3146 1875 3229; baseline 0.003 -26"><span class='ocrx_word' id='word_1_279' title='bbox 269 3154 529 3225; x_wconf 82' lang='grc' dir='ltr'>κρατοῦσι</span> <span class='ocrx_word' id='word_1_280' title='bbox 559 3153 684 3224; x_wconf 81' lang='grc' dir='ltr'>γῆς.</span> <span class='ocrx_word' id='word_1_281' title='bbox 716 3151 776 3204; x_wconf 79' lang='grc' dir='ltr'><strong>Ἠ</strong></span> <span class='ocrx_word' id='word_1_282' title='bbox 811 3146 1043 3220; x_wconf 76' lang='grc' dir='ltr'>διαϐολὴ</span> <span class='ocrx_word' id='word_1_283' title='bbox 1103 3153 1204 3228; x_wconf 69' lang='grc' dir='ltr'>γὰρ</span> <span class='ocrx_word' id='word_1_284' title='bbox 1261 3158 1367 3208; x_wconf 83' lang='grc' dir='ltr'>τῶν</span> <span class='ocrx_word' id='word_1_285' title='bbox 1412 3153 1746 3229; x_wconf 87' lang='grc' dir='ltr'>παρανόμων</span> <span class='ocrx_word' id='word_1_286' title='bbox 1777 3155 1875 3210; x_wconf 80' lang='grc' dir='ltr'>Ἰου</span> 
     </span>
    </p>
   </div>
   <div class='ocr_carea' id='block_1_45' title="bbox 2063 3146 3669 3229">
    <p class='ocr_par' dir='ltr' id='par_1_45' title="bbox 2063 3148 3669 3222">
     <span class='ocr_line' id='line_1_45' title="bbox 2063 3148 3669 3222; baseline 0.001 -18"><span class='ocrx_word' id='word_1_287' title='bbox 2063 3151 2269 3206; x_wconf 66' lang='grc' dir='ltr'>πηίάυε</span> <span class='ocrx_word' id='word_1_288' title='bbox 2299 3151 2400 3206; x_wconf 90' lang='lat' dir='ltr'>ille</span> <span class='ocrx_word' id='word_1_289' title='bbox 2451 3152 2728 3222; x_wconf 89' lang='lat' dir='ltr'>princeps</span> <span class='ocrx_word' id='word_1_290' title='bbox 2775 3167 2809 3205; x_wconf 89' lang='lat' dir='ltr'>a</span> <span class='ocrx_word' id='word_1_291' title='bbox 2850 3151 3216 3221; x_wconf 88' lang='lat' dir='ltr'>sapientibus</span> <span class='ocrx_word' id='word_1_292' title='bbox 3248 3151 3431 3222; x_wconf 83' lang='lat' dir='ltr'>Magis</span> <span class='ocrx_word' id='word_1_293' title='bbox 3456 3148 3669 3206; x_wconf 83' lang='lat' dir='ltr'>illusus</span> 
     </span>
    </p>
   </div>
   <div class='ocr_carea' id='block_1_46' title="bbox 271 3233 1877 3318">
    <p class='ocr_par' dir='ltr' id='par_1_46' title="bbox 271 3235 1877 3318">
     <span class='ocr_line' id='line_1_46' title="bbox 271 3235 1877 3318; baseline 0.002 -24"><span class='ocrx_word' id='word_1_294' title='bbox 271 3235 463 3308; x_wconf 85' lang='grc' dir='ltr'>δαίων,</span> <span class='ocrx_word' id='word_1_295' title='bbox 520 3239 610 3310; x_wconf 73' lang='grc' dir='ltr'>καὶ</span> <span class='ocrx_word' id='word_1_296' title='bbox 666 3241 694 3294; x_wconf 96' lang='lat'>6</span> <span class='ocrx_word' id='word_1_297' title='bbox 745 3240 914 3312; x_wconf 84' lang='grc' dir='ltr'>θυμὸς</span> <span class='ocrx_word' id='word_1_298' title='bbox 984 3245 1082 3296; x_wconf 87' lang='grc' dir='ltr'>τοῦ</span> <span class='ocrx_word' id='word_1_299' title='bbox 1156 3240 1410 3318; x_wconf 75' lang='grc' dir='ltr'>ἐχθίστου</span> <span class='ocrx_word' id='word_1_300' title='bbox 1461 3242 1552 3298; x_wconf 83' lang='grc' dir='ltr'>καὶ</span> <span class='ocrx_word' id='word_1_301' title='bbox 1609 3243 1877 3298; x_wconf 81' lang='grc' dir='ltr'>ἀποστάτο</span> 
     </span>
    </p>
   </div>
   <div class='ocr_carea' id='block_1_47' title="bbox 2058 3233 3664 3318">
    <p class='ocr_par' dir='ltr' id='par_1_47' title="bbox 2062 3233 3664 3313">
     <span class='ocr_line' id='line_1_47' title="bbox 2062 3233 3664 3313; baseline -0.001 -18"><span class='ocrx_word' id='word_1_302' title='bbox 2062 3247 2133 3308; x_wconf 87' lang='lat' dir='ltr'>st,</span> <span class='ocrx_word' id='word_1_303' title='bbox 2167 3241 2449 3313; x_wconf 83' lang='lat' dir='ltr'>vertigine</span> <span class='ocrx_word' id='word_1_304' title='bbox 2480 3240 2730 3308; x_wconf 88' lang='lat' dir='ltr'>laborat,</span> <span class='ocrx_word' id='word_1_305' title='bbox 2781 3233 3149 3307; x_wconf 47' lang='lat' dir='ltr'>imm’utatur,</span> <span class='ocrx_word' id='word_1_306' title='bbox 3200 3241 3472 3294; x_wconf 88' lang='lat' dir='ltr'>turbatur</span> <span class='ocrx_word' id='word_1_307' title='bbox 3515 3245 3573 3292; x_wconf 88' lang='lat' dir='ltr'>et</span> <span class='ocrx_word' id='word_1_308' title='bbox 3603 3240 3664 3294; x_wconf 91' lang='lat' dir='ltr'>in</span> 
     </span>
    </p>
   </div>
   <div class='ocr_carea' id='block_1_48' title="bbox 267 3323 1873 3403">
    <p class='ocr_par' dir='ltr' id='par_1_48' title="bbox 267 3323 1873 3403">
     <span class='ocr_line' id='line_1_48' title="bbox 267 3323 1873 3403; baseline 0.002 -22"><span class='ocrx_word' id='word_1_309' title='bbox 267 3323 536 3402; x_wconf 85' lang='grc' dir='ltr'>Ἡρώδου,</span> <span class='ocrx_word' id='word_1_310' title='bbox 570 3327 632 3382; x_wconf 83' lang='grc' dir='ltr'>ού</span> <span class='ocrx_word' id='word_1_311' title='bbox 695 3329 858 3400; x_wconf 90' lang='grc' dir='ltr'>μόνον</span> <span class='ocrx_word' id='word_1_312' title='bbox 910 3329 1009 3397; x_wconf 77' lang='grc' dir='ltr'>τὴν</span> <span class='ocrx_word' id='word_1_313' title='bbox 1066 3331 1345 3403; x_wconf 85' lang='grc' dir='ltr'>Βηθλεεμ,</span> <span class='ocrx_word' id='word_1_314' title='bbox 1388 3328 1534 3386; x_wconf 84' lang='grc' dir='ltr'>ἀλλά</span> <span class='ocrx_word' id='word_1_315' title='bbox 1562 3330 1652 3385; x_wconf 80' lang='grc' dir='ltr'>καὶ</span> <span class='ocrx_word' id='word_1_316' title='bbox 1680 3333 1779 3400; x_wconf 82' lang='grc' dir='ltr'>τήν</span> <span class='ocrx_word' id='word_1_317' title='bbox 1812 3332 1873 3388; x_wconf 78' lang='grc' dir='ltr'>Ἰε</span> 
     </span>
    </p>
   </div>
   <div class='ocr_carea' id='block_1_49' title="bbox 2057 3323 3663 3403">
    <p class='ocr_par' dir='ltr' id='par_1_49' title="bbox 2057 3328 3663 3396">
     <span class='ocr_line' id='line_1_49' title="bbox 2057 3328 3663 3396; baseline -0.001 -12"><span class='ocrx_word' id='word_1_318' title='bbox 2057 3330 2198 3385; x_wconf 90' lang='lat' dir='ltr'>orde</span> <span class='ocrx_word' id='word_1_319' title='bbox 2231 3330 2417 3385; x_wconf 90' lang='lat' dir='ltr'>timet.</span> <span class='ocrx_word' id='word_1_320' title='bbox 2471 3330 2727 3384; x_wconf 90' lang='lat' dir='ltr'>Summis</span> <span class='ocrx_word' id='word_1_321' title='bbox 2781 3329 3186 3384; x_wconf 88' lang='lat' dir='ltr'>sacerdotibus</span> <span class='ocrx_word' id='word_1_322' title='bbox 3230 3345 3469 3384; x_wconf 87' lang='lat' dir='ltr'>causam</span> <span class='ocrx_word' id='word_1_323' title='bbox 3502 3328 3663 3396; x_wconf 87' lang='lat' dir='ltr'>dicit,</span> 
     </span>
    </p>
   </div>
   <div class='ocr_carea' id='block_1_50' title="bbox 266 3414 1872 3492">
    <p class='ocr_par' dir='ltr' id='par_1_50' title="bbox 266 3414 1872 3492">
     <span class='ocr_line' id='line_1_50' title="bbox 266 3414 1872 3492; baseline 0.002 -22"><span class='ocrx_word' id='word_1_324' title='bbox 266 3414 560 3492; x_wconf 81' lang='grc' dir='ltr'>ρουσαλήμ</span> <span class='ocrx_word' id='word_1_325' title='bbox 613 3415 972 3492; x_wconf 84' lang='grc' dir='ltr'>ἐμόχλευσεν.</span> <span class='ocrx_word' id='word_1_326' title='bbox 1030 3418 1153 3476; x_wconf 75' lang='grc' dir='ltr'>’Ότι</span> <span class='ocrx_word' id='word_1_327' title='bbox 1185 3419 1281 3472; x_wconf 77' lang='grc' dir='ltr'>οὖν</span> <span class='ocrx_word' id='word_1_328' title='bbox 1332 3421 1359 3474; x_wconf 91' lang='lat'>6</span> <span class='ocrx_word' id='word_1_329' title='bbox 1410 3417 1650 3482; x_wconf 82' lang='grc' dir='ltr'>δείλαιος</span> <span class='ocrx_word' id='word_1_330' title='bbox 1711 3419 1872 3475; x_wconf 74' lang='grc' dir='ltr'>ἆκεῖνι</span> 
     </span>
    </p>
   </div>
   <div class='ocr_carea' id='block_1_51' title="bbox 2059 3414 3665 3492">
    <p class='ocr_par' dir='ltr' id='par_1_51' title="bbox 2059 3417 3665 3491">
     <span class='ocr_line' id='line_1_51' title="bbox 2059 3417 3665 3491; baseline 0 -19"><span class='ocrx_word' id='word_1_331' title='bbox 2059 3420 2132 3472; x_wconf 65' lang='lat' dir='ltr'>ait</span> <span class='ocrx_word' id='word_1_332' title='bbox 2163 3436 2295 3474; x_wconf 91' lang='lat' dir='ltr'>cum</span> <span class='ocrx_word' id='word_1_333' title='bbox 2319 3419 2632 3473; x_wconf 70' lang='lat' dir='ltr'>Pharisaais</span> <span class='ocrx_word' id='word_1_334' title='bbox 2657 3419 3036 3484; x_wconf 86' lang='lat' dir='ltr'>societatem;</span> <span class='ocrx_word' id='word_1_335' title='bbox 3069 3419 3258 3491; x_wconf 90' lang='lat' dir='ltr'>legem</span> <span class='ocrx_word' id='word_1_336' title='bbox 3281 3417 3392 3490; x_wconf 90' lang='lat' dir='ltr'>legi</span> <span class='ocrx_word' id='word_1_337' title='bbox 3418 3418 3665 3489; x_wconf 87' lang='lat' dir='ltr'>permit-</span> 
     </span>
    </p>
   </div>
   <div class='ocr_carea' id='block_1_52' title="bbox 265 3503 1871 3585">
    <p class='ocr_par' dir='ltr' id='par_1_52' title="bbox 265 3504 1871 3585">
     <span class='ocr_line' id='line_1_52' title="bbox 265 3504 1871 3585; baseline 0.002 -25"><span class='ocrx_word' id='word_1_338' title='bbox 265 3504 561 3580; x_wconf 65' lang='grc' dir='ltr'>ἐνεπαίχθη</span> <span class='ocrx_word' id='word_1_339' title='bbox 647 3506 748 3560; x_wconf 84' lang='grc' dir='ltr'>ὑπὸ</span> <span class='ocrx_word' id='word_1_340' title='bbox 808 3510 916 3560; x_wconf 84' lang='grc' dir='ltr'>τῶν</span> <span class='ocrx_word' id='word_1_341' title='bbox 999 3512 1178 3585; x_wconf 81' lang='grc' dir='ltr'>σοφῶν</span> <span class='ocrx_word' id='word_1_342' title='bbox 1268 3509 1492 3584; x_wconf 76' lang='grc' dir='ltr'>Μάγων,</span> <span class='ocrx_word' id='word_1_343' title='bbox 1562 3508 1767 3583; x_wconf 81' lang='grc' dir='ltr'>ἷλιγγιᾷ</span> <span class='ocrx_word' id='word_1_344' title='bbox 1821 3531 1871 3564; x_wconf 79' lang='grc' dir='ltr'>κε</span> 
     </span>
    </p>
   </div>
   <div class='ocr_carea' id='block_1_53' title="bbox 2060 3503 3666 3585">
    <p class='ocr_par' dir='ltr' id='par_1_53' title="bbox 2060 3503 3666 3579">
     <span class='ocr_line' id='line_1_53' title="bbox 2060 3503 3666 3579; baseline 0.001 -19"><span class='ocrx_word' id='word_1_345' title='bbox 2060 3513 2112 3574; x_wconf 90' lang='lat' dir='ltr'>.t,</span> <span class='ocrx_word' id='word_1_346' title='bbox 2135 3503 2571 3579; x_wconf 84' lang='lat' dir='ltr'>prophetasque</span> <span class='ocrx_word' id='word_1_347' title='bbox 2593 3508 2970 3578; x_wconf 86' lang='lat' dir='ltr'>interpretari</span> <span class='ocrx_word' id='word_1_348' title='bbox 2992 3509 3182 3576; x_wconf 85' lang='lat' dir='ltr'>jubet.</span> <span class='ocrx_word' id='word_1_349' title='bbox 3206 3507 3521 3578; x_wconf 84' lang='lat' dir='ltr'>Insipiens,</span> <span class='ocrx_word' id='word_1_350' title='bbox 3554 3508 3666 3562; x_wconf 90' lang='lat' dir='ltr'>im-</span> 
     </span>
    </p>
   </div>
   <div class='ocr_carea' id='block_1_54' title="bbox 265 3591 1871 3674">
    <p class='ocr_par' dir='ltr' id='par_1_54' title="bbox 265 3591 1871 3674">
     <span class='ocr_line' id='line_1_54' title="bbox 265 3591 1871 3674; baseline 0.003 -27"><span class='ocrx_word' id='word_1_351' title='bbox 265 3591 613 3666; x_wconf 86' lang='grc' dir='ltr'>ἀλλοιοῦται,</span> <span class='ocrx_word' id='word_1_352' title='bbox 666 3593 980 3668; x_wconf 80' lang='grc' dir='ltr'>ταράττεται</span> <span class='ocrx_word' id='word_1_353' title='bbox 1045 3599 1114 3669; x_wconf 80' lang='grc' dir='ltr'>τῇ</span> <span class='ocrx_word' id='word_1_354' title='bbox 1177 3599 1384 3673; x_wconf 76' lang='grc' dir='ltr'>μορφῇ,</span> <span class='ocrx_word' id='word_1_355' title='bbox 1443 3597 1531 3650; x_wconf 77' lang='grc' dir='ltr'>καὶ</span> <span class='ocrx_word' id='word_1_356' title='bbox 1589 3596 1658 3672; x_wconf 77' lang='grc' dir='ltr'>τῇ</span> <span class='ocrx_word' id='word_1_357' title='bbox 1719 3595 1871 3674; x_wconf 87' lang='grc' dir='ltr'>καρδί</span> 
     </span>
    </p>
   </div>
   <div class='ocr_carea' id='block_1_55' title="bbox 2058 3591 3664 3674">
    <p class='ocr_par' dir='ltr' id='par_1_55' title="bbox 2063 3596 3664 3668">
     <span class='ocr_line' id='line_1_55' title="bbox 2063 3596 3664 3668; baseline 0.001 -19"><span class='ocrx_word' id='word_1_358' title='bbox 2063 3596 2202 3650; x_wconf 90' lang='lat' dir='ltr'>robe</span> <span class='ocrx_word' id='word_1_359' title='bbox 2235 3602 2291 3650; x_wconf 89' lang='lat' dir='ltr'>et</span> <span class='ocrx_word' id='word_1_360' title='bbox 2318 3597 2882 3660; x_wconf 82' lang='lat' dir='ltr'>maleﬁcentissime,</span> <span class='ocrx_word' id='word_1_361' title='bbox 2918 3598 2965 3650; x_wconf 90' lang='lat' dir='ltr'>si</span> <span class='ocrx_word' id='word_1_362' title='bbox 2997 3597 3091 3651; x_wconf 86' lang='lat' dir='ltr'>lex</span> <span class='ocrx_word' id='word_1_363' title='bbox 3124 3603 3176 3652; x_wconf 85' lang='lat' dir='ltr'>et</span> <span class='ocrx_word' id='word_1_364' title='bbox 3209 3597 3512 3668; x_wconf 70' lang='lat' dir='ltr'>prophetae</span> <span class='ocrx_word' id='word_1_365' title='bbox 3542 3597 3664 3651; x_wconf 88' lang='lat' dir='ltr'>nati</span> 
     </span>
    </p>
   </div>
   <div class='ocr_carea' id='block_1_56' title="bbox 264 3680 1870 3765">
    <p class='ocr_par' dir='ltr' id='par_1_56' title="bbox 264 3680 1860 3765">
     <span class='ocr_line' id='line_1_56' title="bbox 264 3680 1860 3765; baseline 0.002 -28"><span class='ocrx_word' id='word_1_366' title='bbox 264 3680 463 3752; x_wconf 81' lang='grc' dir='ltr'>δειΛιᾷ·</span> <span class='ocrx_word' id='word_1_367' title='bbox 524 3681 805 3758; x_wconf 77' lang='grc' dir='ltr'>ῥητορεύει</span> <span class='ocrx_word' id='word_1_368' title='bbox 863 3683 998 3759; x_wconf 82' lang='grc' dir='ltr'>πρὸς</span> <span class='ocrx_word' id='word_1_369' title='bbox 1053 3684 1179 3746; x_wconf 74' lang='grc' dir='ltr'>τοὺς</span> <span class='ocrx_word' id='word_1_370' title='bbox 1240 3684 1535 3761; x_wconf 78' lang='grc' dir='ltr'>ἀρχιερεῖς,</span> <span class='ocrx_word' id='word_1_371' title='bbox 1567 3687 1658 3741; x_wconf 84' lang='grc' dir='ltr'>καὶ</span> <span class='ocrx_word' id='word_1_372' title='bbox 1690 3708 1860 3765; x_wconf 84' lang='grc' dir='ltr'>φρατρ</span> 
     </span>
    </p>
   </div>
   <div class='ocr_carea' id='block_1_57' title="bbox 2055 3680 3661 3765">
    <p class='ocr_par' dir='ltr' id='par_1_57' title="bbox 2055 3683 3661 3757">
     <span class='ocr_line' id='line_1_57' title="bbox 2055 3683 3661 3757; baseline 0.001 -18"><span class='ocrx_word' id='word_1_373' title='bbox 2055 3686 2173 3757; x_wconf 88' lang='lat' dir='ltr'>egis</span> <span class='ocrx_word' id='word_1_374' title='bbox 2206 3685 2522 3740; x_wconf 86' lang='lat' dir='ltr'>adventum</span> <span class='ocrx_word' id='word_1_375' title='bbox 2546 3683 2968 3757; x_wconf 65' lang='lat' dir='ltr'>praadixerunt,</span> <span class='ocrx_word' id='word_1_376' title='bbox 2992 3704 3097 3741; x_wconf 91' lang='lat' dir='ltr'>cur</span> <span class='ocrx_word' id='word_1_377' title='bbox 3118 3685 3337 3740; x_wconf 85' lang='lat' dir='ltr'>frustra</span> <span class='ocrx_word' id='word_1_378' title='bbox 3359 3687 3615 3740; x_wconf 83' lang='lat' dir='ltr'>turbaris</span> <span class='ocrx_word' id='word_1_379' title='bbox 3634 3686 3661 3740; x_wconf 80' lang='lat'><strong>?</strong></span> 
     </span>
    </p>
   </div>
   <div class='ocr_carea' id='block_1_58' title="bbox 262 3771 1868 3851">
    <p class='ocr_par' dir='ltr' id='par_1_58' title="bbox 262 3771 1868 3851">
     <span class='ocr_line' id='line_1_58' title="bbox 262 3771 1868 3851; baseline 0.003 -25"><span class='ocrx_word' id='word_1_380' title='bbox 262 3773 379 3840; x_wconf 81' lang='grc' dir='ltr'>ἀζει</span> <span class='ocrx_word' id='word_1_381' title='bbox 442 3771 574 3844; x_wconf 78' lang='grc' dir='ltr'>μετά</span> <span class='ocrx_word' id='word_1_382' title='bbox 628 3775 736 3827; x_wconf 85' lang='grc' dir='ltr'>τῶν</span> <span class='ocrx_word' id='word_1_383' title='bbox 803 3775 1139 3850; x_wconf 85' lang='grc' dir='ltr'>Φαρισαίων·</span> <span class='ocrx_word' id='word_1_384' title='bbox 1216 3773 1385 3848; x_wconf 84' lang='grc' dir='ltr'>νόμον</span> <span class='ocrx_word' id='word_1_385' title='bbox 1446 3776 1868 3851; x_wconf 70' lang='grc' dir='ltr'>ἀναγινώσκεσθε</span> 
     </span>
    </p>
   </div>
   <div class='ocr_carea' id='block_1_59' title="bbox 2055 3771 3661 3851">
    <p class='ocr_par' dir='ltr' id='par_1_59' title="bbox 2055 3774 3661 3845">
     <span class='ocr_line' id='line_1_59' title="bbox 2055 3774 3661 3845; baseline 0.001 -17"><span class='ocrx_word' id='word_1_386' title='bbox 2055 3774 2294 3829; x_wconf 90' lang='lat' dir='ltr'>&#39;urbaris</span> <span class='ocrx_word' id='word_1_387' title='bbox 2325 3775 2586 3845; x_wconf 65' lang='lat' dir='ltr'>quidem,</span> <span class='ocrx_word' id='word_1_388' title='bbox 2623 3776 2725 3830; x_wconf 87' lang='lat' dir='ltr'>sed</span> <span class='ocrx_word' id='word_1_389' title='bbox 2747 3775 2897 3829; x_wconf 87' lang='lat' dir='ltr'>nihil</span> <span class='ocrx_word' id='word_1_390' title='bbox 2947 3776 3123 3831; x_wconf 85' lang='lat' dir='ltr'>vales.</span> <span class='ocrx_word' id='word_1_391' title='bbox 3145 3776 3441 3836; x_wconf 77' lang='lat' dir='ltr'>Turbaris,</span> <span class='ocrx_word' id='word_1_392' title='bbox 3467 3775 3568 3830; x_wconf 68' lang='lat' dir='ltr'>Sed</span> <span class='ocrx_word' id='word_1_393' title='bbox 3603 3776 3661 3830; x_wconf 90' lang='lat' dir='ltr'>in</span> 
     </span>
    </p>
   </div>
   <div class='ocr_carea' id='block_1_60' title="bbox 259 3859 1865 3940">
    <p class='ocr_par' dir='ltr' id='par_1_60' title="bbox 259 3859 1860 3940">
     <span class='ocr_line' id='line_1_60' title="bbox 259 3859 1860 3940; baseline 0.004 -25"><span class='ocrx_word' id='word_1_394' title='bbox 259 3859 564 3936; x_wconf 71' lang='grc' dir='ltr'>ἐπιτρέπει,</span> <span class='ocrx_word' id='word_1_395' title='bbox 621 3861 712 3916; x_wconf 85' lang='grc' dir='ltr'>καὶ</span> <span class='ocrx_word' id='word_1_396' title='bbox 771 3865 1056 3940; x_wconf 75' lang='grc' dir='ltr'>προφήτας</span> <span class='ocrx_word' id='word_1_397' title='bbox 1115 3863 1498 3939; x_wconf 70' lang='grc' dir='ltr'>ἑρμηνεύεσθαι</span> <span class='ocrx_word' id='word_1_398' title='bbox 1561 3867 1860 3940; x_wconf 67' lang='grc' dir='ltr'>προστάττε</span> 
     </span>
    </p>
   </div>
   <div class='ocr_carea' id='block_1_61' title="bbox 2057 3859 3663 3940">
    <p class='ocr_par' dir='ltr' id='par_1_61' title="bbox 2057 3863 3663 3935">
     <span class='ocr_line' id='line_1_61' title="bbox 2057 3863 3663 3935; baseline 0.001 -18"><span class='ocrx_word' id='word_1_399' title='bbox 2057 3863 2271 3935; x_wconf 71' lang='grc' dir='ltr'>ΞῘΡΒΠΠΙ</span> <span class='ocrx_word' id='word_1_400' title='bbox 2305 3864 2650 3919; x_wconf 86' lang='lat' dir='ltr'>contereris.</span> <span class='ocrx_word' id='word_1_401' title='bbox 2704 3867 2907 3919; x_wconf 89' lang='lat' dir='ltr'>Nonne</span> <span class='ocrx_word' id='word_1_402' title='bbox 2957 3865 3173 3920; x_wconf 87' lang='lat' dir='ltr'>audisti</span> <span class='ocrx_word' id='word_1_403' title='bbox 3220 3866 3278 3920; x_wconf 90' lang='lat' dir='ltr'>in</span> <span class='ocrx_word' id='word_1_404' title='bbox 3315 3865 3464 3920; x_wconf 89' lang='lat' dir='ltr'>libro</span> <span class='ocrx_word' id='word_1_405' title='bbox 3498 3864 3663 3918; x_wconf 87' lang='lat' dir='ltr'>Psal-</span> 
     </span>
    </p>
   </div>
   <div class='ocr_carea' id='block_1_62' title="bbox 259 3944 1865 4030">
    <p class='ocr_par' dir='ltr' id='par_1_62' title="bbox 259 3951 1865 4030">
     <span class='ocr_line' id='line_1_62' title="bbox 259 3951 1865 4030; baseline 0.003 -25"><span class='ocrx_word' id='word_1_406' title='bbox 259 3957 507 4028; x_wconf 72' lang='grc' dir='ltr'>νΑφρων,</span> <span class='ocrx_word' id='word_1_407' title='bbox 540 3951 629 4006; x_wconf 83' lang='grc' dir='ltr'>καὶ</span> <span class='ocrx_word' id='word_1_408' title='bbox 659 3953 946 4030; x_wconf 81' lang='grc' dir='ltr'>κακοῦργε,</span> <span class='ocrx_word' id='word_1_409' title='bbox 987 3955 1074 4008; x_wconf 75' lang='grc' dir='ltr'>καὶ</span> <span class='ocrx_word' id='word_1_410' title='bbox 1140 3951 1445 4030; x_wconf 75' lang='grc' dir='ltr'>ῥᾳδιουργὲ,</span> <span class='ocrx_word' id='word_1_411' title='bbox 1500 3957 1547 4010; x_wconf 66' lang='grc' dir='ltr'>εἴ</span> <span class='ocrx_word' id='word_1_412' title='bbox 1597 3957 1770 4029; x_wconf 88' lang='grc' dir='ltr'>νόμος</span> <span class='ocrx_word' id='word_1_413' title='bbox 1817 3979 1865 4012; x_wconf 75' lang='grc' dir='ltr'>κε</span> 
     </span>
    </p>
   </div>
   <div class='ocr_carea' id='block_1_63' title="bbox 2053 3944 3659 4030">
    <p class='ocr_par' dir='ltr' id='par_1_63' title="bbox 2053 3944 3659 4026">
     <span class='ocr_line' id='line_1_63' title="bbox 2053 3944 3659 4026; baseline 0.001 -17"><span class='ocrx_word' id='word_1_414' title='bbox 2053 3973 2250 4011; x_wconf 65' lang='lat' dir='ltr'>morum</span> <span class='ocrx_word' id='word_1_415' title='bbox 2285 3956 2442 4026; x_wconf 90' lang='lat' dir='ltr'>quod</span> <span class='ocrx_word' id='word_1_416' title='bbox 2475 3944 2782 4011; x_wconf 36' lang='lat' dir='ltr'>in&#39;vanum</span> <span class='ocrx_word' id='word_1_417' title='bbox 2832 3958 3221 4011; x_wconf 89' lang='lat' dir='ltr'>conturbatur</span> <span class='ocrx_word' id='word_1_418' title='bbox 3256 3949 3457 4012; x_wconf 87' lang='lat' dir='ltr'>omnis</span> <span class='ocrx_word' id='word_1_419' title='bbox 3482 3958 3659 4011; x_wconf 89' lang='lat' dir='ltr'>homo</span> 
     </span>
    </p>
   </div>
   <div class='ocr_carea' id='block_1_64' title="bbox 261 4041 1867 4123">
    <p class='ocr_par' dir='ltr' id='par_1_64' title="bbox 261 4042 1867 4123">
     <span class='ocr_line' id='line_1_64' title="bbox 261 4042 1867 4123; baseline 0.005 -29"><span class='ocrx_word' id='word_1_420' title='bbox 261 4048 544 4119; x_wconf 76' lang='grc' dir='ltr'>προφῆται</span> <span class='ocrx_word' id='word_1_421' title='bbox 599 4042 692 4096; x_wconf 84' lang='grc' dir='ltr'>τὸν</span> <span class='ocrx_word' id='word_1_422' title='bbox 748 4045 1074 4119; x_wconf 73' lang='grc' dir='ltr'>γεννηθέντα</span> <span class='ocrx_word' id='word_1_423' title='bbox 1127 4043 1361 4100; x_wconf 79' lang='grc' dir='ltr'>Βασιλέα</span> <span class='ocrx_word' id='word_1_424' title='bbox 1419 4042 1615 4100; x_wconf 75' lang='grc' dir='ltr'>ἄνωθεν</span> <span class='ocrx_word' id='word_1_425' title='bbox 1649 4042 1867 4123; x_wconf 78' lang='grc' dir='ltr'>ἔρχεσθε</span> 
     </span>
    </p>
   </div>
   <div class='ocr_carea' id='block_1_65' title="bbox 2054 4041 3660 4123">
    <p class='ocr_par' dir='ltr' id='par_1_65' title="bbox 2054 4041 3660 4115">
     <span class='ocr_line' id='line_1_65' title="bbox 2054 4041 3660 4115; baseline 0 -19"><span class='ocrx_word' id='word_1_426' title='bbox 2054 4043 2212 4098; x_wconf 87' lang='lat' dir='ltr'>ivens</span> <span class='ocrx_word' id='word_1_427' title='bbox 2233 4043 2261 4097; x_wconf 84' lang='lat'><strong>?</strong></span> <span class='ocrx_word' id='word_1_428' title='bbox 2292 4044 2360 4097; x_wconf 88' lang='lat' dir='ltr'>Et</span> <span class='ocrx_word' id='word_1_429' title='bbox 2390 4041 2533 4113; x_wconf 89' lang='lat' dir='ltr'>quid</span> <span class='ocrx_word' id='word_1_430' title='bbox 2563 4043 2749 4115; x_wconf 85' lang='lat' dir='ltr'>magis</span> <span class='ocrx_word' id='word_1_431' title='bbox 2770 4060 2984 4097; x_wconf 85' lang='lat' dir='ltr'>vanum</span> <span class='ocrx_word' id='word_1_432' title='bbox 3008 4059 3184 4112; x_wconf 86' lang='lat' dir='ltr'>quam</span> <span class='ocrx_word' id='word_1_433' title='bbox 3216 4044 3491 4112; x_wconf 88' lang='lat' dir='ltr'>persequi</span> <span class='ocrx_word' id='word_1_434' title='bbox 3527 4059 3660 4096; x_wconf 89' lang='lat' dir='ltr'>eum</span> 
     </span>
    </p>
   </div>
   <div class='ocr_carea' id='block_1_66' title="bbox 262 4130 1868 4210">
    <p class='ocr_par' dir='ltr' id='par_1_66' title="bbox 262 4132 1868 4210">
     <span class='ocr_line' id='line_1_66' title="bbox 262 4132 1868 4210; baseline 0.004 -25"><span class='ocrx_word' id='word_1_435' title='bbox 262 4133 662 4205; x_wconf 79' lang='grc' dir='ltr'>προεκήρυξαν,</span> <span class='ocrx_word' id='word_1_436' title='bbox 723 4133 785 4186; x_wconf 85' lang='grc' dir='ltr'>σὺ</span> <span class='ocrx_word' id='word_1_437' title='bbox 842 4133 891 4187; x_wconf 90' lang='grc' dir='ltr'>τί</span> <span class='ocrx_word' id='word_1_438' title='bbox 958 4134 1131 4205; x_wconf 81' lang='grc' dir='ltr'>μάτην</span> <span class='ocrx_word' id='word_1_439' title='bbox 1187 4132 1467 4208; x_wconf 75' lang='grc' dir='ltr'>ταράττῃς</span> <span class='ocrx_word' id='word_1_440' title='bbox 1503 4136 1752 4210; x_wconf 80' lang='grc' dir='ltr'>Ταράττῃ</span> <span class='ocrx_word' id='word_1_441' title='bbox 1785 4138 1868 4209; x_wconf 67' lang='grc' dir='ltr'>μὲι</span> 
     </span>
    </p>
   </div>
   <div class='ocr_carea' id='block_1_67' title="bbox 2050 4130 3656 4210">
    <p class='ocr_par' dir='ltr' id='par_1_67' title="bbox 2050 4130 3656 4202">
     <span class='ocr_line' id='line_1_67' title="bbox 2050 4130 3656 4202; baseline -0.002 -16"><span class='ocrx_word' id='word_1_442' title='bbox 2050 4133 2116 4186; x_wconf 78' lang='grc' dir='ltr'>’Πί</span> <span class='ocrx_word' id='word_1_443' title='bbox 2179 4132 2600 4202; x_wconf 85' lang='lat' dir='ltr'>comprehendi</span> <span class='ocrx_word' id='word_1_444' title='bbox 2661 4132 2884 4201; x_wconf 88' lang='lat' dir='ltr'>nequit.</span> <span class='ocrx_word' id='word_1_445' title='bbox 2951 4130 3160 4200; x_wconf 90' lang='lat' dir='ltr'>Inique</span> <span class='ocrx_word' id='word_1_446' title='bbox 3221 4135 3278 4183; x_wconf 90' lang='lat' dir='ltr'>et</span> <span class='ocrx_word' id='word_1_447' title='bbox 3347 4130 3656 4198; x_wconf 89' lang='lat' dir='ltr'>insipiens,</span> 
     </span>
    </p>
   </div>
   <div class='ocr_carea' id='block_1_68' title="bbox 259 4217 1865 4301">
    <p class='ocr_par' dir='ltr' id='par_1_68' title="bbox 259 4217 1865 4301">
     <span class='ocr_line' id='line_1_68' title="bbox 259 4217 1865 4301; baseline 0.003 -27"><span class='ocrx_word' id='word_1_448' title='bbox 259 4219 362 4274; x_wconf 79' lang='grc' dir='ltr'>οὐκ</span> <span class='ocrx_word' id='word_1_449' title='bbox 391 4218 602 4294; x_wconf 78' lang='grc' dir='ltr'>ίσχόεις</span> <span class='ocrx_word' id='word_1_450' title='bbox 633 4217 710 4278; x_wconf 83' lang='grc' dir='ltr'>δέ.</span> <span class='ocrx_word' id='word_1_451' title='bbox 757 4220 1023 4295; x_wconf 75' lang='grc' dir='ltr'>Ταράττῃ,</span> <span class='ocrx_word' id='word_1_452' title='bbox 1083 4221 1208 4277; x_wconf 83' lang='grc' dir='ltr'>ἀλλ’</span> <span class='ocrx_word' id='word_1_453' title='bbox 1265 4222 1339 4284; x_wconf 72' lang='grc' dir='ltr'>εἷς</span> <span class='ocrx_word' id='word_1_454' title='bbox 1396 4223 1581 4278; x_wconf 73' lang='grc' dir='ltr'>ἑαυτὸν</span> <span class='ocrx_word' id='word_1_455' title='bbox 1616 4221 1865 4301; x_wconf 69' lang='grc' dir='ltr'>συντριϐη</span> 
     </span>
    </p>
   </div>
   <div class='ocr_carea' id='block_1_69' title="bbox 2049 4217 3655 4301">
    <p class='ocr_par' dir='ltr' id='par_1_69' title="bbox 2054 4218 3655 4288">
     <span class='ocr_line' id='line_1_69' title="bbox 2054 4218 3655 4288; baseline -0.001 -14"><span class='ocrx_word' id='word_1_456' title='bbox 2054 4221 2247 4274; x_wconf 88' lang='lat' dir='ltr'>tiamsi</span> <span class='ocrx_word' id='word_1_457' title='bbox 2280 4221 2536 4273; x_wconf 88' lang='lat' dir='ltr'>infantes</span> <span class='ocrx_word' id='word_1_458' title='bbox 2558 4218 2865 4286; x_wconf 88' lang='lat' dir='ltr'>occideris,</span> <span class='ocrx_word' id='word_1_459' title='bbox 2888 4235 3086 4287; x_wconf 83' lang='lat' dir='ltr'>regem</span> <span class='ocrx_word' id='word_1_460' title='bbox 3118 4234 3238 4272; x_wconf 91' lang='lat' dir='ltr'>non</span> <span class='ocrx_word' id='word_1_461' title='bbox 3269 4218 3655 4288; x_wconf 84' lang='lat' dir='ltr'>comprehen-</span> 
     </span>
    </p>
   </div>
   <div class='ocr_carea' id='block_1_70' title="bbox 257 4305 1863 4387">
    <p class='ocr_par' dir='ltr' id='par_1_70' title="bbox 257 4305 1863 4387">
     <span class='ocr_line' id='line_1_70' title="bbox 257 4305 1863 4387; baseline 0.002 -25"><span class='ocrx_word' id='word_1_462' title='bbox 257 4329 395 4370; x_wconf 84' lang='grc' dir='ltr'>σεις.</span> <span class='ocrx_word' id='word_1_463' title='bbox 457 4308 572 4365; x_wconf 81' lang='grc' dir='ltr'>Οὐκ</span> <span class='ocrx_word' id='word_1_464' title='bbox 621 4305 856 4377; x_wconf 74' lang='grc' dir='ltr'>ἤκουσας</span> <span class='ocrx_word' id='word_1_465' title='bbox 911 4309 963 4363; x_wconf 83' lang='grc' dir='ltr'>ἐν</span> <span class='ocrx_word' id='word_1_466' title='bbox 1023 4315 1090 4383; x_wconf 83' lang='grc' dir='ltr'>τῇ</span> <span class='ocrx_word' id='word_1_467' title='bbox 1152 4307 1332 4384; x_wconf 81' lang='grc' dir='ltr'>βίϐλῳ</span> <span class='ocrx_word' id='word_1_468' title='bbox 1378 4317 1486 4367; x_wconf 83' lang='grc' dir='ltr'>τῶν</span> <span class='ocrx_word' id='word_1_469' title='bbox 1519 4315 1789 4387; x_wconf 81' lang='grc' dir='ltr'>Ψαλμῶν,</span> <span class='ocrx_word' id='word_1_470' title='bbox 1821 4314 1863 4369; x_wconf 63' lang='lat'>6&#39;1</span> 
     </span>
    </p>
   </div>
   <div class='ocr_carea' id='block_1_71' title="bbox 2047 4305 3653 4387">
    <p class='ocr_par' dir='ltr' id='par_1_71' title="bbox 2047 4307 3653 4378">
     <span class='ocr_line' id='line_1_71' title="bbox 2047 4307 3653 4378; baseline -0.001 -15"><span class='ocrx_word' id='word_1_471' title='bbox 2047 4326 2139 4363; x_wconf 80' lang='lat' dir='ltr'>es.</span> <span class='ocrx_word' id='word_1_472' title='bbox 2175 4309 2230 4361; x_wconf 91' lang='lat' dir='ltr'>Si</span> <span class='ocrx_word' id='word_1_473' title='bbox 2289 4308 2382 4376; x_wconf 84' lang='lat' dir='ltr'>lex</span> <span class='ocrx_word' id='word_1_474' title='bbox 2440 4313 2496 4361; x_wconf 92' lang='lat' dir='ltr'>et</span> <span class='ocrx_word' id='word_1_475' title='bbox 2553 4308 2854 4378; x_wconf 67' lang='lat' dir='ltr'>propheta}</span> <span class='ocrx_word' id='word_1_476' title='bbox 2911 4324 3107 4378; x_wconf 85' lang='lat' dir='ltr'>regem</span> <span class='ocrx_word' id='word_1_477' title='bbox 3166 4307 3560 4362; x_wconf 87' lang='lat' dir='ltr'>immortalem</span> <span class='ocrx_word' id='word_1_478' title='bbox 3594 4308 3653 4362; x_wconf 91' lang='lat' dir='ltr'>in</span> 
     </span>
    </p>
   </div>
   <div class='ocr_carea' id='block_1_72' title="bbox 258 4396 1864 4493">
    <p class='ocr_par' dir='ltr' id='par_1_72' title="bbox 258 4396 1864 4472">
     <span class='ocr_line' id='line_1_72' title="bbox 258 4396 1864 4472; baseline 0.003 -20"><span class='ocrx_word' id='word_1_479' title='bbox 258 4397 436 4470; x_wconf 83' lang='grc' dir='ltr'>μάτην</span> <span class='ocrx_word' id='word_1_480' title='bbox 499 4399 816 4470; x_wconf 73' lang='grc' dir='ltr'>ταράσσεται</span> <span class='ocrx_word' id='word_1_481' title='bbox 901 4403 1006 4460; x_wconf 78' lang='grc' dir='ltr'>πᾶς</span> <span class='ocrx_word' id='word_1_482' title='bbox 1087 4396 1370 4472; x_wconf 76' lang='grc' dir='ltr'>ἅνθρωπος</span> <span class='ocrx_word' id='word_1_483' title='bbox 1460 4406 1604 4469; x_wconf 75' lang='grc' dir='ltr'>ζῶνς</span> <span class='ocrx_word' id='word_1_484' title='bbox 1666 4402 1768 4457; x_wconf 88' lang='grc' dir='ltr'>Καὶ</span> <span class='ocrx_word' id='word_1_485' title='bbox 1842 4425 1864 4457; x_wconf 86' lang='grc' dir='ltr'><strong>τ</strong></span> 
     </span>
    </p>
   </div>
   <div class='ocr_carea' id='block_1_73' title="bbox 2048 4396 3654 4493">
    <p class='ocr_par' dir='ltr' id='par_1_73' title="bbox 2048 4398 3654 4470">
     <span class='ocr_line' id='line_1_73' title="bbox 2048 4398 3654 4470; baseline 0.002 -22"><span class='ocrx_word' id='word_1_486' title='bbox 2048 4399 2316 4453; x_wconf 82' lang='lat' dir='ltr'>:ethleem</span> <span class='ocrx_word' id='word_1_487' title='bbox 2340 4399 2706 4452; x_wconf 86' lang='lat' dir='ltr'>nasciturum</span> <span class='ocrx_word' id='word_1_488' title='bbox 2729 4398 3075 4468; x_wconf 65' lang='lat' dir='ltr'>praedicant,</span> <span class='ocrx_word' id='word_1_489' title='bbox 3103 4405 3160 4452; x_wconf 88' lang='lat' dir='ltr'>tu</span> <span class='ocrx_word' id='word_1_490' title='bbox 3183 4416 3364 4470; x_wconf 90' lang='lat' dir='ltr'>quare</span> <span class='ocrx_word' id='word_1_491' title='bbox 3391 4399 3654 4452; x_wconf 85' lang='lat' dir='ltr'>insontes</span> 
     </span>
    </p>
   </div>
   <div class='ocr_carea' id='block_1_74' title="bbox 251 4483 1857 4560">
    <p class='ocr_par' dir='ltr' id='par_1_74' title="bbox 251 4483 1847 4560">
     <span class='ocr_line' id='line_1_74' title="bbox 251 4483 1847 4560; baseline 0.001 -20"><span class='ocrx_word' id='word_1_492' title='bbox 251 4485 456 4540; x_wconf 81' lang='grc' dir='ltr'>τούτου</span> <span class='ocrx_word' id='word_1_493' title='bbox 496 4485 847 4560; x_wconf 75' lang='grc' dir='ltr'>ματαιότερον</span> <span class='ocrx_word' id='word_1_494' title='bbox 905 4486 987 4539; x_wconf 78' lang='grc' dir='ltr'>ὅτι</span> <span class='ocrx_word' id='word_1_495' title='bbox 1045 4483 1260 4548; x_wconf 87' lang='grc' dir='ltr'>διώκεις</span> <span class='ocrx_word' id='word_1_496' title='bbox 1314 4489 1405 4540; x_wconf 87' lang='grc' dir='ltr'>τὸν</span> <span class='ocrx_word' id='word_1_497' title='bbox 1463 4487 1847 4557; x_wconf 74' lang='grc' dir='ltr'>ακατάληπτον</span> 
     </span>
    </p>
   </div>
   <div class='ocr_carea' id='block_1_75' title="bbox 2051 4483 3657 4560">
    <p class='ocr_par' dir='ltr' id='par_1_75' title="bbox 2054 4487 3657 4559">
     <span class='ocr_line' id='line_1_75' title="bbox 2054 4487 3657 4559; baseline -0.002 -16"><span class='ocrx_word' id='word_1_498' title='bbox 2054 4505 2226 4543; x_wconf 88' lang='lat' dir='ltr'>ueros</span> <span class='ocrx_word' id='word_1_499' title='bbox 2247 4487 2541 4541; x_wconf 89' lang='lat' dir='ltr'>interimis</span> <span class='ocrx_word' id='word_1_500' title='bbox 2561 4487 2588 4540; x_wconf 67' lang='lat'>‘2</span> <span class='ocrx_word' id='word_1_501' title='bbox 2609 4488 3004 4541; x_wconf 89' lang='lat' dir='ltr'>lntentionem</span> <span class='ocrx_word' id='word_1_502' title='bbox 3026 4494 3185 4543; x_wconf 88' lang='lat' dir='ltr'>tuam</span> <span class='ocrx_word' id='word_1_503' title='bbox 3203 4489 3325 4559; x_wconf 87' lang='lat' dir='ltr'>jam</span> <span class='ocrx_word' id='word_1_504' title='bbox 3352 4494 3487 4541; x_wconf 90' lang='lat' dir='ltr'>ante</span> <span class='ocrx_word' id='word_1_505' title='bbox 3510 4487 3657 4541; x_wconf 87' lang='lat' dir='ltr'>scri-</span> 
     </span>
    </p>
   </div>
   <div class='ocr_carea' id='block_1_76' title="bbox 251 4571 1857 4653">
    <p class='ocr_par' dir='ltr' id='par_1_76' title="bbox 251 4571 1857 4653">
     <span class='ocr_line' id='line_1_76' title="bbox 251 4571 1857 4653; baseline 0.003 -25"><span class='ocrx_word' id='word_1_506' title='bbox 251 4575 460 4647; x_wconf 77' lang='grc' dir='ltr'>Ἀνομε</span> <span class='ocrx_word' id='word_1_507' title='bbox 514 4575 605 4629; x_wconf 75' lang='grc' dir='ltr'>καὶ</span> <span class='ocrx_word' id='word_1_508' title='bbox 660 4571 981 4652; x_wconf 61' lang='grc' dir='ltr'>παράφρων,</span> <span class='ocrx_word' id='word_1_509' title='bbox 1041 4573 1130 4629; x_wconf 83' lang='grc' dir='ltr'>καὶ</span> <span class='ocrx_word' id='word_1_510' title='bbox 1187 4575 1315 4636; x_wconf 78' lang='grc' dir='ltr'>τοὺς</span> <span class='ocrx_word' id='word_1_511' title='bbox 1381 4573 1574 4638; x_wconf 86' lang='grc' dir='ltr'>παῖδας</span> <span class='ocrx_word' id='word_1_512' title='bbox 1630 4576 1857 4653; x_wconf 69' lang='grc' dir='ltr'>ἐκκόφιιε</span> 
     </span>
    </p>
   </div>
   <div class='ocr_carea' id='block_1_77' title="bbox 2050 4571 3656 4653">
    <p class='ocr_par' dir='ltr' id='par_1_77' title="bbox 2051 4576 3656 4647">
     <span class='ocr_line' id='line_1_77' title="bbox 2051 4576 3656 4647; baseline 0 -17"><span class='ocrx_word' id='word_1_513' title='bbox 2051 4576 2426 4631; x_wconf 83' lang='lat' dir='ltr'>sitJeremias</span> <span class='ocrx_word' id='word_1_514' title='bbox 2456 4577 2745 4647; x_wconf 84' lang='lat' dir='ltr'>propheta</span> <span class='ocrx_word' id='word_1_515' title='bbox 2774 4576 2977 4631; x_wconf 91' lang='lat' dir='ltr'>dicens</span> <span class='ocrx_word' id='word_1_516' title='bbox 3005 4594 3017 4630; x_wconf 91' lang='lat'>:</span> <span class='ocrx_word' id='word_1_517' title='bbox 3052 4579 3169 4631; x_wconf 68' lang='grc' dir='ltr'>νοω</span> <span class='ocrx_word' id='word_1_518' title='bbox 3190 4579 3246 4630; x_wconf 74' lang='lat' dir='ltr'>in</span> <span class='ocrx_word' id='word_1_519' title='bbox 3274 4581 3440 4630; x_wconf 79' lang='lat' dir='ltr'>Rama</span> <span class='ocrx_word' id='word_1_520' title='bbox 3461 4576 3656 4630; x_wconf 79' lang='lat' dir='ltr'>audita</span> 
     </span>
    </p>
   </div>
   <div class='ocr_carea' id='block_1_78' title="bbox 251 4662 1857 4744">
    <p class='ocr_par' dir='ltr' id='par_1_78' title="bbox 251 4662 1857 4744">
     <span class='ocr_line' id='line_1_78' title="bbox 251 4662 1857 4744; baseline 0.001 -26"><span class='ocrx_word' id='word_1_521' title='bbox 251 4664 344 4718; x_wconf 81' lang='grc' dir='ltr'>τὸν</span> <span class='ocrx_word' id='word_1_522' title='bbox 379 4662 618 4720; x_wconf 84' lang='grc' dir='ltr'>Βασιλέα</span> <span class='ocrx_word' id='word_1_523' title='bbox 650 4663 718 4718; x_wconf 82' lang='grc' dir='ltr'>ού</span> <span class='ocrx_word' id='word_1_524' title='bbox 750 4662 1067 4738; x_wconf 76' lang='grc' dir='ltr'>καταλήψῃ.</span> <span class='ocrx_word' id='word_1_525' title='bbox 1103 4663 1164 4720; x_wconf 73' lang='grc' dir='ltr'>Εἰ</span> <span class='ocrx_word' id='word_1_526' title='bbox 1198 4664 1224 4717; x_wconf 87' lang='grc' dir='ltr'>ὁ</span> <span class='ocrx_word' id='word_1_527' title='bbox 1258 4664 1429 4737; x_wconf 83' lang='grc' dir='ltr'>νόμος</span> <span class='ocrx_word' id='word_1_528' title='bbox 1483 4665 1571 4719; x_wconf 81' lang='grc' dir='ltr'>καὶ</span> <span class='ocrx_word' id='word_1_529' title='bbox 1605 4666 1658 4719; x_wconf 76' lang='grc' dir='ltr'>οἱ</span> <span class='ocrx_word' id='word_1_530' title='bbox 1688 4673 1857 4744; x_wconf 74' lang='grc' dir='ltr'>πρνφῦ</span> 
     </span>
    </p>
   </div>
   <div class='ocr_carea' id='block_1_79' title="bbox 2047 4662 3653 4744">
    <p class='ocr_par' dir='ltr' id='par_1_79' title="bbox 2047 4665 3653 4734">
     <span class='ocr_line' id='line_1_79' title="bbox 2047 4665 3653 4734; baseline 0 -15"><span class='ocrx_word' id='word_1_531' title='bbox 2047 4672 2108 4731; x_wconf 84' lang='lat' dir='ltr'>st,</span> <span class='ocrx_word' id='word_1_532' title='bbox 2163 4665 2415 4734; x_wconf 80' lang='lat' dir='ltr'>ploratus</span> <span class='ocrx_word' id='word_1_533' title='bbox 2479 4671 2528 4719; x_wconf 82' lang='lat' dir='ltr'>cl</span> <span class='ocrx_word' id='word_1_534' title='bbox 2576 4665 2818 4720; x_wconf 78' lang='lat' dir='ltr'>ululatus</span> <span class='ocrx_word' id='word_1_535' title='bbox 2873 4665 3114 4732; x_wconf 81' lang='lat' dir='ltr'>mullus;</span> <span class='ocrx_word' id='word_1_536' title='bbox 3179 4665 3382 4720; x_wconf 83' lang='lat' dir='ltr'>Rachel</span> <span class='ocrx_word' id='word_1_537' title='bbox 3425 4665 3653 4734; x_wconf 81' lang='lat' dir='ltr'>plorans</span> 
     </span>
    </p>
   </div>
   <div class='ocr_carea' id='block_1_80' title="bbox 252 4747 1858 4825">
    <p class='ocr_par' dir='ltr' id='par_1_80' title="bbox 252 4747 1858 4825">
     <span class='ocr_line' id='line_1_80' title="bbox 252 4747 1858 4825; baseline 0.001 -20"><span class='ocrx_word' id='word_1_538' title='bbox 252 4771 343 4805; x_wconf 91' lang='grc' dir='ltr'>ται</span> <span class='ocrx_word' id='word_1_539' title='bbox 374 4748 425 4804; x_wconf 74' lang='grc' dir='ltr'>ἐν</span> <span class='ocrx_word' id='word_1_540' title='bbox 456 4747 713 4822; x_wconf 67' lang='grc' dir='ltr'>Βηθλεὲμ</span> <span class='ocrx_word' id='word_1_541' title='bbox 766 4747 1003 4806; x_wconf 86' lang='grc' dir='ltr'>Βασιλέα</span> <span class='ocrx_word' id='word_1_542' title='bbox 1057 4749 1315 4804; x_wconf 82' lang='grc' dir='ltr'>ἀθάνατον</span> <span class='ocrx_word' id='word_1_543' title='bbox 1373 4750 1650 4823; x_wconf 82' lang='grc' dir='ltr'>γεννᾶσθαι</span> <span class='ocrx_word' id='word_1_544' title='bbox 1682 4770 1858 4825; x_wconf 77' lang='grc' dir='ltr'>χρημι</span> 
     </span>
    </p>
   </div>
   <div class='ocr_carea' id='block_1_81' title="bbox 2044 4747 3650 4825">
    <p class='ocr_par' dir='ltr' id='par_1_81' title="bbox 2044 4754 3650 4825">
     <span class='ocr_line' id='line_1_81' title="bbox 2044 4754 3650 4825; baseline 0 -18"><span class='ocrx_word' id='word_1_545' title='bbox 2044 4754 2156 4810; x_wconf 77' lang='lat' dir='ltr'>&#39;lz&#39;os</span> <span class='ocrx_word' id='word_1_546' title='bbox 2190 4770 2328 4822; x_wconf 87' lang='lat' dir='ltr'>suos,</span> <span class='ocrx_word' id='word_1_547' title='bbox 2356 4761 2406 4809; x_wconf 82' lang='lat' dir='ltr'>et</span> <span class='ocrx_word' id='word_1_548' title='bbox 2437 4755 2618 4809; x_wconf 79' lang='lat' dir='ltr'>noluit</span> <span class='ocrx_word' id='word_1_549' title='bbox 2649 4757 2920 4810; x_wconf 84' lang='lat' dir='ltr'>consolari</span> <span class='ocrx_word' id='word_1_550' title='bbox 2951 4758 3084 4825; x_wconf 82' lang='lat' dir='ltr'>quia</span> <span class='ocrx_word' id='word_1_551' title='bbox 3125 4772 3233 4810; x_wconf 86' lang='lat' dir='ltr'>non</span> <span class='ocrx_word' id='word_1_552' title='bbox 3271 4760 3397 4811; x_wconf 83' lang='lat' dir='ltr'>sunt</span> <span class='ocrx_word' id='word_1_553' title='bbox 3430 4757 3468 4807; x_wconf 89' lang='grc'>¹.</span> <span class='ocrx_word' id='word_1_554' title='bbox 3503 4755 3650 4808; x_wconf 87' lang='lat' dir='ltr'>Num</span> 
     </span>
    </p>
   </div>
   <div class='ocr_carea' id='block_1_82' title="bbox 251 4836 1857 4914">
    <p class='ocr_par' dir='ltr' id='par_1_82' title="bbox 251 4836 1857 4912">
     <span class='ocr_line' id='line_1_82' title="bbox 251 4836 1857 4912; baseline -0.001 -16"><span class='ocrx_word' id='word_1_555' title='bbox 251 4839 517 4912; x_wconf 87' lang='grc' dir='ltr'>τίζουσιν,</span> <span class='ocrx_word' id='word_1_556' title='bbox 577 4837 639 4893; x_wconf 76' lang='grc' dir='ltr'>σὺ</span> <span class='ocrx_word' id='word_1_557' title='bbox 725 4836 818 4901; x_wconf 82' lang='grc' dir='ltr'>οὺς</span> <span class='ocrx_word' id='word_1_558' title='bbox 901 4838 1218 4902; x_wconf 76' lang='grc' dir='ltr'>ἀνευθύνους</span> <span class='ocrx_word' id='word_1_559' title='bbox 1275 4836 1470 4900; x_wconf 84' lang='grc' dir='ltr'>παῖδας</span> <span class='ocrx_word' id='word_1_560' title='bbox 1537 4839 1589 4894; x_wconf 89' lang='grc' dir='ltr'>τί</span> <span class='ocrx_word' id='word_1_561' title='bbox 1649 4839 1857 4903; x_wconf 85' lang='grc' dir='ltr'>ἀνελεῖς</span> 
     </span>
    </p>
   </div>
   <div class='ocr_carea' id='block_1_83' title="bbox 2043 4836 3649 4914">
    <p class='ocr_par' dir='ltr' id='par_1_83' title="bbox 2043 4842 3649 4914">
     <span class='ocr_line' id='line_1_83' title="bbox 2043 4842 3649 4914; baseline 0 -18"><span class='ocrx_word' id='word_1_562' title='bbox 2043 4843 2058 4896; x_wconf 92' lang='lat' dir='ltr'>i</span> <span class='ocrx_word' id='word_1_563' title='bbox 2090 4859 2303 4914; x_wconf 90' lang='lat' dir='ltr'>pueros</span> <span class='ocrx_word' id='word_1_564' title='bbox 2333 4843 2702 4899; x_wconf 82' lang='lat' dir='ltr'>interfeceris</span> <span class='ocrx_word' id='word_1_565' title='bbox 2735 4845 3058 4899; x_wconf 88' lang='lat' dir='ltr'>exercitum</span> <span class='ocrx_word' id='word_1_566' title='bbox 3089 4861 3207 4899; x_wconf 87' lang='lat' dir='ltr'>non</span> <span class='ocrx_word' id='word_1_567' title='bbox 3241 4843 3482 4899; x_wconf 87' lang='lat' dir='ltr'>habebit</span> <span class='ocrx_word' id='word_1_568' title='bbox 3510 4842 3649 4897; x_wconf 82' lang='lat' dir='ltr'>rex?</span> 
     </span>
    </p>
   </div>
   <div class='ocr_carea' id='block_1_84' title="bbox 253 4924 1859 5007">
    <p class='ocr_par' dir='ltr' id='par_1_84' title="bbox 253 4924 1859 5007">
     <span class='ocr_line' id='line_1_84' title="bbox 253 4924 1859 5007; baseline -0.001 -21"><span class='ocrx_word' id='word_1_569' title='bbox 253 4931 354 4987; x_wconf 83' lang='grc' dir='ltr'>Καὶ</span> <span class='ocrx_word' id='word_1_570' title='bbox 395 4931 430 4999; x_wconf 75' lang='grc' dir='ltr'>ἡ</span> <span class='ocrx_word' id='word_1_571' title='bbox 465 4928 560 5002; x_wconf 78' lang='grc' dir='ltr'>μὶν</span> <span class='ocrx_word' id='word_1_572' title='bbox 595 4929 661 4996; x_wconf 82' lang='grc' dir='ltr'>σὴ</span> <span class='ocrx_word' id='word_1_573' title='bbox 696 4924 911 4982; x_wconf 78' lang='grc' dir='ltr'>διάνοια</span> <span class='ocrx_word' id='word_1_574' title='bbox 940 4928 1346 5005; x_wconf 84' lang='grc' dir='ltr'>προγέγραπται</span> <span class='ocrx_word' id='word_1_575' title='bbox 1376 4925 1468 4983; x_wconf 79' lang='grc' dir='ltr'>διὰ</span> <span class='ocrx_word' id='word_1_576' title='bbox 1490 4932 1587 4982; x_wconf 90' lang='grc' dir='ltr'>τοῦ</span> <span class='ocrx_word' id='word_1_577' title='bbox 1613 4932 1859 5007; x_wconf 72' lang='grc' dir='ltr'>προφήτο</span> 
     </span>
    </p>
   </div>
   <div class='ocr_carea' id='block_1_85' title="bbox 2043 4924 3649 5007">
    <p class='ocr_par' dir='ltr' id='par_1_85' title="bbox 2043 4931 3649 5006">
     <span class='ocr_line' id='line_1_85' title="bbox 2043 4931 3649 5006; baseline 0.002 -20"><span class='ocrx_word' id='word_1_578' title='bbox 2043 4931 2112 4986; x_wconf 81' lang='lat' dir='ltr'>&#39;el</span> <span class='ocrx_word' id='word_1_579' title='bbox 2139 4932 2200 4986; x_wconf 88' lang='lat' dir='ltr'>in</span> <span class='ocrx_word' id='word_1_580' title='bbox 2234 4933 2418 5004; x_wconf 89' lang='lat' dir='ltr'>impio</span> <span class='ocrx_word' id='word_1_581' title='bbox 2441 4933 2614 4988; x_wconf 88' lang='lat' dir='ltr'>corde</span> <span class='ocrx_word' id='word_1_582' title='bbox 2640 4938 2737 4987; x_wconf 88' lang='lat' dir='ltr'>tuo</span> <span class='ocrx_word' id='word_1_583' title='bbox 2766 4935 3032 5005; x_wconf 82' lang='lat' dir='ltr'>cogitasti</span> <span class='ocrx_word' id='word_1_584' title='bbox 3056 4933 3212 5006; x_wconf 87' lang='lat' dir='ltr'>quod</span> <span class='ocrx_word' id='word_1_585' title='bbox 3244 4934 3315 4989; x_wconf 89' lang='lat' dir='ltr'>ad</span> <span class='ocrx_word' id='word_1_586' title='bbox 3348 4949 3649 4989; x_wconf 86' lang='lat' dir='ltr'>summum</span> 
     </span>
    </p>
   </div>
   <div class='ocr_carea' id='block_1_86' title="bbox 251 5015 1857 5096">
    <p class='ocr_par' dir='ltr' id='par_1_86' title="bbox 251 5015 1857 5096">
     <span class='ocr_line' id='line_1_86' title="bbox 251 5015 1857 5096; baseline -0.001 -20"><span class='ocrx_word' id='word_1_587' title='bbox 251 5020 519 5096; x_wconf 81' lang='grc' dir='ltr'>Ἰερεμίου</span> <span class='ocrx_word' id='word_1_588' title='bbox 623 5015 900 5091; x_wconf 79' lang='grc' dir='ltr'>λέγοντος³</span> <span class='ocrx_word' id='word_1_589' title='bbox 990 5019 1171 5087; x_wconf 77' lang='grc' dir='ltr'>Φωνὴ</span> <span class='ocrx_word' id='word_1_590' title='bbox 1251 5016 1301 5072; x_wconf 84' lang='grc' dir='ltr'>έν</span> <span class='ocrx_word' id='word_1_591' title='bbox 1379 5018 1553 5091; x_wconf 85' lang='grc' dir='ltr'>Ῥαμᾷ</span> <span class='ocrx_word' id='word_1_592' title='bbox 1625 5018 1857 5087; x_wconf 70' lang='grc' dir='ltr'>ἠκούσθτ</span> 
     </span>
    </p>
   </div>
   <div class='ocr_carea' id='block_1_87' title="bbox 2041 5015 3647 5096">
    <p class='ocr_par' dir='ltr' id='par_1_87' title="bbox 2041 5021 3647 5093">
     <span class='ocr_line' id='line_1_87' title="bbox 2041 5021 3647 5093; baseline 0.001 -17"><span class='ocrx_word' id='word_1_593' title='bbox 2041 5037 2161 5076; x_wconf 84' lang='lat' dir='ltr'>.nus</span> <span class='ocrx_word' id='word_1_594' title='bbox 2195 5037 2263 5075; x_wconf 87' lang='lat' dir='ltr'>ex</span> <span class='ocrx_word' id='word_1_595' title='bbox 2293 5022 2493 5093; x_wconf 90' lang='lat' dir='ltr'>pueris</span> <span class='ocrx_word' id='word_1_596' title='bbox 2525 5021 2852 5077; x_wconf 77' lang='lat' dir='ltr'>interfectis</span> <span class='ocrx_word' id='word_1_597' title='bbox 2900 5023 3013 5077; x_wconf 89' lang='lat' dir='ltr'>erit</span> <span class='ocrx_word' id='word_1_598' title='bbox 3066 5023 3213 5078; x_wconf 82' lang='lat' dir='ltr'>rex?</span> <span class='ocrx_word' id='word_1_599' title='bbox 3259 5023 3376 5078; x_wconf 91' lang='lat' dir='ltr'>Nec</span> <span class='ocrx_word' id='word_1_600' title='bbox 3407 5021 3647 5077; x_wconf 84' lang='lat' dir='ltr'>siorbis</span> 
     </span>
    </p>
   </div>
   <div class='ocr_carea' id='block_1_88' title="bbox 248 5101 1854 5184">
    <p class='ocr_par' dir='ltr' id='par_1_88' title="bbox 248 5101 1852 5182">
     <span class='ocr_line' id='line_1_88' title="bbox 248 5101 1852 5182; baseline -0.001 -22"><span class='ocrx_word' id='word_1_601' title='bbox 248 5114 468 5182; x_wconf 81' lang='grc' dir='ltr'>θρῆνος,</span> <span class='ocrx_word' id='word_1_602' title='bbox 522 5107 611 5161; x_wconf 87' lang='grc' dir='ltr'>καὶ</span> <span class='ocrx_word' id='word_1_603' title='bbox 668 5101 973 5177; x_wconf 80' lang='grc' dir='ltr'>κλαυθμὸς,</span> <span class='ocrx_word' id='word_1_604' title='bbox 1003 5104 1092 5158; x_wconf 84' lang='grc' dir='ltr'>καὶ</span> <span class='ocrx_word' id='word_1_605' title='bbox 1149 5103 1387 5178; x_wconf 83' lang='grc' dir='ltr'>ὀδυρμὸς</span> <span class='ocrx_word' id='word_1_606' title='bbox 1440 5102 1635 5166; x_wconf 87' lang='grc' dir='ltr'>πολύς·</span> <span class='ocrx_word' id='word_1_607' title='bbox 1684 5107 1852 5180; x_wconf 83' lang='grc' dir='ltr'>Ῥαχή</span> 
     </span>
    </p>
   </div>
   <div class='ocr_carea' id='block_1_89' title="bbox 2040 5101 3646 5184">
    <p class='ocr_par' dir='ltr' id='par_1_89' title="bbox 2040 5111 3646 5184">
     <span class='ocr_line' id='line_1_89' title="bbox 2040 5111 3646 5184; baseline 0.001 -21"><span class='ocrx_word' id='word_1_608' title='bbox 2040 5111 2264 5166; x_wconf 90' lang='lat' dir='ltr'>.niversi</span> <span class='ocrx_word' id='word_1_609' title='bbox 2315 5127 2533 5181; x_wconf 87' lang='lat' dir='ltr'>pueros</span> <span class='ocrx_word' id='word_1_610' title='bbox 2593 5111 2902 5178; x_wconf 89' lang='lat' dir='ltr'>occideris,</span> <span class='ocrx_word' id='word_1_611' title='bbox 2935 5113 3056 5167; x_wconf 88' lang='lat' dir='ltr'>nati</span> <span class='ocrx_word' id='word_1_612' title='bbox 3117 5113 3271 5184; x_wconf 86' lang='lat' dir='ltr'>regis</span> <span class='ocrx_word' id='word_1_613' title='bbox 3330 5111 3646 5182; x_wconf 89' lang='lat' dir='ltr'>imperium</span> 
     </span>
    </p>
   </div>
   <div class='ocr_carea' id='block_1_90' title="bbox 247 5190 1853 5272">
    <p class='ocr_par' dir='ltr' id='par_1_90' title="bbox 247 5190 1853 5265">
     <span class='ocr_line' id='line_1_90' title="bbox 247 5190 1853 5265; baseline -0.001 -14"><span class='ocrx_word' id='word_1_614' title='bbox 247 5195 516 5252; x_wconf 82' lang='grc' dir='ltr'>κλαίουσα</span> <span class='ocrx_word' id='word_1_615' title='bbox 569 5195 638 5249; x_wconf 74' lang='grc' dir='ltr'>τὰ</span> <span class='ocrx_word' id='word_1_616' title='bbox 692 5192 853 5247; x_wconf 85' lang='grc' dir='ltr'>τέκνα</span> <span class='ocrx_word' id='word_1_617' title='bbox 933 5198 1124 5265; x_wconf 83' lang='grc' dir='ltr'>αῦτῆς,</span> <span class='ocrx_word' id='word_1_618' title='bbox 1199 5193 1290 5248; x_wconf 80' lang='grc' dir='ltr'>καὶ</span> <span class='ocrx_word' id='word_1_619' title='bbox 1370 5193 1470 5248; x_wconf 81' lang='grc' dir='ltr'>οὐκ</span> <span class='ocrx_word' id='word_1_620' title='bbox 1542 5190 1735 5262; x_wconf 75' lang='grc' dir='ltr'>ἤθελεν</span> <span class='ocrx_word' id='word_1_621' title='bbox 1796 5215 1853 5249; x_wconf 67' lang='lat' dir='ltr'>nc</span> 
     </span>
    </p>
   </div>
   <div class='ocr_carea' id='block_1_91' title="bbox 2041 5190 3647 5272">
    <p class='ocr_par' dir='ltr' id='par_1_91' title="bbox 2050 5198 3647 5272">
     <span class='ocr_line' id='line_1_91' title="bbox 2050 5198 3647 5272; baseline 0 -18"><span class='ocrx_word' id='word_1_622' title='bbox 2050 5216 2186 5254; x_wconf 89' lang='lat' dir='ltr'>nem</span> <span class='ocrx_word' id='word_1_623' title='bbox 2221 5199 2477 5253; x_wconf 88' lang='lat' dir='ltr'>habebit.</span> <span class='ocrx_word' id='word_1_624' title='bbox 2513 5200 2555 5254; x_wconf 94' lang='grc' dir='ltr'>Ο</span> <span class='ocrx_word' id='word_1_625' title='bbox 2587 5198 2941 5254; x_wconf 88' lang='lat' dir='ltr'>amentiam!</span> <span class='ocrx_word' id='word_1_626' title='bbox 2975 5200 3019 5255; x_wconf 91' lang='grc' dir='ltr'>Ο</span> <span class='ocrx_word' id='word_1_627' title='bbox 3065 5200 3255 5270; x_wconf 90' lang='lat' dir='ltr'>iniqui</span> <span class='ocrx_word' id='word_1_628' title='bbox 3287 5199 3440 5272; x_wconf 90' lang='lat' dir='ltr'>regis</span> <span class='ocrx_word' id='word_1_629' title='bbox 3471 5199 3647 5254; x_wconf 92' lang='lat' dir='ltr'>inhu-</span> 
     </span>
    </p>
   </div>
   <div class='ocr_carea' id='block_1_92' title="bbox 247 5281 1853 5363">
    <p class='ocr_par' dir='ltr' id='par_1_92' title="bbox 247 5281 1847 5363">
     <span class='ocr_line' id='line_1_92' title="bbox 247 5281 1847 5363; baseline -0.002 -22"><span class='ocrx_word' id='word_1_630' title='bbox 247 5285 611 5363; x_wconf 77' lang='grc' dir='ltr'>ρακληθῆναι,</span> <span class='ocrx_word' id='word_1_631' title='bbox 699 5281 780 5337; x_wconf 80' lang='grc' dir='ltr'>ὅτι</span> <span class='ocrx_word' id='word_1_632' title='bbox 860 5281 956 5337; x_wconf 90' lang='grc' dir='ltr'>ούκ</span> <span class='ocrx_word' id='word_1_633' title='bbox 1031 5281 1185 5338; x_wconf 79' lang='grc' dir='ltr'>εἰσίν.</span> <span class='ocrx_word' id='word_1_634' title='bbox 1268 5285 1354 5352; x_wconf 82' lang='grc' dir='ltr'>Μὴ</span> <span class='ocrx_word' id='word_1_635' title='bbox 1443 5282 1528 5353; x_wconf 77' lang='grc' dir='ltr'>έᾷν</span> <span class='ocrx_word' id='word_1_636' title='bbox 1598 5283 1847 5338; x_wconf 83' lang='grc' dir='ltr'>ἀποκτείν</span> 
     </span>
    </p>
   </div>
   <div class='ocr_carea' id='block_1_93' title="bbox 2035 5281 3641 5363">
    <p class='ocr_par' dir='ltr' id='par_1_93' title="bbox 2035 5287 3641 5360">
     <span class='ocr_line' id='line_1_93' title="bbox 2035 5287 3641 5360; baseline 0.001 -17"><span class='ocrx_word' id='word_1_637' title='bbox 2035 5304 2240 5343; x_wconf 78' lang='lat' dir='ltr'>uanam</span> <span class='ocrx_word' id='word_1_638' title='bbox 2269 5287 2625 5342; x_wconf 89' lang='lat' dir='ltr'>sententiam</span> <span class='ocrx_word' id='word_1_639' title='bbox 2652 5287 2663 5341; x_wconf 87' lang='lat'><strong>!</strong></span> <span class='ocrx_word' id='word_1_640' title='bbox 2689 5289 2731 5342; x_wconf 92' lang='grc' dir='ltr'>Ο</span> <span class='ocrx_word' id='word_1_641' title='bbox 2754 5289 2906 5360; x_wconf 89' lang='lat' dir='ltr'>regis</span> <span class='ocrx_word' id='word_1_642' title='bbox 2931 5289 3327 5360; x_wconf 87' lang='lat' dir='ltr'>impietatem!</span> <span class='ocrx_word' id='word_1_643' title='bbox 3358 5289 3444 5360; x_wconf 82' lang='lat' dir='ltr'>Ad</span> <span class='ocrx_word' id='word_1_644' title='bbox 3467 5306 3641 5360; x_wconf 89' lang='lat' dir='ltr'>quem</span> 
     </span>
    </p>
   </div>
   <div class='ocr_carea' id='block_1_94' title="bbox 242 5361 1848 5451">
    <p class='ocr_par' dir='ltr' id='par_1_94' title="bbox 242 5361 1848 5446">
     <span class='ocr_line' id='line_1_94' title="bbox 242 5361 1848 5446; baseline -0.003 -15"><span class='ocrx_word' id='word_1_645' title='bbox 242 5361 370 5436; x_wconf 78' lang='grc' dir='ltr'>τοὺς</span> <span class='ocrx_word' id='word_1_646' title='bbox 427 5370 621 5433; x_wconf 83' lang='grc' dir='ltr'>παῖδας</span> <span class='ocrx_word' id='word_1_647' title='bbox 678 5373 707 5426; x_wconf 88' lang='lat'>6</span> <span class='ocrx_word' id='word_1_648' title='bbox 761 5369 1024 5434; x_wconf 79' lang='grc' dir='ltr'>Βασιλεὺς</span> <span class='ocrx_word' id='word_1_649' title='bbox 1081 5369 1441 5440; x_wconf 81' lang='grc' dir='ltr'>στρατόπεδον</span> <span class='ocrx_word' id='word_1_650' title='bbox 1491 5371 1600 5446; x_wconf 81' lang='grc' dir='ltr'>οὐχ</span> <span class='ocrx_word' id='word_1_651' title='bbox 1645 5369 1848 5444; x_wconf 64' lang='grc' dir='ltr'>ἕξειςν,</span> 
     </span>
    </p>
   </div>
   <div class='ocr_carea' id='block_1_95' title="bbox 2035 5361 3641 5451">
    <p class='ocr_par' dir='ltr' id='par_1_95' title="bbox 2037 5361 3641 5451">
     <span class='ocr_line' id='line_1_95' title="bbox 2037 5361 3641 5451; baseline 0.001 -19"><span class='ocrx_word' id='word_1_652' title='bbox 2037 5377 2343 5449; x_wconf 89' lang='lat' dir='ltr'>onfugient</span> <span class='ocrx_word' id='word_1_653' title='bbox 2373 5378 2421 5431; x_wconf 87' lang='lat' dir='ltr'>si</span> <span class='ocrx_word' id='word_1_654' title='bbox 2453 5377 2525 5432; x_wconf 90' lang='lat' dir='ltr'>ab</span> <span class='ocrx_word' id='word_1_655' title='bbox 2583 5395 2651 5431; x_wconf 93' lang='lat' dir='ltr'>eo</span> <span class='ocrx_word' id='word_1_656' title='bbox 2713 5378 2826 5431; x_wconf 91' lang='lat' dir='ltr'>vim</span> <span class='ocrx_word' id='word_1_657' title='bbox 2879 5379 3176 5449; x_wconf 88' lang='lat' dir='ltr'>patiantur</span> <span class='ocrx_word' id='word_1_658' title='bbox 3205 5396 3240 5434; x_wconf 89' lang='lat' dir='ltr'>a</span> <span class='ocrx_word' id='word_1_659' title='bbox 3270 5397 3384 5450; x_wconf 90' lang='lat' dir='ltr'>quo</span> <span class='ocrx_word' id='word_1_660' title='bbox 3410 5361 3641 5451; x_wconf 75' lang='lat' dir='ltr'>justum</span> 
     </span>
    </p>
   </div>
   <div class='ocr_carea' id='block_1_96' title="bbox 243 5457 1849 5540">
    <p class='ocr_par' dir='ltr' id='par_1_96' title="bbox 243 5457 1849 5537">
     <span class='ocr_line' id='line_1_96' title="bbox 243 5457 1849 5537; baseline -0.002 -17"><span class='ocrx_word' id='word_1_661' title='bbox 243 5465 296 5520; x_wconf 67' lang='grc' dir='ltr'>ἦν</span> <span class='ocrx_word' id='word_1_662' title='bbox 355 5468 425 5537; x_wconf 79' lang='grc' dir='ltr'>τῇ</span> <span class='ocrx_word' id='word_1_663' title='bbox 483 5459 787 5534; x_wconf 83' lang='grc' dir='ltr'>παρανόμῳ</span> <span class='ocrx_word' id='word_1_664' title='bbox 844 5481 939 5513; x_wconf 87' lang='grc' dir='ltr'>σου</span> <span class='ocrx_word' id='word_1_665' title='bbox 997 5457 1192 5534; x_wconf 83' lang='grc' dir='ltr'>καρδίᾳ</span> <span class='ocrx_word' id='word_1_666' title='bbox 1249 5459 1508 5535; x_wconf 83' lang='grc' dir='ltr'>λογίζεις,</span> <span class='ocrx_word' id='word_1_667' title='bbox 1562 5463 1849 5517; x_wconf 78' lang='grc' dir='ltr'>δτιπάντιι</span> 
     </span>
    </p>
   </div>
   <div class='ocr_carea' id='block_1_97' title="bbox 1894 5457 3500 5540">
    <p class='ocr_par' dir='ltr' id='par_1_97' title="bbox 1993 5461 3500 5540">
     <span class='ocr_line' id='line_1_97' title="bbox 1993 5461 3500 5540; baseline 0.001 -18"><span class='ocrx_word' id='word_1_668' title='bbox 1993 5467 2285 5538; x_wconf 88' lang='lat' dir='ltr'>judicium</span> <span class='ocrx_word' id='word_1_669' title='bbox 2315 5467 2583 5538; x_wconf 88' lang='lat' dir='ltr'>accipere</span> <span class='ocrx_word' id='word_1_670' title='bbox 2615 5466 2898 5521; x_wconf 89' lang='lat' dir='ltr'>deberent</span> <span class='ocrx_word' id='word_1_671' title='bbox 2928 5468 3219 5540; x_wconf 89' lang='lat' dir='ltr'>injustitia</span> <span class='ocrx_word' id='word_1_672' title='bbox 3258 5461 3500 5524; x_wconf 81' lang='lat' dir='ltr'>alTecti?</span> 
     </span>
    </p>
   </div>
   <div class='ocr_carea' id='block_1_98' title="bbox 239 5546 3640 5628">
    <p class='ocr_par' dir='ltr' id='par_1_98' title="bbox 239 5546 3640 5628">
     <span class='ocr_line' id='line_1_98' title="bbox 239 5546 3640 5628; baseline -0.001 -18"><span class='ocrx_word' id='word_1_673' title='bbox 239 5554 301 5610; x_wconf 80' lang='grc' dir='ltr'>ἐκ</span> <span class='ocrx_word' id='word_1_674' title='bbox 345 5559 452 5609; x_wconf 79' lang='grc' dir='ltr'>τῶν</span> <span class='ocrx_word' id='word_1_675' title='bbox 502 5549 970 5622; x_wconf 86' lang='grc' dir='ltr'>ἀποκτεινομένων</span> <span class='ocrx_word' id='word_1_676' title='bbox 1029 5546 1236 5602; x_wconf 85' lang='grc' dir='ltr'>παίδων</span> <span class='ocrx_word' id='word_1_677' title='bbox 1284 5551 1361 5610; x_wconf 84' lang='grc' dir='ltr'>εἷς</span> <span class='ocrx_word' id='word_1_678' title='bbox 1411 5549 1549 5604; x_wconf 80' lang='grc' dir='ltr'>ἐστιν</span> <span class='ocrx_word' id='word_1_679' title='bbox 1611 5551 1638 5605; x_wconf 91' lang='lat'>6</span> <span class='ocrx_word' id='word_1_680' title='bbox 1699 5551 1999 5623; x_wconf 85' lang='grc' dir='ltr'>Βασιλεύς;</span> <span class='ocrx_word' id='word_1_681' title='bbox 2058 5555 2121 5608; x_wconf 76' lang='lat' dir='ltr'>El</span> <span class='ocrx_word' id='word_1_682' title='bbox 2178 5555 2377 5617; x_wconf 86' lang='grc' dir='ltr'>παντὸς</span> <span class='ocrx_word' id='word_1_683' title='bbox 2405 5558 2507 5610; x_wconf 86' lang='grc' dir='ltr'>τοῦ</span> <span class='ocrx_word' id='word_1_684' title='bbox 2536 5553 2743 5628; x_wconf 88' lang='grc' dir='ltr'>κόσμου</span> <span class='ocrx_word' id='word_1_685' title='bbox 2769 5553 2894 5617; x_wconf 80' lang='grc' dir='ltr'>τοὺς</span> <span class='ocrx_word' id='word_1_686' title='bbox 2924 5555 3118 5619; x_wconf 83' lang='grc' dir='ltr'>παῖδας</span> <span class='ocrx_word' id='word_1_687' title='bbox 3163 5557 3512 5625; x_wconf 88' lang='grc' dir='ltr'>ἀποκτείνεις,</span> <span class='ocrx_word' id='word_1_688' title='bbox 3543 5559 3640 5609; x_wconf 83' lang='grc' dir='ltr'>τοῦ</span> 
     </span>
    </p>
   </div>
   <div class='ocr_carea' id='block_1_99' title="bbox 313 5693 1346 5788">
    <p class='ocr_par' dir='ltr' id='par_1_99' title="bbox 313 5693 1346 5788">
     <span class='ocr_line' id='line_1_99' title="bbox 313 5693 1346 5788; baseline -0.006 -33"><span class='ocrx_word' id='word_1_689' title='bbox 313 5702 331 5736; x_wconf 82' lang='grc'>¹</span> <span class='ocrx_word' id='word_1_690' title='bbox 361 5701 574 5788; x_wconf 79' lang='lat' dir='ltr'>Jerem.</span> <span class='ocrx_word' id='word_1_691' title='bbox 607 5713 763 5766; x_wconf 79' lang='lat' dir='ltr'>xm,</span> <span class='ocrx_word' id='word_1_692' title='bbox 797 5698 860 5766; x_wconf 71' lang='lat' dir='ltr'>l5</span> <span class='ocrx_word' id='word_1_693' title='bbox 891 5711 905 5764; x_wconf 86' lang='lat'><strong>;</strong></span> <span class='ocrx_word' id='word_1_694' title='bbox 940 5693 1138 5749; x_wconf 80' lang='lat' dir='ltr'>Matth.</span> <span class='ocrx_word' id='word_1_695' title='bbox 1167 5709 1226 5764; x_wconf 85' lang='grc' dir='ltr'>ιι,</span> <span class='ocrx_word' id='word_1_696' title='bbox 1261 5695 1346 5750; x_wconf 86' lang='grc'>18.</span> 
     </span>
    </p>
   </div>
  </div>
