4048 6210
334 367 472 424 1503
1648 381 1951 438 JOANNIS

2079 379 2412 436 lBGENSIS
3609 376 3745 431 1504

328 491 614 568 τεχθέντος
646 492 925 559 Βασιλέως
978 501 1012 568 ἡ
1078 498 1328 573 βασιλεία
1378 502 1539 564 τέλος
1597 501 1696 557 οὐκ
1744 498 1883 578 ἔχει.
1938 504 2006 558 Ὠ
2054 509 2155 573 τῆς
2213 502 2430 562 ἀνοίαςί
2489 503 2534 556 ὦ
2585 499 2888 577 παραδίκου
2924 498 3191 576 βασιλέως
3233 498 3487 571 ἀνήλέως
3519 498 3751 573 κρίσιςὶ

328 583 375 636 ὦ
429 587 743 660 παρανομία
805 584 1123 661 βασιλέωςί
1201 591 1328 663 παρ’
1385 591 1447 646 οὗ
1504 589 1742 665 ἔμελλον
1803 589 2153 666 ἀδικούμενοι
2225 592 2399 668 κρίσιν
2477 589 2682 646 δικαίαν
2760 585 3084 664 λαμϐάνειν,
3151 588 3577 665 τυραννούμενοι
3642 592 3751 642 ποῦ

331 672 716 730 ἀπελεύσονται
746 696 759 743 ;

401 829 444 885 Ο
475 830 775 885 Bethleem
811 836 1032 900 sancta,
1068 850 1186 889 non
1244 851 1350 907 per
1401 837 1573 910 Regis
1606 837 1969 893 nativitatem

2162 837 2227 911 β’.
2260 836 2326 890 Ὠ
2357 833 2617 908 Βηθλεὲμ
2658 833 2803 910 ἁγία,
2863 835 2946 889 ὅτι
3005 832 3067 888 οὗ
3128 833 3292 905 μόνον
3329 832 3433 887 ὑπὸ
3465 836 3567 887 τοῦ
3599 852 3743 907 τεχ-

329 922 561 973 tantum
594 936 654 973 es
688 921 1075 989 sanctiﬁcata,
1108 924 1211 978 sed
1266 927 1440 981 etiam
1487 944 1593 999 per
1624 929 1975 1000 sanguinem

331 1024 648 1079 puerorum
674 1010 894 1081 injuste
922 1012 1413 1084 interemptorum
1438 1016 1736 1087 duplicem
1768 1034 1975 1088 repor-

330 1098 466 1152 tasti
498 1099 1051 1155 sanctificationem.
1116 1105 1391 1175 Recogito
1450 1107 1608 1159 enim
1660 1106 1973 1175 Herodem,

330 1187 531 1258 copias
553 1188 909 1254 mittentem,
933 1191 1191 1247 militum
1216 1194 1397 1248 duces
1424 1201 1698 1250 caventes
1720 1212 1796 1251 ne
1815 1196 1976 1250 ullus

330 1276 526 1331 infans
556 1278 715 1348 ipsos
746 1279 987 1347 celetur,
1016 1286 1234 1337 matres
1257 1289 1665 1354 exspectantes
1686 1285 1825 1340 dum
1849 1302 1975 1340 cer-

331 1372 547 1421 nerent
588 1367 906 1422 infantium
966 1371 1441 1427 crudelissimam
1498 1391 1728 1440 necem,
1773 1380 1974 1445 portas

332 1456 569 1509 urbium
600 1455 886 1525 occlusas,
920 1457 1076 1511 vicos
1116 1474 1150 1513 a
1198 1459 1488 1516 militibus
1518 1462 1971 1529 circumventos,

330 1546 637 1616 exitusque
697 1546 1026 1616 platearum
1086 1555 1422 1621 occupatos,
1485 1552 1704 1607 milites
1761 1552 1972 1625 gladiis

330 1633 635 1700 districtis,
655 1639 719 1689 ut
735 1651 931 1705 canes,
953 1636 1117 1692 rabie
1137 1640 1393 1709 percitos
1416 1640 1969 1709 circumcurrentes,

324 1722 579 1794 privatos
608 1723 761 1778 cives
793 1724 1074 1793 iuclusos,
1109 1732 1167 1781 et
1199 1744 1685 1801 unumquemque
1716 1731 1967 1785 interro-

323 1817 522 1884 gatum
554 1830 814 1884 quonam
845 1814 973 1870 loco
999 1823 1218 1887 essent,
1244 1819 1337 1873 cui
1367 1836 1590 1889 eorum,
1620 1826 1677 1876 et
1708 1821 1805 1875 ubi
1830 1827 1969 1876 tunc

326 1902 608 1971 temporis
641 1919 788 1973 puer
833 1909 1007 1960 natus
1068 1910 1263 1976 esset;
1323 1915 1599 1979 parentes
1629 1909 1968 1980 inscriptos,

323 2008 397 2047 ne
428 2008 555 2046 mas
586 2009 616 2046 e
648 1999 968 2065 conspectu
1003 1995 1450 2067 subriperetur;
1485 1999 1787 2053 irruerunt
1810 2000 1967 2054 enim

323 2086 388 2137 ut
417 2081 617 2152 aquila
644 2082 703 2136 in
728 2082 988 2153 praedam
1040 2085 1362 2155 cadaveris,
1398 2104 1472 2143 ne
1523 2104 1651 2143 mas
1678 2089 1749 2143 ab
1782 2089 1967 2144 oculis

325 2171 598 2227 tolletur:
647 2178 961 2244 patresque
1011 2182 1235 2230 metum
1284 2177 1440 2249 regis
1489 2178 1964 2247 reformidantes,
1999 2217 2046 2281 Β

324 2262 492 2331 quasi
525 2278 593 2316 ex
622 2263 756 2317 vino
787 2264 1093 2318 temulenti
1129 2265 1416 2336 ebriique,
1449 2268 1793 2323 nesciebant
1825 2268 1967 2339 quid

321 2356 599 2420 agerent;
635 2356 854 2406 matres
910 2358 1107 2408 autem
1164 2371 1337 2409 suum
1396 2374 1645 2427 quaeque
1676 2357 1964 2413 infantem

321 2440 736 2511 suscipientes,
771 2441 920 2496 iram
951 2443 1140 2513 iniqui
1163 2445 1316 2516 regis
1346 2445 1547 2518 fugere
1579 2446 1963 2515 festinabant,

320 2529 642 2600 multaeque
674 2531 832 2585 inter
853 2547 973 2597 eas,
994 2532 1171 2587 veluti
1194 2535 1601 2604 passerculum
1636 2552 1808 2591 suum
1826 2538 1964 2591 uni-

323 2635 457 2675 cum
489 2636 739 2690 puerum
774 2620 929 2675 inter
948 2621 1121 2677 ulnas
1145 2627 1437 2692 tenentes,
1464 2626 1596 2680 aliae
1627 2643 1763 2681 vero
1796 2626 1962 2697 duos,

319 2713 385 2763 ut
440 2708 704 2777 agnellos
760 2716 1064 2781 gementes
1130 2713 1568 2785 vagientesque,
1628 2714 1965 2787 bajulantes

319 2797 669 2869 fugitabant,
690 2815 863 2855 enses
885 2800 1240 2871 aspicientes
1263 2819 1560 2872 coruscos,
1585 2805 1765 2859 istum
1784 2805 1966 2879 fugie-

322 2887 484 2956 bant,
514 2887 736 2959 aliique
762 2890 1176 2946 occurrebant.
1204 2891 1539 2963 Aliquando
1565 2910 1702 2949 vero
1733 2898 1966 2950 tentant

319 2977 533 3032 offerre
566 2978 855 3033 militibus
877 2980 1189 3051 pecuniam
1219 3002 1233 3047 ;
1263 2982 1662 3038 lamentantes
1694 2984 1779 3039 sic
1805 2985 1963 3040 dice-

317 3065 493 3121 bant:
528 3067 751 3139 Adjuro
784 3074 840 3123 te
885 3087 991 3140 per
1041 3070 1231 3143 legem
1263 3072 1460 3140 Mosis,
1492 3074 1967 3130 commiseratio-

316 3173 454 3211 nem
486 3156 754 3225 induere,
783 3160 923 3229 quia
953 3159 1131 3215 etiam
1165 3166 1218 3215 te
1262 3167 1454 3217 mater
1476 3164 1699 3234 genuit,
1732 3163 1966 3220 forsan-

316 3263 429 3317 que
461 3263 703 3301 uxorem
737 3253 795 3302 et
841 3248 1062 3304 liberos
1112 3250 1314 3305 babes.
1350 3252 1523 3307 Nulla
1552 3253 1669 3308 alia
1698 3253 1843 3307 mihi
1877 3258 1967 3309 est

316 3353 449 3407 spes
509 3335 598 3391 vel
654 3353 771 3407 res,
828 3338 923 3393 hic
993 3344 1082 3393 est
1141 3340 1303 3395 solus
1376 3341 1521 3396 mihi
1582 3341 1800 3409 infans,
1857 3359 1963 3398 ac-

313 3426 492 3496 cipito
515 3442 760 3481 aureum
785 3434 1205 3485 ornamentum
1232 3432 1578 3502 parcitoque
1601 3449 1733 3487 meo
1756 3449 1960 3504 puero.

2084 926 2265 988 Θέντος
2299 924 2577 987 Βασιλέως
2631 922 2921 997 ἡγιάσθης,
2981 920 3126 977 ἀλλά
3182 922 3272 976 καὶ
3304 921 3412 975 ἀπὸ
3440 926 3542 975 τοῦ
3574 922 3746 993 αἳμα-

2082 1036 2174 1077 τος
2224 1019 2331 1068 τῶν
2388 1011 2586 1076 ἀδίκως
2663 1012 3000 1067 ἕκκοπέντων
3060 1008 3291 1082 παίδων,
3356 1008 3592 1065 διπλοῦν
3648 1013 3737 1065 τὸν

2085 1104 2346 1178 ὁγιασμὸν
2406 1102 2668 1175 ἐκομίσω·
2727 1105 2978 1157 κατανοῶ
3030 1100 3131 1175 γὰρ
3188 1099 3280 1154 τὸν
3342 1098 3621 1174 Ἡρώδην,
3668 1103 3737 1155 τὰ

2084 1193 2457 1268 στρατεύματα
2515 1192 2946 1260 ἀποστέλλοντα,
3028 1189 3159 1250 τοὺς
3218 1187 3736 1264 στρατοπαιδάρχας

2088 1288 2524 1358 μηχανωμένους
2560 1284 2634 1354 μή
2659 1302 2775 1343 πως
2800 1281 3024 1335 πώποτε
3043 1284 3172 1340 παῖς
3196 1273 3489 1353 ἀποκρυϐῇ
3519 1279 3743 1350 αὐτοὺς,

2080 1373 2176 1434 τὰς
2211 1372 2453 1446 μητέρας
2510 1368 2877 1445 ἐκδεχομένας
2934 1371 3208 1444 θεωρῆσαι
3257 1372 3366 1422 τῶν
3398 1368 3617 1436 νηπίων
3649 1368 3743 1422 τὸν

2082 1456 2332 1536 ἔχθιστον
2367 1459 2619 1532 θάνατον,
2647 1457 2827 1521 πύλας
2868 1462 2974 1512 τῶν
3019 1456 3239 1512 πόλεων
3274 1453 3742 1529 ἀποκλειομένας,

2079 1550 2173 1612 τάς
2231 1552 2423 1623 κώμας
2482 1550 2586 1604 ὑπὸ
2663 1553 2773 1604 τῶν
2858 1544 3275 1620 στρατευμάτων
3334 1545 3745 1618 κυκλουμένας,

2078 1638 2175 1702 τάς
2232 1636 2289 1694 δὶ
2344 1635 2557 1711 ἐξόδους
2614 1641 2720 1691 τῶν
2782 1634 3054 1690 πλατειῶν
3116 1632 3561 1712 φρουρουμένας,
3605 1634 3742 1696 τοὺς

2080 1728 2413 1803 στρατιώτας
2472 1728 2715 1802 ξιφήρεις
2790 1724 2970 1799 ὥσπερ
3054 1722 3217 1785 κύνας
3278 1721 3596 1783 λυττῶντας
3651 1724 3743 1778 καὶ

2078 1820 2525 1896 περιτρέχοντας,
2585 1816 2809 1880 ἰδιώτας
2873 1814 3327 1879 έναποκλείστους
3383 1813 3743 1890 γενομένους,

2077 1910 2166 1964 καὶ
2198 1908 2453 1971 ἑκάστους
2483 1908 2658 1963 αὐτῶν
2717 1906 3179 1981 έπερωτωμένους
3234 1905 3360 1981 περὶ
3406 1910 3521 1960 τῶν
3552 1905 3744 1961 τόπων

2078 1998 2217 2055 ὅπου
2272 2000 2433 2068 ἦσαν,
2492 1998 2571 2060 τίς
2626 1998 2717 2053 καὶ
2771 2000 2878 2052 ποῦ
2934 1995 2986 2049 έν
3045 2000 3166 2059 ταῖς
3221 1995 3461 2070 ἡμέραις
3508 1992 3746 2057 ἐκείναις

2077 2086 2246 2143 παῖδα
2302 2086 2575 2163 ἐγέννησε,
2631 2086 2761 2148 τοὺς
2837 2089 3018 2159 γονεῖς
3076 2082 3603 2159 ἀπογραφομένους,
3666 2086 3743 2155 μή

2077 2200 2196 2239 πως
2227 2176 2383 2254 agam
2439 2170 2725 2249 ἀποκρυϐᾗ
2786 2173 2836 2244 ἐξ
2895 2172 3197 2251 ὀφθαλμῶν
3231 2172 3436 2229 αὐτῶν.
3471 2174 3746 2242 Ἐξῆλθον

2077 2267 2182 2342 γὰρ
2210 2266 2389 2341 ὥσπερ
2442 2266 2594 2325 ἀετὸς
2652 2263 2740 2317 ἐπὶ
2803 2262 2967 2337 βοράν
3026 2262 3346 2332 πτώματος,
3378 2260 3534 2322 ὅπως
3566 2281 3633 2315 τε
3667 2262 3742 2332 μὴ

2075 2350 2362 2430 ἀποκρυϐῇ
2418 2353 2469 2425 ἐξ
2530 2350 2831 2430 ὀφθαλμῶν
2892 2349 3072 2426 ἄρῥεν.
3134 2350 3231 2403 Καὶ
3280 2350 3333 2404 οἱ
3376 2349 3476 2421 μὶν
3510 2350 3746 2424 πατέρες

2071 2446 2163 2500 τὸν
2198 2440 2367 2523 φόϐον
2396 2447 2492 2499 τοῦ
2541 2440 2809 2518 βασιλέως
2868 2437 3130 2506 δεδιότες,
3186 2437 3368 2512 ὥσπερ
3402 2438 3457 2511 ἐξ
3492 2438 3654 2493 οἴνου
3687 2438 3749 2494 ἐκ

2072 2535 2273 2596 παντὸς
2346 2534 2557 2608 τρόμου
2635 2525 3055 2604 μεμεθυσμένοι,
3116 2527 3215 2582 ούκ
3279 2524 3508 2601 ᾔδεισαν
3567 2529 3635 2582 τὸ
3691 2530 3748 2583 τί

2074 2621 2476 2698 διαπράξονται·
2540 2622 2594 2675 αἱ
2657 2618 2714 2675 δὲ
2784 2619 3015 2693 μητέρες
3090 2612 3357 2671 λαϐοῦσαι
3418 2618 3625 2686 ὶκάστη
3680 2619 3744 2672 τὸ

2072 2710 2215 2767 ἴδιον
2273 2713 2495 2782 νήπιον,
2553 2710 2644 2765 τὸν
2706 2710 2877 2781 θυμὸν
2932 2709 3035 2761 τοῦ
3091 2707 3414 2781 παρανόμου
3464 2706 3744 2773 βασιλέως

2076 2798 2379 2876 ἀποδράσαι
2434 2795 2714 2855 ἔσπευδον·
2795 2798 2884 2851 καὶ
2973 2794 3183 2851 πολλαὶ
3263 2796 3361 2868 μὲν
3420 2795 3474 2866 ἐξ
3531 2795 3744 2865 αὐτῶν,

2075 2890 2257 2965 ὥσπερ
2290 2889 2569 2966 στρουθίον
2617 2889 2722 2943 ἀπὸ
2779 2887 2898 2949 ἑνὸς
2955 2882 3146 2947 παιδὸς
3205 2884 3255 2938 έν
3310 2890 3434 2946 ταῖς
3467 2884 3741 2961 ἀγκάλαις

2072 2980 2425 3056 κατέχουσαι,
2486 2976 2651 3034 ἄλλαι
2712 2975 2771 3032 δὶ
2838 2976 2930 3031 καὶ
2997 2974 3103 3030 ἀπὸ
3158 2971 3277 3044 δύο,
3332 2974 3517 3047 ὣσπερ
3582 2976 3743 3047 ἀρνία

2074 3067 2475 3145 ἀποδυρώμενα
2558 3067 2647 3122 καὶ
2754 3063 3257 3140 κλαυθμυρίζοντα,
3368 3065 3747 3139 βαστάζουσαι

2073 3159 2402 3235 ἀποτρέχειν
2493 3154 2773 3213 ἔσπευδον
2858 3155 2948 3211 καὶ
3036 3157 3244 3231 ὁρῶσαι
3320 3154 3388 3209 τὰ
3445 3154 3576 3230 ξίφη
3636 3155 3745 3208 ἀπ-

2074 3251 2470 3326 αστράπτοντα,
2528 3251 2719 3302 τοῦτον
2781 3243 3083 3323 διέφευγον,
3115 3244 3207 3297 καὶ
3257 3242 3335 3304 εἷς
3366 3241 3541 3298 ἄλλον
3580 3264 3741 3314 περι-

2075 3342 2324 3397 έπιπτον.
2360 3340 2512 3401 Ἕσθ’
2543 3338 2634 3392 ὅτε
2689 3334 2749 3391 δὲ
2806 3334 2896 3390 καὶ
2940 3336 3204 3409 χρήματα
3232 3338 3534 3408 πειρῶνται
3586 3332 3737 3389 διδό-

2072 3450 2159 3485 ναι
2211 3428 2349 3503 πρὸς
2431 3425 2559 3487 τοὺς
2645 3425 3001 3500 στρατιώτας·
3080 3420 3508 3499 ἀποδυρώμεναι
3565 3428 3729 3478 ταῦτα

312 3510 525 3589 ἔλεγονο
558 3514 791 3589 Ὁρκίζω
821 3536 877 3570 σε
907 3516 1039 3571 κατά
1068 3522 1163 3572 τοῦ
1193 3518 1366 3591 νόμου
1414 3521 1705 3589 Μωυσέως,
1749 3527 1944 3589 κτῆσαι
2004 3519 2297 3595 σπλάγχνα
2353 3516 2681 3591 οἷκτιρμῶν,
2732 3514 2813 3569 ὅτι
2846 3513 2937 3569 καὶ
2969 3517 3027 3568 σὲ
3058 3514 3242 3587 μήτηρ
3274 3513 3586 3588 ἐγέννησενε
3618 3510 3723 3575 ’ἐσθ’

310 3602 399 3657 ὅτε
431 3601 487 3658 δὲ
516 3604 604 3657 καὶ
633 3610 860 3678 γυναῖκα
888 3607 977 3661 καὶ
1008 3605 1205 3670 παῖδας
1237 3606 1405 3672 ἔχειςο
1437 3611 1539 3664 οὐκ
1566 3606 1708 3665 ἔστιν
1769 3632 1861 3684 μοι
1911 3608 2057 3680 ἄλλη
2119 3608 2275 3671 ἐλπὶς
2332 3607 2368 3677 ἤ
2433 3606 2744 3674 ὑπόστασις,
2780 3603 2816 3674 ἢ
2854 3602 3016 3678 μόνον
3048 3603 3111 3659 τὸ
3140 3605 3340 3675 νήπιον
3372 3606 3562 3657 τοῦτο·
3598 3597 3735 3657 Ais:

311 3693 484 3763 ὁλκὴν
514 3696 745 3768 χρυσίου
774 3696 865 3750 καὶ
894 3697 1074 3774 φεῖσαί
1107 3720 1211 3771 μου
1240 3703 1337 3755 τοῦ
1367 3698 1580 3762 παιδός.

387 3846 607 3912 Quibus
639 3864 758 3903 non
790 3865 859 3904 ea
888 3851 1234 3922 ferentibus,
1279 3856 1382 3911 sed
1430 3856 1618 3912 instar
1657 3856 1956 3928 accipitris
1989 3882 2031 3948 ρ

315 3936 866 3994 immisericorditer
929 3940 1396 4015 irrumpentibus
1446 3947 1508 4000 in
1559 3951 1818 4001 turtures
1876 3946 1965 4000 vel

318 4032 553 4082 teneras
584 4028 911 4097 columbas,
938 4036 1040 4086 aut
1068 4032 1246 4088 veluti
1279 4034 1434 4107 lupis
1465 4052 1649 4108 agnos
1679 4036 1965 4107 diripien-

320 4116 499 4187 tibus,
525 4117 774 4173 vclutive
797 4119 1070 4177 leonibus
1097 4128 1330 4179 teneros
1354 4126 1567 4181 vitulos
1590 4143 1661 4181 ex
1680 4125 1966 4180 uberibus

309 4204 699 4275 juvencarum
717 4208 1086 4279 rapientibus
1106 4217 1297 4267 etnon
1316 4213 1966 4284 parcentibus,necesse

322 4298 410 4347 est
430 4298 650 4349 matres
675 4296 1082 4369 circumplecti
1126 4301 1403 4357 manibus
1434 4307 1492 4357 et
1521 4302 1682 4357 ulnis
1712 4301 1967 4357 cervices

322 4395 664 4449 puerorum,
700 4383 964 4455 istosque
996 4403 1177 4442 saevos
1200 4389 1487 4444 satellites
1508 4389 1782 4460 adjurare
1808 4407 1820 4443 :
1852 4388 1970 4443 Ad-

314 4470 455 4542 juro
486 4476 563 4539 te,
598 4472 703 4539 vir,
736 4490 842 4544 per
874 4491 1007 4530 eum
1041 4479 1140 4547 qui
1173 4494 1241 4533 ex
1272 4479 1649 4535 incunabulis
1682 4479 1884 4535 eduxit
1913 4484 1968 4534 te

322 4557 798 4629 adolescentem;
835 4564 1065 4621 trucida
1094 4583 1186 4621 me
1218 4568 1499 4639 primum,
1525 4569 1662 4624 dein
1694 4569 1851 4623 hunc
1876 4568 1967 4622 in-

319 4652 546 4703 fantem
578 4650 637 4703 in
672 4650 832 4707 ulnis
853 4654 1023 4710 meis.
1045 4655 1150 4711 Ille
1174 4672 1307 4711 vero
1332 4658 1572 4728 iniquus
1594 4658 1815 4713 invidia
1845 4674 1972 4712 me—

321 4740 503 4809 tuque
538 4737 832 4811 impotens
884 4743 1161 4816 princeps
1213 4748 1614 4818 speculatores
1644 4763 1797 4819 pone
1828 4748 1968 4802 mit-

320 4828 725 4900 tens,jubebat
742 4848 1007 4902 quaerere
1025 4838 1509 4908 utrum,pecunia
1525 4837 1969 4909 accepta,alicui

319 4918 760 4989 pepercissent;
788 4938 861 4977 ne
884 4929 1162 4994 parentes
1184 4926 1307 4981 nati
1329 4926 1483 4997 regis
1510 4926 1682 4982 donis
1705 4926 1970 4982 allicien-

322 5012 410 5063 tes
442 5008 664 5066 milites
687 5010 1001 5084 impellant
1021 5014 1094 5069 ad
1118 5016 1633 5071 insurrectionem-
1668 5018 1712 5071 Ii
1744 5033 1877 5072 vero
1903 5032 1973 5071 ex

324 5097 622 5154 mandatis
682 5101 1018 5158 excitabant
1073 5105 1209 5160 illos
1262 5106 1674 5161 interfectores
1725 5106 1846 5176 qui,
1880 5105 1972 5160 his

326 5186 563 5256 auditis,
595 5191 781 5263 magis
812 5209 880 5247 ac
929 5193 1115 5265 magis
1171 5194 1365 5250 studio
1399 5195 1785 5251 ebulliebant.
1814 5195 1975 5251 Licet

328 5280 523 5330 autem
554 5279 663 5334 isto
698 5283 1034 5353 spectaculo
1067 5301 1185 5339 non
1217 5284 1534 5354 adfuerim,
1566 5285 1781 5341 abhinc
1813 5286 1971 5340 enim

329 5363 684 5435 septingenti
746 5372 1135 5444 quadraginta
1194 5379 1252 5427 et
1300 5379 1551 5443 quatuor
1598 5375 1741 5429 anni
1786 5374 1972 5446 elapsi

330 5455 490 5516 sunt,
524 5468 590 5504 ex
623 5462 752 5511 ortu
785 5460 999 5515 Christi
1032 5464 1389 5533 septingenti
1422 5464 1561 5518 anni
1594 5471 1651 5519 et
1681 5469 1968 5536 quatuor;

331 5538 405 5590 ab
439 5536 751 5626 infantium
785 5551 981 5600 autem
1004 5551 1163 5604 caade
1189 5552 1545 5623 septingenti
1580 5553 1973 5626 quadraginta

337 5626 453 5678 duo
488 5622 626 5673 anni
660 5639 672 5683 ς
708 5630 887 5708 quasi
941 5648 1073 5687 vero
1134 5638 1247 5693 huc
1304 5642 1609 5708 assistens,
1651 5643 1734 5696 sic
1767 5643 1879 5696 ista
1908 5643 1969 5696 in

341 5712 604 5761 mentem
632 5707 904 5778 δυδθωη»
928 5721 986 5768 et
1008 5719 1201 5777 videre
1224 5727 1367 5780 mihi
1398 5729 1598 5784 videor
1628 5731 1806 5786 istum
1834 5747 1969 5786 cru-

2139 3853 2206 3927 γ’.
2235 3852 2357 3907 Τῶν
2408 3846 2465 3904 8t
2528 3849 2604 3922 μή
2663 3845 3037 3922 ἀνεχομένων,
3094 3844 3224 3901 ἀλλ’
3278 3844 3465 3921 ὥσπερ
3497 3846 3739 3919 ἱεράκων

2077 3938 2325 4011 ἀνηλεῶς
2358 3938 2669 4010 ἱπταμένων
2714 3936 2851 3991 κατὰ
2895 3940 3125 3991 νεοττῶν
3177 3939 3512 4009 περιστερῶν
3542 3936 3579 4005 ἢ
3610 3957 3742 4010 τρυ-

2074 4030 2271 4105 γόνων,
2305 4030 2339 4099 ἣ
2384 4026 2563 4101 ὥσπερ
2619 4025 2803 4081 λύκων
2860 4023 3023 4101 ἄρνας
3080 4024 3517 4098 διαρπαζόντων,
3550 4027 3588 4094 ἦ
3624 4027 3743 4081 ὤσ-

2076 4139 2178 4194 περ
2210 4118 2447 4173 λεόντων
2509 4115 2694 4171 ἀπαλά
2755 4116 3037 4190 μοσχάρια
3094 4113 3156 4169 έκ
3214 4118 3433 4188 μασθῶν
3475 4114 3737 4189 μητέρων

2079 4204 2488 4283 διαρπαζόντων
2547 4206 2639 4260 καὶ
2696 4206 2772 4279 μὴ
2831 4202 3194 4282 φειδομένων,
3254 4204 3455 4278 ἀνάγκη
3488 4204 3581 4265 τὰς
3614 4227 3735 4276 μη-

2075 4297 2233 4374 τέρας
2263 4296 2637 4369 περιπλέκειν,
2699 4296 2809 4367 ἅμα
2866 4298 3070 4369 χειρῶν
3127 4295 3228 4356 τάς
3286 4292 3491 4354 ὠλένας
3547 4293 3739 4349 αὐτῶν

2075 4392 2192 4449 τοῖς
2223 4385 2417 4461 αὐχέσι
2471 4389 2581 4439 τῶν
2639 4383 2876 4455 νηπίων,
2926 4384 3017 4438 καὶ
3075 4382 3416 4456 κατορκίζειν
3446 4382 3575 4444 τοὺς
3607 4384 3742 4438 ἀνό-

2083 4496 2216 4549 μους
2277 4472 2514 4535 ἐκείνους
2590 4472 2943 4547 στρατιώτας’
3022 4471 3258 4548 Ὁρκίζω
3313 4492 3391 4542 σε,
3455 4472 3740 4546 ἄνθρωπε,

2079 4564 2155 4626 εἲς
2183 4565 2275 4619 τὸν
2310 4562 2613 4636 αὐξήσαντά
2657 4581 2715 4615 σε
2758 4559 2818 4615 ἐκ
2866 4562 3100 4639 βρέφους
3132 4558 3301 4637 ἄνδρα
3328 4559 3565 4615 τέλειον’
3596 4561 3744 4616 ἀπό·-

2078 4673 2285 4708 κτεινον
2321 4649 2387 4721 δὴ
2422 4652 2518 4725 ἐμὲ
2554 4655 2797 4727 πρῶτον,
2850 4649 2942 4705 καὶ
2996 4650 3120 4704 τότε
3175 4650 3237 4703 τὸ
3294 4651 3497 4719 νήπιον
3532 4648 3586 4704 έν
3619 4656 3744 4714 ταῖς

2079 4741 2347 4818 ἀγκάλαις
2375 4763 2505 4813 μου.
2568 4740 2801 4816 Ἐχθρὸς
2858 4746 2959 4809 τῆς
3020 4736 3371 4809 δικαιοσύνης
3424 4738 3634 4801 ἐκεῖνος
3660 4744 3746 4811 τῷ

2082 4831 2236 4905 ζήλῳ
2292 4831 2382 4886 καὶ
2442 4828 2619 4902 δειλίᾳ
2678 4828 3073 4903 ὑπερμεθύσας.
3134 4828 3433 4891 σκοπευτάς
3480 4832 3743 4885 κατώπι-

2081 4933 2200 4986 σθεν
2258 4918 2635 4991 ἀποστέλλων,
2696 4916 3079 4994 παρήγγελλεν
3134 4918 3235 4994 ἆρα
3276 4919 3353 4991 μή
3383 4939 3437 4973 τι
3470 4921 3747 4995 χρήματα

2081 5005 2343 5071 λαϐόντες
2372 5009 2476 5065 τινὶ
2509 5008 2807 5088 ἐφείσαντο·
2873 5009 2947 5081 μή
3008 5008 3061 5062 οἱ
3118 5012 3296 5084 γονεῖς
3326 5012 3425 5062 τοῦ
3450 5011 3743 5083 γεννηθένι

2080 5122 2175 5164 τος
2234 5098 2511 5161 Βασιλέως
2591 5096 2791 5173 δώροις
2879 5096 3281 5171 έκμειλίξαντες
3366 5098 3497 5161 τοὺς
3579 5120 3743 5171 στραο

2079 5192 2299 5263 τιώτας,
2356 5193 2444 5246 καὶ
2505 5191 2642 5266 πρὸς
2699 5188 2981 5265 ἀνταρσίαν
3041 5188 3163 5262 ἐμοὶ
3225 5188 3639 5263 αἱρεθήσουσιν.
3674 5192 3743 5247 Οἱ

2083 5278 2139 5335 δὲ
2172 5279 2643 5352 ἀποστελλόμενοι
2681 5279 2750 5335 τά
2795 5277 2928 5334 αὗτά
2973 5275 3354 5353 παρενόχλουν
3385 5285 3509 5343 τοῖς
3540 5302 3742 5355 φονευο

2078 5375 2198 5432 ταῖς
2260 5368 2507 5431 ἑκείνοις’
2562 5390 2798 5424 κακεινοι
2853 5371 3020 5423 ταῦτα
3082 5366 3366 5429 ἀκούοντες
3430 5370 3572 5446 ὑπὲρ
3637 5391 3739 5424 πε-

2082 5463 2268 5535 ρισσοῦ
2323 5463 2402 5531 τῷ
2464 5458 2622 5531 ζήλῳ
2678 5458 3060 5529 κατεμέθυσαν.
3122 5457 3217 5511 Καὶ
3272 5461 3364 5511 νῦν
3420 5458 3469 5513 εί
3520 5459 3744 5514 καὶοὼι

2080 5548 2234 5620 ἥμην
2266 5549 2492 5621 περιὼν,
2553 5546 2693 5602 ἐστὶν
2752 5548 2856 5622 γάρ
2909 5545 3016 5600 ἀπὸ
3068 5545 3192 5601 τότε
3233 5542 3325 5617 ἔτη
3359 5543 3471 5617 ἢδη
3504 5547 3740 5621 τέσσαρα

2081 5637 2169 5692 καὶ
2256 5638 2653 5711 τεσσαράκοντα
2736 5638 2822 5692 καὶ
2914 5634 3229 5704 ἑπτακόσια,
3305 5636 3412 5690 ἀπὸ
3475 5638 3578 5709 μὶν
3640 5645 3741 5707 τῆς

2080 5729 2379 5804 παρουσίας
2462 5731 2699 5805 Χριστοῦ
2798 5724 2890 5795 ἔτη
2958 5725 3252 5781 ἑπτακόσια
3333 5727 3739 5799 τεσσαράκοντα
