4048 6210
246 339 387 396 1505

1339 339 1584 395 SEBMO
1618 339 1701 393 ΙΝ
1731 336 2049 394 SANCTOS
2085 339 2563 395 INNOCENTES.

3515 347 3652 401 1506

238 465 595 541 τέσσαραῌ),
626 462 734 518 ἀπὸ
788 460 846 517 δὲ
900 468 1000 531 τῆς
1052 459 1437 523 παιδοκτονίας
1473 460 1565 528 ἔτη
1599 462 1893 517 ἑπτακόσια

2015 464 2199 521 ielem
2214 465 2707 538 regemHerodem
2723 464 3131 522 stimulantem
3147 470 3235 524 sui
3250 471 3434 542 ipsius
3449 491 3553 545 pro
3563 491 3654 530 ce-

243 554 652 628 τεσσαράκοντα
684 550 799 607 δύο·
834 550 959 607 ἀλλ’
1019 552 1093 613 ὡς
1148 555 1333 625 παρὼν
1367 551 1495 619 ἐκεῖ,
1531 551 1703 613 οὕτως
1731 552 1897 607 ταῦτά

246 667 343 720 μοι
371 643 510 699 κατά
540 646 664 697 νοῦν
701 641 970 714 πάρεισιν,
1001 639 1092 695 καὶ
1151 640 1225 701 ὡς
1283 642 1499 714 θεωρῶν
1533 640 1647 713 εἶμι
1674 642 1763 695 τὸν
1799 640 1893 714 ἔχ-

241 748 424 800 θιστον
464 730 691 807 βασιλέα
746 729 997 806 Ἡρώδην
1054 734 1133 801 τῷ
1192 732 1351 802 θυμῷ
1402 729 1606 799 ζέοντα,
1638 728 1764 791 τοῦς
1802 750 1895 801 με-

234 828 494 900 γιστᾶνας
555 820 721 876 αὐτοῦ
778 821 1305 895 παραμυθουμένους
1362 819 1547 887 αὐτὸν,
1606 818 1732 880 τοῦς
1793 840 1895 896 φο-

235 921 345 976 νεῖς
375 915 443 969 τα
476 911 683 987 δάκρυα
710 916 817 965 τῶν
852 912 1098 984 πατέρων
1158 912 1231 983 μὴ
1290 908 1600 977 ἐλεοῦντας,
1632 910 1697 964 τὰ
1728 912 1897 979 νήπια

238 1008 317 1080 μὴ
352 1002 742 1076 οῖκτείροντας,
803 999 949 1056 ἀλλά
1003 1005 1111 1055 τῶν
1171 1000 1265 1073 μὶν
1319 1000 1412 1060 τὰς
1468 998 1709 1073 κεφαλὰς
1759 998 1892 1052 ἀπο-

229 1095 556 1168 τέμνοντας,
610 1095 717 1146 τῶν
780 1088 837 1144 δὲ
890 1096 1009 1152 ταῖς
1071 1088 1335 1166 μητράσιν
1396 1094 1770 1163 κατεχουσῶν,
1802 1088 1890 1143 καὶ

239 1187 320 1260 μὴ
358 1180 715 1260 βουλομένων
745 1175 957 1253 ἀφιέναι
1015 1177 1065 1233 ἐν
1126 1183 1248 1241 ταῖς
1276 1176 1541 1255 ἀγκάλαις
1570 1177 1745 1232 αὐτῶν
1772 1182 1891 1239 ταῖς

236 1272 541 1349 μαχαίραις
574 1266 962 1329 ἀναλίσκοντας
1013 1266 1190 1322 αὐτῶν
1252 1268 1321 1320 τά
1378 1268 1569 1337 νήπια.
1606 1265 1803 1323 ’Ἄλλοι
1837 1263 1895 1320 δὶ

230 1362 594 1437 κατεμέριζον
646 1357 782 1412 αύτά
853 1353 1155 1430 ἔμπροσθεν
1232 1360 1352 1417 τοῖς
1407 1356 1749 1429 γεννήσασιν,
1804 1359 1897 1407 καῖ

230 1450 411 1527 ’ἕτεροι
443 1451 767 1524 κρατοῦντες
795 1451 911 1508 τοῖς
945 1445 1073 1502 ποσὶ
1128 1443 1179 1499 έν
1233 1449 1351 1506 ταῖς
1398 1443 1625 1518 πέτραις
1655 1440 1895 1521 έξεδάφι-

236 1547 355 1611 ζον,
385 1540 475 1595 καὶ
509 1537 683 1600 οὕτως
735 1540 843 1591 τῶν
904 1534 1193 1612 κροτάφων
1250 1534 1426 1588 αὐτῶν
1467 1537 1535 1605 τῇ
1566 1537 1638 1607 γῇ
1669 1553 1896 1606 σκορπι-

237 1629 507 1704 ζομένων,
536 1632 655 1688 ταῖς
684 1624 941 1685 ἐλεειναῖς
995 1625 1260 1699 μητράσιν
1321 1622 1419 1677 οὒκ
1476 1622 1540 1696 ᾖν
1596 1623 1896 1697 παράκλη-

234 1738 341 1782 σις·
402 1722 561 1773 ποῖαν
650 1714 752 1791 γὰρ
832 1713 921 1768 καὶ
1006 1712 1350 1786 παραμυθίαν
1420 1712 1570 1786 εἶχον
1635 1706 1780 1787 ἔχειν
1840 1710 1893 1766 ἔν

235 1812 455 1872 ἑαυταῖς
529 1807 734 1881 ὁρῶσαι
820 1803 873 1857 ἐν
962 1801 1272 1878 ὀφθαλμοῖς
1331 1802 1506 1855 αὐτῶν
1566 1800 1658 1854 τὸν
1720 1799 1896 1873 ἄωρον

237 1898 511 1963 θανατον;
568 1893 635 1948 τὰ
689 1893 882 1964 ἱμάτια
938 1889 1126 1953 αὐταῖς
1201 1895 1317 1951 τοῖς
1376 1889 1597 1963 αἳμασιν
1656 1884 1894 1944 καταϐα-

240 1986 407 2061 φέντα
437 1984 624 2053 στήθει
678 1978 941 2049 διανοίας,
992 1979 1058 2033 τὰ
1110 1979 1301 2052 στέρνα
1351 1983 1432 2050 τῷ
1481 1977 1632 2048 πόνῳ
1660 1981 1769 2032 τῶν
1797 1999 1895 2054 γα-

240 2073 590 2148 λακτοροίων
645 2071 1000 2144 τρυχώμενα,
1057 2074 1178 2130 ταῖς
1229 2066 1425 2137 θηλαῖς
1477 2069 1545 2122 τὰ
1601 2068 1793 2139 ἱμάτια
1851 2067 2035 2132 αὐτοῖς
2088 2066 2547 2145 καταϐρέχουσαν
2605 2073 2693 2125 καὶ
2754 2072 2809 2125 αἱ
2880 2072 2972 2143 μὲν

1928 1851 1974 1915 Β

2005 573 2099 611 res
2117 557 2507 624 consiliarios,
2532 556 2940 611 interfectores
2958 556 3248 627 lacrymas
3272 568 3503 630 patrum
3532 581 3650 619 non

2006 647 2379 714 miserantes,
2403 664 2511 701 nec
2538 648 2735 718 pueris
2759 649 3200 717 parcentes,sed
3225 650 3475 705 aliorum
3500 654 3652 708 colla

2006 737 2326 799 czedentes,
2348 737 2605 791 aliorum
2630 736 2916 791 matribus
2940 738 3654 811 resistentibus,neganti-

2005 824 2235 895 busque
2263 826 2589 891 abire,cum
2618 826 2884 880 viderent
2908 826 3165 881 infantes
3199 828 3256 881 in
3286 828 3443 882 ulnis
3472 846 3654 886 cmsos

2004 914 2237 985 gladiis.
2264 914 2376 967 Alii
2402 914 2623 968 milites
2645 914 3062 985 discerpebant
3085 934 3186 970 eos
3209 918 3315 971 sub
3341 918 3528 972 oculis
3551 936 3655 990 pa-

2002 1008 2241 1057 rentum
2270 1023 2283 1069 ;
2319 1002 2441 1068 alii,
2476 1002 2624 1073 pede
2649 1019 2750 1057 eos
2776 1004 3188 1076 corripientes,
3208 1006 3269 1060 in
3298 1013 3494 1077 petras
3526 1008 3658 1062 alli-

2002 1088 2245 1155 debant,
2280 1090 2481 1160 sicque
2517 1091 2884 1161 temporibus
2919 1108 3123 1147 eorum
3150 1093 3314 1147 humi
3348 1094 3657 1166 dispersis,

2002 1178 2170 1233 nulla
2200 1183 2327 1233 erat
2366 1179 2656 1233 matribus
2681 1180 2890 1234 solatio
2918 1198 2930 1247 ;
2966 1181 3267 1250 quodnam
3300 1184 3458 1237 enim
3493 1185 3656 1239 sola-

2005 1268 2152 1321 tium
2184 1268 2380 1323 afferri
2413 1268 2704 1338 potuisset
2733 1268 2853 1321 illis
2887 1285 3095 1323 necem
3144 1270 3489 1325 continuam
3523 1288 3655 1326 cer-

2006 1357 2326 1412 nentibus?
2344 1358 2703 1411 Vestimenta
2724 1375 2931 1413 cruore
2956 1358 3013 1411 in
3034 1359 3371 1428 pectoribus
3392 1376 3654 1431 aspersa;

2006 1453 2360 1517 pectoraque
2392 1447 2743 1501 contusione
2787 1464 3185 1502 mammarum
3218 1448 3360 1503 lassa
3390 1466 3402 1502 :
3438 1455 3658 1506 matres

2007 1535 2157 1590 lacte
2184 1536 2539 1590 vestimenta
2561 1552 2880 1606 puerorum
2901 1537 3224 1608 tingentes;
3253 1554 3503 1608 quarum
3527 1540 3656 1594 alias

2007 1641 2223 1695 pueros
2256 1624 2506 1679 biennes
2530 1625 2831 1697 lugebant,
2867 1626 2997 1679 alia:
3026 1643 3159 1680 vero
3191 1627 3522 1695 anniculos,
3559 1634 3659 1683 aut

2007 1712 2238 1767 dimidii
2272 1714 2576 1784 temporis,
2596 1713 2853 1785 denique
2877 1714 3069 1769 adhuc
3091 1716 3340 1770 minoris
3366 1737 3380 1782 ;
3413 1716 3653 1771 biennio

2008 1803 2166 1856 enim
2200 1802 2687 1873 proficiscebatur
2711 1803 3016 1858 decretum
3048 1803 3160 1857 diri
3212 1809 3268 1858 et
3312 1805 3499 1875 iniqui
3535 1810 3651 1860 Ile-

2006 1894 2189 1959 rodis,
2227 1898 2285 1948 et
2309 1894 2380 1947 ab
2413 1893 2542 1947 istis
2591 1894 2691 1964 qui
2736 1911 2924 1949 unum
2974 1898 3109 1948 ante
3143 1894 3300 1949 diem
3332 1902 3501 1951 erant
3531 1897 3652 1951 nati

2009 1987 2145 2036 ante
2173 1982 2538 2037 horrendum
2572 1983 2750 2037 istum
2784 1983 3107 2038 decretum.

3062 2070 3111 2141 ἐξ
3198 2073 3377 2127 αὐτῶν
3462 2075 3655 2135 διετεῖς

241 2162 442 2225 παῖδας
499 2161 780 2236 ἐθρήνουν,
837 2159 925 2212 καὶ
985 2156 1149 2213 ἄλλαι
1211 2156 1595 2222 ἓνιαυσιαίους.
1659 2156 1748 2210 καὶ
1804 2154 1969 2212 ἄλλαι
2028 2164 2221 2230 καιροῦ
2293 2160 2381 2213 καί
2456 2159 2720 2231 ἡμίσεως,
2781 2160 2869 2213 καὶ
2931 2158 3126 2215 λοιπὸν
3178 2162 3489 2237 κατωτέρω.
3550 2163 3657 2218 ἀπὸ

246 2252 463 2313 διετοῦς
491 2251 592 2326 γὰρ
623 2249 691 2316 ἧν
714 2246 775 2301 τὸ
807 2246 1135 2321 πρόσταγμα
1161 2249 1259 2300 τοῦ
1288 2242 1533 2299 δειλαίου
1563 2244 1653 2299 καὶ
1685 2244 2006 2319 παρανόμου
2037 2244 2303 2321 Ἡρώδου,
2337 2246 2425 2301 καὶ
2460 2246 2581 2302 ὅσοι
2612 2248 2971 2321 ἐγεννήθησαν
3006 2249 3111 2323 πρὸ
3161 2256 3286 2321 μιᾶς
3328 2251 3537 2323 ἡμέρας
3564 2251 3662 2306 τοῦ

250 2342 479 2417 ἐναγοῦς
508 2337 708 2393 ἐκείνου
730 2336 1169 2412 προστάγματος.

320 2429 385 2490 δ’.
444 2435 512 2484 ’Ὢ
567 2424 776 2487 ἐννοίας
833 2421 1078 2499 δακρύων
1136 2421 1628 2497 πεπληρωμένηςῑ
1686 2424 1753 2476 Ὤ
1796 2442 1901 2495 μα-

248 2520 450 2596 καρίων
484 2514 688 2572 παίδων
754 2510 922 2588 μηδὲν
982 2510 1350 2583 ἠδικηκότων,
1383 2514 1469 2565 καὶ
1510 2512 1585 2575 ὡς
1616 2510 1901 2584 πολεμίων

257 2604 545 2686 βαρϐάρων
575 2603 1106 2681 κατασφαζομένωνέ
1164 2598 1209 2654 ὣ
1269 2601 1512 2686 αἱμάτων
1570 2597 1770 2661 ἀδίκως
1812 2598 1900 2654 ἐπὶ

413 2703 515 2772 γῆς
568 2694 935 2770 ἐκχεομένων,
999 2689 1087 2745 καὶ
1146 2688 1327 2763 ὥσπερ
1389 2684 1612 2762 ὄμϐρων
1652 2686 1704 2742 έν
1766 2686 1901 2761 αὐτῇ

258 2785 626 2842 πιανθέντωνι
663 2782 707 2837 ὣ
764 2779 1033 2857 δρεπάνης
1091 2776 1341 2850 ὀλεθρίου
1393 2776 1501 2852 πρὸ
1557 2779 1754 2849 καιροῦ
1805 2780 1902 2829 τοῦ

257 2875 447 2951 θέρους
479 2874 529 2930 έν
563 2873 713 2947 ἀκμῇ
745 2874 842 2926 τοῦ
890 2872 1065 2945 χοροῦ
1120 2866 1216 2929 τὰς
1266 2864 1500 2940 ἀρούρας
1532 2861 1904 2938 αἰχμαλωτη-

255 2967 462 3035 σάσηςί
497 2962 541 3018 ὦ
578 2962 829 3036 μητέρων
863 2966 1061 3034 θρῆνος
1118 2956 1209 3010 καὶ
1270 2955 1567 3028 στεναγμὸς
1617 2952 1707 3007 καὶ
1744 2951 1904 3029 ὀδυρ-

258 3056 361 3129 μὸς
395 3054 594 3124 πολὺς,
628 3051 677 3107 έν
712 3052 757 3123 ᾧ
789 3048 887 3104 οὐκ
916 3048 985 3117 ἦν
1016 3044 1358 3121 παράκλησις
1396 3041 1641 3115 οὐδεμία.
1687 3042 1907 3097 Τούτων

251 3146 359 3221 γὰρ
391 3146 576 3199 πάσῶν
609 3143 717 3197 τῶν
756 3141 1029 3214 μητέρων,
1058 3136 1132 3198 είς
1171 3141 1297 3209 μιᾶς
1332 3131 1569 3208 ὀδυρμὸν
1615 3134 1905 3208 προφήτης

249 3230 665 3310 αἰνιγματοδῶς
748 3231 1171 3306 προεφήτευσεν.
1233 3227 1437 3299 Θρῆνος
1522 3224 1645 3299 γάρ,
1721 3222 1900 3292 θησὶν,

248 3324 347 3379 καὶ
457 3321 738 3395 κλαυθμὸς
750 3367 762 3390 ,
876 3318 963 3373 καὶ

245 3413 522 3469 κλαίουσα
605 3410 671 3465 τά
749 3408 903 3463 τέκνα
984 3405 1172 3473 αὐτῆς,

247 3502 628 3580 ρακληθῆναι,
687 3497 770 3552 ὅτι
831 3496 928 3550 οὐκ
986 3493 1138 3549 εἰσίν·
1199 3492 1289 3545 καὶ
1353 3492 1428 3563 μὴ
1476 3496 1601 3562 μιᾶς
1638 3491 1912 3563 μόνοντῷ

250 3577 492 3665 όνόματι
542 3587 721 3659 τούτῳ
778 3586 843 3640 τὰ
898 3585 1057 3638 τέκνα
1111 3582 1549 3659 κατεσφάγησαν,
1584 3578 1731 3653 οὐχί·
1767 3577 1912 3633 ἀλλά

245 3676 471 3738 πολλαί
499 3675 707 3752 Ῥαχὴλ
762 3673 1076 3729 έκαλοῦντο’
1138 3670 1264 3726 ἀλλ’
1320 3667 1505 3737 ἐπειδή
1570 3670 1752 3742 μήτηρ
1802 3672 1908 3722 τῶν

249 3765 517 3842 μητέρων
551 3764 616 3832 ἦν
650 3766 685 3832 ἡ
717 3766 814 3817 τοῦ
842 3756 1043 3818 Ἰακὼϐ
1073 3757 1313 3835 Ῥαχὴλ,
1372 3756 1463 3812 διὰ
1517 3762 1680 3812 τοῦτο
1713 3757 1741 3811 ὁ
1772 3777 1911 3829 προσ

248 3856 441 3934 (ρήτης
498 3853 561 3907 τὸ
619 3849 796 3925 ὄιομα
850 3859 951 3921 τῆς
1011 3848 1179 3904 παλαι
1238 3847 1450 3922 Ῥαχὴλ
1482 3844 1571 3901 διὰ
1607 3848 1668 3901 τὸ
1705 3845 1908 3919 μέλλον

250 3948 419 4019 θέρος
472 3947 579 3998 τῶν
631 3940 867 4011 νηπίων,
926 3940 1015 3995 καὶ
1090 3940 1189 4007 τήν
1252 3938 1374 4013 περὶ
1432 3936 1640 3991 τούτων
1702 3934 1910 4008 θλίψιν,

249 4028 541 4109 πόρρωθεν
602 4029 932 4105 ἀνήγγειλεν.
997 4032 1248 4084 Κοπετῶν
1303 4026 1480 4081 τοίνυν
1548 4027 1637 4079 καί
1699 4045 1912 4100 στεναγ-

258 4126 383 4196 μῶν
416 4118 641 4196 πλήρης
672 4122 705 4189 ἡ
739 4114 948 4174 ἔννοιαο
1010 4118 1093 4179 τίς
1150 4117 1252 4191 γὰρ
1317 4117 1392 4187 μὴ
1428 4116 1744 4188 θρηνήσειεν
1780 4113 1913 4185 μετά

254 4216 372 4267 τῶν
402 4212 652 4283 μητέρων
686 4209 944 4276 έκείνων;
1001 4207 1035 4277 ἥ
1095 4207 1175 4268 τίς
1238 4205 1534 4279 σπλάγχνα
1581 4205 1908 4277 οἱκτειρμῶν

258 4300 365 4356 οὐκ
423 4299 685 4370 ἐκτήσατο
744 4298 832 4353 ἐπὶ
889 4301 957 4371 τῇ
1013 4294 1241 4370 τοιαύτῃ
1297 4291 1470 4367 ἀδίκῳ
1500 4292 1797 4367 πληγῇςῆ
1830 4291 1913 4351 τίς

252 4394 359 4446 τοῦ
409 4387 725 4463 ψελλισμοῦ
781 4392 887 4441 τῶν
954 4384 1228 4459 μακαρίων
1260 4382 1474 4438 ἐκείνων
1509 4381 1909 4454 ἐνθυμούμενος

257 4477 325 4535 ού
352 4477 777 4551 πληρωθήσεται
810 4474 1058 4551 δακρύων
1086 4493 1100 4542 ;
1135 4476 1344 4549 ὁρῶντα
1392 4474 1495 4545 γὰρ
1541 4472 1609 4523 τὰ
1638 4469 1763 4542 ξίφη
1794 4468 1910 4521 κατ’

256 4568 440 4623 αὐτῶν
502 4566 912 4640 ιῖικοντιζόμενα⁹
972 4564 1063 4618 καὶ
1138 4563 1212 4624 ὡς
1274 4560 1376 4615 ὑπὸ
1438 4556 1643 4632 θηρίωδ
1703 4556 1907 4633 ἀγρίων

259 4659 323 4714 ἐκ
374 4662 481 4712 τῶν
535 4655 756 4712 κόλπων
838 4658 943 4709 τῶν

258 4746 457 4809 αὐτοὺς
516 4745 925 4824 ἀπεφθέγγοντο
1010 4743 1098 4796 καὶ
1177 4737 1381 4811 ἔλεγον
1440 4738 1609 4813 ’Ἄφες
1672 4757 1756 4809 με,
1821 4734 1911 4791 ἅγ-

259 4848 465 4911 θρωπε,
514 4840 619 4889 ποῦ
680 4854 745 4907 με
804 4833 1067 4907 ἀπάγεις;
1128 4828 1189 4885 ού
1245 4826 1495 4904 γνωρίζω
1546 4846 1622 4879 σε’
1661 4824 1759 4880 οὐκ
1790 4824 1912 4880 οἶδα

255 4925 341 4991 τίς
398 4927 461 4982 εἷ’
524 4924 623 4981 οὐκ
680 4924 727 4979 εἶ
772 4922 833 4978 σὺ
892 4920 1016 4977 οὕτε
1072 4921 1250 4991 πατήρ
1315 4939 1441 4991 μου,
1501 4912 1623 4971 οὕτε
1653 4913 1907 4994 ἀδελφὸς,

260 5016 385 5074 οὔτε
419 5014 825 5093 μητράδελφος,
872 5014 932 5070 ού
977 5008 1380 5087 πατράδελφος,
1413 5008 1500 5062 καὶ
1537 5008 1639 5061 οὐκ
1669 5005 1905 5082 ἔγνωσαν

263 5107 438 5177 ὅπως,
473 5104 600 5162 οὐδὲ
632 5104 721 5162 διὰ
774 5105 826 5159 τί
875 5104 933 5159 έκ
987 5109 1087 5172 τῆς
1138 5107 1238 5176 γῆς
1296 5097 1571 5173 ἐπαίρεται
1598 5098 1632 5165 ἡ
1670 5098 1780 5165 ζωή
1812 5096 1909 5151 αύ-

257 5203 388 5254 τῶν.
420 5201 484 5252 Ὦ
514 5195 833 5272 παρανομία
888 5198 985 5248 τοῦ
1049 5190 1237 5265 βυθίου
1293 5186 1610 5262 δράκοντος,
1659 5186 1751 5247 τὰς
1784 5186 1909 5263 σάρ-

260 5305 358 5349 κας
407 5290 515 5340 τῶν
568 5284 823 5339 ἀναιτίων
868 5279 1073 5336 παίδων
1127 5274 1493 5355 βεϐρωκότος,
1552 5274 1641 5328 καὶ
1683 5276 1756 5347 μὴ
1819 5274 1908 5348 έμ-

1249 3402 1337 3457 καὶ
1397 3402 1495 3457 οὐκ
1551 3398 1743 3470 ἤθελεν
1802 3420 1911 3454 πα-

2081 2425 2124 2480 Ο
2182 2425 2480 2480 sententia
2501 2425 2782 2495 lacrymis
2814 2425 2993 2496 plena
3022 2425 3033 2480 Ξ
3069 2442 3101 2480 o
3133 2425 3394 2481 infantes
3422 2445 3662 2499 prorsus

2011 2514 2383 2583 innocentes,
2415 2520 2597 2586 utque
2628 2515 2864 2570 barbari
2889 2516 3088 2570 hostes
3117 2516 3423 2571 trucidati!
3459 2534 3490 2571 o
3518 2535 3663 2573 san-

2012 2605 2139 2676 guis
2172 2622 2349 2675 super
2378 2610 2537 2659 terra
2594 2605 2892 2676 profusus,
2953 2611 3011 2659 et
3066 2605 3219 2659 sicut
3265 2606 3461 2676 pluvia
3502 2607 3561 2660 in
3597 2624 3665 2661 ea

2012 2692 2422 2763 pinguefactus
2444 2692 2455 2745 !
2481 2711 2512 2746 o
2536 2694 2834 2747 funestam
2862 2693 3075 2747 falcem
3098 2710 3228 2762 quae
3261 2698 3397 2747 ante
3430 2699 3662 2763 tempus

2014 2784 2228 2838 messis
2259 2784 2471 2838 mediis
2517 2784 2715 2837 choris
2774 2800 2909 2838 arva
2964 2783 3305 2854 occupasti!
3341 2800 3373 2838 ο
3405 2788 3663 2838 matrum

2015 2872 2209 2926 luctus
2243 2878 2300 2926 et
2348 2873 2606 2942 suspiria
2656 2872 2998 2942 multusque
3044 2872 3313 2944 plangor,
3349 2873 3409 2925 in
3443 2873 3660 2942 quibus

2014 2960 2247 3015 nullum
2277 2966 2402 3015 erat
2433 2960 2711 3016 solatium
2738 2960 2749 3014 Ξ
2776 2962 2993 3015 Harum
3027 2961 3187 3015 enim
3231 2961 3500 3015 omnium
3532 2979 3661 3016 ma-

2017 3057 2194 3114 trum,
2249 3051 2310 3104 in
2356 3050 2533 3105 unius
2593 3051 3019 3106 lamentatione
3071 3052 3358 3122 propheta
3415 3051 3666 3106 obscure

2016 3139 2327 3211 praedixit;
2362 3139 2505 3193 dicit
2531 3140 2689 3194 enim
2720 3156 2732 3193 :
2779 3140 3035 3194 Ploratus
3057 3146 3109 3193 et
3140 3140 3387 3193 ululatus
3416 3142 3619 3195 multus
3648 3158 3661 3196 :

2017 3228 2473 3298 Rachelplorans
2507 3229 2648 3296 ﬁlios
2703 3245 2825 3283 suos
2891 3235 2941 3281 et
2991 3229 3170 3282 noluit
3229 3230 3502 3283 consolari
3531 3232 3665 3298 quia

1080 3290 1343 3389 dsuppdc‘
1405 3290 1637 3373 noldc'r
1689 3290 1902 3386 Ῥαχὴλ

2015 3334 2125 3371 non
2154 3324 2323 3379 sunt;
2352 3322 2428 3383 et,
2464 3333 2534 3370 ne
2586 3318 2763 3371 unius
2814 3323 3041 3371 tantum
3083 3317 3325 3371 nomine
3358 3318 3468 3372 hoc
3495 3318 3661 3388 pueri

2019 3406 2455 3473 occiderentur,
2488 3406 2768 3471 minime;
2794 3406 2910 3461 imo
2940 3407 3139 3461 multaa
3173 3407 3415 3461 fuerunt
3444 3413 3663 3461 matres

2021 3496 2239 3550 Rachel
2264 3495 2584 3549 nominatae
2612 3513 2624 3559 ;
2661 3494 2765 3549 sed
2800 3496 3286 3567 quandoquidem
3320 3502 3511 3551 mater
3542 3513 3669 3551 ma-

2021 3589 2177 3638 trum
2232 3589 2358 3639 erat
2408 3584 2582 3640 Jacob
2642 3585 2881 3652 Rachel,
2944 3584 3074 3639 ideo
3129 3586 3420 3657 propheta
3450 3602 3669 3641 nomen

2018 3674 2229 3728 veteris
2264 3673 2481 3727 Rachel
2554 3672 2626 3727 ob
2704 3690 3024 3744 puerorum
3082 3674 3345 3729 futuram
3406 3692 3663 3731 messem

2022 3761 2215 3831 obque
2242 3761 2313 3815 de
2347 3761 2466 3816 illis
2508 3761 2985 3831 lamentationes,
3034 3770 3209 3818 antea
3258 3765 3662 3835 proclamavit.

2022 3850 2362 3905 Planctibus
2420 3850 2598 3921 igitur
2650 3852 3041 3923 suspiriisque
3095 3853 3272 3923 plena
3318 3860 3443 3907 erat
3474 3871 3663 3908 mens.

2022 3940 2161 4004 Quis
2195 3940 2353 3994 enim
2412 3956 2531 3993 non
2590 3940 2731 3995 fleat
2786 3958 2905 3996 una
2954 3959 3088 3995 cum
3148 3943 3266 3995 illis
3325 3944 3670 3997 matribus?

2023 4028 2248 4099 quodve
2268 4047 2370 4083 cor
2393 4046 2512 4083 non
2537 4029 2597 4083 in
2622 4030 2878 4101 ejulatus
2903 4035 3173 4100 erumpat
3190 4048 3293 4101 pro
3320 4032 3536 4085 talibus
3561 4031 3668 4083 ini-

2022 4118 2154 4189 quis
2178 4118 2433 4173 ictibus?
2453 4118 2540 4173 vel
2568 4119 2700 4188 quis
2721 4119 2791 4173 de
2815 4118 3076 4173 balbutie
3097 4119 3335 4172 illorum
3358 4119 3667 4174 beatorum

2022 4208 2341 4261 infantium
2388 4209 2653 4278 cogitans
2702 4224 2821 4260 non
2873 4206 3342 4276 lacrymabitur?
3394 4208 3669 4261 Videntes

2023 4297 2182 4351 enim
2216 4312 2388 4349 enses
2420 4300 2629 4349 contra
2673 4295 2834 4365 ipsos
2884 4296 3159 4362 vibratos,
3194 4301 3377 4367 utque
3409 4312 3442 4351 a
3471 4297 3611 4351 feris
3640 4314 3670 4351 e

2023 4385 2157 4438 sinu
2189 4390 2444 4438 matrum
2472 4386 2693 4454 arrepti
2724 4384 2799 4438 ad
2826 4385 2970 4439 istos
2994 4384 3337 4439 clamabant
3367 4385 3668 4439 dicebant-

2022 4490 2171 4543 que:
2207 4473 2445 4527 Dimitte
2480 4490 2594 4539 me,
2646 4474 2765 4539 vir;
2818 4490 2932 4544 quo
2983 4490 3076 4528 me
3128 4473 3421 4529 abducis?
3462 4491 3583 4528 non
3615 4479 3667 4529 te

2023 4580 2351 4634 cognosco;
2409 4563 2613 4634 ignoro
2672 4564 2802 4634 quis
2861 4564 2979 4629 sis;
3036 4580 3155 4618 non
3199 4570 3262 4617 tu
3296 4564 3441 4617 mihi
3474 4582 3535 4619 es
3566 4580 3668 4635 pa-

1034 4651 1281 4725 μητέρων
1340 4647 1717 4719 ἀποσπώμενα
1772 4646 1902 4721 πρὸς

2020 4657 2127 4718 ter,
2162 4658 2261 4706 aut
2290 4650 2491 4720 frater,
2526 4656 2628 4705 aut
2669 4651 3013 4717 avunculus,
3068 4659 3169 4707 aut
3198 4658 3483 4722 patruus;
3520 4668 3669 4705 non-

2020 4740 2162 4795 dum
2193 4745 2597 4812 cognoverunt
2621 4758 2725 4795 cur
2777 4756 2805 4795 e
2859 4746 3015 4796 terra
3063 4747 3263 4813 surgat
3291 4758 3496 4797 eorum
3529 4741 3667 4795 vita.

2020 4829 2064 4884 Ο
2088 4829 2280 4883 scelus
2298 4828 2577 4899 aquatilis
2596 4830 3329 4900 serpentis,innocentium
3348 4846 3667 4901 puerorum

2020 4935 2262 4973 carnem
2296 4918 2735 4986 devorantis,ac
2767 4934 2887 4973 non
2922 4920 3115 4974 satiati
3146 4918 3157 4973 !
3191 4920 3336 4974 Cum
3370 4919 3529 4974 enim
3557 4935 3672 4972 ca)-

2020 5008 2125 5062 des
2149 5008 2467 5061 infantium
2491 5013 2730 5077 peracta
2746 5008 2956 5061 fuisset
2978 5008 3106 5062 sine
3128 5007 3667 5068 commiseratione,

2020 5104 2183 5153 metu
2215 5104 2389 5169 atque
2423 5097 2658 5152 insania
2708 5097 3013 5169 quaerebat
3042 5097 3232 5152 adhuc
3264 5098 3528 5170 genitum
3578 5114 3671 5151 re-

2019 5207 2173 5261 gem,
2206 5206 2273 5244 ac
2305 5188 2717 5243 indesinenter
2774 5189 3109 5260 suspirabat
3157 5206 3223 5244 ac
3255 5187 3667 5256 tremescebat,

2022 5279 2161 5333 dum
2195 5280 2391 5333 anima
2416 5278 2546 5347 ejus
2579 5278 2650 5333 ab
2690 5279 2820 5350 ipso
2852 5279 3049 5334 ablata
3079 5285 3252 5334 esset.

260 5372 621 5445 πλησθέντος.
678 5374 796 5430 Ἔτι
857 5372 959 5447 γὰρ
1011 5370 1097 5425 καὶ
1156 5376 1254 5437 τῆς
1315 5362 1694 5425 παιδοκτονίας
1752 5364 1998 5435 ἀνηλεῶς
2056 5364 2373 5441 γενομένης,
2434 5364 2614 5437 δειλίᾳ
2670 5367 2760 5421 καὶ
2820 5367 3048 5437 ἀπονοίᾳ
3104 5363 3179 5419 ἔτι
3243 5371 3420 5437 ζητῶν
3476 5367 3543 5436 ἦν
3573 5368 3664 5421 τὸν

259 5464 515 5540 τεχθέντα
576 5461 822 5540 βασιλέα’
882 5460 974 5515 καὶ
1031 5460 1132 5514 οὐκ
1180 5455 1449 5512 ἐπαύσατο
1505 5453 1701 5509 στένων
1760 5455 1847 5508 καὶ
1908 5454 2149 5531 τρέμων,
2202 5451 2307 5517 ἕως
2368 5455 2427 5510 οὗ
2483 5458 2518 5525 ἡ
2582 5458 2734 5531 ψυχὴ
2796 5454 2958 5510 αὐτοῦ
3018 5453 3277 5532 ἀφαιρέθη
3331 5454 3421 5511 ἀπ’
3482 5455 3667 5511 αὐτοῦ.

1857 5575 2078 5629 NOTAE.

335 5686 410 5759 (1)
442 5687 545 5743 Hic
577 5685 749 5742 docet
778 5688 983 5740 auctor
1014 5698 1075 5737 se
1097 5679 1311 5735 vixisse
1343 5676 1539 5734 medio
1574 5676 1791 5733 saeculo
1821 5676 2036 5753 Christi
2070 5681 2292 5731 octavo.
