4066 6218
191 251 347 314 15M

253 382 484 494 irrégl‘ex,
520 382 629 433 imo
660 382 993 447 quadruplex
1020 384 1236 433 Domini
1269 384 1333 433 de
1366 384 1588 433 mortuis
1616 387 1835 432 senten-

193 447 289 501 tia,
318 447 427 494 594.

254 509 362 572 [pic
391 509 532 572 idem
564 509 728 572 quod,
751 509 1037 572 imulioties,
1077 509 1183 559 484.

253 569 480 631 Trisagii
515 569 698 633 hy‘mni
731 571 1016 621 declaratio
1047 587 1078 621 a
1110 572 1295 621 Proclo
1342 571 1840 633 Constantinopoli-

188 636 338 685 tano,
371 632 515 696 data,
548 632 639 681 479
669 639 721 682 et
741 637 848 692 483,
874 650 999 683 ann.
1026 633 1255 696 'l‘risagii
1279 634 1410 682 inter
1425 633 1623 695 polatio
1646 632 1839 696 refelli-

188 699 297 750 tur,
329 696 440 742 418.
467 694 693 757 l‘risagii
724 699 951 745 canendi
977 700 1114 746 ratio
1144 694 1640 757 Hierosolymorum
1670 694 1842 744 Eccle-

189 710 297 750 tur,
329 710 440 742 ua.
468 710 693 805 ‘i‘risaggsii
724 710 951 745 canendi
977 710 1114 746 ratio
1144 710 1640 757 uierosmymorum
1670 710 1840 744 accie-

189 758 284 805 sise
308 770 542 822 propria,
577 759 601 805 4
672 792 683 804 .
713 758 985 822 Trisagius
1013 760 1267 822 hymnus,
1291 759 1840 822 vetustissimus,_219,

188 832 322 867 anu.
355 819 509 883 Hunc
541 834 673 883 puer
700 821 769 883 ab
799 819 1005 883 angelis
1054 819 1275 871 edoctus
1304 822 1488 876 fertur,
1521 821 1653 868 ibid.
1691 820 1840 869 Unde

188 880 570 945 acceptusksit,
601 880 748 939 ibid.,
799 880 923 932 ann.
956 882 1421 945 Constantinopoli
1464 889 1710 931 cantatus
1741 884 1841 929 sub

188 945 396 997 Preclo,
417 942 525 992 480.
551 942 609 991 In
640 946 847 1007 synodo
868 942 1469 1001 Chalcedonensi,'ibid.
1497 946 1568 993 De
1596 959 1698 993 una
1729 957 1842 1007 per-

185 1018 325 1069 sona
350 1006 612 1069 eaniinon
632 1006 807 1063 debet,
839 1008 948 1055 485.
973 1009 1018 1055 Α
1050 1009 1205 1057 Petro
1230 1009 1481 1069 Cnapheo
1514 1006 1840 1056 adulteratus

185 1068 307 1133 fuit,
339 1067 450 1133 218.
482 1068 765 1133 Ephrmmii
812 1070 1135 1133 AAntiOcheni
1176 1072 1241 1119 de
1290 1067 1391 1119 ista
1427 1072 1840 1133 interpolatione

180 1131 469 1243 jigpicgg‘i‘n,
502 1130 655 1191 ibid.,
680 1145 805 1180 ann.
838 1130 964 1181 Sine
984 1136 1222 1195 Cnapnei
1244 1134 1544 1197 adjectione
1570 1130 1840 1182 tenendus

190 1207 219 1241 e
281 1227 293 1243 .
431 1228 441 1239 .

190 1206 293 1243 εει.
334 1206 441 1241 390.

250 1253 502 1319 Tristitia;
532 1260 763 1319 quatuor
792 1258 1017 1319 species,
1050 1257 1155 1307 182.

253 1316 563 1386 Ipoirdptov,
583 1316 736 1386 quid,
756 1316 874 1386 486,
911 1334 1040 1369 ann.

250 1380 496 1452 $391100:
515 1380 794 1452 sedsa-

252 1441 371 1499 Ubi,
402 1441 549 1505 quid,
579 1442 660 1490 58.
693 1442 821 1507 Ejus
851 1459 1076 1507 species,
1114 1444 1250 1495 ibid.

986 1537 1039 1597 U

256 1618 375 1669 Una
407 1620 636 1686 hominis
658 1627 868 1686 natura,
892 1624 1017 1686 quia
1044 1637 1153 1672 una
1179 1623 1456 1672 hominum
1484 1620 1709 1682 species,
1731 1621 1842 1669 525.

192 1682 322 1749 Duae
353 1683 680 1749 inpquolibet
708 1682 924 1735 homine
957 1691 1162 1735 natura
1193 1688 1235 1733 si
1257 1686 1485 1749 physice
1516 1689 1843 1749 spectentur,

189 1745 340 1801 ibid.,
374 1747 452 1795 44.
489 1748 697 1794 Patrum
746 1762 804 1795 ea
836 1748 900 1796 de
932 1763 986 1797 re
1035 1745 1520 1807 sententiisfibidq
1544 1745 1699 1795 'ann.
1730 1745 1845 1803 Quo

191 1822 372 1864 sensu,
400 1822 501 1857 una
530 1808 623 1856 Dei
659 1808 807 1857 Verbi
837 1813 1030 1858 natura
1056 1810 1348 1865 incantata,
1376 1813 1486 1870 408,
1518 1809 1626 1858 523.
1661 1811 1733 1871 Cy
1748 1808 1847 1857 rilli

192 1884 387 1919 sensus
417 1871 607 1932 suique
641 1872 768 1943 dicti
818 1874 1206 1945 interpretatio.
1260 1872 1387 1943 ibid.
1439 1874 1644 1945 Dictum
1685 1872 1787 1919 hoc
1817 1885 1849 1919 a

189 1932 534 1982 Theodoreto
558 1934 871 1986 admissum.
895 1934 1048 1986 ibid.
1072 1950 1197 1985 ann.
1222 1935 1339 1985 Una
1361 1949 1414 1984 in
1444 1937 1700 1985 Trinitate
1723 1947 1846 1983 sen-

192 1994 385 2049 tentia,
419 1994 529 2044 189.

257 2057 408 2127 Unde
428 2057 624 2127 divinas
648 2061 854 2127 naturai
878 2060 1074 2127 unitas,
1098 2073 1217 2127 cum
1251 2058 1706 2127 tribuspersonis,
1733 2058 1845 2127 139.

204 2118 562 2229 i7ginicuique
582 2120 801 2169 animali
819 2127 912 2171 aut
930 2123 1122 2185 plantas
1142 2125 1216 2172 vis
1238 2124 1385 2173 utilis
1424 2118 1628 2173 homini
1656 2121 1846 2178 indita,

197 2242 537 2352 13giniigne'piti
566 2256 762 2294 nomen
794 2246 1066 2308 quomodo
1110 2252 1416 2297 enarratum
1451 2248 1517 2296 ab
1564 2247 1846 2306 Eunomia,

292 2339 304 2359 ο
352 2319 479 2353 ann.

257 2364 397 2414 Unio
428 2365 728 2415 affectionis
756 2372 808 2415 et
852 2368 1185 2416 habitudinis
1231 2369 1481 2425 Nestorii,
1514 2370 1590 2419 69.
1626 2370 1765 2419 Unio
1796 2373 1849 2418 et

192 2426 501 2493 incarnatio
525 2428 795 2493 quomodo
843 2428 1115 2493 differunt,
1145 2430 1256 2479 220.
1319 2430 1458 2480 Unio
1512 2431 1849 2493 hypostatica

192 2488 618 2561 confusioniset
648 2492 1007 2561 corruptionis
1037 2506 1245 2561 expers:
1289 2494 1389 2561 69._
1417 2488 1671 2561 Quid'sit.
1708 2492 1846 2561 ibid.

200 2550 340 2616 Unio
368 2556 682 2616 naturarum
705 2550 919 2616 Christo
942 2550 1130 2616 qualis,
1153 2555 1262 2603 476.
1289 2550 1767 2605 Unio’naturarum
1792 2555 1847 2604 in

199 2614 408 2663 Christo
430 2614 726 2663 secundum
755 2614 1091 2675 relationem,
1122 2617 1367 2666 affectum
1399 2624 1451 2667 et
1479 2617 1847 2667 habitudinem

197 2678 435 2739 explosa,
468 2680 577 2726 558.
610 2675 749 2726 Unio
781 2679 1079 2736 personalis
1108 2678 1567 2738 Nestorianorum,
1598 2680 1677 2728 69.
1713 2680 1851 2729 Unio

195 2740 495 2788 secundum
535 2741 869 2801 hypostasim
915 2746 1159 2790 naturam
1209 2744 1515 2791 coeuntium
1564 2743 1850 2790 discrimen

195 2753 495 2788 secundum
535 2753 869 2852 οὖροεῑαειω
915 2753 1159 2790 naturam
1209 2753 1515 2791 coeuntium
1564 2753 1850 2790 discrimen

194 2806 392 2860 servat,
425 2803 533 2866 315.
620 2801 799 2866 nionis
846 2806 993 2852 varia
1046 2818 1260 2866 genera,
1310 2806 1387 2859 68,
1433 2805 1541 2855 575.
1587 2804 1725 2853 Unio
1757 2817 1852 2866 per

196 2865 668 2931 compositionem,
701 2864 832 2931 ibid.
851 2864 1211 2931 Eademiguaa
1242 2868 1589 2931 hypostatica,
1620 2865 1756 2931 ibid.

200 2988 217 3037 1
259 2926 672 3037 Unitabséiinarii
692 2928 1037 2992 principium,
1059 2926 1168 2979 433.
1193 2926 1515 2979 Universalis
1542 2934 1595 2979 et
1616 2928 1854 2991 particu-

223 3003 346 3037 aris.
380 3004 395 3037 ι
436 3006 453 3037 ι
500 3025 512 3036 .

223 3003 346 3045 aris,
380 3003 512 3037 ιοια.

259 3050 519 3114 Univoca,
553 3052 700 3114 quid,
732 3053 811 3101 39.

260 3113 454 3178 Unum»
474 3113 711 3176 cujusvis
732 3118 806 3178 rei
829 3116 1168 3178 principium,
1191 3119 1305 3171 436,
1335 3120 1443 3167 467.
1471 3116 1648 3166 Unum
1681 3115 1856 3178 tribus

198 3178 374 3226 modis
406 3176 619 3235 dicitur,
651 3180 725 3226 42.
761 3176 913 3226 Unus
942 3176 1083 3227 Deus
1116 3194 1236 3228 eum
1262 3180 1545 3229 virtutibus
1576 3178 1690 3228 suis
1719 3177 1854 3227 Filio

199 3245 254 3289 et
282 3239 503 3303 Spiritu,
537 3253 643 3287 non
677 3240 1029 3303 compositus,
1063 3242 1172 3291 541.

277 3301 546 3366 Υπόστᾳσις
581 3303 722 3350 aliud
756 3301 839 3351 est
869 3317 1029 3366 quam
1062 3303 1409 3363 ἐνυπόστατον,
1432 3304 1540 3366 217,
1578 3318 1702 3352 ann.
1736 3302 1856 3351 Una

200 3363 421 3475 ChIiJ’isto
456 3363 738 3475 aggavaotg,
767 3363 1235 3424 duo'é‘aunba‘rara,
1270 3366 1402 3417 ibid.

318 3440 429 3475 sua.
565 3463 577 3475 .

318 3440 429 3484 sua,
471 3430 577 3475 188.

266 3490 330 3538 Ut
362 3488 547 3546 simus,
581 3490 675 3538 Dei
709 3494 918 3540 tantum
950 3495 1063 3541 est:
1097 3496 1156 3540 ut
1184 3491 1310 3540 boni
1362 3492 1544 3547 simus,
1577 3494 1631 3539 et
1661 3490 1774 3543 Dei,
1805 3493 1858 3537 et

196 3553 388 3609 nostri,
425 3556 530 3613 458,
563 3553 671 3601 459.
726 3552 794 3603 Ut
824 3568 964 3603 unus
999 3555 1137 3603 Deus
1174 3559 1282 3603 tres
1311 3568 1573 3617 personui,
1604 3555 1713 3612 532,
1744 3552 1855 3600 541.

1000 3646 1059 3710 V

262 3740 529 3805 Valentini
559 3745 712 3805 aetas,
738 3740 818 3805 83,
852 3755 978 3790 ann.
1011 3741 1215 3801 Romae,
1253 3756 1360 3792 non
1392 3743 1445 3792 in
1477 3744 1675 3805 Cypro,
1696 3742 1859 3805 beare-

200 3804 299 3852 sim
332 3804 608 3876 praedicat,
632 3802 770 3853 ibid.
792 3805 1028 3867 Triginta
1053 3806 1182 3854 deos
1206 3820 1311 3854 non
1338 3802 1533 3867 posuit,
1555 3802 1695 3877 ibid.
1718 3802 1855 3851 Ver-

198 3867 328 3915 bum
360 3864 614 3929 Divinum
648 3879 849 3915 meram
883 3881 997 3915 esse
1027 3868 1380 3929 prolationem
1414 3882 1518 3916 non
1552 3869 1858 3915 subsisten-

200 3934 308 3993 tem
332 3928 487 3993 dixit,
506 3926 756 3993 ibid.'l‘ria
775 3943 890 3978 esse
912 3926 1186 3993 hominum
1206 3945 1422 3993 genera,
1439 3929 1564 3978 ibid.
1579 3929 1856 3992 Duplicem

199 3992 403 4054 Jesum,
435 3991 513 4039 48.
554 3990 880 4054 Baptismata
910 3992 1040 4050 duo,
1076 3991 1204 4042 ibid.

265 4052 649 4107 Valentiniani,
682 4056 760 4103 83.
797 4055 993 4103 Horum
1021 4069 1247 4111 errores,
1279 4054 1425 4110 ibid.,
1461 4058 1516 4104 et
1545 4068 1671 4103 ann.

264 4117 584 4165 Valentinus
612 4115 900 4177 Scriptura:
935 4117 1100 4166 libros
1130 4117 1360 4177 vitiavit,
1398 4120 1473 4174 86,
1513 4131 1641 4167 ann.

269 4178 587 4227 Valentinus
622 4179 1026 4241 Apollinarista,
1057 4180 1138 4236 85,
1170 4194 1299 4229 ann.

267 4242 585 4290 Valerianus
616 4240 908 4290 lcOniensis
941 4244 1289 4291 Massalianos
1312 4242 1703 4299 insectatur,94,
1729 4254 1857 4290 ann.

266 4304 460 4353 Valesii
500 4304 755 4359 haeretici,
792 4305 869 4353 89.
904 4304 1143 4354 Gnostici
1178 4320 1283 4354 non
1316 4310 1487 4359 erant,
1538 4305 1693 4361 ibid.,
1730 4318 1857 4353 ann.

266 4367 439 4415 Varias
471 4364 714 4414 vocabuli
746 4366 974 4428 Spiritus
1006 4368 1440 4428 signiﬁcationes,
1471 4367 1585 4418 665.

268 4428 551 4477 Variarum
588 4442 778 4476 vocum
816 4429 1122 4489 explicatio,
1158 4430 1268 4478 399.

267 4490 413 4540 Varii
450 4490 726 4539 hominum
756 4489 967 4554 diabolo
988 4490 1203 4539 fallente
1227 4492 1429 4554 lapsus,
1452 4492 1559 4539 344.
1583 4489 1859 4553 Ubi,quid,

210 4558 291 4604 58.
330 4554 456 4615 Ejus
486 4554 708 4615 species,
739 4552 865 4600 ibid.

234 4612 681 4726 beedtusfquid,
716 4616 791 4664 19.
819 4615 1117 4664 Ventorum
1150 4628 1422 4672 numerus,
1456 4612 1581 4661 ibid.
1612 4612 1860 4671 Nomina,

272 4694 292 4726 ι
338 4714 349 4725 .

204 4693 349 4728 tata.

272 4741 458 4790 Venus
488 4741 685 4790 Urania
714 4740 950 4790 Arabum
984 4738 1281 4803 priscorum
1316 4752 1538 4799 numen,
1577 4738 1684 4786 111.

279 4805 407 4851 Ver.
435 4804 582 4851 auid.
616 4806 693 4851 73.

326 4818 407 4859 er,
435 4805 582 4859 quid,
616 4806 693 4853 73.

287 4817 407 4863 ver,
435 4817 582 4867 quia,
616 4817 693 4853 73.

280 4866 418 4914 Vera
448 4867 619 4928 gloria
651 4873 702 4915 et
731 4864 1053 4929 exoptanda,
1086 4880 1231 4929 quia,
1256 4865 1366 4929 463.

277 4924 1013 4995 Verbifacceptionesvarias,
1049 4924 1154 4995 15'1.
1189 4927 1349 4995 Verbi
1376 4924 1498 4975 facti
1531 4924 1771 4995 hominis
1788 4926 1864 4995 fa-

211 4989 410 5040 eienda
440 4988 631 5053 imago,
663 4991 775 5047 310,
807 4991 917 5040 313.
954 4992 1143 5039 Omnia
1172 5005 1293 5053 quin
1329 4992 1381 5038 in
1426 5002 1581 5037 carne
1617 4988 1863 5053 gessitﬂin

211 5052 426 5117 tabellis
458 5049 747 5117 pinéenda,
768 5053 879 5102 311.
909 5053 1061 5102 Verbi
1086 5049 1313 5117 persona
1336 5054 1614 5117 incarnata
1634 5055 1731 5101 est,
1754 5049 1863 5097 256.

212 5114 284 5165 Ut
314 5114 587 5178 assumpta
610 5132 639 5164 a
664 5117 834 5166 Verbo
859 5121 1073 5175 natura,
1090 5114 1202 5165 220.
1237 5116 1396 5164 Verbi
1423 5127 1649 5178 persona
1673 5118 1795 5160 ante
1816 5116 1869 5161 et

214 5180 804 5251 postincarnationem,
838 5179 947 5228 214.
983 5180 1105 5251 Haec
1126 5193 1255 5251 eum
1285 5179 1507 5239 simplex
1541 5179 1696 5251 esset,
1722 5187 1865 5251 com-

214 5238 391 5314 posita
420 5247 515 5301 est,
549 5241 700 5298 ibid,
750 5246 803 5290 et
854 5255 1001 5295 ann.,
1046 5242 1155 5290 526.
1188 5242 1315 5303 Ejus
1343 5238 1865 5345 generatio-duplex,

216 5304 347 5366 ibid.
371 5304 639 5353 Cousueto
662 5310 848 5366 partus
871 5309 1106 5366 tempore
1138 5311 1259 5352 nata
1290 5309 1372 5352 est
1391 5316 1567 5358 carne,
1591 5299 1698 5348 2i3.
1780 5312 1869 5348 er-

213 5365 342 5414 bum
375 5365 703 5415 assumendo
754 5365 991 5414 carnem’
1017 5380 1231 5427 passum
1291 5378 1399 5413 non
1432 5369 1537 5427 est,
1584 5366 1868 5427 mutatum,

214 5428 325 5479 660.
352 5429 582 5477 Verbum
609 5428 701 5477 Dei
723 5430 976 5477 exsistere
1007 5425 1330 5481 ostenditur,
1359 5428 1465 5475 129.
1497 5426 1659 5473 Verbi
1695 5425 1782 5472 Dei
1804 5425 1870 5473 ab

214 5490 459 5539 humano
494 5490 781 5539 discrimen
814 5496 867 5537 et
896 5490 1157 5544 analogia,
1191 5489 1323 5538 ibid.
1358 5488 1597 5536 Verbum
1630 5491 1682 5534 et
1712 5486 1870 5535 homo

216 5567 325 5603 non
360 5554 642 5601 suntalius
663 5560 715 5601 et
736 5550 889 5604 alius.
914 5552 1021 5599 415.
1050 5550 1283 5600 Verbum
1309 5557 1359 5599 et
1388 5552 1617 5612 Spiritus
1649 5550 1875 5597 virtutes

216 5616 395 5665 Patris
420 5616 795 5665 subsistentes,
829 5613 937 5669 432,
967 5615 1087 5675 477.
1107 5613 1341 5663 Verbum
1374 5612 1507 5661 nihil
1538 5626 1721 5660 eorum
1752 5625 1872 5675 qum

214 5684 417 5728 nostra:
454 5683 658 5723 natura:
701 5674 858 5722 initio
894 5674 1136 5731 inseruit,
1172 5690 1278 5724 non
1313 5678 1643 5735 assumptum
1675 5674 1873 5730 omisit,

213 5740 331 5789 212.
356 5737 595 5799 Verbum
622 5751 727 5785 non
754 5741 835 5784 est
860 5736 1274 5799 instrumentum
1299 5737 1487 5799 Patris,
1514 5738 1640 5793 136.,
1663 5740 1717 5785 et
1745 5749 1873 5785 ann.

216 5802 351 5869 Ejus
380 5797 556 5850 virtus
584 5799 896 5860 subsistens,
931 5798 1066 5849 ibid.

1605 246 1681 311 ΙΝ
1728 245 2015 310 TOMUM
2063 240 2193 306 l-II.

3447 258 3605 318 1542

2009 376 2322 444 Verborum
2342 380 2555 429 Domini
2589 382 2668 430 vis
2697 382 2751 431 in
2771 381 3119 444 Eucharistia,
3143 388 3251 437 268.
3274 389 3496 440 Accedit
3526 392 3603 440 in-

1946 442 2176 510 vocatio,
2210 441 2361 510 ibid.)
2380 447 2432 510 et
2462 456 2587 510 ann.
2621 445 2855 510 Utroque
2888 460 2949 494 ac
2971 441 3267 507 praesertim
3298 454 3476 502 verbis
3501 455 3604 504 Do-

1950 503 2082 573 mini
2115 503 2504 573 Euncharistiam
2537 506 2647 554 ﬁeri
2683 503 2905 573 censent
2937 503 3248 573 Orientales,
3285 515 3411 562 ibid.

2012 564 2140 634 Veri
2173 566 2264 615 Dei
2296 568 2471 634 cultus
2492 583 2670 634 usque
2691 571 2766 634 ad
2802 570 3091 634 Abraham,
3120 574 3199 622 77.

2013 626 2222 676 Veritas
2249 631 2425 678 media
2456 630 2540 677 via
2574 626 2829 687 Qraditur,
2865 632 2975 681 345.

2014 690 2273 768 Verorum
2304 693 2679 754 episcoporum
2712 700 2762 742 et
2792 696 3220 768 presbyterorum
3252 701 3455 761 munia,
3488 702 3597 752 622.

1948 750 2209 801 Malorum
2242 750 2619 816 episcopo-rum
2652 750 2843 811 more's,
2878 750 3007 805 ibid.

2015 816 2205 885 Vinum
2237 822 2291 864 et
2315 830 2455 885 aqua
2476 818 2529 864 in
2560 818 2895 885 Eueharistia
2917 824 3300 885 consecranda,
3325 824 3436 885 269,
3470 839 3597 875 ann.

1956 877 2267 943 Contrarius
2292 877 2627 943 iAmenoruui
2663 882 2813 941 ritus,
2838 896 3027 943 aquam
3053 877 3435 943 auferentium,
3460 888 3597 936 ibid.

1952 938 2107 988 Hunc
2133 938 2301 989 δι’ωεὶ
2335 956 2441 990 non
2475 944 2773 1001 imitantur,
2803 938 2929 991 ibid.

2015 1002 2226 1067 Virgine
2258 1003 2537 1067 indignum
2575 1010 2655 1053 est
2683 1006 2875 1067 opibus
2909 1006 3143 1061 studere,
3178 1008 3289 1057 642.

2014 1065 2343 1131 Virginitatis
2364 1065 2624 1123 defensio,
2645 1065 2753 1115 295.
2773 1068 3055 1131 Virginitas
3078 1072 3279 1120 homini
3297 1086 3477 1122 cornva
3501 1079 3598 1131 est,

2112 1125 2428 1195 Angelicum
2462 1135 2581 1195 Vitas
2609 1144 2800 1195 genus,
2828 1130 2939 1179 207.

2013 1187 2178 1259 Virgo
2205 1190 2474 1259 Christum
2496 1187 2662 1259 edidit
2684 1194 2841 1259 modo
2863 1199 3067 1259 naturas
3088 1199 3345 1259 consueto
3366 1200 3417 1244 et
3438 1211 3601 1259 supra

1951 1256 2216 1307 naturam,
2237 1252 2347 1319 276.
2378 1253 2735 1319 Sine_dolore,
2760 1254 2894 1305 ibid.
2918 1255 3082 1319 Virgo
3109 1261 3296 1306 sancta
3326 1252 3600 1308 hominem

1953 1327 2072 1378 non
2095 1316 2679 1378 concepithedDeum
2712 1317 2909 1366 factum
2938 1316 3231 1378 hominem,
3261 1322 3367 1369 570.
3406 1322 3598 1377 Quare,

1952 1374 2089 1424 ibid.
2121 1374 2340 1445 Proprie
2366 1377 2460 1426 Dei
2480 1377 2743 1445 Genitrix,
2765 1380 2871 1429 418.
2895 1381 3126 1444 Deipara
3149 1374 3328 1445 potius
3349 1374 3594 1441 dicenda,

1954 1451 2112 1502 quam
2146 1439 2496 1502 Christipara,
2530 1441 2638 1497 571,
2672 1439 2799 1489 ann.

2017 1500 2199 1549 Virtus
2228 1500 2477 1567 Altissimi
2508 1505 2749 1552 Patrihus
2778 1508 2860 1553 est
2904 1503 3071 1552 Filius
3100 1503 3232 1567 ipse,
3265 1506 3355 1553 204
3390 1511 3440 1555 et
3469 1521 3597 1556 ann.

1952 1563 2137 1631 Virtus
2157 1576 2263 1631 qua
2288 1565 2505 1631 verbum
2538 1568 2850 1631 producitur
2879 1568 2966 1615 via
2994 1563 3218 1629 ipsa-est
3247 1568 3311 1631 ad
3344 1568 3599 1631 Spiritum

1954 1625 2382 1735 producendum,
2412 1625 2552 1699 665K
2574 1630 2751 1677 Virtus
2783 1625 3039 1700 creatura}
3066 1625 3599 1705 .rationalis'utDeo

1979 1689 2122 1735 lbere
2153 1690 2396 1735 subiecta
2424 1695 2507 1735 sit.
2531 1693 2636 1735 441.
2662 1691 2815 1735 ()nod
2847 1706 2896 1735 v1
2929 1692 3002 1735 lit.
3026 1696 3197 1735 Virtus
3219 1706 3325 1735 non
3350 1699 3443 1735 est-
3467 1693 3598 1735 Ibid.

1979 1689 2122 1756 ibere
2153 1690 2507 1756 subjectapsit,
2531 1693 2636 1756 441.
2662 1691 2815 1756 Quod
2847 1693 2896 1737 vi
2929 1692 3002 1746 lit,
3026 1690 3197 1740 virtus
3218 1706 3325 1756 non
3350 1699 3443 1751 est,
3467 1693 3598 1742 ibid.

1954 1750 2138 1798 Virtus
2167 1750 2341 1800 crucis
2364 1753 2579 1811 Christi,
2603 1756 2711 1803 255.
2738 1753 2915 1802 Virtus
2937 1758 3141 1802 natura
3162 1754 3348 1814 indita,
3369 1750 3460 1803 seu
3482 1770 3603 1804 con-

1956 1820 2227 1879 sentanea,
2262 1814 2351 1879 199
2380 1820 2433 1879 et
2454 1828 2578 1879 ann.
2614 1815 2834 1865 Virtutis
2856 1830 3053 1879 nomen
3086 1830 3193 1864 non
3226 1817 3601 1879 obtinet,quod

1956 1875 2262 1940 libereLnon
2295 1877 2368 1933 ﬁt,
2413 1877 2522 1926 588.
2573 1878 2806 1927 Virtutes
2840 1877 3066 1940 duplicis
3098 1892 3326 1940 generis,
3363 1894 3423 1927 ac
3455 1875 3600 1936 vitia,

1954 1938 2068 2002 509.
2096 1936 2337 2002 Virtutes
2367 1941 2621 2002 corporis,
2644 1940 2773 1989 ibid.
2800 1936 3032 1991 Virtutes
3061 1936 3243 1998 animi,
3268 1940 3403 1989 ibid.
3439 1942 3603 1991 Virtu-

1957 2002 2038 2049 tes
2059 2000 2262 2065 homini
2286 2000 2554 2051 naturales
2584 2016 2676 2051 seu
2710 2008 2917 2052 natura
2947 2003 3064 2065 ejus
3092 2008 3489 2059 consentaneas,
3510 2003 3604 2053 229

1958 2068 2010 2111 et
2036 2076 2163 2110 ann.
2194 2062 2432 2113 Virtutes
2456 2065 2600 2113 vitiis
2633 2064 2938 2121 contrarias,
2964 2062 3074 2114 512.

2018 2124 2112 2174 Vis
2142 2124 2503 2190 impulsionis,
2549 2127 2657 2175 180.
2704 2129 2915 2190 Rationi
2946 2128 3147 2184 subest,
3178 2126 3333 2190 ibid.,
3372 2130 3478 2178 181.
3510 2127 3604 2177 Vis

1959 2188 2374 2298 ουῧὶῖἓέοιέῑὲὂιιθ
2405 2191 2482 2238 rei
2511 2203 2542 2238 a
2575 2190 2686 2239 Deo
2716 2189 2902 2249 indita,
2936 2192 3043 2239 173.

2071 2263 2200 2308 isus,
2236 2263 2341 2298 183.

2017 2309 2137 2359 Vita
2162 2311 2379 2372 duplex,
2412 2312 2684 2369 naturalis,
2709 2317 2760 2361 et
2780 2326 2941 2374 quam
2969 2313 3134 2362 libere
3164 2314 3429 2374 eligimus,
3450 2315 3497 2362 9.
3520 2314 3608 2363 Vi-

1956 2374 2248 2481 ἒῖὶιὲτίιὲὣ
2264 2378 2472 2421 natura:
2520 2375 2779 2435 operatio,
2811 2378 2919 2423 191.
2965 2374 3086 2423 Vita
3121 2376 3328 2438 primus
3356 2377 3607 2426 animalis

1956 2437 2123 2488 actus,
2156 2437 2265 2481 230.

2019 2494 2163 2543 Vitia
2193 2496 2375 2558 animi,
2396 2495 2508 2544 510.
2531 2495 2793 2546 Vitiorum
2816 2497 3038 2558 radices,
3061 2496 3193 2548 ibid.
3216 2498 3359 2549 Vitia
3383 2500 3609 2551 faculta-

1959 2559 2024 2606 tis
2060 2571 2229 2605 concu
2275 2557 2510 2612 iscentis,
2545 2559 2653 2606 502.
2684 2561 2888 2608 Horum
2920 2557 3175 2620 remedia,
3207 2562 3334 2608 ibid.

2021 2574 2294 2667 Vocabuia
2314 2618 2553 2667 divinitis
2572 2626 2625 2667 et
2652 2620 3022 2667 humanitatis.
3046 2626 3283 2667 naturas.
3308 2638 3334 2667 n

2021 2618 2295 2687 Vocabula
2309 2618 2625 2687 divinitis‘et
2652 2620 3022 2676 humanitatis,
3046 2618 3283 2679 naturas,
3308 2637 3417 2671 non
3444 2624 3609 2687 hypo-

1961 2685 2132 2729 stases
2162 2682 2481 2741 signiﬁcant,
2513 2681 2621 2729 400.

2022 2742 2194 2790 Voces
2212 2743 2498 2804 scripturae
2517 2744 2581 2790 de
2596 2743 2810 2790 Christo
2824 2742 3049 2802 singulis
3065 2744 3271 2790 naturis
3288 2744 3615 2794 distribuun-

1961 2806 2067 2861 tur,
2100 2804 2208 2852 425.
2242 2803 2400 2852 Voizis
2421 2804 2893 2852 consubstantialis
2921 2817 3086 2851 sanus
3108 2818 3298 2853 sensus
3329 2821 3357 2854 a
3379 2806 3615 2857 Nicaznis

1961 2866 2202 2915 Pati-ibus
2234 2866 2507 2929 probatus.
2538 2870 2616 2926 43,
2670 2879 2814 2929 ann.
2846 2864 3151 2926 Explicatus
3202 2868 3268 2915 ab
3295 2867 3611 2927 Athanasio,

1962 2927 2280 2990 Epiphanio,
2312 2928 2444 2978 ibid.
2474 2928 2737 2977 Profanus
2766 2927 2996 2991 Marcelli
3029 2929 3317 2991 Ancyram,
3348 2932 3484 2978 ibid.
3517 2932 3614 2981 Ba-

1963 2993 2064 3039 silii
2096 3000 2150 3039 et
2177 2992 2604 3046 Meletianorum,
2637 2995 2834 3050 rectus,
2868 2990 3003 3039 ibid.
3034 2990 3303 3053 Receptus
3333 3006 3364 3040 a
3392 2994 3615 3043 Chalce-

1964 3054 2190 3119 donensi
2222 3052 2470 3119 concilio,
2502 3053 2629 3102 ibid.
2661 3054 2813 3119 Vocis
2833 3062 3040 3119 naturis
3060 3054 3414 3119 intelligentia
3448 3070 3614 3119 prava

1964 3116 2275 3175 multiplicis
2305 3118 2426 3165 mali
2456 3119 2624 3175 origo.
2673 3115 2784 3165 397.
2833 3116 2963 3164 Hinc
2994 3116 3185 3164 Sabelli
3220 3132 3368 3166 error
3397 3115 3610 3175 et‘Arii,

1964 3179 2071 3228 398.
2091 3178 2339 3235 Nestorii,
2361 3180 2574 3227 Diodori
2599 3178 2895 3233 Tarsensis,
2924 3178 3196 3227 Theodori
3230 3181 3613 3239 Mopsuestien-

1966 3242 2053 3296 sis,
2079 3242 2334 3306 Dioscori,
2366 3242 2564 3306 Severi,
2604 3241 2754 3306 ibid..
2787 3246 2839 3289 et
2868 3240 2975 3306 207.
3003 3240 3115 3289 Vox
3146 3242 3614 3306 adventitimquid,

1965 3309 2018 3353 et
2047 3305 2355 3365 quotuplex,
2382 3305 2455 3353 13.
2482 3304 2594 3352 Vox
2628 3304 2945 3366 universalis
2966 3305 3278 3366 quotuplex,
3315 3307 3390 3353 14.
3409 3304 3615 3354 vocum

1967 3366 2354 3431 universaliumr
2371 3367 2548 3431 brevis
2570 3366 2850 3431 expositio,
2873 3365 3000 3413 ibid.
3024 3365 3148 3431 Vox
3164 3365 3299 3431 ἀρχή
3324 3370 3617 3430 ωᾳυίνοοιι,

1966 3428 2076 3493 430.
2108 3429 2215 3493 Vox
2251 3430 2545 3493 multiplex,
2582 3427 2663 3493 12.
2689 3428 2804 3493 Vox
2840 3429 3162 3493 essentialis,
3185 3427 3366 3493 etivox
3390 3427 3617 3493 adjecti-

1969 3489 2227 3553 tia.iibid.
2259 3491 2370 3539 Vox
2402 3488 2787 3545 substantialis,
2820 3491 2946 3552 quid
2981 3495 3033 3539 et
3052 3491 3366 3553 quotuplex,
3398 3488 3472 3540 13.

2030 3552 2429 3616 Voluntarium,
2460 3554 2606 3616 quid,
2640 3553 2748 3602 191.
2782 3554 3008 3615 Duplex,
3040 3552 3149 3600 192.

2031 3615 2295 3664 Voluntas
2324 3629 2384 3664 ac
2415 3615 2547 3664 velle
2577 3622 2822 3677 naturam
2854 3620 3175 3677 sequuntur,
3221 3628 3329 3663 non
3364 3616 3619 3677 byposta-

1968 3676 2087 3733 sim,
2109 3678 2221 3727 545.
2251 3679 2509 3727 Voluntas
2531 3692 2561 3725 a
2591 3684 2781 3726 natura
2810 3676 2949 3726 inest
2969 3676 3194 3738 homini,
3216 3677 3324 3725 226.
3352 3676 3618 3728 VOIuntas

1968 3740 2216 3789 animalis
2250 3746 2300 3788 et
2331 3738 2628 3801 rationalis,
2657 3741 2766 3789 541.
2800 3740 3065 3801 Naturalis
3097 3745 3147 3788 et
3180 3739 3494 3796 libera,228.
3518 3742 3617 3791 Vo’-

1968 3803 2165 3861 luntas,
2198 3800 2468 3865 appetitus
2497 3807 2578 3865 est
2598 3800 2946 3865 rationabilis,
2980 3802 3087 3850 187.
3111 3802 3352 3851 Deﬁnitio
3376 3804 3619 3853 volunta-

1968 3866 2054 3924 tis,
2087 3865 2235 3921 ibid.,
2269 3869 2321 3913 et
2352 3877 2481 3913 ann.
2529 3864 2790 3913 Voluntas
2838 3864 2929 3913 Dei
2963 3865 3288 3913 antecedens
3333 3869 3385 3914 et
3430 3880 3621 3915 conse-

1967 3941 2157 3990 quens,
2191 3927 2279 3977 198
2309 3932 2362 3976 et
2392 3940 2539 3983 ann.,
2571 3926 2678 3977 462.
2715 3927 2971 3976 Voluntas
3006 3932 3060 3975 et
3092 3929 3230 3975 actio
3265 3933 3471 3976 natura:
3502 3933 3619 3980 est:

1969 3991 2086 4039 talis
2117 3990 2365 4038 voluntas
2395 3994 2447 4039 et
2476 3990 2631 4053 actio,
2662 4004 2929 4053 personae,
2960 3989 3067 4036 225.
3092 3990 3349 4053 Voluntas
3379 3992 3620 4051 γνωμικὴ,

1970 4052 2247 4116 arbitraria
2268 4057 2349 4116 est
2369 4066 2454 4116 res
2475 4052 2591 4116 ipsa
2611 4051 2771 4115 quam
2796 4054 2915 4116 quis
2935 4053 3068 4116 vult,
3084 4051 3252 4116 22§_et
3270 4065 3395 4098 ann.
3422 4053 3619 4116 Volun-

1972 4120 2051 4164 tas
2072 4114 2307 4163 humana
2324 4110 2521 4163 Christi
2545 4110 2739 4163 divinas
2762 4110 2994 4165 subdita,
3017 4112 3127 4158 241.
3152 4110 3416 4159 Voluntas
3438 4113 3621 4160 huma-

1969 4190 2039 4226 na
2057 4178 2248 4225 Christi
2274 4181 2329 4224 ut
2351 4176 2617 4233 deiﬁcata,
2638 4176 2747 4223 239.
2772 4176 3027 4221 Voluntas
3050 4173 3102 4219 in
3128 4173 3298 4220 brutis
3320 4174 3484 4227 nulla,
3506 4173 3613 4222 188.

1971 4240 2227 4288 Voluntas
2257 4242 2309 4285 in
2342 4238 2550 4285 Christo
2582 4238 2793 4296 duplex,
2829 4236 2921 4283 sed
2979 4235 3257 4283 arbitraria
3288 4249 3410 4289 una,
3441 4235 3533 4284 226
3564 4243 3618 4285 et

1969 4314 2097 4348 ann.
2129 4300 2392 4347 Voluntas
2421 4300 2680 4346 naturalis
2710 4302 3000 4357 assumpta,
3028 4310 3136 4343 non
3170 4296 3482 4358 personalis,
3505 4297 3616 4345 551.

1971 4362 2237 4410 Voluntas
2261 4362 2539 4413 naturalis,
2568 4358 2720 4421 quid,
2743 4359 2851 4408 520.
2878 4358 3173 4407 Rationalis
3196 4361 3337 4418 item,
3364 4358 3489 4407 ibid.
3513 4360 3619 4408 Vo-

1971 4425 2149 4473 luntas
2174 4421 2375 4484 primus
2398 4422 2562 4470 animi
2585 4428 2779 4482 motus,
2803 4421 2913 4471 536.
2932 4422 3169 4484 Quorum
3198 4434 3305 4484 una
3323 4421 3628 4471 substantia

1972 4491 2067 4546 est,
2094 4482 2281 4533 eorum
2304 4484 2553 4533 voluntas
2582 4499 2685 4533 una
2704 4490 2755 4532 et
2785 4484 2922 4532 actio
2948 4488 3043 4534 est.
3067 4482 3178 4533 225.
3198 4483 3501 4546 Voluntatis
3530 4498 3629 4533 na-

1972 4550 2162 4597 turalis
2196 4547 2539 4595 deﬁnitiones
2568 4561 2626 4595 ex
2657 4547 2879 4603 Irenaeo,
2929 4548 3220 4597 Clemente.
3250 4551 3302 4594 et
3345 4545 3484 4603 aliis,
3515 4546 3625 4594 543.

1975 4613 2070 4660 Hic
2096 4611 2339 4659 Clemens
2370 4610 2643 4658 Romanus
2693 4624 2797 4657 non
2840 4613 2935 4667 est,
2972 4608 3121 4668 ibid.,
3158 4622 3285 4656 ann.
3324 4609 3632 4657 Voluntatis

1973 4687 2168 4723 nomen
2193 4673 2549 4727 mquivocum,
2576 4673 2685 4721 539.
2710 4671 3029 4720 Voluntates
3046 4685 3141 4718 cur
3161 4671 3387 4719 diversas
3412 4672 3462 4719 in
3483 4672 3625 4719 Chri-

1973 4742 2074 4847 £1502,
2108 4735 2214 4784 189.
2249 4733 2566 4784 Voluntates
2594 4736 2687 4784 Dei
2712 4734 2766 4783 in
2798 4735 3011 4790 sanctis,
3046 4733 3163 4796 ejus
3196 4738 3463 4796 praecepta
3484 4738 3627 4789 sunt,

2039 4860 2393 4922 Voluptatum
2417 4860 2719 4922 discrimen,
2740 4860 2845 4910 181.
2866 4857 3022 4907 Nulla
3040 4858 3202 4922 solius
3219 4858 3481 4921 corporis,
3500 4855 3628 4905 ibid.

1976 4924 2104 4972 Aliae
2135 4920 2294 4985 verm,
2318 4923 2434 4971 alia:
2455 4922 2619 4983 falsas,
2636 4920 2760 4970 ibid.
2782 4922 2997 4985 Triplex
3018 4920 3549 4985 voluptatumgenus
3566 4932 3630 4968 ex

1976 4986 2191 5048 Epicuri
2223 4982 2989 5048 distributioneCiceroninon
3022 4984 3294 5046 probatur,
3327 4982 3477 5038 ibid.,
3502 4995 3628 5031 ann.

1977 5046 2103 5106 Quae
2136 5048 2378 5096 honestas
2410 5051 2711 5102 censeatur,
2745 5046 2852 5095 182.

2752 5120 2851 5184 W

1978 5207 2482 5269 Wirtenbergenses
2565 5206 2789 5270 theologi
2868 5202 3531 5255 transsubstantiationem
3603 5219 3635 5255 a

1981 5270 2180 5321 Graecis
2214 5270 2359 5318 credi
2391 5275 2709 5332 agnoscunt,
2744 5272 2853 5328 270,
2887 5282 3014 5317 ann.

2779 5353 2836 5416 X

2045 5437 2397 5501 Xerophagiaa
2426 5453 2518 5499 per
2549 5443 2716 5501 totam
2748 5438 3217 5498 Quadragesimam
3252 5437 3635 5501 Byzantinisiet

1982 5500 2263 5551 Asiaticis:
2299 5515 2406 5549 una
2430 5500 2699 5550 Passionis
2746 5501 3085 5550 hebdomade
3123 5500 3490 5560 Antiochenis,
3523 5500 3629 5550 499.

2739 5586 2761 5613 η

2739 5586 2761 5613 Γ

2046 5670 2273 5727 Zaclirei,
2306 5670 2562 5725 Gnostici,
2598 5674 2675 5720 82.
2734 5586 2783 5649 Δ

2045 5734 2310 5783 Zodiacus
2340 5734 2503 5789 orbis,
2545 5733 2652 5783 168.

2045 5796 2404 5862 ZOOphytum,
2441 5809 2583 5861 quin,
2615 5796 2693 5856 48,
2727 5810 2857 5848 ann.
