3974 6306
191 382 304 444 ’673

1159 381 1670 442 ΑΝΊΊΚΕΙΜΕΝΩΝ
1710 388 1889 443 LIBRI
1929 389 2088 446 DUO.
2128 421 2199 432 —
2233 392 2365 448 LIB.
2403 393 2468 448 ll.

3357 404 3464 463 674

193 509 296 564 sati
329 521 514 561 sumus
557 505 613 559 in
636 503 843 559 Chn'sto
869 501 1049 576 (Rom.
1073 521 1149 570 vt,
1175 507 1268 573 5):
1295 521 1418 560 cum
1445 507 1632 574 utique
1667 520 1774 559 non
1800 515 1848 572 Α
1877 505 2085 560 habuit.
2134 505 2270 574 Quia
2297 516 2356 562 ut
2379 508 2484 563 iste
2506 509 2558 564 in
2583 516 2728 566 terra
2751 522 3156 582 persecutorum
3175 515 3464 581 inﬁdelita-

183 601 456 658 .habeatur
475 597 773 668 legitimum
799 597 1124 668 baptismum
1151 597 1255 652 nisi
1284 599 1386 654 sub
1410 597 1626 653 nomine
1653 597 1776 653 Tri-

191 690 418 747 uitatis?

829 796 1136 838 ιιιεεροκειο.

249 869 474 928 Intuere
513 870 860 940 prudentiam
905 870 1059 927 Pauli
1085 913 1102 939 ,
1159 873 1428 943 quomodo
1472 873 1688 944 quidem
1722 873 1778 929 in

189 967 442 1037 pnesenti
469 965 590 1020 loco
627 980 736 1020 non
763 972 872 1019 tam
913 965 1254 1034 baptismatis
1279 966 1565 1031 rationem,
1617 983 1778 1038 quam

188 1059 383 1115 mortis
409 1058 613 1113 Christi
637 1058 907 1113 discutere
929 1057 1208 1128 cupiebat:
1255 1059 1322 1113 ad
1349 1058 1502 1129 cujus
1528 1061 1777 1116 similitu-

187 1150 368 1205 dinem
410 1150 574 1205 etiam
622 1164 722 1204 nos
765 1143 1056 1214 suaderet,
1111 1148 1251 1204 mori
1301 1149 1496 1205 debere
1535 1159 1778 1218 peccato,

185 1240 510 1312 consepeliri
537 1239 776 1296 Christo.
832 1239 901 1294 Et
929 1256 1038 1295 non
1063 1247 1180 1296 erat
1226 1241 1412 1311 utique
1450 1241 1778 1296 conveniens

187 1342 242 1388 nt
268 1333 364 1388 ubi
386 1333 454 1388 de
486 1339 663 1387 morte
687 1331 920 1396 dicebat,
970 1330 1054 1386 vel
1079 1329 1291 1407 lfatrem
1320 1331 1646 1396 nominaret,
1693 1331 1778 1384 vel

187 1422 455 1492 Spiritum
505 1429 770 1476 sanctum.
837 1418 1064 1476 Verbum
1109 1421 1257 1476 enim
1298 1437 1422 1475 caro
1462 1420 1659 1490 factum
1701 1429 1776 1474 est

185 1513 373 1580 (Joan.
409 1529 451 1576 ι,
491 1511 605 1583 ii),
650 1511 922 1566 etmerito
947 1510 1039 1565 ubi
1072 1526 1202 1566 caro
1229 1520 1333 1576 est,
1378 1511 1450 1566 ibi
1491 1511 1560 1564 de
1607 1520 1780 1566 morte

188 1611 504 1670 tractatur;
549 1618 650 1659 nec
681 1603 1036 1658 conveniebat
1070 1611 1132 1659 ut
1171 1603 1406 1660 diceret:
1463 1604 1779 1674 Quicunque

180 1691 447 1761 baptizati
483 1707 674 1748 sumus
703 1693 758 1746 in
783 1693 1220 1762 nomine,Patris,
1246 1703 1301 1749 et
1327 1694 1560 1766 Spiritus
1581 1697 1776 1759 sancti,

186 1785 238 1836 iu
262 1791 445 1838 morte
481 1783 652 1852 ipsius
675 1783 938 1854 baptizati
964 1799 1174 1841 sumus.

326 1912 425 1968 ΕΧ
463 1912 856 1970 EVANGELIO
902 1911 1276 1973 SECUNDUM
1314 1915 1628 1974 MARCUM.

697 2021 1099 2063 INTERROGATIO
1124 2021 1264 2064 ινιι.

250 2092 393 2148 Cum
440 2093 598 2162 juxta
649 2096 1001 2168 Evangelium
1049 2099 1288 2154 Matthxi
1331 2099 1564 2164 dicatur,
1624 2099 1775 2155 Venit

179 2183 421 2240 Joannes
462 2203 568 2240 non
615 2188 964 2253 manducetis,
1009 2205 1173 2260 neque
1207 2191 1404 2256 bibens,
1464 2201 1512 2245 et
1563 2191 1773 2246 dicunt:

181 2272 520 2328 Dmonium
545 2275 718 2330 habet.
774 2274 922 2331 Venit
945 2277 1118 2334 Filius
1159 2280 1382 2334 hominis
1425 2283 1774 2347 mandnctms,

179 2372 228 2415 ct
271 2362 476 2426 bibens,
521 2375 572 2418 et
601 2365 816 2420 dicunt:
852 2366 992 2422 Ecce
1034 2370 1189 2424 homo
1218 2386 1398 2433 vorax,
1429 2382 1477 2426 et
1517 2373 1772 2436 vinarius,

179 2453 390 2507 anticus
399 2453 798 2524 publicanorum
811 2467 860 2511 et
873 2469 1203 2528 peccatorum
1217 2461 1408 2532 (Matth
1417 2502 1430 2516 .
1451 2477 1528 2525 xt,
1551 2463 1634 2526 18.
1656 2465 1774 2535 19):

177 2545 459 2612 quomodo
478 2559 511 2598 e
525 2554 714 2602 contra
734 2548 800 2602 de
815 2545 1024 2604 Joanne
1037 2549 1268 2605 dicitur:
1303 2551 1441 2607 Esca
1465 2563 1640 2608 autem
1661 2556 1778 2625 ejus

175 2645 290 2688 erat
322 2635 534 2691 locusta
557 2647 606 2692 ct
627 2637 728 2694 mel
751 2639 984 2694 silvestre
1009 2640 1204 2710 (Marc.
1243 2659 1282 2709 ι,
1307 2643 1397 2716 6)?

837 2743 1140 2786 BESPONSIO.

246 2811 486 2872 Joamis
533 2817 748 2890 quidem
788 2833 968 2874 escam
1001 2829 1057 2874 et
1103 2830 1289 2891 potum
1339 2825 1606 2885 novimus.
1656 2826 1775 2881 Nen

177 2903 330 2959 enim
357 2905 566 2961 dictum
599 2915 683 2962 est
731 2910 874 2978 quod
893 2911 1115 2966 omnino
1131 2927 1239 2966 nou
1264 2912 1490 2976 biberet,
1520 2915 1612 2970 sed
1633 2916 1777 2986 quod

177 2993 375 3051 siluam
410 3004 468 3050 et
491 2996 720 3052 siceram
751 3014 858 3054 non
897 3001 1108 3056 biberet
1132 3002 1283 3073 (Luc.
1313 3021 1352 3068 ι,
1395 3004 1503 3071 15).
1555 3007 1778 3064 Bibcbat

171 3097 316 3156 ergo
339 3100 560 3156 aquam,
585 3088 743 3144 cibus
769 3099 948 3145 autem
967 3089 1085 3160 ejus
1111 3109 1218 3147 non
1243 3093 1439 3160 omnis,
1470 3111 1576 3150 non
1599 3097 1776 3153 nullus

175 3184 323 3242 erat,
361 3175 460 3232 sed
487 3177 694 3234 locusta
719 3186 775 3236 et
795 3180 904 3235 mel
928 3181 1194 3237 silvestre.
1245 3183 1398 3239 Unde
1421 3201 1550 3254 ergo
1575 3187 1772 3240 dictum
1803 3201 1848 3264 ς

176 3273 281 3330 est,
311 3283 425 3322 non
451 3267 796 3334 manducans,
823 3287 989 3342 neque
1007 3271 1202 3336 bibens,
1230 3273 1332 3328 nisi
1373 3275 1497 3343 quia
1519 3275 1610 3329 illo
1631 3276 1774 3329 \‘ictu

173 3372 287 3426 quo
305 3354 488 3411 Judaei
513 3358 822 3425 utebantur,
843 3374 952 3415 non
977 3362 1262 3416 utebatur?
1320 3361 1432 3417 Hoc
1450 3377 1578 3432 ergo
1599 3364 1777 3418 Domi—

172 3462 284 3503 nus
306 3447 423 3502 nisi
449 3456 714 3515 uteretur,
756 3465 865 3506 non
889 3452 943 3506 in
975 3449 1096 3520 ejus
1118 3453 1520 3521 comparatione
1550 3459 1775 3508 mandu-

170 3553 312 3594 cans
351 3538 653 3610 hibensque
677 3541 967 3598 diceretur.
1011 3543 1130 3597 Non
1164 3541 1300 3614 ergo
1317 3543 1575 3597 Dominus
1611 3558 1776 3598 evan-

174 3631 398 3701 gelista
421 3631 624 3688 dicenti
651 3635 797 3704 quod
845 3635 1082 3692 locustas
1119 3644 1176 3690 et
1205 3635 1313 3691 mel
1341 3635 1590 3690 silvestre
1627 3651 1775 3690 com-

167 3721 390 3776 edisset
409 3724 685 3779 contraria
701 3725 865 3792 dixit,
897 3741 1022 3781 cum
1065 3741 1173 3781 non
1197 3725 1265 3781 de
1289 3726 1392 3792 his,
1417 3715 1509 3781 sed
1537 3727 1603 3780 de
1629 3713 1772 3781 victu

168 3824 282 3879 quo
301 3809 488 3866 Judaei
501 3813 790 3870 utebantur
829 3829 932 3871 nec
953 3813 1257 3871 comedisse
1274 3829 1375 3870 nec
1404 3803 1602 3870 bibisse
1622 3815 1771 3870 illum

167 3901 451 3957 narravit.

681 4012 1082 4056 ικτειιιιοαλτῐο
1118 4015 1275 4057 XVIII-

232 4085 392 4144 Cum
411 4085 628 4145 Marcus
650 4090 705 4145 in
729 4090 1021 4162 Evangelio
1033 4107 1132 4148 suo
1157 4095 1224 4148 de
1248 4093 1644 4150 Christodicat:
1676 4092 1773 4149 Se-

160 4178 252 4232 det
276 4196 316 4233 α
345 4179 556 4234 dextris
595 4179 700 4236 Dei
747 4181 942 4254 (Marc.
979 4197 1091 4248 xv1,
1123 4183 1242 4256 l9),
1293 4183 1563 4253 quomodo
1589 4197 1621 4236 e
1643 4199 1772 4238 cou-

161 4276 348 4331 trario
379 4272 688 4345 Stephanus
711 4274 767 4328 in
784 4272 1012 4330 Actibus
1039 4274 1404 4343 apostolorum
1434 4273 1591 4329 dicit:
1612 4270 1769 4326 Video

157 4365 324 4420 celos
342 4373 576 4436 apertos,
603 4372 654 4418 et
678 4362 878 4418 Filium
896 4364 1122 4418 hominis
1153 4373 1378 4418 stantem
1396 4379 1429 4416 a
1449 4363 1648 4416 dextris
1673 4361 1770 4416 Dei

159 4457 310 4523 (Act.
339 4469 448 4520 vn,
477 4453 569 4524 55)
592 4454 618 4508 ἲ
1695 4457 1707 4467 ⁵

158 4558 470 4602 amasio
506 4544 611 4616 (Ex
631 4541 861 4616 Gregor.
895 4542 1098 4616 Magn.,
1125 4543 1266 4598 hom.
1307 4541 1380 4598 29
1431 4543 1487 4596 in
1533 4542 1762 4614 Ecang.,
1794 4541 1846 4602 D

849 4631 996 4669 num.
1013 4615 1090 4685 7).
1131 4633 1136 4638 -

228 4705 394 4776 Quid
411 4713 520 4772 est,
554 4706 699 4778 quod
727 4706 939 4763 Marcus
959 4706 1102 4764 hunc
1126 4703 1420 4769 sedentem,
1463 4704 1767 4774 Stephanus

154 4811 296 4854 vero
336 4807 584 4855 stantem
613 4813 675 4856 se
706 4799 907 4856 vidisse
927 4812 955 4842 ι
978 4800 1244 4856 testatur?
1281 4797 1389 4854 Sed
1413 4799 1615 4855 scimus
1639 4799 1765 4868 quia

150 4889 366 4946 sedere
381 4887 685 4959 indicantis
706 4899 812 4957 est,
837 4899 985 4949 stare
1007 4905 1136 4948 vero
1161 4892 1450 4962 pugnantis
1477 4899 1560 4947 est
1583 4891 1668 4946 vel
1679 4890 1768 4961 ju-

149 4983 375 5040 vantis.
422 4981 564 5051 Quia
599 4983 765 5056 igitur
788 4981 1120 5053 Redemptor
1160 4991 1347 5040 noster
1377 4990 1687 5063 assumptus
1709 4982 1765 5037 in

67 5077 73 5088 '
147 5073 469 5139 seiunget
495 5089 644 5130 nunc
659 5074 841 5130 omnia
865 5072 1094 5144 indicat,
1119 5081 1175 5128 et
1199 5072 1266 5128 ad
1289 5072 1764 5143 extremumjudex

146 5164 421 5220 omnium
441 5164 612 5231 venit,
664 5165 808 5220 hunc
829 5171 952 5235 post
975 5163 1398 5234 assumptionem
1440 5163 1652 5218 Marcus
1677 5177 1766 5218 se-

146 5255 292 5311 dere
347 5253 637 5321 describit,
681 5253 810 5324 quia
857 5261 981 5325 post
1015 5253 1352 5311 ascensionis
1393 5267 1504 5308 sua:
1537 5251 1764 5322 gloriam

136 5343 323 5414 iudex
355 5342 420 5399 in
462 5341 574 5399 ﬁne
599 5343 889 5400 videbitur.
959 5343 1268 5415 Stephanus
1317 5357 1448 5398 vero
1479 5342 1536 5398 in
1562 5341 1766 5398 laboris

61 5443 70 5540 ς
141 5433 478 5494 certamine
503 5434 534 5475 δ
568 5435 798 5506 positus,
839 5442 1077 5492 stantem
1112 5433 1248 5491 vidit
1269 5447 1434 5506 quem
1464 5430 1764 5491 adiutorem

219 5603 254 5634 ι
298 5589 486 5658 Εῶιη
517 5589 710 5646 sidere.

219 5662 253 5703 ι’
517 5662 578 5717 in
587 5661 771 5742 labore
796 5662 1116 5719 certaminis.

221 5743 252 5772 ο
302 5729 490 5798 Edit.,
514 5731 768 5788 ualent”.
1263 5729 1270 5733 ⁷

217 5807 252 5842 ιι
299 5799 632 5875 Sielcgitur
654 5802 710 5860 in
734 5803 980 5876 pluribus
1013 5802 1289 5861 codicibus
1325 5813 1460 5872 quos
1484 5801 1651 5857 citant
1671 5799 1759 5854 hic

1879 603 1989 650 tem
2014 596 2272 667 vinceret,
2309 613 2411 679 pro
2437 599 2531 656 illo
2555 600 2623 656 de
2646 602 2786 658 ctelo
2810 603 2953 660 illius
2977 607 3152 678 gratia
3185 613 3462 680 pugnavit.

2051 731 2152 786 EX
2182 731 2575 790 EVANGELIO
2613 733 2987 794 SECUNDUM
3023 738 3282 797 LUCAM.

2393 853 2792 902 mrsudoos'no
2826 863 2940 903 xu.

1947 951 2080 1010 Cum
2109 953 2332 1026 angelus
2352 956 2406 1010 in
2429 955 2720 1027 Evangelio
2748 959 2814 1015 de
2837 957 3052 1016 Christo
3077 969 3330 1032 exponat,
3353 963 3468 1020 Da-

1879 1043 1950 1098 bit
1991 1045 2070 1098 illi
2095 1046 2232 1100 Deus
2273 1048 2446 1102 sedem
2471 1045 2640 1102 David
2668 1051 2834 1119 patris
2871 1051 2956 1106 sui
3004 1049 3156 1123 (Luc.
3197 1071 3236 1120 ι,
3264 1055 3378 1126 52),
3407 1066 3465 1113 et

1877 1133 2128 1189 Christus
2154 1135 2268 1204 ipse
2302 1135 2356 1190 in
2382 1136 2567 1191 multis
2594 1137 2996 1207 Scripturarum
3014 1143 3148 1198 locis
3169 1145 3311 1200 (ilius
3343 1161 3468 1203 esse

1879 1225 2089 1278 dicatur
2125 1225 2313 1291 David,
2363 1225 2633 1296 quomodo
2659 1230 2809 1297 quasi
2844 1243 2876 1282 e
2908 1233 3182 1288 contrario
3217 1233 3468 1291 Christus

1877 1317 1992 1385 ipse
2019 1317 2211 1386 quan-it
2232 1332 2262 1370 a
2296 1315 2496 1371 Iudaeis
2531 1319 2584 1379 in
2621 1318 2932 1389 Evangelio,
2983 1322 3196 1378 dicens:
3235 1322 3296 1378 Si
3319 1324 3464 1393 ﬁlius

1878 1406 2048 1460 David
2097 1407 2332 1461 Christus
2377 1418 2472 1478 est,
2525 1409 2783 1478 quomodo
2828 1411 2885 1464 in
2932 1412 3120 1481 spiritu
3157 1423 3302 1468 vocat
3344 1431 3464 1468 eum

1878 1497 2158 1552 Dominum
2193 1500 2408 1572 (Matth.
2437 1518 2550 1568 XXI,
2577 1502 2704 1574 45)?

2107 1596 2125 1604 ’
2515 1611 2816 1650 nusrossxo.

1949 1683 2160 1738 Dictum
2191 1693 2274 1739 est
2307 1685 2410 1739 hoc
2438 1685 2728 1754 imperitis,
2759 1687 2886 1756 quia
2909 1687 3154 1756 quamvis
3177 1699 3462 1744 venturum

1877 1771 2148 1827 Christum
2169 1785 2466 1845 sperarent,
2496 1775 2789 1830 Secundum
2817 1777 3087 1831 hominem
3132 1786 3310 1832 tamen
3338 1781 3464 1833 eum

1804 1855 1852 1918 B
1881 1874 2208 1932 spectarent,
2239 1882 2342 1920 non
2370 1868 2662 1921 secundum
2691 1867 2833 1936 quod
2859 1867 3031 1922 virtus
3049 1877 3104 1922 et
3133 1869 3226 1922 Dei
3252 1870 3464 1939 sapien-

1880 1955 1951 2008 tia
1988 1965 2070 2010 est
2110 1956 2162 2026 (l
2191 1955 2308 2012 Cor.
2342 1973 2380 2021 ι,
2409 1957 2522 2028 24).
2591 1957 2756 2012 Docet
2779 1973 2908 2029 ergo
2923 1958 3010 2013 ibi
3037 1958 3195 2014 ﬁdem
3242 1960 3464 2015 verissi-

1879 2061 2022 2098 mam
2043 2053 2098 2100 et
2117 2046 2556 2109 sincerissimam,
2589 2056 2648 2101 ut
2678 2055 2732 2101 et
2755 2047 3010 2102 Dominus
3035 2049 3106 2104 sit
3131 2049 3272 2120 regis
3290 2050 3464 2106 David

1877 2139 2173 2192 secundum
2209 2137 2351 2206 quod
2375 2149 2458 2192 est
2482 2139 2716 2193 Verbum
2749 2140 2803 2194 in
2832 2141 3118 2210 principio,
3147 2142 3289 2198 Deus
3317 2141 3460 2214 apud

1873 2226 2066 2294 Deum,
2102 2245 2202 2298 per
2241 2231 2382 2298 quod
2414 2229 2554 2285 facta
2585 2239 2711 2286 sunt
2739 2231 2921 2286 omnia
2945 2233 3126 2302 (Joan.
3163 2251 3204 2299 ι,
3234 2234 3258 2287 1
3293 2235 3461 2306 seq.),

1877 2329 1932 2373 ct
1956 2322 2096 2375 lilius
2121 2323 2411 2376 secundum
2439 2323 2582 2390 quod
2619 2323 2794 2378 factus
2833 2331 2918 2378 est
2944 2324 2995 2378 ei
3023 2338 3090 2378 ex
3125 2326 3332 2379 semine
3359 2326 3460 2379 θεία

1877 2410 1964 2464 vid
1995 2411 2288 2466 secundum
2322 2430 2542 2468 carnem
2567 2412 2746 2484 (Rom.
2777 2431 2816 2480 I,
2841 2415 2921 2486 5).
2969 2415 3089 2471 Non
3117 2417 3264 2472 enim
3291 2417 3460 2472 dicit:

1877 2499 1994 2556 Non
2023 2511 2106 2556 est
2130 2502 2272 2558 ﬁlius
2291 2503 2458 2556 David
2481 2503 2758 2570 Christus;
2788 2506 2881 2560 sed
2905 2505 2948 2562 si
2973 2520 3086 2574 jam
3099 2506 3296 2561 tenetis
3315 2507 3460 2576 quod

1878 2593 2022 2648 (ilius
2042 2591 2156 2661 ejus
2181 2593 2273 2658 sit,
2314 2593 2506 2648 discite
2529 2592 2798 2662 quomodo
2834 2595 3092 2650 Dominus
3118 2595 3235 2664 ejus
3266 2595 3356 2662 sit,
3392 2611 3460 2650 ne

1879 2684 2108 2738 teneatis
2131 2682 2184 2736 in
2213 2681 2431 2738 Christo
2475 2684 2620 2752 quod
2644 2683 2786 2738 illius
2804 2685 3037 2739 hominis
3068 2691 3173 2750 est,
3203 2685 3459 2742 ita‘euim

1877 2773 2019 2830 ﬁlius
2043 2774 2210 2830 David
2245 2782 2348 2841 est,
2381 2783 2436 2830 et
2470 2773 2788 2845 relinquatis
2823 2775 2967 2846 quod
3001 2775 3172 2832 Filius
3215 2759 3310 2832 Dei
3352 2785 3458 2845 est,

1877 2866 1952 2922 ita
1975 2867 2122 2922 enim
2142 2865 2404 2922 Dominus
2423 2865 2542 2938 ejus
2566 2874 2670 2922 est.
3194 2867 3200 2872 ’

2405 2975 2802 3017 INTERROGATIO
2835 2975 2904 3015 XI
2913 2997 2928 3014 ο

1947 3051 2081 3108 Cum
2103 3051 2364 3108 Dominus
2397 3051 2541 3107 inter
2564 3060 2757 3106 uetera
2784 3050 2948 3119 dicat,
2997 3051 3058 3107 Si
3082 3053 3200 3124 quis
3225 3069 3327 3108 non
3350 3054 3458 3109 odit

1878 3159 2092 3198 uxorem
2127 3159 2302 3210 suam,
2350 3158 2454 3198 non
2495 3151 2658 3213 potest
2684 3159 2828 3196 meus
2859 3159 2970 3196 esse
2995 3142 3283 3214 discipulus
3305 3143 3458 3216 (Luc.

1878 3248 1986 3296 xiv,
2037 3231 2158 3304 26):
2195 3234 2466 3302 quomodo
2492 3233 2689 3288 Paulus
2738 3247 2770 3286 e
2794 3242 2980 3287 contra
3015 3233 3227 3287 videtur
3256 3221 3458 3300 dicere;

1885 3320 2012 3385 Viri,
2045 3321 2245 3393 diligite
2269 3339 2456 3377 uxores
2478 3333 2692 3388 vestras,
2718 3323 2854 3378 sicut
2876 3322 3114 3377 Christus
3137 3323 3319 3377 dilexit
3347 3323 3454 3378 Ec-

1873 3411 2084 3466 clesiam
2106 3412 2320 3482 (Ephes.
2349 3429 2401 3478 v,
2424 3413 2554 3485 25)?
2599 3412 2852 3484 Nunquid
2879 3413 3024 3468 aliud
3037 3412 3199 3482 judcx
3221 3416 3457 3482 nuntiat,

1869 3503 2016 3557 aliud
2044 3518 2221 3572 prteco
2243 3503 2472 3559 clamat?
2535 3503 2621 3560 An
2661 3505 2820 3561 simul
2850 3512 2906 3559 et
2939 3505 3120 3560 odisse
3146 3519 3455 3576 possumus,

1872 3603 1928 3648 et
1949 3594 2210 3666 diligere?
2623 3595 2629 3600 ’

1872 3719 2156 3762 nssrousto
2213 3705 2316 3779 (Ex
2352 3704 2824 3848 Gregorzhxag"
2857 3708 3020 3778 Imm.-
3043 3707 3113 3764 37
3136 3707 3192 3762 in
3225 3706 3454 3781 Euang.,

2536 3793 2683 3832 num.
2716 3793 2795 3832 2).

1943 3867 2000 3922 Si
2024 3868 2132 3924 vim
2158 3869 2414 3940 prmcepti
2435 3870 2838 3939 perpendimus,
2861 3878 3152 3940 utrumque
3181 3884 3342 3942 agere
3360 3885 3458 3942 per

1871 3957 2248 4014 discretionem
2295 3975 2582 4030 possumus
2611 3970 2667 4026 ε,
2709 3967 2769 4014 ιιι
2819 3975 2913 4015 eos
2943 3960 3035 4030 qui
3079 3957 3234 4016 nobis
3277 3963 3459 4017 carnis

1869 4051 2188 4121 cognatione
2206 4049 2480 4122 conjuncti
2503 4060 2650 4118 sunt,
2679 4059 2735 4107 et
2754 4067 2889 4122 quos
2901 4053 3176 4122 proximos
3187 4053 3456 4121 novimus,

1867 4141 2184 4212 diligamus;
2216 4151 2272 4197 et
2311 4158 2446 4212 quos
2497 4143 2838 4199 adversarios
2862 4144 2918 4198 in
2964 4144 3049 4198 via
3077 4143 3170 4198 Dei
3192 4145 3451 4214 patimur,

1869 4232 2098 4288 odieudo
2110 4243 2164 4289 et
2189 4232 2442 4306 fugiendo
2464 4235 2788 4290 nesciamus.
2815 4235 2980 4302 Quasi
2999 4235 3141 4290 enim
3160 4252 3258 4308 per
3271 4237 3456 4291 odium

1869 4321 2128 4392 diligitur,
2174 4324 2266 4392 qui
2304 4324 2596 4380 carnaliter
2642 4325 2876 4395 sapiens,
2933 4327 3058 4380 dum
3089 4339 3256 4395 prava
3297 4324 3456 4380 nobis

1869 4414 2081 4483 ingerit,
2110 4432 2217 4472 non
2242 4416 2479 4472 auditur.
2541 4417 2610 4474 Ut
2629 4426 2810 4473 autem
2833 4417 3093 4474 Dominus
3120 4417 3452 4472 demonstra-

1869 4513 1954 4560 ret
1987 4507 2091 4561 hoc
2117 4519 2246 4576 erga
2287 4509 2562 4578 proximos
2608 4509 2792 4563 odium
2819 4523 2926 4563 non
2965 4507 3034 4562 de
3061 4505 3402 4562 inall‘ectione
3423 4505 3451 4546 ιι

1865 4599 2180 4666 procedere,
2211 4601 2305 4653 sed
2327 4599 2393 4655 de
2405 4599 2689 4666 charitate,
2713 4599 2920 4655 addidit
2937 4597 3206 4668 protinus,
3233 4596 3449 4675 dicens;

1865 4689 2052 4744 Adhuc
2073 4699 2245 4746 autem
2267 4701 2316 4746 et
2337 4693 2570 4747 animam
2589 4707 2763 4748 suam.
2837 4689 3028 4747 Odisse
3057 4690 3240 4760 itaque
3261 4691 3454 4762 prmci-

1864 4781 2045 4852 pimur
2063 4783 2360 4852 proximos,
2387 4783 2567 4840 odisse
2589 4790 2644 4838 et
2667 4782 2904 4837 animam
2922 4787 3186 4836 nostram.
3229 4779 3454 4836 Constat

1865 4889 1994 4945 ergo
2043 4875 2169 4945 quia
2195 4877 2427 4932 amando
2455 4875 2616 4930 debet
2647 4875 2834 4948 edisse
2874 4874 3203 4944 proximum,
3252 4873 3346 4944 qui
3373 4873 3455 4929 sic

1864 4977 1987 5042 eum
2025 4963 2157 5030 odit,
2198 4964 2341 5022 sicut
2370 4965 2741 5036 semetipsum.
2766 4963 3013 5042 AEtenim
3040 4963 3179 5020 bene
3207 4971 3450 5020 nostram

1864 5038 2102 5112 animam
2129 5055 2362 5125 odimus,
2407 5071 2532 5114 cum
2561 5033 2678 5128 ejus
2699 5033 3008 5112 cainalibus
3030 5055 3312 5113 desideriis
3341 5071 3450 5112 non

1862 5147 2272 5217 acquiescimus,
2323 5164 2448 5206 cum
2483 5147 2602 5219 ejus
2641 5147 2941 5220 appetitum
2963 5146 3283 5220 frangimus,
3331 5145 3450 5218 ejus

1862 5241 2229 5309 voluptatibus
2281 5241 2632 5298 reluctamur.
2689 5239 2820 5310 Qua:
2855 5256 2988 5314 ergo
3029 5248 3339 5313 contempta
3379 5241 3446 5298 ad

1863 5329 2054 5387 melius
2087 5331 2320 5398 ducitur,
2349 5329 2506 5402 quasi
2527 5345 2625 5402 per
2647 5331 2832 5388 odium
2857 5341 3092 5389 amatur.
3161 5331 3254 5388 Sic
3280 5331 3441 5387 nimi-

1861 5439 1985 5484 rum
2008 5425 2266 5482 exbihere
2281 5423 2545 5496 proximis
2585 5424 2790 5482 nostris
2819 5424 2931 5482 odii
2955 5418 3334 5482 discretionem
3353 5423 3448 5478 de-

1861 5585 2234 5652 Bene'dictini,.
2249 5599 2373 5656 cum
2399 5591 2558 5656 antea
2579 5583 2636 5640 in
2669 5583 2804 5656 edit.
2830 5577 3439 5656 legeretur,_a[ectione,

1860 5667 1922 5714 ut
1938 5658 2100 5713 habet
2123 5650 2309 5712 noster
2325 5655 2592 5723 Julianus,
2607 5655 2722 5727 qui,
2739 5663 2801 5713 ut
2823 5650 3058 5726 semper,
3075 5650 3313 5710 adhaeret
3329 5661 3443 5704 mc-

1861 5729 2084 5786 lioribus
2106 5727 2402 5784 codicibus.
