3974 6306
541 314 650 370 6ῗὸ

1644 315 1699 369 S.
1735 316 1996 371 JULIANI
2036 317 2334 373 EPISCOPI
2374 319 2715 376 TOI.ETANI

3699 337 3780 392 676

540 427 754 491 bemus,
784 435 843 481 ut
868 424 922 480 in
941 425 1027 481 hls
1043 434 1097 481 et
1120 426 1404 496 diligamus
1431 426 1574 495 quod
1593 435 1736 490 sunt,
1762 437 1816 480 et
1831 428 2121 482 habeamus
2149 441 2196 498 Α
2224 430 2388 500 igitur
2409 432 2542 486 mira
2566 435 2965 503 dispensatione
2983 439 3198 508 pietatis
3211 443 3574 499 membrorum
3590 461 3782 508 snorutn

537 517 669 576 odio
691 516 834 586 quod
853 515 908 572 in
937 516 1032 570 Dei
1059 515 1215 570 nobis
1248 515 1440 568 itinere
1467 515 1756 569 obsistunt.

681 629 778 692 EX
813 627 1203 686 EVANGELIO
1238 625 1609 682 SECUNDUM
1642 624 1980 684 JOANNEM.

1051 732 1452 775 INTERROGATIO
1481 732 1571 771 XXI
1580 754 1594 768 .

607 811 887 887 Quomodo
909 810 964 864 in
986 807 1288 882 .Evangelio
1309 805 1766 877 interrogantibus
1809 820 1870 862 se
1887 805 2120 862 Joannes

535 904 762 972 dixerit,
801 901 925 956 Non
949 918 1064 957 sum
1097 900 1248 956 Elius
1292 899 1473 972 (Joan.
1498 915 1537 963 ι,
1555 898 1678 970 21):
1709 913 1833 954 cum
1859 900 2118 955 Dominus

533 995 700 1062 dicat,
724 994 844 1065 Ipse
869 1002 944 1048 est
971 991 1120 1046 Elias
1146 989 1361 1062 (Matth.
1391 1005 1470 1055 ιι,
1503 989 1628 1062 M)?

1177 1095 1480 1138 RESPONSIO.

599 1179 835 1240 Joannes
855 1175 1072 1247 proprie
1105 1175 1402 1244 respondit,
1425 1173 1685 1229 Dominus
1712 1173 1938 1244 ﬁgurate
1959 1173 2134 1228 dixit;

527 1269 763 1325 Joannes
795 1267 940 1321 enim
968 1265 1262 1320 secundum
1305 1265 1689 1334 proprietatem
1726 1279 1971 1335 persona:
2006 1280 2112 1319 non

527 1376 587 1416 se
625 1375 745 1416 esse
781 1359 953 1414 Eliam
991 1357 1296 1426 respondit;
1337 1357 1594 1411 Dominus
1619 1366 1797 1411 autem
1819 1358 2115 1412 secundum

524 1451 1014 1523 prtetigurationem
1059 1448 1233 1517 ipsum
1279 1448 1450 1502 Eliam
1475 1448 1742 1517 praedixit,
1758 1448 1825 1501 ~id
1850 1456 1952 1513 est,
1983 1448 2110 1517 quia

526 1545 582 1598 in
607 1546 797 1599 eodem
825 1543 1018 1612 spiritu
1047 1549 1102 1594 et
1141 1541 1340 1594 virtute
1380 1540 1509 1593 Elite
1537 1539 1772 1594 Joannes
1795 1539 1995 1594 Christi
2019 1540 2114 1594 ad-

523 1646 744 1690 ventum
767 1641 988 1688 venerat
1016 1631 1284 1696 nuntiare,
1309 1647 1416 1700 quo
1439 1631 1584 1686 Elias
1603 1633 1896 1687 secundum
1910 1631 2112 1687 Clristi

524 1728 811 1779 adventum
835 1723 1183 1777 nuntiaturus
1210 1721 1474 1776 adveniet.

669 1831 674 1836 “
1031 1825 1433 1865 INTERROGATIO
1465 1826 1599 1864 XXII.

595 1900 728 1956 Cum
784 1899 1023 1956 Joannes
1073 1899 1315 1969 Baptista
1365 1899 1669 1954 venientem
1723 1898 1789 1954 ad
1840 1899 2111 1968 baptisma

521 1992 804 2048 Dominum
851 1991 1175 2052 ostenderet,
1204 1990 1408 2054 dicens,
1456 1989 1590 2043 Ecce
1635 2006 1802 2060 agnus
1833 1989 1946 2053 Dei,
2001 1998 2106 2044 etc.

523 2083 708 2154 (Joan.
741 2099 781 2148 ι,
813 2081 928 2153 29),
954 2081 1044 2150 qui
1068 2089 1122 2134 et
1142 2079 1496 2135 humilitatem
1523 2096 1692 2142 suam,
1731 2089 1788 2170 et
1815 2081 2110 2137 divinitatis

519 2171 638 2242 ejus
677 2173 974 2243 potentiam
999 2171 1370 2235 considerans,
1413 2170 1575 2226 dit-it:
1630 2169 1732 2235 Qui
1757 2169 1829 2224 est
1853 2171 1916 2224 de
1945 2181 2106 2238 terra,

518 2267 583 2320 de
604 2275 745 2319 terra
766 2264 1028 2335 loquitur;
1049 2264 1140 2335 qui
1161 2272 1333 2316 autem
1355 2263 1418 2316 de
1440 2262 1564 2316 cwlo
1587 2263 1740 2326 venit,
1762 2280 1917 2334 super
1931 2280 2109 2318 omnes

517 2364 593 2410 est
621 2353 786 2427 (Ibid.
819 2370 902 2420 ιιι,
931 2351 1053 2423 51);
1101 2368 1199 2407 cur
1245 2352 1300 2405 in
1349 2367 1568 2407 carcere
1614 2352 1843 2421 positus,
1886 2353 2108 2408 mittens

515 2443 826 2514 discipulos,
862 2443 1091 2512 reqtl't'it
1111 2441 1314 2507 dicens,
1345 2441 1423 2495 Tu
1446 2458 1498 2495 es
1523 2443 1614 2512 qui
1635 2451 1880 2496 venturus
1912 2460 1984 2507 es,
2036 2460 2106 2496 an

517 2536 683 2591 alium
711 2546 1068 2607 exspectamus
1100 2534 1315 2606 (Matth.
1349 2550 1423 2597 ιιι,
1451 2534 1544 2605 5)?
1573 2533 1848 2603 Tanquam
1877 2534 1924 2589 si
1955 2534 2106 2602 igno-

517 2639 667 2688 raret
688 2644 848 2701 quem
871 2628 1201 2694 ostenderat,
1239 2637 1294 2682 et
1317 2643 1386 2682 an
1427 2627 1540 2697 ipse
1563 2629 1632 2682 sit
1658 2628 1895 2691 nesciat,
1942 2642 2105 2696 quem

516 2722 695 2792 ipsum
709 2734 831 2777 esse
845 2719 1239 2792 prophetando,
1265 2717 1607 2790 baptizando,
1621 2716 1968 2782 ostendendo,
2000 2716 2107 2772 cla-

516 2820 782 2868 maverat.

516 2938 800 2982 ιιεειιοιιειο
848 2922 950 2996 (Ex
1004 2920 1475 3063 (ἶι-θεοξιὶηξιίειῦιιη
1509 2921 1652 2992 hom.
1706 2920 1740 2975 6
1784 2921 1840 2974 in
1871 2920 2098 2993 Evang.,

1184 3009 1329 3046 num.
1349 3009 1426 3046 11.

583 3085 713 3142 Haec
757 3083 917 3142 citius
952 3082 1176 3154 quaestio
1222 3081 1463 3142 solvitur,
1488 3081 1534 3137 si
1571 3090 1736 3152 gestae
1771 3081 1851 3137 rei
1888 3090 2100 3151 tempus

512 3185 570 3233 et
598 3177 732 3234 ordo
759 3183 1034 3247 pensetur.
1095 3171 1176 3227 Ad
1201 3171 1450 3228 Jordanis
1472 3173 1617 3228 enim
1640 3172 1839 3227 ﬂuenta
1867 3171 2094 3241 positus,

512 3271 640 3342 quia
662 3269 775 3340 ipse
793 3268 1122 3338 Redemptor
1166 3265 1350 3321 mundi
1375 3273 1538 3332 esset,
1590 3265 1842 3321 asseruit.
1907 3263 2099 3319 Missus

512 3379 644 3430 vero
669 3363 726 3418 in
757 3375 1051 3424 carcerem,
1079 3368 1260 3415 utrum
1284 3358 1449 3413 alium
1470 3365 1786 3428 exspectent
1812 3371 1860 3421 ει,
1890 3371 1958 3409 an
1983 3355 2100 3426 ipse

511 3454 715 3520 veniat,
742 3453 994 3523 requirit:
1045 3466 1152 3507 non
1191 3451 1315 3520 quia
1342 3451 1517 3520 ipsum
1555 3449 1740 3506 mundi
1769 3449 2098 3519 Redempto-

511 3561 628 3602 rem
656 3546 884 3608 dubitat,
912 3543 1009 3598 sed
1039 3543 1266 3612 requirit
1285 3543 1314 3582 ι)
1334 3582 1350 3605 ,
1388 3550 1448 3596 ιιι
1484 3541 1620 3597 sciat
1642 3541 1686 3596 si
1716 3540 1763 3596 ls
1796 3539 1889 3610 qui
1915 3554 2014 3610 per
2039 3553 2100 3594 se

512 3636 569 3691 in
595 3633 856 3704 mundum
883 3640 1123 3694 venerat,
1152 3645 1249 3701 per
1280 3645 1338 3685 se
1378 3630 1540 3684 etiam
1572 3629 1639 3683 ad
1665 3627 1877 3683 inferna
1903 3639 1926 3666 ε
1951 3627 2099 3682 clau—

510 3734 624 3780 stra
648 3722 959 3778 descendat.
1014 3721 1184 3787 Quem
1219 3721 1362 3775 enim
1412 3733 1750 3789 praecurrens
1778 3717 2047 3773 nascendo
2066 3716 2095 3758 ἀ

511 3811 716 3866 mundo
754 3811 1117 3873 nuntiaverat,
1151 3809 1293 3863 hunc
1333 3809 1610 3864 moriendo
1641 3810 1710 3862 ad
1738 3807 1940 3863 inferos
1961 3823 2100 3877 prte-

511 3901 784 3958 currebat.
831 3899 923 3954 Ait
951 3914 1078 3968 ergo
1104 3916 1117 3951 :
1167 3897 1245 3951 Tu
1275 3915 1327 3952 es
1355 3898 1442 3968 qui
1471 3906 1714 3951 uenturus
1735 3913 1810 3960 es,
1839 3913 1910 3949 an
1933 3897 2097 3950 alium

511 3989 908 4061 exspectamus?
931 3989 1010 4044 Ac
1028 3989 1073 4042 si
1096 3997 1281 4057 aperte
1301 3987 1474 4042 dicat:
1501 3986 1651 4041 Sicut
1673 4001 1770 4056 pro
1791 3985 2097 4041 hominibus

511 4081 664 4137 nasci
694 4083 945 4152 dignatus
981 4097 1059 4145 es,
1101 4069 1170 4135 an
1210 4080 1373 4134 etiam
1414 4095 1512 4148 pro
1535 4079 1843 4134 hominibus
1866 4077 2004 4132 mori
2021 4077 2098 4131 di-

511 4172 701 4245 gneris
744 4171 992 4237 insinua,
1047 4179 1107 4226 ut
1157 4170 1249 4241 qui
1310 4169 1606 4224 nativitatis
1644 4177 1751 4224 tuae
1793 4183 2098 4238 prmeursor

509 4263 718 4330 exstiti,
746 4263 941 4318 mortis
961 4263 1123 4319 etiam
1145 4276 1451 4333 przecursor
1473 4261 1626 4325 tiam,
1654 4269 1708 4315 et
1731 4267 2012 4315 venturum
2039 4259 2096 4314 in

510 4358 725 4415 inferno
733 4357 980 4416 nuntiem
997 4368 1040 4423 θ,
1060 4371 1218 4426 quem
1233 4352 1346 4422 jam
1361 4352 1572 4408 venisse
1586 4353 1784 4407 mundo
1795 4351 2090 4406 enuntiavi.

1007 4458 1405 4502 INTERROGATIO
1441 4458 1596 4496 XXIII.

2225 531 2386 590 caput
2411 522 2668 578 Dominus
2708 525 2878 580 factus
2914 539 3019 594 est,
3050 531 3261 599 repulsa
3291 535 3646 602 reproborum
3675 542 3784 596 mul-

2223 612 2470 678 titudine,
2519 614 2665 668 solus
2699 625 2782 670 est
2832 618 2998 672 etiam
3048 623 3350 678 nobiscum.
3409 625 3583 683 Nemo
3632 639 3782 702 ergo!

2220 705 2450 757 ascendit
2485 706 2541 758 in
2578 705 2783 774 caelum,
2816 710 2918 764 nisi
2943 713 3033 781 qui
3069 714 3135 767 de
3169 715 3294 770 caelo
3315 717 3605 786 descendit,
3636 723 3781 783 Filius

2219 792 2461 856 hominis,
2487 797 2578 865 qui
2605 806 2680 850 est
2709 799 2764 852 in
2787 799 2947 855 caelo:
2971 803 3096 871 quia
3121 805 3247 859 dum
3269 823 3369 862 nos
3390 825 3557 864 unum
3574 817 3784 874 cumillo

2213 883 2327 953 jam
2370 885 2497 941 facti
2529 902 2735 956 sumus,
2759 893 2904 947 unde
2939 894 3085 950 solus
3109 899 3256 953 venit
3282 901 3334 954 in
3372 917 3449 968 se,
3500 905 3630 962 illuc
3665 911 3782 966 solus

2218 973 2375 1040 redit,
2405 976 2566 1031 etiam
2594 979 2648 1032 in
2681 981 2873 1047 nobis;
2915 991 2970 1036 et
2995 984 3042 1040 is
3069 987 3159 1055 qui
3191 988 3243 1042 in
3285 992 3425 1047 coelo
3448 1008 3670 1065 semper
3699 1009 3780 1066 est,

2217 1067 2284 1122 ad
2308 1067 2501 1160 caelum
2517 1072 2756 1139 quotidie
2777 1076 3048 1144 ascendit,
3073 1079 3199 1150 quia
3219 1082 3310 1151 qui
3334 1084 3621 1142 divinitate
3650 1105 3783 1160 super

2211 1156 2392 1210 omnia
2415 1168 2712 1227 permanet,
2739 1161 3088 1222 humanitatis
3110 1183 3220 1224 sua:
3241 1185 3501 1245 compage
3517 1176 3545 1216 δ
3565 1156 3783 1248 quotidie

2215 1245 2282 1300 ad
2307 1247 2472 1303 oculos
2499 1250 2684 1305 trahit.

2703 1358 3102 1403 INTERROGATIO
3148 1365 3298 1406 XXIV.

2283 1428 2562 1520 Quomodo
2589 1431 2837 1491 Christus
2880 1437 3044 1504 dicat,
3080 1437 3219 1495 Caro
3268 1459 3373 1499 non
3401 1447 3612 1515 prodest
3656 1452 3782 1520 quid-

2210 1534 2366 1588 quam
2393 1519 2574 1590 (Joan.
2597 1537 2669 1586 vr,
2695 1523 2818 1596 64):
2845 1541 2968 1581 eum
2994 1543 3025 1583 e
3047 1533 3323 1588 contrario
3343 1534 3511 1600 dicat,
3539 1519 3673 1592 Nisi
3688 1544 3781 1610 quis

2211 1610 2600 1666 manducauerit
2613 1629 2821 1670 carnem
2833 1633 3019 1683 meam,
3033 1631 3081 1674 et
3094 1622 3272 1678 biberit
3284 1628 3595 1696 sanguinem
3609 1647 3779 1697 meum,

2211 1715 2316 1753 non
2335 1700 2539 1757 habebit
2560 1703 2616 1757 in
2634 1721 2689 1760 se
2715 1707 2873 1761 vitam
2901 1709 2972 1782 (υ.
3006 1711 3098 1784 54)
3123 1713 3148 1767 ?

2859 1814 3160 1859 RESPONSIO.

2281 1881 2422 1973 Caro
2449 1883 2647 1956 quippe
2667 1887 2787 1944 sine
2807 1890 3114 1948 viviﬁcante
3133 1895 3330 1966 spiritu
3345 1898 3425 1954 ita
3451 1915 3562 1957 non
3579 1904 3780 1973 prodest

2209 1972 2523 2043 quidquam,
2564 1976 2707 2032 sicut
2731 1979 2959 2036 scientia
2979 1984 3100 2040 sine
3123 1986 3394 2044 charitate
3428 1972 3598 2046 inﬂati
3621 1998 3780 2063 potius

2208 2081 2371 2137 quam
2384 2069 2614 2125 aediﬁcat
2636 2071 2691 2143 (I
2713 2073 2834 2128 Cor.
2859 2090 2978 2142 vnt,
2996 2077 3073 2150 ί).
3107 2079 3181 2136 De
3203 2080 3305 2138 hac
3321 2080 3779 2156 fortasseApesto-

2206 2157 2292 2213 lus
2317 2159 2555 2229 loquitur
2585 2177 2599 2214 :
2635 2161 2772 2218 Caro
2813 2175 2863 2220 et
2892 2169 3108 2238 sanguis
3135 2186 3347 2241 regnum
3376 2173 3477 2228 Dei
3500 2191 3612 2230 non
3636 2179 3780 2247 possi-

2207 2249 2400 2304 debunt
2425 2251 2534 2322 (xv,
2559 2251 2675 2324 50).
2737 2253 2859 2310 Jam
2882 2273 3012 2314 vero
3035 2263 3179 2328 quod
3205 2264 3311 2318 ait:
3361 2263 3487 2320 Nisi
3505 2269 3628 2337 quis
3651 2286 3779 2322 ασε-

2206 2339 2474 2395 ducaverit
2493 2359 2705 2398 carnem
2727 2362 2917 2413 meam,
2942 2358 2991 2402 et
3024 2350 3208 2406 biberit
3253 2356 3566 2425 sanguinem
3599 2375 3776 2422 meum,

2205 2447 2312 2484 non
2335 2432 2543 2487 habebit
2588 2436 2644 2489 in
2685 2452 2741 2492 se
2776 2439 2934 2492 vitam
2946 2456 2968 2504 ;
2999 2453 3396 2500 sacramentum
3425 2450 3779 2505 manducaue-

2205 2523 2292 2576 nis
2340 2525 2521 2580 carnis
2557 2542 2690 2592 sum,
2723 2537 2778 2584 et
2803 2531 3095 2598 potationis
3131 2537 3407 2604 sanguinis
3434 2540 3539 2604 sui,
3586 2543 3779 2598 mavult

2205 2609 2451 2682 intelligi,
2476 2629 2574 2686 per
2607 2618 2751 2686 quod
2773 2627 2828 2672 et
2854 2635 2954 2675 nos
2975 2619 3032 2674 in
3056 2620 3147 2677 illo
3159 2638 3490 2694 maneamus,
3520 2638 3575 2683 et
3599 2629 3779 2699 ipsein

2204 2701 2381 2758 nobis.

2711 2813 3115 2858 .INTEBBOCA'I'IO
3146 2817 3273 2860 XIV.

2273 2883 2554 2950 Quomodo
2591 2885 2842 2946 Christus
2879 2890 2936 2944 in
2975 2891 3266 2962 Evangelio
3308 2897 3576 2970 dicatpro
3601 2901 3778 2966 Patre,

2201 2975 2317 3046 Ego
2347 2993 2453 3032 non
2472 2996 2650 3050 quaero
2675 2981 2898 3051 gloriam
2918 3000 3087 3039 meam
3103 3003 3122 3039 :
3144 2996 3221 3042 est
3237 2990 3327 3060 qui
3347 3004 3547 3061 quierat
3573 3006 3630 3047 et
3643 2996 3780 3064 judi-

2201 3077 2280 3122 cet
2315 3069 2498 3141 (Joan.
2527 3087 2648 3138 vm,
2700 3071 2828 3143 50),
2867 3083 2922 3129 et
2961 3084 3150 3130 contra
3173 3117 3189 3142 ,
3234 3079 3396 3136 Pater
3431 3099 3536 3137 non
3571 3085 3779 3154 jatdiut

2123 3137 2172 3202 α
2199 3137 2532 3230 quemquam,
2559 3161 2651 3216 sed
2669 3137 2935 3232 judicium
2961 3182 3112 3222 omne
3137 3137 3280 3226 dedit
3310 3169 3452 3227 Filio
3468 3173 3554 3244 (v,

2843 3268 3150 3312 BESPONSIO.

2269 3335 2538 3394 Judicium
2577 3339 2630 3394 in
2674 3342 2878 3397 sanctis
2911 3342 3207 3414 Scripturis
3249 3345 3455 3405 duobus
3478 3352 3666 3408 modis
3692 3368 3778 3408 ac-

2199 3428 2304 3498 cipi
2347 3429 2503 3484 solet.
2559 3430 2678 3486 Uno
2718 3446 2818 3501 pro
2860 3433 3240 3501 damnatione,
3293 3439 3400 3494 alio
3444 3453 3550 3509 pro
3587 3443 3780 3499 discre-

2199 3520 2364 3576 tione.
2417 3521 2523 3578 Pro
2571 3523 2916 3582 damnatione
2957 3525 3219 3595 judicium
3247 3532 3488 3599 ponitur,
3538 3536 3690 3591 sicut
3729 3539 3779 3593 in

2198 3610 2486 3681 Evangelio
2511 3613 2748 3670 dicitur:
2792 3613 3083 3672 Procedent
3115 3621 3207 3689 qui
3255 3621 3390 3675 male
3435 3622 3675 3692 fecerunt
3729 3628 3778 3681 is

2197 3704 2626 3758 resurrectionem
2644 3704 2840 3775 judicii
2861 3706 2932 3777 (υ.
2961 3706 3076 3778 29).
3115 3708 3250 3770 Item
3266 3708 3529 3779 judicium
3555 3728 3658 3782 pro
3678 3715 3781 3773 dis-

2196 3794 2436 3850 cretione
2467 3795 2524 3849 in
2567 3796 2789 3864 psalmis
2828 3798 3079 3866 ponitur,
3113 3801 3206 3855 ubi
3234 3801 3363 3856 dicit
3396 3819 3409 3855 :
3440 3801 3642 3856 Iudico
3681 3821 3777 3866 me,

2195 3885 2358 3950 Deus,
2386 3893 2435 3939 et
2473 3885 2708 3941 discerne
2750 3905 2964 3943 causam
2991 3907 3160 3945 meam
3189 3891 3254 3945 de
3294 3903 3440 3963 gente
3464 3910 3574 3948 non
3599 3908 3779 3949 saneta

2197 3974 2370 4047 (Psal.
2398 3992 2534 4042 xui,
2567 3977 2642 4049 1).
2680 3978 2833 4035 Unde
2869 3981 2958 4036 hic
2999 3983 3144 4051 quod
3195 3982 3441 4038 Salvator
3467 3984 3624 4050 dicit,
3668 3986 3777 4055 Ego

2196 4079 2299 4117 non
2324 4081 2502 4136 quam
2529 4065 2754 4138 gloriam
2788 4085 2957 4124 meam
2981 4112 2997 4136 ,
3027 4079 3102 4126 est
3122 4073 3212 4142 qui
3247 4083 3446 4143 quwrat
3475 4084 3526 4128 et
3538 4075 3775 4145 judicet,

2188 4153 2451 4223 judicium
2497 4158 2554 4212 in
2590 4160 2692 4214 hoc
2717 4159 2836 4216 loco
2877 4176 2975 4232 pro
3021 4163 3344 4227 discretione
3382 4166 3566 4234 posuit
3588 4208 3605 4232 ,
3654 4169 3778 4236 quia

2195 4245 2521 4302 discretione
2539 4246 2728 4316 judicii
2756 4249 2918 4306 Pater
2947 4252 3175 4323 gloriam
3194 4254 3315 4309 Filii
3341 4257 3425 4310 sui
3447 4257 3514 4312 ab
3539 4258 3776 4313 humana

2195 4337 2468 4395 inﬂatione
2495 4340 2780 4406 discrevit,
2826 4349 2884 4398 et
2911 4345 3207 4402 secundum
3249 4347 3352 4402 hoc
3383 4345 3650 4415 judicium
3700 4351 3777 4405 ἀί-

2120 4475 2172 4534 D
2197 4439 2346 4534 etum
2373 4441 2456 4486 est
2477 4431 2620 4500 quod
2648 4431 2853 4500 judicet
2881 4421 3058 4490 Pater.
3104 4435 3238 4491 Nam
3265 4436 3393 4500 illud
3434 4438 3577 4508 quod
3621 4441 3773 4503 dicit.

579 4539 715 4596 Cum
744 4539 958 4596 Veritas
986 4539 1039 4592 in
1069 4536 1358 4606 Evangelio
1394 4535 1554 4599 dicat,
1587 4533 1755 4588 Nemo
1779 4533 2009 4588 ascendit
2037 4535 2091 4587 in
2123 4521 2167 4534 "
2197 4521 2465 4576 Judicium
2486 4538 2636 4576 omne
2655 4523 2837 4579 datum
2861 4533 2934 4579 est
2948 4524 2997 4577 F
2999 4526 3196 4592 ilio,de
3221 4528 3400 4586 futuro
3421 4531 3777 4588 examinatio-

509 4631 716 4698 ctelum,
741 4632 841 4686 nisi
861 4631 950 4701 qui
975 4628 1236 4684 descendit
1270 4627 1334 4682 de
1357 4626 1501 4690 coelo,
1529 4625 1578 4678 F
1581 4625 1702 4679 ilius
1733 4625 1978 4688 hominis,
2006 4624 2095 4695 qui

509 4729 585 4776 est
612 4722 666 4774 in
689 4701 816 4784 caelo
847 4719 1028 4792 (Joan.
1056 4735 1137 4784 ιιι,
1164 4718 1250 4788 15)
1278 4734 1292 4769 :
1342 4716 1609 4786 quomodo
1638 4717 1752 4771 haec
1778 4715 1965 4770 eadem
1989 4713 2095 4769 Ve-

510 4812 644 4868 ritas
666 4825 698 4867 e
721 4819 910 4866 contra
933 4810 1144 4865 videtur
1178 4810 1374 4874 dicere,
1399 4824 1520 4863 cum
1543 4809 1650 4862 ait:
1695 4808 1874 4872 Pater,
1901 4804 2016 4861 volo
2038 4816 2095 4861 ut

508 4904 599 4958 ubi
623 4919 716 4975 ego
740 4920 854 4958 sum
877 4913 922 4958 et
949 4903 1046 4970 ipsi
1066 4903 1168 4956 sint
1195 4917 1397 4955 mecum
1423 4900 1555 4972 (Id.,
1583 4915 1716 4963 xvtt,
1740 4897 1873 4969 24)?

564 5009 847 5054 ιιεδιιοκειο
877 4993 977 5064 (Ex
1003 4993 1122 5048 eod.
1150 4991 1338 5061 Greg.,
1365 4991 1455 5043 lib.
1489 5005 1635 5044 xxv“
1659 4988 1822 5053 Mor.,
1848 4996 1902 5041 η.
1929 4987 2044 5060 '50).

581 5082 709 5138 Haec
730 5084 831 5138 sibi
862 5084 916 5137 in
938 5084 1117 5144 verbis
1151 5083 1276 5149 suis
1315 5097 1420 5137 non
1450 5081 1775 5148 discrepant,
1797 5079 1890 5137 sed
1919 5080 1986 5134 ad
2015 5093 2095 5134 re-

511 5173 773 5245 quirenda
818 5174 935 5229 haec
987 5174 1141 5242 quasi
1197 5171 1557 5241 discordantia
1601 5172 1839 5226 studium
1893 5180 2093 5227 nostra:

512 5265 709 5328 mentis
731 5249 1109 5319 inﬂammatur.
1155 5263 1356 5331 Omnes
1370 5265 1511 5331 enim
1532 5263 1625 5333 qui
1653 5262 1721 5316 ad
1743 5260 1861 5330 ejus
1883 5262 2043 5317 ﬁdem
2068 5261 2088 5301 ί

511 5355 625 5411 nati
652 5370 860 5419 sumus,
889 5354 1004 5424 ejus
1023 5357 1209 5426 procul
1235 5357 1396 5411 dubio
1415 5369 1610 5425 corpus
1633 5353 1932 5408 existimus.
1957 5351 2094 5420 Quia

583 5477 622 5538 ¢_
650 5462 839 5538 Utrum
851 5466 1014 5522 alium
1035 5477 1343 5538 exspectent.
1363 5465 1966 5538 QuamvisBenedictini
1980 5464 2094 5520 haec

447 5574 450 5577 ι
513 5536 676 5592 verba
699 5535 760 5599 in
792 5545 997 5596 textum
1023 5535 1132 5603 non
1154 5536 1483 5595 admiserint,
1518 5535 1864 5598 nihilominus
1896 5535 1971 5592 ibi
1997 5549 2093 5591 no-

514 5613 630 5676 tant
654 5607 874 5676 reperiri
911 5609 962 5664 in
989 5608 1261 5676 nonnullis
1285 5607 1581 5663 codicibus.
1959 5643 1964 5647 -

585 5675 613 5714 δ
650 5671 820 5748 fidit”
856 5681 1059 5748 quwrit.

585 5756 608 5784 ⁸
648 5745 814 5814 Edit.,
851 5745 1064 5820 inferni.

2197 4611 2282 4666 nis
2308 4611 2512 4679 judicio
2545 4611 2704 4670 debet
2747 4614 2992 4686 intelligi.
3032 4617 3111 4674 Ac
3151 4632 3249 4687 per
3287 4621 3392 4675 hoc
3431 4637 3551 4676 cum
3590 4629 3651 4676 et
3690 4623 3774 4676 hic

2197 4700 2356 4758 Pater
2400 4717 2497 4773 per
2528 4702 2793 4772 judicium
2827 4707 3170 4764 discretionis
3207 4709 3435 4780 gloriam
3477 4709 3595 4765 Filii
3634 4712 3724 4766 sui
3745 4728 3774 4764 a

2195 4794 2365 4863 gloria
2387 4796 2663 4852 hominum
2685 4807 2949 4866 secernat,
2977 4808 3034 4855 et
3058 4809 3180 4870 post
3202 4801 3369 4856 Filius
3397 4800 3664 4871 judicium
3690 4805 3774 4856 vi-

2195 4899 2384 4941 vorum
2435 4896 2493 4942 et
2527 4896 2864 4946 mortuon
2888 4892 3252 4961 potentialiter
3263 4900 3480 4972 .exerat,
3531 4894 3585 4948 in
3617 4892 3776 4946 nullo

2197 4976 2312 5032 haec
2357 4992 2478 5047 qua:
2530 4979 2674 5036 dicta
2744 4990 2870 5036 sunt
2893 4983 3174 5054 gvidentur
3219 4985 3324 5041 sibi
3373 4998 3491 5040 esse
3549 4994 3776 5039 conua-

2195 5071 2294 5127 ria.

2681 5182 3077 5224 INTERROGATIO
3117 5185 3266 5224 XXVI.

2263 5254 2395 5310 Cum
2444 5256 2692 5313 Christus
2736 5259 2790 5312 in
2829 5259 3116 5330 Evangelia
3163 5262 3458 5316 secundum
3497 5259 3772 5315 Joannem

2193 5349 2336 5406 dicat
2357 5349 2571 5416 Iudaeis,
2606 5351 2730 5407 Scio
2756 5355 2880 5424 quia
2897 5353 3004 5422 ﬁlii
3028 5353 3251 5408 Abrahae
3283 5355 3405 5424 estis
3428 5353 3600 5428 (Joan.
3639 5369 3750 5408 vrtt

2262 5462 2288 5503 τι
2327 5465 2487 5518 Deest
2519 5465 2574 5518 in
2595 5466 2725 5519 edit.
2755 5467 3034 5520 nascendo.

2268 5546 2295 5606 εξ
2332 5534 2495 5606 ﬁdit,
2524 5536 3021 5606 uenturuminferno
3057 5547 3106 5592 te
3128 5539 3377 5594 nuntiem.

2276 5603 2296 5642 ί
2331 5603 2495 5674 Edit.,
2524 5605 2579 5657 in
2599 5605 2713 5674 ejus
2733 5605 2856 5674 ﬁde.

2274 5677 2298 5713 κ
2331 5673 2495 5744 nam,
2523 5673 2702 5744 igitur.

2263 5745 2290 5785 ιι
2330 5742 2389 5799 In
2415 5742 2688 5816 cdithost
2717 5763 2960 5819 compage
2981 5749 3125 5821 addit
3153 5763 3282 5804 sese.
