3974 6306
218 352 324 407 677

212 554 420 610 Iudaeis
449 554 505 607 in
532 554 719 606 eodem
750 550 1037 621 Evangelio
1071 550 1252 606 statim
1294 548 1559 617 subjicere
1596 550 1803 615 dicens,

224 641 329 698 Vos
358 659 427 696 ex
450 649 601 712 patr'e
621 639 831 696 diabolo
860 640 979 695 estis
996 639 1022 692 7

862 742 1159 783 RESPONSIO.

278 821 441 888 Quod
466 821 613 876 enim
656 818 872 875 Judazos
905 818 1044 873 ﬁlios
1070 818 1304 872 Abrahze
1340 816 1491 882 dicit,
1537 817 1604 872 de
1646 832 1806 888 gene-

207 918 427 971 ratione
450 914 656 970 carnali
686 921 932 979 testatur,
963 913 1029 968 de
1067 927 1169 981 qua
1194 910 1273 964 illi
1303 911 1488 979 utique
1515 910 1805 965 descende-

209 1006 365 1058 bant.
422 1003 578 1070 Quod
625 1011 807 1057 autem
860 1010 1070 1070 patrem
1128 1015 1317 1053 eorum
1365 998 1634 1053 diabolum
1685 1015 1806 1054 esse

208 1094 435 1158 asserit,
480 1094 546 1148 de
569 1107 733 1163 opere
776 1092 921 1160 quod
952 1090 1026 1145 illi
1060 1090 1431 1155 imitabantur,
1460 1089 1710 1145 innotuit.

711 1195 1111 1236 INTERROGATIO
1135 1195 1308 1233 XXVII.

278 1272 570 1340 Quomodo
604 1272 660 1325 in
685 1271 975 1341 Evangelia
996 1270 1244 1325 Christus
1279 1284 1379 1339 pro
1403 1282 1461 1324 se
1487 1269 1643 1333 dixit,
1694 1268 1807 1339 Ego

208 1367 269 1419 in
295 1365 566 1435 judicium
594 1365 651 1418 in
675 1366 812 1418 hunc
836 1363 1090 1417 mundum
1119 1362 1228 1416 veni
1261 1362 1440 1432 (Joan.
1466 1377 1540 1425 ix,
1572 1361 1662 1430 59)
1688 1378 1703 1417 :
1752 1368 1807 1415 et

205 1468 243 1508 e
282 1463 494 1518 contra,
531 1453 654 1508 Non
681 1454 795 1509 veni
818 1462 875 1507 ut
894 1453 1132 1524 judicem
1157 1453 1410 1506 mundum
1439 1452 1561 1525 (xu,
1590 1452 1725 1524 b7)?

858 1556 1164 1597 IESPONSIO.

282 1631 405 1687 Hoc
426 1640 510 1687 est
533 1631 678 1702 quod
702 1630 868 1687 dicit:
901 1631 1017 1702 Ego
1046 1632 1179 1697 veni,
1204 1640 1260 1685 ut
1280 1636 1368 1702 qui
1402 1647 1506 1686 non
1536 1633 1704 1687 vident
1734 1639 1809 1688 vl-

206 1724 394 1787 deant,
442 1733 492 1778 et
534 1724 762 1777 videntes
802 1722 927 1777 claci
965 1722 1141 1792 ﬂant:
1189 1723 1571 1778 discretionem
1601 1723 1808 1779 scilicet

1186 343 1697 401 ANTIKIEIMI‘INQN
1739 345 1915 400 LIIII“
1955 346 2113 401 ΝΞΟ.
2151 377 2220 385 -
2258 347 2384 401 LIB.
2425 346 2488 400 ll.

213 464 305 529 57,
339 460 434 531 ιι)
460 480 472 514 :
506 458 775 530 quomodo
800 462 953 527 quasi
982 472 1013 512 e
1038 457 1314 512 contrario
1359 458 1569 513 videtur
1603 456 1805 513 eisdem
1834 469 1880 521 Α

3371 350 3478 410 678

2416 471 2813 511 INTERROGATIO
2846 472 2974 512 XXX.

1978 548 2258 615 Quomodo
2292 557 2581 617 utrumque
2616 548 2864 604 Christus
2892 549 3053 616 dicat,
3085 549 3200 625 Ego
3238 559 3290 608 et
3324 552 3488 612 Pater

1906 660 2069 698 unum
2093 660 2274 699 sumus
2302 644 2483 716 (Joan.
2504 660 2560 708 x,
2584 644 2674 715 50)
2702 659 2717 711 ;
2757 652 2811 698 et
2846 644 2999 714 quasi
3019 659 3050 701 e
3082 653 3293 714 contra,
3322 645 3491 709 Pater

1903 736 2079 806 major
2101 751 2182 789 me
2209 744 2283 790 est
2307 735 2441 807 (xw,
2463 732 2597 807 28)?

2537 863 2840 905 ιεεροιτειο.

1973 939 2109 997 Cum
2134 955 2300 996 unum
2322 952 2388 995 ex
2417 939 2504 997 bis
2529 940 2825 995 secundum
2868 938 3169 997 divinitatis
3210 948 3486 1008 naturam,

1904 1029 2051 1085 aliud
2075 1031 2371 1086 secundum
2419 1029 2770 1085 humanitatis
2816 1030 3175 1089 substantiam
3203 1032 3358 1098 dixit,
3386 1048 3487 1089 no-

1903 1135 2174 1188 quaquam
2214 1119 2548 1175 contrarium
2590 1118 2922 1188 prmdicavit.
2968 1118 3122 1185 Quod
3152 1121 3299 1177 eniti)
3334 1122 3487 1188 dicit,

1882 1210 2020 1279 ,Ego
2049 1220 2096 1264 et
2122 1210 2283 1267 Pater
2321 1226 2484 1264 unum
2512 1226 2710 1272 sumus,
2754 1210 2821 1264 de
2864 1211 3164 1267 substantia
3192 1212 3491 1269 divinitatis

1904 1300 2034 1369 egit,
2064 1314 2169 1368 qua
2207 1299 2350 1354 Deus
2372 1299 2439 1354 de
2467 1299 2598 1364 Deo,
2641 1298 2813 1379 Filius
2837 1300 2903 1354 de
2928 1300 3106 1363 Patre,
3124 1301 3400 1370 perlectus
3422 1304 3491 1359 de

1904 1390 2162 1459 perfecto,
2210 1391 2330 1446 sine
2365 1390 2521 1446 initio
2565 1389 2650 1445 vel
2684 1390 2792 1445 line
2830 1399 2989 1447 natus
3025 1400 3129 1447 est.
3180 1392 3332 1458 Quod
3360 1409 3489 1449 vero

1907 1483 2062 1547 dixit,
2113 1481 2274 1536 Pater
2309 1483 2484 1552 major
2521 1499 2603 1535 me
2649 1491 2765 1547 est;
2801 1484 2868 1538 de
2910 1492 3101 1539 natura
3138 1486 3490 1551 humanitatis

1905 1573 2036 1643 egit,
2060 1587 2159 1643 per
2195 1588 2357 1642 quam
2400 1572 2568 1627 Filius
2594 1573 2770 1627 minor
2795 1589 2825 1626 a
2856 1574 3019 1631 Patre
3038 1576 3321 1646 accipitur.

2402 1721 2807 1761 INTERROGATIO
2843 1721 2997 1761 XXXI.

208 1821 396 1879 istam,
427 1834 525 1888 per
544 1833 704 1887 quam
743 1816 959 1880 boc.lit,
980 1816 1200 1872 vocavit
1228 1815 1511 1885 judicium,
1555 1832 1663 1885 quo
1692 1817 1806 1871 dis-
1838 1832 1881 1890 Β
1977 1816 2110 1872 Cum
2136 1815 2370 1871 Joannes
2406 1815 2746 1886 Evangelista
2775 1818 2938 1873 verba
2968 1817 3076 1884 illa,
3108 1819 3304 1890 quibus
3323 1819 3489 1875 Isaias

209 1909 392 1961 renuit
429 1922 649 1962 causam
680 1906 962 1961 humilium
989 1907 1321 1961 credentium
1353 1913 1409 1959 et
1437 1907 1806 1975 conﬁtentium

208 2011 241 2050 a
265 1996 521 2066 superbis
542 2010 601 2050 se
628 1995 812 2050 videre
846 1995 1180 2065 putantibus,
1207 2004 1263 2050 et
1313 1996 1437 2050 ideo
1466 1996 1683 2067 gravius
1709 2012 1806 2050 ex-

207 2087 459 2143 cecatis.
519 2085 622 2157 Qui
661 2088 807 2141 enim
848 2087 1033 2142 videre
1069 2102 1128 2143 se
1165 2088 1450 2158 putabant,
1497 2087 1564 2141 de
1593 2087 1808 2156 justitia

209 2194 313 2233 sua
342 2178 695 2241 conﬁdentes,
731 2186 787 2231 et
814 2178 1032 2247 superbi
1055 2187 1110 2232 et
1136 2178 1263 2233 caeci
1290 2186 1463 2243 erant,
1490 2179 1615 2247 quia
1641 2179 1809 2235 medi-

206 2286 339 2325 cum
376 2287 486 2324 non
507 2270 819 2325 credebant.
852 2269 1092 2324 Humiles
1113 2285 1240 2323 vero
1262 2270 1564 2334 credentes,
1601 2271 1725 2341 quia
1749 2285 1808 2325 se

208 2378 323 2416 non
359 2361 545 2416 videre
590 2358 824 2415 confessi
868 2366 1015 2425 sunt,
1062 2360 1329 2414 medicum
1372 2359 1719 2428 quaisierunt,
1748 2367 1809 2413 ut

208 2452 401 2505 videre
420 2456 751 2504 mereantur.
791 2447 911 2503 Jam
937 2462 1065 2503 vero
1090 2448 1220 2503 illud
1244 2448 1387 2519 quod
1409 2449 1505 2511 ait,
1539 2447 1663 2501 Non
1692 2449 1805 2502 veni

209 2552 270 2595 ut
291 2540 534 2612 judicem
556 2538 830 2603 mundum,
868 2552 968 2608 pro
990 2536 1171 2592 futuro
1188 2537 1394 2606 judicio
1430 2535 1631 2607 posuit.
1658 2536 1736 2591 Ac
1760 2535 1807 2591 si

209 2632 466 2687 diceret:
508 2628 937 2683 Misericordiae:
974 2627 1252 2697 impartire
1294 2626 1458 2690 veni,
1512 2641 1618 2680 non
1657 2623 1806 2692 judi~

210 2723 303 2778 cio
326 2720 597 2777 mundum
616 2719 907 2783 discutere,
932 2718 1074 2773 sicut
1096 2717 1154 2772 in
1183 2718 1362 2772 loturo
1398 2716 1664 2788 agendum
1700 2722 1802 2770 est.

701 2842 1104 2883 INTERROGATIO
1130 2841 1324 2880 XXVIII.

284 2909 426 2966 Cum
453 2907 714 2964 Dominus
750 2908 807 2961 in
841 2906 1091 2977 passione
1118 2920 1213 2960 sua
1238 2918 1339 2974 pro
1361 2900 1806 2973 persequentibus

206 3018 294 3068 se,
331 3002 390 3056 id
413 3009 518 3066 est,
542 3010 645 3070 pro
666 2999 1042 3071 peccatoribus
1067 2998 1322 3061 oraverit,
1362 3006 1416 3050 et
1454 3003 1579 3049 ante
1599 2995 1806 3064 passio-

207 3110 341 3150 nem
369 3092 573 3148 Judzeis
604 3093 739 3162 ipsis
776 3091 994 3154 dixerit,
1044 3089 1202 3143 Nunc
1242 3104 1361 3143 vero
1409 3096 1679 3158 peccatum
1720 3101 1805 3139 ve-

1907 1907 2114 1971 SCI‘IIIII,
2166 1904 2324 1985 Vade,
2354 1906 2478 1959 dic:
2522 1907 2661 1960 Aure
2703 1907 2949 1972 audietis,
2990 1920 3037 1961 et
3068 1925 3172 1962 non
3199 1908 3493 1980 intelligetis

1908 1997 2061 2069 (Isai.
2091 2013 2162 2061 vi,
2197 1998 2273 2069 9),
2315 1997 2458 2051 hunc
2495 1998 2667 2067 ipsum
2699 1999 2788 2066 qui
2824 1999 2892 2052 ad
2942 1999 3133 2055 Isaiam
3172 2001 3493 2071 loquebatur

1907 2091 1960 2145 in
1984 2104 2215 2159 persona
2254 2088 2374 2142 Filii
2401 2088 2493 2142 Dei
2532 2098 2696 2158 ponat
2726 2088 2907 2158 (Joan.
2960 2104 3061 2154 xu,
3095 2089 3184 2155 59,
3211 2090 3325 2161 40),
3359 2106 3495 2162 quo—

1906 2183 2064 2236 modo
2108 2180 2307 2235 Paulus
2350 2180 2502 2249 quasi
2534 2194 2565 2234 e
2603 2180 2877 2235 contrario
2926 2179 3187 2252 Spiritum
3243 2192 3489 2238 sanctum

1906 2285 2029 2324 eum
2075 2271 2167 2339 qui
2213 2270 2280 2325 ad
2309 2271 2498 2325 lsaiam
2531 2269 2767 2339 loquitur
2812 2283 2933 2324 esse
2987 2277 3213 2326 testatus
3241 2280 3324 2326 est
3351 2270 3490 2342 (Act.

1906 2377 2097 2426 xxvul,
2138 2360 2230 2425 25,
2269 2360 2407 2431 ‘26)?
2456 2359 2589 2414 Nam
2633 2359 2723 2414 ubi
2752 2358 2987 2415 Joannes
3027 2358 3223 2415 Filium
3255 2361 3347 2414 Dei
3377 2361 3491 2418 vult

1906 2451 2130 2521 intelligi
2178 2465 2336 2521 quem
2375 2451 2523 2506 Isaiae
2569 2450 2642 2504 ita
2673 2449 2873 2504 dixisse
2923 2448 3150 2504 scribit:
3204 2449 3490 2521 Propterea

1906 2557 2011 2595 non
2051 2550 2289 2611 poterant
2319 2541 2545 2607 credere,
2594 2540 2719 2611 quia
2758 2539 2892 2593 dixit
2934 2538 3108 2594 Isaias
3137 2555 3156 2594 :
3195 2539 3492 2596 Excwcaoit

1906 2628 2084 2683 oculos
2110 2644 2308 2693 eorum,
2340 2636 2387 2683 et
2405 2628 2667 2683 induravit
2694 2643 2874 2682 eorum
2905 2644 3012 2691 cor,
3065 2637 3121 2681 ut
3157 2643 3262 2682 non
3282 2628 3491 2683 videant

1906 2721 2092 2788 oculis,
2125 2731 2172 2776 et
2198 2721 2490 2794 intelligant
2518 2721 2691 2785 corde,
2735 2731 2783 2775 et
2813 2731 3198 2787 convertantur,
3240 2731 3287 2776 et
3312 2738 3493 2777 canem

1904 2829 1991 2867 eos
2021 2812 2202 2883 (Joan.
2224 2829 2320 2879 xu,
2344 2811 2429 2876 39,
2456 2811 2579 2883 40);
2604 2812 2695 2867 ubi
2715 2812 2877 2866 etiam
2902 2812 3072 2883 ipsam
3095 2827 3380 2882 personam
3407 2812 3492 2867 Fi-

1905 2902 1962 2958 lii
1986 2905 2381 2967 demonstrans,
2414 2903 2708 2972 subjunxit,
2737 2905 2953 2960 dicens:
2976 2903 3113 2961 Ha-c
3138 2906 3270 2960 dixit
3296 2905 3494 2973 Isaias,

1903 2993 2113 3063 quando
2139 2993 2265 3048 uidit
2292 2993 2515 3065 gloriam
2539 2995 2670 3064 ejus,
2698 3005 2746 3049 et
2768 2994 2970 3049 locutus
2999 3005 3072 3051 est
3099 2996 3163 3050 de
3185 3012 3245 3051 eo
3278 2997 3349 3065 (υ.
3377 2996 3491 3068 di);

1907 3083 2105 3139 Paulus
2136 3094 2317 3140 autem
2358 3086 2413 3141 in
2455 3086 2681 3142 Actibus
2729 3088 3095 3157 apostolorum
3122 3091 3222 3145 hoc
3253 3092 3494 3148 testimo-

203 3195 384 3241 εει-ειη
420 3193 596 3238 manet
636 3184 817 3255 (Joan.
848 3199 925 3248 ιχ,
965 3182 1058 3253 41)
1084 3199 1100 3247 ;
1149 3181 1420 3251 quomodo
1444 3178 1641 3233 Paulus
1678 3193 1806 3248 apo-
1830 3176 1876 3237 C
1907 3176 2056 3230 nium
2081 3176 2317 3233 locutum
2342 3176 2506 3233 fuisse
2523 3178 2782 3248 Spiritum
2805 3187 3050 3242 sanctum
3080 3190 3490 3245 commemorat,

204 3277 411 3342 stolas,
454 3276 548 3347 qui
578 3283 727 3330 tanto
749 3284 872 3344 post
910 3284 1150 3344 tempore
1194 3273 1262 3326 ad
1289 3272 1447 3326 [idem
1482 3270 1690 3325 Christi
1717 3283 1807 3324 ac-

202 3369 403 3431 cessit,
451 3367 633 3421 dicere
657 3366 903 3421 videtur:
943 3363 1181 3418 Christus
1217 3363 1372 3417 Jesus
1414 3363 1545 3416 venit
1584 3363 1638 3415 in
1668 3362 1805 3415 hunc

202 3456 495 3521 mundum,
525 3465 583 3508 ut
607 3463 900 3525 peccatores
928 3453 1100 3507 salvos
1130 3452 1342 3521 faceret,
1366 3466 1585 3520 quorum
1606 3450 1805 3519 primus

201 3566 310 3619 ego
338 3564 455 3601 sum
481 3545 537 3618 (Ι
559 3544 697 3600 Tim.
728 3545 930 3619 1,415)⁶ἓ
960 3544 1024 3599 Si
1066 3551 1379 3613 peccatores
1404 3541 1493 3595 alii
1523 3556 1646 3595 cum
1673 3554 1807 3610 pne-

202 3649 521 3701 eesserunt,
558 3635 826 3706 quomodo
858 3636 960 3691 iste
993 3635 1228 3705 primum
1272 3649 1330 3687 se
1360 3632 1524 3687 fuisse
1549 3640 1796 3701 peccato-

201 3744 334 3784 γεω
359 3728 676 3798 eloquitur?
704 3726 954 3798 Nunquid
979 3735 1102 3781 ante
1124 3725 1273 3780 illum
1298 3740 1406 3779 non
1436 3732 1591 3779 erant
1613 3736 1805 3794 pecca-

204 3817 413 3875 tores?

856 3900 1160 3941 λεενοκειο.

280 3966 431 4034 Quid
460 3973 546 4022 est
570 3980 715 4035 ergo,
757 3964 993 4030 Quorum
1020 3965 1219 4033 primus
1258 3979 1351 4032 ego
1397 3979 1531 4024 sum,
1576 3961 1679 4017 nisi
1708 3977 1805 4016 an-

202 4056 477 4113 ωωᾱω
509 4072 719 4121 omnes,
767 4070 873 4109 non
903 4063 1162 4123 tempore,
1189 4055 1285 4108 sed
1312 4054 1643 4123 malignitate
1660 4055 1685 4107 ?

727 4160 1127 4217 ιυτειιιεοωτιο
1154 4160 1302 4199 XXIX.

286 4237 574 4306 W60
618 4236 877 4291 Dominus
905 4236 1055 4300 dicit,
1108 4235 1254 4290 Alias
1292 4251 1408 4290 oves
1464 4236 1646 4299 habeo,
1684 4251 1803 4306 qua:

196 4338 473 4386 onustm
502 4328 681 4382 eshoc
709 4326 830 4381 ouili
863 4326 1043 4398 (Joau.
1076 4342 1131 4389 x,
1163 4327 1250 4396 lli)
1277 4344 1289 4378 :
1323 4341 1444 4380 cum
1467 4326 1630 4390 dicat,
1674 4324 1803 4379 Non

194 4442 334 4483 αι
354 4425 548 4479 istiuas
578 4424 679 4479 nisi
704 4422 773 4478 ad
802 4439 918 4477 oves
965 4439 1095 4493 qum.
1117 4424 1379 4493 perierunt
1404 4422 1590 4479 domus
1630 4419 1801 4476 Israel

196 4517 435 4590 (lculi.
460 4530 554 4581 xv,
579 4515 716 4587 24)?

851 4600 1153 4641 RESPONSIO.

281 4675 429 4747 Quid
452 4674 711 4740 est,.Non
729 4692 845 4730 sum
872 4678 1062 4731 missus
1099 4676 1199 4731 nisi
1230 4676 1299 4732 ad
1334 4692 1447 4731 oves
1482 4692 1598 4747 quia
1627 4676 1795 4747 perie-

189 4778 337 4823 runt
365 4767 555 4822 domus
582 4766 774 4832 Israel,
816 4769 923 4824 nisi
950 4770 1076 4839 quia
1112 4770 1454 4841 pnesentiam
1482 4786 1633 4824 suam
1673 4785 1795 4825 cor-

172 4861 454 4934 poralem
491 4877 599 4916 non
627 4861 889 4927 exhibuit,
928 4862 1034 4918 nisi
1070 4862 1266 4932 populo
1304 4862 1508 4919 Israel?
1549 4863 1685 4919 Illud
1716 4872 1796 4917 ta-

184 4968 337 5009 men
363 4953 510 5025 quod
533 4953 683 5019 dicit,
710 4963 758 5007 et
784 4953 917 5008 alias
947 4971 1061 5008 oves
1089 4954 1270 5019 habeo,
1305 4969 1404 5024 pro
1425 4956 1673 5025 gentibus
1694 4956 1794 5011 hoc

181 5043 442 5112 intelligi
477 5042 664 5108 voluit,
688 5044 757 5098 ad
782 5060 916 5114 quas
942 5053 1131 5116 gentes
1147 5060 1254 5099 non
1281 5046 1518 5115 perrexit
1539 5045 1671 5115 ipse,
1698 5045 1793 5099 sed

176 5132 382 5189 misit.
419 5131 501 5187 Ad
522 5133 780 5202 populum
826 5149 957 5190 vero
1005 5134 1164 5190 Israel
1203 5143 1257 5188 et
1294 5135 1461 5201 misit,
1507 5145 1561 5191 et
1590 5150 1688 5205 per
1733 5148 1793 5189 se

174 5223 382 5278 venit.

264 5365 308 5395 ιι
552 5352 642 5409 hic
667 5351 912 5427 Julianus
930 5354 1287 5426 Augustinum
1316 5356 1541 5427 alleget,
1568 5370 1675 5427 non
1712 5356 1793 5411 fa-

165 5423 311 5482 cile
342 5423 593 5497 dixerim,
634 5439 755 5497 cum
798 5425 916 5481 haec
943 5423 1125 5497 omnia
1138 5427 1321 5497 _verba
1344 5423 1454 5483 sint
1482 5426 1659 5497 Vigilii
1688 5428 1791 5481 Ta-

161 5493 421 5567 psensis
462 5491 579 5567 loco
621 5494 689 5548 ad
726 5510 880 5550 oram
914 5496 1100 5551 citato.
1137 5495 1493 5552 Nihilominus
1536 5491 1787 5567 quoniam

163 5562 625 5637 ipndgruditos
656 5579 762 5618 non
804 5573 1055 5637 constat,
1110 5567 1372 5637 quidquid
1402 5562 1790 5637 dicat—Chime-

156 5632 773 5703 ti—us‘Vigiliigoperum
807 5635 1003 5702 editor,
1049 5632 1145 5691 an—
1165 5632 1301 5692 liber
1342 5636 1692 5693 duodecimus
1721 5637 1788 5691 de

157 5707 220 5762 Τ
231 5702 478 5777 rinitate
516 5702 658 5777 fetus
698 5705 769 5777 sit
798 5704 1035 5777 episcopi
1066 5706 1371 5777 Tapsensis,
1403 5707 1549 5762 dubii
1580 5707 1787 5777 haerere

155 5774 469 5844 cogimur,
502 5773 891 5842 sapientiorum
927 5773 1188 5846 judicium
1218 5784 1538 5851 spectantes.
1572 5776 1629 5832 Si
1658 5791 1786 5833 vero

1908 3269 1998 3325 ubi
2029 3271 2105 3323 ait
2133 3288 2145 3323 :
2180 3269 2317 3323 Bene
2341 3268 2567 3340 Spiritus
2601 3280 2811 3324 sanctus
2836 3270 3039 3324 locutus
3069 3281 3144 3325 est
3170 3290 3262 3343 per
3290 3271 3492 3327 Isaiam

1905 3361 2207 3431 prophetam
2232 3360 2300 3413 ad
2326 3370 2501 3431 patres
2539 3370 2751 3426 vestros,
2787 3361 2964 3415 dicens
2989 3377 3008 3415 :
3070 3361 3212 3417 Vade
3233 3364 3302 3416 ad
3323 3381 3493 3434 popu-

1907 3446 2015 3501 lum
2049 3449 2226 3513 istum,
2266 3459 2313 3503 et
2339 3450 2462 3504 die:
2504 3450 2644 3504 Λευ-ε
2666 3451 2911 3515 audietis,
2956 3461 3132 3506 etnon
3170 3452 3492 3522 intelligetis,

1904 3546 2012 3594 etc.
2044 3539 2182 3611 (Act.
2206 3556 2397 3606 xxvlu,
2425 3540 2514 3606 25,
2538 3540 2662 3613 ‘26).

1974 3644 2255 3715 nssnp§sio
2416 3630 2571 3715 Yigil.
2601 3632 2878 3715 lapsu-isi,
2896 3632 2985 3715 lib.
3010 3650 3084 3715 x_u
3116 3634 3180 3688 de
3196 3632 3419 3715 cipit"
3436 3638 3492 3692 in

2079 3698 2567 3841 V{l{)Biblioth'cc.
2591 3698 2708 3755 PP.
2737 3704 2865 3757 edit.
2891 3703 3158 3776 lmgdun.,
3187 3704 3346 3770 1677,
3366 3698 3490 3778 pag.

2014 3807 2030 3822 .
2061 3786 2122 3823 co
2148 3808 2162 3822 .
2257 3809 2272 3824 .

1976 3859 2126 3915 Hanc
2149 3860 2502 3929 quaestionem
2537 3862 2613 3921 ita
2639 3872 2861 3921 sanctus
2882 3862 3218 3935 Augustinus
3249 3878 3278 3907 ι
3305 3867 3487 3922 solvit.

1905 3950 2045 4007 Dicit
2074 3953 2217 4007 enim
2264 3960 2453 4009 contra
2493 3954 2815 4011 btereticos:
2869 3975 2889 4008 ‹
2925 3955 3097 4024 Quem
3140 3958 3306 4028 igitur
3344 3960 3490 4017 hunc

1902 4058 2022 4099 esse
2057 4044 2261 4110 volunt,
2293 4054 2559 4102 asseram.
2612 4048 2803 4104 Dicent
2838 4048 2983 4105 enim
3012 4048 3152 4105 forte
3174 4051 3396 4107 Filium.
3426 4055 3484 4109 In

1901 4135 2192 4207 Evangelio
2241 4138 2387 4193 enim
2435 4143 2568 4197 κατά
2599 4140 2627 4181 ιι
2653 4138 2916 4197 Joannem
2958 4143 3221 4213 scriptum
3254 4154 3381 4200 est:
3419 4145 3488 4201 Et

1900 4238 2170 4300 propterea
2197 4247 2302 4285 non
2326 4240 2567 4301 poterant
2615 4233 2823 4288 credere
2855 4235 2911 4289 in
2945 4235 3144 4300 Iesum,
3185 4238 3309 4307 quia
3352 4238 3487 4292 dixit

1902 4317 2076 4375 Isaias
2105 4323 2394 4392 prophetat
2444 4323 2740 4380 Excwcavit
2774 4344 2953 4382 eorum
3000 4327 3199 4394 oculos,
3241 4339 3292 4385 et
3320 4329 3486 4385 obdu-

1900 4413 2033 4465 ravit
2058 4430 2238 4467 eorum
2272 4431 2382 4481 cor,
2409 4432 2473 4470 ne
2494 4416 2628 4485 forte
2662 4417 2868 4473 uideant
2902 4418 3088 4485 oculis,
3115 4429 3164 4474 et
3190 4420 3484 4491 intelligant

1822 4519 1876 4582 ι)
1901 4502 2074 4568 corde,
2095 4512 2144 4558 et
2169 4516 2558 4574 convertantur,
2580 4517 2627 4563 et
2652 4525 2833 4564 sauem
2843 4526 2952 4565 eos.
2981 4509 3111 4565 Herc
3135 4511 3268 4565 dixit
3286 4510 3481 4578 Isaias,

1901 4606 2019 4646 cum
2042 4593 2248 4648 vidisset
2275 4594 2498 4665 gloriam
2523 4598 2659 4669 ejus,
2687 4608 2735 4653 et
2761 4599 2967 4655 locutus
2995 4610 3072 4655 est
3114 4601 3181 4655 de
3203 4617 3264 4656 eo
3298 4602 3479 4673 (Joan.

1899 4703 1995 4749 xu,
2011 4687 2224 4760 39-“).
2251 4689 2317 4744 Et
2328 4689 2751 4764 quidll'aciuntde
2769 4694 2955 4760 Paulo,
2971 4695 3063 4765 qui
3086 4693 3345 4764 Spiritum
3366 4712 3488 4753 san-

1896 4785 2043 4834 ctum
2076 4778 2205 4835 dicit
2227 4780 2281 4834 in
2320 4782 2409 4836 illa
2432 4784 2602 4854 gloria
2629 4785 2803 4841 visum
2825 4800 2946 4841 esse
2967 4786 3140 4851 Isaiae,
3166 4794 3223 4843 et
3245 4786 3484 4845 locutum

1895 4880 2016 4923 esse
2052 4867 2123 4932 ei,
2164 4875 2219 4924 et
2245 4869 2459 4927 misisse
2482 4886 2607 4927 eum
2655 4873 2722 4929 ad
2763 4873 3020 4944 populum
3046 4877 3356 4946 supradicta
3403 4880 3487 4933 di-

1895 4958 2061 5015 cere?
2106 4957 2377 5029 Scriptum
2414 4970 2497 5018 est
2526 4963 2672 5018 enim
2718 4964 2773 5020 in
2818 4964 3043 5022 Actibus
3069 4969 3479 5039 apostolorum:

1895 5050 2262 5106 Convenientes
2301 5062 2476 5108 autem
2506 5053 2640 5111 alter
2664 5054 2734 5109 ad
2758 5055 3070 5111 alterutrum
3096 5058 3275 5125 Judaei
3300 5061 3481 5125 dimit-

1891 5141 2168 5206 tebantur,
2215 5143 2415 5199 dicente
2456 5144 2628 5200 Paulo
2664 5148 2872 5203 verbum
2909 5166 3069 5206 unum
3095 5168 3116 5206 :
3165 5151 3304 5219 Quia
3353 5157 3479 5210 bene

1892 5231 2122 5304 Spiritus
2151 5242 2365 5290 sanctus
2402 5235 2605 5292 locutus
2625 5247 2700 5293 est
2723 5239 2794 5294 ad
2819 5250 2991 5312 patres
3014 5253 3219 5299 nostros
3241 5262 3333 5316 per
3346 5262 3479 5315 pro-

1889 5365 2109 5439 codices
2124 5366 2501 5439 Augustiniani
2513 5381 2650 5438 quos
2660 5371 2798 5439 apud
2811 5387 2871 5428 se
2881 5371 3125 5431 Julianus
3143 5375 3348 5439 habuit,
3373 5377 3475 5431 snb

1888 5436 2171 5509 Augustini
2196 5436 2416 5509 nomine
2439 5436 2583 5494 hunc
2611 5436 2808 5497 librum
2829 5445 3195 5509 continebant,
3220 5436 3344 5499 eum
3367 5445 3473 5500 for-

1886 5505 2052 5597 see-
2068 5505 2586 5597 eisiis-tuseu?
2610 5509 3051 5597 uindicemus.
3078 5505 3323 5597 quamvis

1888 5592 2057 5651 usque
2081 5579 2270 5633 nullibi
2300 5578 2479 5651 editus
2508 5578 2687 5651 fuerit
2702 5584 2801 5638 sub
2823 5582 2940 5651 ejus
2965 5578 3201 5640 nomine.

1958 5648 1986 5688 ι»
2025 5652 2158 5705 κατὰ
2194 5647 2507 5724 praepositio
2543 5649 2731 5708 Graica
2782 5647 2886 5721 est,
2921 5668 3041 5724 quae
3076 5653 3268 5709 Latine
3299 5653 3465 5707 verti-

1888 5724 1979 5772 tur
2011 5719 2313 5774 secundum.

3530 858 3539 895 l
