3974 6306
616 317 722 376 679

1530 425 1541 434 .
1563 425 1573 434 .
1595 391 1690 434 κιῒϋ
1706 383 1752 434 ἦ

1637 333 1664 377 .’
1683 301 2044 390 Samum:
2082 313 2205 368 Εριε

2304 315 2384 370 ua
2422 317 2767 374 TOLETANI
2987 317 2992 324 ·
3677 328 3746 390 σω

611 432 824 503 phetam
849 427 1071 493 Isaiam,
1094 429 1312 482 dicens:
1344 423 1573 510 vadetis!
1583 422 2032 510 ﬁulumistum,
2050 433 2099 477 et
2122 422 2206 476 dic
2236 434 2283 490 Α
2309 426 2494 510 tieritis
2520 427 2734 497 Patrem
2761 429 2818 482 in
2843 429 3050 483 nomine
3068 441 3198 496 meo,
3221 430 3355 484 dabit
3373 431 3497 488 vobis
3519 433 3745 510 (10mm,

611 501 664 574 ei
686 535 706 574 :
735 519 876 572 Auro
897 517 1141 582 audietis,
1170 525 1216 571 et
1239 501 1680 583 non‘ihtel'liqetis,
1701 521 1807 568 etc.
1841 513 1979 585 (Act.
2006 527 2200 579 xxvm,
2246 513 2252 522 '

2306 503 2425 589 lii)?
2440 503 2710 588 quomodo
2723 519 2922 576 Paulus
2941 529 3102 576 terose
3112 537 3318 592 rogasse
3336 503 3578 582 Dominum
3593 503 3748 597 dicunt

610 607 706 674 25,
721 607 835 678 26).
849 607 988 663 Ecce
997 606 1229 662 Joannes
1250 606 1466 688 quidem
1480 601 1697 668 Filium,
1721 603 1919 658 Paulus
1939 618 2066 658 vero
2089 602 2206 672 Spi-
2281 608 2526 678 spiritus
2553 610 2767 667 satana;
2794 613 2864 668 ab
2889 627 2956 668 eo
2975 611 3254 669 deberetur
3278 613 3475 680 auferri,
3494 620 3610 688 quod
3627 633 3747 682 tam

612 697 784 754 ritum
811 705 1058 752 sanctum
1085 697 1214 752 dicit
1240 709 1360 750 esse
1411 687 1504 764 qui
1528 693 1600 748 sit
1630 694 1781 749 visus
1807 693 1978 757 lsaize,
2011 693 2204 748 sedens

611 801 780 856 super
804 785 1057 842 thronum
1077 787 1244 839 altum
1263 793 1318 838 et
1340 783 1627 847 elevatum,
1649 783 1738 852 qui
1763 790 1819 836 ct
1844 783 2120 845 adoratur,
2147 791 2204 836 et

613 873 882 939 laudatur,
922 883 977 928 et
994 873 1324 944 gloriﬁcatur
1345 885 1377 924 a
1417 871 1690 940 scrapbim
1717 869 1874 942 (lsai.
1904 887 1979 935 vn,
2003 871 2078 942 1).
2102 871 2204 926 Ec—

608 966 794 1022 clesia:
827 973 1008 1021 autem
1043 965 1242 1020 Christi
1264 979 1455 1018 omnes
1479 965 1548 1018 ab
1573 964 1786 1019 oriente
1817 978 1986 1027 usque
2015 963 2082 1017 ad
2109 980 2203 1020 oc-

610 1057 882 1120 cidentem
919 1055 1302 1112 convenienter
1341 1054 1557 1109 Patrem
1602 1069 1634 1109 a
1672 1055 1944 1123 seraphim
1992 1053 2202 1108 laudari

609 1147 934 1218 proﬁtentur
961 1145 1019 1200 in
1045 1144 1427 1214 mysteriorum
1457 1145 1735 1200 relatione.
1785 1146 1978 1200 Dicant
2020 1145 2204 1214 itaque

610 1237 798 1302 nobis,
849 1237 941 1306 qui
986 1236 1387 1290 venerationem
1419 1235 1644 1304 Spiritui
1675 1244 1866 1291 sancto
1909 1237 2198 1304 abnegauit,

609 1329 868 1398 quidnam
893 1343 960 1382 ex
998 1327 1083 1381 his
1111 1341 1300 1382 verum
1326 1327 1476 1390 dicit,
1527 1335 1620 1380 aut
1642 1327 1764 1396 quis
1801 1326 1983 1380 fallit?
2019 1335 2203 1380 utrum

605 1417 864 1482 Joannes,
903 1435 970 1472 an
1001 1417 1216 1481 Paulus,
1253 1433 1322 1470 an
1366 1430 1495 1470 vero
1527 1431 1716 1470 omnes
1742 1415 1996 1470 Ecclesi.e
2041 1414 2202 1490 Chri-

605 1512 724 1566 sti?
748 1511 1014 1578 Quoniam
1042 1509 1260 1580 quidem
1299 1523 1488 1564 omnes
1511 1507 1767 1563 Ecclesia:
1796 1507 2010 1561 Patrem
2038 1505 2203 1575 proli-

610 1611 797 1658 tentur
847 1617 968 1657 esse
1006 1603 1096 1670 qui
1139 1601 1398 1655 adorator
1435 1615 1466 1652 a
1508 1597 1810 1668 seraphim,
1849 1594 2087 1652 Joannes
2113 1595 2202 1648 Fi-

609 1694 774 1760 lium,
820 1695 1018 1749 Paulus
1050 1709 1180 1747 vero
1207 1691 1466 1761 Spiritum
1491 1699 1759 1746 sanctum.
1809 1688 1868 1744 Si
1891 1691 2022 1743 vero
2042 1703 2200 1742 nemo

2285 701 2592 770 impetrare
2618 718 2733 758 non-
2754 703 2928 772 potuit
2961 701 3050 776 (l’l’
3077 703 3197 758 Cor.
3235 721 3326 771 xu,
3349 704 3397 770 8,
3426 705 3513 777 9)?

2302 829 2585 900 assronsio
2613 813 2715 886 (Ex
2743 803 3229 958 ,ϐξθςοιιῦῄξὲιεῶη
3273 816 3402 870 hom.
3430 816 3490 870 27
3527 819 3572 873 in
3592 820 3748 894 Euang’,

3075 903 3112 939 ι.
3142 903 3216 939 Dl-

2374 971 2433 1027 Si
2466 989 2625 1030 omne
2654 974 2798 1045 quod
2826 957 3059 1045 petimus
3105 977 3157 1031 in
3179 957 3386 1032 nomine
3407 977 3526 1041 Filii,
3568 980 3752 1038 datnobis

2299 1060 2499 1128 Pater,
2541 1065 2670 1132 quid
2703 1074 2788 1120 est
2826 1067 2970 1135 quod
3008 1065 3204 1122 Paulus
3230 1077 3306 1121 ter
3328 1067 3572 1123 Dominum
3596 1073 3748 1142 rogavit,

2301 1160 2358 1207 et
2385 1155 2626 1208 exaudiri
2651 1171 2758 1209 non
2796 1157 3012 1222 meruit,
3059 1158 3153 1212 sed
3183 1157 3373 1212 dictum
3411 1167 3484 1213 est
3507 1155 3586 1223 illi,
3622 1159 3753 1230 Sufﬁcit

2301 1241 2394 1296 tibi
2426 1244 2596 1312 gratia
2641 1261 2777 1322 mea,
2817 1261 2940 1298 nam
2969 1247 3152 1312 virtus,
3180 1248 3324 1301 etc.?
3367 1246 3580 1316 Nunquid
3599 1247 3664 1302 ille
3685 1258 3753 1303 tam

2302 1335 2548 1404 egregius
2575 1335 2765 1390 doctor
2790 1349 2816 1376 ιι
2849 1337 2904 1390 in
2930 1336 3053 1391 Filii
3087 1339 3298 1392 nomine
3327 1353 3425 1392 non
3445 1339 3608 1409 petiit?
3640 1338 3756 1405 Quare

2302 1433 2483 1479 autem
2517 1443 2622 1481 non
2664 1428 2874 1498 accepit
2915 1429 3060 1498 quod
3089 1430 3286 1500 petiit?
3326 1429 3566 1496 Quomodo
3587 1443 3758 1500 ergo»

2303 1529 2423 1568 rum
2469 1524 2552 1570 est
2597 1518 2725 1587 quia
2754 1519 3013 1586 quidquid
3063 1520 3375 1589 petierimus
3409 1520 3589 1573 Patrem
3622 1521 3662 1580 iu
3694 1534 3758 1572 uo-

2304 1609 2448 1662 tnine
2477 1609 2620 1674 Filii,
2658 1611 2748 1664 dat
2779 1611 2934 1667 nobis
2963 1613 3144 1676 Pater,
3195 1613 3239 1665 si
3278 1611 3462 1666 auferri
3484 1629 3510 1664 a
3529 1610 3758 1680 seangduut

2306 1698 2522 1753 Satana:
2544 1700 2700 1769 petiit
2725 1702 3000 1770 apostolus
3015 1703 3214 1758 Paulus
3240 1703 3292 1756 in
3317 1703 3516 1773 nomine
3529 1701 3640 1766 Filii,
3658 1707 3696 1756 et
3711 1709 3760 1753 ta-

607 1801 800 1842 eorum
825 1785 982 1851 fallit,
1007 1786 1103 1840 sed
1127 1801 1318 1840 omnes
1342 1784 1624 1839 veritatem
1657 1783 1844 1839 dicunt
1861 1823 1876 1849 ,
1918 1779 2203 1836 manifeste
2233 1783 2282 1842 B
2309 1805 2430 1844 me“
2455 1791 2598 1860 quod
2633 1792 2790 1860 pem:
2817 1807 2923 1846 ηοιι
2962 1795 3209 1862 accep“?
3237 1793 3338 1850 Sed
3363 1793 3476 1863 quia
3507 1805 3658 1847 nomen
3683 1789 3761 1844 [ruﬁ

609 1879 896 1950 probatum
919 1885 1004 1932 est
1053 1877 1196 1946 quod
1227 1875 1330 1930 etsi
1353 1875 1522 1930 solius
1543 1873 1721 1928 Patris
1742 1887 1937 1928 nomen
1968 1873 2198 1935 dicatur,

610 1973 814 2028 habent
849 1981 1031 2026 tamen
1075 1969 1270 2024 Filium
1313 1976 1370 2022 ct
1421 1967 1685 2037 Spiritum
1729 1974 1976 2020 sanctum
2017 1978 2203 2018 secum

611 2063 1040 2134 pronuntiatum.
1067 2058 1285 2114 Patrem
1313 2067 1368 2111 et
1394 2057 1596 2112 Filium
1630 2057 1711 2112 sic
1734 2063 2078 2119 venerentur,
2109 2053 2202 2123 qui

609 2154 692 2208 sic
727 2151 997 2218 adorant,
1047 2149 1452 2206 venerationem
1497 2147 1798 2204 caelestium
1845 2147 2202 2201 animantium

610 2241 830 2310 imitati,
861 2252 919 2300 et
940 2259 1048 2298 non
1085 2257 1214 2299 suas
1250 2241 1606 2313 cogitationes
1631 2246 1949 2310 sequantur.
1983 2258 2002 2292 ι

1101 2369 1507 2412 ικτειιιοωτιο
1529 2369 1659 2409 XXXI
1669 2370 1709 2409 ι.

679 2446 960 2515 Quomodo
981 2445 1229 2502 Christus
1254 2445 1310 2500 in
1330 2443 1622 2516 Evangelio
1641 2451 1870 2513 utraque
1897 2441 2048 2507 dicit,
2081 2456 2227 2510 qua).

605 2537 715 2594 sibi
749 2539 994 2594 videntur
1033 2551 1157 2593 esse
1203 2534 1523 2592 contraria?
1575 2534 1718 2589 Dicit
1767 2533 1913 2588 enim
1937 2571 1953 2599 ,
2007 2531 2204 2586 Pacem

607 2645 781 2684 meum
807 2628 877 2683 do
921 2627 1064 2682 vobis
1112 2627 1295 2700 (Joan.
1341 2641 1454 2690 xw,
1495 2623 1632 2696 27):
1682 2632 1739 2679 et
1777 2639 1808 2680 e
1838 2631 2048 2686 contra,
2078 2621 2204 2676 Non

608 2720 726 2776 ueni
760 2733 944 2790 pacem
987 2719 1194 2774 mittere
1224 2718 1282 2772 in
1317 2725 1544 2783 terram,
1593 2715 1684 2772 sed
1712 2714 1948 2787 gladium
1982 2712 2199 2786 (Matth.

613 2827 673 2879 x,
701 2810 817 2884 54).
979 2861 983 2866 .
1607 2857 1612 2866 .

1256 2895 1560 2937 RESPONSIO.

677 2971 800 3028 Alia
829 2979 1042 3043 estpax
1074 2969 1300 3037 Christi,
1348 2987 1512 3042 quam
1550 2968 1825 3041 discipulis
1861 2968 2047 3036 dedit;
2098 2967 2204 3022 alia

607 3063 816 3120 mundi.
867 3063 1033 3120 Istam
1053 3077 1244 3133 pacem
1284 3077 1448 3132 quam
1483 3061 1650 3116 habet
1671 3061 1924 3125 mundus,
1957 3067 2118 3131 negat
2144 3074 2205 3114 se

609 3163 740 3220 dare
761 3159 1031 3217 Christus.
1078 3157 1220 3212 Dicit
1255 3159 1438 3212 enim:
1478 3155 1674 3211 Pacem
1722 3172 1892 3211 meam
1936 3155 2004 3209 do
2035 3154 2198 3220 vobis,

606 3270 788 3326 pacem
817 3269 987 3308 meam
1020 3249 1254 3321 relinquo
1297 3251 1438 3306 vobis
1466 3291 1482 3318 ,
1531 3267 1635 3304 non
1677 3249 1812 3328 sicut
1859 3249 1943 3302 hic
1972 3247 2200 3302 mundus

605 3345 700 3400 dot
727 3360 931 3418 pacem,
967 3353 1016 3398 et
1061 3359 1156 3413 ego
1184 3341 1254 3396 do
1301 3343 1460 3397 vobis.
1516 3341 1689 3412 Negat
1732 3355 1862 3412 ergo
1907 3355 1967 3396 se
2013 3353 2204 3410 pacem

607 3439 796 3492 mundi
841 3437 970 3493 dare
1009 3436 1288 3506 discipulis
1313 3436 1444 3500 suis,
1487 3435 1614 3506 quia
1634 3443 1689 3490 et
1715 3435 1844 3490 alibi
1868 3434 2038 3490 dicit:
2079 3432 2206 3486 Non

607 3531 722 3586 ueni
743 3545 925 3600 pacem
947 3529 1169 3594 mittere,
1191 3528 1282 3582 sed
1297 3527 1551 3600 gladium.
1579 3529 1674 3584 Vis
1691 3543 1820 3599 ergo
1840 3528 2022 3584 videre
2041 3540 2206 3596 quam

608 3633 802 3690 pacem
829 3621 922 3674 dat
951 3621 1093 3675 Deus
1114 3634 1276 3690 super
1303 3631 1503 3676 terram
1537 3621 1823 3676 nostram?
1849 3620 1909 3675 Si
1941 3629 2088 3675 terra
2115 3618 2205 3672 illa

610 3709 774 3774 bona,
799 3724 919 3778 qua:
939 3709 1114 3764 adfert
1142 3709 1381 3764 fructum
1404 3711 1779 3774 centesimum,
1817 3720 1912 3765 aut
1933 3709 2206 3780 sexagesi-

608 3813 780 3864 mum,
819 3807 926 3852 etc.
963 3797 1180 3869 (Matth.
1210 3815 1332 3864 sui,
1355 3800 1617 3872 8),'illam
1649 3815 1841 3870 pacem
1876 3800 2134 3868 suscipiet
2170 3814 2203 3854 a

610 3886 741 3950 Deo,
769 3901 934 3957 quam
963 3888 1096 3942 dicit
1115 3889 1442 3957 Apostolus:
1483 3890 1602 3945 Pax
1629 3901 1805 3944 autem
1827 3889 1943 3955 Dei,
1974 3905 2092 3960 qtae
2115 3906 2206 3944 ex-

608 3989 821 4050 superat
851 3995 1059 4034 omnem
1113 3991 1355 4043 mentem,
1413 3981 1674 4036 custodiat
1717 3981 1880 4035 corda
1933 3991 2104 4036 uestra
2154 3989 2205 4035 et

609 4086 794 4126 sensus
815 4079 1007 4126 uestros
1033 4069 1254 4144 (Philip.
1279 4087 1356 4136 ιγ,
1385 4072 1460 4142 Ἰ).
1489 4073 1615 4128 Haec
1636 4080 1722 4128 est
1744 4088 1874 4144 ergo
1894 4089 2018 4144 pax,
2041 4087 2206 4142 quam

609 4163 706 4218 dat
733 4162 876 4218 Deus
900 4177 1066 4232 super
1095 4170 1296 4217 terram
1318 4172 1581 4218 nostram.

1101 4289 1504 4330 INTERROGATIO
1529 4290 1703 4329 XXXIII
1717 4313 1727 4327 ν

686 4364 966 4434 Quomodo
999 4365 1054 4420 in
1094 4366 1384 4438 Evangelio
1429 4367 1599 4431 dicit,
1645 4367 1838 4423 Omnia
1885 4384 2206 4440 quotcunque

614 4457 792 4513 audiui
813 4473 848 4512 a
878 4455 1040 4512 Patre
1069 4473 1204 4521 meo,
1251 4466 1375 4511 nota
1403 4457 1544 4512 vobis
1579 4457 1678 4529 feci
1708 4456 1891 4529 (Joan.
1928 4473 2018 4522 xv,
2069 4458 2157 4529 15)
2184 4477 2198 4512 :

615 4563 742 4607 cum
768 4547 884 4621 ipse
904 4551 1035 4605 item
1065 4549 1146 4604 ibi
1161 4558 1282 4619 post
1307 4549 1584 4619 paululum
1609 4551 1754 4606 dicat
1779 4565 1795 4604 :
1825 4551 2010 4606 Adhuc
2037 4551 2208 4606 multa

611 4643 779 4698 habeo
807 4642 980 4698 dicere
1007 4642 1168 4709 vobis,
1205 4641 1295 4697 sed
1317 4659 1422 4696 non
1459 4643 1670 4713 potestis
1703 4660 1766 4698 ea
1793 4653 2004 4714 portare
2049 4645 2206 4700 modo

615 4741 756 4807 (xw,
787 4732 880 4806 l2)
902 4733 928 4788 ?

1259 4841 1563 4882 RESPONSIO.

685 4917 841 4986 Quod
864 4918 1027 4985 dicit,
1069 4916 1261 4974 Omnia
1285 4934 1402 4990 qua:
1423 4918 1614 4973 audivi
1641 4935 1675 4972 a
1707 4916 1864 4972 Patre
1897 4933 2031 4983 meo,
2083 4927 2208 4974 nota

614 5007 758 5064 vobis
775 5007 877 5078 feci
900 5023 920 5063 :
949 5023 1057 5062 non
1082 5008 1207 5077 quia
1238 5021 1303 5062 ea
1325 5015 1452 5063 nota
1467 5006 1582 5075 jam
1605 5005 1842 5072 fecisset,
1869 5008 1963 5064 sed
1998 5023 2062 5064 ea
2087 5023 2208 5078 qua:

615 5100 686 5155 ad
715 5097 956 5153 futurum
991 5107 1120 5154 nota
1162 5097 1342 5154 facere
1386 5099 1611 5166 debuit,
1661 5097 1818 5154 dixit.
1869 5098 1949 5155 Ac
1981 5102 2208 5170 proinde

617 5190 956 5246 contrarium
985 5207 1094 5247 non
1113 5200 1196 5248 est
1215 5191 1336 5247 loco
1359 5191 1470 5257 isti,
1513 5190 1606 5245 ubi
1628 5189 1777 5254 dicit,
1829 5191 2012 5245 Adhuc
2040 5191 2206 5246 multa

619 5279 786 5336 habeo
819 5280 960 5336 vobis
995 5281 1206 5336 dicere:
1250 5283 1378 5352 quia
1427 5281 1617 5350 utique
1659 5281 1831 5336 multa
1865 5297 1964 5336 nos
2005 5283 2211 5339 utiliter

623 5371 835 5430 nescire
857 5373 913 5428 in
929 5373 1184 5442 praesenti
1209 5373 1468 5430 Dominus
1494 5373 1684 5440 voluit,
1715 5389 1835 5444 qua;
1859 5382 2039 5431 tamen
2065 5375 2211 5432 salu-

624 5465 797 5522 briter
816 5464 972 5520 nobis
997 5465 1051 5519 in
1075 5464 1315 5522 futurum
1349 5467 1566 5522 scienda
1593 5468 1853 5523 servabit.

1102 5548 1503 5615 isrennocsrio
1533 5573 1720 5614 xxxtv.

694 5641 830 5702 Cum
857 5645 1114 5704 Dominus
1141 5649 1194 5704 in
1232 5648 1521 5720 Evangelio
1541 5649 1706 5719 dicat,
1739 5648 2098 5723 Quodcunque
2123 5670 2212 5724 pe-

697 5768 722 5798 ι
748 5756 916 5825 Edit.,
947 5759 1283 5830 pra'dirator.

2301 1876 2460 1934 Jesus
2481 1889 2586 1945 est,
2613 1879 2771 1936 Jesus
2799 1891 2980 1937 autem
3017 1882 3282 1946 Salvator,
3336 1884 3414 1940 vel
3437 1884 3574 1938 etiam
3593 1881 3763 1938 salutatis

2303 1971 2503 2026 dicitur
2525 2013 2542 2037 ,
2581 1972 2671 2028 ille
2697 1988 2828 2045 ergo
2855 1975 2908 2028 in
2939 1975 3158 2030 nomine
3185 1975 3464 2029 Salvatoris
3488 1973 3611 2044 petit,
3642 1970 3706 2040 qui
3729 1969 3762 2022 id

2303 2065 2447 2133 quod
2474 2065 2544 2119 ad
2568 2064 2798 2120 salutem
2827 2067 3062 2134 pertinet
3085 2067 3221 2137 petit
3248 2083 3262 2131 ;
3309 2081 3426 2121 nam
3447 2065 3487 2120 si
3508 2065 3552 2118 id
3573 2061 3678 2133 quod
3697 2074 3764 2116 null

2301 2156 2520 2225 expedit
2552 2157 2775 2226 petitur,
2825 2173 2932 2212 non
2980 2158 3036 2212 in
3065 2159 3283 2214 nomine
3311 2157 3431 2213 Jesu
3467 2156 3631 2227 petitur
3647 2153 3763 2208 Pater.

2309 2246 2459 2304 Unde
2478 2255 2534 2302 et
2557 2248 2764 2304 eisdem
2787 2251 3048 2320 apostolis
3083 2253 3260 2307 adhuc
3285 2248 3630 2306 infirmantibus
3649 2243 3766 2328 Domi-

2303 2359 2408 2398 nus
2437 2343 2606 2400 dicit:
2642 2342 2821 2416 Usque
2841 2346 2999 2400 modo
3040 2363 3148 2400 non
3183 2347 3376 2418 petistis
3409 2339 3767 2414 quidquamne-

2303 2437 2443 2491 mine
2484 2453 2598 2492 meo
2631 2437 2812 2508 (Joan.
2848 2453 2963 2504 va,
2991 2437 3106 2509 24).
3153 2437 3233 2494 Ac
3270 2437 3316 2493 si
3356 2443 3523 2506 aperte
3553 2433 3766 2487 diceretur:

2304 2525 2422 2581 Non
2447 2525 2660 2596 petistis
2695 2526 2752 2581 in
2776 2527 3016 2605 nomine
3037 2526 3352 2592 Salvatoris,
3389 2529 3502 2596 quia
3517 2519 3770 2623 pestium-

2307 2627 2421 2674 tere
2448 2620 2478 2660 ιι
2499 2627 2758 2676 :eternam
2783 2621 3033 2676 salutem.
3051 2621 3193 2676 Hinc
3214 2619 3449 2690 estquod
3467 2613 3686 2671 et'Paulus
3703 2621 3770 2662 non

2304 2710 2612 2776 exauditur,
2649 2711 2778 2781 quia
2828 2711 2874 2767 si
2918 2711 3249 2770 liberaretur
3271 2727 3303 2766 a
3329 2707 3607 2772 tentatione,
3637 2701 3677 2758 ei
3705 2711 3772 2753 non

2303 2803 2562 2872 proderat
2589 2804 2660 2861 ad
2689 2807 2942 2863 salutem.

2335 2915 2342 2924 ο
2796 2894 3205 2954 ιητειιιιοᾱλτιο
3242 2911 3400 2951 xxxv.

2377 2987 2515 3045 Cum
2549 2989 2605 3045 in
2651 2989 2944 3062 Evangelio
2995 2989 3224 3047 Joannis
3260 2994 3557 3060 agnoscatur
3589 2977 3773 3036 Christum

2308 3077 2528 3142 dixisse,
2567 3079 2682 3151 Ego
2707 3080 2885 3152 palam
2915 3080 3120 3136 locutus
3155 3098 3272 3136 sum
3319 3079 3500 3134 mundo
3525 3080 3662 3148 (xvm,
3691 3067 3774 3138 90):

2307 3169 2578 3238 quomodo
2607 3171 2762 3241 quasi
2789 3187 2822 3226 e
2851 3179 3042 3228 contra
3069 3173 3126 3226 in
3153 3174 3342 3228 eodem
3368 3165 3618 3237 Evangelio
3639 3161 3778 3214 videtur

2303 3262 2622 3332 promisisse
2656 3265 2726 3319 ad
2759 3263 3054 3334 discipulos
3088 3278 3223 3320 suos
3259 3264 3470 3320 dicens:
3502 3257 3608 3346 Hac
3641 3253 3682 3306 in
3705 3263 3779 3346 pto-

2303 3352 2490 3407 verbiis
2517 3351 2722 3408 locutus
2746 3369 2862 3408 sum
2891 3354 3051 3416 vobis.
3088 3351 3241 3408 Venit
3283 3355 3408 3407 h'ora
3435 3363 3540 3403 cum
3560 3344 3654 3416 jam
3677 3344 3778 3392 noui!

2304 3443 2588 3514 proverbiis
2611 3443 2798 3516 loquar
2821 3444 2992 3510 vobis,
3037 3443 3129 3499 sed
3157 3443 3336 3516 palam
3381 3441 3442 3495 de
3469 3437 3601 3492 Patre
3619 3447 3702 3486 meo
3725 3443 3779 3480 tt-

2305 3533 2556 3587 nuntiabo
2585 3535 2727 3590 vobis
2753 3535 2936 3606 (Joan.
2967 3550 3079 3599 xvi,
3111 3533 3244 3606 25)?
3268 3534 3326 3589 Si
3367 3546 3486 3602 ergo
3511 3527 3620 3598 ipsis
3639 3518 3784 3587 wnjunr

2305 3627 2566 3682 ctioribus
2595 3626 2875 3696 discipulis
2899 3641 3008 3681 non
3037 3625 3364 3695 loquebatur
3405 3622 3563 3693 palam
3586 3615 3666 3687 (Bx
3693 3610 3781 3676 Αιιεο

2304 3724 2460 3770 tract.
2485 3715 2589 3772 115
2612 3717 2668 3770 in
2693 3717 2856 3772 Joaa.
2876 3715 3103 3786 Evang.,
3133 3733 3190 3770 n.
3217 3715 3319 3787 5.),
3341 3713 3431 3770 sed
3455 3715 3614 3768 horam
3637 3698 3785 3774 promit-

2305 3808 2456 3862 tebat
2485 3809 2702 3876 quando
2733 3807 2910 3878 palam
2947 3806 3124 3862 fuerat
3156 3807 3459 3869 locuturus,
3491 3795 3703 3872 quomodo
3723 3803 3784 3859 pt-

2304 3895 2411 3952 lam
2439 3897 2652 3953 locutus
2675 3906 2759 3954 est
2784 3898 3020 3953 mundo?
3045 3897 3252 3953 Deinde
3285 3897 3390 3953 illis
3416 3897 3548 3966 ipsis,
3577 3891 3687 3946 sicut
3705 3882 3787 3936 alio-

2258 4052 2263 4057 _
2304 4004 2427 4044 rum
2464 4005 2682 4060 quoque
2709 3990 3177 4061 Evangellstarum
3223 3998 3452 4045 testatur
3485 3967 3730 4041 auctor“.
3753 3969 3787 4024 ίπ
3831 4045 3840 4056 ,

2306 4098 2494 4138 eorum
2535 4084 2958 4154 comparatione,
2999 4083 3094 4152 qui
3135 4083 3386 4152 discipuli
3419 4079 3527 4152 ejus
3561 4089 3646 4128 non
3674 4070 3788 4124 erat.

2305 4175 2536 4229 multum
2563 4177 2752 4246 utique
2787 4175 3130 4230 manifestius
3157 4175 3494 4245 loquebatur,
3523 4163 3788 4238 quandoclﬂn

2307 4265 2436 4322 solis
2456 4275 2595 4334 erat,
2629 4276 2867 4324 remotus
2901 4283 2933 4322 a
2968 4267 3187 4333 turbis;
3217 4275 3347 4322 tunc
3391 4265 3525 4321 enim
3547 4261 3614 4316 eis
3631 4260 3790 4322 etpan'

2303 4357 2458 4412 bolas
2492 4358 2788 4426 aperiebat,
2817 4372 2954 4428 quas
2997 4357 3215 4413 clausas
3256 4355 3553 4427 proferebat
3593 4349 3648 4404 ad
3689 4340 3788 4396 alios-

2309 4450 2450 4518 Qllid
2498 4459 2584 4509 est
2617 4465 2768 4521 ergo,
2815 4450 2882 4504 In
2926 4450 3130 4506 occulto
3165 4450 3374 4506 locutus
3400 4464 3511 4505 sum
3546 4439 3654 4499 nihil
3673 4436 3788 4509 (1m

2311 4557 2470 4602 xvm.
2497 4542 2624 4602 20)?
2951 4531 2970 4548 ⁶

2951 4652 3258 4696 κεεροκειο.

2379 4727 2486 4784 Sed
2512 4727 2920 4799 intelligendum
2952 4728 3027 4784 ita
3061 4745 3186 4785 eum
3209 4729 3443 4790 dixisse,
3474 4724 3640 4781 Palam
3661 4715 3794 4771 lnam

2307 4838 2425 4876 sum
2449 4820 2674 4890 mundo,
2713 4838 2780 4878 ac
2805 4823 2850 4879 si
2877 4824 3140 4880 dixisset:
3173 4823 3326 4880 Multi
3361 4839 3446 4880 me
3481 4803 3796 4876 audierunL‘P'

2309 4927 2428 4968 sum
2459 4921 2639 4969 autem
2663 4913 2862 4985 palam,
2895 4915 3056 4971 modo
3083 4916 3319 4986 quodam
3361 4921 3476 4972 erat
3512 4895 3797 4984 palam.m0‘l°

2309 5014 2490 5060 autem
2527 5005 2760 5076 quodam
2799 5021 2906 5061 non
2931 5007 3270 5078 eratpalam.
3315 5006 3500 5064 Palam
3526 5001 3690 5075 ιιυίρρθ
3713 4996 3798 5051 θηίν

2309 5097 2434 5167 quia
2461 5097 2618 5152 multi
2666 5096 2989 5164 audiebant;
3031 5103 3086 5153 et
3127 5114 3348 5153 rursum
3389 5114 3494 5152 non
3541 5101 3643 5149 erat
3667 5082 3800 5157 palmi

2309 5189 2435 5258 quia
2487 5203 2595 5243 non
2629 5186 3018 5258 intelligebant.
3052 5187 3120 5242 Et
3157 5189 3306 5258 quod
3352 5199 3586 5244 seorsum
3610 5167 3803 5244 diwiwﬁ‘

2309 5278 2649 5348 loquebatur,
2674 5294 2780 5334 non
2817 5279 2872 5332 in
2911 5279 3124 5336 occulto
3161 5280 3353 5350 utique
3389 5279 3689 5349 loquebatur.
3719 5262 3804 5332 οιιίε

2312 5386 2544 5440 namque
2565 5371 2619 5425 in
2641 5370 2857 5426 occulto
2877 5371 3132 5442 loquitur,
3156 5371 3249 5442 qui
3275 5387 3461 5427 coram
3489 5376 3565 5424 tot
3581 5355 3806 5422 hominm

2311 5465 2570 5534 loquitur,
2595 5479 2716 5518 cum
2737 5464 2998 5534 scriptum
3018 5465 3110 5531 sit,
3140 5463 3207 5518 In
3230 5481 3324 5520 ore
3347 5465 3582 5524 duorum,
3607 5465 3682 5512 σία
3703 5448 3807 5505 "5"

2311 5557 2520 5612 testium
2555 5557 2710 5610 stabit
2734 5573 2885 5618 omne
2915 5557 3123 5613 uerbum
3157 5557 3341 5631 (Deut.
3373 5573 3486 5623 nx,
3521 5551 3634 5624 l5)?
3657 5547 3810 5620 pﬂw“

2313 5649 2411 5704 tim
2434 5647 2482 5703 si
2514 5648 2619 5704 hoc
2638 5647 2878 5717 loquitur
2896 5649 3100 5720 paucis,
3145 5650 3291 5720 quod
3323 5664 3423 5721 per
3461 5663 3551 5704 eos
3587 5637 3812 5702 velitint”

2384 5765 2415 5806 δ
2453 5762 2620 5830 Edit.,
2650 5779 2901 5834 qua’rcre.
