  <div class='ocr_page' id='page_1' title='image "/cluster/home/n/w/nwhite01/storage/ocr_20150623/96/hvd.32044015471204/346.png"; bbox 0 0 3974 6306; ppageno 0'>
   <div class='ocr_carea' id='block_1_1' title="bbox 185 314 288 377">
    <p class='ocr_par' dir='ltr' id='par_1_1' title="bbox 185 314 288 377">
     <span class='ocr_line' id='line_1_1' title="bbox 185 314 288 377; baseline -0.039 0"><span class='ocrx_word' id='word_1_1' title='bbox 185 314 288 377; x_wconf 65' lang='grc'><strong>881</strong></span> 
     </span>
    </p>
   </div>
   <div class='ocr_carea' id='block_1_2' title="bbox 1152 307 2454 402">
    <p class='ocr_par' dir='ltr' id='par_1_2' title="bbox 1152 307 2454 402">
     <span class='ocr_line' id='line_1_2' title="bbox 1152 307 2454 402; baseline 0.012 -18"><span class='ocrx_word' id='word_1_2' title='bbox 1152 328 1668 390; x_wconf 72' lang='grc' dir='ltr'><strong>ΑΝἸΊΚΕΙΜΕΝΩΝ</strong></span> <span class='ocrx_word' id='word_1_3' title='bbox 1698 332 1876 394; x_wconf 79' lang='lat' dir='ltr'><strong>unm</strong></span> <span class='ocrx_word' id='word_1_4' title='bbox 1914 337 2072 397; x_wconf 77' lang='lat' dir='ltr'><strong>suo.</strong></span> <span class='ocrx_word' id='word_1_5' title='bbox 2115 371 2182 382; x_wconf 65' lang='grc' dir='ltr'><strong>ς.</strong></span> <span class='ocrx_word' id='word_1_6' title='bbox 2220 343 2344 400; x_wconf 81' lang='lat' dir='ltr'><strong>un.</strong></span> <span class='ocrx_word' id='word_1_7' title='bbox 2377 307 2454 402; x_wconf 70' lang='grc' dir='ltr'><strong>ἠ.</strong></span> 
     </span>
    </p>
   </div>
   <div class='ocr_carea' id='block_1_3' title="bbox 3355 361 3464 423">
    <p class='ocr_par' dir='ltr' id='par_1_3' title="bbox 3355 361 3464 423">
     <span class='ocr_line' id='line_1_3' title="bbox 3355 361 3464 423; baseline 0.037 -3"><span class='ocrx_word' id='word_1_8' title='bbox 3355 361 3464 423; x_wconf 70' lang='grc'><strong>682</strong></span> 
     </span>
    </p>
   </div>
   <div class='ocr_carea' id='block_1_4' title="bbox 183 432 3462 546">
    <p class='ocr_par' dir='ltr' id='par_1_4' title="bbox 183 432 3462 546">
     <span class='ocr_line' id='line_1_4' title="bbox 183 432 3462 546; baseline 0.015 -59"><span class='ocrx_word' id='word_1_9' title='bbox 183 439 397 488; x_wconf 85' lang='lat' dir='ltr'><strong>tescere</strong></span> <span class='ocrx_word' id='word_1_10' title='bbox 423 432 625 500; x_wconf 86' lang='lat' dir='ltr'><strong>multis,</strong></span> <span class='ocrx_word' id='word_1_11' title='bbox 657 435 798 492; x_wconf 86' lang='lat' dir='ltr'><strong>sicut</strong></span> <span class='ocrx_word' id='word_1_12' title='bbox 826 437 940 508; x_wconf 87' lang='lat' dir='ltr'><strong>ipse</strong></span> <span class='ocrx_word' id='word_1_13' title='bbox 968 439 1224 500; x_wconf 87' lang='lat' dir='ltr'><strong>Dominus</strong></span> <span class='ocrx_word' id='word_1_14' title='bbox 1265 447 1342 501; x_wconf 98' lang='lat' dir='ltr'><strong>ait</strong></span> <span class='ocrx_word' id='word_1_15' title='bbox 1382 448 1487 504; x_wconf 87' lang='lat' dir='ltr'><strong>illis</strong></span> <span class='ocrx_word' id='word_1_16' title='bbox 1515 464 1650 519; x_wconf 88' lang='lat' dir='ltr'><strong>quos</strong></span> <span class='ocrx_word' id='word_1_17' title='bbox 1679 451 1772 506; x_wconf 89' lang='lat' dir='ltr'><strong>ad—</strong></span> <span class='ocrx_word' id='word_1_18' title='bbox 1801 456 1848 515; x_wconf 75' lang='grc' dir='ltr'>Α</span> <span class='ocrx_word' id='word_1_19' title='bbox 1875 452 2026 517; x_wconf 88' lang='lat' dir='ltr'><strong>dicit,</strong></span> <span class='ocrx_word' id='word_1_20' title='bbox 2071 456 2185 527; x_wconf 86' lang='lat' dir='ltr'><strong>Ego</strong></span> <span class='ocrx_word' id='word_1_21' title='bbox 2223 469 2396 514; x_wconf 84' lang='lat' dir='ltr'><strong>autem</strong></span> <span class='ocrx_word' id='word_1_22' title='bbox 2442 463 2669 518; x_wconf 82' lang='lat' dir='ltr'><strong>vivebam</strong></span> <span class='ocrx_word' id='word_1_23' title='bbox 2719 483 2830 524; x_wconf 71' lang='lat' dir='ltr'><strong>stne</strong></span> <span class='ocrx_word' id='word_1_24' title='bbox 2887 484 2995 541; x_wconf 63' lang='lat' dir='ltr'><strong>tege</strong></span> <span class='ocrx_word' id='word_1_25' title='bbox 3039 472 3343 546; x_wconf 74' lang='lat' dir='ltr'><strong>aliquando.</strong></span> <span class='ocrx_word' id='word_1_26' title='bbox 3392 479 3462 538; x_wconf 81' lang='lat' dir='ltr'><strong>Et</strong></span> 
     </span>
    </p>
   </div>
   <div class='ocr_carea' id='block_1_5' title="bbox 183 522 1771 607">
    <p class='ocr_par' dir='ltr' id='par_1_5' title="bbox 183 522 1771 607">
     <span class='ocr_line' id='line_1_5' title="bbox 183 522 1771 607; baseline 0.011 -29"><span class='ocrx_word' id='word_1_27' title='bbox 183 522 292 578; x_wconf 85' lang='lat' dir='ltr'><strong>huc</strong></span> <span class='ocrx_word' id='word_1_28' title='bbox 325 537 530 591; x_wconf 87' lang='lat' dir='ltr'><strong>paucos</strong></span> <span class='ocrx_word' id='word_1_29' title='bbox 576 524 849 580; x_wconf 88' lang='lat' dir='ltr'><strong>habebat:</strong></span> <span class='ocrx_word' id='word_1_30' title='bbox 884 526 1037 592; x_wconf 85' lang='lat' dir='ltr'><strong>Quod</strong></span> <span class='ocrx_word' id='word_1_31' title='bbox 1081 531 1198 588; x_wconf 87' lang='lat' dir='ltr'><strong>dico</strong></span> <span class='ocrx_word' id='word_1_32' title='bbox 1245 536 1386 590; x_wconf 88' lang='lat' dir='ltr'><strong>vobis</strong></span> <span class='ocrx_word' id='word_1_33' title='bbox 1431 538 1486 591; x_wconf 85' lang='lat' dir='ltr'><strong>in</strong></span> <span class='ocrx_word' id='word_1_34' title='bbox 1529 540 1771 607; x_wconf 84' lang='lat' dir='ltr'><strong>tenebris,</strong></span> 
     </span>
    </p>
   </div>
   <div class='ocr_carea' id='block_1_6' title="bbox 180 611 1774 698">
    <p class='ocr_par' dir='ltr' id='par_1_6' title="bbox 180 611 1774 698">
     <span class='ocr_line' id='line_1_6' title="bbox 180 611 1774 698; baseline 0.013 -34"><span class='ocrx_word' id='word_1_35' title='bbox 180 611 340 666; x_wconf 77' lang='lat' dir='ltr'><strong>dicite</strong></span> <span class='ocrx_word' id='word_1_36' title='bbox 383 614 437 667; x_wconf 84' lang='lat' dir='ltr'><strong>in</strong></span> <span class='ocrx_word' id='word_1_37' title='bbox 474 613 702 680; x_wconf 77' lang='lat' dir='ltr'><strong>lumine;</strong></span> <span class='ocrx_word' id='word_1_38' title='bbox 749 626 797 670; x_wconf 84' lang='lat' dir='ltr'><strong>et</strong></span> <span class='ocrx_word' id='word_1_39' title='bbox 831 618 970 688; x_wconf 79' lang='lat' dir='ltr'><strong>quod</strong></span> <span class='ocrx_word' id='word_1_40' title='bbox 997 620 1052 673; x_wconf 85' lang='lat' dir='ltr'><strong>in</strong></span> <span class='ocrx_word' id='word_1_41' title='bbox 1080 638 1206 676; x_wconf 84' lang='lat' dir='ltr'><strong>aure</strong></span> <span class='ocrx_word' id='word_1_42' title='bbox 1245 625 1460 692; x_wconf 86' lang='lat' dir='ltr'><strong>auditis,</strong></span> <span class='ocrx_word' id='word_1_43' title='bbox 1491 629 1774 698; x_wconf 74' lang='lat' dir='ltr'><strong>prwdicate</strong></span> 
     </span>
    </p>
   </div>
   <div class='ocr_carea' id='block_1_7' title="bbox 178 699 1772 788">
    <p class='ocr_par' dir='ltr' id='par_1_7' title="bbox 178 699 1772 788">
     <span class='ocr_line' id='line_1_7' title="bbox 178 699 1772 788; baseline 0.015 -36"><span class='ocrx_word' id='word_1_44' title='bbox 178 699 338 770; x_wconf 75' lang='lat' dir='ltr'><strong>super</strong></span> <span class='ocrx_word' id='word_1_45' title='bbox 361 713 498 756; x_wconf 83' lang='lat' dir='ltr'><strong>lecta</strong></span> <span class='ocrx_word' id='word_1_46' title='bbox 543 703 758 774; x_wconf 76' lang='lat' dir='ltr'><strong>(Matth.</strong></span> <span class='ocrx_word' id='word_1_47' title='bbox 785 722 839 772; x_wconf 82' lang='lat' dir='ltr'><strong>x,</strong></span> <span class='ocrx_word' id='word_1_48' title='bbox 877 707 990 779; x_wconf 72' lang='lat'><strong>27).</strong></span> <span class='ocrx_word' id='word_1_49' title='bbox 1020 708 1163 782; x_wconf 81' lang='lat' dir='ltr'><strong>Ergo</strong></span> <span class='ocrx_word' id='word_1_50' title='bbox 1193 719 1248 767; x_wconf 79' lang='lat' dir='ltr'><strong>et</strong></span> <span class='ocrx_word' id='word_1_51' title='bbox 1290 714 1393 770; x_wconf 94' lang='lat' dir='ltr'><strong>hoc</strong></span> <span class='ocrx_word' id='word_1_52' title='bbox 1431 716 1606 786; x_wconf 86' lang='lat' dir='ltr'><strong>ipsum</strong></span> <span class='ocrx_word' id='word_1_53' title='bbox 1629 720 1772 788; x_wconf 91' lang='lat' dir='ltr'><strong>quod</strong></span> 
     </span>
    </p>
   </div>
   <div class='ocr_carea' id='block_1_8' title="bbox 178 791 1772 870">
    <p class='ocr_par' dir='ltr' id='par_1_8' title="bbox 178 791 1772 870">
     <span class='ocr_line' id='line_1_8' title="bbox 178 791 1772 870; baseline 0.014 -26"><span class='ocrx_word' id='word_1_54' title='bbox 178 791 283 844; x_wconf 84' lang='lat' dir='ltr'><strong>dici</strong></span> <span class='ocrx_word' id='word_1_55' title='bbox 315 793 385 845; x_wconf 87' lang='lat' dir='ltr'><strong>ab</strong></span> <span class='ocrx_word' id='word_1_56' title='bbox 414 807 483 849; x_wconf 81' lang='lat' dir='ltr'><strong>eo</strong></span> <span class='ocrx_word' id='word_1_57' title='bbox 509 794 794 851; x_wconf 79' lang='lat' dir='ltr'><strong>videbatur</strong></span> <span class='ocrx_word' id='word_1_58' title='bbox 821 799 1049 863; x_wconf 91' lang='lat' dir='ltr'><strong>occulte,</strong></span> <span class='ocrx_word' id='word_1_59' title='bbox 1075 803 1470 870; x_wconf 81' lang='lat' dir='ltr'><strong>quodammodo</strong></span> <span class='ocrx_word' id='word_1_60' title='bbox 1495 823 1602 863; x_wconf 93' lang='lat' dir='ltr'><strong>non</strong></span> <span class='ocrx_word' id='word_1_61' title='bbox 1625 809 1772 866; x_wconf 85' lang='lat' dir='ltr'><strong>dice-</strong></span> 
     </span>
    </p>
   </div>
   <div class='ocr_carea' id='block_1_9' title="bbox 177 882 1773 964">
    <p class='ocr_par' dir='ltr' id='par_1_9' title="bbox 177 882 1773 964">
     <span class='ocr_line' id='line_1_9' title="bbox 177 882 1773 964; baseline 0.014 -30"><span class='ocrx_word' id='word_1_62' title='bbox 177 882 340 935; x_wconf 85' lang='lat' dir='ltr'><strong>batur</strong></span> <span class='ocrx_word' id='word_1_63' title='bbox 367 883 421 937; x_wconf 92' lang='lat' dir='ltr'><strong>iu</strong></span> <span class='ocrx_word' id='word_1_64' title='bbox 455 885 690 951; x_wconf 87' lang='lat' dir='ltr'><strong>occulto,</strong></span> <span class='ocrx_word' id='word_1_65' title='bbox 733 886 860 956; x_wconf 84' lang='lat' dir='ltr'><strong>quia</strong></span> <span class='ocrx_word' id='word_1_66' title='bbox 906 904 1014 944; x_wconf 90' lang='lat' dir='ltr'><strong>non</strong></span> <span class='ocrx_word' id='word_1_67' title='bbox 1038 890 1115 945; x_wconf 89' lang='lat' dir='ltr'><strong>ita</strong></span> <span class='ocrx_word' id='word_1_68' title='bbox 1159 893 1459 964; x_wconf 78' lang='lat' dir='ltr'><strong>dicebatur,</strong></span> <span class='ocrx_word' id='word_1_69' title='bbox 1496 906 1561 952; x_wconf 87' lang='lat' dir='ltr'><strong>ut</strong></span> <span class='ocrx_word' id='word_1_70' title='bbox 1600 899 1668 954; x_wconf 90' lang='lat' dir='ltr'><strong>ab</strong></span> <span class='ocrx_word' id='word_1_71' title='bbox 1693 901 1773 956; x_wconf 92' lang='lat' dir='ltr'><strong>eis</strong></span> 
     </span>
    </p>
   </div>
   <div class='ocr_carea' id='block_1_10' title="bbox 175 974 1773 1058">
    <p class='ocr_par' dir='ltr' id='par_1_10' title="bbox 175 974 1773 1058">
     <span class='ocr_line' id='line_1_10' title="bbox 175 974 1773 1058; baseline 0.014 -34"><span class='ocrx_word' id='word_1_72' title='bbox 175 974 373 1042; x_wconf 86' lang='lat' dir='ltr'><strong>quibus</strong></span> <span class='ocrx_word' id='word_1_73' title='bbox 417 976 621 1031; x_wconf 88' lang='lat' dir='ltr'><strong>dictum</strong></span> <span class='ocrx_word' id='word_1_74' title='bbox 649 977 828 1034; x_wconf 77' lang='lat' dir='ltr'><strong>fuerat</strong></span> <span class='ocrx_word' id='word_1_75' title='bbox 873 987 1174 1051; x_wconf 83' lang='lat' dir='ltr'><strong>taceretur;</strong></span> <span class='ocrx_word' id='word_1_76' title='bbox 1227 987 1323 1042; x_wconf 88' lang='lat' dir='ltr'><strong>sed</strong></span> <span class='ocrx_word' id='word_1_77' title='bbox 1345 987 1426 1042; x_wconf 90' lang='lat' dir='ltr'><strong>ita</strong></span> <span class='ocrx_word' id='word_1_78' title='bbox 1473 990 1674 1058; x_wconf 82' lang='lat' dir='ltr'><strong>potius,</strong></span> <span class='ocrx_word' id='word_1_79' title='bbox 1712 999 1773 1047; x_wconf 91' lang='lat' dir='ltr'><strong>ut</strong></span> 
     </span>
    </p>
   </div>
   <div class='ocr_carea' id='block_1_11' title="bbox 173 1069 998 1136">
    <p class='ocr_par' dir='ltr' id='par_1_11' title="bbox 173 1069 998 1136">
     <span class='ocr_line' id='line_1_11' title="bbox 173 1069 998 1136; baseline 0.015 -22"><span class='ocrx_word' id='word_1_80' title='bbox 173 1078 565 1134; x_wconf 80' lang='lat' dir='ltr'><strong>usquequaque</strong></span> <span class='ocrx_word' id='word_1_81' title='bbox 592 1069 998 1136; x_wconf 67' lang='lat' dir='ltr'><strong>prmdicaretur.</strong></span> 
     </span>
    </p>
   </div>
   <div class='ocr_carea' id='block_1_12' title="bbox 300 1155 1629 1228">
    <p class='ocr_par' dir='ltr' id='par_1_12' title="bbox 300 1155 1629 1228">
     <span class='ocr_line' id='line_1_12' title="bbox 300 1155 1629 1228; baseline 0.014 -20"><span class='ocrx_word' id='word_1_82' title='bbox 300 1155 397 1209; x_wconf 71' lang='lat' dir='ltr'><strong>EX</strong></span> <span class='ocrx_word' id='word_1_83' title='bbox 435 1156 772 1215; x_wconf 83' lang='lat' dir='ltr'><strong>EPISTOLA</strong></span> <span class='ocrx_word' id='word_1_84' title='bbox 809 1162 870 1215; x_wconf 86' lang='grc' dir='ltr'><strong>Β.</strong></span> <span class='ocrx_word' id='word_1_85' title='bbox 911 1163 1116 1221; x_wconf 87' lang='lat' dir='ltr'><strong>PAULI</strong></span> <span class='ocrx_word' id='word_1_86' title='bbox 1151 1165 1244 1220; x_wconf 86' lang='lat' dir='ltr'><strong>AD</strong></span> <span class='ocrx_word' id='word_1_87' title='bbox 1281 1166 1629 1228; x_wconf 81' lang='lat' dir='ltr'><strong>ROMANOS.</strong></span> 
     </span>
    </p>
   </div>
   <div class='ocr_carea' id='block_1_13' title="bbox 656 1267 1285 1313">
    <p class='ocr_par' dir='ltr' id='par_1_13' title="bbox 656 1267 1285 1313">
     <span class='ocr_line' id='line_1_13' title="bbox 656 1267 1285 1313; baseline 0.013 -8"><span class='ocrx_word' id='word_1_88' title='bbox 656 1267 1056 1311; x_wconf 68' lang='lat' dir='ltr'><strong>INTERROGATIO</strong></span> <span class='ocrx_word' id='word_1_89' title='bbox 1095 1272 1256 1313; x_wconf 71' lang='lat' dir='ltr'><strong>XXXVI</strong></span> <span class='ocrx_word' id='word_1_90' title='bbox 1271 1297 1285 1312; x_wconf 82' lang='lat'><strong>.</strong></span> 
     </span>
    </p>
   </div>
   <div class='ocr_carea' id='block_1_14' title="bbox 237 1335 1772 1420">
    <p class='ocr_par' dir='ltr' id='par_1_14' title="bbox 237 1335 1772 1420">
     <span class='ocr_line' id='line_1_14' title="bbox 237 1335 1772 1420; baseline 0.015 -30"><span class='ocrx_word' id='word_1_91' title='bbox 237 1335 527 1403; x_wconf 81' lang='lat' dir='ltr'><strong>Quomodo</strong></span> <span class='ocrx_word' id='word_1_92' title='bbox 575 1337 776 1398; x_wconf 85' lang='lat' dir='ltr'><strong>Paulus</strong></span> <span class='ocrx_word' id='word_1_93' title='bbox 825 1345 1102 1413; x_wconf 79' lang='lat' dir='ltr'><strong>apostolus</strong></span> <span class='ocrx_word' id='word_1_94' title='bbox 1158 1356 1447 1420; x_wconf 89' lang='lat' dir='ltr'><strong>utrumque</strong></span> <span class='ocrx_word' id='word_1_95' title='bbox 1504 1353 1638 1410; x_wconf 81' lang='lat' dir='ltr'><strong>dicit</strong></span> <span class='ocrx_word' id='word_1_96' title='bbox 1700 1356 1772 1413; x_wconf 87' lang='lat' dir='ltr'><strong>de</strong></span> 
     </span>
    </p>
   </div>
   <div class='ocr_carea' id='block_1_15' title="bbox 166 1432 1764 1512">
    <p class='ocr_par' dir='ltr' id='par_1_15' title="bbox 166 1432 1764 1512">
     <span class='ocr_line' id='line_1_15' title="bbox 166 1432 1764 1512; baseline 0.01 -26"><span class='ocrx_word' id='word_1_97' title='bbox 166 1432 407 1498; x_wconf 75' lang='lat' dir='ltr'><strong>Christo,</strong></span> <span class='ocrx_word' id='word_1_98' title='bbox 445 1447 567 1502; x_wconf 83' lang='lat' dir='ltr'><strong>quae</strong></span> <span class='ocrx_word' id='word_1_99' title='bbox 609 1435 714 1492; x_wconf 84' lang='lat' dir='ltr'><strong>sibi</strong></span> <span class='ocrx_word' id='word_1_100' title='bbox 749 1437 1008 1494; x_wconf 73' lang='lat' dir='ltr'><strong>videntur</strong></span> <span class='ocrx_word' id='word_1_101' title='bbox 1040 1455 1161 1496; x_wconf 89' lang='lat' dir='ltr'><strong>esse</strong></span> <span class='ocrx_word' id='word_1_102' title='bbox 1200 1444 1494 1512; x_wconf 87' lang='lat' dir='ltr'><strong>contraria,</strong></span> <span class='ocrx_word' id='word_1_103' title='bbox 1538 1445 1593 1502; x_wconf 89' lang='lat' dir='ltr'><strong>id</strong></span> <span class='ocrx_word' id='word_1_104' title='bbox 1643 1456 1764 1502; x_wconf 82' lang='lat' dir='ltr'><strong>est:</strong></span> 
     </span>
    </p>
   </div>
   <div class='ocr_carea' id='block_1_16' title="bbox 168 1519 1766 1591">
    <p class='ocr_par' dir='ltr' id='par_1_16' title="bbox 168 1519 1766 1591">
     <span class='ocr_line' id='line_1_16' title="bbox 168 1519 1766 1591; baseline 0.011 -18"><span class='ocrx_word' id='word_1_105' title='bbox 168 1519 274 1586; x_wconf 80' lang='lat' dir='ltr'><strong>Qui</strong></span> <span class='ocrx_word' id='word_1_106' title='bbox 323 1533 482 1577; x_wconf 87' lang='lat' dir='ltr'><strong>natus</strong></span> <span class='ocrx_word' id='word_1_107' title='bbox 530 1534 606 1578; x_wconf 82' lang='lat' dir='ltr'><strong>est</strong></span> <span class='ocrx_word' id='word_1_108' title='bbox 653 1542 719 1580; x_wconf 74' lang='lat' dir='ltr'><strong>ea:</strong></span> <span class='ocrx_word' id='word_1_109' title='bbox 765 1528 960 1583; x_wconf 85' lang='lat' dir='ltr'><strong>semine</strong></span> <span class='ocrx_word' id='word_1_110' title='bbox 1003 1529 1173 1586; x_wconf 84' lang='lat' dir='ltr'><strong>David</strong></span> <span class='ocrx_word' id='word_1_111' title='bbox 1217 1533 1504 1589; x_wconf 79' lang='lat' dir='ltr'><strong>secundum</strong></span> <span class='ocrx_word' id='word_1_112' title='bbox 1556 1551 1766 1591; x_wconf 81' lang='lat' dir='ltr'><strong>carnem</strong></span> 
     </span>
    </p>
   </div>
   <div class='ocr_carea' id='block_1_17' title="bbox 164 1609 1767 1686">
    <p class='ocr_par' dir='ltr' id='par_1_17' title="bbox 164 1609 1767 1686">
     <span class='ocr_line' id='line_1_17' title="bbox 164 1609 1767 1686; baseline 0.011 -22"><span class='ocrx_word' id='word_1_113' title='bbox 164 1609 350 1680; x_wconf 85' lang='lat' dir='ltr'><strong>(Rom.</strong></span> <span class='ocrx_word' id='word_1_114' title='bbox 390 1630 430 1679; x_wconf 82' lang='grc' dir='ltr'><strong>ι,</strong></span> <span class='ocrx_word' id='word_1_115' title='bbox 454 1614 531 1686; x_wconf 77' lang='grc'><strong>5),</strong></span> <span class='ocrx_word' id='word_1_116' title='bbox 560 1615 645 1670; x_wconf 84' lang='lat' dir='ltr'><strong>vel</strong></span> <span class='ocrx_word' id='word_1_117' title='bbox 671 1624 867 1673; x_wconf 74' lang='lat' dir='ltr'><strong>eaztera</strong></span> <span class='ocrx_word' id='word_1_118' title='bbox 895 1618 1058 1686; x_wconf 87' lang='lat' dir='ltr'><strong>talia;</strong></span> <span class='ocrx_word' id='word_1_119' title='bbox 1087 1630 1142 1677; x_wconf 89' lang='lat' dir='ltr'><strong>et</strong></span> <span class='ocrx_word' id='word_1_120' title='bbox 1165 1636 1198 1677; x_wconf 91' lang='lat' dir='ltr'><strong>e</strong></span> <span class='ocrx_word' id='word_1_121' title='bbox 1221 1632 1408 1678; x_wconf 91' lang='lat' dir='ltr'><strong>contra</strong></span> <span class='ocrx_word' id='word_1_122' title='bbox 1450 1639 1464 1678; x_wconf 90' lang='lat'><strong>:</strong></span> <span class='ocrx_word' id='word_1_123' title='bbox 1498 1623 1568 1680; x_wconf 87' lang='lat' dir='ltr'><strong>Et</strong></span> <span class='ocrx_word' id='word_1_124' title='bbox 1594 1627 1639 1680; x_wconf 88' lang='lat' dir='ltr'><strong>si</strong></span> <span class='ocrx_word' id='word_1_125' title='bbox 1673 1643 1767 1682; x_wconf 85' lang='lat' dir='ltr'><strong>no-</strong></span> 
     </span>
    </p>
   </div>
   <div class='ocr_carea' id='block_1_18' title="bbox 1873 546 3460 630">
    <p class='ocr_par' dir='ltr' id='par_1_18' title="bbox 1873 546 3460 630">
     <span class='ocr_line' id='line_1_18' title="bbox 1873 546 3460 630; baseline 0.022 -34"><span class='ocrx_word' id='word_1_126' title='bbox 1873 547 2087 613; x_wconf 87' lang='lat' dir='ltr'><strong>quando</strong></span> <span class='ocrx_word' id='word_1_127' title='bbox 2115 546 2309 604; x_wconf 82' lang='lat' dir='ltr'><strong>Paulus</strong></span> <span class='ocrx_word' id='word_1_128' title='bbox 2337 551 2453 608; x_wconf 92' lang='lat' dir='ltr'><strong>sine</strong></span> <span class='ocrx_word' id='word_1_129' title='bbox 2477 553 2594 625; x_wconf 84' lang='lat' dir='ltr'><strong>lege</strong></span> <span class='ocrx_word' id='word_1_130' title='bbox 2620 557 2771 625; x_wconf 73' lang='lat' dir='ltr'><strong>vixit,</strong></span> <span class='ocrx_word' id='word_1_131' title='bbox 2809 563 2902 630; x_wconf 85' lang='lat' dir='ltr'><strong>qui</strong></span> <span class='ocrx_word' id='word_1_132' title='bbox 2943 580 3154 621; x_wconf 86' lang='lat' dir='ltr'><strong>rursum</strong></span> <span class='ocrx_word' id='word_1_133' title='bbox 3181 569 3460 630; x_wconf 87' lang='lat' dir='ltr'><strong>desemet-</strong></span> 
     </span>
    </p>
   </div>
   <div class='ocr_carea' id='block_1_19' title="bbox 1873 633 3454 733">
    <p class='ocr_par' dir='ltr' id='par_1_19' title="bbox 1873 633 3454 733">
     <span class='ocr_line' id='line_1_19' title="bbox 1873 633 3454 733; baseline 0.023 -47"><span class='ocrx_word' id='word_1_134' title='bbox 1873 633 1988 702; x_wconf 88' lang='lat' dir='ltr'><strong>ipso</strong></span> <span class='ocrx_word' id='word_1_135' title='bbox 2035 637 2166 693; x_wconf 89' lang='lat' dir='ltr'><strong>dicit</strong></span> <span class='ocrx_word' id='word_1_136' title='bbox 2211 641 2678 702; x_wconf 88' lang='lat' dir='ltr'><strong>circumcisionem</strong></span> <span class='ocrx_word' id='word_1_137' title='bbox 2732 661 2924 710; x_wconf 88' lang='lat' dir='ltr'><strong>octavo</strong></span> <span class='ocrx_word' id='word_1_138' title='bbox 2969 658 3057 712; x_wconf 86' lang='lat' dir='ltr'><strong>die</strong></span> <span class='ocrx_word' id='word_1_139' title='bbox 3115 674 3176 714; x_wconf 89' lang='lat' dir='ltr'><strong>se</strong></span> <span class='ocrx_word' id='word_1_140' title='bbox 3223 662 3454 733; x_wconf 87' lang='lat' dir='ltr'><strong>habere,</strong></span> 
     </span>
    </p>
   </div>
   <div class='ocr_carea' id='block_1_20' title="bbox 1872 721 3457 828">
    <p class='ocr_par' dir='ltr' id='par_1_20' title="bbox 1872 721 3457 828">
     <span class='ocr_line' id='line_1_20' title="bbox 1872 721 3457 828; baseline 0.024 -52"><span class='ocrx_word' id='word_1_141' title='bbox 1872 721 2156 781; x_wconf 70' lang='lat' dir='ltr'><strong>Ilebrwum</strong></span> <span class='ocrx_word' id='word_1_142' title='bbox 2179 745 2245 783; x_wconf 79' lang='lat' dir='ltr'><strong>ea;</strong></span> <span class='ocrx_word' id='word_1_143' title='bbox 2276 727 2512 790; x_wconf 62' lang='lat' dir='ltr'><strong>Hebraeis</strong></span> <span class='ocrx_word' id='word_1_144' title='bbox 2540 736 2793 812; x_wconf 74' lang='lat' dir='ltr'><strong>(Philipp.</strong></span> <span class='ocrx_word' id='word_1_145' title='bbox 2818 745 3006 818; x_wconf 69' lang='lat'><strong>111,5);</strong></span> <span class='ocrx_word' id='word_1_146' title='bbox 3036 721 3457 828; x_wconf 69' lang='lat' dir='ltr'><strong>quornodoergo</strong></span> 
     </span>
    </p>
   </div>
   <div class='ocr_carea' id='block_1_21' title="bbox 1870 820 3457 918">
    <p class='ocr_par' dir='ltr' id='par_1_21' title="bbox 1870 820 3457 918">
     <span class='ocr_line' id='line_1_21' title="bbox 1870 820 3457 918; baseline 0.025 -51"><span class='ocrx_word' id='word_1_147' title='bbox 1870 826 2056 870; x_wconf 87' lang='lat' dir='ltr'><strong>verum</strong></span> <span class='ocrx_word' id='word_1_148' title='bbox 2098 820 2204 875; x_wconf 89' lang='lat' dir='ltr'><strong>erit</strong></span> <span class='ocrx_word' id='word_1_149' title='bbox 2243 837 2370 880; x_wconf 90' lang='lat' dir='ltr'><strong>eum</strong></span> <span class='ocrx_word' id='word_1_150' title='bbox 2413 827 2704 897; x_wconf 86' lang='lat' dir='ltr'><strong>aliquando</strong></span> <span class='ocrx_word' id='word_1_151' title='bbox 2749 835 2866 893; x_wconf 86' lang='lat' dir='ltr'><strong>sine</strong></span> <span class='ocrx_word' id='word_1_152' title='bbox 2910 837 3028 908; x_wconf 82' lang='lat' dir='ltr'><strong>lege</strong></span> <span class='ocrx_word' id='word_1_153' title='bbox 3079 843 3312 912; x_wconf 82' lang='lat' dir='ltr'><strong>vixisse,</strong></span> <span class='ocrx_word' id='word_1_154' title='bbox 3361 820 3457 918; x_wconf 70' lang='lat' dir='ltr'><strong>un</strong></span> 
     </span>
    </p>
   </div>
   <div class='ocr_carea' id='block_1_22' title="bbox 1870 910 3457 998">
    <p class='ocr_par' dir='ltr' id='par_1_22' title="bbox 1870 910 3457 998">
     <span class='ocr_line' id='line_1_22' title="bbox 1870 910 3457 998; baseline 0.025 -39"><span class='ocrx_word' id='word_1_155' title='bbox 1870 913 2059 962; x_wconf 80' lang='lat' dir='ltr'><strong>octava</strong></span> <span class='ocrx_word' id='word_1_156' title='bbox 2093 910 2180 968; x_wconf 89' lang='lat' dir='ltr'><strong>die</strong></span> <span class='ocrx_word' id='word_1_157' title='bbox 2214 915 2510 974; x_wconf 87' lang='lat' dir='ltr'><strong>nativitatis</strong></span> <span class='ocrx_word' id='word_1_158' title='bbox 2539 936 2652 978; x_wconf 73' lang='lat' dir='ltr'><strong>sua:</strong></span> <span class='ocrx_word' id='word_1_159' title='bbox 2691 926 2902 996; x_wconf 77' lang='lat' dir='ltr'><strong>signum</strong></span> <span class='ocrx_word' id='word_1_160' title='bbox 2932 910 3457 998; x_wconf 69' lang='lat' dir='ltr'><strong>circumcisionisex</strong></span> 
     </span>
    </p>
   </div>
   <div class='ocr_carea' id='block_1_23' title="bbox 1868 997 3456 1092">
    <p class='ocr_par' dir='ltr' id='par_1_23' title="bbox 1868 997 3456 1092">
     <span class='ocr_line' id='line_1_23' title="bbox 1868 997 3456 1092; baseline 0.025 -40"><span class='ocrx_word' id='word_1_161' title='bbox 1868 997 1987 1071; x_wconf 88' lang='lat' dir='ltr'><strong>lege</strong></span> <span class='ocrx_word' id='word_1_162' title='bbox 2019 1006 2288 1074; x_wconf 86' lang='lat' dir='ltr'><strong>suscepit?</strong></span> <span class='ocrx_word' id='word_1_163' title='bbox 2314 1007 2466 1066; x_wconf 88' lang='lat' dir='ltr'><strong>Unde</strong></span> <span class='ocrx_word' id='word_1_164' title='bbox 2489 1021 2702 1071; x_wconf 87' lang='lat' dir='ltr'><strong>constat</strong></span> <span class='ocrx_word' id='word_1_165' title='bbox 2746 1027 2877 1077; x_wconf 83' lang='lat' dir='ltr'><strong>tunc</strong></span> <span class='ocrx_word' id='word_1_166' title='bbox 2904 1022 3022 1080; x_wconf 81' lang='lat' dir='ltr'><strong>ﬁeri</strong></span> <span class='ocrx_word' id='word_1_167' title='bbox 3050 1026 3323 1088; x_wconf 85' lang='lat' dir='ltr'><strong>hominem</strong></span> <span class='ocrx_word' id='word_1_168' title='bbox 3351 997 3456 1092; x_wconf 85' lang='lat' dir='ltr'><strong>sub</strong></span> 
     </span>
    </p>
   </div>
   <div class='ocr_carea' id='block_1_24' title="bbox 1868 1088 3458 1190">
    <p class='ocr_par' dir='ltr' id='par_1_24' title="bbox 1868 1088 3458 1190">
     <span class='ocr_line' id='line_1_24' title="bbox 1868 1088 3458 1190; baseline 0.025 -46"><span class='ocrx_word' id='word_1_169' title='bbox 1868 1088 2005 1161; x_wconf 86' lang='lat' dir='ltr'><strong>lege,</strong></span> <span class='ocrx_word' id='word_1_170' title='bbox 2035 1097 2250 1163; x_wconf 88' lang='lat' dir='ltr'><strong>quando</strong></span> <span class='ocrx_word' id='word_1_171' title='bbox 2275 1099 2343 1156; x_wconf 88' lang='lat' dir='ltr'><strong>ad</strong></span> <span class='ocrx_word' id='word_1_172' title='bbox 2369 1101 2422 1157; x_wconf 90' lang='lat' dir='ltr'><strong>id</strong></span> <span class='ocrx_word' id='word_1_173' title='bbox 2449 1106 2625 1162; x_wconf 67' lang='lat' dir='ltr'><strong>aetatis</strong></span> <span class='ocrx_word' id='word_1_174' title='bbox 2650 1111 2875 1177; x_wconf 76' lang='lat' dir='ltr'><strong>venerit,</strong></span> <span class='ocrx_word' id='word_1_175' title='bbox 2901 1123 2961 1169; x_wconf 89' lang='lat' dir='ltr'><strong>ut</strong></span> <span class='ocrx_word' id='word_1_176' title='bbox 2983 1115 3183 1189; x_wconf 80' lang='lat' dir='ltr'><strong>eligere</strong></span> <span class='ocrx_word' id='word_1_177' title='bbox 3207 1088 3458 1190; x_wconf 82' lang='lat' dir='ltr'><strong>possit</strong></span> 
     </span>
    </p>
   </div>
   <div class='ocr_carea' id='block_1_25' title="bbox 1867 1179 3454 1277">
    <p class='ocr_par' dir='ltr' id='par_1_25' title="bbox 1867 1179 3454 1277">
     <span class='ocr_line' id='line_1_25' title="bbox 1867 1179 3454 1277; baseline 0.025 -43"><span class='ocrx_word' id='word_1_178' title='bbox 1867 1179 2176 1277; x_wconf 87' lang='lat' dir='ltr'><strong>discernere</strong></span> <span class='ocrx_word' id='word_1_179' title='bbox 2197 1189 2326 1258; x_wconf 88' lang='lat' dir='ltr'><strong>quid</strong></span> <span class='ocrx_word' id='word_1_180' title='bbox 2353 1192 2426 1246; x_wconf 91' lang='lat' dir='ltr'><strong>sit</strong></span> <span class='ocrx_word' id='word_1_181' title='bbox 2457 1192 2561 1262; x_wconf 79' lang='lat' dir='ltr'><strong>lex,</strong></span> <span class='ocrx_word' id='word_1_182' title='bbox 2602 1211 2702 1255; x_wconf 90' lang='lat' dir='ltr'><strong>nec</strong></span> <span class='ocrx_word' id='word_1_183' title='bbox 2725 1201 2879 1271; x_wconf 89' lang='lat' dir='ltr'><strong>prius</strong></span> <span class='ocrx_word' id='word_1_184' title='bbox 2909 1203 3042 1277; x_wconf 82' lang='lat' dir='ltr'><strong>legis</strong></span> <span class='ocrx_word' id='word_1_185' title='bbox 3057 1179 3227 1268; x_wconf 68' lang='lat' dir='ltr'><strong>ullius</strong></span> 
     </span>
    </p>
   </div>
   <div class='ocr_carea' id='block_1_26' title="bbox 1867 1275 3454 1363">
    <p class='ocr_par' dir='ltr' id='par_1_26' title="bbox 1867 1275 3454 1363">
     <span class='ocr_line' id='line_1_26' title="bbox 1867 1275 3454 1363; baseline 0.024 -37"><span class='ocrx_word' id='word_1_186' title='bbox 1867 1286 2024 1330; x_wconf 83' lang='lat' dir='ltr'><strong>secus</strong></span> <span class='ocrx_word' id='word_1_187' title='bbox 2056 1275 2246 1348; x_wconf 87' lang='lat' dir='ltr'><strong>jugum</strong></span> <span class='ocrx_word' id='word_1_188' title='bbox 2283 1285 2577 1356; x_wconf 85' lang='lat' dir='ltr'><strong>suscipere,</strong></span> <span class='ocrx_word' id='word_1_189' title='bbox 2616 1304 2779 1360; x_wconf 86' lang='lat' dir='ltr'><strong>quam</strong></span> <span class='ocrx_word' id='word_1_190' title='bbox 2827 1275 3052 1356; x_wconf 71' lang='lat' dir='ltr'><strong>interna:</strong></span> <span class='ocrx_word' id='word_1_191' title='bbox 3098 1309 3154 1357; x_wconf 89' lang='lat' dir='ltr'><strong>et</strong></span> <span class='ocrx_word' id='word_1_192' title='bbox 3189 1306 3454 1363; x_wconf 88' lang='lat' dir='ltr'><strong>naturalis</strong></span> 
     </span>
    </p>
   </div>
   <div class='ocr_carea' id='block_1_27' title="bbox 1867 1364 3454 1463">
    <p class='ocr_par' dir='ltr' id='par_1_27' title="bbox 1867 1364 3454 1463">
     <span class='ocr_line' id='line_1_27' title="bbox 1867 1364 3454 1463; baseline 0.024 -44"><span class='ocrx_word' id='word_1_193' title='bbox 1867 1364 2002 1463; x_wconf 79' lang='lat' dir='ltr'><strong>legis</strong></span> <span class='ocrx_word' id='word_1_194' title='bbox 2046 1368 2246 1463; x_wconf 68' lang='lat' dir='ltr'><strong>habere</strong></span> <span class='ocrx_word' id='word_1_195' title='bbox 2276 1374 2501 1447; x_wconf 82' lang='lat' dir='ltr'><strong>incipiat</strong></span> <span class='ocrx_word' id='word_1_196' title='bbox 2524 1380 2855 1441; x_wconf 77' lang='lat' dir='ltr'><strong>firmitatem.</strong></span> <span class='ocrx_word' id='word_1_197' title='bbox 2888 1388 3129 1463; x_wconf 86' lang='lat' dir='ltr'><strong>Denique</strong></span> <span class='ocrx_word' id='word_1_198' title='bbox 3164 1395 3221 1451; x_wconf 92' lang='lat' dir='ltr'><strong>in</strong></span> <span class='ocrx_word' id='word_1_199' title='bbox 3262 1411 3329 1454; x_wconf 90' lang='lat' dir='ltr'><strong>eo</strong></span> <span class='ocrx_word' id='word_1_200' title='bbox 3357 1400 3454 1457; x_wconf 86' lang='lat' dir='ltr'><strong>ubi</strong></span> 
     </span>
    </p>
   </div>
   <div class='ocr_carea' id='block_1_28' title="bbox 1867 1455 3450 1552">
    <p class='ocr_par' dir='ltr' id='par_1_28' title="bbox 1867 1455 3450 1552">
     <span class='ocr_line' id='line_1_28' title="bbox 1867 1455 3450 1552; baseline 0.023 -44"><span class='ocrx_word' id='word_1_201' title='bbox 1867 1455 2022 1552; x_wconf 73' lang='lat' dir='ltr'><strong>dixit,</strong></span> <span class='ocrx_word' id='word_1_202' title='bbox 2042 1457 2156 1552; x_wconf 50' lang='lat' dir='ltr'><strong>Rga</strong></span> <span class='ocrx_word' id='word_1_203' title='bbox 2181 1472 2356 1520; x_wconf 81' lang='lat' dir='ltr'><strong>autem</strong></span> <span class='ocrx_word' id='word_1_204' title='bbox 2378 1468 2604 1526; x_wconf 79' lang='lat' dir='ltr'><strong>vivebam</strong></span> <span class='ocrx_word' id='word_1_205' title='bbox 2621 1474 2732 1529; x_wconf 78' lang='lat' dir='ltr'><strong>sine</strong></span> <span class='ocrx_word' id='word_1_206' title='bbox 2753 1475 2863 1548; x_wconf 79' lang='lat' dir='ltr'><strong>lege</strong></span> <span class='ocrx_word' id='word_1_207' title='bbox 2890 1455 3195 1552; x_wconf 72' lang='lat' dir='ltr'><strong>aliquando,</strong></span> <span class='ocrx_word' id='word_1_208' title='bbox 3214 1455 3450 1546; x_wconf 59' lang='lat' dir='ltr'><strong>addiditi</strong></span> 
     </span>
    </p>
   </div>
   <div class='ocr_carea' id='block_1_29' title="bbox 1868 1543 3451 1649">
    <p class='ocr_par' dir='ltr' id='par_1_29' title="bbox 1868 1543 3451 1649">
     <span class='ocr_line' id='line_1_29' title="bbox 1868 1543 3451 1649; baseline 0.025 -51"><span class='ocrx_word' id='word_1_209' title='bbox 1868 1543 2087 1649; x_wconf 46' lang='grc' dir='ltr'><strong>ἔθα-ιιὸὶ</strong></span> <span class='ocrx_word' id='word_1_210' title='bbox 2113 1553 2246 1608; x_wconf 80' lang='lat' dir='ltr'><strong>venit</strong></span> <span class='ocrx_word' id='word_1_211' title='bbox 2265 1556 2590 1629; x_wconf 82' lang='lat' dir='ltr'><strong>mandatum,</strong></span> <span class='ocrx_word' id='word_1_212' title='bbox 2625 1543 2894 1634; x_wconf 73' lang='lat' dir='ltr'><strong>peccatum</strong></span> <span class='ocrx_word' id='word_1_213' title='bbox 2930 1543 3112 1628; x_wconf 71' lang='lat' dir='ltr'><strong>revixit</strong></span> <span class='ocrx_word' id='word_1_214' title='bbox 3145 1543 3324 1649; x_wconf 81' lang='lat' dir='ltr'><strong>(Rom.</strong></span> <span class='ocrx_word' id='word_1_215' title='bbox 3349 1543 3451 1648; x_wconf 59' lang='lat' dir='ltr'><strong>vn,</strong></span> 
     </span>
    </p>
   </div>
   <div class='ocr_carea' id='block_1_30' title="bbox 1867 1636 3447 1740">
    <p class='ocr_par' dir='ltr' id='par_1_30' title="bbox 1867 1636 3447 1740">
     <span class='ocr_line' id='line_1_30' title="bbox 1867 1636 3447 1740; baseline 0.024 -49"><span class='ocrx_word' id='word_1_216' title='bbox 1867 1636 1944 1740; x_wconf 69' lang='grc' dir='ltr'><strong>9)ἶ</strong></span> <span class='ocrx_word' id='word_1_217' title='bbox 1973 1638 2030 1740; x_wconf 75' lang='lat' dir='ltr'><strong>in</strong></span> <span class='ocrx_word' id='word_1_218' title='bbox 2056 1656 2164 1712; x_wconf 90' lang='lat' dir='ltr'><strong>quo</strong></span> <span class='ocrx_word' id='word_1_219' title='bbox 2187 1642 2308 1740; x_wconf 74' lang='lat' dir='ltr'><strong>,hoc</strong></span> <span class='ocrx_word' id='word_1_220' title='bbox 2351 1657 2434 1705; x_wconf 89' lang='lat' dir='ltr'><strong>est</strong></span> <span class='ocrx_word' id='word_1_221' title='bbox 2477 1653 2621 1722; x_wconf 82' lang='lat' dir='ltr'><strong>quod</strong></span> <span class='ocrx_word' id='word_1_222' title='bbox 2663 1662 2917 1729; x_wconf 86' lang='lat' dir='ltr'><strong>ostendit,</strong></span> <span class='ocrx_word' id='word_1_223' title='bbox 2943 1665 3070 1734; x_wconf 85' lang='lat' dir='ltr'><strong>quia</strong></span> <span class='ocrx_word' id='word_1_224' title='bbox 3097 1636 3167 1724; x_wconf 49' lang='lat' dir='ltr'><strong>in‘</strong></span> <span class='ocrx_word' id='word_1_225' title='bbox 3195 1636 3447 1740; x_wconf 69' lang='lat' dir='ltr'><strong>pueritia,</strong></span> 
     </span>
    </p>
   </div>
   <div class='ocr_carea' id='block_1_31' title="bbox 164 1704 3446 1834">
    <p class='ocr_par' dir='ltr' id='par_1_31' title="bbox 164 1704 3446 1834">
     <span class='ocr_line' id='line_1_31' title="bbox 1902 1704 3425 1729; baseline 0.005 -8"><span class='ocrx_word' id='word_1_226' title='bbox 1902 1704 1908 1705; x_wconf 46' lang='grc' dir='ltr'>ί</span> <span class='ocrx_word' id='word_1_227' title='bbox 2071 1704 2088 1712; x_wconf 91' lang='grc'><strong>-</strong></span> <span class='ocrx_word' id='word_1_228' title='bbox 2188 1704 2198 1710; x_wconf 90' lang='grc'>·</span> <span class='ocrx_word' id='word_1_229' title='bbox 2422 1704 2426 1705; x_wconf 60' lang='grc'><strong><em>⁷</em></strong></span> <span class='ocrx_word' id='word_1_230' title='bbox 2486 1704 2621 1722; x_wconf 66' lang='grc'><strong>1-⁷-</strong></span> <span class='ocrx_word' id='word_1_231' title='bbox 2665 1704 2896 1717; x_wconf 70' lang='grc' dir='ltr'><strong>-ι--νιιυιιι</strong></span> <span class='ocrx_word' id='word_1_232' title='bbox 2983 1704 3070 1722; x_wconf 68' lang='lat' dir='ltr'><strong>uia</strong></span> <span class='ocrx_word' id='word_1_233' title='bbox 3097 1704 3152 1724; x_wconf 77' lang='lat' dir='ltr'><strong>lu</strong></span> <span class='ocrx_word' id='word_1_234' title='bbox 3234 1704 3425 1729; x_wconf 69' lang='grc' dir='ltr'>ιιῠιιιια</span> 
     </span>
     <span class='ocr_line' id='line_1_32' title="bbox 164 1704 3446 1834; baseline 0.02 -79"><span class='ocrx_word' id='word_1_235' title='bbox 164 1719 408 1758; x_wconf 72' lang='lat' dir='ltr'><strong>seramus</strong></span> <span class='ocrx_word' id='word_1_236' title='bbox 437 1704 702 1760; x_wconf 75' lang='lat' dir='ltr'><strong>Christum</strong></span> <span class='ocrx_word' id='word_1_237' title='bbox 746 1708 1033 1764; x_wconf 79' lang='lat' dir='ltr'><strong>secundum</strong></span> <span class='ocrx_word' id='word_1_238' title='bbox 1074 1727 1304 1779; x_wconf 87' lang='lat' dir='ltr'><strong>carnem,</strong></span> <span class='ocrx_word' id='word_1_239' title='bbox 1341 1713 1431 1769; x_wconf 86' lang='lat' dir='ltr'><strong>sed</strong></span> <span class='ocrx_word' id='word_1_240' title='bbox 1467 1716 1585 1786; x_wconf 86' lang='lat' dir='ltr'><strong>jam</strong></span> <span class='ocrx_word' id='word_1_241' title='bbox 1626 1733 1763 1772; x_wconf 81' lang='lat' dir='ltr'><strong>nunc</strong></span> <span class='ocrx_word' id='word_1_242' title='bbox 1795 1727 2179 1834; x_wconf 66' lang='lat' dir='ltr'><strong>npriusquam</strong></span> <span class='ocrx_word' id='word_1_243' title='bbox 2207 1736 2590 1799; x_wconf 82' lang='lat' dir='ltr'><strong>discretionem</strong></span> <span class='ocrx_word' id='word_1_244' title='bbox 2627 1748 2749 1818; x_wconf 86' lang='lat' dir='ltr'><strong>quis</strong></span> <span class='ocrx_word' id='word_1_245' title='bbox 2774 1704 2978 1810; x_wconf 56' lang='lat' dir='ltr'><strong>habeati</strong></span> <span class='ocrx_word' id='word_1_246' title='bbox 3001 1756 3132 1814; x_wconf 86' lang='lat' dir='ltr'><strong>boni</strong></span> <span class='ocrx_word' id='word_1_247' title='bbox 3171 1704 3256 1817; x_wconf 53' lang='lat' dir='ltr'><strong>vlel</strong></span> <span class='ocrx_word' id='word_1_248' title='bbox 3296 1713 3446 1834; x_wconf 72' lang='lat' dir='ltr'><strong>mali:</strong></span> 
     </span>
     <span class='ocr_line' id='line_1_33' title="bbox 168 1796 2415 1834; baseline 0 0"><span class='ocrx_word' id='word_1_249' title='bbox 168 1811 273 1834; x_wconf 78' lang='lat' dir='ltr'><strong>nnn</strong></span> <span class='ocrx_word' id='word_1_250' title='bbox 315 1797 556 1834; x_wconf 69' lang='lat' dir='ltr'><strong>unsn&#39;muc</strong></span> <span class='ocrx_word' id='word_1_251' title='bbox 583 1796 669 1834; x_wconf 82' lang='grc'><strong><em>(11</em></strong></span> <span class='ocrx_word' id='word_1_252' title='bbox 693 1797 800 1834; x_wconf 76' lang='grc' dir='ltr'><strong>Γιη-</strong></span> <span class='ocrx_word' id='word_1_253' title='bbox 845 1815 880 1834; x_wconf 67' lang='lat' dir='ltr'><strong>tr</strong></span> <span class='ocrx_word' id='word_1_254' title='bbox 928 1801 1056 1834; x_wconf 64' lang='lat' dir='ltr'><strong>ARV)</strong></span> <span class='ocrx_word' id='word_1_255' title='bbox 1902 1820 1913 1831; x_wconf 86' lang='lat'><strong>.</strong></span> <span class='ocrx_word' id='word_1_256' title='bbox 2013 1820 2026 1834; x_wconf 80' lang='lat'><strong>.</strong></span> <span class='ocrx_word' id='word_1_257' title='bbox 2331 1828 2363 1834; x_wconf 88' lang='grc'><strong>--</strong></span> <span class='ocrx_word' id='word_1_258' title='bbox 2404 1830 2415 1834; x_wconf 89' lang='grc'><strong>-</strong></span> 
     </span>
    </p>
   </div>
   <div class='ocr_carea' id='block_1_32' title="bbox 167 1796 1056 1873">
    <p class='ocr_par' dir='ltr' id='par_1_32' title="bbox 167 1796 1056 1873">
     <span class='ocr_line' id='line_1_34' title="bbox 167 1796 1056 1873; baseline 0.01 -27"><span class='ocrx_word' id='word_1_259' title='bbox 167 1811 276 1847; x_wconf 83' lang='lat' dir='ltr'><strong>non</strong></span> <span class='ocrx_word' id='word_1_260' title='bbox 315 1797 556 1850; x_wconf 78' lang='lat' dir='ltr'><strong>novimus</strong></span> <span class='ocrx_word' id='word_1_261' title='bbox 583 1796 669 1869; x_wconf 89' lang='lat' dir='ltr'><strong>(II</strong></span> <span class='ocrx_word' id='word_1_262' title='bbox 693 1797 816 1853; x_wconf 89' lang='lat' dir='ltr'><strong>Cor.</strong></span> <span class='ocrx_word' id='word_1_263' title='bbox 845 1815 897 1866; x_wconf 75' lang='grc' dir='ltr'><strong>ν,</strong></span> <span class='ocrx_word' id='word_1_264' title='bbox 928 1801 1056 1873; x_wconf 74' lang='grc' dir='ltr'><strong>16)Ἰ</strong></span> 
     </span>
    </p>
   </div>
   <div class='ocr_carea' id='block_1_33' title="bbox 163 1890 1757 1977">
    <p class='ocr_par' dir='ltr' id='par_1_33' title="bbox 163 1890 1757 1977">
     <span class='ocr_line' id='line_1_35' title="bbox 163 1890 1757 1977; baseline 0.013 -39"><span class='ocrx_word' id='word_1_265' title='bbox 163 1901 456 1943; x_wconf 66' lang='lat' dir='ltr'><strong>neseossuo</strong></span> <span class='ocrx_word' id='word_1_266' title='bbox 478 1890 580 1960; x_wconf 74' lang='lat' dir='ltr'><strong>(Ex</strong></span> <span class='ocrx_word' id='word_1_267' title='bbox 603 1891 723 1947; x_wconf 90' lang='lat' dir='ltr'><strong>eod.</strong></span> <span class='ocrx_word' id='word_1_268' title='bbox 748 1891 887 1964; x_wconf 78' lang='lat' dir='ltr'><strong>Aug.</strong></span> <span class='ocrx_word' id='word_1_269' title='bbox 913 1893 1004 1948; x_wconf 89' lang='lat' dir='ltr'><strong>lib.</strong></span> <span class='ocrx_word' id='word_1_270' title='bbox 1029 1910 1083 1952; x_wconf 72' lang='grc' dir='ltr'>χι</span> <span class='ocrx_word' id='word_1_271' title='bbox 1107 1907 1272 1952; x_wconf 87' lang='lat' dir='ltr'><strong>contr.</strong></span> <span class='ocrx_word' id='word_1_272' title='bbox 1300 1897 1514 1968; x_wconf 83' lang='lat' dir='ltr'><strong>Faust.,</strong></span> <span class='ocrx_word' id='word_1_273' title='bbox 1543 1918 1656 1973; x_wconf 84' lang='lat' dir='ltr'><strong>cap.</strong></span> <span class='ocrx_word' id='word_1_274' title='bbox 1681 1902 1757 1977; x_wconf 83' lang='lat'><strong>7).</strong></span> 
     </span>
    </p>
   </div>
   <div class='ocr_carea' id='block_1_34' title="bbox 233 1976 1760 2051">
    <p class='ocr_par' dir='ltr' id='par_1_34' title="bbox 233 1976 1760 2051">
     <span class='ocr_line' id='line_1_36' title="bbox 233 1976 1760 2051; baseline 0.015 -22"><span class='ocrx_word' id='word_1_275' title='bbox 233 1976 392 2043; x_wconf 85' lang='lat' dir='ltr'><strong>Quod</strong></span> <span class='ocrx_word' id='word_1_276' title='bbox 432 1978 602 2035; x_wconf 88' lang='lat' dir='ltr'><strong>Filius</strong></span> <span class='ocrx_word' id='word_1_277' title='bbox 647 1982 741 2036; x_wconf 83' lang='lat' dir='ltr'><strong>Dei</strong></span> <span class='ocrx_word' id='word_1_278' title='bbox 789 1998 857 2040; x_wconf 79' lang='lat' dir='ltr'><strong>ex</strong></span> <span class='ocrx_word' id='word_1_279' title='bbox 890 1987 1096 2044; x_wconf 88' lang='lat' dir='ltr'><strong>semine</strong></span> <span class='ocrx_word' id='word_1_280' title='bbox 1142 1989 1311 2047; x_wconf 86' lang='lat' dir='ltr'><strong>David</strong></span> <span class='ocrx_word' id='word_1_281' title='bbox 1349 1992 1508 2049; x_wconf 91' lang='lat' dir='ltr'><strong>homo</strong></span> <span class='ocrx_word' id='word_1_282' title='bbox 1539 1976 1760 2051; x_wconf 9' lang='lat' dir='ltr'><strong>natus,lt</strong></span> 
     </span>
    </p>
   </div>
   <div class='ocr_carea' id='block_1_35' title="bbox 160 2070 1760 2152">
    <p class='ocr_par' dir='ltr' id='par_1_35' title="bbox 160 2070 1760 2152">
     <span class='ocr_line' id='line_1_37' title="bbox 160 2070 1760 2152; baseline 0.015 -32"><span class='ocrx_word' id='word_1_283' title='bbox 160 2076 262 2132; x_wconf 89' lang='lat' dir='ltr'><strong>est,</strong></span> <span class='ocrx_word' id='word_1_284' title='bbox 310 2084 415 2124; x_wconf 90' lang='lat' dir='ltr'><strong>nec</strong></span> <span class='ocrx_word' id='word_1_285' title='bbox 458 2070 601 2126; x_wconf 88' lang='lat' dir='ltr'><strong>idem</strong></span> <span class='ocrx_word' id='word_1_286' title='bbox 643 2075 920 2142; x_wconf 88' lang='lat' dir='ltr'><strong>apostolus</strong></span> <span class='ocrx_word' id='word_1_287' title='bbox 956 2093 1064 2134; x_wconf 87' lang='lat' dir='ltr'><strong>uno</strong></span> <span class='ocrx_word' id='word_1_288' title='bbox 1111 2079 1232 2137; x_wconf 90' lang='lat' dir='ltr'><strong>loco</strong></span> <span class='ocrx_word' id='word_1_289' title='bbox 1281 2083 1431 2152; x_wconf 89' lang='lat' dir='ltr'><strong>dicit,</strong></span> <span class='ocrx_word' id='word_1_290' title='bbox 1464 2093 1518 2141; x_wconf 90' lang='lat' dir='ltr'><strong>et</strong></span> <span class='ocrx_word' id='word_1_291' title='bbox 1557 2097 1760 2145; x_wconf 66' lang='lat' dir='ltr'><strong>sanctae</strong></span> 
     </span>
    </p>
   </div>
   <div class='ocr_carea' id='block_1_36' title="bbox 159 2155 1756 2238">
    <p class='ocr_par' dir='ltr' id='par_1_36' title="bbox 159 2155 1756 2238">
     <span class='ocr_line' id='line_1_38' title="bbox 159 2155 1756 2238; baseline 0.015 -28"><span class='ocrx_word' id='word_1_292' title='bbox 159 2155 463 2226; x_wconf 70' lang='lat' dir='ltr'><strong>Scriptura:</strong></span> <span class='ocrx_word' id='word_1_293' title='bbox 500 2163 841 2232; x_wconf 88' lang='lat' dir='ltr'><strong>apertissime</strong></span> <span class='ocrx_word' id='word_1_294' title='bbox 877 2168 1196 2236; x_wconf 66' lang='lat' dir='ltr'><strong>praedicant.</strong></span> <span class='ocrx_word' id='word_1_295' title='bbox 1226 2170 1380 2238; x_wconf 88' lang='lat' dir='ltr'><strong>Quod</strong></span> <span class='ocrx_word' id='word_1_296' title='bbox 1423 2187 1552 2232; x_wconf 89' lang='lat' dir='ltr'><strong>vero</strong></span> <span class='ocrx_word' id='word_1_297' title='bbox 1586 2177 1756 2234; x_wconf 88' lang='lat' dir='ltr'><strong>dicit:</strong></span> 
     </span>
    </p>
   </div>
   <div class='ocr_carea' id='block_1_37' title="bbox 156 2348 1756 2429">
    <p class='ocr_par' dir='ltr' id='par_1_37' title="bbox 156 2348 1756 2429">
     <span class='ocr_line' id='line_1_39' title="bbox 156 2348 1756 2429; baseline 0.012 -34"><span class='ocrx_word' id='word_1_298' title='bbox 156 2359 297 2396; x_wconf 83' lang='lat' dir='ltr'><strong>nunc</strong></span> <span class='ocrx_word' id='word_1_299' title='bbox 340 2361 448 2398; x_wconf 83' lang='lat' dir='ltr'><strong>non</strong></span> <span class='ocrx_word' id='word_1_300' title='bbox 485 2348 740 2416; x_wconf 60' lang='lat' dir='ltr'><strong>notamus,</strong></span> <span class='ocrx_word' id='word_1_301' title='bbox 769 2364 832 2405; x_wconf 86' lang='lat' dir='ltr'><strong>ea</strong></span> <span class='ocrx_word' id='word_1_302' title='bbox 859 2351 974 2420; x_wconf 80' lang='lat' dir='ltr'><strong>ipsa</strong></span> <span class='ocrx_word' id='word_1_303' title='bbox 1011 2353 1420 2413; x_wconf 81' lang='lat' dir='ltr'><strong>circumstantia</strong></span> <span class='ocrx_word' id='word_1_304' title='bbox 1463 2355 1756 2429; x_wconf 67' lang='lat' dir='ltr'><strong>Scriptura:</strong></span> 
     </span>
    </p>
   </div>
   <div class='ocr_carea' id='block_1_38' title="bbox 154 2433 1751 2520">
    <p class='ocr_par' dir='ltr' id='par_1_38' title="bbox 154 2433 1751 2520">
     <span class='ocr_line' id='line_1_40' title="bbox 154 2433 1751 2520; baseline 0.011 -32"><span class='ocrx_word' id='word_1_305' title='bbox 154 2433 259 2490; x_wconf 90' lang='lat' dir='ltr'><strong>loci</strong></span> <span class='ocrx_word' id='word_1_306' title='bbox 311 2435 432 2504; x_wconf 89' lang='lat' dir='ltr'><strong>ejus</strong></span> <span class='ocrx_word' id='word_1_307' title='bbox 479 2439 612 2496; x_wconf 85' lang='lat' dir='ltr'><strong>satis</strong></span> <span class='ocrx_word' id='word_1_308' title='bbox 667 2443 906 2498; x_wconf 89' lang='lat' dir='ltr'><strong>ostendit</strong></span> <span class='ocrx_word' id='word_1_309' title='bbox 954 2446 1082 2515; x_wconf 90' lang='lat' dir='ltr'><strong>quid</strong></span> <span class='ocrx_word' id='word_1_310' title='bbox 1143 2446 1394 2518; x_wconf 84' lang='lat' dir='ltr'><strong>loquatur</strong></span> <span class='ocrx_word' id='word_1_311' title='bbox 1443 2449 1751 2520; x_wconf 84' lang='lat' dir='ltr'><strong>Apostolus.</strong></span> 
     </span>
    </p>
   </div>
   <div class='ocr_carea' id='block_1_39' title="bbox 153 2527 1753 2614">
    <p class='ocr_par' dir='ltr' id='par_1_39' title="bbox 153 2527 1753 2614">
     <span class='ocr_line' id='line_1_41' title="bbox 153 2527 1753 2614; baseline 0.011 -32"><span class='ocrx_word' id='word_1_312' title='bbox 153 2527 267 2584; x_wconf 88' lang='lat' dir='ltr'><strong>Suo</strong></span> <span class='ocrx_word' id='word_1_313' title='bbox 308 2531 512 2600; x_wconf 90' lang='lat' dir='ltr'><strong>quippe</strong></span> <span class='ocrx_word' id='word_1_314' title='bbox 549 2548 700 2588; x_wconf 88' lang='lat' dir='ltr'><strong>more</strong></span> <span class='ocrx_word' id='word_1_315' title='bbox 738 2535 905 2591; x_wconf 88' lang='lat' dir='ltr'><strong>vitam</strong></span> <span class='ocrx_word' id='word_1_316' title='bbox 951 2546 1192 2595; x_wconf 88' lang='lat' dir='ltr'><strong>nostram</strong></span> <span class='ocrx_word' id='word_1_317' title='bbox 1216 2541 1475 2607; x_wconf 79' lang='lat' dir='ltr'><strong>futuram,</strong></span> <span class='ocrx_word' id='word_1_318' title='bbox 1506 2558 1624 2614; x_wconf 72' lang='lat' dir='ltr'><strong>quae</strong></span> <span class='ocrx_word' id='word_1_319' title='bbox 1639 2542 1753 2613; x_wconf 88' lang='lat' dir='ltr'><strong>jam</strong></span> 
     </span>
    </p>
   </div>
   <div class='ocr_carea' id='block_1_40' title="bbox 153 2620 1754 2706">
    <p class='ocr_par' dir='ltr' id='par_1_40' title="bbox 153 2620 1754 2706">
     <span class='ocr_line' id='line_1_42' title="bbox 153 2620 1754 2706; baseline 0.013 -33"><span class='ocrx_word' id='word_1_320' title='bbox 153 2620 206 2674; x_wconf 91' lang='lat' dir='ltr'><strong>in</strong></span> <span class='ocrx_word' id='word_1_321' title='bbox 247 2622 372 2690; x_wconf 89' lang='lat' dir='ltr'><strong>ipso</strong></span> <span class='ocrx_word' id='word_1_322' title='bbox 395 2625 614 2680; x_wconf 87' lang='lat' dir='ltr'><strong>homine</strong></span> <span class='ocrx_word' id='word_1_323' title='bbox 641 2626 937 2684; x_wconf 90' lang='lat' dir='ltr'><strong>mediatore</strong></span> <span class='ocrx_word' id='word_1_324' title='bbox 970 2629 1186 2690; x_wconf 87' lang='lat' dir='ltr'><strong>Christo</strong></span> <span class='ocrx_word' id='word_1_325' title='bbox 1209 2631 1334 2690; x_wconf 88' lang='lat' dir='ltr'><strong>Jesu</strong></span> <span class='ocrx_word' id='word_1_326' title='bbox 1365 2635 1542 2706; x_wconf 90' lang='lat' dir='ltr'><strong>capite</strong></span> <span class='ocrx_word' id='word_1_327' title='bbox 1566 2646 1754 2694; x_wconf 89' lang='lat' dir='ltr'><strong>nostro</strong></span> 
     </span>
    </p>
   </div>
   <div class='ocr_carea' id='block_1_41' title="bbox 151 2719 1748 2797">
    <p class='ocr_par' dir='ltr' id='par_1_41' title="bbox 151 2719 1748 2797">
     <span class='ocr_line' id='line_1_43' title="bbox 151 2719 1748 2797; baseline 0.014 -33"><span class='ocrx_word' id='word_1_328' title='bbox 151 2723 478 2783; x_wconf 88' lang='lat' dir='ltr'><strong>resurgeute</strong></span> <span class='ocrx_word' id='word_1_329' title='bbox 524 2719 789 2790; x_wconf 86' lang='lat' dir='ltr'><strong>completa</strong></span> <span class='ocrx_word' id='word_1_330' title='bbox 838 2731 953 2789; x_wconf 87' lang='lat' dir='ltr'><strong>est,</strong></span> <span class='ocrx_word' id='word_1_331' title='bbox 997 2723 1073 2779; x_wconf 92' lang='lat' dir='ltr'><strong>ita</strong></span> <span class='ocrx_word' id='word_1_332' title='bbox 1115 2740 1210 2797; x_wconf 87' lang='lat' dir='ltr'><strong>spe</strong></span> <span class='ocrx_word' id='word_1_333' title='bbox 1250 2736 1396 2783; x_wconf 89' lang='lat' dir='ltr'><strong>certa</strong></span> <span class='ocrx_word' id='word_1_334' title='bbox 1440 2729 1748 2795; x_wconf 86' lang='lat' dir='ltr'><strong>meditatur,</strong></span> 
     </span>
    </p>
   </div>
   <div class='ocr_carea' id='block_1_42' title="bbox 150 2805 1750 2892">
    <p class='ocr_par' dir='ltr' id='par_1_42' title="bbox 150 2805 1750 2892">
     <span class='ocr_line' id='line_1_44' title="bbox 150 2805 1750 2892; baseline 0.016 -38"><span class='ocrx_word' id='word_1_335' title='bbox 150 2810 418 2872; x_wconf 88' lang='lat' dir='ltr'><strong>tanquam</strong></span> <span class='ocrx_word' id='word_1_336' title='bbox 455 2805 570 2875; x_wconf 90' lang='lat' dir='ltr'><strong>jam</strong></span> <span class='ocrx_word' id='word_1_337' title='bbox 607 2810 770 2877; x_wconf 83' lang='lat' dir='ltr'><strong>adsit,</strong></span> <span class='ocrx_word' id='word_1_338' title='bbox 793 2829 1138 2886; x_wconf 70' lang='lat' dir='ltr'><strong>praesensque</strong></span> <span class='ocrx_word' id='word_1_339' title='bbox 1169 2826 1450 2876; x_wconf 87' lang='lat' dir='ltr'><strong>teneatur:</strong></span> <span class='ocrx_word' id='word_1_340' title='bbox 1484 2835 1604 2892; x_wconf 63' lang='lat' dir='ltr'><strong>quin</strong></span> <span class='ocrx_word' id='word_1_341' title='bbox 1643 2824 1750 2878; x_wconf 90' lang='lat' dir='ltr'><strong>uti-</strong></span> 
     </span>
    </p>
   </div>
   <div class='ocr_carea' id='block_1_43' title="bbox 151 2897 1754 2982">
    <p class='ocr_par' dir='ltr' id='par_1_43' title="bbox 151 2897 1754 2982">
     <span class='ocr_line' id='line_1_45' title="bbox 151 2897 1754 2982; baseline 0.012 -33"><span class='ocrx_word' id='word_1_342' title='bbox 151 2907 258 2963; x_wconf 86' lang='lat' dir='ltr'><strong>que</strong></span> <span class='ocrx_word' id='word_1_343' title='bbox 293 2897 414 2952; x_wconf 78' lang='lat' dir='ltr'><strong>vita</strong></span> <span class='ocrx_word' id='word_1_344' title='bbox 451 2915 556 2954; x_wconf 89' lang='lat' dir='ltr'><strong>non</strong></span> <span class='ocrx_word' id='word_1_345' title='bbox 586 2901 691 2956; x_wconf 88' lang='lat' dir='ltr'><strong>erit</strong></span> <span class='ocrx_word' id='word_1_346' title='bbox 725 2905 1019 2960; x_wconf 85' lang='lat' dir='ltr'><strong>secundum</strong></span> <span class='ocrx_word' id='word_1_347' title='bbox 1043 2922 1280 2975; x_wconf 86' lang='lat' dir='ltr'><strong>carnem,</strong></span> <span class='ocrx_word' id='word_1_348' title='bbox 1307 2910 1574 2982; x_wconf 87' lang='lat' dir='ltr'><strong>sicutjam</strong></span> <span class='ocrx_word' id='word_1_349' title='bbox 1601 2911 1754 2969; x_wconf 88' lang='lat' dir='ltr'><strong>Chri-</strong></span> 
     </span>
    </p>
   </div>
   <div class='ocr_carea' id='block_1_44' title="bbox 149 2988 1752 3074">
    <p class='ocr_par' dir='ltr' id='par_1_44' title="bbox 149 2988 1752 3074">
     <span class='ocr_line' id='line_1_46' title="bbox 149 2988 1752 3074; baseline 0.012 -35"><span class='ocrx_word' id='word_1_350' title='bbox 149 2991 216 3040; x_wconf 81' lang='lat' dir='ltr'><strong>sti</strong></span> <span class='ocrx_word' id='word_1_351' title='bbox 241 2988 360 3041; x_wconf 85' lang='lat' dir='ltr'><strong>vita</strong></span> <span class='ocrx_word' id='word_1_352' title='bbox 396 3003 504 3044; x_wconf 88' lang='lat' dir='ltr'><strong>non</strong></span> <span class='ocrx_word' id='word_1_353' title='bbox 549 3001 632 3045; x_wconf 88' lang='lat' dir='ltr'><strong>est</strong></span> <span class='ocrx_word' id='word_1_354' title='bbox 671 2995 968 3049; x_wconf 88' lang='lat' dir='ltr'><strong>secundum</strong></span> <span class='ocrx_word' id='word_1_355' title='bbox 1015 3011 1252 3054; x_wconf 89' lang='lat' dir='ltr'><strong>carnem.</strong></span> <span class='ocrx_word' id='word_1_356' title='bbox 1292 2998 1522 3057; x_wconf 81' lang='lat' dir='ltr'><strong>Carnem</strong></span> <span class='ocrx_word' id='word_1_357' title='bbox 1554 3003 1752 3074; x_wconf 88' lang='lat' dir='ltr'><strong>quippe</strong></span> 
     </span>
    </p>
   </div>
   <div class='ocr_carea' id='block_1_45' title="bbox 146 3077 1746 3167">
    <p class='ocr_par' dir='ltr' id='par_1_45' title="bbox 146 3077 1746 3167">
     <span class='ocr_line' id='line_1_47' title="bbox 146 3077 1746 3167; baseline 0.011 -34"><span class='ocrx_word' id='word_1_358' title='bbox 146 3077 248 3135; x_wconf 89' lang='lat' dir='ltr'><strong>hoc</strong></span> <span class='ocrx_word' id='word_1_359' title='bbox 278 3081 406 3137; x_wconf 90' lang='lat' dir='ltr'><strong>loco</strong></span> <span class='ocrx_word' id='word_1_360' title='bbox 428 3078 680 3152; x_wconf 83' lang='lat' dir='ltr'><strong>appellat,</strong></span> <span class='ocrx_word' id='word_1_361' title='bbox 710 3086 765 3142; x_wconf 88' lang='lat' dir='ltr'><strong>id</strong></span> <span class='ocrx_word' id='word_1_362' title='bbox 789 3095 892 3154; x_wconf 87' lang='lat' dir='ltr'><strong>est,</strong></span> <span class='ocrx_word' id='word_1_363' title='bbox 923 3090 1194 3148; x_wconf 87' lang='lat' dir='ltr'><strong>carnalem</strong></span> <span class='ocrx_word' id='word_1_364' title='bbox 1221 3093 1583 3164; x_wconf 88' lang='lat' dir='ltr'><strong>corruptionis</strong></span> <span class='ocrx_word' id='word_1_365' title='bbox 1611 3110 1746 3167; x_wconf 89' lang='lat' dir='ltr'><strong>qua-</strong></span> 
     </span>
    </p>
   </div>
   <div class='ocr_carea' id='block_1_46' title="bbox 1795 1805 3448 1922">
    <p class='ocr_par' dir='ltr' id='par_1_46' title="bbox 1795 1805 3448 1922">
     <span class='ocr_line' id='line_1_48' title="bbox 1795 1805 3448 1922; baseline 0.029 -57"><span class='ocrx_word' id='word_1_366' title='bbox 1795 1805 1844 1866; x_wconf 83' lang='grc' dir='ltr'><strong>Β</strong></span> <span class='ocrx_word' id='word_1_367' title='bbox 1866 1820 1986 1922; x_wconf 69' lang='lat' dir='ltr'><strong>sine</strong></span> <span class='ocrx_word' id='word_1_368' title='bbox 2009 1820 2127 1895; x_wconf 79' lang='lat' dir='ltr'><strong>iege</strong></span> <span class='ocrx_word' id='word_1_369' title='bbox 2164 1840 2285 1882; x_wconf 87' lang='lat' dir='ltr'><strong>esse</strong></span> <span class='ocrx_word' id='word_1_370' title='bbox 2313 1828 2530 1901; x_wconf 85' lang='lat' dir='ltr'><strong>dicitur,</strong></span> <span class='ocrx_word' id='word_1_371' title='bbox 2557 1805 2678 1894; x_wconf 70' lang='lat' dir='ltr'><strong>cum</strong></span> <span class='ocrx_word' id='word_1_372' title='bbox 2706 1805 3151 1915; x_wconf 55' lang='lat' dir='ltr'><strong>etiamsi—peccat,</strong></span> <span class='ocrx_word' id='word_1_373' title='bbox 3183 1805 3448 1922; x_wconf 44' lang='lat' dir='ltr'><strong>gummi;</strong></span> 
     </span>
    </p>
   </div>
   <div class='ocr_carea' id='block_1_47' title="bbox 1864 1910 3448 2004">
    <p class='ocr_par' dir='ltr' id='par_1_47' title="bbox 1864 1910 3448 2004">
     <span class='ocr_line' id='line_1_49' title="bbox 1864 1910 3448 2004; baseline 0.023 -40"><span class='ocrx_word' id='word_1_374' title='bbox 1864 1910 1919 1966; x_wconf 91' lang='lat' dir='ltr'><strong>in</strong></span> <span class='ocrx_word' id='word_1_375' title='bbox 1942 1926 2006 1967; x_wconf 82' lang='lat' dir='ltr'><strong>eo</strong></span> <span class='ocrx_word' id='word_1_376' title='bbox 2033 1929 2140 1968; x_wconf 91' lang='lat' dir='ltr'><strong>non</strong></span> <span class='ocrx_word' id='word_1_377' title='bbox 2161 1925 2264 1982; x_wconf 87' lang='lat' dir='ltr'><strong>est,</strong></span> <span class='ocrx_word' id='word_1_378' title='bbox 2291 1929 2576 1990; x_wconf 88' lang='lat' dir='ltr'><strong>peccatum</strong></span> <span class='ocrx_word' id='word_1_379' title='bbox 2601 1927 2651 1984; x_wconf 88' lang='lat' dir='ltr'><strong>ei</strong></span> <span class='ocrx_word' id='word_1_380' title='bbox 2676 1943 2786 1987; x_wconf 85' lang='lat' dir='ltr'><strong>non</strong></span> <span class='ocrx_word' id='word_1_381' title='bbox 2817 1910 3145 2004; x_wconf 73' lang='lat' dir='ltr'><strong>imputatur.</strong></span> <span class='ocrx_word' id='word_1_382' title='bbox 3161 1910 3296 1998; x_wconf 74' lang='lat' dir='ltr'><strong>cum</strong></span> <span class='ocrx_word' id='word_1_383' title='bbox 3317 1956 3448 2002; x_wconf 83' lang='lat' dir='ltr'><strong>vero</strong></span> 
     </span>
    </p>
   </div>
   <div class='ocr_carea' id='block_1_48' title="bbox 1863 2000 3447 2094">
    <p class='ocr_par' dir='ltr' id='par_1_48' title="bbox 1863 2000 3447 2094">
     <span class='ocr_line' id='line_1_50' title="bbox 1863 2000 3447 2094; baseline 0.025 -40"><span class='ocrx_word' id='word_1_384' title='bbox 1863 2000 2240 2094; x_wconf 83' lang='lat' dir='ltr'><strong>discretionem</strong></span> <span class='ocrx_word' id='word_1_385' title='bbox 2263 2008 2390 2066; x_wconf 88' lang='lat' dir='ltr'><strong>boni</strong></span> <span class='ocrx_word' id='word_1_386' title='bbox 2418 2013 2653 2088; x_wconf 86' lang='lat' dir='ltr'><strong>malique</strong></span> <span class='ocrx_word' id='word_1_387' title='bbox 2673 2000 2962 2094; x_wconf 80' lang='lat' dir='ltr'><strong>acceperit,</strong></span> <span class='ocrx_word' id='word_1_388' title='bbox 2992 2028 3206 2086; x_wconf 84' lang='lat' dir='ltr'><strong>venisse</strong></span> <span class='ocrx_word' id='word_1_389' title='bbox 3241 2031 3293 2088; x_wconf 90' lang='lat' dir='ltr'><strong>ei</strong></span> <span class='ocrx_word' id='word_1_390' title='bbox 3313 2000 3447 2094; x_wconf 56' lang='lat' dir='ltr'><strong>dici;</strong></span> 
     </span>
    </p>
   </div>
   <div class='ocr_carea' id='block_1_49' title="bbox 1862 2092 3447 2186">
    <p class='ocr_par' dir='ltr' id='par_1_49' title="bbox 1862 2092 3447 2186">
     <span class='ocr_line' id='line_1_51' title="bbox 1862 2092 3447 2186; baseline 0.026 -41"><span class='ocrx_word' id='word_1_391' title='bbox 1862 2099 1951 2147; x_wconf 89' lang='lat' dir='ltr'><strong>tur</strong></span> <span class='ocrx_word' id='word_1_392' title='bbox 1973 2092 2076 2162; x_wconf 85' lang='lat' dir='ltr'><strong>lex,</strong></span> <span class='ocrx_word' id='word_1_393' title='bbox 2102 2105 2156 2152; x_wconf 90' lang='lat' dir='ltr'><strong>et</strong></span> <span class='ocrx_word' id='word_1_394' title='bbox 2180 2100 2390 2158; x_wconf 87' lang='lat' dir='ltr'><strong>venisse</strong></span> <span class='ocrx_word' id='word_1_395' title='bbox 2420 2107 2693 2165; x_wconf 90' lang='lat' dir='ltr'><strong>mandata.</strong></span> <span class='ocrx_word' id='word_1_396' title='bbox 2723 2092 2826 2170; x_wconf 78' lang='lat' dir='ltr'><strong>Ubi</strong></span> <span class='ocrx_word' id='word_1_397' title='bbox 2863 2124 3045 2174; x_wconf 87' lang='lat' dir='ltr'><strong>autem</strong></span> <span class='ocrx_word' id='word_1_398' title='bbox 3075 2122 3262 2181; x_wconf 84' lang='lat' dir='ltr'><strong>estvis</strong></span> 
     </span>
    </p>
   </div>
   <div class='ocr_carea' id='block_1_50' title="bbox 2319 2391 2984 2446">
    <p class='ocr_par' dir='ltr' id='par_1_50' title="bbox 2319 2391 2984 2446">
     <span class='ocr_line' id='line_1_52' title="bbox 2319 2391 2984 2446; baseline 0.024 -16"><span class='ocrx_word' id='word_1_399' title='bbox 2319 2391 2722 2441; x_wconf 69' lang='lat' dir='ltr'><strong>INTERROGATIO</strong></span> <span class='ocrx_word' id='word_1_400' title='bbox 2757 2401 2984 2446; x_wconf 68' lang='grc' dir='ltr'><strong>ιιινιιι.</strong></span> 
     </span>
    </p>
   </div>
   <div class='ocr_carea' id='block_1_51' title="bbox 1926 2457 3439 2549">
    <p class='ocr_par' dir='ltr' id='par_1_51' title="bbox 1926 2457 3439 2549">
     <span class='ocr_line' id='line_1_53' title="bbox 1926 2457 3439 2549; baseline 0.025 -36"><span class='ocrx_word' id='word_1_401' title='bbox 1926 2457 2060 2520; x_wconf 86' lang='lat' dir='ltr'><strong>Cum</strong></span> <span class='ocrx_word' id='word_1_402' title='bbox 2106 2460 2303 2521; x_wconf 87' lang='lat' dir='ltr'><strong>Paulus</strong></span> <span class='ocrx_word' id='word_1_403' title='bbox 2337 2471 2612 2536; x_wconf 88' lang='lat' dir='ltr'><strong>apostolus</strong></span> <span class='ocrx_word' id='word_1_404' title='bbox 2664 2474 2734 2530; x_wconf 85' lang='lat' dir='ltr'><strong>ad</strong></span> <span class='ocrx_word' id='word_1_405' title='bbox 2784 2475 3057 2540; x_wconf 77' lang='lat' dir='ltr'><strong>Romanos</strong></span> <span class='ocrx_word' id='word_1_406' title='bbox 3099 2487 3302 2546; x_wconf 87' lang='lat' dir='ltr'><strong>scribat</strong></span> <span class='ocrx_word' id='word_1_407' title='bbox 3337 2490 3439 2549; x_wconf 82' lang='lat' dir='ltr'><strong>Ju-</strong></span> 
     </span>
    </p>
   </div>
   <div class='ocr_carea' id='block_1_52' title="bbox 1853 2546 3435 2657">
    <p class='ocr_par' dir='ltr' id='par_1_52' title="bbox 1853 2546 3435 2657">
     <span class='ocr_line' id='line_1_54' title="bbox 1853 2546 3435 2657; baseline 0.027 -58"><span class='ocrx_word' id='word_1_408' title='bbox 1853 2546 1996 2602; x_wconf 74' lang='lat' dir='ltr'><strong>dcos</strong></span> <span class='ocrx_word' id='word_1_409' title='bbox 2031 2559 2085 2657; x_wconf 62' lang='lat' dir='ltr'><strong>et</strong></span> <span class='ocrx_word' id='word_1_410' title='bbox 2106 2550 2317 2610; x_wconf 69' lang='lat' dir='ltr'><strong>Gratcos</strong></span> <span class='ocrx_word' id='word_1_411' title='bbox 2346 2574 2521 2616; x_wconf 85' lang='lat' dir='ltr'><strong>omnes</strong></span> <span class='ocrx_word' id='word_1_412' title='bbox 2548 2562 2644 2618; x_wconf 87' lang='lat' dir='ltr'><strong>sub</strong></span> <span class='ocrx_word' id='word_1_413' title='bbox 2671 2549 2882 2637; x_wconf 60' lang='lat' dir='ltr'><strong>peccato</strong></span> <span class='ocrx_word' id='word_1_414' title='bbox 2904 2587 3016 2630; x_wconf 81' lang='lat' dir='ltr'><strong>esse</strong></span> <span class='ocrx_word' id='word_1_415' title='bbox 3041 2573 3219 2646; x_wconf 78' lang='lat' dir='ltr'><strong>(Rom.</strong></span> <span class='ocrx_word' id='word_1_416' title='bbox 3247 2546 3435 2657; x_wconf 27' lang='lat' dir='ltr'><strong>mpii},</strong></span> 
     </span>
    </p>
   </div>
   <div class='ocr_carea' id='block_1_53' title="bbox 1854 2641 3438 2741">
    <p class='ocr_par' dir='ltr' id='par_1_53' title="bbox 1854 2641 3438 2741">
     <span class='ocr_line' id='line_1_55' title="bbox 1854 2641 3438 2741; baseline 0.029 -51"><span class='ocrx_word' id='word_1_417' title='bbox 1854 2641 2121 2741; x_wconf 79' lang='lat' dir='ltr'><strong>quomodo</strong></span> <span class='ocrx_word' id='word_1_418' title='bbox 2166 2643 2308 2741; x_wconf 77' lang='lat' dir='ltr'><strong>idem</strong></span> <span class='ocrx_word' id='word_1_419' title='bbox 2352 2649 2408 2741; x_wconf 78' lang='lat' dir='ltr'><strong>in</strong></span> <span class='ocrx_word' id='word_1_420' title='bbox 2448 2652 2900 2726; x_wconf 86' lang='lat' dir='ltr'><strong>subsequentibus</strong></span> <span class='ocrx_word' id='word_1_421' title='bbox 2937 2641 3060 2722; x_wconf 78' lang='lat' dir='ltr'><strong>non</strong></span> <span class='ocrx_word' id='word_1_422' title='bbox 3090 2683 3298 2741; x_wconf 88' lang='lat' dir='ltr'><strong>omnes,</strong></span> <span class='ocrx_word' id='word_1_423' title='bbox 3314 2641 3438 2736; x_wconf 44' lang='lat' dir='ltr'><strong>&#39;seld</strong></span> 
     </span>
    </p>
   </div>
   <div class='ocr_carea' id='block_1_54' title="bbox 1852 2728 3439 2831">
    <p class='ocr_par' dir='ltr' id='par_1_54' title="bbox 1852 2728 3439 2831">
     <span class='ocr_line' id='line_1_56' title="bbox 1852 2728 3439 2831; baseline 0.028 -50"><span class='ocrx_word' id='word_1_424' title='bbox 1852 2728 2052 2831; x_wconf 76' lang='lat' dir='ltr'><strong>multos</strong></span> <span class='ocrx_word' id='word_1_425' title='bbox 2077 2744 2175 2802; x_wconf 89' lang='lat' dir='ltr'><strong>per</strong></span> <span class='ocrx_word' id='word_1_426' title='bbox 2198 2733 2619 2799; x_wconf 88' lang='lat' dir='ltr'><strong>inobedientiam</strong></span> <span class='ocrx_word' id='word_1_427' title='bbox 2663 2747 2826 2806; x_wconf 87' lang='lat' dir='ltr'><strong>unius</strong></span> <span class='ocrx_word' id='word_1_428' title='bbox 2862 2750 3098 2814; x_wconf 83' lang='lat' dir='ltr'><strong>hominis</strong></span> <span class='ocrx_word' id='word_1_429' title='bbox 3122 2728 3439 2831; x_wconf 66' lang='lat' dir='ltr'><strong>peccatore;</strong></span> 
     </span>
    </p>
   </div>
   <div class='ocr_carea' id='block_1_55' title="bbox 1853 2820 3436 2915">
    <p class='ocr_par' dir='ltr' id='par_1_55' title="bbox 1853 2820 3436 2915">
     <span class='ocr_line' id='line_1_57' title="bbox 1853 2820 3436 2915; baseline 0.027 -42"><span class='ocrx_word' id='word_1_430' title='bbox 1853 2820 2108 2915; x_wconf 85' lang='lat' dir='ltr'><strong>constitui</strong></span> <span class='ocrx_word' id='word_1_431' title='bbox 2159 2824 2365 2896; x_wconf 74' lang='lat' dir='ltr'><strong>deﬁnit,</strong></span> <span class='ocrx_word' id='word_1_432' title='bbox 2419 2831 2651 2892; x_wconf 85' lang='lat' dir='ltr'><strong>dicens:</strong></span> <span class='ocrx_word' id='word_1_433' title='bbox 2695 2837 2846 2896; x_wconf 83' lang='lat' dir='ltr'><strong>Sicut</strong></span> <span class='ocrx_word' id='word_1_434' title='bbox 2888 2860 2984 2915; x_wconf 80' lang='lat' dir='ltr'><strong>per</strong></span> <span class='ocrx_word' id='word_1_435' title='bbox 3030 2820 3436 2914; x_wconf 51' lang='lat' dir='ltr'><strong>mium-.5;</strong></span> 
     </span>
    </p>
   </div>
   <div class='ocr_carea' id='block_1_56' title="bbox 1853 2912 3439 3013">
    <p class='ocr_par' dir='ltr' id='par_1_56' title="bbox 1853 2912 3439 3013">
     <span class='ocr_line' id='line_1_58' title="bbox 1853 2912 3439 3013; baseline 0.027 -51"><span class='ocrx_word' id='word_1_436' title='bbox 1853 2912 2010 2990; x_wconf 65' lang='lat' dir='ltr'><strong>unius</strong></span> <span class='ocrx_word' id='word_1_437' title='bbox 2046 2914 2272 2972; x_wconf 74' lang='lat' dir='ltr'><strong>hominis</strong></span> <span class='ocrx_word' id='word_1_438' title='bbox 2315 2932 2609 2991; x_wconf 80' lang='lat' dir='ltr'><strong>peccatores</strong></span> <span class='ocrx_word' id='word_1_439' title='bbox 2659 2912 2924 2990; x_wconf 73' lang='lat' dir='ltr'><strong>constituti</strong></span> <span class='ocrx_word' id='word_1_440' title='bbox 2946 2949 3086 3003; x_wconf 77' lang='lat' dir='ltr'><strong>sunt</strong></span> <span class='ocrx_word' id='word_1_441' title='bbox 3126 2942 3312 3013; x_wconf 80' lang='lat' dir='ltr'><strong>multi,</strong></span> 
     </span>
    </p>
   </div>
   <div class='ocr_carea' id='block_1_57' title="bbox 1849 3006 3436 3095">
    <p class='ocr_par' dir='ltr' id='par_1_57' title="bbox 1849 3006 3436 3095">
     <span class='ocr_line' id='line_1_59' title="bbox 1849 3006 3436 3095; baseline 0.027 -42"><span class='ocrx_word' id='word_1_442' title='bbox 1849 3009 1900 3095; x_wconf 70' lang='lat' dir='ltr'><strong>et</strong></span> <span class='ocrx_word' id='word_1_443' title='bbox 1949 3018 2044 3095; x_wconf 75' lang='lat' dir='ltr'><strong>per</strong></span> <span class='ocrx_word' id='word_1_444' title='bbox 2090 3006 2247 3063; x_wconf 83' lang='lat' dir='ltr'><strong>unius</strong></span> <span class='ocrx_word' id='word_1_445' title='bbox 2295 3009 2638 3071; x_wconf 77' lang='lat' dir='ltr'><strong>obedientiam</strong></span> <span class='ocrx_word' id='word_1_446' title='bbox 2678 3018 2826 3092; x_wconf 32' lang='lat' dir='ltr'><strong>justi,</strong></span> <span class='ocrx_word' id='word_1_447' title='bbox 2867 3029 3248 3091; x_wconf 74' lang='lat' dir='ltr'><strong>constituentur</strong></span> <span class='ocrx_word' id='word_1_448' title='bbox 3279 3006 3436 3095; x_wconf 65' lang='lat' dir='ltr'><strong>multi</strong></span> 
     </span>
    </p>
   </div>
   <div class='ocr_carea' id='block_1_58' title="bbox 1855 3088 3016 3166">
    <p class='ocr_par' dir='ltr' id='par_1_58' title="bbox 1855 3088 3016 3166">
     <span class='ocr_line' id='line_1_60' title="bbox 1855 3088 3016 3166; baseline 0.011 -20"><span class='ocrx_word' id='word_1_449' title='bbox 1855 3088 2091 3166; x_wconf 66' lang='lat'><strong>(1,19)?</strong></span> <span class='ocrx_word' id='word_1_450' title='bbox 2682 3088 2691 3090; x_wconf 77' lang='grc'><strong><em>“</em></strong></span> <span class='ocrx_word' id='word_1_451' title='bbox 3013 3157 3016 3160; x_wconf 72' lang='grc'>,</span> 
     </span>
    </p>
   </div>
   <div class='ocr_carea' id='block_1_59' title="bbox 145 3165 3426 3324">
    <p class='ocr_par' dir='ltr' id='par_1_59' title="bbox 145 3165 3426 3324">
     <span class='ocr_line' id='line_1_61' title="bbox 145 3165 3426 3324; baseline 0.016 -97"><span class='ocrx_word' id='word_1_452' title='bbox 145 3173 389 3241; x_wconf 76' lang='lat' dir='ltr'><strong>litatem,</strong></span> <span class='ocrx_word' id='word_1_453' title='bbox 430 3193 552 3247; x_wconf 77' lang='lat' dir='ltr'><strong>qua:</strong></span> <span class='ocrx_word' id='word_1_454' title='bbox 597 3180 859 3250; x_wconf 89' lang='lat' dir='ltr'><strong>tuncjam</strong></span> <span class='ocrx_word' id='word_1_455' title='bbox 902 3199 1011 3240; x_wconf 87' lang='lat' dir='ltr'><strong>non</strong></span> <span class='ocrx_word' id='word_1_456' title='bbox 1050 3185 1176 3254; x_wconf 89' lang='lat' dir='ltr'><strong>erit,</strong></span> <span class='ocrx_word' id='word_1_457' title='bbox 1205 3187 1329 3260; x_wconf 86' lang='lat' dir='ltr'><strong>quia</strong></span> <span class='ocrx_word' id='word_1_458' title='bbox 1370 3198 1576 3246; x_wconf 81' lang='lat' dir='ltr'><strong>mutata</strong></span> <span class='ocrx_word' id='word_1_459' title='bbox 1621 3165 1750 3248; x_wconf 78' lang='lat' dir='ltr'><strong>caro</strong></span> <span class='ocrx_word' id='word_1_460' title='bbox 1774 3165 1824 3230; x_wconf 63' lang='grc' dir='ltr'>α</span> <span class='ocrx_word' id='word_1_461' title='bbox 1852 3165 2132 3244; x_wconf 65' lang='grc' dir='ltr'><strong>8351⁸οάωο</strong></span> <span class='ocrx_word' id='word_1_462' title='bbox 2159 3186 2263 3262; x_wconf 73' lang='lat' dir='ltr'><strong>(Ex</strong></span> <span class='ocrx_word' id='word_1_463' title='bbox 2299 3194 2422 3252; x_wconf 82' lang='lat' dir='ltr'><strong>eod.</strong></span> <span class='ocrx_word' id='word_1_464' title='bbox 2460 3195 2678 3324; x_wconf 41' lang='lat' dir='ltr'><strong>oggert.</strong></span> <span class='ocrx_word' id='word_1_465' title='bbox 2706 3204 2778 3259; x_wconf 82' lang='lat' dir='ltr'><strong>ad</strong></span> <span class='ocrx_word' id='word_1_466' title='bbox 2816 3223 2932 3280; x_wconf 84' lang='lat' dir='ltr'><strong>cap.</strong></span> <span class='ocrx_word' id='word_1_467' title='bbox 2972 3225 3025 3279; x_wconf 74' lang='grc' dir='ltr'><strong>ν,</strong></span> <span class='ocrx_word' id='word_1_468' title='bbox 3050 3230 3098 3269; x_wconf 83' lang='grc' dir='ltr'><strong>υ.</strong></span> <span class='ocrx_word' id='word_1_469' title='bbox 3133 3217 3221 3286; x_wconf 79' lang='lat' dir='ltr'><strong>l9,</strong></span> <span class='ocrx_word' id='word_1_470' title='bbox 3252 3218 3426 3291; x_wconf 76' lang='lat' dir='ltr'><strong>Epist.</strong></span> 
     </span>
     <span class='ocr_line' id='line_1_62' title="bbox 145 3271 2796 3324; baseline 0.003 -6"><span class='ocrx_word' id='word_1_471' title='bbox 145 3282 254 3320; x_wconf 87' lang='lat' dir='ltr'><strong>non</strong></span> <span class='ocrx_word' id='word_1_472' title='bbox 283 3279 694 3324; x_wconf 61' lang='lat' dir='ltr'><strong>corrumpetur.</strong></span> <span class='ocrx_word' id='word_1_473' title='bbox 735 3273 1068 3324; x_wconf 78' lang='lat' dir='ltr'><strong>Noveramus</strong></span> <span class='ocrx_word' id='word_1_474' title='bbox 1093 3293 1223 3324; x_wconf 65' lang='lat' dir='ltr'><strong>omn</strong></span> <span class='ocrx_word' id='word_1_475' title='bbox 1247 3278 1520 3324; x_wconf 64' lang='lat' dir='ltr'><strong>Christum</strong></span> <span class='ocrx_word' id='word_1_476' title='bbox 1557 3295 1751 3324; x_wconf 65' lang='grc' dir='ltr'><strong>ςρριιη-</strong></span> <span class='ocrx_word' id='word_1_477' title='bbox 2593 3271 2796 3324; x_wconf 66' lang='lat' dir='ltr'><strong>Reum.</strong></span> 
     </span>
    </p>
   </div>
   <div class='ocr_carea' id='block_1_60' title="bbox 145 3273 1751 3349">
    <p class='ocr_par' dir='ltr' id='par_1_60' title="bbox 145 3273 1751 3349">
     <span class='ocr_line' id='line_1_63' title="bbox 145 3273 1751 3349; baseline 0.012 -30"><span class='ocrx_word' id='word_1_478' title='bbox 145 3282 254 3320; x_wconf 91' lang='lat' dir='ltr'><strong>non</strong></span> <span class='ocrx_word' id='word_1_479' title='bbox 283 3279 694 3340; x_wconf 67' lang='lat' dir='ltr'><strong>corrumpetur.</strong></span> <span class='ocrx_word' id='word_1_480' title='bbox 735 3273 1068 3332; x_wconf 85' lang='lat' dir='ltr'><strong>Noveramus</strong></span> <span class='ocrx_word' id='word_1_481' title='bbox 1093 3293 1223 3349; x_wconf 84' lang='lat' dir='ltr'><strong>ergo</strong></span> <span class='ocrx_word' id='word_1_482' title='bbox 1247 3278 1522 3336; x_wconf 90' lang='lat' dir='ltr'><strong>Christum</strong></span> <span class='ocrx_word' id='word_1_483' title='bbox 1557 3295 1751 3338; x_wconf 83' lang='lat' dir='ltr'><strong>secun-</strong></span> 
     </span>
    </p>
   </div>
   <div class='ocr_carea' id='block_1_61' title="bbox 144 3359 1748 3441">
    <p class='ocr_par' dir='ltr' id='par_1_61' title="bbox 144 3359 1748 3441">
     <span class='ocr_line' id='line_1_64' title="bbox 144 3359 1748 3441; baseline 0.012 -29"><span class='ocrx_word' id='word_1_484' title='bbox 144 3359 274 3413; x_wconf 89' lang='lat' dir='ltr'><strong>dum</strong></span> <span class='ocrx_word' id='word_1_485' title='bbox 303 3375 556 3429; x_wconf 87' lang='lat' dir='ltr'><strong>carnem,</strong></span> <span class='ocrx_word' id='word_1_486' title='bbox 589 3363 641 3418; x_wconf 89' lang='lat' dir='ltr'><strong>id</strong></span> <span class='ocrx_word' id='word_1_487' title='bbox 677 3374 784 3430; x_wconf 88' lang='lat' dir='ltr'><strong>est,</strong></span> <span class='ocrx_word' id='word_1_488' title='bbox 813 3369 1112 3424; x_wconf 87' lang='lat' dir='ltr'><strong>secundum</strong></span> <span class='ocrx_word' id='word_1_489' title='bbox 1137 3371 1319 3427; x_wconf 88' lang='lat' dir='ltr'><strong>carnis</strong></span> <span class='ocrx_word' id='word_1_490' title='bbox 1345 3371 1748 3441; x_wconf 86' lang='lat' dir='ltr'><strong>mortalitatem,</strong></span> 
     </span>
    </p>
   </div>
   <div class='ocr_carea' id='block_1_62' title="bbox 140 3459 1748 3534">
    <p class='ocr_par' dir='ltr' id='par_1_62' title="bbox 140 3459 1748 3534">
     <span class='ocr_line' id='line_1_65' title="bbox 140 3459 1748 3534; baseline 0.012 -31"><span class='ocrx_word' id='word_1_491' title='bbox 140 3459 449 3522; x_wconf 80' lang='lat' dir='ltr'><strong>antequam</strong></span> <span class='ocrx_word' id='word_1_492' title='bbox 494 3466 805 3525; x_wconf 84' lang='lat' dir='ltr'><strong>resurgeret</strong></span> <span class='ocrx_word' id='word_1_493' title='bbox 835 3475 848 3512; x_wconf 89' lang='lat'>:</span> <span class='ocrx_word' id='word_1_494' title='bbox 881 3460 975 3516; x_wconf 89' lang='lat' dir='ltr'><strong>sed</strong></span> <span class='ocrx_word' id='word_1_495' title='bbox 1000 3476 1142 3517; x_wconf 89' lang='lat' dir='ltr'><strong>nunc</strong></span> <span class='ocrx_word' id='word_1_496' title='bbox 1183 3459 1296 3531; x_wconf 88' lang='lat' dir='ltr'><strong>jam</strong></span> <span class='ocrx_word' id='word_1_497' title='bbox 1325 3478 1432 3520; x_wconf 91' lang='lat' dir='ltr'><strong>non</strong></span> <span class='ocrx_word' id='word_1_498' title='bbox 1479 3466 1748 3534; x_wconf 87' lang='lat' dir='ltr'><strong>novimus,</strong></span> 
     </span>
    </p>
   </div>
   <div class='ocr_carea' id='block_1_63' title="bbox 144 3545 1754 3627">
    <p class='ocr_par' dir='ltr' id='par_1_63' title="bbox 144 3545 1754 3627">
     <span class='ocr_line' id='line_1_66' title="bbox 144 3545 1754 3627; baseline 0.011 -32"><span class='ocrx_word' id='word_1_499' title='bbox 144 3547 271 3613; x_wconf 84' lang='lat' dir='ltr'><strong>quia</strong></span> <span class='ocrx_word' id='word_1_500' title='bbox 313 3545 464 3600; x_wconf 90' lang='lat' dir='ltr'><strong>sicut</strong></span> <span class='ocrx_word' id='word_1_501' title='bbox 491 3545 622 3601; x_wconf 92' lang='lat' dir='ltr'><strong>dicit</strong></span> <span class='ocrx_word' id='word_1_502' title='bbox 651 3548 789 3604; x_wconf 89' lang='lat' dir='ltr'><strong>idem</strong></span> <span class='ocrx_word' id='word_1_503' title='bbox 824 3551 1119 3620; x_wconf 90' lang='lat' dir='ltr'><strong>apostolus,</strong></span> <span class='ocrx_word' id='word_1_504' title='bbox 1157 3551 1396 3610; x_wconf 87' lang='lat' dir='ltr'><strong>Christus</strong></span> <span class='ocrx_word' id='word_1_505' title='bbox 1427 3572 1698 3627; x_wconf 82' lang='lat' dir='ltr'><strong>resurgens</strong></span> <span class='ocrx_word' id='word_1_506' title='bbox 1717 3576 1754 3614; x_wconf 78' lang='grc' dir='ltr'><em>α</em></span> 
     </span>
    </p>
   </div>
   <div class='ocr_carea' id='block_1_64' title="bbox 144 3637 1757 3721">
    <p class='ocr_par' dir='ltr' id='par_1_64' title="bbox 144 3637 1757 3721">
     <span class='ocr_line' id='line_1_67' title="bbox 144 3637 1757 3721; baseline 0.011 -33"><span class='ocrx_word' id='word_1_507' title='bbox 144 3637 375 3691; x_wconf 77' lang='lat' dir='ltr'><strong>mortuis</strong></span> <span class='ocrx_word' id='word_1_508' title='bbox 409 3637 532 3709; x_wconf 87' lang='lat' dir='ltr'><strong>jam</strong></span> <span class='ocrx_word' id='word_1_509' title='bbox 575 3656 680 3696; x_wconf 83' lang='lat' dir='ltr'><strong>non</strong></span> <span class='ocrx_word' id='word_1_510' title='bbox 724 3645 966 3709; x_wconf 78' lang='lat' dir='ltr'><strong>moritur,</strong></span> <span class='ocrx_word' id='word_1_511' title='bbox 998 3651 1104 3701; x_wconf 85' lang='lat' dir='ltr'><strong>etc.</strong></span> <span class='ocrx_word' id='word_1_512' title='bbox 1151 3644 1329 3719; x_wconf 86' lang='lat' dir='ltr'><strong>(Rom.</strong></span> <span class='ocrx_word' id='word_1_513' title='bbox 1370 3663 1443 3712; x_wconf 76' lang='lat' dir='ltr'><strong>vr,</strong></span> <span class='ocrx_word' id='word_1_514' title='bbox 1490 3648 1565 3719; x_wconf 85' lang='lat'><strong>9).</strong></span> <span class='ocrx_word' id='word_1_515' title='bbox 1609 3649 1757 3721; x_wconf 85' lang='lat' dir='ltr'><strong>Ergo</strong></span> 
     </span>
    </p>
   </div>
   <div class='ocr_carea' id='block_1_65' title="bbox 145 3730 1752 3812">
    <p class='ocr_par' dir='ltr' id='par_1_65' title="bbox 145 3730 1752 3812">
     <span class='ocr_line' id='line_1_68' title="bbox 145 3730 1752 3812; baseline 0.011 -32"><span class='ocrx_word' id='word_1_516' title='bbox 145 3737 448 3799; x_wconf 85' lang='lat' dir='ltr'><strong>utrumque</strong></span> <span class='ocrx_word' id='word_1_517' title='bbox 473 3730 526 3785; x_wconf 90' lang='lat' dir='ltr'><strong>in</strong></span> <span class='ocrx_word' id='word_1_518' title='bbox 553 3732 699 3790; x_wconf 90' lang='lat' dir='ltr'><strong>nullo</strong></span> <span class='ocrx_word' id='word_1_519' title='bbox 725 3735 827 3790; x_wconf 86' lang='lat' dir='ltr'><strong>sibi</strong></span> <span class='ocrx_word' id='word_1_520' title='bbox 863 3751 1164 3808; x_wconf 87' lang='lat' dir='ltr'><strong>repugnare</strong></span> <span class='ocrx_word' id='word_1_521' title='bbox 1184 3737 1418 3806; x_wconf 85' lang='lat' dir='ltr'><strong>videtur,</strong></span> <span class='ocrx_word' id='word_1_522' title='bbox 1445 3741 1585 3810; x_wconf 90' lang='lat' dir='ltr'><strong>quod</strong></span> <span class='ocrx_word' id='word_1_523' title='bbox 1607 3740 1752 3812; x_wconf 83' lang='lat' dir='ltr'><strong>Apo-</strong></span> 
     </span>
    </p>
   </div>
   <div class='ocr_carea' id='block_1_66' title="bbox 143 3821 1745 3902">
    <p class='ocr_par' dir='ltr' id='par_1_66' title="bbox 143 3821 1745 3902">
     <span class='ocr_line' id='line_1_69' title="bbox 143 3821 1745 3902; baseline 0.011 -30"><span class='ocrx_word' id='word_1_524' title='bbox 143 3821 323 3875; x_wconf 72' lang='lat' dir='ltr'><strong>stolus</strong></span> <span class='ocrx_word' id='word_1_525' title='bbox 369 3821 525 3890; x_wconf 80' lang='lat' dir='ltr'><strong>dixit,</strong></span> <span class='ocrx_word' id='word_1_526' title='bbox 557 3823 682 3893; x_wconf 90' lang='lat' dir='ltr'><strong>quia</strong></span> <span class='ocrx_word' id='word_1_527' title='bbox 713 3835 768 3880; x_wconf 88' lang='lat' dir='ltr'><strong>et</strong></span> <span class='ocrx_word' id='word_1_528' title='bbox 813 3836 1102 3898; x_wconf 88' lang='lat' dir='ltr'><strong>antequam</strong></span> <span class='ocrx_word' id='word_1_529' title='bbox 1132 3839 1438 3902; x_wconf 83' lang='lat' dir='ltr'><strong>resurgeret</strong></span> <span class='ocrx_word' id='word_1_530' title='bbox 1479 3831 1745 3900; x_wconf 88' lang='lat' dir='ltr'><strong>Christus,</strong></span> 
     </span>
    </p>
   </div>
   <div class='ocr_carea' id='block_1_67' title="bbox 2593 3271 2796 3347">
    <p class='ocr_par' dir='ltr' id='par_1_67' title="bbox 2593 3271 2796 3347">
     <span class='ocr_line' id='line_1_70' title="bbox 2593 3271 2796 3347; baseline 0.01 -20"><span class='ocrx_word' id='word_1_531' title='bbox 2593 3271 2796 3347; x_wconf 69' lang='lat' dir='ltr'><strong>Rom).</strong></span> 
     </span>
    </p>
   </div>
   <div class='ocr_carea' id='block_1_68' title="bbox 1921 3365 3429 3460">
    <p class='ocr_par' dir='ltr' id='par_1_68' title="bbox 1921 3365 3429 3460">
     <span class='ocr_line' id='line_1_71' title="bbox 1921 3365 3429 3460; baseline 0.027 -38"><span class='ocrx_word' id='word_1_532' title='bbox 1921 3365 2238 3431; x_wconf 78' lang='lat' dir='ltr'><strong>Peccatores</strong></span> <span class='ocrx_word' id='word_1_533' title='bbox 2269 3379 2538 3446; x_wconf 88' lang='lat' dir='ltr'><strong>quomodo</strong></span> <span class='ocrx_word' id='word_1_534' title='bbox 2569 3385 2745 3454; x_wconf 90' lang='lat' dir='ltr'><strong>multi,</strong></span> <span class='ocrx_word' id='word_1_535' title='bbox 2777 3396 2834 3445; x_wconf 89' lang='lat' dir='ltr'><strong>et</strong></span> <span class='ocrx_word' id='word_1_536' title='bbox 2859 3405 2968 3448; x_wconf 91' lang='lat' dir='ltr'><strong>non</strong></span> <span class='ocrx_word' id='word_1_537' title='bbox 2993 3409 3181 3456; x_wconf 89' lang='lat' dir='ltr'><strong>omnes</strong></span> <span class='ocrx_word' id='word_1_538' title='bbox 3209 3401 3429 3460; x_wconf 86' lang='lat' dir='ltr'><strong>videan-</strong></span> 
     </span>
    </p>
   </div>
   <div class='ocr_carea' id='block_1_69' title="bbox 1850 3465 3430 3561">
    <p class='ocr_par' dir='ltr' id='par_1_69' title="bbox 1850 3465 3430 3561">
     <span class='ocr_line' id='line_1_72' title="bbox 1850 3465 3430 3561; baseline 0.023 -48"><span class='ocrx_word' id='word_1_539' title='bbox 1850 3465 1960 3527; x_wconf 88' lang='lat' dir='ltr'><strong>tur,</strong></span> <span class='ocrx_word' id='word_1_540' title='bbox 2010 3477 2131 3518; x_wconf 89' lang='lat' dir='ltr'><strong>cum</strong></span> <span class='ocrx_word' id='word_1_541' title='bbox 2177 3465 2318 3522; x_wconf 89' lang='lat' dir='ltr'><strong>idem</strong></span> <span class='ocrx_word' id='word_1_542' title='bbox 2343 3471 2617 3539; x_wconf 85' lang='lat' dir='ltr'><strong>apostolus</strong></span> <span class='ocrx_word' id='word_1_543' title='bbox 2649 3476 2781 3534; x_wconf 87' lang='lat' dir='ltr'><strong>dicit</strong></span> <span class='ocrx_word' id='word_1_544' title='bbox 2814 3481 2941 3552; x_wconf 81' lang='lat' dir='ltr'><strong>quia</strong></span> <span class='ocrx_word' id='word_1_545' title='bbox 2981 3501 3158 3544; x_wconf 73' lang='lat' dir='ltr'><strong>omnes</strong></span> <span class='ocrx_word' id='word_1_546' title='bbox 3185 3507 3430 3561; x_wconf 86' lang='lat' dir='ltr'><strong>peccave-</strong></span> 
     </span>
    </p>
   </div>
   <div class='ocr_carea' id='block_1_70' title="bbox 1850 3552 3431 3641">
    <p class='ocr_par' dir='ltr' id='par_1_70' title="bbox 1850 3552 3431 3641">
     <span class='ocr_line' id='line_1_73' title="bbox 1850 3552 3431 3641; baseline 0.024 -38"><span class='ocrx_word' id='word_1_547' title='bbox 1850 3560 1972 3605; x_wconf 87' lang='lat' dir='ltr'><strong>runt</strong></span> <span class='ocrx_word' id='word_1_548' title='bbox 2000 3552 2179 3626; x_wconf 85' lang='lat' dir='ltr'><strong>(Rom.</strong></span> <span class='ocrx_word' id='word_1_549' title='bbox 2228 3572 2311 3624; x_wconf 80' lang='lat' dir='ltr'><strong>ut,</strong></span> <span class='ocrx_word' id='word_1_550' title='bbox 2355 3559 2465 3633; x_wconf 76' lang='lat'><strong>23),</strong></span> <span class='ocrx_word' id='word_1_551' title='bbox 2513 3564 2770 3625; x_wconf 88' lang='lat' dir='ltr'><strong>debemus</strong></span> <span class='ocrx_word' id='word_1_552' title='bbox 2805 3573 3106 3632; x_wconf 85' lang='lat' dir='ltr'><strong>ostendere.</strong></span> <span class='ocrx_word' id='word_1_553' title='bbox 3143 3552 3303 3637; x_wconf 76' lang='lat' dir='ltr'><strong>Aliud</strong></span> <span class='ocrx_word' id='word_1_554' title='bbox 3345 3595 3431 3641; x_wconf 90' lang='lat' dir='ltr'><strong>est</strong></span> 
     </span>
    </p>
   </div>
   <div class='ocr_carea' id='block_1_71' title="bbox 1847 3645 3428 3730">
    <p class='ocr_par' dir='ltr' id='par_1_71' title="bbox 1847 3645 3428 3730">
     <span class='ocr_line' id='line_1_74' title="bbox 1847 3645 3428 3730; baseline 0.022 -34"><span class='ocrx_word' id='word_1_555' title='bbox 1847 3653 2120 3711; x_wconf 87' lang='lat' dir='ltr'><strong>peccasse,</strong></span> <span class='ocrx_word' id='word_1_556' title='bbox 2160 3645 2304 3704; x_wconf 89' lang='lat' dir='ltr'><strong>aliud</strong></span> <span class='ocrx_word' id='word_1_557' title='bbox 2327 3660 2663 3720; x_wconf 87' lang='lat' dir='ltr'><strong>peccatorem</strong></span> <span class='ocrx_word' id='word_1_558' title='bbox 2697 3673 2837 3717; x_wconf 88' lang='lat' dir='ltr'><strong>esse.</strong></span> <span class='ocrx_word' id='word_1_559' title='bbox 2873 3660 3134 3722; x_wconf 84' lang='lat' dir='ltr'><strong>Peccator</strong></span> <span class='ocrx_word' id='word_1_560' title='bbox 3161 3668 3358 3728; x_wconf 87' lang='lat' dir='ltr'><strong>dicitur</strong></span> <span class='ocrx_word' id='word_1_561' title='bbox 3380 3675 3428 3730; x_wconf 88' lang='lat' dir='ltr'><strong>is</strong></span> 
     </span>
    </p>
   </div>
   <div class='ocr_carea' id='block_1_72' title="bbox 1848 3735 3427 3837">
    <p class='ocr_par' dir='ltr' id='par_1_72' title="bbox 1848 3735 3427 3837">
     <span class='ocr_line' id='line_1_75' title="bbox 1848 3735 3427 3837; baseline 0.023 -49"><span class='ocrx_word' id='word_1_562' title='bbox 1848 3735 1960 3806; x_wconf 91' lang='lat' dir='ltr'><strong>qui,</strong></span> <span class='ocrx_word' id='word_1_563' title='bbox 1993 3739 2163 3793; x_wconf 90' lang='lat' dir='ltr'><strong>multa</strong></span> <span class='ocrx_word' id='word_1_564' title='bbox 2189 3739 2566 3814; x_wconf 89' lang='lat' dir='ltr'><strong>delinquendo,</strong></span> <span class='ocrx_word' id='word_1_565' title='bbox 2609 3747 2666 3804; x_wconf 89' lang='lat' dir='ltr'><strong>in</strong></span> <span class='ocrx_word' id='word_1_566' title='bbox 2693 3755 3134 3816; x_wconf 89' lang='lat' dir='ltr'><strong>consuetudinem</strong></span> <span class='ocrx_word' id='word_1_567' title='bbox 3164 3770 3218 3819; x_wconf 90' lang='lat' dir='ltr'><strong>et</strong></span> <span class='ocrx_word' id='word_1_568' title='bbox 3243 3763 3326 3837; x_wconf 89' lang='lat' dir='ltr'><strong>(ut</strong></span> <span class='ocrx_word' id='word_1_569' title='bbox 3351 3769 3427 3824; x_wconf 87' lang='lat' dir='ltr'><strong>ita</strong></span> 
     </span>
    </p>
   </div>
   <div class='ocr_carea' id='block_1_73' title="bbox 1847 3828 3430 3917">
    <p class='ocr_par' dir='ltr' id='par_1_73' title="bbox 1847 3828 3430 3917">
     <span class='ocr_line' id='line_1_76' title="bbox 1847 3828 3430 3917; baseline 0.021 -33"><span class='ocrx_word' id='word_1_570' title='bbox 1847 3828 2045 3904; x_wconf 83' lang='lat' dir='ltr'><strong>dicam)</strong></span> <span class='ocrx_word' id='word_1_571' title='bbox 2070 3833 2306 3889; x_wconf 88' lang='lat' dir='ltr'><strong>studium</strong></span> <span class='ocrx_word' id='word_1_572' title='bbox 2327 3841 2586 3907; x_wconf 82' lang='lat' dir='ltr'><strong>peccandi</strong></span> <span class='ocrx_word' id='word_1_573' title='bbox 2605 3840 2719 3912; x_wconf 89' lang='lat' dir='ltr'><strong>jam</strong></span> <span class='ocrx_word' id='word_1_574' title='bbox 2741 3849 2907 3904; x_wconf 87' lang='lat' dir='ltr'><strong>venit.</strong></span> <span class='ocrx_word' id='word_1_575' title='bbox 2932 3850 3082 3908; x_wconf 87' lang='lat' dir='ltr'><strong>Sicut</strong></span> <span class='ocrx_word' id='word_1_576' title='bbox 3103 3870 3132 3912; x_wconf 88' lang='lat' dir='ltr'><strong>e</strong></span> <span class='ocrx_word' id='word_1_577' title='bbox 3158 3828 3430 3917; x_wconf 80' lang='lat' dir='ltr'><strong>contrario</strong></span> 
     </span>
    </p>
   </div>
   <div class='ocr_carea' id='block_1_74' title="bbox 141 3918 3431 4019">
    <p class='ocr_par' dir='ltr' id='par_1_74' title="bbox 141 3918 3431 4019">
     <span class='ocr_line' id='line_1_77' title="bbox 141 3918 3431 4019; baseline 0.016 -65"><span class='ocrx_word' id='word_1_578' title='bbox 141 3925 379 3967; x_wconf 64' lang='lat' dir='ltr'><strong>carnem</strong></span> <span class='ocrx_word' id='word_1_579' title='bbox 417 3927 543 3968; x_wconf 79' lang='lat' dir='ltr'><strong>eum</strong></span> <span class='ocrx_word' id='word_1_580' title='bbox 592 3927 816 3972; x_wconf 60' lang='lat' dir='ltr'><strong>noverat</strong></span> <span class='ocrx_word' id='word_1_581' title='bbox 861 3918 1115 3977; x_wconf 75' lang='lat' dir='ltr'><strong>habuisse</strong></span> <span class='ocrx_word' id='word_1_582' title='bbox 1160 3924 1479 3992; x_wconf 66' lang='lat' dir='ltr'><strong>mortalem;</strong></span> <span class='ocrx_word' id='word_1_583' title='bbox 1518 3934 1574 3981; x_wconf 69' lang='lat' dir='ltr'><strong>ei,</strong></span> <span class='ocrx_word' id='word_1_584' title='bbox 1601 3936 1750 3998; x_wconf 71' lang='lat' dir='ltr'><strong>post,-</strong></span> <span class='ocrx_word' id='word_1_585' title='bbox 1839 3919 2021 3990; x_wconf 83' lang='lat' dir='ltr'><strong>justus</strong></span> <span class='ocrx_word' id='word_1_586' title='bbox 2045 3940 2152 3982; x_wconf 91' lang='lat' dir='ltr'><strong>non</strong></span> <span class='ocrx_word' id='word_1_587' title='bbox 2181 3926 2378 3984; x_wconf 77' lang='lat' dir='ltr'><strong>diclttn-</strong></span> <span class='ocrx_word' id='word_1_588' title='bbox 2409 3930 2458 3986; x_wconf 78' lang='grc' dir='ltr'><strong>Ιε</strong></span> <span class='ocrx_word' id='word_1_589' title='bbox 2485 3932 2577 4002; x_wconf 88' lang='lat' dir='ltr'><strong>qui</strong></span> <span class='ocrx_word' id='word_1_590' title='bbox 2626 3937 2792 3994; x_wconf 85' lang='lat' dir='ltr'><strong>semel</strong></span> <span class='ocrx_word' id='word_1_591' title='bbox 2820 3949 2915 3997; x_wconf 88' lang='lat' dir='ltr'><strong>aut</strong></span> <span class='ocrx_word' id='word_1_592' title='bbox 2938 3941 3023 3999; x_wconf 86' lang='lat' dir='ltr'><strong>his</strong></span> <span class='ocrx_word' id='word_1_593' title='bbox 3047 3943 3250 4019; x_wconf 88' lang='lat' dir='ltr'><strong>aliquid</strong></span> <span class='ocrx_word' id='word_1_594' title='bbox 3269 3947 3431 4019; x_wconf 84' lang='lat' dir='ltr'><strong>justi-</strong></span> 
     </span>
    </p>
   </div>
   <div class='ocr_carea' id='block_1_75' title="bbox 143 4004 1749 4100">
    <p class='ocr_par' dir='ltr' id='par_1_75' title="bbox 143 4004 1749 4100">
     <span class='ocr_line' id='line_1_78' title="bbox 143 4004 1749 4100; baseline 0.016 -49"><span class='ocrx_word' id='word_1_595' title='bbox 143 4014 316 4068; x_wconf 87' lang='lat' dir='ltr'><strong>quam</strong></span> <span class='ocrx_word' id='word_1_596' title='bbox 374 4004 692 4073; x_wconf 83' lang='lat' dir='ltr'><strong>resurrexit,</strong></span> <span class='ocrx_word' id='word_1_597' title='bbox 738 4007 882 4064; x_wconf 89' lang='lat' dir='ltr'><strong>nulla</strong></span> <span class='ocrx_word' id='word_1_598' title='bbox 915 4025 1040 4066; x_wconf 88' lang='lat' dir='ltr'><strong>eum</strong></span> <span class='ocrx_word' id='word_1_599' title='bbox 1086 4013 1275 4086; x_wconf 75' lang='lat' dir='ltr'><strong>attingi</strong></span> <span class='ocrx_word' id='word_1_600' title='bbox 1299 4015 1528 4073; x_wconf 89' lang='lat' dir='ltr'><strong>credidit</strong></span> <span class='ocrx_word' id='word_1_601' title='bbox 1557 4019 1749 4100; x_wconf 82' lang='lat' dir='ltr'><strong>mortis</strong></span> 
     </span>
    </p>
   </div>
   <div class='ocr_carea' id='block_1_76' title="bbox 140 4093 530 4164">
    <p class='ocr_par' dir='ltr' id='par_1_76' title="bbox 140 4093 530 4164">
     <span class='ocr_line' id='line_1_79' title="bbox 140 4093 530 4164; baseline 0.01 -19"><span class='ocrx_word' id='word_1_602' title='bbox 140 4093 530 4164; x_wconf 87' lang='lat' dir='ltr'><strong>corruptione.</strong></span> 
     </span>
    </p>
   </div>
   <div class='ocr_carea' id='block_1_77' title="bbox 639 4204 1277 4254">
    <p class='ocr_par' dir='ltr' id='par_1_77' title="bbox 639 4204 1277 4254">
     <span class='ocr_line' id='line_1_80' title="bbox 639 4204 1277 4254; baseline 0.013 -11"><span class='ocrx_word' id='word_1_603' title='bbox 639 4204 1037 4251; x_wconf 64' lang='lat' dir='ltr'><strong>lNTERROGLTlO</strong></span> <span class='ocrx_word' id='word_1_604' title='bbox 1070 4209 1277 4254; x_wconf 65' lang='lat' dir='ltr'><strong>XXXVII.</strong></span> 
     </span>
    </p>
   </div>
   <div class='ocr_carea' id='block_1_78' title="bbox 207 4272 1747 4354">
    <p class='ocr_par' dir='ltr' id='par_1_78' title="bbox 207 4272 1747 4354">
     <span class='ocr_line' id='line_1_81' title="bbox 207 4272 1747 4354; baseline 0.018 -27"><span class='ocrx_word' id='word_1_605' title='bbox 207 4272 358 4330; x_wconf 79' lang='lat' dir='ltr'><strong>Cum</strong></span> <span class='ocrx_word' id='word_1_606' title='bbox 392 4273 592 4334; x_wconf 88' lang='lat' dir='ltr'><strong>Paulus</strong></span> <span class='ocrx_word' id='word_1_607' title='bbox 630 4280 890 4340; x_wconf 84' lang='lat' dir='ltr'><strong>Romanis</strong></span> <span class='ocrx_word' id='word_1_608' title='bbox 934 4287 1138 4344; x_wconf 89' lang='lat' dir='ltr'><strong>scribat</strong></span> <span class='ocrx_word' id='word_1_609' title='bbox 1180 4289 1396 4348; x_wconf 74' lang='lat' dir='ltr'><strong>Judazos</strong></span> <span class='ocrx_word' id='word_1_610' title='bbox 1438 4304 1487 4350; x_wconf 84' lang='lat' dir='ltr'><strong>et</strong></span> <span class='ocrx_word' id='word_1_611' title='bbox 1535 4291 1747 4354; x_wconf 67' lang='lat' dir='ltr'><strong>Graecos</strong></span> 
     </span>
    </p>
   </div>
   <div class='ocr_carea' id='block_1_79' title="bbox 135 4370 1748 4461">
    <p class='ocr_par' dir='ltr' id='par_1_79' title="bbox 135 4370 1748 4461">
     <span class='ocr_line' id='line_1_82' title="bbox 135 4370 1748 4461; baseline 0.017 -43"><span class='ocrx_word' id='word_1_612' title='bbox 135 4383 318 4423; x_wconf 83' lang='lat' dir='ltr'><strong>omnes</strong></span> <span class='ocrx_word' id='word_1_613' title='bbox 350 4370 448 4423; x_wconf 84' lang='lat' dir='ltr'><strong>sub</strong></span> <span class='ocrx_word' id='word_1_614' title='bbox 475 4383 688 4442; x_wconf 84' lang='lat' dir='ltr'><strong>peccato</strong></span> <span class='ocrx_word' id='word_1_615' title='bbox 716 4392 826 4431; x_wconf 84' lang='lat' dir='ltr'><strong>esse</strong></span> <span class='ocrx_word' id='word_1_616' title='bbox 852 4377 1030 4450; x_wconf 88' lang='lat' dir='ltr'><strong>(Rom.</strong></span> <span class='ocrx_word' id='word_1_617' title='bbox 1057 4397 1138 4448; x_wconf 85' lang='lat' dir='ltr'><strong>Ill,</strong></span> <span class='ocrx_word' id='word_1_618' title='bbox 1169 4384 1224 4455; x_wconf 86' lang='lat'><strong>9)</strong></span> <span class='ocrx_word' id='word_1_619' title='bbox 1260 4384 1544 4454; x_wconf 84' lang='lat' dir='ltr'><strong>deﬁniens,</strong></span> <span class='ocrx_word' id='word_1_620' title='bbox 1584 4398 1748 4461; x_wconf 85' lang='lat' dir='ltr'><strong>atque</strong></span> 
     </span>
    </p>
   </div>
   <div class='ocr_carea' id='block_1_80' title="bbox 133 4460 1743 4551">
    <p class='ocr_par' dir='ltr' id='par_1_80' title="bbox 133 4460 1743 4551">
     <span class='ocr_line' id='line_1_83' title="bbox 133 4460 1743 4551; baseline 0.017 -40"><span class='ocrx_word' id='word_1_621' title='bbox 133 4460 235 4514; x_wconf 91' lang='lat' dir='ltr'><strong>sub</strong></span> <span class='ocrx_word' id='word_1_622' title='bbox 264 4461 384 4516; x_wconf 86' lang='lat' dir='ltr'><strong>hac</strong></span> <span class='ocrx_word' id='word_1_623' title='bbox 402 4465 689 4524; x_wconf 87' lang='lat' dir='ltr'><strong>occasione</strong></span> <span class='ocrx_word' id='word_1_624' title='bbox 710 4484 870 4527; x_wconf 92' lang='lat' dir='ltr'><strong>omne</strong></span> <span class='ocrx_word' id='word_1_625' title='bbox 893 4486 1062 4544; x_wconf 88' lang='lat' dir='ltr'><strong>genus</strong></span> <span class='ocrx_word' id='word_1_626' title='bbox 1086 4475 1363 4533; x_wconf 89' lang='lat' dir='ltr'><strong>hominum</strong></span> <span class='ocrx_word' id='word_1_627' title='bbox 1393 4480 1495 4536; x_wconf 91' lang='lat' dir='ltr'><strong>sub</strong></span> <span class='ocrx_word' id='word_1_628' title='bbox 1519 4492 1743 4551; x_wconf 89' lang='lat' dir='ltr'><strong>peccato</strong></span> 
     </span>
    </p>
   </div>
   <div class='ocr_carea' id='block_1_81' title="bbox 130 4553 1744 4645">
    <p class='ocr_par' dir='ltr' id='par_1_81' title="bbox 130 4553 1744 4645">
     <span class='ocr_line' id='line_1_84' title="bbox 130 4553 1744 4645; baseline 0.015 -41"><span class='ocrx_word' id='word_1_629' title='bbox 130 4565 255 4605; x_wconf 88' lang='lat' dir='ltr'><strong>esse</strong></span> <span class='ocrx_word' id='word_1_630' title='bbox 283 4553 560 4624; x_wconf 84' lang='lat' dir='ltr'><strong>designet,</strong></span> <span class='ocrx_word' id='word_1_631' title='bbox 591 4561 860 4627; x_wconf 90' lang='lat' dir='ltr'><strong>quomodo</strong></span> <span class='ocrx_word' id='word_1_632' title='bbox 904 4565 1019 4635; x_wconf 89' lang='lat' dir='ltr'><strong>ipse</strong></span> <span class='ocrx_word' id='word_1_633' title='bbox 1042 4565 1198 4637; x_wconf 84' lang='lat' dir='ltr'><strong>quasi</strong></span> <span class='ocrx_word' id='word_1_634' title='bbox 1224 4583 1255 4625; x_wconf 93' lang='lat' dir='ltr'><strong>e</strong></span> <span class='ocrx_word' id='word_1_635' title='bbox 1275 4570 1547 4628; x_wconf 88' lang='lat' dir='ltr'><strong>contrario</strong></span> <span class='ocrx_word' id='word_1_636' title='bbox 1570 4572 1744 4645; x_wconf 84' lang='lat' dir='ltr'><strong>loqui-</strong></span> 
     </span>
    </p>
   </div>
   <div class='ocr_carea' id='block_1_82' title="bbox 132 4643 1739 4733">
    <p class='ocr_par' dir='ltr' id='par_1_82' title="bbox 132 4643 1739 4733">
     <span class='ocr_line' id='line_1_85' title="bbox 132 4643 1739 4733; baseline 0.016 -40"><span class='ocrx_word' id='word_1_637' title='bbox 132 4650 244 4708; x_wconf 88' lang='lat' dir='ltr'><strong>tur,</strong></span> <span class='ocrx_word' id='word_1_638' title='bbox 283 4643 522 4700; x_wconf 86' lang='lat' dir='ltr'><strong>dicens:</strong></span> <span class='ocrx_word' id='word_1_639' title='bbox 578 4646 680 4702; x_wconf 89' lang='lat' dir='ltr'><strong>Ubi</strong></span> <span class='ocrx_word' id='word_1_640' title='bbox 708 4669 814 4706; x_wconf 89' lang='lat' dir='ltr'><strong>non</strong></span> <span class='ocrx_word' id='word_1_641' title='bbox 851 4663 924 4710; x_wconf 87' lang='lat' dir='ltr'><strong>est</strong></span> <span class='ocrx_word' id='word_1_642' title='bbox 974 4655 1078 4723; x_wconf 69' lang='lat' dir='ltr'><strong>(ex,</strong></span> <span class='ocrx_word' id='word_1_643' title='bbox 1120 4674 1212 4713; x_wconf 74' lang='lat' dir='ltr'><strong>nec</strong></span> <span class='ocrx_word' id='word_1_644' title='bbox 1248 4662 1611 4730; x_wconf 77' lang='lat' dir='ltr'><strong>prazvaricatio</strong></span> <span class='ocrx_word' id='word_1_645' title='bbox 1643 4643 1739 4733; x_wconf 79' lang='lat' dir='ltr'><strong>(Iv,</strong></span> 
     </span>
    </p>
   </div>
   <div class='ocr_carea' id='block_1_83' title="bbox 132 4733 1743 4826">
    <p class='ocr_par' dir='ltr' id='par_1_83' title="bbox 132 4733 1743 4826">
     <span class='ocr_line' id='line_1_86' title="bbox 132 4733 1743 4826; baseline 0.017 -42"><span class='ocrx_word' id='word_1_646' title='bbox 132 4733 268 4805; x_wconf 82' lang='lat' dir='ltr'><strong>i5)?</strong></span> <span class='ocrx_word' id='word_1_647' title='bbox 301 4737 424 4791; x_wconf 79' lang='lat' dir='ltr'><strong>Aut</strong></span> <span class='ocrx_word' id='word_1_648' title='bbox 469 4743 737 4809; x_wconf 91' lang='lat' dir='ltr'><strong>quomodo</strong></span> <span class='ocrx_word' id='word_1_649' title='bbox 776 4744 842 4800; x_wconf 90' lang='lat' dir='ltr'><strong>de</strong></span> <span class='ocrx_word' id='word_1_650' title='bbox 883 4762 944 4804; x_wconf 89' lang='lat' dir='ltr'><strong>se</strong></span> <span class='ocrx_word' id='word_1_651' title='bbox 989 4749 1138 4815; x_wconf 89' lang='lat' dir='ltr'><strong>dicit,</strong></span> <span class='ocrx_word' id='word_1_652' title='bbox 1181 4747 1418 4807; x_wconf 83' lang='lat' dir='ltr'><strong>Vivebam</strong></span> <span class='ocrx_word' id='word_1_653' title='bbox 1459 4753 1743 4826; x_wconf 80' lang='lat' dir='ltr'><strong>aliquando</strong></span> 
     </span>
    </p>
   </div>
   <div class='ocr_carea' id='block_1_84' title="bbox 127 4823 1744 4914">
    <p class='ocr_par' dir='ltr' id='par_1_84' title="bbox 127 4823 1744 4914">
     <span class='ocr_line' id='line_1_87' title="bbox 127 4823 1744 4914; baseline 0.015 -38"><span class='ocrx_word' id='word_1_654' title='bbox 127 4823 245 4878; x_wconf 79' lang='lat' dir='ltr'><strong>sine</strong></span> <span class='ocrx_word' id='word_1_655' title='bbox 300 4823 424 4896; x_wconf 85' lang='lat' dir='ltr'><strong>lege</strong></span> <span class='ocrx_word' id='word_1_656' title='bbox 468 4828 585 4900; x_wconf 84' lang='lat' dir='ltr'><strong>(vn,</strong></span> <span class='ocrx_word' id='word_1_657' title='bbox 627 4831 682 4902; x_wconf 91' lang='lat'><strong>9)</strong></span> <span class='ocrx_word' id='word_1_658' title='bbox 729 4851 742 4889; x_wconf 93' lang='lat'>:</span> <span class='ocrx_word' id='word_1_659' title='bbox 777 4836 868 4905; x_wconf 89' lang='lat' dir='ltr'><strong>qui</strong></span> <span class='ocrx_word' id='word_1_660' title='bbox 916 4853 1131 4895; x_wconf 90' lang='lat' dir='ltr'><strong>rursum</strong></span> <span class='ocrx_word' id='word_1_661' title='bbox 1174 4840 1239 4897; x_wconf 91' lang='lat' dir='ltr'><strong>de</strong></span> <span class='ocrx_word' id='word_1_662' title='bbox 1287 4823 1576 4914; x_wconf 85' lang='lat' dir='ltr'><strong>semetipso</strong></span> <span class='ocrx_word' id='word_1_663' title='bbox 1613 4845 1744 4901; x_wconf 90' lang='lat' dir='ltr'><strong>dicit</strong></span> 
     </span>
    </p>
   </div>
   <div class='ocr_carea' id='block_1_85' title="bbox 124 4916 1741 5004">
    <p class='ocr_par' dir='ltr' id='par_1_85' title="bbox 124 4916 1741 5004">
     <span class='ocr_line' id='line_1_88' title="bbox 124 4916 1741 5004; baseline 0.015 -38"><span class='ocrx_word' id='word_1_664' title='bbox 124 4916 281 4984; x_wconf 85' lang='lat' dir='ltr'><strong>quod</strong></span> <span class='ocrx_word' id='word_1_665' title='bbox 328 4916 818 4979; x_wconf 74' lang='lat' dir='ltr'><strong>circumcisionem</strong></span> <span class='ocrx_word' id='word_1_666' title='bbox 856 4934 1046 4984; x_wconf 88' lang='lat' dir='ltr'><strong>octava</strong></span> <span class='ocrx_word' id='word_1_667' title='bbox 1093 4930 1181 4985; x_wconf 88' lang='lat' dir='ltr'><strong>die</strong></span> <span class='ocrx_word' id='word_1_668' title='bbox 1225 4931 1522 4988; x_wconf 88' lang='lat' dir='ltr'><strong>secundum</strong></span> <span class='ocrx_word' id='word_1_669' title='bbox 1569 4933 1741 5004; x_wconf 89' lang='lat' dir='ltr'><strong>legem</strong></span> 
     </span>
    </p>
   </div>
   <div class='ocr_carea' id='block_1_86' title="bbox 125 5007 936 5088">
    <p class='ocr_par' dir='ltr' id='par_1_86' title="bbox 125 5007 936 5088">
     <span class='ocr_line' id='line_1_89' title="bbox 125 5007 936 5088; baseline 0.018 -31"><span class='ocrx_word' id='word_1_670' title='bbox 125 5007 454 5075; x_wconf 85' lang='lat' dir='ltr'><strong>susceperit</strong></span> <span class='ocrx_word' id='word_1_671' title='bbox 480 5008 700 5082; x_wconf 85' lang='lat' dir='ltr'><strong>(Philip.</strong></span> <span class='ocrx_word' id='word_1_672' title='bbox 730 5029 815 5083; x_wconf 83' lang='lat' dir='ltr'><strong>HI,</strong></span> <span class='ocrx_word' id='word_1_673' title='bbox 840 5015 936 5088; x_wconf 82' lang='lat'><strong>5)?</strong></span> 
     </span>
    </p>
   </div>
   <div class='ocr_carea' id='block_1_87' title="bbox 125 5102 1740 5196">
    <p class='ocr_par' dir='ltr' id='par_1_87' title="bbox 125 5102 1740 5196">
     <span class='ocr_line' id='line_1_90' title="bbox 125 5102 1740 5196; baseline 0.015 -44"><span class='ocrx_word' id='word_1_674' title='bbox 125 5113 437 5156; x_wconf 65' lang='grc' dir='ltr'><strong>ιεενοκειο</strong></span> <span class='ocrx_word' id='word_1_675' title='bbox 478 5102 579 5174; x_wconf 80' lang='lat' dir='ltr'><strong>(Ex</strong></span> <span class='ocrx_word' id='word_1_676' title='bbox 605 5105 822 5179; x_wconf 85' lang='lat' dir='ltr'><strong>Origen.</strong></span> <span class='ocrx_word' id='word_1_677' title='bbox 864 5113 922 5167; x_wconf 88' lang='lat' dir='ltr'><strong>in</strong></span> <span class='ocrx_word' id='word_1_678' title='bbox 969 5131 1086 5186; x_wconf 89' lang='lat' dir='ltr'><strong>cap.</strong></span> <span class='ocrx_word' id='word_1_679' title='bbox 1117 5132 1178 5173; x_wconf 80' lang='grc' dir='ltr'><strong>ιιι</strong></span> <span class='ocrx_word' id='word_1_680' title='bbox 1223 5117 1393 5190; x_wconf 84' lang='lat' dir='ltr'><strong>Epist.</strong></span> <span class='ocrx_word' id='word_1_681' title='bbox 1429 5120 1499 5175; x_wconf 86' lang='lat' dir='ltr'><strong>ad</strong></span> <span class='ocrx_word' id='word_1_682' title='bbox 1536 5119 1740 5196; x_wconf 87' lang='lat' dir='ltr'><strong>Rom.).</strong></span> 
     </span>
    </p>
   </div>
   <div class='ocr_carea' id='block_1_88' title="bbox 196 5191 1742 5284">
    <p class='ocr_par' dir='ltr' id='par_1_88' title="bbox 196 5191 1742 5284">
     <span class='ocr_line' id='line_1_91' title="bbox 196 5191 1742 5284; baseline 0.018 -40"><span class='ocrx_word' id='word_1_683' title='bbox 196 5192 380 5262; x_wconf 80' lang='lat' dir='ltr'><strong>Apud</strong></span> <span class='ocrx_word' id='word_1_684' title='bbox 408 5191 622 5254; x_wconf 68' lang='lat' dir='ltr'><strong>Judteos</strong></span> <span class='ocrx_word' id='word_1_685' title='bbox 650 5201 868 5270; x_wconf 88' lang='lat' dir='ltr'><strong>quidem</strong></span> <span class='ocrx_word' id='word_1_686' title='bbox 915 5205 1090 5278; x_wconf 85' lang='lat' dir='ltr'><strong>legem</strong></span> <span class='ocrx_word' id='word_1_687' title='bbox 1142 5207 1313 5284; x_wconf 86' lang='lat' dir='ltr'><strong>Moysi</strong></span> <span class='ocrx_word' id='word_1_688' title='bbox 1360 5227 1480 5270; x_wconf 89' lang='lat' dir='ltr'><strong>esse</strong></span> <span class='ocrx_word' id='word_1_689' title='bbox 1515 5191 1742 5272; x_wconf 53' lang='lat' dir='ltr'><strong>manilii-</strong></span> 
     </span>
    </p>
   </div>
   <div class='ocr_carea' id='block_1_89' title="bbox 122 5287 1743 5374">
    <p class='ocr_par' dir='ltr' id='par_1_89' title="bbox 122 5287 1743 5374">
     <span class='ocr_line' id='line_1_92' title="bbox 122 5287 1743 5374; baseline 0.017 -36"><span class='ocrx_word' id='word_1_690' title='bbox 122 5291 280 5340; x_wconf 87' lang='lat' dir='ltr'><strong>stnm</strong></span> <span class='ocrx_word' id='word_1_691' title='bbox 338 5294 449 5340; x_wconf 91' lang='lat' dir='ltr'><strong>est.</strong></span> <span class='ocrx_word' id='word_1_692' title='bbox 495 5287 654 5358; x_wconf 80' lang='lat' dir='ltr'><strong>Apud</strong></span> <span class='ocrx_word' id='word_1_693' title='bbox 699 5291 938 5354; x_wconf 89' lang='lat' dir='ltr'><strong>Gentiles</strong></span> <span class='ocrx_word' id='word_1_694' title='bbox 978 5314 1106 5358; x_wconf 87' lang='lat' dir='ltr'><strong>vero</strong></span> <span class='ocrx_word' id='word_1_695' title='bbox 1134 5301 1306 5374; x_wconf 86' lang='lat' dir='ltr'><strong>legem</strong></span> <span class='ocrx_word' id='word_1_696' title='bbox 1349 5313 1576 5373; x_wconf 84' lang='lat' dir='ltr'><strong>naturae,</strong></span> <span class='ocrx_word' id='word_1_697' title='bbox 1635 5325 1743 5365; x_wconf 90' lang='lat' dir='ltr'><strong>non</strong></span> 
     </span>
    </p>
   </div>
   <div class='ocr_carea' id='block_1_90' title="bbox 125 5380 1744 5472">
    <p class='ocr_par' dir='ltr' id='par_1_90' title="bbox 125 5380 1744 5472">
     <span class='ocr_line' id='line_1_93' title="bbox 125 5380 1744 5472; baseline 0.014 -37"><span class='ocrx_word' id='word_1_698' title='bbox 125 5380 378 5436; x_wconf 87' lang='lat' dir='ltr'><strong>dubium</strong></span> <span class='ocrx_word' id='word_1_699' title='bbox 409 5391 508 5451; x_wconf 90' lang='lat' dir='ltr'><strong>est,</strong></span> <span class='ocrx_word' id='word_1_700' title='bbox 548 5401 669 5455; x_wconf 73' lang='lat' dir='ltr'><strong>qua:</strong></span> <span class='ocrx_word' id='word_1_701' title='bbox 693 5391 1004 5449; x_wconf 88' lang='lat' dir='ltr'><strong>testimonio</strong></span> <span class='ocrx_word' id='word_1_702' title='bbox 1024 5397 1368 5455; x_wconf 68' lang='lat' dir='ltr'><strong>conscientia:</strong></span> <span class='ocrx_word' id='word_1_703' title='bbox 1418 5410 1611 5472; x_wconf 88' lang='lat' dir='ltr'><strong>arguat</strong></span> <span class='ocrx_word' id='word_1_704' title='bbox 1650 5401 1744 5458; x_wconf 75' lang='lat' dir='ltr'><strong>de-</strong></span> 
     </span>
    </p>
   </div>
   <div class='ocr_carea' id='block_1_91' title="bbox 123 5471 1742 5564">
    <p class='ocr_par' dir='ltr' id='par_1_91' title="bbox 123 5471 1742 5564">
     <span class='ocr_line' id='line_1_94' title="bbox 123 5471 1742 5564; baseline 0.016 -40"><span class='ocrx_word' id='word_1_705' title='bbox 123 5471 509 5542; x_wconf 85' lang='lat' dir='ltr'><strong>linquentem.</strong></span> <span class='ocrx_word' id='word_1_706' title='bbox 560 5476 662 5534; x_wconf 87' lang='lat' dir='ltr'><strong>Ubi</strong></span> <span class='ocrx_word' id='word_1_707' title='bbox 705 5494 834 5552; x_wconf 83' lang='lat' dir='ltr'><strong>ergo</strong></span> <span class='ocrx_word' id='word_1_708' title='bbox 860 5499 1164 5553; x_wconf 60' lang='lat' dir='ltr'><strong>quaeremus</strong></span> <span class='ocrx_word' id='word_1_709' title='bbox 1213 5471 1504 5557; x_wconf 76' lang='lat' dir='ltr'><strong>hominem,</strong></span> <span class='ocrx_word' id='word_1_710' title='bbox 1550 5494 1606 5548; x_wconf 91' lang='lat' dir='ltr'><strong>in</strong></span> <span class='ocrx_word' id='word_1_711' title='bbox 1635 5509 1742 5564; x_wconf 90' lang='lat' dir='ltr'><strong>quo</strong></span> 
     </span>
    </p>
   </div>
   <div class='ocr_carea' id='block_1_92' title="bbox 121 5565 1744 5655">
    <p class='ocr_par' dir='ltr' id='par_1_92' title="bbox 121 5565 1744 5655">
     <span class='ocr_line' id='line_1_95' title="bbox 121 5565 1744 5655; baseline 0.015 -37"><span class='ocrx_word' id='word_1_712' title='bbox 121 5580 243 5624; x_wconf 86' lang='lat' dir='ltr'><strong>non</strong></span> <span class='ocrx_word' id='word_1_713' title='bbox 269 5567 356 5621; x_wconf 89' lang='lat' dir='ltr'><strong>sit</strong></span> <span class='ocrx_word' id='word_1_714' title='bbox 385 5565 489 5632; x_wconf 75' lang='lat' dir='ltr'><strong>lex,</strong></span> <span class='ocrx_word' id='word_1_715' title='bbox 518 5578 571 5623; x_wconf 89' lang='lat' dir='ltr'><strong>et</strong></span> <span class='ocrx_word' id='word_1_716' title='bbox 593 5571 686 5640; x_wconf 88' lang='lat' dir='ltr'><strong>qui</strong></span> <span class='ocrx_word' id='word_1_717' title='bbox 732 5590 829 5644; x_wconf 89' lang='lat' dir='ltr'><strong>per</strong></span> <span class='ocrx_word' id='word_1_718' title='bbox 855 5577 958 5633; x_wconf 92' lang='lat' dir='ltr'><strong>hoc</strong></span> <span class='ocrx_word' id='word_1_719' title='bbox 1005 5595 1111 5634; x_wconf 91' lang='lat' dir='ltr'><strong>non</strong></span> <span class='ocrx_word' id='word_1_720' title='bbox 1145 5581 1391 5637; x_wconf 87' lang='lat' dir='ltr'><strong>videatur</strong></span> <span class='ocrx_word' id='word_1_721' title='bbox 1413 5580 1466 5639; x_wconf 92' lang='lat' dir='ltr'><strong>in</strong></span> <span class='ocrx_word' id='word_1_722' title='bbox 1488 5588 1744 5655; x_wconf 72' lang='lat' dir='ltr'><strong>praevari-</strong></span> 
     </span>
    </p>
   </div>
   <div class='ocr_carea' id='block_1_93' title="bbox 117 5656 1743 5749">
    <p class='ocr_par' dir='ltr' id='par_1_93' title="bbox 117 5656 1743 5749">
     <span class='ocr_line' id='line_1_96' title="bbox 117 5656 1743 5749; baseline 0.016 -40"><span class='ocrx_word' id='word_1_723' title='bbox 117 5656 373 5712; x_wconf 84' lang='lat' dir='ltr'><strong>catione</strong></span> <span class='ocrx_word' id='word_1_724' title='bbox 398 5661 801 5731; x_wconf 78' lang='lat' dir='ltr'><strong>peccati?Qtua</strong></span> <span class='ocrx_word' id='word_1_725' title='bbox 843 5676 898 5722; x_wconf 88' lang='lat' dir='ltr'><strong>et</strong></span> <span class='ocrx_word' id='word_1_726' title='bbox 937 5668 1050 5739; x_wconf 88' lang='lat' dir='ltr'><strong>ipse</strong></span> <span class='ocrx_word' id='word_1_727' title='bbox 1099 5671 1297 5729; x_wconf 85' lang='lat' dir='ltr'><strong>Paulus</strong></span> <span class='ocrx_word' id='word_1_728' title='bbox 1346 5673 1412 5730; x_wconf 89' lang='lat' dir='ltr'><strong>de</strong></span> <span class='ocrx_word' id='word_1_729' title='bbox 1453 5678 1743 5749; x_wconf 87' lang='lat' dir='ltr'><strong>semetipso</strong></span> 
     </span>
    </p>
   </div>
   <div class='ocr_carea' id='block_1_94' title="bbox 198 5766 672 5838">
    <p class='ocr_par' dir='ltr' id='par_1_94' title="bbox 198 5766 672 5838">
     <span class='ocr_line' id='line_1_97' title="bbox 198 5766 672 5838; baseline 0.011 -16"><span class='ocrx_word' id='word_1_730' title='bbox 198 5780 232 5807; x_wconf 75' lang='grc'><strong><em>⁸</em></strong></span> <span class='ocrx_word' id='word_1_731' title='bbox 261 5766 453 5834; x_wconf 75' lang='grc' dir='ltr'><strong>Εὰὶι.,</strong></span> <span class='ocrx_word' id='word_1_732' title='bbox 481 5770 672 5838; x_wconf 84' lang='lat' dir='ltr'><strong>factus.</strong></span> 
     </span>
    </p>
   </div>
   <div class='ocr_carea' id='block_1_95' title="bbox 441 5882 980 5952">
    <p class='ocr_par' dir='ltr' id='par_1_95' title="bbox 441 5882 980 5952">
     <span class='ocr_line' id='line_1_98' title="bbox 441 5882 980 5952; baseline 0.03 -16"><span class='ocrx_word' id='word_1_733' title='bbox 441 5882 717 5947; x_wconf 70' lang='grc' dir='ltr'><strong>-ΡΑι-ιοι.</strong></span> <span class='ocrx_word' id='word_1_734' title='bbox 761 5887 980 5952; x_wconf 79' lang='lat' dir='ltr'><strong>XCVI.</strong></span> 
     </span>
    </p>
   </div>
   <div class='ocr_carea' id='block_1_96' title="bbox 1847 4015 3426 4112">
    <p class='ocr_par' dir='ltr' id='par_1_96' title="bbox 1847 4015 3426 4112">
     <span class='ocr_line' id='line_1_99' title="bbox 1847 4015 3426 4112; baseline 0.02 -41"><span class='ocrx_word' id='word_1_735' title='bbox 1847 4015 1936 4072; x_wconf 71' lang='lat' dir='ltr'><strong>tiae</strong></span> <span class='ocrx_word' id='word_1_736' title='bbox 1963 4015 2170 4088; x_wconf 78' lang='lat' dir='ltr'><strong>fecerit,</strong></span> <span class='ocrx_word' id='word_1_737' title='bbox 2207 4022 2303 4078; x_wconf 90' lang='lat' dir='ltr'><strong>sed</strong></span> <span class='ocrx_word' id='word_1_738' title='bbox 2338 4023 2427 4080; x_wconf 86' lang='lat' dir='ltr'><strong>ille</strong></span> <span class='ocrx_word' id='word_1_739' title='bbox 2453 4027 2545 4096; x_wconf 84' lang='lat' dir='ltr'><strong>qui</strong></span> <span class='ocrx_word' id='word_1_740' title='bbox 2582 4041 2796 4101; x_wconf 85' lang='lat' dir='ltr'><strong>semper</strong></span> <span class='ocrx_word' id='word_1_741' title='bbox 2824 4033 2971 4104; x_wconf 82' lang='lat' dir='ltr'><strong>juste</strong></span> <span class='ocrx_word' id='word_1_742' title='bbox 3011 4015 3220 4112; x_wconf 79' lang='lat' dir='ltr'><strong>agendo</strong></span> <span class='ocrx_word' id='word_1_743' title='bbox 3244 4015 3346 4100; x_wconf 79' lang='lat' dir='ltr'><strong>usu</strong></span> <span class='ocrx_word' id='word_1_744' title='bbox 3372 4054 3426 4101; x_wconf 90' lang='lat' dir='ltr'><strong>et</strong></span> 
     </span>
    </p>
   </div>
   <div class='ocr_carea' id='block_1_97' title="bbox 1845 4112 3422 4200">
    <p class='ocr_par' dir='ltr' id='par_1_97' title="bbox 1845 4112 3422 4200">
     <span class='ocr_line' id='line_1_100' title="bbox 1845 4112 3422 4200; baseline 0.022 -39"><span class='ocrx_word' id='word_1_745' title='bbox 1845 4112 2230 4169; x_wconf 73' lang='lat' dir='ltr'><strong>consuetudine</strong></span> <span class='ocrx_word' id='word_1_746' title='bbox 2253 4112 2522 4182; x_wconf 85' lang='lat' dir='ltr'><strong>justitiam</strong></span> <span class='ocrx_word' id='word_1_747' title='bbox 2561 4120 2742 4178; x_wconf 89' lang='lat' dir='ltr'><strong>habet.</strong></span> <span class='ocrx_word' id='word_1_748' title='bbox 2783 4123 2920 4182; x_wconf 86' lang='lat' dir='ltr'><strong>Nam</strong></span> <span class='ocrx_word' id='word_1_749' title='bbox 2953 4129 3000 4184; x_wconf 90' lang='lat' dir='ltr'><strong>si</strong></span> <span class='ocrx_word' id='word_1_750' title='bbox 3027 4132 3147 4200; x_wconf 90' lang='lat' dir='ltr'><strong>quis</strong></span> <span class='ocrx_word' id='word_1_751' title='bbox 3172 4133 3227 4191; x_wconf 89' lang='lat' dir='ltr'><strong>in</strong></span> <span class='ocrx_word' id='word_1_752' title='bbox 3260 4147 3422 4194; x_wconf 83' lang='lat' dir='ltr'><strong>caete-</strong></span> 
     </span>
    </p>
   </div>
   <div class='ocr_carea' id='block_1_98' title="bbox 1845 4198 3428 4284">
    <p class='ocr_par' dir='ltr' id='par_1_98' title="bbox 1845 4198 3428 4284">
     <span class='ocr_line' id='line_1_101' title="bbox 1845 4198 3428 4284; baseline 0.021 -33"><span class='ocrx_word' id='word_1_753' title='bbox 1845 4199 1922 4254; x_wconf 87' lang='lat' dir='ltr'><strong>ris</strong></span> <span class='ocrx_word' id='word_1_754' title='bbox 1965 4198 2079 4257; x_wconf 80' lang='lat' dir='ltr'><strong>fere</strong></span> <span class='ocrx_word' id='word_1_755' title='bbox 2103 4203 2355 4262; x_wconf 90' lang='lat' dir='ltr'><strong>omnibus</strong></span> <span class='ocrx_word' id='word_1_756' title='bbox 2397 4206 2627 4279; x_wconf 81' lang='lat' dir='ltr'><strong>injustas</strong></span> <span class='ocrx_word' id='word_1_757' title='bbox 2673 4213 2766 4281; x_wconf 85' lang='lat' dir='ltr'><strong>sit,</strong></span> <span class='ocrx_word' id='word_1_758' title='bbox 2797 4218 2963 4274; x_wconf 89' lang='lat' dir='ltr'><strong>semel</strong></span> <span class='ocrx_word' id='word_1_759' title='bbox 3010 4198 3188 4278; x_wconf 79' lang='lat' dir='ltr'><strong>autem</strong></span> <span class='ocrx_word' id='word_1_760' title='bbox 3221 4225 3306 4282; x_wconf 86' lang='lat' dir='ltr'><strong>vel</strong></span> <span class='ocrx_word' id='word_1_761' title='bbox 3343 4228 3428 4284; x_wconf 89' lang='lat' dir='ltr'><strong>bis</strong></span> 
     </span>
    </p>
   </div>
   <div class='ocr_carea' id='block_1_99' title="bbox 1845 4287 3427 4385">
    <p class='ocr_par' dir='ltr' id='par_1_99' title="bbox 1845 4287 3427 4385">
     <span class='ocr_line' id='line_1_102' title="bbox 1845 4287 3427 4385; baseline 0.02 -44"><span class='ocrx_word' id='word_1_762' title='bbox 1845 4287 2196 4360; x_wconf 87' lang='lat' dir='ltr'><strong>aliquldjusti</strong></span> <span class='ocrx_word' id='word_1_763' title='bbox 2235 4296 2415 4364; x_wconf 89' lang='lat' dir='ltr'><strong>operis</strong></span> <span class='ocrx_word' id='word_1_764' title='bbox 2450 4302 2654 4367; x_wconf 86' lang='lat' dir='ltr'><strong>egerit,</strong></span> <span class='ocrx_word' id='word_1_765' title='bbox 2682 4302 2786 4358; x_wconf 91' lang='lat' dir='ltr'><strong>iste</strong></span> <span class='ocrx_word' id='word_1_766' title='bbox 2831 4305 2888 4361; x_wconf 86' lang='lat' dir='ltr'><strong>in</strong></span> <span class='ocrx_word' id='word_1_767' title='bbox 2929 4321 2994 4363; x_wconf 90' lang='lat' dir='ltr'><strong>eo</strong></span> <span class='ocrx_word' id='word_1_768' title='bbox 3028 4312 3244 4379; x_wconf 90' lang='lat' dir='ltr'><strong>quidem</strong></span> <span class='ocrx_word' id='word_1_769' title='bbox 3265 4329 3427 4385; x_wconf 87' lang='lat' dir='ltr'><strong>opere</strong></span> 
     </span>
    </p>
   </div>
   <div class='ocr_carea' id='block_1_100' title="bbox 1844 4379 3423 4471">
    <p class='ocr_par' dir='ltr' id='par_1_100' title="bbox 1844 4379 3423 4471">
     <span class='ocr_line' id='line_1_103' title="bbox 1844 4379 3423 4471; baseline 0.016 -35"><span class='ocrx_word' id='word_1_770' title='bbox 1844 4379 1900 4436; x_wconf 85' lang='lat' dir='ltr'><strong>in</strong></span> <span class='ocrx_word' id='word_1_771' title='bbox 1938 4396 2046 4452; x_wconf 89' lang='lat' dir='ltr'><strong>quo</strong></span> <span class='ocrx_word' id='word_1_772' title='bbox 2089 4381 2351 4452; x_wconf 75' lang='lat' dir='ltr'><strong>justitiam</strong></span> <span class='ocrx_word' id='word_1_773' title='bbox 2397 4390 2570 4446; x_wconf 90' lang='lat' dir='ltr'><strong>tenuit</strong></span> <span class='ocrx_word' id='word_1_774' title='bbox 2596 4391 2742 4460; x_wconf 81' lang='lat' dir='ltr'><strong>justo</strong></span> <span class='ocrx_word' id='word_1_775' title='bbox 2781 4399 2958 4469; x_wconf 88' lang='lat' dir='ltr'><strong>egisse</strong></span> <span class='ocrx_word' id='word_1_776' title='bbox 2991 4401 3279 4471; x_wconf 89' lang='lat' dir='ltr'><strong>diceretur,</strong></span> <span class='ocrx_word' id='word_1_777' title='bbox 3297 4379 3423 4464; x_wconf 56' lang='lat' dir='ltr'><strong>_non</strong></span> 
     </span>
    </p>
   </div>
   <div class='ocr_carea' id='block_1_101' title="bbox 1845 4476 3426 4568">
    <p class='ocr_par' dir='ltr' id='par_1_101' title="bbox 1845 4476 3426 4568">
     <span class='ocr_line' id='line_1_104' title="bbox 1845 4476 3426 4568; baseline 0.018 -41"><span class='ocrx_word' id='word_1_778' title='bbox 1845 4480 2026 4531; x_wconf 88' lang='lat' dir='ltr'><strong>tamen</strong></span> <span class='ocrx_word' id='word_1_779' title='bbox 2049 4491 2116 4533; x_wconf 78' lang='lat' dir='ltr'><strong>ex</strong></span> <span class='ocrx_word' id='word_1_780' title='bbox 2148 4476 2251 4536; x_wconf 89' lang='lat' dir='ltr'><strong>hoc</strong></span> <span class='ocrx_word' id='word_1_781' title='bbox 2281 4477 2462 4549; x_wconf 86' lang='lat' dir='ltr'><strong>justus</strong></span> <span class='ocrx_word' id='word_1_782' title='bbox 2504 4486 2877 4556; x_wconf 87' lang='lat' dir='ltr'><strong>appellabitur.</strong></span> <span class='ocrx_word' id='word_1_783' title='bbox 2907 4491 2983 4546; x_wconf 89' lang='lat' dir='ltr'><strong>lta</strong></span> <span class='ocrx_word' id='word_1_784' title='bbox 3011 4501 3064 4548; x_wconf 90' lang='lat' dir='ltr'><strong>et</strong></span> <span class='ocrx_word' id='word_1_785' title='bbox 3098 4493 3276 4562; x_wconf 89' lang='lat' dir='ltr'><strong>justus</strong></span> <span class='ocrx_word' id='word_1_786' title='bbox 3299 4511 3426 4568; x_wconf 87' lang='lat' dir='ltr'><strong>pec-</strong></span> 
     </span>
    </p>
   </div>
   <div class='ocr_carea' id='block_1_102' title="bbox 1843 4570 3424 4659">
    <p class='ocr_par' dir='ltr' id='par_1_102' title="bbox 1843 4570 3424 4659">
     <span class='ocr_line' id='line_1_105' title="bbox 1843 4570 3424 4659; baseline 0.015 -37"><span class='ocrx_word' id='word_1_787' title='bbox 1843 4581 1998 4624; x_wconf 83' lang='lat' dir='ltr'><strong>casse</strong></span> <span class='ocrx_word' id='word_1_788' title='bbox 2021 4570 2237 4641; x_wconf 88' lang='lat' dir='ltr'><strong>quidem</strong></span> <span class='ocrx_word' id='word_1_789' title='bbox 2258 4573 2473 4643; x_wconf 90' lang='lat' dir='ltr'><strong>dicitur,</strong></span> <span class='ocrx_word' id='word_1_790' title='bbox 2493 4578 2540 4634; x_wconf 90' lang='lat' dir='ltr'><strong>si</strong></span> <span class='ocrx_word' id='word_1_791' title='bbox 2563 4580 2764 4650; x_wconf 90' lang='lat' dir='ltr'><strong>aliquid</strong></span> <span class='ocrx_word' id='word_1_792' title='bbox 2784 4586 3115 4641; x_wconf 89' lang='lat' dir='ltr'><strong>commiserit</strong></span> <span class='ocrx_word' id='word_1_793' title='bbox 3137 4588 3424 4659; x_wconf 89' lang='lat' dir='ltr'><strong>aliquando</strong></span> 
     </span>
    </p>
   </div>
   <div class='ocr_carea' id='block_1_103' title="bbox 1845 4660 3426 4751">
    <p class='ocr_par' dir='ltr' id='par_1_103' title="bbox 1845 4660 3426 4751">
     <span class='ocr_line' id='line_1_106' title="bbox 1845 4660 3426 4751; baseline 0.014 -36"><span class='ocrx_word' id='word_1_794' title='bbox 1845 4660 1987 4729; x_wconf 91' lang='lat' dir='ltr'><strong>quod</strong></span> <span class='ocrx_word' id='word_1_795' title='bbox 2012 4678 2117 4718; x_wconf 91' lang='lat' dir='ltr'><strong>non</strong></span> <span class='ocrx_word' id='word_1_796' title='bbox 2140 4663 2284 4720; x_wconf 90' lang='lat' dir='ltr'><strong>licet.</strong></span> <span class='ocrx_word' id='word_1_797' title='bbox 2311 4666 2428 4724; x_wconf 87' lang='lat' dir='ltr'><strong>Non</strong></span> <span class='ocrx_word' id='word_1_798' title='bbox 2474 4677 2655 4726; x_wconf 91' lang='lat' dir='ltr'><strong>tamen</strong></span> <span class='ocrx_word' id='word_1_799' title='bbox 2677 4688 2744 4728; x_wconf 78' lang='lat' dir='ltr'><strong>ex</strong></span> <span class='ocrx_word' id='word_1_800' title='bbox 2770 4675 2873 4731; x_wconf 92' lang='lat' dir='ltr'><strong>hoc</strong></span> <span class='ocrx_word' id='word_1_801' title='bbox 2899 4685 3150 4745; x_wconf 87' lang='lat' dir='ltr'><strong>peccator</strong></span> <span class='ocrx_word' id='word_1_802' title='bbox 3193 4681 3426 4751; x_wconf 88' lang='lat' dir='ltr'><strong>appella-</strong></span> 
     </span>
    </p>
   </div>
   <div class='ocr_carea' id='block_1_104' title="bbox 1843 4749 3427 4828">
    <p class='ocr_par' dir='ltr' id='par_1_104' title="bbox 1843 4749 3427 4828">
     <span class='ocr_line' id='line_1_107' title="bbox 1843 4749 3427 4828; baseline 0.015 -23"><span class='ocrx_word' id='word_1_803' title='bbox 1843 4749 2009 4818; x_wconf 87' lang='lat' dir='ltr'><strong>bitur,</strong></span> <span class='ocrx_word' id='word_1_804' title='bbox 2040 4752 2130 4824; x_wconf 89' lang='lat' dir='ltr'><strong>qui</strong></span> <span class='ocrx_word' id='word_1_805' title='bbox 2156 4757 2412 4825; x_wconf 90' lang='lat' dir='ltr'><strong>peccandi</strong></span> <span class='ocrx_word' id='word_1_806' title='bbox 2441 4776 2597 4817; x_wconf 91' lang='lat' dir='ltr'><strong>usum</strong></span> <span class='ocrx_word' id='word_1_807' title='bbox 2625 4772 2680 4819; x_wconf 89' lang='lat' dir='ltr'><strong>et</strong></span> <span class='ocrx_word' id='word_1_808' title='bbox 2721 4767 3162 4823; x_wconf 90' lang='lat' dir='ltr'><strong>consuetudinem</strong></span> <span class='ocrx_word' id='word_1_809' title='bbox 3194 4749 3300 4826; x_wconf 81' lang='lat' dir='ltr'><strong>non</strong></span> <span class='ocrx_word' id='word_1_810' title='bbox 3349 4780 3427 4828; x_wconf 85' lang='lat' dir='ltr'><strong>te-</strong></span> 
     </span>
    </p>
   </div>
   <div class='ocr_carea' id='block_1_105' title="bbox 1843 4843 3427 4928">
    <p class='ocr_par' dir='ltr' id='par_1_105' title="bbox 1843 4843 3427 4928">
     <span class='ocr_line' id='line_1_108' title="bbox 1843 4843 3427 4928; baseline 0.015 -32"><span class='ocrx_word' id='word_1_811' title='bbox 1843 4851 1955 4898; x_wconf 90' lang='lat' dir='ltr'><strong>net.</strong></span> <span class='ocrx_word' id='word_1_812' title='bbox 1999 4843 2152 4901; x_wconf 88' lang='lat' dir='ltr'><strong>Sieut</strong></span> <span class='ocrx_word' id='word_1_813' title='bbox 2178 4855 2232 4902; x_wconf 91' lang='lat' dir='ltr'><strong>ct</strong></span> <span class='ocrx_word' id='word_1_814' title='bbox 2271 4851 2512 4908; x_wconf 90' lang='lat' dir='ltr'><strong>medicus</strong></span> <span class='ocrx_word' id='word_1_815' title='bbox 2535 4869 2639 4909; x_wconf 91' lang='lat' dir='ltr'><strong>non</strong></span> <span class='ocrx_word' id='word_1_816' title='bbox 2670 4853 2759 4912; x_wconf 89' lang='lat' dir='ltr'><strong>ille</strong></span> <span class='ocrx_word' id='word_1_817' title='bbox 2779 4857 2994 4922; x_wconf 87' lang='lat' dir='ltr'><strong>dicitur,</strong></span> <span class='ocrx_word' id='word_1_818' title='bbox 3023 4861 3116 4928; x_wconf 90' lang='lat' dir='ltr'><strong>qui</strong></span> <span class='ocrx_word' id='word_1_819' title='bbox 3147 4869 3200 4916; x_wconf 92' lang='lat' dir='ltr'><strong>et</strong></span> <span class='ocrx_word' id='word_1_820' title='bbox 3236 4861 3427 4920; x_wconf 80' lang='lat' dir='ltr'><strong>leviter</strong></span> 
     </span>
    </p>
   </div>
   <div class='ocr_carea' id='block_1_106' title="bbox 1845 4939 3424 5027">
    <p class='ocr_par' dir='ltr' id='par_1_106' title="bbox 1845 4939 3424 5027">
     <span class='ocr_line' id='line_1_109' title="bbox 1845 4939 3424 5027; baseline 0.015 -38"><span class='ocrx_word' id='word_1_821' title='bbox 1845 4943 2016 5004; x_wconf 74' lang='lat' dir='ltr'><strong>rupta:</strong></span> <span class='ocrx_word' id='word_1_822' title='bbox 2042 4939 2233 5008; x_wconf 85' lang='lat' dir='ltr'><strong>capitis</strong></span> <span class='ocrx_word' id='word_1_823' title='bbox 2259 4944 2368 4998; x_wconf 90' lang='lat' dir='ltr'><strong>cuti</strong></span> <span class='ocrx_word' id='word_1_824' title='bbox 2411 4944 2513 5000; x_wconf 89' lang='lat' dir='ltr'><strong>scit</strong></span> <span class='ocrx_word' id='word_1_825' title='bbox 2553 4946 2830 5016; x_wconf 87' lang='lat' dir='ltr'><strong>imponere</strong></span> <span class='ocrx_word' id='word_1_826' title='bbox 2870 4965 3143 5018; x_wconf 89' lang='lat' dir='ltr'><strong>araneam,</strong></span> <span class='ocrx_word' id='word_1_827' title='bbox 3192 4965 3286 5010; x_wconf 89' lang='lat' dir='ltr'><strong>aut</strong></span> <span class='ocrx_word' id='word_1_828' title='bbox 3330 4957 3424 5027; x_wconf 87' lang='lat' dir='ltr'><strong>qui</strong></span> 
     </span>
    </p>
   </div>
   <div class='ocr_carea' id='block_1_107' title="bbox 1843 5030 3425 5110">
    <p class='ocr_par' dir='ltr' id='par_1_107' title="bbox 1843 5030 3425 5110">
     <span class='ocr_line' id='line_1_110' title="bbox 1843 5030 3425 5110; baseline 0.016 -32"><span class='ocrx_word' id='word_1_829' title='bbox 1843 5032 2110 5083; x_wconf 90' lang='lat' dir='ltr'><strong>tumorem</strong></span> <span class='ocrx_word' id='word_1_830' title='bbox 2135 5030 2373 5087; x_wconf 85' lang='lat' dir='ltr'><strong>vulneris</strong></span> <span class='ocrx_word' id='word_1_831' title='bbox 2398 5049 2534 5103; x_wconf 87' lang='lat' dir='ltr'><strong>aqua</strong></span> <span class='ocrx_word' id='word_1_832' title='bbox 2561 5035 2730 5092; x_wconf 90' lang='lat' dir='ltr'><strong>calida</strong></span> <span class='ocrx_word' id='word_1_833' title='bbox 2761 5034 2962 5105; x_wconf 78' lang='lat' dir='ltr'><strong>fovere,</strong></span> <span class='ocrx_word' id='word_1_834' title='bbox 2995 5044 3238 5110; x_wconf 88' lang='lat' dir='ltr'><strong>quamvis</strong></span> <span class='ocrx_word' id='word_1_835' title='bbox 3262 5046 3425 5102; x_wconf 90' lang='lat' dir='ltr'><strong>etiam</strong></span> 
     </span>
    </p>
   </div>
   <div class='ocr_carea' id='block_1_108' title="bbox 1842 5115 3424 5195">
    <p class='ocr_par' dir='ltr' id='par_1_108' title="bbox 1842 5115 3424 5195">
     <span class='ocr_line' id='line_1_111' title="bbox 1842 5115 3424 5195; baseline 0.014 -24"><span class='ocrx_word' id='word_1_836' title='bbox 1842 5115 1948 5173; x_wconf 90' lang='lat' dir='ltr'><strong>hoc</strong></span> <span class='ocrx_word' id='word_1_837' title='bbox 1977 5119 2256 5178; x_wconf 66' lang='lat' dir='ltr'><strong>medicina:</strong></span> <span class='ocrx_word' id='word_1_838' title='bbox 2288 5138 2408 5180; x_wconf 88' lang='lat' dir='ltr'><strong>esse</strong></span> <span class='ocrx_word' id='word_1_839' title='bbox 2441 5126 2716 5195; x_wconf 85' lang='lat' dir='ltr'><strong>videatur;</strong></span> <span class='ocrx_word' id='word_1_840' title='bbox 2755 5128 2847 5184; x_wconf 88' lang='lat' dir='ltr'><strong>sed</strong></span> <span class='ocrx_word' id='word_1_841' title='bbox 2881 5129 2969 5186; x_wconf 90' lang='lat' dir='ltr'><strong>ille</strong></span> <span class='ocrx_word' id='word_1_842' title='bbox 3015 5132 3213 5189; x_wconf 91' lang='lat' dir='ltr'><strong>dicitur</strong></span> <span class='ocrx_word' id='word_1_843' title='bbox 3251 5138 3424 5192; x_wconf 89' lang='lat' dir='ltr'><strong>medi-</strong></span> 
     </span>
    </p>
   </div>
   <div class='ocr_carea' id='block_1_109' title="bbox 1843 5213 3427 5293">
    <p class='ocr_par' dir='ltr' id='par_1_109' title="bbox 1843 5213 3427 5293">
     <span class='ocr_line' id='line_1_112' title="bbox 1843 5213 3427 5293; baseline 0.014 -29"><span class='ocrx_word' id='word_1_844' title='bbox 1843 5223 1958 5277; x_wconf 89' lang='lat' dir='ltr'><strong>cus,</strong></span> <span class='ocrx_word' id='word_1_845' title='bbox 1993 5213 2084 5282; x_wconf 91' lang='lat' dir='ltr'><strong>qui</strong></span> <span class='ocrx_word' id='word_1_846' title='bbox 2121 5230 2279 5271; x_wconf 90' lang='lat' dir='ltr'><strong>usum</strong></span> <span class='ocrx_word' id='word_1_847' title='bbox 2315 5227 2370 5272; x_wconf 91' lang='lat' dir='ltr'><strong>et</strong></span> <span class='ocrx_word' id='word_1_848' title='bbox 2411 5219 2649 5274; x_wconf 89' lang='lat' dir='ltr'><strong>studium</strong></span> <span class='ocrx_word' id='word_1_849' title='bbox 2673 5231 2728 5275; x_wconf 89' lang='lat' dir='ltr'><strong>et</strong></span> <span class='ocrx_word' id='word_1_850' title='bbox 2751 5222 3091 5293; x_wconf 88' lang='lat' dir='ltr'><strong>disciplinam</strong></span> <span class='ocrx_word' id='word_1_851' title='bbox 3114 5225 3278 5284; x_wconf 88' lang='lat' dir='ltr'><strong>habet</strong></span> <span class='ocrx_word' id='word_1_852' title='bbox 3314 5246 3427 5286; x_wconf 90' lang='lat' dir='ltr'><strong>me-</strong></span> 
     </span>
    </p>
   </div>
   <div class='ocr_carea' id='block_1_110' title="bbox 1844 5301 3426 5384">
    <p class='ocr_par' dir='ltr' id='par_1_110' title="bbox 1844 5301 3426 5384">
     <span class='ocr_line' id='line_1_113' title="bbox 1844 5301 3426 5384; baseline 0.013 -26"><span class='ocrx_word' id='word_1_853' title='bbox 1844 5302 2022 5359; x_wconf 90' lang='lat' dir='ltr'><strong>dendi.</strong></span> <span class='ocrx_word' id='word_1_854' title='bbox 2064 5301 2142 5360; x_wconf 82' lang='lat' dir='ltr'><strong>Ex</strong></span> <span class='ocrx_word' id='word_1_855' title='bbox 2169 5307 2364 5376; x_wconf 90' lang='lat' dir='ltr'><strong>quibus</strong></span> <span class='ocrx_word' id='word_1_856' title='bbox 2391 5311 2640 5368; x_wconf 90' lang='lat' dir='ltr'><strong>omnibus</strong></span> <span class='ocrx_word' id='word_1_857' title='bbox 2679 5323 2810 5384; x_wconf 89' lang='lat' dir='ltr'><strong>puto</strong></span> <span class='ocrx_word' id='word_1_858' title='bbox 2851 5317 3178 5377; x_wconf 86' lang='lat' dir='ltr'><strong>suihcienter</strong></span> <span class='ocrx_word' id='word_1_859' title='bbox 3213 5324 3426 5379; x_wconf 87' lang='lat' dir='ltr'><strong>ostendi</strong></span> 
     </span>
    </p>
   </div>
   <div class='ocr_carea' id='block_1_111' title="bbox 1844 5395 3424 5476">
    <p class='ocr_par' dir='ltr' id='par_1_111' title="bbox 1844 5395 3424 5476">
     <span class='ocr_line' id='line_1_114' title="bbox 1844 5395 3424 5476; baseline 0.013 -27"><span class='ocrx_word' id='word_1_860' title='bbox 1844 5395 1987 5466; x_wconf 89' lang='lat' dir='ltr'><strong>quod</strong></span> <span class='ocrx_word' id='word_1_861' title='bbox 2024 5396 2166 5453; x_wconf 91' lang='lat' dir='ltr'><strong>aliud</strong></span> <span class='ocrx_word' id='word_1_862' title='bbox 2198 5397 2269 5454; x_wconf 89' lang='lat' dir='ltr'><strong>sit</strong></span> <span class='ocrx_word' id='word_1_863' title='bbox 2292 5417 2546 5470; x_wconf 83' lang='lat' dir='ltr'><strong>peccare,</strong></span> <span class='ocrx_word' id='word_1_864' title='bbox 2591 5405 2735 5461; x_wconf 87' lang='lat' dir='ltr'><strong>aliud</strong></span> <span class='ocrx_word' id='word_1_865' title='bbox 2761 5418 3100 5476; x_wconf 88' lang='lat' dir='ltr'><strong>peccatorem</strong></span> <span class='ocrx_word' id='word_1_866' title='bbox 3125 5427 3264 5468; x_wconf 90' lang='lat' dir='ltr'><strong>esse.</strong></span> <span class='ocrx_word' id='word_1_867' title='bbox 3297 5413 3424 5469; x_wconf 85' lang='lat' dir='ltr'><strong>0m-</strong></span> 
     </span>
    </p>
   </div>
   <div class='ocr_carea' id='block_1_112' title="bbox 1843 5493 3422 5570">
    <p class='ocr_par' dir='ltr' id='par_1_112' title="bbox 1843 5493 3422 5570">
     <span class='ocr_line' id='line_1_115' title="bbox 1843 5493 3422 5570; baseline 0.013 -27"><span class='ocrx_word' id='word_1_868' title='bbox 1843 5505 1940 5545; x_wconf 89' lang='lat' dir='ltr'><strong>ues</strong></span> <span class='ocrx_word' id='word_1_869' title='bbox 1985 5493 2125 5545; x_wconf 84' lang='lat' dir='ltr'><strong>enim</strong></span> <span class='ocrx_word' id='word_1_870' title='bbox 2155 5501 2329 5562; x_wconf 79' lang='lat' dir='ltr'><strong>potest</strong></span> <span class='ocrx_word' id='word_1_871' title='bbox 2379 5494 2492 5550; x_wconf 83' lang='lat' dir='ltr'><strong>ﬁeri</strong></span> <span class='ocrx_word' id='word_1_872' title='bbox 2521 5508 2578 5552; x_wconf 90' lang='lat' dir='ltr'><strong>ut</strong></span> <span class='ocrx_word' id='word_1_873' title='bbox 2605 5504 2965 5570; x_wconf 78' lang='lat' dir='ltr'><strong>peccaverint,</strong></span> <span class='ocrx_word' id='word_1_874' title='bbox 3010 5506 3219 5562; x_wconf 90' lang='lat' dir='ltr'><strong>etiamsi</strong></span> <span class='ocrx_word' id='word_1_875' title='bbox 3250 5509 3422 5564; x_wconf 86' lang='lat' dir='ltr'><strong>sancti</strong></span> 
     </span>
    </p>
   </div>
   <div class='ocr_carea' id='block_1_113' title="bbox 1844 5571 3424 5661">
    <p class='ocr_par' dir='ltr' id='par_1_113' title="bbox 1844 5571 3424 5661">
     <span class='ocr_line' id='line_1_116' title="bbox 1844 5571 3424 5661; baseline 0.013 -26"><span class='ocrx_word' id='word_1_876' title='bbox 1844 5578 2062 5648; x_wconf 78' lang='lat' dir='ltr'><strong>fuerint,</strong></span> <span class='ocrx_word' id='word_1_877' title='bbox 2095 5571 2217 5654; x_wconf 79' lang='lat' dir='ltr'><strong>quin</strong></span> <span class='ocrx_word' id='word_1_878' title='bbox 2247 5603 2393 5642; x_wconf 71' lang='lat' dir='ltr'><strong>neuio</strong></span> <span class='ocrx_word' id='word_1_879' title='bbox 2424 5593 2646 5645; x_wconf 77' lang='lat' dir='ltr'><strong>tumulus</strong></span> <span class='ocrx_word' id='word_1_880' title='bbox 2676 5612 2708 5647; x_wconf 92' lang='lat' dir='ltr'><strong>a</strong></span> <span class='ocrx_word' id='word_1_881' title='bbox 2745 5599 2916 5661; x_wconf 59' lang='lat' dir='ltr'><strong>sorde,</strong></span> <span class='ocrx_word' id='word_1_882' title='bbox 2947 5615 3037 5653; x_wconf 84' lang='lat' dir='ltr'><strong>nec</strong></span> <span class='ocrx_word' id='word_1_883' title='bbox 3059 5600 3106 5654; x_wconf 83' lang='lat' dir='ltr'><strong>si</strong></span> <span class='ocrx_word' id='word_1_884' title='bbox 3144 5603 3298 5654; x_wconf 84' lang='lat' dir='ltr'><strong>unius</strong></span> <span class='ocrx_word' id='word_1_885' title='bbox 3319 5601 3424 5656; x_wconf 80' lang='lat' dir='ltr'><strong>diei</strong></span> 
     </span>
    </p>
   </div>
   <div class='ocr_carea' id='block_1_114' title="bbox 1842 5672 3421 5758">
    <p class='ocr_par' dir='ltr' id='par_1_114' title="bbox 1842 5672 3421 5758">
     <span class='ocr_line' id='line_1_117' title="bbox 1842 5672 3421 5758; baseline 0.013 -33"><span class='ocrx_word' id='word_1_886' title='bbox 1842 5672 1999 5742; x_wconf 73' lang='lat' dir='ltr'><strong>fuerit</strong></span> <span class='ocrx_word' id='word_1_887' title='bbox 2026 5674 2126 5728; x_wconf 72' lang='lat' dir='ltr'><strong>vita</strong></span> <span class='ocrx_word' id='word_1_888' title='bbox 2154 5675 2266 5744; x_wconf 79' lang='lat' dir='ltr'><strong>ejus</strong></span> <span class='ocrx_word' id='word_1_889' title='bbox 2295 5676 2416 5744; x_wconf 83' lang='lat' dir='ltr'><strong>(Job</strong></span> <span class='ocrx_word' id='word_1_890' title='bbox 2451 5696 2557 5745; x_wconf 75' lang='lat' dir='ltr'><strong>xw,</strong></span> <span class='ocrx_word' id='word_1_891' title='bbox 2583 5680 2636 5743; x_wconf 69' lang='grc' dir='ltr'><strong>λι,</strong></span> <span class='ocrx_word' id='word_1_892' title='bbox 2663 5701 2769 5758; x_wconf 70' lang='lat' dir='ltr'><strong>sec.</strong></span> <span class='ocrx_word' id='word_1_893' title='bbox 2797 5683 2989 5757; x_wconf 72' lang='lat' dir='ltr'><strong>LXX).</strong></span> <span class='ocrx_word' id='word_1_894' title='bbox 3014 5687 3147 5754; x_wconf 83' lang='lat' dir='ltr'><strong>Quis</strong></span> <span class='ocrx_word' id='word_1_895' title='bbox 3175 5690 3317 5743; x_wconf 89' lang='lat' dir='ltr'><strong>enim</strong></span> <span class='ocrx_word' id='word_1_896' title='bbox 3340 5697 3421 5745; x_wconf 85' lang='lat' dir='ltr'><strong>est</strong></span> 
     </span>
    </p>
   </div>
   <div class='ocr_carea' id='block_1_115' title="bbox 2868 5903 2947 5960">
    <p class='ocr_par' dir='ltr' id='par_1_115' title="bbox 2868 5903 2947 5960">
     <span class='ocr_line' id='line_1_118' title="bbox 2868 5903 2947 5960; baseline 0 0"><span class='ocrx_word' id='word_1_897' title='bbox 2868 5903 2947 5960; x_wconf 75' lang='lat'><strong>22</strong></span> 
     </span>
    </p>
   </div>
  </div>
