3974 6306
558 281 664 340 685

1663 280 1718 334 S.
1760 277 2022 336 JULlANl
2058 275 2362 336 EPISCOPI
2400 277 2745 336 TOLETANI
2855 311 2860 316 ι
3721 281 3796 340 ιιι

556 393 649 464 qui
674 407 782 449 non
820 399 914 447 aut
951 392 1006 446 in
1036 391 1198 455 facto,
1231 396 1324 444 aut
1349 389 1404 444 in
1431 383 1594 444 verbo
1623 388 1742 458 (aut
1765 388 1859 458 qui
1885 389 2134 445 cautissi-
2165 392 2213 452 Α
2241 389 2383 460 quod
2401 387 2662 458 scriptum
2685 395 2784 452 est,
2809 395 2866 443 et
2884 388 3311 458 prtrvaricalores
3340 390 3636 447 existimati
3657 411 3802 452 omnes

557 500 678 539 mus
724 491 872 539 certe
925 483 1050 553 est),
1091 482 1176 536 vel
1217 483 1272 536 in
1315 479 1644 550 cogitatione
1686 481 2024 550 peccaverit?
2070 481 2138 536 Et

526 565 530 574 ’
558 577 680 632 ideo
721 575 849 639 dixi,
877 589 1133 644 peccasse
1168 573 1385 642 quidem
1427 571 1622 627 merito
1647 584 1834 626 omnes
1867 571 2134 638 dicentur,

555 672 872 723 peccatores
895 677 1024 720 vero
1047 663 1196 727 facti,
1235 677 1344 717 non
1367 676 1574 726 omnes,
1606 660 1701 716 sed
1725 659 1901 716 multi.

1036 739 1436 811 ιιιτιιιιιιοωιτιο
1463 767 1650 808 xxxix.

628 848 905 919 Quomodo
950 845 1148 902 Paulus
1175 846 1244 901 ad
1270 844 1544 900 Romanos
1571 844 1833 909 scribens,
1879 842 2052 914 legem
2080 857 2140 899 se

555 959 663 1007 non
690 943 986 1003 destruere,
1034 938 1128 993 sed
1153 935 1477 992 conﬁrmare
1507 943 1754 1001 testetur,
1785 936 1969 990 dicens
1998 953 2011 989 :
2045 935 2140 988 Le-

553 1051 668 1108 gem
690 1034 1006 1092 destruimus
1034 1046 1126 1102 per
1149 1027 1350 1099 ﬁdem?
1383 1026 1530 1082 Absit
1565 1045 1583 1081 :
1621 1026 1712 1081 sed
1747 1023 1909 1098 legem
1953 1025 2141 1080 statui-

547 1139 672 1179 mus
696 1122 875 1196 (Rom.
907 1138 990 1187 nr,
1021 1120 1132 1191 51),
1172 1134 1296 1176 cum
1323 1132 1355 1174 e
1379 1117 1653 1174 contrario
1695 1117 1750 1172 in
1801 1118 2036 1173 secunda
2073 1118 2142 1173 ad

551 1214 861 1270 Corinthios
878 1211 1115 1284 Epistola
1143 1210 1564 1268 destructionem
1584 1209 1823 1280 ejusdem
1850 1209 1984 1280 legis
2009 1225 2144 1281 prae-

551 1305 731 1372 dicet,-
751 1303 979 1360 dicens:
1013 1301 1074 1359 Si
1104 1288 1459 1356 ministerium
1502 1301 1685 1356 mortis
1717 1300 1902 1356 litteris
1944 1301 2142 1372 forma-

551 1395 772 1452 tumrin
799 1392 1063 1466 lapidibus
1112 1393 1310 1463 factum
1358 1401 1434 1446 est
1480 1392 1538 1446 in
1583 1391 1770 1462 gloria,
1813 1391 1889 1446 ita
1938 1401 1996 1444 ut
2038 1407 2140 1445 non

548 1495 757 1558 possent
784 1482 1050 1541 intendere
1075 1483 1176 1554 ﬁlii
1195 1481 1382 1538 'Israel
1415 1483 1472 1538 in
1499 1483 1687 1560 faciem
1732 1480 1904 1552 Moysi
1935 1489 2142 1553 propter

549 1582 774 1654 gloriam
823 1579 993 1636 uultus
1045 1580 1180 1650 ejus,
1224 1577 1316 1650 qui
1364 1578 1670 1643 destruitur,
1727 1577 1986 1648 quomodo
2038 1592 2141 1630 non

547 1672 718 1744 magis
745 1671 1091 1727 ministerium
1138 1671 1354 1742 spiritus
1395 1671 1495 1724 erit
1535 1669 1590 1724 in
1633 1667 1842 1740 gloria?
1882 1669 1949 1723 Et
1980 1667 2140 1737 paulo

2239 486 2530 549 peccatores
2576 486 2764 544 terrae;
2806 485 2880 544 et,
2916 477 3017 532 Ubi
3052 477 3136 532 lea:
3176 495 3278 534 non
3296 545 3305 555 υ
3323 489 3418 545 est,
3451 497 3545 536 nec
3588 487 3803 552 prcuti-

2240 567 2401 621 catio.

2763 652 3166 694 INTERROGA'I'IO
3191 649 3302 695 XLI.

2311 743 2504 800 Utrum
2535 745 2653 800 sine
2691 745 2810 815 lege
2846 745 3014 816 Moysi
3043 745 3298 801 credatur
3319 746 3522 804 Paulus
3547 751 3804 821 aliquando

2239 834 2460 902 vixisse,
2487 849 2588 907 per
2612 836 2714 892 hoc
2734 837 2877 906 quod
2913 835 3066 902 dicit,
3099 836 3214 909 Ego
3261 849 3434 894 autem
3475 843 3706 896 vivebam
3725 844 3805 898 sine

2239 927 2348 1000 lege
2371 927 2654 1001 aliquando
2680 929 2856 1002 (Rom.
2890 946 2982 994 vn,
3027 929 3083 1002 9)
3111 946 3126 984 :
3161 946 3284 986 cum
3325 932 3640 1002 specialiter
3665 949 3724 989 se
3747 933 3806 988 la-

2241 1029 2421 1076 teatur
2444 1021 2727 1077 Hebraeum
2768 1037 2834 1076 ex
2859 1021 3126 1089 Hebraeis,
3159 1029 3213 1080 et
3239 1033 3432 1080 octava
3480 1026 3572 1081 die
3608 1027 3805 1084 circum-

2241 1111 2412 1168 cisum
2441 1113 2734 1170 secundum
2753 1115 2892 1184 legis
2925 1125 3252 1186 praeceptum
3280 1116 3506 1188 (Philip.
3537 1134 3620 1183 ιιι,
3649 1117 3735 1189 5)?

2317 1265 2322 1270 _
2889 1220 3196 1262 nssrozvsro.

2243 1328 2252 1334 -
2313 1293 2372 1349 Si
2401 1293 2488 1350 lex
2525 1296 2788 1353 naturalis
2825 1311 2856 1352 a
2906 1296 3041 1369 lege,
3069 1311 3190 1368 qua:
3237 1297 3466 1355 Hebrteo
3491 1300 3696 1370 populo
3714 1301 3806 1356 data

2239 1393 2344 1451 est,
2395 1385 2628 1442 discreta
2677 1389 3006 1458 agnoscitur,
3050 1388 3180 1458 qdid
3221 1389 3290 1444 de
3333 1405 3440 1460 qua
3469 1391 3592 1460 lege
3638 1392 3805 1447 dixerit

2241 1477 2458 1545 Paulus,
2487 1477 2698 1535 facilius
2719 1481 3008 1550 reperitur.
3033 1481 3294 1552 Origenes
3319 1481 3410 1552 (In
3435 1499 3554 1552 cap.
3581 1500 3636 1546 v,
3669 1501 3715 1537 ιν.
3741 1484 3806 1548 l5,

2241 1571 2412 1646 Epist.
2446 1574 2515 1628 ad
2545 1573 2724 1642 Rom,
2746 1584 2794 1628 et
2823 1576 2881 1629 in
2909 1591 3024 1645 cap.
3055 1591 3151 1639 vn,
3191 1592 3239 1629 v.
3271 1574 3326 1646 9)
3351 1575 3469 1631 sine
3506 1576 3625 1646 lege
3649 1589 3810 1647 peroso

2243 1669 2357 1718 tum
2387 1674 2658 1720 mortuum
2681 1679 2801 1721 esse
2830 1665 2886 1720 in
2907 1665 3064 1721 nobis
3096 1667 3352 1732 ostendit,
3399 1667 3503 1722 hoc
3536 1675 3638 1734 est,
3688 1679 3808 1723 ante-

547 1773 672 1835 post
699 1783 713 1818 :
759 1763 820 1820 Si
845 1765 982 1819 enim
1001 1765 1140 1835 quod
1179 1761 1465 1818 destruitur
1489 1778 1580 1834 per
1601 1761 1823 1833 gloriam
1851 1770 1945 1827 est,
1973 1759 2136 1815 multo
2169 1745 2213 1806 Β
2235 1751 2404 1827 quam
2435 1772 2532 1828 per
2556 1766 2771 1813 aetatem
2798 1758 3138 1816 rationabilis
3166 1760 3310 1814 intra
3349 1777 3450 1816 nos
3471 1776 3667 1816 sensus
3695 1762 3810 1832 vige-

549 1857 719 1926 magis
766 1855 906 1926 quod
953 1863 1147 1918 manet,
1191 1853 1248 1908 in
1293 1851 1462 1924 gloria
1491 1861 1566 1906 est
1611 1850 1699 1924 (ΙΙ
1727 1849 1851 1906 Cor.
1889 1866 1971 1918 ιιι,
1999 1851 2053 1916 7,
2081 1849 2134 1913 8,

551 1946 663 2020 ll).
706 1947 986 2016 Quomodo
1010 1960 1141 2017 ergo
1167 1944 1367 2000 Paulus
1410 1942 1684 2014 apostolus
1711 1949 1946 1999 testatur
1971 1955 2029 1997 se
2061 1939 2140 1995 le-

550 2049 672 2108 gem
720 2045 845 2093 non‘
873 2035 1172 2100 destruere,
1212 2033 1308 2090 sed
1349 2034 1698 2098 conﬁrmare,
1743 2048 1867 2088 cum
1912 2031 2139 2103 gloriam

549 2127 732 2182 vultus
764 2125 954 2199 Moysi,
985 2141 1148 2198 quam
1191 2125 1364 2194 legem
1399 2138 1520 2182 esse
1549 2126 1902 2190 demonstrat,
1935 2123 2140 2179 destrui

541 2219 810 2288 praedicet
821 2217 845 2271 ?

551 2323 834 2366 RESPONSIO
869 2309 974 2380 (Ex
1007 2309 1138 2367 eod.
1187 2306 1360 2432 Ozigi‘,
1406 2308 1610 2448 in)cap.
1645 2323 1729 2371 ιιι,
1761 2324 1807 2361 υ.
1839 2307 1928 2371 51,
1964 2305 2135 2376 Epist.

1195 2397 1226 2432 α
1353 2395 1457 2432 om.
1492 2417 1506 2432 ο

1195 2395 1264 2432 aa
1303 2395 1506 2432 HOMJ.

617 2469 737 2528 Non
781 2477 866 2526 est
919 2469 1063 2526 idem
1103 2469 1248 2538 quod
1293 2467 1447 2530 dixit,
1473 2466 1684 2538 Legem
1719 2467 2056 2532 destruimus,
2085 2475 2141 2520 et

544 2563 634 2618 lex
675 2562 990 2620 destruitur.
1043 2559 1242 2617 Paulus
1281 2575 1413 2630 ergo
1461 2560 1515 2614 in
1558 2561 1812 2628 praesenti
1866 2559 1985 2616 loco
2035 2561 2139 2617 hoc

543 2653 878 2726 pronuntiat,
913 2651 1058 2723 quod
1090 2651 1262 2722 legem
1306 2652 1420 2722 ipse
1447 2667 1556 2707 non
1586 2651 1846 2708 destruat.
1872 2651 2008 2707 Nam
2034 2655 2138 2710 etsi

546 2743 845 2808 destruitur
861 2741 968 2809 lex,
999 2755 1097 2812 per
1120 2756 1243 2797 eam
1265 2755 1387 2811 qua:
1419 2741 1784 2812 supereminet
1807 2741 2056 2812 gloriam,
2081 2752 2137 2798 et

543 2851 656 2894 non
675 2847 783 2907 per
823 2833 1070 2901 Paulum,
1100 2849 1274 2904 neque
1305 2849 1402 2904 per
1427 2832 1593 2890 alium
1633 2833 1868 2904 aliquem
1917 2844 2134 2892 sancto-

544 2940 688 2991 rum,
721 2923 1037 2982 destruitur.
1070 2922 1223 2982 Unde
1243 2932 1298 2979 et
1325 2923 1442 2993 ipse
1461 2923 1723 2980 Dominus
1745 2925 1981 2992 dicebat,
2009 2925 2134 2980 Non

543 3015 658 3070 ueni
709 3013 905 3070 soluere
953 3013 1144 3085 legem,
1181 3015 1272 3070 sed
1321 3013 1603 3075 adimplere
1647 3013 1861 3085 (Matth.
1907 3031 1962 3081 v,
2019 3015 2128 3086 l7).

2240 1858 2342 1918 ret,
2378 1850 2682 1921 exemplum
2725 1866 2940 1922 quoque
2978 1851 3189 1922 pueruli
3231 1853 3589 1922 percutientis
3613 1859 3807 1922 patrem

2241 1949 2336 1996 aut
2373 1949 2622 2010 matrem,
2663 1941 2749 1997 vel
2794 1941 3166 1998 maledicentis
3193 1943 3512 2000 adducens:
3547 1962 3565 1995 ι
3601 1945 3658 1999 in
3707 1960 3807 2014 quo,

2238 2041 2300 2088 ut
2350 2032 2576 2101 asserit,
2630 2034 2925 2090 secundum
2986 2035 3158 2108 legem
3196 2037 3411 2107 quidem
3452 2039 3808 2108 prohibentem

2238 2125 2448 2194 percuti
2482 2125 2566 2181 vel
2609 2126 2857 2182 maledici
2890 2135 3101 2198 patrem
3128 2137 3223 2184 aut
3264 2140 3512 2194 matrem,
3546 2139 3809 2199 peccatum

2240 2211 2360 2269 ﬁeri
2382 2215 2624 2284 videtur;
2649 2219 2742 2272 sed
2761 2217 2904 2274 istud
2923 2227 3205 2288 peccatum
3226 2229 3499 2276 mortuum
3523 2235 3646 2277 esse
3681 2221 3806 2286 dicit,

2241 2304 2366 2377 quia
2399 2307 2486 2362 lex
2523 2307 2762 2364 nondum
2803 2309 2955 2366 adest
2989 2310 3045 2365 in
3082 2324 3271 2382 puero,
3317 2328 3437 2384 qua:
3471 2328 3597 2369 eum
3639 2316 3810 2372 doceat

2241 2401 2345 2456 hoc
2372 2400 2515 2472 quod
2552 2401 2683 2458 facit
2709 2403 2828 2458 ﬁeri
2854 2419 2963 2460 non
3007 2403 3189 2461 licere.
3223 2404 3354 2462 Sine
3381 2407 3482 2462 hac
3503 2415 3693 2463 autem
3715 2407 3808 2478 lege

2239 2492 2473 2547 naturali
2507 2492 2592 2548 vel
2619 2493 2926 2550 rationabili
2963 2501 3018 2550 et
3036 2494 3260 2551 Paulum
3291 2505 3347 2552 et
3370 2512 3559 2553 omnes
3580 2499 3811 2554 homines

2238 2591 2449 2642 certum
2470 2594 2554 2641 est
2582 2585 2872 2656 aliquando
2897 2587 3114 2654 vixisse,
3161 2590 3265 2646 hoc
3303 2598 3406 2658 est,
3434 2591 3489 2646 in
3508 2601 3680 2648 aetate
3702 2608 3810 2665 puev

2237 2677 2347 2733 rili.
2377 2677 2576 2734 Omnes
2595 2679 2742 2734 enim
2777 2679 3026 2738 similiter
3048 2696 3144 2751 per
3165 2681 3297 2739 illud
3336 2690 3548 2754 tempus
3588 2687 3810 2743 nondum

2239 2783 2466 2842 capaces
2497 2769 2656 2840 hujus
2693 2772 2958 2829 naturalis
2993 2772 3128 2842 legis
3163 2773 3423 2830 existunt.
3463 2795 3480 2826 ›
3505 2775 3643 2830 Nam
3674 2776 3811 2830 aliter

2235 2862 2423 2933 utique
2447 2877 2554 2918 non
2581 2861 2858 2918 videretur
2881 2863 2946 2918 de
2967 2864 3071 2920 hoc
3096 2863 3247 2918 Pauli
3267 2879 3388 2920 esse
3397 2880 3520 2920 vera
3536 2866 3808 2934 professis,

2237 2966 2342 3022 qua
2371 2951 2504 3008 dicit
2526 2993 2540 3016 ,
2582 2951 2696 3024 Ego
2739 2962 2913 3009 autem
2947 2953 3174 3010 vivebam
3213 2955 3326 3010 sine
3359 2956 3469 3027 lege
3513 2957 3807 3030 aliquando.

2740 3058 3144 3100 INTERROGATIO
3179 3059 3292 3099 XLII
3302 3085 3316 3098 .

542 3109 730 3166 Nullus
757 3122 887 3180 ergo
911 3116 1246 3174 sanctorum,
1301 3122 1401 3163 nec
1441 3108 1557 3177 ipse
1589 3108 1850 3164 Dominus
1892 3110 2134 3165 destruet

2306 3132 2585 3202 Quomodo
2623 3097 3484 3210 dicitApostolus,l.eatguidem
3524 3152 3728 3208 sancta,
3768 3153 3810 3194 et

540 3203 736 3274 legem.
781 3202 889 3259 Sed
929 3202 1098 3274 gloria
1129 3200 1245 3271 ejus
1275 3202 1588 3273 temporalis
1625 3211 1680 3257 et
1705 3202 2077 3272 pertransicns
2101 3219 2133 3258 a

540 3294 712 3366 gloria
735 3301 937 3352 acterna
969 3302 1321 3364 permanente
1341 3293 1642 3350 destruitur
1672 3303 1728 3348 et
1751 3302 2057 3365 superatur.

1074 3402 1128 3442 IN
1135 3401 1476 3444 TERROGATIO
1513 3403 1578 3443 XL
1587 3427 1601 3441 .

611 3477 746 3536 Cum
769 3477 876 3544 lex,
905 3493 1026 3548 qua:
1049 3493 1083 3533 a
1108 3477 1221 3533 Deo
1251 3478 1376 3534 data
1425 3487 1528 3543 est,
1574 3494 1682 3534 non
1722 3480 1975 3536 omnibus
2003 3489 2134 3536 tunc

539 3570 789 3641 gentibus
815 3569 1014 3625 tradita
1050 3568 1262 3635 fuisset,
1287 3571 1504 3640 quando
1531 3579 1588 3625 et
1619 3569 1838 3638 ludat-is,
1863 3581 1918 3626 et
1938 3588 2006 3628 ex
2029 3574 2133 3630 hoc

540 3658 721 3714 dicere
747 3657 993 3714 videatur
1029 3657 1339 3728 Apostolus,
1369 3657 1471 3713 Ubi
1499 3675 1603 3715 non
1624 3669 1699 3714 est
1738 3660 1843 3728 lex,
1878 3678 1970 3717 nec
1996 3677 2134 3733 prte-

540 3749 796 3807 varicatio
832 3747 1012 3820 (Rom.
1043 3765 1118 3814 tv,
1163 3750 1252 3821 15)
1287 3768 1300 3804 :
1329 3765 1437 3820 quo
1461 3759 1620 3821 pacto
1653 3751 1796 3820 quod
1839 3753 1895 3807 in
1919 3753 2130 3823 psalmo

539 3837 740 3910 legitur
773 3852 962 3894 verum
1007 3832 1077 3895 sit
1106 3857 1118 3892 :
1165 3839 1601 3896 Prtevaricatores
1635 3841 1926 3897 existimavi
1955 3859 2130 3900 omnes

539 3913 834 4001 peccatores
858 3937 1012 3984 teme
1037 3929 1213 4000 (Psal.
1239 3944 1427 3996 cxvm,
1457 3930 1618 4000 “9)?

1127 4117 1136 4128 ‘
1182 4055 1484 4100 RESPONSIO.

611 4157 670 4214 Si
698 4172 805 4215 non
847 4165 932 4213 est
954 4155 1332 4228 praevaricatio
1353 4157 1449 4214 ubi
1470 4157 1556 4213 lex
1589 4175 1698 4216 non
1721 4168 1820 4228 est,
1863 4178 1962 4218 cur
1989 4179 2128 4236 prte-

533 4251 866 4332 varicatorcs
891 4267 922 4306 a
945 4251 1211 4321 propheta
1249 4250 1519 4319 dicuntur,
1544 4254 1637 4324 qui
1675 4253 1848 4328 legem
1891 4274 1998 4315 non
2037 4276 2127 4316 ac-

2226 3226 2399 3296 justa,
2431 3233 2480 3280 et
2503 3226 2638 3281 bona
2659 3223 2837 3298 (Rom.
2867 3243 2961 3292 vn,
2991 3227 3078 3302 12)
3108 3243 3122 3282 :
3154 3243 3276 3284 cum
3306 3245 3339 3285 e
3363 3241 3553 3286 contra
3581 3233 3809 3288 videatur

2229 3317 2436 3386 dicere,
2475 3315 2655 3374 Virtus
2680 3321 2878 3390 peccati
2909 3320 2994 3375 lea:
3031 3321 3084 3393 (Ι
3105 3320 3227 3376 Cor.
3252 3340 3340 3388 xv,
3378 3323 3508 3395 56)?
3543 3325 3810 3393 Quomodo

2233 3409 2432 3466 bonam
2469 3423 2590 3466 eam
2617 3409 2789 3481 legem
2817 3411 2965 3477 dicit,
2995 3427 3156 3483 quam
3185 3413 3442 3471 virtutem
3467 3419 3676 3488 peccati
3702 3431 3810 3474 esse

2233 3501 2475 3555 narravit
2487 3501 2510 3554 ’ἒ

2872 3610 3115 3652 ιιιεεροκει
3121 3613 3172 3653 Os

2301 3705 2347 3761 A
2371 3707 2482 3762 Deo
2511 3708 2650 3764 bona
2677 3707 2762 3764 lex
2787 3710 2930 3775 data,
2963 3725 3174 3782 semper
3199 3720 3283 3767 est
3303 3713 3447 3770 bona
3477 3727 3491 3769 :
3521 3715 3606 3771 lex
3636 3725 3811 3774 tamen

2232 3799 2352 3856 ideo
2394 3801 2568 3856 virtus
2593 3801 2802 3872 peccati
2845 3811 2928 3858 est
2955 3803 3119 3870 dicta,
3151 3819 3273 3860 cum
3309 3817 3472 3878 auget
3503 3807 3670 3877 ipsius
3697 3823 3810 3878 pec-

2231 3891 2336 3946 cati
2387 3891 2604 3946 noxiam
2649 3893 3056 3949 delectationem
3083 3905 3195 3966 'pcr
3242 3911 3487 3954 severam
3524 3902 3811 3957 exhibitio-

2230 4000 2355 4040 ncm
2389 4003 2400 4038 :
2435 4001 2534 4042 nec
2575 3995 2754 4042 tamen
2778 3989 2941 4043 etiam
2976 3989 3055 4044 sic
3081 3991 3219 4045 mala
3245 4000 3348 4048 cst.

2660 4090 2665 4094 ’
2720 4094 3122 4137 INTERROGATIO
3159 4099 3317 4140 Χιιιι.

2299 4169 2434 4225 Cum
2464 4169 2662 4226 Paulus
2697 4170 2862 4239 dicat,
2890 4159 3170 4229 Peccatum
3209 4177 3658 4250 non'imputatur,
3697 4197 3808 4234 cum

2227 4262 2311 4317 lea:
2340 4279 2445 4318 non
2471 4271 2544 4316 est
2567 4259 2744 4335 (Rom.
2773 4281 2826 4331 v,
2845 4254 2943 4336 i5)
2969 4281 2982 4318 :
3013 4280 3220 4322 necnon
3247 4275 3301 4325 ct
3329 4268 3463 4325 illud
3487 4273 3624 4341 quod
3657 4272 3810 4328 dicit.

534 4341 827 4434 ceperunt?
857 4337 965 4396 Sed
983 4339 1030 4396 si
1051 4339 1452 4434 consideremus
1470 4360 1630 4401 omne
1653 4363 1823 4419 genus
1841 4350 2122 4408 hominum
2227 4353 2352 4424 quia
2383 4369 2475 4424 per
2499 4353 2660 4426 legem
2684 4355 2744 4425 [it
2776 4355 2976 4426 agnitio
3005 4367 3200 4428 pcccall
3232 4365 3338 4430 (ιιι,
3365 4361 3456 4434 20)
3487 4337 3518 4416 ί
3542 4365 3811 4434 quomodo

533 4432 600 4486 'dc
621 4430 798 4520 primo
827 4436 1055 4516 parente
1079 4429 1297 4488 trahere
1321 4433 1582 4505 originale
1613 4448 1916 4508 peccatum,
1947 4444 2124 4514 ipsum
2151 4455 2206 4520 ι)
2229 4445 2362 4501 Cain
2403 4461 2525 4502 cum
2556 4457 2854 4516 peccasset,
2883 4447 2978 4513 ait,
3010 4447 3190 4524 Majas
3217 4429 3291 4506 est
3321 4429 3588 4524 peccatum
3612 4472 3810 4523 metus,

533 4515 706 4583 solum
750 4526 1078 4614 obprimunt
1105 4531 1490 4618 testamentum
1517 4538 1600 4586 est
1641 4533 1742 4588 sub
1784 4551 1892 4605 quo
1937 4552 2127 4594 omnes
2153 4515 2190 4520 ⁷
2227 4552 2384 4610 quam
2411 4547 2468 4591 ut
2493 4538 2790 4592 remittatur
2809 4538 2961 4610 (Cen.
3003 4555 3076 4607 tv,
3097 4515 3236 4615 '13)?
3267 4515 3375 4600 Sed
3404 4554 3460 4600 ct
3487 4515 3812 4618 patriame

531 4618 798 4688 homines,
816 4619 1003 4707 etiam
1023 4619 1142 4674 sine
1163 4616 1296 4690 lege,
1322 4622 1765 4690 praevaricatores
1790 4642 1910 4683 esse
1936 4629 2126 4684 dicun-
2227 4643 2350 4683 cum
2379 4628 2446 4684 ad
2483 4627 2680 4701 Ioseph
2702 4629 3106 4688 descendissent
3135 4633 3192 4688 in
3215 4616 3528 4708 AS-gyptuni,
3560 4649 3611 4694 et
3640 4640 3816 4696 simu-

537 4722 625 4768 tur
677 4711 780 4784 (Ex
809 4699 981 4786 ’Ᾱιιεη
1021 4710 1115 4766 lib.
1154 4723 1246 4767 xv:
1273 4712 1336 4768 de
1369 4711 1525 4768 Civit.
1573 4714 1690 4781 Dei,
1720 4736 1836 4792 cap.
1876 4721 1989 4785 27).
2017 4721 2124 4780 Sed
2224 4717 2333 4773 lata
2375 4720 2444 4775 ab
2481 4732 2548 4775 eo
2589 4699 2959 4777 confutationc
3001 4699 3376 4796 arguerentur;
3423 4699 3603 4787 ita'ad
3645 4732 3814 4788 alter-

531 4823 658 4864 cum
681 4806 766 4862 lex
793 4805 1070 4863 evidenter
1092 4812 1280 4876 postea
1306 4807 1431 4863 data
1455 4807 1546 4873 sit,
1573 4817 1627 4864 et
1651 4811 1793 4868 dicat
1811 4814 2120 4886 Apostolus,
2221 4817 2404 4864 mrum
2427 4811 2613 4867 dicunt
2642 4827 2656 4867 ε
2704 4813 2772 4867 In
2799 4817 3023 4886 ρεσεαιῑδ
3069 4833 3250 4874 summ
3289 4837 3386 4892 pro
3413 4823 3577 4894 fratre
3599 4835 3816 4889 nostro.

533 4898 634 4956 Ubi
673 4916 777 4954 non
817 4909 892 4972 est
935 4899 1038 4964 (ea,
1087 4914 1180 4954 nec
1223 4900 1585 4970 prwvaricatio
1626 4918 1646 4957 :
1697 4919 1805 4974 quo
1847 4915 2008 4977 pacto
2064 4909 2120 4966 in
2221 4902 2346 4972 quia
2384 4901 2712 4974 despeximus
2757 4905 3147 4963 tribulationem
3171 4911 3363 4972 animo:
3392 4913 3526 4985 ejus,
3559 4931 3683 4970 cum
3729 4934 3816 4970 ro-

529 4987 738 5062 psalmo
757 4987 905 5058 quod
923 4987 1122 5070 legitur
1140 5002 1326 5046 verum
1347 4995 1449 5054 est,
1476 4987 1916 5051 Prtevaricatores
1941 4997 2122 5052 existi-
2220 5002 2366 5065 gare!
2403 5011 2514 5058 nos.
2538 5003 2586 5050 et
2615 5011 2718 5050 non
2755 4996 3115 5054 exaudivimus
3147 5017 3165 5055 :
3195 5016 3260 5056 en
3297 5013 3507 5076 propter
3536 5007 3630 5060 hoc
3673 5008 3812 5060 venit

530 5079 686 5142 movi,
719 5085 846 5166 etc.,
895 5079 999 5134 nisi
1037 5078 1164 5149 quia
1194 5093 1382 5136 omnes
1429 5079 1564 5151 legis
1601 5079 1716 5151 ejus
1753 5088 2118 5154 pmvaricata:
2219 5102 2375 5157 super
2415 5103 2508 5141 nos
2550 5086 2816 5142 tribulatio
2851 5090 2963 5144 Iure
2999 5090 3156 5164 (mi,
3189 5093 3304 5166 2i).
3344 5095 3452 5152 Sed
3473 5106 3526 5152 et
3546 5096 3650 5152 Job
3683 5109 3818 5154 ante

529 5174 658 5223 sunt
713 5165 832 5231 rei,
873 5167 965 5238 qui
1031 5167 1213 5238 aliquo
1266 5177 1492 5238 peccato
1539 5177 1793 5229 tenentur
1837 5177 2118 5237 obstricti?
2218 5176 2390 5250 legem
2426 5177 2594 5234 fuisse
2625 5187 2856 5245 constat,
2882 5195 3004 5237 cum
3043 5184 3116 5238 ita
3154 5165 3328 5242 dicit:
3354 5186 3509 5254 Quod
3533 5191 3656 5244 etsi
3691 5207 3817 5263 pec-

530 5257 892 5324 Quamobrcm
919 5257 966 5312 si
987 5260 1152 5313 etiam
1178 5259 1405 5328 parvuli,
1429 5264 1573 5331 quod
1593 5279 1721 5320 vera
1753 5267 1887 5326 ﬁdes
1925 5267 2112 5340 habet,
2218 5271 2330 5324 caui
2363 5271 2574 5337 invitus,
2600 5271 2646 5325 si
2671 5273 2926 5354 occultavi
2964 5283 3233 5344 peccatum
3275 5295 3468 5348 meum,
3493 5289 3576 5335 aut
3601 5257 3820 5352 mare-

530 5356 828 5439 nascuntur
861 5362 970 5405 non
1009 5351 1246 5420 proprie,
1275 5350 1368 5406 sed
1392 5353 1746 5426 originaliter,
1777 5371 2110 5431 peccatores,
2213 5377 2306 5418 sus
2351 5377 2468 5417 sum
2520 5350 2856 5420 multitudine
2891 5367 3090 5437 populi,
3120 5371 3398 5439 quominus
3431 5350 3820 5430 annuntiarem

527 5438 670 5538 unde
709 5437 1076 5538 illis,gratiam
1120 5441 1455 5538 remissionis
1498 5457 1844 5516 peccatorum
1868 5467 2115 5509 necessa-
2215 5455 2464 5511 delictum
2499 5473 2670 5512 meum
2709 5458 2832 5531 (Job
2860 5474 3011 5528 xxxx,
3044 5437 3274 5538 55,54).
3318 5465 3420 5534 Qui
3457 5482 3650 5526 omnes
3703 5473 3826 5527 evi-

527 5529 668 5586 riam
689 5530 1029 5599 conﬁtemur,
1064 5529 1307 5602 profecto
1343 5549 1410 5592 eo
1445 5539 1605 5596 modo
1632 5555 1740 5610 quo
1770 5551 2114 5612 sunt'pecca-
2215 5551 2404 5606 denter
2429 5551 2692 5608 docentur
2715 5529 2999 5627 agnovisse
3023 5529 3308 5630 peccatum
3329 5529 3507 5622 suum.

527 5627 692 5687 tores,
729 5624 892 5680 etiam
921 5625 1366 5696 praevaricatores
1403 5629 1538 5700 legis
1578 5633 1724 5688 illius
1769 5648 1890 5704 quae
1925 5635 1978 5689 in
2017 5652 2113 5706 pa-
2755 5624 2774 5627 ὴ
2851 5624 3158 5710 nssrossro.

527 5715 710 5772 radiso
745 5717 869 5773 data
895 5729 993 5796 est
1017 5733 1403 5793 agnoscuntur,
1434 5732 1492 5781 ut
1516 5740 1702 5786 verum
1727 5727 1799 5784 sit
1818 5737 2110 5802 utrumque
2281 5733 2362 5796 Ex
2413 5735 2498 5796 his
2525 5736 2793 5811 colligitur
2825 5739 3050 5806 Paulum
3083 5747 3384 5816 apostolum
3415 5763 3513 5809 non
3556 5745 3634 5806 dc
3687 5751 3824 5818 lege
