3974 6306
176 323 276 388 οὔ
1169 311 1688 375 ΑΝΤῘΚΕΙΜΕΝΩΝ
1726 313 1776 371 ι]

1894 309 1908 368 l
1945 309 2106 369 DUO.
2142 339 2213 350 -—
2249 308 2376 367 LIB.
2419 308 2481 364 Η.
3340 312 3448 373 ags

175 434 344 508 Moysi
374 432 596 497 dixisse,
624 431 718 487 sed
743 427 812 486 de
840 428 1072 485 naturali
1114 427 1250 498 lege,
1278 443 1398 500 quas
1431 427 1633 497 scripta
1675 431 1760 482 est
1787 427 1835 489 Α
1863 421 2022 481 modo
2060 419 2486 488 redemptionem
2507 416 2754 508 corporis
2775 424 2978 508 sperat.
3008 419 3102 487 qui
3131 419 3251 476 aliis
3287 422 3443 479 dicit;

176 529 229 584 in
255 506 514 584 cordibus
540 524 837 578 hominum.
889 521 1197 577 Secundum
1238 537 1368 592 ergo
1408 522 1550 576 hanc
1591 519 1763 591 legem
1863 509 2102 566 Christus
2130 525 2224 566 nos
2251 509 2470 565 redemit
2494 506 2640 579 (Gal.
2667 523 2751 574 tu,
2786 507 2918 579 i5)?

175 618 479 675 naturalem
508 624 902 688 consequenter
939 614 1228 685 Apostolus
1259 616 1460 672 dixisse
1493 616 1766 671 videbitur
2437 659 2447 671 ,
2498 615 2800 658 BESPONSIO.

173 726 336 767 omne
354 725 418 766 os
440 709 850 773 obstruendum,
869 717 922 762 et
949 722 1166 763 omnem
1191 709 1451 761 mundum
1470 706 1764 762 obnoxium
1935 688 2062 748 “33¢
2088 691 2305 746 ίῐιιθτίιη
2330 688 2589 763 Orisenes
2628 690 2927 746 δίοοθοίνίῑ·
2965 709 2984 744 ε
3021 692 3089 748 Ui
3135 694 3267 749 mihi
3295 696 3446 753 *Με-

172 803 282 858 Deo
313 803 496 874 (Rom.
534 817 620 867 ili,
653 800 763 872 l9),
789 799 993 870 judicio
1021 797 1164 853 enim
1200 796 1352 870 legis,
1401 813 1522 868 qua:
1549 806 1769 854 natura-
1867 790 1976 848 ῑιινν
2005 782 2200 853 illiilli"
2223 783 2339 853 ipse
2362 781 2467 839 hoc
2488 796 2555 838 θο
2578 779 2739 839 δοινίι
2758 795 3030 850 sermone»
3055 784 3147 854 qui
3181 785 3237 841 in
3264 801 3451 843 00050-

173 896 296 950 liter
325 893 637 950 hominibus
667 894 828 958 inest,
873 891 1054 946 nullus
1089 898 1174 945 est
1213 905 1428 962 expers,
1475 905 1652 964 neque
1677 887 1769 945 Ju-
1867 876 2156 949 quentibus
2189 875 2441 934 habetur.
2473 895 2492 930 ι

170 987 416 1042 timorum
443 999 619 1054 neque
649 983 970 1040 Gentilium.
2349 980 2752 1024 INTERROGATIO
2788 979 2959 1022 XLVII.

684 1090 1085 1130 ιῃτειιῃοολτιο
1117 1089 1265 1130 xuv,
1937 1062 2070 1119 Cum
2109 1061 2308 1117 Paulus
2344 1060 2413 1116 ad
2453 1060 2725 1116 Romanos
2769 1060 3032 1124 scribens,
3074 1059 3136 1116 Si
3173 1060 3316 1115 Deus
3360 1079 3454 1132 pro

240 1168 529 1236 Quomodo
553 1166 752 1222 Paulus
777 1167 1053 1236 apostolus
1076 1169 1181 1220 duo
1210 1167 1326 1221 hmo
1357 1163 1628 1220 contraria
1660 1165 1765 1220 sibi

1894 1156 2034 1221 tabis,
2059 1155 2176 1225 quis
2194 1154 2470 1208 adversum
2497 1169 2590 1207 nos
2614 1152 2795 1225 (Rom.
2819 1167 2938 1217 vui,
2963 1152 3094 1224 Si)?
3122 1156 3275 1222 quasi
3300 1156 3458 1211 abso-

173 1261 381 1316 dixissc
407 1260 676 1322 videatur,
708 1266 768 1313 ut
793 1257 903 1312 illic
924 1258 1015 1311 ubi
1045 1258 1109 1312 de
1144 1271 1370 1326 corpore
1394 1257 1583 1312 mortis
1610 1256 1769 1325 hujus

171 1352 516 1423 loquebatur,
545 1348 1108 1434 (liceret,_Qnod.enim
1139 1364 1338 1420 aperor,
1373 1345 1770 1419 non'intelligo:

171 1453 227 1499 et
250 1457 284 1497 e
311 1443 607 1504 contrario,
643 1440 923 1495 Peccatum
951 1457 1054 1493 non
1085 1439 1298 1510 cognovi
1328 1438 1427 1492 nisi
1462 1455 1554 1509 per
1572 1437 1770 1509 legem;

171 1549 244 1602 et,
281 1537 391 1593 Per
412 1538 572 1608 legem
601 1537 828 1607 cognitio
858 1537 1058 1607 peccati
1089 1535 1271 1605 (Rom.
1299 1550 1396 1600 vn,
1418 1534 1506 1601 15,
1533 1534 1586 1600 ’1,
1615 1544 1660 1589 et
1684 1549 1770 1599 ut,

171 1630 311 1700 20)?
357 1633 628 1700 quomodo
653 1630 795 1685 cnim
831 1639 1114 1700 peccatum
1145 1629 1470 1701 ignorabat,
1493 1629 1637 1702 quod
1676 1643 1773 1700 per

174 1721 355 1794 legem
388 1720 632 1778 sciebat?

827 1825 1128 1866 RESPONSIO.

243 1900 386 1956 illud
421 1900 513 1956 ubi
545 1901 620 1955 ait
646 1900 951 1971 Apostolus,
986 1900 1139 1966 Quod
1163 1900 1299 1955 enim
1341 1915 1542 1970 operor,
1569 1901 1773 1972 ignoro,

178 1994 312 2064 quid
342 2002 428 2049 est
468 1994 614 2049 aliud
658 2009 820 2063 quam
868 1993 1034 2058 Nolo,
1068 2007 1175 2048 non
1211 1993 1470 2062 approbo,
1509 2007 1616 2047 non
1649 2008 1777 2047 con-

175 2088 379 2150 sentio,
406 2102 515 2142 non
555 2084 726 2151 facio;
768 2085 1003 2156 alioquin
1051 2085 1381 2140 contrarium
1421 2092 1504 2140 est
1535 2084 1619 2139 his
1658 2098 1778 2155 qua:

175 2193 347 2248 supra
374 2177 509 2232 dixit
540 2193 556 2231 :
582 2175 691 2231 Per
718 2175 882 2247 legem
905 2178 1130 2247 cognitio
1160 2179 1376 2247 peccati,
1405 2183 1480 2243 et,
1496 2175 1778 2231 Peccatum

176 2284 284 2322 non
312 2272 532 2340 cognovi
564 2268 665 2322 nisi
708 2284 801 2338 per
837 2268 1018 2338 legem,
1065 2277 1170 2324 etc.
1200 2267 1503 2335 Peccatum,
1535 2277 1592 2322 ut
1619 2284 1782 2339 appa-

1869 1245 1980 1301 lute
2021 1246 2337 1316 pronuntiet
2374 1245 2643 1303 neminem
2682 1246 2838 1302 nobis
2877 1260 2999 1302 esse
3043 1245 3455 1314 adversarium,

1871 1338 2141 1402 quomodo
2169 1337 2365 1393 Petrus
2385 1351 2416 1392 e
2441 1345 2630 1392 contra
2655 1338 2870 1393 videtur
2892 1338 3204 1407 praedicare,
3233 1339 3452 1394 dicens:

1868 1427 2214 1482 Adversarius
2240 1437 2402 1483 vester
2428 1428 2688 1494 diabolus,
2713 1430 2848 1483 sicut
2883 1429 2964 1484 leo
2991 1432 3220 1501 rugiens,
3251 1432 3456 1497 circuit,

1871 1535 2108 1588 quarens
2141 1537 2293 1593 quem
2326 1514 2531 1576 deceret
2559 1519 2610 1592 (I
2636 1519 2780 1575 Petr.
2812 1535 2866 1585 v,
2896 1521 2996 1591 8)?

2510 1624 2814 1669 RESPONSIO.

1943 1699 2083 1756 Dicit
2119 1701 2336 1771 quidem
2364 1701 2672 1772 Apostolus,
2725 1703 2786 1760 Si
2827 1702 2968 1762 Deus
2996 1721 3091 1776 pro
3129 1707 3295 1776 nabis,
3347 1710 3464 1778 quis

1800 1777 1851 1843 Β
1877 1805 2058 1850 contra
2102 1795 2234 1851 nos?
2285 1811 2393 1852 non
2437 1797 2581 1868 quod
2623 1798 2844 1854 omnino
2875 1799 3081 1855 nullum
3106 1803 3264 1856 nobis
3290 1777 3467 1858 inesse

1880 1885 2024 1940 dicat
2048 1885 2438 1953 adversarium,
2469 1887 2565 1943 sed
2590 1887 2695 1944 hoc
2735 1895 2838 1956 est,
2873 1889 3016 1960 quod
3053 1892 3307 1957 ostendit,
3340 1893 3468 1964 quia

1879 1977 1989 2033 Deo
2015 1985 2207 2046 agente
2232 1991 2334 2051 pro
2369 1979 2546 2047 nobis,
2573 1981 2994 2051 contemptibilis
3018 1989 3073 2038 et
3097 1983 3276 2039 nullus
3303 1981 3470 2039 cilici-

1880 2075 1972 2124 tur
1993 2067 2337 2126 adversarius
2367 2079 2574 2126 noster.

2357 2176 2758 2220 INTERROGATIO
2795 2179 2938 2220 XLVII
2947 2183 2983 2220 ι.

1952 2254 2088 2311 Cum
2134 2254 2332 2312 Paulus
2375 2256 2548 2323 dicat,
2594 2255 2720 2312 Non
2755 2267 2830 2313 est
2868 2267 3092 2328 potestas
3137 2261 3239 2314 nisi
3280 2279 3313 2315 a
3358 2261 3465 2317 Dea

179 2369 296 2415 reat
349 2368 648 2430 peccatum,
677 2375 770 2428 per
795 2359 984 2412 bonum
1013 2359 1139 2413 mihi
1168 2367 1439 2430 operatum
1463 2367 1539 2413 est
1559 2368 1779 2413 mortem
1882 2345 2063 2417 (Rom-
2099 2362 2217 2413 xl“:
2251 2346 2306 2419 ¹)
2339 2362 2354 2400 ³
2386 2348 2655 2418 Πυοωοάο
2701 2347 2961 2404 Dominus
3004 2363 3104 2420 Per
3145 2351 3465 2420 Propheta"!

178 2451 369 2522 (Rom.
393 2465 490 2514 ηπ,
529 2448 641 2520 15).
675 2449 955 2516 Quomodo
980 2449 1124 2504 enim
1160 2457 1440 2518 peccatum
1468 2462 1568 2519 per
1607 2447 1781 2520 legem
1882 2437 1948 2494 de
1973 2439 2295 2509 quibusdam
2323 2439 2561 2509 loquitur
2600 2439 2803 2509 dicens,
2835 2440 2945 2510 Ipsi
2987 2451 3347 2512 regnaverunt,
3379 2445 3470 2499 sed

178 2541 462 2612 cognovit,
492 2539 636 2610 quod
662 2540 910 2610 ignorat?
934 2541 1205 2608 quomodo
1231 2548 1452 2610 apparet
1475 2548 1775 2610 peccatum,
1883 2546 1988 2584 ηοπ
2015 2546 2078 2585 ea?
2101 2547 2184 2587 me
2213 2530 2367 2602 (Osee
2394 2547 2510 2598 vui,
2541 2531 2640 2603 ψ

177 2633 332 2703 quod
375 2633 694 2702 ignoratur?
733 2632 824 2687 Sic
870 2648 999 2701 ergo
1037 2632 1241 2687 dictum
1283 2633 1627 2704 est,'ignoro,
1673 2649 1781 2689 non
2523 2639 2828 2681 nEsrossw.

178 2724 328 2780 facio
359 2724 508 2796 (quia
538 2723 684 2779 nulla
709 2725 1063 2780 consensione
1095 2723 1149 2779 id
1190 2740 1288 2795 ego
1317 2724 1432 2794 ipse
1456 2723 1776 2796 committo),

1953 2711 2118 2779 Quasi
2163 2713 2384 2779 diceret,
2427 2731 2536 2771 non
2573 2731 2658 2770 me
2700 2717 2954 2786 propitio,
2997 2719 3091 2773 sed
3131 2733 3217 2772 me
3260 2719 3402 2791 irato
3420 2732 3470 2774 α.

180 2820 464 2890 quomodo
513 2817 756 2872 dicturus
797 2823 880 2871 est
925 2816 1068 2871 Deus
1111 2816 1312 2885 impiis,
1365 2815 1490 2869 Non
1531 2816 1649 2870 ποιεί
1695 2833 1782 2870 vos
1891 2802 2040 2860 Unde
2082 2804 2308 2863 inferius
2348 2820 2446 2875 per
2481 2807 2729 2863 eumdem
2761 2809 3080 2878 prophetam
3103 2809 3236 2865 dicit
3261 2827 3274 2861 :
3303 2810 3469 2877 Dabo,

177 2912 411 2982 (Matth.
436 2928 532 2974 vn,
563 2909 676 2979 25),
718 2922 877 2978 quem
906 2907 1095 2977 procul
1119 2908 1280 2962 dubio
1301 2906 1471 2967 latere
1497 2923 1658 2986 ηεξωο
1687 2923 1784 2982 ρο.
1885 2897 2062 2968 inquit
2085 2897 2133 2965 δ,
2181 2900 2277 2954 tibi
2305 2917 2475 2971 regem
2505 2902 2559 2955 in
2590 2901 2770 2968 furore
2818 2917 2931 2955 meo
2969 2900 3124 2972 (Osee
3169 2918 3290 2986 xm,
3341 2903 3432 2974 li)
3453 2946 3469 2973 ,

179 3012 317 3060 test.
355 3003 425 3057 Et
461 3004 602 3058 sicut
631 3000 832 3058 dictum
859 3009 962 3068 est,
997 2998 1134 3056 Eum
1160 3003 1249 3073 qui
1283 3019 1391 3056 non
1423 2982 1630 3057 noverat
1666 3019 1784 3072 pec-
1887 3011 1994 3065 quo
2020 2994 2360 3052 manifestius
2384 2996 2579 3062 elucet,
2605 3003 2803 3053 bonam
2840 2995 3143 3068 malamque
3176 2982 3476 3055 ordinatio-

177 3103 369 3148 catum
411 3093 500 3167 (11
525 3093 646 3150 Cor.
670 3112 725 3160 v,
754 3094 864 3166 2i),
895 3094 1038 3164 quod
1060 3101 1162 3158 est,
1191 3109 1300 3152 non
1336 3091 1556 3148 fecerat.
1597 3093 1784 3163 Neque
1809 3141 1855 3167 ε,
1887 3105 2012 3145 nem
2036 3101 2058 3129 ο
2105 3103 2138 3145 a
2181 3089 2293 3146 Deo
2333 3088 2574 3146 ordinari
2595 3129 2610 3155 ,
2673 3091 2768 3145 sed
2816 3090 2956 3145 bona
3015 3090 3250 3159 propitio
3271 3131 3285 3155 ,
3335 3090 3477 3146 mala

180 3141 367 3148 κη..-
412 3141 490 3167 κ--
529 3141 646 3150 η.-
684 3141 725 3160 .,
758 3141 864 3166 _-,,
898 3141 1038 3164 νη
1066 3141 1162 3158 -_-,
1191 3141 1300 3152 --νη
1336 3141 1555 3148 -----_--
1599 3141 1783 3163 -.-τη
1890 3141 2011 3145 “ﬁ

172 3190 336 3244 enim
373 3198 599 3244 noverat
625 3188 768 3258 quod
793 3189 1076 3259 arguebat.
1808 3141 1858 3204 δ
1891 3181 2032 3237 irato
2055 3181 2104 3233 ά.

711 3293 1114 3333 ικτεῐιιιοωτιο
1150 3291 1276 3332 XLV.

2383 3289 2786 3331 INTERROGATIO
2824 3290 2969 3331 XLIX.

254 3369 405 3427 Cum
432 3368 635 3425 Paulus
663 3367 938 3438 apostolus
971 3369 1114 3424 dicat
1142 3367 1197 3424 in
1233 3365 1439 3437 Spiritu
1465 3374 1654 3423 sancto
1686 3379 1788 3422 nos
1959 3367 2096 3424 Cum
2141 3366 2338 3424 Paulus
2385 3367 2455 3424 ad
2491 3367 2766 3424 Romanos
2811 3368 3015 3426 scribat
3055 3387 3066 3422 :
3113 3367 3480 3442 Unusquisque

172 3463 435 3517 clamare
464 3460 638 3525 Abba,
684 3459 1045 3532 Pater(Rom.
1076 3474 1195 3524 vm,
1225 3457 1331 3530 l5),
1361 3459 1630 3527 quomodo
1668 3471 1789 3511 rur-
1888 3469 2113 3515 vestrum
2154 3459 2394 3531 proximo
2422 3474 2519 3513 suo
2552 3456 2758 3529 placeat
2802 3459 2859 3514 in
2900 3458 3033 3514 bono
3063 3459 3134 3513 ad
3171 3460 3481 3528 wdiﬁcatia—

171 3566 310 3606 sum
342 3549 455 3604 alio
488 3548 607 3603 loco
633 3547 766 3603 dicit
790 3561 804 3601 ζ
838 3547 992 3601 Dedit
1023 3547 1164 3600 Deus
1189 3546 1433 3616 spiritum
1457 3543 1588 3599 Filii
1622 3545 1706 3598 sui
1733 3546 1790 3599 in
1890 3569 2007 3607 nem
2031 3551 2212 3624 (Rom.
2261 3566 2351 3616 xv,
2376 3550 2453 3623 Ξ),
2485 3550 2755 3621 quomodo
2777 3549 2832 3607 in
2861 3550 2981 3606 aliis
3006 3551 3138 3606 dicit
3169 3570 3181 3604 ;
3217 3549 3278 3606 Si
3304 3553 3477 3607 hami-

171 3640 354 3694 corda
394 3647 575 3692 nostra
617 3636 932 3691 clamantem
959 3652 978 3690 :
1008 3636 1175 3700 Abba,
1215 3634 1380 3688 Pater
1419 3633 1563 3707 (Gal.
1593 3648 1667 3700 tv,
1697 3633 1789 3707 6)?
1891 3644 2044 3699 περω
2075 3642 2352 3715 placerem,
2378 3641 2573 3698 Christi
2598 3658 2774 3697 servus
2802 3657 2906 3696 non
2931 3659 3094 3697 essem
3115 3640 3318 3713 (ϐαίη,
3348 3641 3484 3712 10)?

169 3730 470 3802 quomodo
493 3743 593 3785 nos
617 3728 933 3792 clamamus,
967 3727 1014 3783 si
1043 3728 1158 3797 ipse
1182 3726 1380 3782 clamat
1407 3726 1464 3782 in
1491 3726 1684 3783 nobis?
1751 3805 1770 3811 ἢ

2530 3749 2833 3790 κεδροκειο.

834 3837 1136 3878 anseossro.
1963 3825 2124 3883 Aliud
2161 3837 2243 3882 est
2270 3826 2508 3883 studium
2543 3827 2743 3882 habere
2781 3823 3028 3896 placendi
3061 3825 3388 3891 hominibus,
3422 3835 3486 3883 ut

249 3917 386 3973 Nisi
415 3917 541 3986 quia
563 3915 800 3970 clamare
829 3929 929 3970 nos
957 3913 1105 3982 facit,
1131 3914 1258 3970 dum
1296 3912 1545 3970 habitare
1568 3912 1795 3983 cmperlt
1893 3917 2108 3974 laudem
2148 3919 2216 3975 ab
2240 3921 2320 3974 eis
2347 3926 2571 3988 qumrat,
2620 3925 2678 3972 et
2711 3917 2854 3974 aliud
2896 3926 2978 3974 est
3022 3919 3257 3975 studium
3287 3919 3488 3976 habere

165 4009 232 4064 in
268 4007 480 4062 nobis?
509 4005 622 4060 Hoc
651 4005 834 4075 itaque
862 4005 981 4076 agit
1017 4012 1290 4075 acceptus,
1315 4011 1377 4058 ut
1414 4003 1617 4074 largius
1650 4005 1794 4060 acci-
1895 4008 2142 4082 placendi
2171 4010 2501 4075 hominibus,
2526 4010 2580 4064 in
2610 4021 2675 4065 eo
2701 4008 2844 4080 quod
2877 4010 2985 4063 vita
3013 4026 3109 4065 sua
3146 4011 3487 4082 irreprehen-

161 4098 448 4170 piendus,
473 4095 728 4165 petendo,
751 4094 1062 4166 quaerendo,
1085 4094 1346 4165 pulsando
1371 4104 1642 4165 poscatur.
1668 4094 1796 4152 Sive
1896 4101 2068 4158 sibilis
2093 4108 2176 4156 est
2204 4101 2346 4171 apud
2366 4099 2631 4167 homines,
2659 4100 2756 4156 sed
2779 4100 3069 4171 proﬁciunt
3097 4117 3162 4156 ex
3190 4114 3255 4157 eo
3279 4117 3486 4168 omnes,

163 4192 336 4246 enim
365 4189 484 4243 vita
515 4190 654 4244 bona
689 4195 924 4258 petatur,
957 4185 1070 4241 sive
1103 4194 1164 4240 ut
1197 4187 1336 4242 bene
1361 4187 1592 4253 vivatur,
1633 4195 1796 4257 quot-
1899 4194 1990 4265 qui
2016 4194 2100 4250 vel
2124 4194 2306 4249 vident
2339 4193 2532 4256 talem,
2581 4192 2666 4249 vel
2710 4193 2953 4249 audiunt.
3002 4194 3078 4249 lbi
3117 4208 3248 4264 ergo
3274 4193 3491 4263 placen-

159 4295 319 4356 quot
351 4282 560 4352 spiritu
596 4281 690 4336 Dei
726 4288 977 4350 aguntur,
1003 4281 1059 4336 hi
1083 4279 1180 4336 filii
1203 4280 1300 4335 Dei
1323 4288 1449 4335 sunt
1474 4279 1651 4353 (Rom.
1675 4297 1795 4348 vm,
1901 4285 2028 4340 dum
2070 4299 2180 4340 non
2210 4291 2292 4340 est
2320 4283 2646 4349 hominibus,
2697 4284 2789 4340 ubi
2836 4293 3023 4339 contra
3071 4283 3252 4349 ﬁdem,
3299 4293 3490 4338 contra

163 4380 295 4450 Li).
332 4376 474 4432 Sive
514 4390 645 4446 ergo
664 4390 788 4430 cum
812 4374 1012 4428 dicitur
1033 4387 1134 4428 nos
1155 4373 1390 4428 clamare
1413 4389 1509 4444 per
1535 4373 1796 4444 Spiritum
1900 4375 2263 4441 honestatem,
2296 4384 2486 4431 contra
2526 4374 2842 4446 religionem
2872 4384 2986 4440 cst,
3034 4376 3089 4429 in
3119 4390 3226 4444 quo
3251 4374 3486 4444 placeat.

160 4478 472 4532 sanctum,
508 4466 624 4522 sive
652 4467 825 4535 ipsum
849 4465 904 4519 in
930 4465 1087 4520 nobis
1110 4465 1347 4523 clamare
1374 4465 1656 4536 Spiritum,
1689 4481 1797 4521 non
1826 4493 1876 4553 υ
1900 4466 1970 4522 Ει
2006 4468 2127 4524 ideo
2152 4469 2281 4525 dicit
2306 4486 2320 4522 :
2350 4468 2488 4535 Quia
2516 4470 2562 4525 si
2599 4470 2893 4524 hominibus
2919 4470 3194 4541 placerem,
3240 4471 3342 4525 hoc
3385 4478 3490 4536 est,

161 4575 262 4621 est
321 4562 694 4624 contrarium,
749 4559 876 4628 quia
905 4565 959 4611 ct
986 4573 1111 4612 cum
1151 4573 1252 4614 nos
1277 4555 1513 4614 clamare
1545 4559 1795 4625 dicimur,
1903 4558 2198 4616 incredulis
2226 4568 2282 4615 et
2309 4559 2616 4617 inﬁdelibus
2661 4560 2881 4628 Judmis,
2924 4559 3118 4616 Christi
3163 4576 3340 4618 servus
3386 4579 3494 4616 non

161 4673 288 4713 non
317 4669 402 4710 ex
433 4652 610 4717 nobis,
643 4651 738 4706 sed
769 4665 838 4704 ex
863 4648 956 4704 illo
976 4649 1212 4705 clamare
1239 4649 1567 4720 probamur;
1599 4659 1803 4707 etcum
1905 4669 2090 4707 essem.

158 4751 264 4806 ille
305 4747 569 4802 clamare
593 4743 652 4798 in
674 4741 832 4798 nobis
860 4741 1074 4812 legitur,
1106 4741 1236 4811 quid
1259 4741 1409 4799 aliud
1441 4741 1548 4798 nisi
1569 4741 1804 4800 eliicien—
1974 4743 2068 4800 EX
2105 4743 2441 4802 EPISTOLA
2478 4744 2539 4800 Β.
2578 4744 2784 4802 PAULI
2812 4746 2903 4800 AD
2929 4743 3342 4802 CORlNTHlOS
3377 4745 3420 4801 l.

158 4846 246 4900 tia
283 4841 389 4898 sui
420 4837 625 4909 operis,
653 4850 762 4907 quo
785 4848 887 4891 nos
913 4836 1143 4907 agimus,
1176 4835 1608 4891 demonstratur?
2456 4850 2857 4894 iNTERROGATiO
2894 4853 2946 4891 ι..

704 4945 1111 4987 INTERROGA'HO
1145 4945 1294 4986 XLVI.

1976 4927 2113 4985 Cum
2135 4926 2334 4985 Paulus
2349 4929 2644 5000 apostolus,
2671 4929 2739 4985 ad
2759 4927 3067 4984 Corinthios
3097 4929 3362 4995 scribens,
3381 4929 3498 4984 lau-

228 5028 407 5084 Cum
438 5024 508 5079 ad
534 5022 808 5079 Romanos
852 5022 1098 5078 scribens
1123 5019 1432 5092 Apostolus,
1461 5021 1805 5091 adoptionem
1906 5020 1996 5077 det
2045 5033 2138 5076 cos
2178 5021 2230 5075 in
2258 5021 2523 5090 principio
2563 5020 2816 5091 Epistolas
2859 5036 2972 5076 sua:
3010 5020 3238 5077 dicens:
3282 5019 3496 5076 Gratias

151 5124 445 5179 ﬁliorum
461 5117 1090 5186 Dei,etredemptionem
1114 5116 1357 5186 corporis
1382 5117 1465 5172 sui
1488 5124 1808 5186 exspectare
1907 5127 2016 5183 ago
2035 5107 2146 5164 Deo
2190 5126 2302 5164 meo
2345 5127 2547 5182 semper
2588 5129 2682 5182 pro
2719 5112 2858 5165 vobis
2902 5112 2958 5166 in
2993 5113 3165 5183 gratia
3211 5111 3330 5177 Dei,
3379 5128 3498 5184 qum

149 5233 222 5274 se
253 5215 440 5270 dicat
463 5206 646 5282 (Rom.
669 5224 790 5274 vni,
827 5208 942 5280 25),
991 5209 1262 5278 quomodo
1292 5209 1367 5264 ibi
1390 5208 1546 5279 quasi
1581 5206 1696 5278 jam
1735 5208 1809 5265 sit
1907 5203 2035 5256 data
2059 5210 2134 5255 est
2162 5201 2302 5256 vobis
2337 5203 2392 5255 in
2427 5200 2634 5257 Christo
2669 5202 2818 5269 Iesu,
2855 5205 2980 5275 quia
3005 5205 3062 5258 in
3104 5203 3346 5260 omnibus
3369 5204 3500 5259 divi-

149 5308 328 5364 ﬁlius
359 5301 496 5365 Dei,
522 5306 708 5355 etnon
731 5299 802 5356 sit
821 5299 966 5371 quod
985 5297 1126 5354 ultra
1142 5307 1436 5370 exspectet,
1460 5298 1606 5356 velut
1629 5314 1661 5356 e
1680 5315 1809 5356 con-
1906 5303 1984 5349 tes
2007 5293 2134 5364 facti
2151 5294 2274 5348 estis
2299 5294 2354 5346 in
2374 5292 2486 5360 illo,
2511 5296 2565 5348 in
2591 5296 2731 5350 omni
2754 5296 2926 5363 verbo,
2945 5305 2994 5350 et
3018 5296 3074 5352 in
3096 5297 3237 5351 omni
3257 5295 3497 5359 scientia,

147 5397 365 5454 trario
402 5391 541 5447 dicit
572 5405 587 5446 :
617 5389 722 5458 Qui
746 5389 981 5462 Spiritus
1011 5391 1365 5447 testimonium
1405 5390 1575 5447 reddit
1598 5392 1809 5464 spiritui
1909 5391 2043 5445 sicut
2091 5389 2442 5445 testimonium
2493 5386 2685 5444 Christi
2725 5389 3096 5460 conﬁrmatum
3140 5400 3214 5445 est
3244 5388 3299 5444 in
3334 5387 3497 5452 vobis,

143 5500 404 5552 nostra,
437 5483 564 5555 quia
589 5498 771 5539 sumus
808 5482 908 5553 ﬁlii
937 5482 1034 5538 Dei
1067 5483 1138 5555 (ιι.
1167 5483 1292 5555 16)⁴ῖ
1319 5483 1387 5540 Et
1427 5483 1645 5551 iterum,
1676 5499 1812 5558 quo-
1909 5484 2058 5538 itaut
2080 5481 2211 5537 nihil
2236 5481 2376 5537 vobis
2405 5481 2536 5537 desit
2560 5482 2614 5537 in
2639 5481 2748 5537 ulla
2771 5484 2944 5554 gratia
2974 5482 3027 5552 (Ι
3057 5481 3308 5549 ϐοτ.ι,4,
3330 5478 3495 5551 seq.),

230 5637 269 5666 ι
304 5616 720 5692 Samsog,_lib_.
759 5633 801 5672 ιι
825 5616 1066 5692 _Apoiog.
1105 5630 1225 5692 cap.
1261 5615 1351 5692 27,
1383 5632 1440 5692 n.
1475 5615 1528 5682 6,
1560 5632 1654 5674 seu
1681 5634 1806 5692 pag.

143 5697 306 5762 513,
349 5701 511 5747 tom.
540 5684 611 5762 ξι
640 5686 792 5758 Hisp.
814 5684 1049 5762 Sacrm';
1077 5684 1294 5762 etiamsi
1307 5704 1388 5762 me
1422 5690 1582 5744 irato.

237 5758 520 5822 δἰἰοειθ
556 5759 790 5821 Samson
813 5758 917 5816 hoc
939 5760 1166 5822 verbum
1190 5759 1392 5822 omisit.

1985 5627 2008 5688 εξ
2039 5616 2233 5688 aptius
2259 5615 2508 5682 Samson,
2538 5628 2860 5688 potestatem.

1982 5686 2009 5729 ἀ
2048 5687 2232 5746 Idem:
2262 5689 2352 5745 sed
2389 5686 2578 5758 bonum
2604 5691 2880 5760 propitius,
2905 5689 3102 5744 malum
3127 5690 3323 5744 iratus.
