3974 6306
482 365 580 422 687

482 479 750 553 quomodo
788 478 977 530 contra
1013 467 1225 523 laudem
1263 475 1294 516 a
1330 473 1388 516 se
1426 455 1703 529 prolatum
1747 451 2071 522 subjungch
2101 451 2146 506 Α

482 545 711 633 videtur,
743 568 926 622 dicens
953 581 966 616 :
999 552 1222 616 Obsecro
1249 560 1421 608 autem
1447 563 1556 611 vos,
1594 545 1814 614 fratres,
1854 558 1945 613 per
1976 557 2070 593 no-

483 684 601 722 men
629 661 838 717 Domini
878 655 1038 711 nostri
1064 652 1192 706 Iesu
1229 643 1444 707 Christi,
1497 648 1551 698 ut
1600 636 1837 708 idepsum
1884 633 2072 686 dicatis

486 719 683 820 omnes,
727 763 774 805 et
800 765 903 803 non
931 746 1030 799 sint
1055 744 1112 795 in
1148 739 1286 794 vobis
1321 733 1636 791 schismata;
1681 737 1744 780 et
1777 725 1909 781 illud
1941 740 1953 776 :
1988 719 2075 775 Si-

481 811 790 917 gni/iculum
819 846 892 892 est
915 834 1050 888 enim
1072 828 1198 884 mihi
1221 826 1284 879 de
1314 821 1474 886 vobis,
1508 818 1696 917 fratres
1715 815 1849 914 inci,
1882 813 1945 867 ab
1970 811 2070 875 Itis,

485 902 586 1003 qui.
608 938 727 985 sunt
764 924 970 987 Cltloes,
995 920 1119 990 quia
1154 913 1504 969 contentiones
1533 907 1591 959 in
1614 902 1754 960 vobis
1791 912 1940 968 sunt,
1962 912 2072 956 etc.

488 1021 541 1092 (1
571 1020 692 1076 Cor.
731 1034 769 1082 t,
801 1015 888 1079 10,
916 1011 1040 1082 li)?

591 1081 874 1165 nesrossro
908 1081 1006 1172 (Eii
1047 1093 1495 1172 Gregor._Magn.,
1522 1081 1877 1172 -l(i‘b._imHom.
1914 1085 1973 1138 in

803 1155 1021 1235 seu,
1051 1155 1192 1222 ιιοηί
1228 1165 1312 1229 ιι,
1347 1155 1490 1217 num.
1517 1158 1602 1223 ιε,
1636 1155 1750 1225 19).

543 1271 700 1324 .Ecce
739 1280 875 1336 quos
899 1265 954 1319 iu
983 1259 1130 1316 omni
1161 1255 1326 1311 verbo
1353 1260 1407 1307 et
1440 1251 1493 1305 in
1526 1247 1674 1304 omni
1703 1244 1935 1301 scientia
1957 1241 2080 1298 lau-

493 1364 730 1425 daverat,
761 1357 956 1428 quibus
997 1351 1130 1408 nihil
1160 1351 1347 1406 deesse
1382 1345 1439 1399 in
1476 1340 1584 1396 ulla
1628 1337 1797 1410 gratia
1844 1338 2079 1399 dixerat,

491 1451 764 1524 paulisper
779 1427 1040 1518 loquens,
1071 1441 1140 1496 ad
1173 1433 1559 1506 increpandam
1603 1428 1797 1484 leniter
1832 1427 2080 1491 veniens,

492 1517 695 1600 divisos
717 1553 847 1609 erga
869 1517 934 1592 se
966 1535 1111 1605 ipsos
1148 1523 1528 1599 reprehendit;
1577 1527 1632 1576 et
1653 1531 1888 1589 quorum
1931 1517 2087 1609 prius

493 1631 724 1689 salutem
763 1606 1104 1685 narraverat,
1152 1615 1494 1690 postmodum
1537 1611 1760 1665 vulnera
1803 1606 2081 1676 patefacit.

493 1724 705 1781 Penitus
731 1720 875 1776 enim
913 1715 1154 1774 medicus
1178 1709 1372 1766 vulnus
1408 1703 1702 1763 secandum
1741 1700 1954 1768 videns,
1991 1697 2086 1755 sed

1584 345 1650 400 is.
1689 337 1951 398 JULlANl
1986 331 2291 390 EPISCOPI
2328 309 2668 384 ΤὸιΕτΑΝι

3657 302 3748 359 688

2174 441 2512 513 prohibetur,
2568 434 2693 506 quia
2728 428 2870 502 quod
2913 429 3078 483 homo
3103 425 3213 495 agit
3252 419 3457 513 malitia
3471 417 3750 513 uindictae,

2172 508 2314 586 Deus
2338 544 2444 584 non
2476 526 2605 580 facit
2629 523 2734 578 nisi
2763 518 3009 574 examine
3039 523 3093 569 et
3124 515 3322 569 virtute
3351 509 3603 581 justitiai.
3629 508 3754 564 Cum

2173 634 2302 674 vero
2342 617 2514 673 sancti
2546 614 2648 668 viri
2680 606 3073 667 maledictionis
3102 603 3426 660 sententiam
3455 599 3755 671 proferunt,

2175 727 2283 767 non
2309 710 2447 763 hanc
2471 721 2538 762 ex
2562 713 2687 760 voto
2717 699 2960 763 ultionis,
2983 698 3079 753 sed
3115 710 3178 750 ex
3212 693 3429 764 justitia
3458 691 3756 746 examinise

2175 805 2483 869 erumpunt.
2513 798 2662 852 Intus
2687 794 2831 848 enim
2858 790 3054 847 subtile
3073 789 3166 843 Dei
3181 786 3448 856 judicium
3469 784 3758 854 aspiciunt,

2177 896 2232 944 et
2253 888 2394 942 mala
2421 885 2566 942 foras
2594 881 2957 953 exsurgentia,
2995 893 3115 948 quas
3154 876 3171 915 ί
3202 875 3496 932 maledicto
3540 875 3761 930 debeant

2179 980 2360 1047 ferire,
2385 983 2749 1049 cognoscunt;
2795 983 2849 1029 et
2875 987 2942 1029 eo
2973 972 3030 1026 in
3058 970 3343 1026 maledicto
3382 985 3493 1024 non
3524 976 3762 1038 peccant,

2179 1087 2287 1142 quo
2305 1073 2373 1127 ab
2392 1070 2606 1126 interno
2625 1066 2830 1137 judicio
2853 1080 2961 1120 non
2987 1063 3321 1118 discordant.
3350 1059 3492 1115 Hinc
3519 1068 3608 1114 est
3634 1058 3762 1126 quod

2182 1162 2373 1217 Petrus
2406 1161 2460 1216 in
2509 1158 2822 1214 oli‘ercntem
2862 1157 2962 1211 sibi
3011 1154 3294 1224 pecuniam
3331 1151 3618 1208 Simonem
3658 1164 3765 1204 sen-

2181 1254 2408 1310 tentiam
2434 1249 2826 1306 maledictionis
2874 1247 3112 1310 intorsit,
3147 1247 3330 1301 dicens
3366 1263 3380 1298 :
3418 1243 3660 1298 Pecunia
3687 1253 3765 1295 tua

2183 1356 2352 1402 tecum
2373 1345 2440 1400 sit
2475 1345 2531 1398 in
2571 1343 2859 1414 perditione
2887 1341 3025 1412 (Act.
3052 1355 3171 1403 vni,
3194 1338 3309 1410 20).
3340 1337 3444 1404 Qui
3483 1335 3634 1390 enim
3673 1350 3768 1389 non

2185 1437 2282 1502 ait,
2308 1444 2402 1503 est,
2427 1436 2538 1499 sed,
2566 1435 2655 1499 sit,
2689 1448 2794 1488 non
2821 1433 2876 1486 in
2902 1432 3213 1497 indicativo,
3238 1431 3330 1485 sed
3354 1429 3602 1499 optativo
3621 1426 3769 1482 modo

2186 1541 2245 1584 se
2263 1527 2382 1582 hinc
2407 1526 2606 1582 dixisse
2637 1524 2888 1596 signavit.
2930 1523 3068 1578 Hinc
3097 1523 3244 1577 Elias
3277 1523 3491 1577 duobus
3516 1520 3768 1590 quinqua-

2187 1617 2420 1691 genariis
2448 1617 2514 1672 ad
2542 1631 2603 1672 se
2636 1616 2974 1671 venientibus
3027 1614 3161 1671 dixit
3189 1632 3201 1667 :
3235 1613 3297 1670 Si
3317 1615 3472 1668 homo
3513 1612 3612 1666 Dei
3643 1630 3768 1677 sunt,

2189 1705 2467 1764 descendat
2504 1705 2639 1776 ignis
2669 1704 2732 1758 de
2762 1703 2908 1769 cmlo,
2937 1712 2984 1758 et
3015 1711 3288 1758 consumat
3316 1718 3403 1757 vos
3445 1702 3496 1773 (I
3517 1700 3552 1754 V
3581 1701 3712 1771 Reg.
3735 1719 3766 1762 ι,

494 1831 697 1888 nigrum
732 1784 981 1868 ti’midum
1009 1820 1130 1864 esse
1172 1800 1540 1872 conspiciens,
1590 1794 1682 1850 diu
1725 1792 1994 1864 palpavit,
2025 1797 2080 1846 et

2206 1799 2296 1872 ιο).
2317 1798 2558 1866 Quorum
2579 1804 2932 1865 utrorumque
2953 1793 3221 1850 sententia
3247 1802 3450 1865 quanta
3479 1793 3727 1848 veritatis
3751 1794 3769 1832 ε

496 1883 676 1967 subito
722 1902 1010 1976 percussit.
1040 1899 1196 1953 Prius
1225 1895 1370 1951 enim
1411 1889 1664 1948 blandam
1701 1900 1923 1942 manum
1974 1883 2092 1938 lau-

497 2001 634 2058 dis'a
661 1974 861 2070 posuit,
902 1990 1244 2065 postmodum
1281 1985 1486 2040 ferrum
1523 1977 1908 2049 increpationis
1947 1974 2085 2030 ﬁxit.

496 2093 611 2148 Nisi
640 2090 785 2145 enim
808 2081 1126 2142 verecunda:
1149 2087 1360 2134 mentes
1381 2073 1581 2129 fuerint
1606 2070 1874 2140 palpaudo
1903 2081 2090 2138 repre-

478 2186 703 2245 hensa),
729 2180 800 2234 ita
828 2185 888 2232 ut
919 2189 985 2230 ex
1009 2172 1131 2228 aliis
1154 2170 1316 2225 rebus
1354 2164 1592 2227 audiant,
1622 2158 1766 2230 quod
1803 2157 1861 2214 in
1898 2171 2091 2212 conso-

496 2273 755 2332 lationem
807 2271 1042 2329 sumant,
1062 2277 1160 2332 per
1183 2255 1607 2328 increpationem
1629 2249 1880 2324 protinus
1905 2248 1972 2303 ad
1999 2248 2092 2303 de-

496 2363 863 2438 sperationem
885 2357 1101 2414 eadunt.
1133 2351 1242 2409 Sed
1283 2347 1526 2418 nunquid
1552 2342 1812 2400 mentitus
1839 2348 1924 2396 est
1954 2339 2094 2392 Pau-

497 2431 603 2525 lus,
643 2453 882 2525 etprius
908 2450 990 2508 eis
1026 2446 1104 2503 nil
1140 2446 1327 2502 deesse
1364 2441 1422 2496 in
1461 2437 1609 2493 omni
1649 2433 1824 2506 gratia
1865 2431 2091 2511 diceret,

499 2521 1090 2622 quibusl—postmodum
1127 2537 1371 2592 dicturus
1407 2537 1526 2587 erat
1558 2527 1825 2584 unitatem
1871 2521 2094 2580 deesse?

503 2614 662 2698 Absit
688 2614 813 2694 hoe.
837 2633 968 2701 Quis
989 2631 1056 2688 de
1079 2628 1171 2685 illo
1197 2626 1327 2682 talia
1350 2623 1434 2679 vel
1458 2620 1730 2690 desipiens
1748 2617 1967 2674 credat?
1990 2614 2096 2671 Sed

505 2734 632 2806 quia
676 2734 834 2785 erant
859 2726 1002 2781 inter
1025 2719 1336 2779 Corinthios
1362 2714 1580 2786 quidam
1608 2711 1757 2767 omni
1803 2709 1978 2780 gratia
2012 2722 2098 2764 re-

501 2804 656 2900 pleti,
696 2832 753 2880 et
788 2825 943 2878 erant
973 2813 1277 2896 quidamin
1304 2823 1664 2882 personarum
1702 2804 1978 2860 favoribus
2004 2816 2097 2856 ex-

508 2893 654 2976 cussi
680 2915 742 2980 ι’,
783 2909 950 2980 empit
974 2922 1008 2962 a
1033 2893 1283 2961 laudibus
1323 2899 1706 2972 perlectorum,
1751 2905 1822 2963 ut
1854 2893 2098 2950 modesta

508 3009 814 3068 invectione
847 3003 936 3060 ad.
972 2994 1448 3071 reprehensionem
1488 2992 1817 3064 pertingeret
1859 2987 2098 3044 inﬁrmo-

517 3117 660 3160 rum.

1050 3177 1452 3220 INTERROGATIO
1490 3177 1560 3216 LI.

583 3279 864 3353 Quomodo
892 3275 1090 3334 Paulus
1126 3274 1291 3338 dicat,
1337 3270 1516 3327 Nolite
1558 3269 1868 3324 maledicere
1919 3263 2097 3336 (Rom.

513 3391 612 3440 xu,
640 3374 751 3443 lli),
794 3369 880 3426 vel
913 3367 1082 3424 illud:
1118 3364 1300 3435 Neque
1336 3360 1578 3416 maledici
1611 3372 1826 3429 regnum
1850 3354 1946 3410 Dei
1983 3367 2103 3423 pose

511 3467 752 3526 sidebant
779 3461 830 3534 (1
859 3461 981 3518 Cor.
1014 3472 1089 3526 vi,
1122 3456 1232 3528 10),
1267 3470 1390 3510 cum
1420 3454 1533 3523 ipse
1564 3444 1959 3506 maledictionis
1980 3458 2103 3499 seu-

514 3559 740 3616 tentiam
776 3533 1065 3625 protulerit
1103 3546 1370 3604 dicendo:
1412 3540 1711 3599 Alexander
1748 3537 1896 3608 faber
1925 3533 2101 3604 ferra-

515 3653 630 3707 rius
655 3645 820 3704 multa
847 3641 986 3698 mala
1020 3640 1147 3693 mihi
1183 3637 1326 3710 fecit,
1365 3636 1455 3691 sed
1503 3632 1678 3689 reddet
1722 3629 1800 3684 illi
1840 3626 1982 3681 Deus
2025 3639 2106 3678 se-

517 3739 748 3794 cundum
785 3749 941 3804 opera
980 3747 1081 3787 sua
1124 3726 1177 3800 (Ι
1221 3727 1354 3783 Tim.
1390 3741 1464 3794 iv,
1502 3723 1624 3794 14);
1656 3720 1741 3776 vel
1791 3717 1920 3772 illud
1963 3713 2106 3784 quod

517 3829 741 3886 Ananiae
790 3824 977 3880 dixit:
1024 3821 1286 3878 Percutiet
1335 3828 1383 3873 te
1431 3817 1601 3883 Deus,
1645 3811 1820 3886 paries
1871 3805 2107 3862 dealbate

520 3923 659 3994 (Act.
685 3933 844 3984 mu,
874 3916 969 3987 5)?

521 3991 804 4068 unsrousm
833 4005 1189 4080 (Eszregor.
1218 4005 1419 4076 Magn.,
1448 4003 1539 4057 lib.
1567 4019 1619 4058 iv
1650 3999 1812 4066 Man,
1852 4009 1995 4054 num.
2023 3991 2098 4063 2).

593 4103 886 4160 Sciendum
912 4107 995 4156 est
1027 4099 1171 4169 quod
1198 4097 1479 4166 Scriptura
1516 4111 1669 4151 sacra
1701 4094 1909 4150 duobus
1936 4083 2109 4147 modis

521 4196 871 4254 maledictum
897 4201 1180 4249 memorat.
1202 4191 1361 4247 Aliud
1381 4189 1632 4246 videlicet
1658 4190 1801 4258 quod
1828 4189 2103 4259 approbat,

521 4287 668 4343 aliud
693 4285 849 4356 quod
873 4285 1112 4340 damnat.
1149 4284 1323 4340 Aliter
1355 4282 1499 4337 enim
1529 4277 2109 4347 maledictumprol‘er—

521 4389 612 4436 tur
630 4377 835 4448 judicio
851 4375 1096 4446 justitite,
1115 4375 1270 4430 aliter
1295 4373 1461 4430 livore
1483 4372 1750 4427 vindictai.
1771 4369 2107 4424 Maledictum

513 4468 720 4540 quippe
751 4465 962 4536 judicio
1002 4463 1226 4534 justitizc
1259 4463 1313 4518 in
1353 4463 1471 4533 ipso
1509 4461 1684 4532 primo
1729 4459 1943 4516 homine
1984 4472 2110 4526 pec-

522 4569 682 4618 cante
710 4573 732 4601 ο
758 4559 1026 4632 prolatum
1055 4567 1163 4625 est,
1201 4573 1323 4614 cum
1360 4557 1564 4612 audivit
1595 4574 1607 4609 :
1649 4553 1932 4608 Maledicta
1972 4563 2109 4606 terra

523 4654 581 4708 in
625 4651 866 4724 operibus
901 4649 1004 4704 tuis
1032 4646 1060 4687 (ί
1097 4645 1252 4719 (Gen.
1299 4663 1381 4712 ιιι,
1432 4646 1506 4716 l).
1556 4646 1623 4700 Et
1672 4644 1804 4698 illud
1856 4643 1997 4712 quod
2047 4641 2113 4697 ad

524 4743 802 4800 Abraham
862 4739 1060 4796 dicitur
1102 4757 1114 4792 :
1171 4737 1485 4792 Maledicam
1539 4733 1964 4790 maledicentibus
2020 4731 2113 4784 tibi

525 4839 651 4907 (ΠΙ,
682 4834 760 4906 3).
789 4833 856 4888 Et
879 4846 1116 4896 rursum,
1147 4831 1272 4901 quia
1301 4828 1643 4886 maledictum
1674 4825 1840 4880 livore
1867 4823 2115 4877 vindictae

526 4924 814 4996 promitur,
841 4937 972 4979 voce
1008 4921 1161 4977 Pauli
1204 4920 1550 4992 praedicantis
1593 4919 1984 4972 admonemur:
2017 4913 2117 4967 Be-

529 5015 786 5081 nedicite,
834 5025 882 5070 et
920 5013 1076 5068 nolite
1111 5012 1421 5068 maledicere
1461 5009 1640 5082 (Rom.
1681 5023 1791 5073 xu,
1831 5006 1940 5078 14).
1976 5006 2118 5061 Deus

529 5122 662 5179 ergo
697 5106 1019 5164 maledicere
1054 5105 1269 5170 dicitur,
1299 5111 1354 5160 et
1389 5112 1567 5158 tamen
1600 5101 1918 5157 maledicere
1956 5101 2118 5156 homo

598 5279 630 5307 ι
659 5265 802 5320 Edit.
845 5264 998 5333 juxta
1042 5263 1438 5327 Benedictinos,
1467 5260 1660 5316 blanda
1693 5277 1859 5333 manu
1903 5260 2117 5327 laudes;

527 5337 626 5393 sed
654 5331 905 5417 blandam
933 5351 1147 5417 manum
1173 5334 1355 5417 laudis
1390 5346 1578 5387 omnes
1619 5331 1819 5388 habere
1857 5346 1988 5387 mss.
2018 5333 2119 5402 ipsi

535 5415 746 5471 notant,
774 5411 914 5461 sicut
939 5414 992 5458 et
1017 5411 1200 5459 noster
1237 5412 1446 5459 auctor.
1528 5448 1532 5452 .

607 5478 635 5517 ι’
667 5477 834 5538 Edit.,
868 5477 1051 5528 excisi.

606 5558 629 5586 ε
664 5547 804 5601 Etlit.
839 5543 1254 5615 Benedictinon,
1286 5545 1385 5613 ipsi
1408 5546 1576 5615 primo
1603 5545 1802 5599 homini
1852 5545 2119 5614 peccanti;

537 5617 630 5670 sed
671 5618 972 5689 ibinotaut
999 5614 1207 5682 aliquos
1246 5629 1365 5670 esse
1399 5614 1530 5670 mss.
1575 5615 1666 5687 qui
1696 5615 1877 5689 legunt
1908 5623 1967 5672 ut
1994 5631 2119 5676 sau-

539 5696 660 5741 ctus
683 5687 949 5739 Julianus.
1247 5740 1255 5745 _

609 5758 634 5795 «Ι
673 5756 838 5820 Edit.,
879 5756 930 5806 in
966 5769 1115 5821 opere
1144 5762 1252 5808 tuo.

2125 3144 2172 3210 C

2136 4509 2190 4572 D

2188 1891 2398 1948 ratione
2441 1887 2737 1952 convaluit,
2769 1887 3036 1942 terminus
3065 1899 3241 1941 causze
3274 1884 3620 1940 monstravit.
3651 1882 3771 1936 Nam

2188 1990 2244 2037 et
2267 1980 2452 2037 Simon
2478 1987 2679 2034 aiterna
2701 1976 3004 2048 perditione
3032 1975 3257 2040 interiit,
3282 1983 3337 2029 et
3357 1973 3494 2028 duos
3519 1973 3772 2042 quinqua-

2190 2070 2440 2144 genarias
2465 2069 2696 2139 desuper
2723 2067 2943 2123 veniens
2967 2065 3184 2120 ﬂamma
3208 2064 3572 2120 combussitb.
3597 2065 3774 2117 \‘irius

2191 2178 2319 2236 ergo
2365 2162 2700 2230 subsequens
2741 2157 3087 2222 testiﬁcatur,
3137 2171 3241 2225 qua
3291 2165 3472 2210 mente
3516 2155 3774 2209 sententia

2191 2255 2586 2312 maledictionis
2622 2251 2910 2323 promitur.
2957 2250 3093 2304 Cum
3132 2249 3277 2302 enim
3325 2255 3378 2301 et
3415 2246 3776 2301 maledice-mis

2192 2345 2501 2403 innocentia
2527 2351 2829 2414 permanet,
2859 2348 2912 2397 et
2945 2347 3124 2395 tamen
3159 2354 3282 2394 eum
3311 2338 3402 2408 qui
3444 2337 3779 2392 maledicitur

2193 2455 2365 2510 usque
2388 2439 2457 2495 ad
2475 2438 2756 2494 interitum
2784 2433 3092 2489 maledictio
3111 2432 3392 2497 absorbet,
3415 2447 3478 2486 ex
3502 2432 3779 2499 utriusque

2193 2529 2367 2600 partis
2396 2527 2502 2583 ﬁne
2543 2526 2818 2597 colligitur
2843 2523 2966 2594 quia
3001 2524 3068 2578 ab
3092 2538 3200 2578 uno
3233 2531 3287 2578 et
3313 2522 3502 2577 intimo
3521 2521 3712 2590 judice
3733 2522 3777 2574 in

2198 2636 2349 2676 reum
2379 2617 2647 2675 sententia
2674 2623 2887 2686 sumpta
2907 2613 3199 2684 jaculatur.

2725 2720 3126 2762 INTERROGATIO
3163 2720 3258 2760 ιιι.

2268 2801 2547 2871 Quomodo
2591 2799 2884 2869 divisiones
2928 2799 3262 2869 gratiarum,
3317 2813 3436 2867 quae
3486 2797 3655 2852 nobis
3699 2813 3784 2867 per

2201 2897 2463 2968 Spiritum
2507 2895 2703 2951 dantur
2733 2891 2784 2964 (1
2819 2890 2940 2947 Cor.
2989 2908 3084 2955 xu,
3115 2890 3170 2954 4,
3211 2890 3322 2960 ll),
3371 2891 3437 2944 ad
3476 2906 3784 2945 mensuram

2200 2990 2318 3047 dari
2347 2989 2489 3046 dicat
2516 2987 2808 3058 Apostolus
2838 2985 3054 3057 (Ephes.
3086 3001 3159 3048 ιν,
3187 2983 3241 3056 7)
3276 3002 3288 3037 :
3318 3000 3440 3040 cum
3466 2982 3523 3038 in
3552 2984 3784 3052 Evange-

2201 3082 2272 3137 lio
2301 3082 2532 3144 dicatur,
2585 3078 2726 3132 Deus
2770 3093 2874 3131 non
2929 3077 3019 3130 dat
3069 3074 3328 3146 Spiritum
3380 3075 3448 3128 ad
3487 3091 3782 3131 mensuram

2204 3175 2384 3247 (Joan.
2415 3188 2500 3239 ιιι,
2533 3169 2660 3242 54)?

2845 3275 3150 3318 RESPO‘A'SIO.

2272 3358 2330 3414 in
2359 3356 2668 3414 hominibus
2692 3355 2848 3412 datur
2877 3354 3172 3410 secundum
3197 3353 3517 3423 Apostolum
3541 3351 3616 3408 ad
3643 3366 3782 3408 men-

2205 3465 2387 3508 suram
2414 3448 2650 3519 Spiritus
2676 3466 2690 3501 :
2715 3446 2820 3500 Alii
2842 3446 3050 3518 quidem
3075 3462 3166 3516 per
3194 3444 3456 3515 Spiritum
3495 3445 3662 3500 datur
3685 3462 3786 3500 ser-

2203 3559 2288 3599 mo
2331 3542 2619 3612 sapientice,
2655 3539 2748 3594 alii
2793 3549 2968 3593 autem
3012 3553 3186 3592 sermo
3229 3538 3466 3592 scientia:
3508 3538 3786 3593 secundum

2205 3635 2443 3690 eumdem
2479 3633 2756 3704 Spiritum,
2787 3640 2893 3687 etc.
2924 3630 2978 3702 (Ι
3009 3631 3131 3686 Cor.
3174 3646 3271 3695 xu,
3303 3631 3382 3701 8).
3421 3630 3594 3686 Unico
3619 3639 3786 3684 autem

2206 3724 2345 3779 Filio
2364 3739 2464 3779 suo
2491 3721 2658 3777 Pater
2683 3738 2788 3778 non
2819 3722 2911 3777 dat
2936 3720 3198 3790 Spiritum
3227 3721 3294 3775 ad
3315 3710 3649 3785 mensuram,
3670 3724 3788 3792 quis

2207 3817 2263 3870 in
2286 3815 2397 3887 ipso
2423 3815 2588 3868 omnis
2610 3812 2877 3884 plenitudo
2899 3812 3188 3868 divinitatis
3214 3814 3560 3887 corporaliter
3590 3816 3788 3869 inhabi-

2211 3917 2286 3962 tat
2322 3906 2460 3978 (Col.
2494 3923 2556 3974 ιι,
2594 3905 2670 3977 9).

2718 4011 3117 4053 INTERROGATIO
3149 4014 3268 4055 LL“.

2283 4089 2414 4146 Cum
2462 4086 2659 4143 Paulus
2697 4087 2752 4140 in
2795 4087 3031 4156 Epistola
3059 4089 3128 4143 ad
3161 4087 3476 4144 Corinthios
3516 4089 3688 4159 prima
3731 4091 3790 4144 de

2211 4184 2324 4248 suis
2349 4179 2670 4251 coapostolis
2689 4179 2853 4245 dicat,
2873 4178 3239 4232 Abundantius
3263 4177 3371 4233 illis
3390 4182 3625 4233 omnibus
3646 4180 3787 4234 labo-

2213 4284 2322 4338 ,ιαυξ
2345 4281 2394 4354 (ι
2413 4273 2536 4336 Lor.
2563 4287 2651 4335 xv,
2681 4269 2766 4340 10)
2787 4288 2799 4323 :
2819 4270 3088 4340 quomodo
3116 4271 3168 4323 in
3193 4269 3432 4338 Epistula
3454 4272 3519 4326 ad
3542 4272 3788 4340 Ephesios

2212 4386 2514 4432 extremum
2541 4390 2599 4431 se
2634 4365 2873 4430 cumium
2909 4364 3205 4422 electorum
3248 4365 3585 4438 existimans,
3623 4369 3785 4425 dicit:

2215 4468 2347 4522 Mihi
2375 4467 2555 4536 inﬁmo
2579 4465 2811 4520 omnium
2847 4474 3147 4519 sanctorum
3179 4464 3306 4518 data
3348 4475 3424 4518 est
3467 4464 3634 4535 gratia
3659 4463 3786 4526 ltcrc,

2215 4562 2270 4616 in
2301 4559 2550 4616 Gentibus
2582 4557 2936 4629 euangelizare
2971 4556 3184 4629 (Eplies.
3221 4571 3303 4622 ιιι,
3327 4555 3419 4626 8)?

2856 4665 3158 4707 RESPONSIO.

2285 4747 2403 4802 Non
2429 4755 2560 4816 puto
2582 4747 2881 4816 apostolum
2909 4744 3130 4798 Paulum
3163 4757 3287 4799 cum
3316 4745 3515 4798 mentis
3537 4755 3642 4796 suae
3673 4755 3789 4795 con-

2216 4837 2469 4892 cordasse
2495 4844 2722 4900 secreto,
2747 4844 2807 4890 ut
2831 4850 2956 4890 vere
2976 4834 3227 4890 omnibus
3248 4833 3452 4889 sanctis
3472 4833 3712 4887 intimum
3739 4843 3792 4882 se

2214 4942 2338 4983 esse
2367 4926 2580 4982 dixerit.
2621 4926 2783 4981 Verbi
2810 4940 2992 4991 causa,
3031 4925 3116 4979 his
3145 4925 3238 4994 qui
3276 4932 3432 4978 erant
3456 4921 3669 4992 Ephesi,
3708 4919 3792 4987 qui

2213 5017 2484 5082 Corinthi,
2509 5017 2603 5088 qui
2626 5015 3041 5081 Thessalonicen,
3073 5015 3159 5070 vel
3176 5000 3180 5004 ’
3195 5013 3285 5083 qui
3314 5014 3367 5068 in
3398 5021 3510 5068 toto
3529 5011 3658 5066 orbe
3679 5025 3792 5064 σεο

2217 5107 2485 5163 diderant.
2532 5106 2686 5173 Quod
2735 5120 2858 5160 eum
2910 5103 3263 5159 humanitatis
3304 5100 3560 5171 judicium
3617 5098 3694 5152 sit
3743 5111 3798 5152 se

2293 5277 2316 5306 ο
2345 5263 2492 5319 Edit.
2524 5259 2940 5322 Benedictinor.,
2975 5259 3277 5329 cxjustitite
3309 5257 3571 5329 examine,
3594 5263 3656 5305 ut
3691 5250 3799 5329 fere

2219 5348 2408 5394 omnes
2429 5347 2614 5388 eorum
2643 5346 2774 5385 mss.
2807 5330 2903 5384 Hic
2923 5325 3170 5385 Julianus
3191 5329 3321 5400 legit
3349 5325 3798 5398 quemadmodum

2217 5415 2390 5464 veteri
2411 5405 2540 5459 edit.
2565 5410 2620 5456 et
2643 5400 2782 5457 alite.

2295 5477 2315 5515 τ
2357 5474 2526 5538 Edit.,
2557 5473 2705 5542 quia.

2292 5547 2320 5588 ε
2351 5546 2444 5600 Sic
2467 5532 2647 5613 le'gi'in
2669 5542 2918 5613 omnibus
2939 5556 3071 5613 mss.
3100 5549 3154 5595 et
3184 5541 3238 5596 in
3265 5549 3437 5613 veter.
3461 5537 3580 5613 edit.
3613 5532 3799 5613 Paris.

2221 5628 2275 5675 et
2301 5613 2463 5672 Basil.
2500 5607 2688 5667 n'otant
2721 5612 3074 5678 Benedictini,
3101 5627 3226 5668 cum
3259 5612 3316 5669 iu
3341 5611 3460 5667 aliis
3494 5607 3627 5671 loco,
3672 5608 3802 5658 twi-

2223 5690 2366 5752 tatis,
2392 5686 2677 5746 habeatur,
2710 5683 3018 5752 severitatis.

2294 5761 2320 5800 ιι
2351 5749 2515 5822 Edit.,
2549 5749 2884 5822 consumpsit.
