3974 6306
191 394 297 451 689

1199 378 1707 440 ΑΝΤΙΚΕΙΜΕΝΩΝ
1747 375 1926 431 LIBRI
1963 376 2120 434 DUO.
2163 408 2232 417 —
2269 378 2395 433 LIB.
2438 378 2500 435 Il.

3356 376 3459 433 690

194 513 445 570 omnibus
466 508 669 567 sanctis
693 505 937 563 intimum
970 503 1168 568 dicere,
1195 502 1531 558 mendacium
1551 504 1634 554 est
1659 510 1780 551 rea-
1803 492 1854 555 Α
1885 492 2226 550 reconcilians
2249 495 2348 549 sibi
2373 494 2459 562 (II
2494 493 2614 548 Cor.
2654 508 2703 557 v,
2751 491 2832 564 l9)
2863 509 2874 546 :
2905 493 3172 562 quomodo
3213 491 3464 548 Christus

193 616 279 660 tus
330 602 477 657 aliud
525 602 578 655 in
619 607 840 669 pectore
877 596 1117 650 clausum
1161 595 1379 658 habere,
1424 590 1570 645 aliud
1599 587 1782 657 lingua

194 707 464 766 promere.
504 689 898 760 Reperiendum
935 701 1064 757 ergo
1099 693 1182 740 est
1222 689 1598 753 argumentum
1643 676 1785 747 quod

195 797 250 843 et
277 786 479 840 Paulus
515 797 640 838 vere
671 780 922 836 omnibus
948 775 1150 833 sanctis
1175 775 1388 829 intimus
1415 771 1593 836 fuerit,
1622 777 1676 824 et
1707 776 1786 822 ta-

196 895 320 935 men
347 876 419 933 de
443 874 738 948 apostolica
779 887 886 926 non
927 867 1181 924 ceciderit
1207 865 1488 934 dignitate.
1521 859 1786 930 Loquitur

196 970 461 1026 Dominus
512 968 566 1022 in
600 962 890 1033 Evangelio
937 962 1005 1016 ad
1051 957 1338 1030 discipulos
1378 974 1392 1009 ι
1435 954 1538 1021 Qui
1577 951 1682 1007 vult
1733 951 1788 1005 in

197 1063 338 1118 vobis
378 1059 552 1129 major
578 1073 705 1122 esse,
741 1055 804 1108 sit
830 1053 1062 1107 omnium
1097 1051 1304 1113 minor;
1345 1057 1392 1101 et
1425 1046 1514 1117 qui
1541 1043 1647 1098 vult
1681 1057 1788 1096 esse

196 1153 421 1222 primus,
459 1150 527 1203 sit
558 1147 790 1201 omnium
839 1144 1148 1198 novissimus
1175 1139 1387 1211 (Matth.
1432 1153 1523 1201 xx,
1553 1133 1639 1196 26,
1671 1131 1783 1202 27).

197 1242 356 1309 Quod
397 1239 593 1295 Paulus
639 1252 802 1306 opere
850 1233 1172 1306 complebat,
1223 1231 1407 1286 dicens
1440 1246 1451 1282 :
1487 1227 1623 1280 Puto
1651 1224 1787 1278 enim
1823 1273 1842 1284 _

196 1334 324 1403 quia
359 1331 503 1384 Deus
554 1345 647 1383 nos
685 1325 946 1397 apostolos
1003 1323 1306 1378 novissimos
1359 1318 1601 1382 ostendit,
1640 1311 1790 1387 quasi

196 1423 358 1476 morti
385 1421 672 1476 destinatos
696 1419 750 1489 (Ι
782 1418 904 1472 Cor.
938 1432 1010 1482 ιν,
1049 1415 1126 1488 9).
1175 1413 1434 1471 Omnibus
1469 1411 1650 1483 igitur,
1699 1410 1794 1480 qui

199 1531 259 1571 se
295 1524 521 1585 propter
549 1513 823 1568 Christum
853 1510 1066 1566 intimos
1101 1523 1220 1564 esse
1254 1506 1560 1577 cupiebant,
1576 1509 1794 1573 aposto-

201 1607 286 1662 lus
327 1605 529 1660 Paulus
573 1603 808 1659 iniimior
828 1610 967 1669 erat,
995 1609 1047 1657 et
1081 1600 1280 1657 idcirco
1305 1597 1494 1667 major.
1539 1594 1792 1652 Omnibus

201 1699 364 1760 enim,
404 1695 596 1766 inquit,
624 1693 731 1748 illis
759 1692 876 1763 plus
911 1691 1178 1756 laboravi;
1220 1706 1322 1745 uon
1358 1697 1530 1742 autem
1568 1700 1680 1756 ego,
1704 1684 1794 1738 sed

202 1787 382 1853 gratia
433 1785 561 1851 Dei,
621 1801 736 1856 qua:
797 1800 997 1838 mecum
1047 1790 1122 1839 est
1176 1784 1318 1853 (xv,
1379 1780 1499 1849 10).
1572 1777 1795 1846 Propter

1887 585 1941 640 in
1981 587 2228 656 passione
2269 603 2364 641 sua
2412 586 2681 650 clamavit,
2715 584 2855 640 Deus
2900 601 3066 651 meus,
3111 583 3250 639 Deus
3297 599 3464 650 meus,

1889 694 2052 748 quare
2077 694 2157 732 me
2184 677 2504 749 dereliquisti
2531 676 2744 750 (Matth.
2775 692 2943 743 xxvu,
2972 675 3096 745 46)?

2523 784 2825 827 BESPONSIO.

1960 864 2076 920 Vox
2106 865 2228 932 ista,
2255 879 2360 934 qua
2388 863 2637 920 Christus
2667 862 2940 928 clamavit,
2968 861 3110 919 Deus
3137 877 3302 928 meus,
3329 859 3470 916 Deus

1891 971 2056 1022 meus,
2110 963 2240 1019 cte.,
2299 970 2407 1010 non
2440 969 2508 1010 ex
2536 970 2764 1024 persona
2815 954 2998 1020 Verbi,
3036 969 3140 1024 qua
3176 969 3314 1012 unus
3346 968 3471 1011 cum

1893 1047 2050 1102 Patre
2076 1055 2129 1102 et
2156 1047 2357 1118 Spiritu
2382 1054 2568 1102 sancto
2588 1041 2870 1117 pe'rmanet
2899 1045 3059 1113 Deus,
3094 1046 3187 1103 sed
3212 1062 3279 1102 ex
3302 1047 3472 1104 veteri

1894 1143 2131 1208 homine,
2159 1157 2267 1196 non
2304 1155 2465 1212 quem
2498 1141 2609 1210 ipse
2655 1149 2986 1210 susceperat,
3026 1139 3337 1212 accipienda
3365 1149 3469 1196 est.

1894 1235 1988 1290 Ille
2036 1248 2268 1304 namque
2305 1232 2406 1304 (Ex
2451 1231 2591 1303 Aug.
2635 1249 2790 1286 serm.
2833 1231 2859 1285 1
2899 1232 2953 1285 in
2987 1231 3123 1302 psal.
3156 1247 3282 1297 Lxx,
3325 1248 3472 1285 num.

1899 1327 1984 1398 12)
2009 1326 2099 1396 qui
2123 1339 2220 1396 per
2239 1323 2535 1395 potentiam
2566 1338 2770 1393 magnae
2797 1334 2823 1362 ο
2851 1321 3168 1387 divinitatis,
3197 1337 3303 1392 qua
3329 1321 3478 1378 Patri

1897 1417 2120 1488 aequalis
2141 1423 2244 1484 est,
2274 1417 2686 1473 resuscitaverat
2719 1423 2978 1480 mortuos,
3003 1415 3179 1472 subito
3204 1414 3344 1469 inter
3363 1428 3478 1468 ma-

1899 1527 2000 1568 nus
2043 1511 2385 1566 inimicorum
2414 1509 2662 1565 inﬁrmus
2705 1508 2880 1564 factus
2908 1517 3008 1574 est,
3047 1515 3102 1562 et
3151 1505 3305 1577 quasi
3341 1503 3480 1561 nihil

1898 1603 2098 1670 valens,
2127 1605 2493 1675 apprehensus
2519 1610 2620 1658 est.
2655 1600 2762 1657 Sed
2790 1601 3004 1672 quando
3027 1598 3477 1671 prehenderetur,

1901 1696 1956 1750 ni
1984 1696 2159 1766 primo
2184 1694 2260 1749 illi
2299 1693 2354 1748 in
2380 1693 2542 1749 corde
2583 1707 2680 1747 suo
2722 1691 2988 1755 dicerent,
3022 1689 3162 1746 Deus
3193 1687 3478 1768 dereliquit

1901 1802 2019 1841 cum
2068 1785 2240 1857 (Psal.
2290 1801 2415 1850 Lxx,
2448 1784 2575 1857 ll)?
2614 1783 2765 1840 Unde
2800 1782 2892 1838 illa
2925 1797 3030 1838 vox
3073 1773 3250 1839 estin
3297 1793 3478 1842 cruce,

205 1891 374 1945 quam
413 1875 795 1940 humilitatem,
822 1873 950 1927 dum
975 1873 1215 1929 omnium
1249 1879 1559 1927 sanctorum
1593 1876 1676 1924 est
1715 1868 1798 1922 in-
1827 1852 1874 1912 Β
1904 1875 2045 1931 Deus
2065 1852 2226 1940 incus,
2262 1873 2402 1929 Deus
2424 1852 2586 1937 mens,
2611 1884 2668 1927 αι
2701 1873 2828 1944 quid
2850 1888 2929 1927 me
2952 1870 3314 1942 dereliquisti?
3336 1868 3483 1924 Nun-

207 1967 394 2032 ﬁmus,
421 1968 547 2022 data
573 1975 656 2022 est
688 1967 803 2022 haec
824 1967 872 2022 ei
904 1967 1076 2038 gratia
1101 1965 1154 2020 in
1180 1965 1461 2028 Gentibus,
1485 1972 1543 2018 ut
1568 1977 1800 2036 evange»

205 2056 402 2111 lizaret
434 2057 832 2127 investigabiles
869 2057 1081 2112 divitias
1108 2055 1330 2121 Christi,
1362 2064 1415 2111 et
1445 2055 1660 2110 doceret
1696 2054 1804 2109 dis-

207 2146 812 2216 pensationenIChristi
856 2147 1096 2218 mysterii
1131 2146 1504 2204 absconditam
1532 2161 1564 2199 a
1593 2143 1803 2200 smculis

206 2235 266 2291 in
295 2237 429 2303 Deo,
467 2237 559 2307 qui
593 2239 843 2293 universa
881 2239 1083 2294 creavit
1114 2238 1329 2310 (Ephes.
1357 2255 1439 2305 ιιι,
1464 2238 1517 2303 8,
1549 2237 1626 2308 9).

284 2349 383 2404 EX
418 2348 756 2405 EPISTOLA
790 2350 850 2404 Β.
880 2349 1082 2408 PAULI
1111 2350 1203 2405 AD
1229 2347 1643 2407 CORINTHIOS
1668 2347 1731 2402 II.

746 2456 1144 2498 INTERROGATIO
1180 2457 1288 2498 LIV.

282 2532 427 2589 Cum
461 2532 658 2588 Paulus
692 2532 836 2597 dicat
858 2534 924 2589 de
950 2534 1238 2605 semetipso
1267 2535 1322 2589 in
1344 2532 1583 2604 Epistoia
1614 2533 1682 2588 ad
1712 2527 1810 2588 Co-

211 2625 470 2688 rinthius,
511 2624 636 2678 Non
671 2625 955 2680 secundum
999 2643 1208 2681 carnem
1256 2627 1493 2692 vivimus,
1534 2645 1694 2699 neque
1730 2645 1811 2684 se-

211 2718 452 2772 cundum
492 2734 698 2772 carnem
747 2718 1030 2774 militamus
1069 2719 1156 2791 (11
1178 2720 1300 2776 Cor.
1326 2739 1378 2787 ι,
1405 2723 1468 2794 3).
1495 2741 1507 2778 :
1541 2724 1810 2795 quomodo

213 2807 288 2862 ad
337 2807 616 2863 Romanos
650 2823 680 2863 e
715 2810 990 2864 contrario
1025 2811 1214 2866 scribit
1257 2812 1457 2879 dicens,
1486 2812 1600 2886 Ego
1637 2825 1811 2870 autem

213 2898 458 2954 carnalis
483 2916 598 2953 sum
633 2899 810 2970 (Rom.
839 2916 934 2965 vn,
975 2901 1100 2973 14)?
1134 2902 1344 2959 Etcum
1372 2904 1476 2960 alio
1517 2904 1637 2962 loco
1666 2904 1814 2962 dicat

213 2990 406 3044 vivere
435 2991 491 3044 in
517 3006 574 3046 se
595 2990 868 3047 Christum
893 2989 1035 3062 (Gal.
1074 3008 1134 3058 ιι,
1155 2992 1268 3063 20),
1290 3001 1344 3050 et
1377 2993 1636 3064 Spiritum
1663 3009 1816 3050 sano-

214 3090 361 3147 tum,
385 3082 611 3140 dicendo
639 3102 654 3138 '.
681 3083 903 3154 Propter
923 3085 1298 3141 inhabitantem
1322 3085 1581 3158 Spiritum
1615 3089 1728 3158 ejus
1758 3090 1813 3143 in

1904 1966 2032 2036 quid
2057 1966 2202 2022 Deus
2231 1965 2517 2036 dereliquit
2559 1963 2855 2030 Christum,
2894 1978 3017 2018 cum
3057 1963 3198 2016 Deus
3237 1969 3382 2017 esset
3428 1962 3485 2015 in

1905 2056 2111 2111 Christo
2134 2055 2386 2109 mundum
2419 2053 2760 2108 reconcilians
2788 2052 2908 2120 sibi,
2939 2068 3061 2107 cum
3087 2060 3232 2108 esset
3259 2061 3313 2106 et
3334 2050 3486 2106 Chri~

1905 2157 2022 2204 stus
2055 2148 2214 2214 Deus,
2244 2162 2309 2202 ex
2335 2145 2534 2202 Judmis
2556 2145 2771 2215 quidem
2795 2145 3090 2201 secundum
3121 2158 3360 2210 carnem,
3397 2141 3489 2214 qui

1906 2245 1988 2294 est
2030 2252 2191 2309 super
2226 2238 2405 2293 omnia
2446 2239 2588 2296 Deus
2625 2237 2942 2294 benedictus
2971 2237 3027 2292 in
3067 2232 3486 2306 smcula-(Rom.

1908 2347 1980 2397 ιι,
2007 2330 2084 2404 5),
2125 2332 2268 2386 Deus
2308 2329 2592 2401 dereliquit
2618 2331 2645 2371 δ
2674 2329 2858 2385 illum?
2892 2328 3068 2386 Absit.
3101 2327 3210 2384 Sed
3243 2327 3298 2382 in
3323 2327 3490 2382 veteri

1907 2436 2093 2483 nostro
2132 2442 2235 2483 vox
2263 2435 2448 2482 nostra
2482 2435 2566 2482 est
2620 2437 2675 2491 ε,
2716 2425 2843 2497 quia
2875 2423 3035 2481 simul
3073 2421 3364 2480 cruciﬁxus
3411 2429 3493 2476 est

1909 2527 2063 2576 vetus
2089 2521 2252 2576 homo
2281 2526 2464 2574 noster
2503 2533 2623 2574 cum
2663 2517 2881 2589 illo(.v1,
2917 2516 2994 2587 6),
3022 2516 3112 2587 qui
3153 2514 3220 2570 de
3257 2514 3374 2585 ipso
3405 2527 3495 2570 νεα

1910 2615 2015 2670 teri
2057 2620 2252 2669 nostro.
2272 2626 2470 2681 corpus
2497 2618 2799 2681 acceperat,
2831 2609 2957 2680 quia
3004 2609 3174 2664 Maria
3214 2608 3280 2662 de
3321 2605 3493 2660 Adam

1911 2712 2046 2762 erat.
2079 2704 2221 2776 Ergo
2245 2704 2388 2774 quod
2414 2702 2489 2758 illi
2518 2709 2862 2774 putaverunt,
2907 2701 3010 2756 hoc
3043 2699 3109 2756 de
3135 2713 3295 2756 cruce
3319 2697 3490 2753 dixit:

1915 2799 2092 2867 Quare
2119 2816 2200 2854 me
2224 2797 2542 2871 dereliquisti
2570 2797 2595 2851 ?
2753 2845 2790 2890 .

2038 2915 2132 2971 EX
2169 2913 2502 2972 EPISTOLA
2541 2915 2601 2970 B.
2643 2913 2849 2971 PAULI
2884 2913 2978 2970 AD
3013 2910 3356 2969 GALATAS.

2425 3024 2827 3066 INTERROGATIO
2863 3023 2971 3064 LVI.

1989 3101 2265 3171 Quomodo
2291 3101 2488 3156 Paulus
2509 3099 2783 3171 apostolus
2806 3099 2968 3166 dicat,
3001 3097 3062 3154 Si
3084 3098 3255 3154 adhuc
3280 3099 3499 3153 homini-

215 3172 394 3274 ξ²οθίοξ
423 3171 620 3274 (ηυρλ.
660 3188 778 3239 ""1:
837 3173 955 3274 illi.
986 3176 1254 3274 (Ιιιίξωοάο
1289 3177 1443 3274 qua“
1471 3192 1502 3232 θ
1540 3177 1814 3274 Cimini“)
1840 3202 1889 3268 ο
1920 3196 2014 3251 bus
2035 3195 2312 3274 placerem,
2344 3192 2537 3249 Christi
2576 3207 2752 3247 servus
2781 3206 2887 3245 non
2921 3206 3084 3245 essem
3117 3188 3262 3261 (Gal.
3293 3205 3332 3255 ι,
3361 3189 3450 3260 10)
3482 3208 3500 3244 :.

213 3262 487 3334 loquitur,
516 3263 655 3330 Quia
695 3282 796 3320 non
834 3265 1034 3320 habitat
1067 3267 1123 3323 in
1156 3283 1252 3335 me,
1298 3269 1394 3322 hoc
1431 3277 1524 3335 est,
1574 3270 1631 3323 in
1661 3285 1816 3324 carne

217 3372 368 3424 inea,
400 3356 592 3412 bonum
618 3358 736 3428 (vu,
765 3359 889 3431 18)?

867 3465 1169 3512 RESPONSIO.
1197 3524 1203 3532 .

298 3539 362 3596 Si
389 3542 478 3598 cui
509 3543 612 3598 ista
659 3559 778 3614 qua:
808 3544 1060 3604 dicuntur
1097 3549 1369 3605 contraria
1405 3551 1712 3622 apostolica:
1749 3551 1824 3609 di-

213 3634 423 3705 gnitati
450 3649 572 3691 esse
592 3637 860 3704 videntur,
901 3640 980 3695 sic
1009 3641 1148 3697 dicta
1179 3643 1426 3714 accipiat,
1455 3653 1514 3700 ut
1533 3645 1822 3716 Apostolus

217 3729 348 3781 hac
371 3727 488 3796 ipsa
513 3744 621 3784 non
649 3731 716 3785 de
743 3745 841 3785 sua
862 3746 1116 3802 persona,
1144 3735 1239 3790 sed
1268 3750 1556 3805 personam
1584 3736 1824 3794 inﬁrmo-

214 3834 351 3874 rum
381 3820 437 3874 in
469 3835 528 3876 se
559 3823 857 3893 suscipiens
887 3825 1100 3893 dixerit,
1135 3828 1251 3884 haec
1287 3827 1516 3886 fortasse
1552 3831 1823 3886 contraria

217 3924 339 3964 non
376 3911 634 3980 putabit;
674 3914 765 3984 qui
792 3923 847 3969 et
886 3916 1157 3972 carnalem
1186 3935 1243 3975 se
1278 3921 1581 3984 nominans,
1619 3929 1674 3977 et
1715 3937 1823 3980 non

215 4003 483 4057 habitare
509 4003 562 4058 in
594 4019 652 4061 se
680 4005 878 4063 bonum
929 4011 1305 4078 pronuntians,
1331 4010 1484 4081 juxta
1520 4015 1663 4085 quod
1706 4013 1826 4070 Ori-

214 4109 400 4164 genes
429 4097 595 4154 refert
629 4099 719 4173 (In
740 4119 855 4174 cap.
878 4119 974 4171 vn,
1012 4105 1166 4172 v.14,
1197 4106 1369 4176 Epist.
1395 4109 1463 4161 ad
1494 4106 1696 4179 Rom.),
1716 4123 1824 4164 non

217 4189 286 4243 in
315 4204 415 4243 sua
440 4204 668 4259 persona
690 4193 981 4266 Apostolus
1011 4198 1143 4255 dixit
1167 4240 1181 4266 ,
1222 4201 1316 4256 sed
1344 4209 1600 4273 tanquam
1638 4203 1826 4260 doctor

211 4280 512 4349 Ecclesiae,
543 4299 829 4354 personam
856 4289 911 4344 in
940 4292 1228 4362 semetipso
1256 4293 1554 4364 suscipiens
1580 4293 1824 4350 inﬁrmo-

215 4388 377 4437 rum,
405 4373 610 4442 elicuit,
640 4375 796 4445 juxta
824 4382 967 4450 quod
993 4389 1046 4436 et
1071 4383 1200 4438 alibi
1228 4384 1369 4440 idem
1397 4384 1684 4456 Apostolus
1714 4387 1819 4441 ait:

217 4461 438 4517 Factus
487 4481 603 4519 sum
651 4468 877 4537 infirmis
909 4472 1171 4542 inﬁmus,
1214 4484 1269 4528 ut
1306 4475 1544 4545 inﬁmos
1589 4476 1825 4532 lucrarer

1923 3303 2046 3347 cum
2090 3287 2219 3344 item
2264 3286 2370 3341 alio
2400 3285 2519 3341 loco
2544 3284 2818 3354 praecepit,
2873 3281 3083 3337 Placete
3137 3283 3376 3338 omnibus
3409 3301 3500 3355 per

1922 3379 2118 3444 omnia,
2163 3377 2298 3431 sicut
2334 3392 2426 3449 ego
2473 3373 2710 3432 omnibus
2758 3390 2848 3449 per
2875 3372 3051 3429 omnia
3078 3371 3257 3442 placeo
3290 3372 3346 3444 (I
3375 3371 3498 3427 Cor.

1922 3485 1977 3536 ι,
2001 3467 2090 3537 se,
2124 3466 2250 3539 55)?
2523 3472 2552 3520 κ.

2556 3576 2860 3619 BESPONSIO.

1994 3654 2121 3712 Hac
2140 3654 2233 3726 qui
2259 3669 2366 3712 non
2394 3653 2714 3726 intelligunt,
2731 3653 3001 3711 contraria
3025 3659 3237 3724 putant.
3261 3653 3368 3709 Sed
3393 3668 3501 3708 non

1924 3755 2006 3802 est
2031 3748 2108 3803 ita
2147 3765 2160 3800 :
2190 3762 2314 3802 nam
2343 3753 2398 3801 et
2426 3761 2532 3801 non
2559 3761 2618 3802 se
2643 3745 2858 3816 placere
2895 3746 3202 3803 hominibus
3242 3753 3388 3802 recte
3417 3745 3499 3801 di-

1924 3838 2099 3905 cebat,
2125 3837 2252 3908 quia
2280 3837 2335 3892 in
2361 3853 2427 3892 eo
2454 3838 2569 3907 ipso
2591 3851 2698 3892 non
2738 3844 2798 3892 ut
2819 3836 3146 3902 hominibus,
3176 3836 3271 3891 sed
3299 3844 3360 3892 ut
3391 3837 3524 3892 Deo.

1923 3929 2155 3998 placere,
2189 3929 2515 3984 intuebatur.
2542 3926 2671 3983 Item
2685 3926 3004 3998 placendum
3025 3943 3146 3983 esse
3171 3927 3499 3993 hominibus,

1925 4029 2073 4078 recte
2099 4020 2463 4092 praecipiebat,
2495 4035 2604 4074 non
2633 4027 2693 4074 ut
2718 4019 2821 4074 hoc
2847 4025 3209 4088 appeteretur,
3243 4027 3503 4089 tanquam

1925 4128 2132 4170 merces
2168 4121 2312 4170 recte
2350 4111 2645 4179 factorum;
2699 4112 2792 4169 sed
2817 4112 2944 4182 quia
2987 4112 3098 4168 Deo
3139 4111 3354 4182 placere
3396 4128 3503 4167 non

1924 4207 2114 4278 possit,
2142 4207 2234 4277 qui
2261 4221 2368 4261 non
2397 4220 2455 4260 se
2498 4205 2582 4260 his
2612 4220 2748 4276 quos
2773 4205 2950 4261 salvos
2975 4205 3092 4261 fieri
3121 4205 3279 4259 vellet
3302 4204 3504 4274 praebe-

1925 4306 2008 4355 ret
2051 4297 2386 4352 imitandum.
2429 4294 2613 4357 Placet
2660 4311 2789 4366 ergo
2835 4295 3051 4360 Paulus,
3099 4305 3154 4352 et
3197 4311 3302 4352 non
3329 4295 3506 4366 placet

1926 4390 2132 4462 (Greg.,
2161 4388 2289 4460 Reg.
2327 4389 2474 4444 Past.
2501 4397 2636 4459 part.
2676 4405 2736 4452 ιι,
2765 4406 2880 4459 cap.
2924 4389 3002 4459 8),
3033 4391 3157 4460 quia
3184 4389 3240 4443 in
3269 4403 3338 4444 eo
3362 4391 3506 4458 quod

1926 4481 2138 4551 placere
2163 4479 2386 4550 appetit,
2419 4493 2526 4534 non
2550 4494 2629 4544 se,
2656 4478 2748 4535 sed
2771 4479 2940 4549 ipsam
2962 4479 3274 4535 hominibus
3291 4478 3506 4549 placere

216 4555 285 4629 (1
310 4556 437 4612 Cor.
475 4577 549 4625 rx,
591 4561 702 4634 22).
731 4561 1050 4636 Quanquam
1079 4575 1133 4622 et
1168 4569 1361 4625 beatus
1395 4569 1724 4640 Augustinus
1757 4570 1825 4626 ad
1857 4563 1907 4622 ο
1931 4574 2214 4629 veritatem
2240 4572 2451 4643 quaerit.

127 4654 142 4742 ί
213 4654 574 4712 Bonifacium
594 4673 790 4730 papam
818 4663 1060 4719 scribens
1085 4662 1223 4735 (Lib.
1246 4681 1262 4719 ι
1288 4674 1454 4719 contr.
1482 4665 1617 4719 duas
1649 4664 1820 4735 Epist.

129 4753 138 4764 '
214 4745 607 4817 Pelagianor.,
650 4751 844 4823 n._l7),
884 4753 988 4808 hoc
1029 4753 1204 4822 ipsum
1227 4754 1291 4810 de
1326 4769 1557 4824 persona
1581 4753 1825 4825 Apostoli

2445 4679 2846 4720 ιιιτειιιιοωτιθ
2883 4679 3011 4719 LVII.

1996 4757 2130 4813 Cum
2161 4756 2360 4813 Paulus
2386 4755 2656 4828 apostolus
2701 4757 2756 4811 in
2784 4757 3020 4827 Epistola
3067 4758 3136 4813 ad
3172 4756 3388 4814 Galatas
3421 4777 3509 4816 re-

213 4839 413 4908 accipi
442 4855 602 4908 posse
628 4849 874 4908 testetur,
905 4843 1046 4912 quod
1072 4842 1222 4911 dicit,
1251 4843 1365 4914 Ego
1391 4852 1565 4898 autem
1596 4845 1826 4900 carnalis
1927 4847 2067 4903 ferat
2104 4863 2201 4919 per
2237 4847 2480 4902 ordinem
2520 4847 2614 4902 ubi
2652 4841 2894 4917 primum
2936 4857 3060 4918 post
3101 4851 3514 4907 conversionem

207 4948 376 4998 sum,
403 4934 731 4990 venundatus
759 4935 853 4990 sub
881 4945 1091 5007 peccato
1120 4953 1137 4992 :
1168 4936 1294 5007 quia
1322 4939 1560 4992 nondum
1588 4937 1830 5008 spiritale
1928 4956 2081 4998 suam
2122 4939 2429 5006 accesserit,
2459 4938 2660 5003 dicens,
2695 4939 2812 4992 Abii
2839 4940 2896 4992 in
2933 4939 3202 5004 Arabiam,
3237 4949 3286 4994 et
3321 4942 3510 4998 iterum

209 5038 440 5092 corpus
467 5025 704 5082 habebat
729 5025 1040 5096 Apostolus.
1080 5027 1232 5084 Sicut
1253 5028 1426 5099 possit
1461 5028 1676 5084 dicere:
1717 5029 1829 5102 Ego
1931 5050 2162 5090 reversus
2187 5048 2303 5087 sum
2327 5029 2643 5084 Damascum
2691 5027 2836 5099 (Gal.
2867 5044 2904 5093 ι,
2938 5028 3025 5100 17)
3056 5048 3070 5082 :
3105 5031 3375 5099 quomodo
3400 5030 3507 5085 Lu-

208 5125 425 5174 autem
450 5117 692 5174 mortalis
718 5135 871 5186 sum;
898 5120 1041 5190 quod
1067 5122 1257 5192 utique
1278 5138 1386 5178 non
1410 5123 1512 5178 nisi
1538 5126 1830 5181 secundum
1930 5143 2023 5183 cas
2066 5127 2119 5180 in
2151 5125 2375 5180 Actibus
2417 5120 2782 5191 apostolorum
2826 5120 3073 5178 eumdem
3123 5121 3346 5179 Paulum
3387 5131 3512 5195 post

208 5226 445 5280 corpus
475 5210 793 5282 intelligitur
821 5212 1042 5278 dixisse,
1063 5215 1204 5284 quod
1240 5216 1476 5270 nondum
1518 5213 1694 5270 fuerat
1733 5217 1833 5272 im-
1931 5226 2207 5290 acceptam
2241 5216 2402 5272 ﬁdem
2435 5212 2634 5268 Christi
2662 5227 2770 5267 non
2805 5213 2860 5268 in
2888 5212 3167 5280 Arabiam,
3197 5216 3293 5271 sed
3316 5215 3374 5270 in
3407 5217 3514 5270 Da~

207 5301 580 5362 mortalitate
621 5304 894 5360 vestitum.
948 5304 1100 5373 Quod
1143 5307 1305 5362 etiam
1349 5308 1451 5363 etsi
1492 5307 1648 5377 juxta
1689 5309 1832 5366 hunc
1932 5328 2114 5369 masro
2141 5309 2290 5381 prius
2322 5311 2710 5361 commoratum
2737 5303 2904 5360 fuisse
2930 5313 3157 5362 testatur
3188 5307 3327 5379 (Act.
3357 5323 3428 5372 Ix,
3454 5308 3547 5374 8,.

202 5394 464 5454 modum
504 5394 788 5460 sentiatur,
812 5408 912 5450 nec
935 5395 1014 5450 sic
1046 5396 1150 5450 erit
1186 5397 1322 5453 bene
1360 5397 1677 5470 intelligenti
1708 5416 1834 5457 con-
1933 5404 2099 5475 seq.)?

201 5485 498 5544 trarium.
2569 5481 2872 5524 nssrousro.

2005 5568 2129 5623 limo
2175 5580 2204 5618 a
2226 5565 2385 5620 beato
2414 5561 2744 5632 Hieronymo
2787 5563 2866 5618 sic
2891 5561 3179 5631 explanata
3211 5565 3514 5632 reperimus
3545 5605 3552 5611 .

1937 5658 2073 5731 (Lib.
2110 5675 2147 5720 ι,
2173 5654 2461 5709 Comment.
2487 5653 2540 5706 in
2567 5651 2737 5723 Epist.
2759 5653 2826 5708 ad
2855 5651 2976 5710 Gal.
3007 5670 3122 5712 catt.
3148 5669 3186 5723 ι⁴
3217 5671 3264 5710 υ.
3292 5653 3402 5727 Π).
3441 5656 3511 5714 li;

783 5572 1180 5614 INTERROGATIO
1217 5575 1301 5614 LV.

299 5646 456 5702 Cum
482 5645 682 5700 Paulus
724 5645 890 5714 dicat,
914 5647 1055 5702 Deus
1088 5652 1276 5704 eratin
1313 5649 1537 5716 Christo,
1583 5655 1833 5710 mundum

301 5775 336 5842 ς
581 5757 670 5842 ille
691 5761 848 5842 enim,
881 5763 971 5842 qui
1004 5763 1232 5832 potentia
1260 5780 1470 5834 magna,
1512 5773 1616 5820 etc.

471 5769 554 5840 it.,
581 5769 670 5840 itte
691 5769 848 5840 enim,
881 5769 971 5840 qui
1004 5769 1232 5832 potentia
1260 5780 1470 5834 magna,
1512 5773 1616 5820 etc.

2010 5783 2028 5809 ε
2061 5770 2200 5824 Ειίἱι.
2246 5769 2536 5839 utrobique
2571 5780 2700 5822 erat.

305 5832 344 5872 ι’
383 5828 556 5897 Edit.,
577 5829 694 5896 'hic,
721 5828 944 5900 reliquit.
