3974 6306
1500 281 1542 299 τι.

527 351 625 412 691

1619 346 1678 404 8.
1716 342 1980 405 tum
2014 342 2317 404 EPlSCOPl
2350 343 2694 405 TOLETANI

529 479 595 521 ω
623 462 767 536 quod
795 460 1083 535 Apostolus
1102 460 1270 518 dixit:
1296 460 1414 516 Abii
1445 461 1504 514 in
1534 458 1802 525 Arabiam,
1826 466 1876 514 et
1906 459 2094 513 iterum
2122 459 2172 520 Α
2199 455 2352 525 quasi
2387 470 2420 513 e
2449 455 2724 512 contrario
2765 421 2868 513 sibi
2909 453 3124 512 videtur
3163 456 3515 529 respondere,
3548 456 3753 518 dicens:

529 571 762 612 reversus
786 571 900 609 sum
942 552 1277 616 Damascum,
1321 568 1341 603 ι
1372 565 1481 606 non
1501 549 1604 606 sibi
1624 548 1836 604 videtur
1862 547 2103 604 historiae

531 645 665 700 ordo
677 645 981 707 convenire,
999 642 1265 696 referente
1274 639 1420 696 Luca
1434 640 1488 694 in
1500 638 1721 695 Actibus
1734 637 2103 709 apostolorum

534 736 673 804 (Act.
702 751 779 799 ιι,
807 734 877 788 ‘23
894 733 1080 803 seqq.),
1104 730 1243 802 quod
1269 746 1392 786 cum
1406 728 1603 786 Paulus
1623 738 1745 800 post
1765 728 1925 785 iidem
1946 726 2105 783 Chri-

534 829 601 882 sti
629 842 730 896 per
757 824 873 879 dies
902 823 1099 878 multos
1129 822 1502 894 Evangetium'
1520 822 1765 878 Damasci
1792 821 2105 890 loqueretur

534 919 812 981 audenter,
857 914 1011 971 facta:
1041 915 1242 970 fuerint
1262 915 1312 971 ei
1335 915 1561 981 insidiis,
1586 924 1640 971 et
1664 915 1720 970 in
1742 921 1926 985 sporta
1946 920 2106 968 nocte

531 1023 629 1079 per
672 1024 890 1063 murum
934 1006 1200 1062 demissus
1242 1005 1333 1073 sit,
1383 1014 1438 1063 et
1467 1007 1673 1063 venerit
1701 1008 1770 1076 ‘in
1802 1003 2104 1061 Jerusalem

533 1107 749 1156 teutans
774 1114 831 1154 se
858 1095 1181 1167 conjungere
1204 1095 1502 1168 discipulis,
1528 1112 1560 1152 a
1587 1098 1782 1169 quibus
1817 1111 1939 1150 cum
1966 1094 2109 1148 vita-

533 1199 702 1257 retur,
737 1197 793 1245 et
819 1189 1074 1243 timerent
1101 1189 1169 1244 ad
1198 1202 1323 1245 eum
1371 1190 1647 1256 accedere,
1695 1204 1729 1246 ιι
1767 1186 2010 1241 Barnaba
2039 1184 2109 1241 ad

533 1281 800 1351 apostolos
829 1280 981 1335 illum
999 1295 1121 1335 esse
1144 1281 1482 1350 perductum,
1509 1287 1565 1333 et
1584 1279 1657 1334 ibi
1679 1291 1930 1333 narrasse
1973 1290 2107 1347 quo-
2142 1271 2155 1277 ’

531 1374 691 1431 modo
741 1373 1027 1429 Dominum
1051 1372 1245 1447 viderit
1281 1374 1338 1428 in
1363 1372 1574 1436 itinere,
1618 1355 1682 1426 et
1698 1369 1945 1425 Damasci
1970 1368 2107 1423 (ldu-

530 1467 741 1523 cialiter
763 1465 936 1537 egerit
961 1465 1016 1519 in
1041 1465 1257 1520 nomine
1284 1463 1431 1519 Jesu.
1462 1461 1613 1527 Erat,
1635 1460 1829 1531 inquit,
1853 1475 1971 1514 eum
1997 1457 2105 1515 illis

531 1561 749 1621 intrans,
775 1567 822 1611 et
844 1557 1020 1612 exiens
1046 1558 1102 1612 in
1124 1554 1436 1621 Jerusalem,
1459 1562 1507 1609 et
1531 1551 1848 1623 ﬁducialiter
1872 1568 2028 1621 agens
2052 1550 2108 1605 in

532 1654 741 1705 nomine
765 1649 993 1715 Domini,
1019 1648 1325 1720 loquebatur
1346 1662 1565 1718 quoque,
1592 1654 1641 1700 et
1668 1642 1967 1714 disputabat
1989 1657 2106 1695 cum

533 1739 761 1795 Graecis:
784 1738 864 1794 illi
892 1749 1065 1794 autem
1093 1738 1391 1811 quarebant
1413 1735 1644 1791 occidere
1659 1751 1796 1789 eum.
1816 1731 1969 1798 Quod
1987 1747 2106 1786 cum

516 1831 888 1902 cognovissent
931 1829 1140 1899 fratres,
1171 1828 1497 1884 deduxerunt
1523 1841 1642 1879 eum
1684 1821 1981 1879 Caesaream
2004 1861 2020 1886 ,
2055 1828 2104 1878 et
2133 1822 2181 1884 Β

534 1922 846 1977 dimiserunt
881 1920 1079 1976 Tharso
1126 1921 1194 1993 (v.
1225 1919 1296 1975 28
1342 1917 1499 1991 seq.).
1526 1916 1627 1973 Hic
1673 1924 1853 1971 autem
1884 1915 2015 1970 dicit
2051 1928 2109 1972 se

533 2015 768 2085 primum
806 2015 916 2070 isse
958 2015 1013 2069 in
1055 2013 1310 2069 Arabiam
1361 2011 1503 2085 (Cal.
1554 2027 1615 2076 ι,
1655 2009 1770 2083 17),
1812 2016 1867 2067 et
1911 2009 2110 2064 lterum

532 2120 811 2163 reversum
861 2106 1201 2172 Damascum,
1251 2112 1373 2176 post
1402 2104 1691 2160 triennium
1719 2101 1929 2157 venisse
1958 2097 2111 2154 Jero-

534 2197 818 2270 solymam,
845 2197 1046 2253 vidisse
1074 2196 1313 2262 Petrum,
1356 2204 1559 2252 etcum
1586 2210 1651 2252 eo
1691 2194 1956 2249 mansisse
1999 2191 2111 2248 die»-

530 2286 636 2343 hus
654 2287 984 2358 quindecim,
1007 2303 1108 2343 nec
1122 2295 1320 2357 prater
1341 2284 1598 2342 Jacobum
1622 2283 1843 2339 fratrem
1870 2281 2107 2346 Domini,

536 2377 767 2433 alterum
808 2378 1143 2448 cognovisse.
1174 2376 1303 2444 Qua:
1348 2384 1408 2432 ut
1434 2390 1561 2432 vera
1607 2376 1896 2432 credantur
1923 2371 2106 2443 (dubia

531 2470 732 2539 quippe
776 2468 949 2523 videri
1000 2467 1312 2523 absentibus
1359 2466 1652 2537 poterant),
1697 2466 1797 2520 sub
1823 2463 2111 2518 testatione

532 2560 839 2627 conﬁrmat,
870 2559 1093 2615 dicens:
1137 2540 1269 2625 Qua:
1302 2568 1476 2613 autem
1522 2556 1640 2611 dico
1677 2554 1839 2621 vobis,
1875 2570 1990 2609 ecce
2022 2569 2117 2611 co-.

532 2667 650 2706 ram
694 2650 823 2717 Deo,
846 2651 972 2722 quia
1012 2667 1116 2705 non
1142 2652 1353 2705 mentior
1392 2649 1555 2722 (Ibid.
1585 2667 1632 2704 v.
1672 2647 1787 2719 ΞΟ).
1817 2645 2110 2703 Possumus

530 2743 823 2809 aestimare,
871 2744 979 2799 isse
1012 2743 1227 2812 quidem
1250 2743 1476 2799 Paulum
1504 2740 1797 2798 secundum
1822 2738 1983 2795 Lucas
2024 2739 2107 2795 bi-

530 2835 758 2893 storiam
782 2837 837 2890 in
864 2832 1284 2905 Jerosoiymam,
1327 2848 1435 2888 non
1457 2831 1611 2903 quasi
1644 2830 1711 2886 ad
1737 2838 2108 2886 antecessores

531 2928 827 3000 apostolos,
853 2936 916 2985 ut
935 2928 1138 2999 aliquid
1161 2929 1230 2985 ab
1254 2926 1361 2982 illis
1386 2926 1636 2989 disceret,
1661 2922 1757 2980 sed
1778 2931 1837 2979 ut
1860 2937 2109 2995 persecu-

529 3023 699 3080 tionis
723 3023 983 3092 impetum
1013 3020 1328 3084 declinaret,
1350 3019 1442 3090 qui
1466 3018 1568 3074 sibi
1610 3017 1858 3074 Damasci
1885 3024 2107 3088 propter

528 3111 882 3184 Evangelium
908 3110 1111 3167 Christi
1134 3110 1311 3166 fuerat
1334 3109 1654 3175 concitatus,
1688 3117 1744 3164 et
1775 3106 1856 3165 sic
1891 3107 2106 3164 venisse

530 3166 945 3275 ieros‘oly-mam,
996 3201 1154 3272 quasi
1193 3200 1262 3255 ad
1311 3166 1688 3271 quamcunque
1714 3198 1880 3256 aliam
1912 3199 2106 3258 civita-
2129 3166 2181 3233 α

531 3301 671 3361 tem,
699 3302 756 3350 et
784 3294 910 3351 inde
934 3306 1061 3350 eum
1080 3291 1264 3348 statim
1288 3298 1510 3363 propter
1545 3290 1770 3347 insidias
1796 3291 2107 3357 recessisse,

535 3393 595 3441 et
645 3384 860 3440 venisse
898 3381 1158 3437 Arabiam
1206 3381 1321 3439 sive
1375 3381 1697 3437 Damascum
1716 3417 1734 3447 ,
1778 3388 1940 3452 atque
1986 3379 2112 3437 inde

532 3484 660 3549 post
689 3474 981 3532 triennium
1022 3474 1091 3530 ad
1136 3473 1425 3530 videndum
1463 3471 1683 3529 Petrum
1718 3469 2111 3544 Jerosolymam

532 3568 845 3626 revertisse.
877 3566 978 3624 Vel
1019 3575 1170 3623 certe
1198 3567 1292 3623 ita.
1327 3566 1521 3623 Statim
1548 3567 1641 3623 ubi
1684 3566 1987 3635 baptizatus
2020 3565 2108 3630 sit,

532 3673 591 3722 et
617 3669 841 3734 accepto
864 3662 988 3719 cibo
1008 3662 1364 3727 confortatus,
1390 3661 1560 3718 fuisse
1579 3677 1705 3719 eum
1725 3677 1852 3720 cum
1875 3662 2114 3732 discipu-

530 3753 623 3823 lis,
654 3753 747 3824 qui
771 3760 930 3809 erant
955 3754 1223 3822 Damasci,
1258 3769 1357 3824 per
1394 3754 1512 3810 dies
1542 3753 1770 3824 aliquot,
1798 3760 1855 3810 et
1894 3761 2113 3824 stupen-

533 3846 683 3902 tibus
726 3846 938 3902 cunctis
994 3846 1053 3900 in
1098 3846 1387 3917 synagogis
1432 3844 1744 3900 Judzeorum
1791 3845 2115 3914 praedicasse

534 3938 816 4004 continuo,
840 3938 988 4007 quod
1011 3936 1166 3993 Jesus
1193 3948 1337 3993 esset
1352 3936 1522 3993 Filius
1548 3937 1664 4005 Dei,
1698 3946 1754 3993 et
1780 3945 1910 3993 tunc
1928 3937 2034 3994 isse
2059 3938 2114 3993 in

531 4026 810 4093 Arabiam,
837 4035 895 4084 et
916 4027 982 4085 de
1021 4027 1223 4084 Arabia
1265 4027 1585 4083 Damascum
1612 4027 1919 4094 revertisse,
1958 4036 2015 4082 et
2041 4026 2115 4084 ibi

533 4120 731 4177 fecisse
769 4120 1084 4185 triennium,
1112 4135 1249 4189 quos
1269 4119 1386 4175 dies
1424 4118 1623 4176 multos
1651 4119 1927 4190 Scriptura
1951 4127 2116 4175 testa-

533 4221 648 4281 tur,
676 4214 897 4271 diceus:
932 4214 1064 4270 Cum
1090 4212 1433 4286 implerentur
1456 4223 1630 4268 autem
1654 4212 1765 4268 dies
1795 4212 1967 4278 multi,
1991 4228 2116 4269 con-

533 4306 718 4363 silium
745 4306 977 4377 fecerunt
1000 4305 1200 4371 Judaei,
1230 4315 1287 4360 ut
1307 4322 1425 4360 eum
1447 4305 1815 4375 interﬁcerent.
1844 4302 2000 4358 Nota:
2025 4320 2118 4359 au-

534 4407 643 4454 tem
670 4397 825 4468 facta
851 4408 974 4453 sunt
997 4396 1170 4453 Paulo
1195 4398 1402 4452 insidiae
1428 4414 1628 4463 eorum,
1656 4396 1715 4451 'et
1759 4395 2115 4451 custodiebant

2205 546 2328 604 Scio
2359 548 2484 618 quia
2511 564 2615 603 non
2646 547 2845 604 habitat
2876 547 2934 604 in
2965 564 3067 616 me,
3094 548 3326 619 haereat,
3346 549 3406 604 in
3440 566 3601 605 carne
3637 568 3754 617 mea,

2202 637 2395 693 bonum
2424 637 2603 712 (Rom.
2630 654 2731 706 vn,
2762 637 2889 711 l8)?

2834 745 3137 787 RESPONSIO.

2276 820 2402 879 Eme
2429 836 2549 891 qua:
2575 821 2679 877 sibi
2711 820 2961 877 videntur
2983 820 3275 887 contraria,
3311 820 3390 877 ita
3422 834 3457 875 a
3482 819 3646 876 beato
3668 819 3760 873 Au-

2205 917 2421 990 gustino
2464 917 2762 982 solvuntur,
2794 915 2888 970 ubi
2922 922 3110 971 contra
3151 914 3427 970 Iulianum
3468 913 3762 982 disputans,

2206 1009 2281 1064 ait
2307 1008 2445 1081 (Lib.
2491 1025 2567 1076 γι,
2597 1026 2741 1064 num.
2770 1007 2858 1081 71)
2889 1026 2901 1060 :
2937 1026 2956 1060 ι
3005 1007 3123 1063 Νοιι
3148 1015 3231 1063 est
3270 1007 3612 1063 contrarium
3648 1006 3765 1061 sicut

2204 1111 2384 1172 putas,
2414 1109 2474 1156 ut
2499 1101 2591 1172 qui
2613 1101 2763 1167 dicit,
2798 1098 2919 1154 Vivo
2932 1100 3050 1170 jam
3076 1116 3177 1155 non
3199 1116 3312 1169 ego,
3339 1098 3460 1152 vivit
3484 1113 3602 1151 vero
3633 1097 3683 1149 in
3699 1112 3766 1150 me

2207 1194 2467 1261 Christus,
2492 1194 2635 1251 dicat
2673 1194 2855 1261 etiam,
2906 1192 3029 1250 Scio
3058 1194 3183 1264 quia
3229 1210 3335 1249 non
3362 1192 3573 1247 habitat
3600 1192 3655 1245 in
3680 1208 3765 1257 me,

2207 1288 2304 1342 hoc
2325 1298 2422 1354 est,
2448 1290 2503 1343 in
2527 1304 2684 1342 carne
2723 1304 2858 1355 mea,
2891 1286 3102 1341 bonum.
3132 1287 3193 1341 in
3216 1272 3478 1356 quantum
3506 1286 3699 1356 quippe
3723 1284 3768 1338 in

2210 1379 2302 1438 illo
2350 1381 2484 1436 vivit
2521 1380 2788 1445 Christus,
2838 1379 2893 1436 in
2922 1388 3130 1434 tantum
3159 1386 3431 1449 expugnat
3471 1387 3528 1433 et
3573 1385 3772 1447 superat

2209 1472 2354 1546 quod
2379 1487 2487 1529 non
2530 1472 2741 1529 habitat
2772 1472 2972 1528 bonum
2997 1471 3053 1526 in
3082 1469 3196 1539 ejus
3220 1485 3406 1535 carne,
3438 1470 3536 1524 sed
3568 1467 3768 1522 malum.

2209 1560 2393 1633 Neque
2416 1563 2563 1618 enim
2589 1572 2734 1619 recte
2768 1560 3088 1632 cujusquam
3121 1561 3346 1631 spiritus
3391 1559 3721 1628 concupiscit
3749 1572 3769 1599 δ

2218 1654 2477 1711 adversus
2507 1668 2726 1711 carnem
2746 1669 2900 1709 suam
2923 1650 3067 1725 (Gal.
3094 1668 3148 1717 v,
3182 1651 3294 1723 i7),
3315 1651 3422 1709 nisi
3444 1650 3712 1707 habitaret
3727 1650 3774 1706 in

2214 1744 2560 1817 illo-Spiritus
2573 1753 2793 1802 sanctus
2813 1744 2843 1785 δ
2860 1782 2877 1798 .
2899 1762 2919 1799 ι

2732 1850 3136 1893 INTERROGATIO
3172 1847 3284 1891 ιιι.

2280 1925 2416 1983 Cum
2453 1923 2654 1981 Paulus
2679 1922 2891 1980 Galatis
2920 1922 3217 1993 praedicet:
3250 1920 3311 1975 Si
3342 1918 3777 1974 circumcidamini

2212 2014 2448 2073 Christus
2469 2015 2608 2073 vobis
2633 2013 2765 2071 nihil
2786 2013 2993 2086 prodest
3017 2010 3209 2084 (Ibid.,
3234 2010 3313 2081 Ξ),
3342 2009 3620 2080 quomodo
3646 2008 3778 2078 quasi

2209 2110 2531 2168 econtrario
2562 2108 2824 2165 Romanis
2849 2106 3147 2179 pmdicare
3166 2102 3421 2173 videtur.‘
3450 2100 3779 2156 Circumcisio

2208 2201 2417 2273 quidem
2438 2200 2674 2273 prodest,
2700 2200 2747 2256 si
2775 2198 2937 2268 legem
2969 2194 3235 2251 custodias
3266 2192 3445 2265 (Rom.
3476 2207 3545 2257 ιι,
3572 2191 3701 2262 ‘25)?
3726 2190 3781 2243 Et

2210 2290 2349 2349 infra
2379 2309 2391 2344 :
2430 2288 2570 2357 Quid
2599 2306 2719 2361 ergo
2740 2285 2962 2360 amplius
2982 2293 3056 2342 est
3080 2284 3314 2342 Juda'o?
3343 2292 3431 2337 aut
3451 2299 3576 2355 qum
3602 2281 3781 2335 utilitas

2210 2378 2663 2435 circumcisionis?
2686 2376 2914 2431 Multum
2940 2392 3031 2447 per
3052 2390 3258 2429 omnem
3279 2372 3514 2427 modum.
3556 2369 3782 2423 Primum

2207 2468 2415 2540 quidem
2442 2470 2568 2541 quia
2592 2468 2791 2524 credita
2818 2476 2937 2522 sunt
2963 2464 3091 2530 illis,
3123 2473 3229 2518 etc.
3262 2462 3440 2535 (Rom.
3473 2477 3565 2527 ιιι,
3602 2461 3656 2524 1,
3681 2459 3751 2529 2).

2858 2572 3101 2613 BESPONS!
3109 2573 3161 2612 0.

2277 2650 2403 2709 Hinc
2446 2652 2552 2708 duo
2580 2666 2702 2724 qum
2749 2650 2852 2708 sibi
2881 2650 3132 2704 videntur
3153 2661 3274 2704 esse
3320 2644 3620 2707 contraria,
3654 2644 3721 2698 ita
3758 2658 3784 2695 a

2208 2744 2368 2800 beato
2420 2742 2747 2813 Hieronymo
2798 2739 3080 2797 solvuntur
3133 2737 3269 2810 (Lib.
3303 2752 3345 2793 ιι
3399 2734 3693 2790 Comment.
3738 2733 3786 2784 ἱιι

2207 2833 2379 2906 Epist.
2414 2834 2483 2887 ad
2501 2831 2644 2897 Gal.,
2674 2849 2789 2903 cap.
2814 2847 2865 2897 v,
2890 2830 2947 2902 2)
2977 2849 2988 2885 :
3030 2847 3049 2881 ι
3084 2828 3141 2883 Si
3161 2829 3307 2884 enim
3332 2826 3416 2884 his
3439 2825 3532 2895 qui
3568 2825 3786 2880 circum—

2208 2927 2307 2985 clsl
2353 2934 2480 2982 sunt
2522 2924 2772 2981 Christus
2816 2923 2949 2979 nihil
2991 2923 3250 2994 prodest,
3315 2918 3589 2990 quomodo
3631 2917 3787 2988 legem

2208 3020 2636 3076 custodientlbus
2651 3019 2871 3091 prodest
2891 3016 3231 3074 circumcisio
3243 3015 3267 3069 ?
3278 3013 3430 3082 Quod
3450 3012 3674 3082 quidem
3695 3011 3786 3065 hac

2208 3113 2566 3184 responsione
2595 3111 2841 3179 solvitur,
2870 3119 2931 3167 ut
2981 3111 3223 3167 dicamus
3259 3107 3557 3179 Epistolam
3586 3121 3708 3176 quae
3728 3101 3787 3158 ad

2211 3203 2483 3263 Romanos
2516 3207 2716 3278 scripta
2750 3213 2854 3272 est,
2891 3204 2956 3260 ad
2987 3219 3082 3259 eos
3130 3218 3251 3259 esse
3284 3202 3546 3257 directam
3593 3200 3684 3269 qui
3724 3213 3785 3253 ex

2211 3296 2410 3356 ludatis
2433 3298 2805 3370 Gentibusque
2828 3296 3202 3363 crediderant;
3238 3304 3297 3350 et
3327 3295 3430 3351 hoc
3459 3293 3641 3364 egisse
3660 3292 3787 3346 Pau~

2210 3390 2344 3457 lum,
2375 3398 2437 3445 ut
2488 3398 2682 3446 neuter
2724 3388 2955 3461 populus
3002 3386 3393 3453 offenderetur,
3440 3400 3547 3455 quo
3588 3383 3785 3438 scilicet

2211 3494 2369 3540 suum
2398 3489 2627 3550 utraque
2655 3480 2808 3553 plebs
2845 3478 3185 3551 privilegium
3226 3476 3551 3549 possideret,
3597 3483 3661 3529 ut
3697 3487 3788 3528 nec

2211 3572 2453 3632 Gentiles
2498 3572 3046 3636 circumciderentur,
3084 3586 3184 3626 nec
3226 3566 3535 3626 circumcisi
3566 3564 3788 3621 adduce-

2213 3675 2336 3724 rent
2378 3666 2721 3736 prmputlum.
2760 3664 2845 3719 Ad
2885 3663 3106 3720 Galatas
3151 3670 3334 3718 autem
3383 3661 3650 3729 scribens,
3689 3657 3787 3714 alio

2213 3773 2345 3815 usus
2388 3756 2461 3813 sit
2500 3764 2838 3826 argumento.
2884 3754 3003 3811 Non
3030 3755 3174 3809 enim
3219 3762 3374 3809 erant
3418 3768 3485 3808 ex
3512 3750 3789 3806 circumci-

2214 3850 2386 3914 sione,
2413 3850 2507 3906 sed
2537 3863 2602 3904 ex
2626 3846 2907 3911 Gentibus,
2939 3846 3028 3917 qui
3060 3845 3427 3909 crediderant,
3451 3859 3550 3900 nec
3584 3849 3788 3913 poterat

2215 3941 2296 3997 eis
2322 3942 2580 4011 prodesse
2606 3938 2967 4004 circumcisio,
2992 3938 3083 4009 qui
3109 3945 3230 4007 post
3258 3935 3538 4008 Evangelii
3568 3934 3791 4005 gratiam

2217 4031 2410 4087 iterum
2455 4032 2522 4086 ad
2567 4030 2757 4102 legalis
2787 4037 3187 4086 reverterentur
3229 4028 3499 4084 elementa
3532 4024 3674 4099 (Cal.
3717 4038 3788 4086 tv,

2216 4123 2293 4195 9).
2318 4123 2383 4178 Et
2404 4123 2457 4178 in
2487 4123 2711 4180 Actibus
2734 4122 3099 4193 apostolorum
3124 4121 3259 4196 (Act.
3293 4137 3383 4183 xv,
3412 4121 3436 4174 i
3464 4118 3594 4191 seq.)
3612 4123 3792 4170 narrat

2217 4215 2459 4279 historia,
2484 4229 2606 4269 cum
2633 4214 2850 4285 quidam
2874 4213 2940 4269 de
2963 4212 3375 4269 circumcisione
3403 4218 3684 4280 surgentes
3709 4221 3791 4259 as-

2217 4305 2515 4361 seruissent
2556 4319 2650 4360 eos
2679 4304 2772 4375 qui
2816 4318 2882 4359 ex
2930 4302 3192 4360 Gentibus
3218 4301 3559 4357 crediderant
3599 4297 3793 4353 debere

2216 4397 2550 4463 circumcidi,
2595 4405 2652 4452 et
2676 4397 2850 4473 legem
2887 4394 3162 4452 custodire
3192 4393 3396 4464 Moysi,
3423 4393 3665 4446 seniores
3705 4388 3791 4457 qui

535 4498 719 4562 portas
750 4489 836 4582 die
862 4506 925 4545 ac
956 4498 1123 4555 nocte,
1157 4498 1215 4543 ut
1245 4505 1361 4545 eum
1396 4488 1762 4558 interﬁcerent.
1793 4486 2115 4556 Accipientes
2142 4522 2193 4582 Β
2218 4492 2274 4546 in
2328 4487 2677 4560 Jerosolymis
2729 4497 2883 4544 erant
2920 4497 2974 4543 et
3017 4487 3290 4558 apostolos
3331 4485 3535 4556 pariter
3570 4498 3794 4552 congre-

537 4585 713 4632 autem
762 4577 1007 4651 discipuli
1058 4580 1174 4650 ejus
1217 4588 1382 4647 nocte,
1420 4595 1512 4650 per
1557 4593 1765 4631 murum
1804 4577 2113 4631 dimiserunt
2143 4571 2185 4582 "
2220 4589 2376 4652 gatos
2413 4580 2669 4635 statuisse
2713 4594 2813 4649 per
2860 4580 3069 4635 litteras
3114 4592 3183 4633 ne
3231 4584 3682 4646 superponeretur
3719 4571 3794 4626 eis

537 4684 655 4722 eum
682 4708 699 4734 ,
745 4671 1103 4725 submittentes
1157 4671 1216 4726 in
1274 4680 1470 4742 sporta.
1498 4669 1630 4724 Cum
1671 4677 1844 4723 autem
1901 4667 2117 4721 venisset

537 4758 855 4827 Jerusalem,
921 4762 1152 4817 tentabat
1201 4762 1515 4833 conjungere
1571 4777 1626 4815 se
1681 4776 1799 4814 cum
1848 4757 2118 4828 discipulis

540 4854 681 4927 (Act.
733 4865 810 4919 ιι,
857 4851 930 4910 25
969 4852 1123 4925 seq.).
1170 4853 1372 4909 Lucam
1404 4865 1534 4908 vero
1577 4850 1781 4906 idcirco
1826 4849 1891 4905 de
1920 4848 2119 4904 Arabia

537 4946 869 5017 prieterisse,
891 4946 1016 5016 quia
1048 4946 1274 5002 forsitan
1314 4945 1453 5002 nihil
1477 4944 1695 5015 dignum
1722 4941 2025 5012 apostolatu
2060 4940 2118 4995 in

536 5034 741 5092 Arabia
764 5044 1121 5105 perpetraret,
1150 5045 1206 5092 et
1236 5050 1300 5091 ea
1320 5036 1501 5107 potius
1523 5031 1899 5103 compendiosa
1923 5046 2115 5085 narra-

539 5122 691 5179 tione
714 5125 935 5193 dixisse,
966 5140 1087 5196 quze
1129 5126 1290 5197 digna
1313 5125 1512 5182 Christi
1552 5123 1844 5195 Evangelio
1866 5123 2122 5179 videban-

538 5225 653 5277 tur.
667 5215 779 5272 Nec
798 5217 903 5275 hoc
922 5218 1162 5290 segnitia:
1186 5219 1416 5291 apostoli
1441 5219 1820 5289 deputandum,
1846 5218 1894 5277 si
1914 5216 2119 5273 frustra

539 5308 600 5373 in
623 5306 823 5377 Arabia
845 5321 1089 5367 moratus
1110 5310 1215 5377 sit;
1239 5311 1335 5367 sed
1352 5310 1496 5381 quod
1516 5311 1695 5381 aliqua
1716 5311 2048 5381 dispensatio
2065 5316 2123 5365 et

541 5400 641 5456 Dei
660 5411 990 5473 praeceptum
1022 5401 1182 5459 fuerit
1206 5411 1262 5457 ut
1289 5410 1511 5459 taceret.
1544 5422 1563 5457 ι

1044 5508 1443 5549 ιιιτειιιιοωτιο
1476 5506 1628 5549 LVIII.

611 5581 750 5639 Cum
786 5583 986 5640 Paulus
1011 5582 1285 5652 apostolus
1310 5585 1376 5639 de
1404 5601 1464 5640 se
1484 5585 1647 5651 dicat,
1682 5581 1808 5638 Vivo
1844 5585 1969 5656 jam
2018 5602 2122 5641 non

542 5692 657 5747 qn,
692 5678 811 5732 vivit
838 5693 956 5731 vero
983 5676 1043 5729 in
1063 5691 1146 5729 nte
1171 5675 1407 5731 Christus
1429 5674 1577 5746 (Gal.
1609 5690 1668 5741 ιι,
1692 5674 1784 5747 20)
1812 5689 1827 5729 :
1855 5677 2122 5746 quomodo

513 5866 548 5899 Ἀ
617 5801 643 5830 ι
672 5787 842 5852 ﬁdit,
873 5788 1273 5845 commiscem.

2213 4671 2403 4742 iugum
2432 4669 2587 4742 legis,
2621 4686 2724 4726 nec
2747 4671 2979 4741 amplius
2999 4671 3367 4733 observarent,
3399 4668 3501 4725 nisi
3526 4676 3582 4722 ut
3608 4674 3790 4721 custo-

2217 4761 2404 4816 dirent
2421 4775 2488 4815 se-
2510 4769 2721 4816 tantum
2752 4762 2820 4817 ab
2843 4760 3180 4831 idolothytis,
3222 4768 3277 4814 et
3298 4775 3329 4813 a
3356 4759 3632 4828 sanguine,
3673 4765 3730 4812 et
3763 4770 3791 4808 a

2218 4850 2592 4918 fornicatione,
2620 4850 2753 4917 sive,
2783 4859 2844 4906 ut
2871 4851 2923 4906 in
2955 4850 3226 4905 nonnullis
3246 4848 3641 4918 exemplaribus
3663 4845 3797 4900 scri-

2215 4950 2368 5013 ptum
2397 4950 2501 5008 est,
2528 4949 2583 4998 et
2623 4956 2655 4996 a
2683 4940 2980 4997 suffocatis.
3004 4940 3073 4995 Et
3112 4954 3182 4995 ne
3203 4939 3439 4995 resideat
3462 4939 3565 4993 ulla
3589 4937 3798 4992 dubita-

2218 5034 2317 5100 tio,
2368 5033 2509 5105 quod
2536 5032 2879 5089 circumcisio
2905 5030 3039 5088 nihil
3078 5030 3281 5101 prosit,
3312 5029 3406 5085 sed
3442 5036 3660 5100 propter
3700 5040 3796 5082 eos

2218 5129 2312 5199 qui
2333 5145 2403 5185 ex
2426 5128 2626 5185 Iudaeis
2652 5126 2993 5183 crediderant
3022 5125 3088 5181 ad
3110 5124 3385 5181 Romanos
3424 5124 3490 5179 de
3510 5121 3795 5177 circumci-

2220 5218 2375 5274 sione
2422 5218 2744 5274 sententiam
2774 5216 3118 5287 temperarit,
3161 5213 3424 5286 paulatim
3451 5212 3518 5268 ad
3543 5209 3796 5281 Epistula:

2220 5315 2454 5386 ejusdem
2479 5314 2779 5384 posteriora
2799 5314 3155 5379 descendens,
3183 5324 3282 5366 nec
3304 5306 3796 5369 circumcisionem,

2218 5421 2320 5462 nec
2347 5405 2667 5475 prmputium
2708 5404 2913 5475 aliquid
2947 5405 3131 5459 valere
3170 5401 3513 5466 monstravit,
3551 5398 3743 5454 dicens
3780 5412 3795 5447 :

2222 5495 2559 5551 Circumcisio
2596 5496 2772 5566 itaque
2798 5494 2930 5549 nihil
2956 5502 3063 5562 est,
3097 5502 3145 5549 et
3169 5493 3482 5563 prwputium
3518 5485 3642 5544 nihil
3676 5495 3762 5540 est
3783 5545 3799 5563 ο

2219 5587 2310 5642 sed
2331 5588 2619 5643 observatio
2658 5586 3028 5642 mandatorum
3064 5582 3164 5640 Dei
3197 5583 3270 5658 (1
3297 5584 3422 5640 Car.
3448 5598 3542 5646 vn,
3576 5576 3692 5647 i9).
3742 5578 3801 5631 lu

2223 5685 2430 5733 tantum
2475 5677 2621 5734 enim
2663 5678 3006 5733 circumcisio
3050 5674 3187 5735 nihil
3229 5685 3332 5743 est,
3386 5684 3442 5731 ut
3487 5667 3803 5728 lsracliticra

2295 5790 2321 5830 ι)
2347 5787 2514 5854 Εᾶίι.,
2560 5786 2787 5857 Spiritus
2811 5787 3024 5846 Christi.
