3974 6306
203 331 312 432 sos

1197 363 1709 421 ΑΝῘΙΚΕῙΜΕΝΩΝ
1747 361 1925 418 LIBRI
1966 361 2124 417 DUO.
2167 390 2236 400 -——
2274 359 2403 415 LIB.
2447 360 2490 416 II

3349 367 3456 426 694
3521 415 3532 428 ρ

203 497 424 555 quoque
443 479 629 536 domui
651 494 709 534 se
731 477 1140 535 circumcisione
1155 475 1377 545 iactanti
1406 475 1540 531 nihil
1562 473 1773 544 profne-
1803 475 1848 536 Α
1877 471 2146 536 charitate,
2177 479 2222 524 ct
2272 471 2457 540 spiritu
2506 472 2918 527 mansuetudinis
2955 473 3008 543 (I
3041 474 3162 529 Cor.
3197 493 3284 542 iv,
3323 478 3454 551 at)?

203 577 299 638 rit,
328 571 590 643 propheta
639 577 1010 626 memorante:
1055 565 1245 623 Omnes
1275 577 1448 638 gentes
1490 567 1777 621 incircum-

202 666 330 720 cisa:
357 679 534 726 carne,
573 661 759 716 domus
804 669 976 714 autem
1021 657 1188 712 Israel
1211 657 1577 712 incucumcisa
1624 654 1780 708 corde

203 756 342 829 (Jer.
371 771 448 821 ix,
476 753 599 825 ‘26);
629 761 684 810 et
712 751 1119 809 incircumcisus
1143 749 1530 806 Melchisedech
1553 747 1779 802 circum-

200 848 377 904 cisum
407 845 752 904 benediceret
770 843 1041 900 Abraham
1067 839 1220 914 (Gen.
1251 857 1362 908 xiv,
1389 840 1498 910 I9).
1535 859 1554 893 ι

710 948 1110 990 ικτιῖιιιιοϐλτιο
1149 947 1238 987 ιχ.

155 1034 167 1046 ⁸
270 1029 411 1086 Cum
441 1029 638 1086 Paulus
663 1025 935 1100 apostolus
962 1027 1017 1080 in
1047 1023 1271 1095 epistola
1298 1021 1362 1077 ad
1395 1020 1612 1078 Galatas
1633 1035 1780 1090 prae-

197 1123 362 1188 dicet,
394 1121 602 1185 dicens,
636 1119 773 1186 Quia
803 1120 848 1174 si
873 1115 1337 1179 circumcidamini,
1363 1112 1598 1168 Christus
1635 1111 1774 1165 vobis

197 1209 332 1264 nihil
355 1209 563 1282 prodest
586 1207 728 1280 (Gal.
753 1223 805 1273 v,
830 1207 884 1276 Ξ)
914 1225 926 1260 :
953 1223 1050 1262 cur
1071 1207 1126 1260 in
1154 1205 1376 1262 Actibus
1409 1201 1776 1272 apdstolorum

196 1281 388 1356 contra
411 1281 592 1356 ‘suam
636 1298 1072 1370 praedicationem
1117 1295 1363 1353 videatur
1406 1292 1600 1364 egisse,
1651 1307 1775 1347 cum

194 1389 544 1446 Timotheum
565 1388 679 1460 ipse
697 1387 1012 1460 discipulum
1040 1383 1374 1441 circumcidit
1397 1381 1534 1454 (Act.
1561 1397 1668 1446 xw,
1695 1381 1776 1451 5)?

838 1487 1138 1530 RESPONSIO.

265 1565 516 1637 Utraque
539 1564 790 1636 prudenti
833 1563 1144 1632 salubrique
1171 1559 1396 1617 consilio
1421 1559 1475 1614 in
1509 1555 1773 1628 principio

190 1659 475 1713 nascentis
515 1657 769 1713 Ecclesiae
791 1664 910 1712 acta
937 1663 1080 1722 sunt,
1123 1661 1183 1710 ut
1207 1662 1261 1710 et
1290 1651 1522 1709 carnalis
1545 1651 1773 1707 circum-

1880 597 2160 640 nesronsro
2183 583 2284 655 (Ex
2312 583 2773 725 Ilieroticyt'lir’i.,vllib.i
2784 601 2855 724 )m
2880 586 2936 640 in
2962 585 3131 656 Epist.
3157 589 3226 642 ad
3251 586 3456 656 Galat.,

2599 693 2612 708 .
2709 693 2724 720 ,
2813 693 2826 707 .

2599 693 2612 708 0
2659 693 2724 720 'l’
2754 693 2826 720 ιΙο

1951 743 2008 800 Si
2036 745 2180 801 enim
2208 743 2280 800 ibi
2307 745 2373 801 ad
2411 753 2722 815 peccatores
2747 761 2856 802 non
2891 748 2946 802 in
2974 747 3166 819 spiritu
3200 765 3454 808 mansue-

1878 836 2100 903 tudinis,
2128 836 2222 892 scd
2245 837 2299 892 in
2322 837 2472 909 virga
2505 854 2564 894 se
2588 839 2773 895 venire
2816 828 2964 908 dicit,
3005 843 3274 912 quomodo
3309 861 3453 900 nunc

1877 925 1984 983 illis
2008 925 2101 997 qui
2125 927 2179 982 in
2209 927 2389 1000 aliquo
2426 938 2648 1000 peccato
2673 933 2931 1000 praeventi
2962 933 3184 1000 fuerint,
3213 951 3317 992 non
3347 937 3450 992 vir-

1877 1032 1998 1088 gam
2039 1017 2276 1086 adhibet,
2329 1017 2423 1074 sed
2459 1020 2704 1090 spiritum
2748 1022 3210 1080 mansuetudinis?
3255 1025 3453 1082 Verum

1877 1105 1952 1161 ibi
1985 1105 2053 1160 ad
2081 1120 2174 1162 eos
2201 1106 2397 1162 dicitur
2417 1108 2527 1178 qui,
2552 1117 2673 1179 post
2699 1119 2978 1180 peccatum
3022 1127 3131 1168 non
3158 1114 3453 1172 sentientes

1875 1212 2114 1253 errorem
2149 1213 2322 1262 suum,
2371 1198 2624 1255 nolebant
2655 1199 2948 1270 majoribus
2973 1203 3150 1270 subdi,
3189 1213 3243 1260 et
3278 1204 3447 1274 poeni-

1875 1290 2044 1345 tentia
2069 1291 2286 1362 corrigi.
2323 1291 2422 1348 Ubi
2450 1307 2578 1348 vero
2601 1300 2872 1363 peccator,
2912 1293 3214 1367 intelligens
3255 1295 3447 1351 vulnus

1875 1394 2048 1444 suum,
2110 1380 2332 1436 tradidit
2373 1381 2581 1438 medico
2623 1397 2682 1438 se
2727 1385 3042 1448 curandum,
3091 1384 3165 1440 ibi
3208 1401 3317 1442 non
3361 1396 3446 1442 est

1874 1466 2021 1538 virga
2046 1469 2366 1534 necessaria,
2391 1469 2484 1524 sed
2507 1469 2728 1540 spiritus
2760 1469 3014 1528 lenitatis.

2361 1578 2764 1622 INTERROGATIO
2800 1581 2934 1622 LXII.

1944 1650 2078 1709 Cum
2111 1652 2167 1710 in
2195 1651 2433 1724 Epistola
2463 1653 2529 1710 ad
2559 1653 2776 1711 Galatas
2797 1655 3074 1726 prascipiat
3116 1655 3332 1722 Paulus,
3363 1657 3444 1712 di-
3536 1691 3552 1703 ρ

191 1747 332 1802 cisio
361 1747 414 1802 in
446 1745 660 1802 Christo
703 1738 944 1817 impleta,
980 1745 1304 1816 praedicante
1339 1741 1626 1814 Apostolo,
1657 1741 1772 1811 jam
1875 1755 2003 1796 cens
2036 1740 2221 1796 :Alter
2265 1741 2481 1798 alterius
2516 1759 2674 1798 onera
2710 1751 2911 1814 portate
2955 1743 3109 1816 (Gal.
3145 1762 3220 1812 vr,
3253 1745 3307 1814 2,
3355 1745 3445 1818 5),

191 1851 416 1889 cessare
440 1835 678 1899 deberet,
707 1844 761 1890 et
790 1844 968 1890 tamen
1001 1835 1056 1891 in
1081 1835 1272 1906 primis
1292 1834 1400 1890 illis
1427 1831 1779 1894 Christianis;
1807 1821 1850 1888 Β
1877 1827 2144 1898 quomodo
2177 1830 2329 1899 quasi
2367 1844 2398 1884 e
2430 1832 2702 1887 contrario
2741 1833 2953 1890 videtur
2981 1834 3035 1889 in
3075 1834 3447 1906 subsequenti-

192 1923 290 1992 qui
314 1939 383 1978 ex
412 1924 824 1980 circumcisione
861 1925 1218 1992 crediderant,
1251 1933 1438 1980 contra
1460 1925 1773 1980 diuturnam
1876 1919 1977 1975 bus
2020 1919 2197 1976 dicere
2239 1937 2251 1974 :
2296 1917 2661 1992 Unusquisque
2707 1940 2836 1978 onus
2887 1940 3040 1979 suum
3085 1925 3352 1996 portabit?
3394 1923 3452 1980 Si

189 2016 647 2072 consuetudinem
669 2032 776 2072 non
805 2017 985 2073 statim
1013 2017 1192 2080 carnis
1225 2017 1568 2073 circumcisio
1599 2015 1777 2086 prohi-

187 2107 439 2178 beretur,
468 2121 535 2161 ne
559 2121 624 2185 εἰς
665 2107 769 2164 hoc
807 2106 1114 2163 scandalum
1159 2106 1410 2163 Ecclesia:
1439 2115 1772 2170 nasceretur,

190 2196 290 2252 sed
325 2195 587 2267 paulatim
621 2199 993 2268 persuadendo
1021 2197 1087 2252 ad
1129 2199 1459 2278 intellectum
1481 2197 1775 2269 perfectum

191 2287 543 2342 ducerentur.
580 2286 670 2343 Sic
695 2288 838 2343 enim
871 2287 938 2343 de
980 2286 1244 2356 ejusmodi
1292 2288 1587 2358 qumstione
1623 2287 1674 2341 in
1713 2285 1776 2340 li-

187 2375 310 2430 bris
356 2385 549 2450 contra
593 2376 851 2432 Faustum
905 2377 1094 2434 beatus
1141 2377 1376 2448 disputat
1422 2375 1770 2446 Augustinus.

189 2465 285 2520 Ait
314 2466 461 2520 enim
498 2466 637 2537 (Lib.
677 2483 794 2546 aut,
823 2485 937 2539 cap.
987 2466 1075 2540 I7)
1106 2482 1120 2522 :
1163 2487 1181 2520 ι
1217 2467 1426 2524 Primos
1475 2468 1597 2524 illos
1619 2468 1774 2523 Chri-

188 2557 422 2621 stianos,
474 2558 564 2627 qui
611 2573 678 2614 ex
708 2557 908 2614 Iudaeis
939 2559 1298 2625 crediderant,
1342 2561 1433 2630 qui
1480 2561 1774 2616 secundum

189 2647 335 2720 legis
381 2649 582 2705 veteris
623 2658 885 2720 praecepta
938 2653 1049 2706 nati
1099 2658 1254 2707 erant
1297 2659 1457 2720 atque
1509 2650 1769 2714 instituti,

184 2736 474 2806 jusserunt
505 2751 530 2780 δ
561 2754 654 2794 eos
680 2739 906 2812 apostoli
944 2741 1178 2809 patrium
1213 2741 1375 2794 ritum
1405 2739 1775 2796 traditionem-

189 2847 302 2902 que
332 2845 570 2896 servare,
603 2839 658 2886 ct
685 2847 780 2888 eos
810 2832 1006 2902 quibus
1049 2832 1151 2887 hoc
1191 2848 1325 2903 opus
1365 2841 1497 2897 erat,
1543 2840 1600 2888 ut
1647 2849 1774 2888 con-

189 2930 459 2995 gruerent
495 2922 709 2979 illorum
741 2925 979 2979 tarditati
1025 2925 1388 2995 moribusque,
1427 2932 1769 2980 monuerunt.

185 3015 324 3071 Inde
355 3023 439 3070 est
473 3017 614 3085 quod
659 3015 998 3072 Timotheum
1043 3015 1225 3072 Judaea
1275 3025 1448 3072 matre
1493 3024 1548 3070 et
1587 3015 1774 3071 Grmco

186 3114 355 3177 patre
381 3115 588 3173 natum,
621 3115 841 3176 propter
869 3105 990 3162 illos
1015 3106 1081 3161 ad
1108 3121 1242 3177 quos
1265 3106 1386 3160 talis
1408 3107 1436 3147 δ
1460 3121 1582 3161 cum
1602 3121 1667 3161 co
1685 3120 1774 3159 ve-

1876 2007 2019 2062 enim
2045 2009 2413 2080 unusquisque
2437 2026 2576 2066 onus
2604 2027 2760 2066 suum
2787 2015 3044 2082 portabit,
3069 2014 3207 2070 alter
3233 2014 3454 2070 alterius

1875 2113 2037 2154 onera
2059 2108 2274 2168 portare
2301 2117 2409 2157 non
2435 2104 2654 2172 poterit.

2141 2207 2424 2248 nssroasro
2453 2192 2560 2264 (Ea:
2584 2194 2724 2260 eod.,
2754 2193 2906 2261 ibid.,
2943 2195 3013 2250 ad
3042 2213 3088 2251 υ.
3115 2195 3193 2266 5).

1947 2281 2056 2338 Sed
2097 2282 2387 2339 videndum
2423 2283 2565 2353 quod
2602 2283 2674 2339 ibi
2709 2285 3028 2354 praeceperit
3061 2294 3120 2340 ut
3163 2294 3454 2354 peccantes

1875 2389 1974 2430 nos
2000 2371 2056 2428 in
2087 2372 2190 2428 hac
2215 2373 2324 2428 vita
2367 2373 2598 2430 invicem
2622 2382 3002 2441 sustentemus,
3035 2385 3088 2432 et
3119 2377 3175 2431 in
3196 2376 3454 2446 praesenti

1877 2461 2071 2519 saeculo
2100 2463 2420 2518 alterutrum
2453 2463 2652 2522 auxilio
2692 2464 2890 2532 simus;
2917 2465 3004 2521 hic
3031 2475 3208 2521 autem
3249 2465 3316 2521 de
3350 2465 3454 2520 Do-

1875 2552 2006 2626 mini
2033 2553 2177 2609 dicat
2198 2553 2252 2608 in
2276 2554 2668 2610 resurrectione
2689 2553 2908 2624 judicio,
2934 2554 3076 2626 quod
3099 2569 3207 2610 non
3228 2570 3291 2610 ex
3320 2555 3453 2611 alte-

1855 2620 1988 2701 .rius
2023 2653 2244 2714 peccato
2287 2651 2340 2700 et
2378 2646 2781 2716 comparatione
2819 2646 3124 2711 deterioris,
3169 2647 3262 2702 sed
3299 2646 3456 2716 juxta

1875 2743 2120 2790 nostrum
2161 2749 2294 2805 opus
2339 2745 2432 2791 aut
2465 2745 2778 2806 peccatores
2823 2735 2890 2792 ab
2927 2751 2993 2793 eo
3029 2735 3336 2808 judicemur
3366 2744 3458 2792 aut

1877 2827 2080 2893 sancti,
2132 2827 2422 2898 recipiente
2445 2842 2767 2908 unoquoque
2796 2827 3089 2884 secundum
3114 2843 3249 2898 opus
3276 2844 3452 2883 suum.

1875 2915 2113 2974 Obscure
2135 2917 2262 2972 licet
2288 2918 2543 2974 docemur
2565 2933 2662 2988 per
2685 2919 2824 2974 hanc
2851 2919 3226 2975 sententiolam
3254 2933 3451 2975 novum

1877 3007 2068 3078 dogma
2089 3009 2232 3078 quod
2255 3009 2450 3064 latitat.
2483 3009 2618 3064 Dum
2645 3010 2699 3065 in
2730 3011 2987 3080 praesenti
3021 3011 3218 3066 sacculo
3243 3025 3449 3074 sumus,

1877 3097 1990 3154 sive
2014 3099 2369 3165 orationibus,
2391 3099 2503 3156 sive
2519 3101 2756 3157 consiliis
2788 3101 3017 3157 invicem
3055 3116 3211 3171 posse
3233 3116 3331 3156 nos
3355 3101 3452 3156 ad-

187 3159 375 3260 ‘nerat,
398 3196 564 3250 etiam
599 3159 934 3252 circumcidit
955 3159 1242 3266 Apostolus
1265 3196 1399 3268 (Act.
1427 3213 1538 3262 xvi,
1564 3197 1588 3250 -I
1619 3195 1770 3267 seq.),
1801 3159 1845 3220 Ε
1874 3187 2077 3258 iuvari;
2123 3207 2246 3247 cum
2284 3205 2412 3248 vero
2449 3201 2573 3248 ante
2611 3192 2845 3274 tribunal
2883 3193 3082 3250 Christi
3123 3196 3454 3260 vent-rimus,

189 3293 364 3355 atque
394 3285 510 3356 ipse
536 3285 675 3340 inter
699 3285 792 3341 eos
820 3300 1025 3340 morem
1060 3296 1080 3324 ο
1135 3283 1437 3354 huiusmodi
1467 3283 1772 3349 custodivit,

188 3391 307 3431 non
339 3374 687 3432 simulatione
708 3374 904 3440 fallaci,
934 3377 1028 3432 sed
1051 3377 1276 3432 consilio
1292 3375 1568 3448 prudenti.
1594 3374 1779 3446 Neque

187 3463 346 3520 enim
383 3464 458 3518 ita
509 3465 665 3530 natis,
722 3472 776 3520 et
819 3465 894 3520 ita
940 3465 1201 3521 institutis
1249 3465 1409 3520 noxia
1457 3473 1610 3521 erant
1652 3465 1776 3530 ista,

189 3553 454 3624 quamvis
491 3552 603 3622 jam
632 3571 742 3611 non
769 3563 947 3610 essent
977 3554 1345 3624 signiﬁcandis
1372 3553 1568 3609 futuris
1593 3569 1780 3610 neces-

189 3644 366 3699 saria.
393 3642 565 3714 Magis
585 3645 779 3715 quippe
800 3645 1022 3700 noxium
1045 3653 1183 3710 erat,
1207 3645 1324 3700 haec
1345 3653 1599 3714 tanquam
1619 3645 1779 3700 noxia

189 3735 491 3804 prohibere
513 3735 568 3789 in
593 3735 678 3790 bis
707 3735 1015 3792 hominibus
1033 3751 1204 3807 usque
1236 3737 1302 3791 ad
1322 3751 1456 3808 quos
1471 3739 1664 3792 durare
1690 3737 1782 3794 de.

187 3823 459 3878 buerunt.
487 3821 748 3888 Quoniam
774 3821 1039 3890 Christus,
1065 3825 1155 3893 qui
1188 3833 1376 3882 omnes
1402 3824 1522 3881 illas
1551 3827 1782 3897 prophe-

187 3911 306 3966 tias
334 3911 564 3981 implere
605 3919 854 3978 venerat,
897 3913 974 3967 sic
1009 3927 1102 3969 eos
1125 3913 1367 3969 initiatos
1399 3913 1696 3978 invenerat,
1723 3923 1782 3968 ut

185 4002 310 4074 jam
335 4002 421 4074 ,αθ
445 4010 645 4058 caetero
675 4001 766 4072 qui
799 4003 943 4057 nulla
984 4003 1080 4058 tali
1111 4004 1507 4059 necessitudine
1537 4011 1784 4060 teneren-

189 4105 311 4158 tur,
360 4094 458 4150 sed
503 4109 566 4149 ex
595 4094 808 4150 diverso
837 4094 1002 4150 veluti
1028 4094 1256 4164 pariete,
1292 4093 1347 4150 id
1369 4103 1473 4162 est,
1517 4095 1784 4166 praeputio

191 4189 270 4242 ad
288 4187 444 4242 illum
467 4187 776 4257 angularem
801 4187 1158 4258 lapidem,qui
1185 4188 1433 4244 Christus
1456 4196 1540 4243 est
1565 4187 1780 4258 (Ephes.

189 4299 266 4345 ιι.
317 4279 408 4344 Η,
435 4279 555 4351 20),
583 4281 950 4347 convenirent,
983 4283 1052 4338 ad
1088 4281 1234 4336 nulla
1278 4280 1406 4336 talia
1443 4288 1779 4352 cogerentur.

193 4373 263 4427 Si
293 4379 480 4450 autem
523 4372 608 4426 his
643 4372 734 4440 qui
785 4386 850 4426 ex
889 4373 1300 4429 circumcisione
1342 4381 1630 4439 venerant,
1666 4372 1787 4428 tali-

191 4463 414 4532 busque
446 4463 802 4518 sacramentis
826 4463 1002 4520 adhuc
1023 4463 1188 4520 dediti
1217 4472 1370 4519 erant
1385 4505 1400 4529 ,
1423 4463 1564 4519 ultro
1590 4463 1786 4518 vellent

192 4554 349 4608 sicut
373 4552 688 4608 Timotheus
733 4552 975 4610 conferre
1003 4553 1425 4624 congruentiam,
1467 4568 1574 4608 non
1603 4552 1787 4620 prohi-

191 4644 488 4700 berentur.
515 4642 715 4698 Verum
751 4643 796 4698 si
831 4643 884 4697 in
912 4641 1214 4712 hujnsmodi
1241 4643 1376 4715 legis
1407 4643 1659 4713 operibus
1691 4658 1788 4712 pu-

192 4739 391 4786 tarent
424 4747 580 4796 suam
603 4747 752 4802 spem
788 4732 1122 4804 salutemque
1148 4721 1445 4800 contineri,
1475 4741 1728 4804 tanquam
1758 4749 1789 4786 a

191 4831 360 4880 certa
393 4822 642 4892 pernicie
677 4822 976 4898 vitarentur
995 4823 1042 4876 (ι.
1074 4823 1224 4880 Unde
1246 4821 1306 4879 'ct
1352 4823 1744 4898 illudApostoli
1773 4838 1786 4878 :

195 4913 350 4970 Ecce
393 4929 487 4982 ego
521 4911 723 4967 Paulus
753 4913 869 4968 dico
897 4914 1054 4978 vobis,
1107 4915 1228 4984 quia
1255 4915 1298 4968 si
1321 4915 1788 4979 circumcidamini,

197 5003 454 5059 Christus
474 5003 616 5058 vobis
637 5002 766 5058 nihil
783 5003 1028 5074 proderit.
1065 5023 1082 5055 ι

733 5111 1126 5152 Iursnnocnio
1165 5112 1274 5154 LXI.
1567 5159 1572 5164 ε

278 5185 568 5254 Quomodo
591 5186 789 5244 Paulus
811 5188 902 5258 qui
917 5186 1122 5256 Calatis
1145 5195 1493 5257 praeceperat,
1517 5185 1578 5242 Si
1601 5200 1796 5259 prwoe-

197 5287 438 5350 cupatus
478 5275 636 5346 fuerit
689 5277 842 5332 homo
876 5277 931 5331 in
971 5276 1145 5348 aliqua
1182 5277 1391 5344 delicto,
1424 5286 1484 5332 ut
1521 5277 1574 5332 in
1604 5275 1796 5347 spiritu

199 5365 650 5422 mansuetudinis
703 5366 1058 5422 instrueretur
1087 5365 1238 5438 (Gal.
1279 5382 1354 5432 vi,
1386 5365 1460 5439 l),
1502 5367 1697 5424 iterum
1743 5369 1799 5424 in

200 5455 676 5525 consequentibus
709 5456 862 5526 quasi
906 5471 938 5511 e
979 5457 1254 5513 contrario
1296 5456 1382 5516 his
1426 5458 1558 5528 ipsis
1586 5458 1801 5515 videtur

492 5545 632 5612 Quid
663 5547 854 5609 vultis?
889 5551 944 5604 in
974 5549 1344 5622 virgaveniam
1389 5549 1457 5606 ad
1485 5568 1589 5621 vos,
1639 5568 1706 5606 an
1746 5551 1802 5606 in

287 5691 320 5720 ι
355 5677 531 5745 Edit.,
557 5679 806 5736 siverunt.

237 5815 265 5834 ο
293 5749 323 5790 δ
353 5747 527 5814 EdiL,
561 5748 712 5803 tales.

1878 3297 1979 3336 nec
2007 3281 2124 3350 Job,
2159 3298 2258 3338 nec
2301 3282 2610 3350 Danielem,
2645 3299 2745 3339 nec
2782 3284 2895 3340 Noe
2925 3300 3116 3355 rogare
3160 3299 3318 3355 posse
3351 3301 3453 3355 pro

1877 3389 2148 3446 quoquam
2175 3373 2195 3446 (
2218 3373 2412 3429 Ezech.
2443 3391 2554 3442 xw,
2583 3374 2649 3430 M
2675 3375 2714 3446 ),
2742 3376 2835 3430 sed
2863 3391 3292 3446 unumquemque
3329 3391 3452 3444 por-

1878 3471 1995 3519 tare.
2020 3478 2158 3518 OIIIIS
2187 3478 2364 3518 suum.

2352 3567 2748 3610 INTERROGATIO
2785 3565 2936 3610 ιιιιῐ.

1950 3639 2084 3697 Cum
2144 3625 2343 3698 Paulus
2391 3641 2562 3708 dicat,
2609 3642 2741 3696 Mihi
2784 3643 2916 3697 absit
2967 3643 3204 3714 gloriari,
3257 3644 3355 3697 nisi
3401 3644 3455 3698 in

1881 3748 2032 3787 cruce
2058 3731 2269 3788 Domini
2297 3733 2458 3788 nostri
2485 3732 2612 3788 Jesu
2641 3727 2832 3788 Chrﬂti
2869 3732 3011 3804 (Cal.
3049 3751 3123 3801 vr,
3161 3733 3248 3805 14)
3279 3753 3290 3786 :
3322 3750 3454 3805 quo-

1881 3823 2040 3878 modo
2065 3822 2338 3878 invenitur
2367 3823 2421 3877 in
2451 3823 2633 3878 multis
2675 3824 2836 3879 rebus
2875 3824 2994 3879 aliis
3030 3824 3290 3895 gloriatus
3315 3840 3456 3894 esse,

1883 3913 2022 3968 sicut
2049 3913 2243 3970 inloco
2272 3913 2362 3969 illo
2387 3913 2478 3968 ubi
2510 3914 2672 3977 dicit,
2717 3913 2956 3968 Libenter
2993 3914 3258 3984 gloriabor
3290 3915 3344 3970 in
3371 3916 3459 3970 in-

1882 4003 2216 4072 ﬁrmitatibus
2239 4005 2365 4058 meis
2389 4001 2481 4075 (II
2507 4001 2628 4057 Cor.
2659 4019 2756 4069 xu,
2783 4003 2852 4074 9)
2875 4005 2900 4056 ?

1953 4109 2234 4152 nnsrousm
2263 4093 2364 4163 (Ex
2387 4095 2506 4150 eod.
2536 4094 2869 4166 Hieronym,
2903 4093 3056 4159 ibid.,
3087 4096 3156 4150 ad
3189 4113 3235 4150 υ.
3263 4095 3389 4168 Ii).

1955 4185 2233 4253 Quomodo
2264 4201 2408 4242 nunc
2456 4185 2618 4253 dicit,
2671 4185 2805 4252 Mihi
2829 4185 2961 4240 absit
2997 4185 3230 4256 gloriari,
3271 4185 3371 4240 nisi
3409 4186 3465 4241 in

1886 4294 2036 4332 cruce
2061 4277 2274 4343 Christi,
2313 4293 2436 4334 cum
2471 4277 2526 4332 in
2560 4277 2666 4334 alio
2694 4277 2813 4334 loco
2835 4278 2901 4332 de
2939 4277 3057 4332 aliis
3098 4277 3376 4349 glorietur,
3405 4284 3465 4331 ut

1888 4367 1961 4422 ibi
1987 4384 2000 4420 :
2036 4365 2117 4420 Ita
2136 4383 2228 4437 per
2253 4376 2471 4422 vestram
2497 4365 2738 4436 gloriam,
2769 4383 2926 4438 quam
2975 4366 3138 4420 habeo
3163 4367 3218 4419 in
3259 4363 3464 4420 Christo

1889 4455 2014 4511 Iesu
2063 4455 2126 4528 (ι
2156 4453 2278 4510 Cor.
2320 4471 2411 4524 xv,
2447 4455 2585 4528 5i)?
2632 4456 2740 4512 Sed
2789 4458 3065 4514 sciendum
3115 4457 3258 4526 quod
3292 4458 3469 4512 omnis

1889 4546 1977 4600 illa
2005 4546 2250 4618 gloriatio
2277 4547 2344 4602 ad
2372 4560 2588 4602 crucem
2639 4547 2825 4613 relata,
2873 4547 3042 4620 gloria
3068 4547 3246 4602 crucis
3285 4547 3382 4612 sit;
3415 4555 3470 4601 et

1889 4639 2148 4710 quidquid
2171 4638 2392 4709 dignum
2426 4639 2482 4694 in
2509 4639 2796 4694 virtutibus
2830 4647 3190 4710 perpetratur,
3221 4639 3325 4694 hoc
3351 4639 3474 4694 ﬁeri

1889 4728 1959 4784 ob
1986 4729 2198 4784 Domini
2231 4729 2560 4799 passionem.

1963 4829 1968 4834 ’
2007 4841 2098 4896 EX
2137 4840 2470 4898 EPISTOLA
2503 4840 2565 4896 B.
2607 4840 2816 4898 PAULI
2847 4835 3332 4898 AD‘EPIIESIOS.

2390 4925 2784 4968 INTERROGATIO
2822 4923 2966 4965 LXIV.

1962 5001 2095 5058 Cum
2133 5003 2187 5058 in
2221 5001 2460 5073 Epistola
2503 5003 2570 5056 ad
2614 5001 2874 5070 Ephesios
2914 5000 3114 5055 Paulus
3147 5000 3214 5056 de
3253 5000 3468 5057 Christo

1895 5094 2037 5148 dicat
2081 5093 2226 5164 quod
2263 5093 2423 5147 Pater
2448 5091 2628 5147 omnia
2653 5089 2940 5160 subiecerit
2975 5091 3075 5146 sub
3102 5091 3328 5160 pedibus
3352 5090 3470 5159 ejus

1897 5180 2124 5254 (Ephes.
2149 5197 2190 5249 ι,
2216 5179 2326 5253 ΞΞ),
2361 5181 2628 5252 quomodo
2663 5179 2790 5235 alibi
2819 5181 2950 5236 dicit
2993 5197 3005 5234 :
3058 5179 3298 5235 Necdum
3325 5183 3372 5236 ei
3400 5183 3473 5236 vi-

1897 5273 2077 5328 demus
2105 5274 2280 5328 omnia
2321 5273 2553 5343 subjecta
2583 5269 2770 5344 (Hebr.
2803 5271 3202 5343 13,8)?Necnon
3244 5285 3298 5329 et
3325 5271 3474 5340 illud,

1901 5361 2112 5432 Oportet
2141 5379 2256 5416 eum
2282 5377 2520 5433 regnare,
2552 5363 2714 5418 donec
2739 5372 2896 5434 ponat
2919 5378 3092 5419 omnes
3120 5363 3358 5417 inimicos
3378 5362 3474 5417 sub

1897 5455 2116 5529 pedibus
2159 5453 2362 5526 ejus(l
2405 5453 2526 5509 Cor.
2567 5470 2655 5522 xv,
2681 5455 2809 5527 25).
2854 5455 2912 5512 Si
2961 5455 3190 5512 necdum
3233 5452 3474 5524 subjecu

1903 5553 2026 5602 sunt
2051 5545 2101 5600 ei
2127 5531 2326 5610 omnia,
2352 5552 2410 5599 et
2436 5551 2646 5613 oportet
2673 5560 2796 5600 eum
2819 5561 3046 5618 regnare
3080 5546 3251 5600 donec
3276 5542 3327 5601 ei
3350 5541 3471 5600 sub!

1979 5689 2000 5714 ο
2034 5675 2200 5740 Edit.,
2229 5683 2469 5730 mortem.

1973 5746 1997 5785 ἀ
2034 5746 2172 5802 Edit.
2184 5786 2197 5809 ,
2238 5755 2568 5800 wtarcntun.
2814 5795 2863 5820 VA;
3209 5767 3270 5812 τ’

2809 5811 2874 5854 ἡκ

2816 5906 2890 5922 μμ-
