3974 6306
1587 305 1623 317 ’κ

609 372 714 438 695

2561 290 2641 301 ...4

1725 369 1781 425 S.
1821 366 2085 427 IULIANI
2124 365 2431 425 EPISCOPI
2471 367 2816 426 TOLETANI
3678 390 3750 451 ωε

611 491 896 557 'ielantur,
922 488 1190 560 quomodo
1216 503 1359 544 nunc
1384 484 1483 541 sub
1508 484 1733 555 pedibus
1756 482 1873 554 ejus
1902 486 2042 541 Deus
2070 482 2187 539 unl-
2213 486 2270 548 Α
2328 481 2422 539 EX
2468 483 2807 540 EPISTOLA
2841 480 2902 539 B.
2943 483 3147 542 PAULI
3183 487 3275 543 AD
3318 488 3727 559 PHILIPPENSES.

609 597 768 639 versa
793 579 1057 649 subjecit?
1087 580 1321 634 maxime
1355 591 1477 632 eum
1520 584 1575 631 et
1617 576 1672 630 in
1717 575 1822 630 alio
1849 575 1967 631 loco
1997 574 2195 631 Paulus

610 675 726 746 ipse
749 680 976 730 testetur
1005 688 1026 727 ι
1052 671 1185 727 Cum
1212 679 1386 725 autem
1414 670 1460 725 ei
1497 669 1731 737 subjecta
1767 666 1961 737 fuerint
1993 666 2192 731 omnia,

610 775 735 820 tunc
759 771 809 819 et
833 764 941 835 ipse
976 761 1148 818 Filius
1188 760 1495 831 subjicietur
1518 758 1567 813 ei
1586 758 1675 830 qui
1700 758 1799 813 sibi
1824 756 2043 826 subjecit
2083 773 2197 811 om-

610 857 722 923 nia,
746 862 803 910 ut
823 856 891 919 sit
910 853 1050 910 Deus
1079 853 1254 913 omnia
1280 851 1337 905 in
1362 848 1601 904 omnibus
1624 846 1688 920 (Ι
1706 845 1831 903 Cor.
1861 862 1951 912 xv,
1975 845 2117 919 28)?

609 960 896 1003 nssrousto
925 942 1027 1016 (Ex
1054 943 1175 999 eod.
1217 940 1552 1012 Hicronym.,
1582 938 1734 1003 ibid.,
1764 938 1834 1015 ad
1858 955 1977 1009 cap.
2012 953 2052 1003 ι,
2075 934 2190 1009 22).

680 1038 824 1111 Ergo
853 1047 946 1094 aut
981 1034 1277 1094 secundum
1305 1031 1651 1104 praesentiam
1686 1031 1740 1085 id
1778 1030 1923 1101 quod
1952 1026 2193 1083 futurum

608 1139 712 1196 est,
737 1130 891 1201 quasi
928 1129 1042 1200 jam
1082 1125 1285 1183 factum
1311 1131 1457 1180 esset
1481 1128 1900 1186 commemorat;
1930 1128 2022 1176 aut
2047 1126 2195 1174 certe

550 1202 577 1227 ⁸
609 1222 657 1277 si
691 1220 757 1278 de
790 1219 1068 1292 praeterito
1097 1215 1441 1274 sentiendum
1485 1220 1596 1278 est,
1649 1212 1729 1268 sic
1773 1211 2027 1268 debemus
2055 1209 2194 1266 acci-

603 1327 754 1384 pere,
795 1310 944 1384 quod
965 1309 1131 1366 etiam
1157 1323 1220 1366 ea
1250 1320 1373 1379 quae
1396 1320 1505 1362 non
1529 1313 1655 1360 sunt
1678 1303 1729 1359 ei
1762 1301 2037 1359 voluntate
2061 1301 2193 1357 sub-

600 1402 768 1475 Iecta,
819 1411 1029 1465 naturae
1076 1400 1383 1458 conditione
1426 1396 1771 1463 deserviant;
1811 1392 1969 1452 verbi
2007 1411 2193 1462 causa,

605 1493 898 1559 daemones,
956 1490 1148 1557 Judaei,
1195 1498 1251 1548 et
1294 1489 1557 1547 Gentiles.
1604 1486 1723 1561 Non
1767 1487 1911 1543 enim
1954 1488 2196 1543 serviunt

604 1582 843 1651 Christo,
890 1598 990 1639 nec
1038 1580 1266 1651 subjecti
1311 1587 1438 1637 sunt
1464 1578 1690 1651 pedibus
1726 1578 1868 1649 ejus,
1911 1586 1969 1635 et
2011 1586 2193 1634 tamen

606 1676 733 1747 quia
765 1676 833 1733 ab
854 1691 919 1732 eo
941 1676 996 1731 in
1017 1675 1216 1732 bonam
1241 1681 1451 1746 partem
1472 1673 1642 1731 creati
1664 1680 1816 1755 sunt,
1844 1670 2045 1730 subditi
2067 1677 2193 1727 sunt

604 1767 861 1837 potestati
902 1767 1020 1838 eius
1062 1765 1235 1831 inviti,
1288 1763 1505 1821 tametsi
1550 1762 1834 1820 adversum
1869 1776 1992 1819 cum
2027 1775 2190 1832 repu-

606 1864 774 1928 gnent
806 1857 963 1914 liberi
992 1856 1203 1913 arbitrii
1231 1856 1525 1936 voluntate.

1122 1963 1523 2007 INTERROGATIO
1543 1964 1672 2004 LXV.

674 2038 810 2097 Cum
844 2038 1041 2096 Paulus
1061 2039 1325 2111 Ephesios
1344 2039 1648 2097 imitatores
1672 2039 1769 2096 Dei
1793 2039 2017 2096 suadeat
2047 2039 2188 2105 ileri,

607 2132 810 2198 dicens,
858 2130 1037 2187 Estote
1088 2131 1376 2187 imitatores
1420 2130 1538 2199 Dei,
1589 2132 1726 2187 sicut
1762 2130 1863 2200 ﬁlii
1894 2131 2189 2187 charissimi

605 2224 831 2296 (Ephes.
856 2239 911 2290 v,
942 2223 985 2296 ι)
1017 2242 1029 2277 :
1055 2220 1331 2295 quomOdo.
1351 2223 1649 2283 Corinthiis
1678 2224 1831 2292 dicit,
1886 2222 2188 2280 Imitatores

602 2320 705 2374 mei
729 2326 907 2384 estote,
934 2318 1068 2373 sicut
1096 2326 1145 2375 et
1173 2334 1267 2391 ego
1293 2315 1488 2375 Christi
1513 2316 1579 2391 (Ι
1601 2314 1725 2374 Cor.
1762 2332 1839 2384 ιι,
1873 2316 1972 2390 l)?

602 2422 884 2467 amasio
906 2407 1015 2481 (Ex
1027 2408 1517 2481 eod._llieronym.,
1542 2404 1836 2481 continent.
1855 2411 1913 2467 in
1924 2405 2103 2478 Epist.
2118 2407 2188 2461 ad

1144 2477 1281 2551 Eph.
1321 2474 1436 2552 cap.
1477 2492 1537 2548 ν,
1562 2474 1645 2553 1).

673 2568 940 2626 Corinthii
982 2568 1183 2626 etenim
1230 2581 1339 2625 non
1374 2573 1629 2640 poterant
1664 2570 1848 2626 statim
1886 2570 2212 2627 imitatores»

600 2657 804 2716 Christi
833 2659 973 2725 fieri,
998 2658 1093 2715 sed
1117 2659 1319 2730 grande
1342 2657 1448 2715 illis
1473 2664 1613 2725 erat,
1653 2658 1701 2718 si
1733 2658 2035 2731 imitatores
2062 2673 2188 2730 pos-

602 2749 712 2804 sint
750 2749 1037 2806 imitatoris
1086 2749 1338 2806 existere.
1391 2746 1638 2820 Ephesiis
1683 2761 1813 2806 vero
1834 2791 1850 2817 ,
1898 2751 2054 2823 quasi
2102 2749 2187 2808 his

600 2859 740 2916 quos
769 2843 886 2915 jam
913 2844 1173 2918 mysteria
1202 2851 1357 2900 tanta
1398 2843 1682 2910 docuerat,
1713 2857 1823 2898 non
1851 2841 1928 2897 sit
1955 2858 1970 2896 :
2002 2840 2185 2899 lmilae

600 2942 750 2991 tores
773 2934 889 2991 mei.
900 2941 1094 3000 estote,
1123 2947 1225 2990 nec
1251 2932 1550 2991 imitatores
1576 2930 1800 2998 Christi,
1827 2931 1924 2989 sed
1952 2930 2186 2987 imitato-

598 3043 688 3085 res
709 3027 826 3085 Dei.
855 3026 974 3086 Non
997 3027 1141 3100 quod
1169 3027 1349 3085 minus
1383 3025 1454 3083 sit
1481 3025 1811 3094 imitatorem
1842 3018 2047 3080 Christi
2065 3036 2185 3079 esse

600 3131 764 3187 quam
786 3117 882 3175 Del
912 3118 1078 3190 (Deus
1105 3119 1302 3191 quippe
1320 3116 1567 3175 Christus
1593 3113 1729 3188 est),
1753 3113 1850 3171 sed
1873 3112 2018 3185 quod
2039 3112 2185 3169 aliud

596 3208 671 3264 sit
695 3188 992 3267 secundum
1034 3188 1309 3268 hominem
1352 3207 1502 3266 illum
1543 3203 1761 3273 imitari,
1812 3202 1958 3263 aliud
1990 3216 2184 3262 secun-
2212 3188 2257 3253 C

601 3296 728 3355 dum
756 3299 951 3356 Deum.
1002 3299 1140 3356 Nam
1164 3301 1266 3356 etsi
1305 3299 1583 3358 Christum
1628 3296 1925 3356 secundum
1969 3310 2189 3357 carnem

600 3395 760 3445 antea
802 3402 1148 3456 noveramus,
1186 3403 1330 3445 nunc
1359 3386 1474 3459 1am
1504 3401 1843 3461 nequaquam
1886 3399 2008 3444 eum
2038 3387 2192 3443 novi-

599 3495 722 3537 mus
745 3482 1043 3538 seeundum
1080 3494 1302 3539 cantem
1345 3478 1442 3553 (II
1487 3478 1611 3539 Cor.
1650 3494 1705 3547 v,
1740 3478 1857 3553 l6).
1893 3478 2005 3537 Nec
2045 3478 2188 3535 enim

597 3581 730 3644 puto
776 3575 922 3645 quod
962 3574 1019 3629 in
1054 3573 1264 3631 caeteris
1306 3587 1638 3645 quaecunque
1685 3570 1829 3629 Deus
1850 3571 1997 3637 fecit,
2026 3571 2189 3628 homo

599 3664 772 3719 Deum
797 3665 969 3734 possit
999 3664 1233 3730 imitari;
1260 3664 1376 3731 ω,
1404 3664 1558 3721 verbi
1595 3678 1798 3729 causa,
1822 3670 1882 3718 ut
1920 3661 2188 3732 quomodo

599 3754 691 3812 ille
714 3754 959 3812 clemens
974 3766 1085 3821 est,
1115 3764 1169 3812 et
1209 3754 1349 3825 pluit
1377 3771 1538 3827 super
1562 3756 1734 3813 bonos
1755 3763 1812 3811 et
1843 3753 2037 3819 malos,
2075 3760 2189 3808 etc.

602 3843 830 3916 (Matth.
876 3860 929 3912 v,
958 3844 1086 3917 45),
1130 3846 1210 3901 sic
1253 3846 1416 3906 etiam
1466 3861 1565 3904 nos
1605 3845 1901 3903 bonitatem
1945 3852 2185 3900 nostram

601 3947 765 4004 super
800 3947 987 3991 omnes
1028 3934 1276 3992 homines
1306 3935 1661 3993 eii‘undamus.
1705 3934 1859 4002 Quod
1894 3950 2015 3991 eum
2046 3932 2187 3990 lece-

602 4026 790 4091 rimus,
840 4025 935 4082 iilii
967 4027 1169 4093 dilecti,
1220 4026 1309 4083 vel
1332 4028 1631 4084 imitatores
1664 4028 1779 4083 sive
1808 4028 1975 4098 ipsius
2009 4025 2181 4094 Pauli,

601 4116 714 4173 sive
739 4115 833 4173 Dei
859 4118 1083 4175 erimus.

1105 4203 1504 4246 lNTERBOGATlO
1541 4199 1685 4246 ιινι.

668 4280 809 4336 Cum
841 4280 1137 4338 secundum
1173 4297 1361 4340 omnes
1401 4280 1710 4352 Scripturas
1746 4281 1954 4337 divinas
1996 4280 2183 4337 mundi

599 4378 866 4428 rectorem
912 4372 1054 4427 sicut
1091 4379 1147 4428 et
1193 4380 1494 4429 creatorem
1535 4372 1704 4428 Deum
1746 4373 1923 4429 solum
1955 4371 2182 4442 accipia—

598 4479 743 4529 mus,
776 4461 1046 4534 quomodo
1086 4478 1117 4519 e
1141 4464 1415 4521 contrario
1446 4461 1658 4519 videtur
1682 4462 1883 4519 Paulus
1909 4461 2182 4532 apostolus

2790 588 3183 634 INTERROGATIO
3218 595 3374 637 LXVII.

2368 667 2646 736 Quomodo
2678 667 2878 725 Paulus
2906 669 3178 739 apostolus
3203 672 3344 740 dicit,
3381 673 3522 748 Cupio
3541 679 3699 739 dissolvi
3715 694 3746 742 α

2293 772 2407 814 esse
2432 776 2548 814 cum
2574 754 2817 827 Christo;
2852 775 3063 816 necnon
3088 771 3142 817 et
3170 762 3289 820 illud
3308 804 3321 827 ,
3351 763 3468 821 Mihi
3487 770 3619 825 vivere
3647 773 3749 829 αισι

2295 856 2410 904 stus
2434 858 2597 915 est,et
2614 848 2752 904 mori
2772 848 2976 905 lucrum
2994 848 3212 922 (Philip.
3236 868 3253 907 ι
3271 853 3379 918 ,‘Zl,
3397 854 3478 925 2'5)
3493 870 3748 916 :cumecon.

2296 941 2464 997 trario
2485 941 2666 998 dicere
2694 941 2960 1008 videatur,
2995 940 3104 1007 Qui
3119 961 3293 1000 sumus
3328 946 3380 1000 in
3405 947 3490 1002 hoc
3517 946 3749 1019 habitacula,

2293 1032 2680 1103 ingemiscimus
2732 1032 2959 1105 gravati,
2990 1035 3229 1115 eo‘quod
3268 1036 3485 1094 nolumus
3520 1040 3750 1111 exspoliari,

2293 1121 2392 1176 sed
2430 1122 2782 1193 supervestiri,
2824 1131 2882 1176 ut
2920 1122 3255 1179 absorbeatur
3292 1126 3418 1195 quod
3460 1129 3641 1185 mortale
3661 1140 3751 1186 ests

2293 1210 2398 1264 vita
2421 1208 2509 1281 (11
2536 1208 2658 1267 Cor.
2682 1225 2737 1277 v,
2757 1210 2867 1283 4)ι

2293 1314 2574 1358 sssronsro
2600 1299 2701 1373 (Ex
2723 1300 2950 1375 Gregor.
2975 1301 3177 1376 Magn.,
3210 1303 3297 1359 lib.
3318 1320 3435 1362 xm
3458 1306 3593 1374 lion,
3614 1325 3655 1363 ιι.
3674 1309 3749 1381 70).

2316 1426 2344 1460 ο
2363 1391 2621 1451 Miramus
2644 1405 2671 1435 ι
2697 1393 2786 1451 hic
2815 1393 3040 1450 Paulum
3076 1398 3337 1465 quomodo
3377 1408 3505 1453 amat
3530 1402 3641 1469 quod
3659 1401 3754 1456 relu-

2291 1481 2425 1554 giat,
2450 1481 2647 1554 refugit
2667 1499 2788 1554 quae
2818 1491 2964 1541 amet
2983 1485 3034 1540 ι).
3070 1485 3208 1544 Ecce
3234 1489 3369 1544 enim
3401 1498 3451 1545 et
3473 1491 3585 1546 mori
3609 1492 3753 1547 deside

2293 1584 2399 1644 rat,
2431 1581 2489 1632 et
2529 1582 2706 1631 tamen
2735 1592 2900 1634 carne
2940 1579 3231 1650 exspoliari
3275 1578 3520 1636 formidat.
3549 1579 3634 1635 Cur
3660 1582 3754 1637 hoc?

2293 1665 2429 1736 Quia
2455 1669 2561 1725 etsi
2586 1667 2811 1726 victoria
2842 1668 2897 1724 in
2928 1679 3247 1742 perpetuum
3260 1670 3493 1738 laetificat,
3517 1673 3608 1742 ipsa
3625 1673 3756 1728 nihilo-

2292 1758 2472 1831 minus
2522 1759 2591 1814 ad
2642 1773 2881 1831 praesens
2931 1774 3094 1832 poena
3128 1761 3444 1831 perturbat;
3497 1769 3546 1817 et
3585 1763 3755 1832 quamvis

2219 1829 2268 1893 Β
2292 1828 2473 1906 vincat
2497 1828 2659 1906 amor
2677 1828 3054 1922 subsequentis
3073 1828 3327 1921 muneris,
3357 1855 3507 1926 tangit
3528 1828 3667 1910 tamen
3682 1869 3754 1909 non

2290 1941 2409 2000 sine
2437 1957 2671 2000 maerore
2704 1942 2941 1999 animum
2978 1943 3168 2014 pulsus
3198 1945 3406 2002 doloris.
3440 1945 3563 2001 Sicut
3581 1946 3686 2001 enim
3702 1945 3756 1998 vir

2289 2031 2466 2100 fortis,
2498 2048 2621 2091 cum
2654 2032 2832 2090 vicino
2873 2031 2989 2104 jam
3023 2034 3148 2090 belli
3185 2036 3480 2104 certamine,
3520 2051 3618 2091 eum
3647 2033 3756 2090 amis

2289 2121 2608 2198 accingitur,
2647 2124 2902 2198 palpitat,
2947 2132 3001 2181 et
3049 2123 3339 2193 festinate,
3370 2127 3532 2183 tremit
3556 2125 3603 2182 et
3633 2125 3755 2189 sevit;

2289 2213 2442 2285 quasi
2461 2228 2658 2284 pavere
2682 2227 2782 2287 per
2801 2214 3061 2287 pallorem
3082 2218 3342 2285 cernitur,
3375 2217 3463 2273 sed
3478 2232 3560 2286 per
3580 2221 3681 2271 iram
3697 2229 3758 2270 ve-

2288 2302 2569 2362 hementer
2613 2312 2858 2376 urgetur,
2910 2305 2987 2363 ita
3035 2304 3120 2362 vir
3164 2315 3405 2377 sanctus,
3448 2324 3554 2365 cum
3593 2306 3758 2377 pastioni

2286 2393 2650 2468 propinquare
2688 2408 2751 2454 se
2778 2396 3073 2468 conspicit,
3106 2405 3164 2454 et
3190 2406 3391 2454 naturae
3414 2413 3512 2454 sua:
3532 2396 3756 2453 inﬁmitate

2288 2486 2612 2554 concutitur,
2656 2492 2712 2546 et
2742 2484 2858 2558 spei
2901 2500 3015 2545 suae
3053 2489 3337 2547 soliditate.
3375 2485 3759 2554 roboratur;etde

2287 2578 2466 2637 vicina
2491 2586 2666 2636 morte
2691 2578 2954 2652 trepidat,
2984 2588 3040 2636 et
3071 2587 3254 2638 tamen
3285 2581 3423 2655 quod
3451 2579 3673 2637 moriendo
3697 2589 3757 2631 ιθ-

2287 2674 2403 2733 dus
2440 2673 2604 2742 vivat,
2642 2675 2905 2742 exsultat,
2947 2676 3017 2731 ad
3043 2691 3274 2750 regnum
3307 2676 3489 2747 quippe
3524 2691 3611 2731 non
3642 2678 3761 2743 potest

2286 2764 2392 2821 nisi
2441 2765 2757 2836 interposita
2780 2774 2957 2822 morte
2977 2769 3233 2824 transire.
3281 2768 3348 2823 Et
3381 2768 3557 2824 idcirco
3588 2773 3632 2821 et
3651 2761 3760 2819 conli-

2287 2856 2461 2915 dendo
2499 2856 2653 2930 quasi
2678 2856 2920 2931 ambigit,
2945 2865 3000 2916 et
3020 2858 3178 2929 quasi
3208 2860 3509 2932 ambigendo
3530 2853 3711 2919 conﬁdit,
3727 2859 3762 2907 et

2286 2949 2524 3021 gaudens
2554 2949 2763 3016 metuit,
2812 2958 2869 3008 et
2895 2960 3146 3010 metuens
3170 2952 3382 3024 gaudet,
3427 2952 3536 3021 quia
3569 2948 3649 3003 scit
3668 2941 3761 3013 quod

2288 3038 2357 3095 ad
2378 3039 2624 3097 bravlum
2651 3039 2847 3109 quietis
2873 3056 2991 3097 non
3010 3042 3325 3112 perveniat,
3346 3042 3444 3099 nisi
3464 3040 3584 3112 quod
3609 3032 3761 3103 interia-

2287 3138 2374 3188 cet
2397 3145 2521 3187 cum
2560 3129 2753 3188 labore
2784 3133 3163 3189 transcendat.
3179 3131 3270 3190 Sic
3296 3150 3413 3199 nos,
3434 3148 3541 3188 eum
3560 3128 3719 3185 morbos
3740 3136 3761 3174 ³

2288 3232 2513 3290 corpore
2550 3220 2807 3290 repellere
2846 3222 3113 3294 cupimus,
3160 3223 3345 3280 tristes
3381 3222 3573 3295 quidem
3595 3226 3764 3273 amarum

2285 3310 2619 3383 purgationis
2660 3311 2913 3383 poculum
2941 3311 3236 3381 sumimus;
3277 3313 3408 3370 certi
3441 3321 3594 3368 autem
3613 3302 3763 3361 ἀθεώ-

2287 3400 2536 3471 sequenti
2558 3399 2730 3457 salute
2760 3402 3086 3474 gaudemus,
3123 3403 3253 3473 quia
3282 3404 3418 3460 enim
3442 3399 3672 3474 pervenire
3686 3407 3765 3449 oor-

2284 3504 2386 3561 pus
2409 3491 2570 3548 aliter
2591 3492 2659 3549 ad
2680 3492 2908 3548 salutem
2947 3507 3062 3549 non
3087 3494 3259 3561 valet,
3288 3495 3346 3550 in
3376 3501 3497 3564 potu
3526 3491 3631 3546 libet
3653 3484 3764 3540 etiam

2287 3583 2432 3654 quod
2460 3583 2647 3639 ttedet.
2673 3582 2916 3655 Cumque
2950 3585 3298 3641 amaritudini
3331 3586 3496 3642 inesse
3529 3581 3659 3636 vitam
3688 3569 3765 3628 alli-

2286 3688 2411 3728 mus
2439 3672 2722 3744 conspicit,
2752 3688 2987 3731 mcerore
3017 3675 3267 3733 turbatus
3290 3673 3560 3732 hilarescit.

2752 3799 3153 3845 INTERROGATIO
3211 3804 3400 3846 LXVIII.

2355 3897 2636 3964 Quomodo
2667 3897 2862 3954 Paulus
2901 3899 3177 3971 apostolus
3214 3900 3369 3971 quasi
3401 3913 3491 3968 per
3521 3886 3764 3950 contrarian

2284 3989 2528 4061 loquens,
2577 3991 2738 4048 modo
2765 3989 3084 4062 perfectum,
3121 3994 3285 4048 modo
3327 3988 3654 4061 imperfectum
3687 3987 3766 4033 sese

2283 4081 2545 4137 testeturl
2580 4082 2720 4138 Dicit
2758 4081 2903 4138 enim
2951 4083 3011 4139 in
3052 4082 3294 4154 Epistola
3340 4083 3407 4139 ad
3450 4078 3765 4154 Philippeum?

2286 4171 2411 4229 Non
2438 4173 2577 4246 quod
2595 4173 2714 4245 jam
2737 4175 3043 4246 acceperim,
3074 4184 3166 4229 aut
3187 4175 3308 4246 jam
3333 4171 3569 4246 perfectus
3590 4167 3682 4220 sint.
3701 4153 3767 4213 Ubi

2284 4263 2577 4336 subiungit,
2625 4264 2931 4337 Quicunque
2973 4281 3094 4337 ergo
3133 4266 3351 4336 perfecti
3395 4276 3560 4319 sumus
3597 4247 3766 4327 (PhiliP'

2283 4374 2367 4425 ιιι,
2402 4359 2491 4424 12,
2517 4358 2636 4429 l5).

2917 4466 3220 4510 κεδνοιιειοι

598 4555 778 4611 dicere
794 4532 818 4607 7:
857 4551 981 4609 Non
1006 4563 1080 4609 est
1107 4554 1252 4609 nobis
1295 4553 1592 4608 colluctatio
1623 4553 1868 4608 adversus
1892 4567 2101 4606 carnem
2136 4559 2185 4605 et
2212 4532 2262 4595 Β
2360 4564 2436 4620 De
2461 4564 2562 4620 hac
2583 4563 2745 4635 igitur
2767 4564 2977 4635 gemina
3002 4562 3355 4633 perfectione,
3378 4562 3477 4618 hoc
3495 4559 3673 4614 beatum
3689 4546 3769 4600 Ant-

598 4650 924 4720 sanguinem,
969 4648 1067 4703 sed
1106 4646 1352 4701 adversus
1398 4647 1658 4715 principes
1701 4654 1750 4699 et
1796 4653 2091 4715 potestates,
2131 4652 2180 4696 et

599 4749 827 4797 rectores
850 4740 1033 4795 mundi
1069 4738 1397 4794 tenebran
1430 4739 1617 4793 harum
1649 4736 1873 4809 (Ephes.
1915 4750 1988 4799 vi,
2018 4733 2156 4804 l2)?

1238 4843 1540 4886 lESPONSiO.

668 4921 726 4978 lu
750 4938 816 4979 eo
852 4924 994 4992 quod
1016 4922 1260 4979 diabolus
1280 4920 1369 4977 vel
1393 4920 1568 4990 angeli
1595 4920 1711 4988 ejus
1748 4920 1806 4974 in
1828 4917 2085 4973 membris
2108 4916 2178 4973 ad

598 5029 657 5069 se
684 5012 1076 5084 pertinentibus
1121 5027 1345 5085 regnum
1374 5026 1529 5067 suum
1575 5009 1887 5073 extendunt,
1938 5014 2175 5063 rectores

598 5104 785 5175 utique
837 5105 1021 5160 mundi
1075 5106 1142 5161 ab
1187 5106 1442 5175 Apostolo
1492 5105 1861 5159 nominantur.
1915 5101 2177 5158 Rectores

598 5197 739 5251 enim
774 5208 868 5251 eos
907 5194 1089 5252 mundi
1138 5197 1291 5263 dixit,
1336 5197 1463 5267 quia
1509 5195 1611 5265 ipsi
1656 5200 1847 5266 regunt
1872 5192 2177 5252 dilectores

594 5284 801 5342 mundi.
834 5282 952 5340 Non
980 5284 1125 5341 enim
1159 5293 1348 5357 regunt
1388 5287 1667 5350 mundum,
1698 5292 1757 5338 ut
1800 5292 2038 5339 rectores
2068 5284 2176 5341 sint

594 5373 719 5431 cteli
736 5381 790 5430 et
819 5382 1013 5442 terrae,
1037 5376 1130 5432 sed
1158 5377 1413 5433 mundum
1435 5385 1748 5447 peccatores
1767 5375 1917 5432 dicit.
1949 5375 2101 5432 Unde
2122 5385 2177 5433 et

595 5465 653 5520 in
678 5465 964 5538 Evangelia
990 5468 1259 5532 scribitur,
1290 5466 1360 5522 Et
1398 5469 1625 5524 mundus
1665 5484 1780 5522 cum
1805 5484 1908 5522 non
1938 5468 2174 5539 cognovit

595 5557 801 5627 (Joan.
822 5573 867 5624 ι,
898 5557 1023 5629 {0).

671 5681 696 5709 ι
735 5668 899 5732 Εὰὶιη
925 5668 1208 5722 rideamus.

668 5737 698 5776 ιι
728 5737 871 5791 Edit.
919 5751 932 5789 :
978 5748 1115 5792 amet
1172 5738 1314 5808 quod
1372 5738 1599 5811 refugit,
1645 5739 1904 5809 quomodo
1955 5738 2180 5810 refugiat

595 5806 736 5862 mod
768 5816 929 5861 autat.

2285 4653 2527 4710 brosium
2568 4655 2800 4711 sensisse
2839 4655 3157 4725 reperimus.
3204 4655 3475 4718 Vidimus,
3509 4646 3679 4717 inquit.
3703 4638 3770 4692 ίω·

2282 4745 2539 4816 possibile
2590 4758 2710 4801 esse
2757 4753 2818 4800 ut
2861 4736 3100 4816 perfecte
3164 4745 3288 4815 quis
3329 4739 3666 4800 immaculatus
3692 4737 3771 4780 esse

2281 4836 2453 4906 Ροεείι
2475 4835 2530 4890 in
2560 4849 2786 4905 corpore
2812 4822 3158 4901 constitutus,
3196 4851 3320 4891 cum
3346 4834 3501 4889 etiam
3527 4824 3688 4882 Paulus
3708 4816 3771 4870 im-

2280 4924 2578 4999 perfectum
2622 4940 2682 4981 se
2705 4926 2867 4983 dicat.
2911 4925 3004 4982 Sic
3037 4926 3181 4982 enim
3213 4926 3376 4981 habet
3403 4941 3416 4978 :
3440 4922 3554 4977 Non
3573 4911 3682 4988 φιοά
3694 4909 3769 4979 1⁸⁸⁸

2281 5016 2596 5088 acceperim,
2657 5024 2749 5070 aut
2767 5016 2886 5085 jam
2933 5015 3193 5086 perfectus
3239 5016 3356 5070 sim.
3402 5012 3468 5067 Et
3510 5018 3661 5064 tamen

2280 5107 2553 5180 paululum
2604 5107 2714 5162 ait:
2749 5106 3055 5178 Quicunque
3085 5123 3207 5179 ergo
3236 5105 3449 5178 perfecti
3491 5111 3661 5157 sumat
3693 5087 3770 5180 Nisi

2280 5173 2421 5255 i‘orte
2444 5198 2571 5269 quia
2597 5203 2680 5254 est
2703 5173 3088 5267 perfectio'alia
3128 5173 3186 5251 in
3216 5173 3550 5254 hoc'mundo,
3579 5182 3663 5239 alia
3690 5173 3771 5244 Ροδί

2280 5291 2421 5348 hanc
2455 5287 2640 5354 vitam,
2681 5285 2830 5342 illum
2875 5286 3239 5357 intelligamus
3278 5281 3581 5355 perfectum,
3622 5272 3672 5324 de
3702 5273 3771 5330 εΙ¹¹⁰

2282 5382 2419 5439 dixit
2448 5382 2518 5437 ad
2549 5379 2863 5437 Corinthios
2891 5397 2904 5432 :
2943 5356 3075 5435 Cum
3098 5377 3287 5434 venerit
3314 5373 3451 5447 quod
3472 5356 3771 5442 perfecturusl

2280 5470 2349 5543 (Ι
2376 5470 2497 5527 Cor.
2519 5485 2642 5536 xm,
2672 5468 2807 5540 10),
2833 5477 2889 5526 et
2920 5467 3047 5524 alibi
3079 5484 3092 5521 :
3126 5465 3302 5522 Donec
3326 5468 3635 5519 occurramus
3652 5452 3775 5543 M‘f‘

2279 5530 2335 5620 in
2360 5565 2560 5620 unitate
2580 5530 2727 5633 ﬁas,
2752 5530 2801 5618 tt
2825 5561 3087 5634 agnitione
3113 5559 3244 5615 Filii
3267 5558 3382 5625 Dei,
3407 5556 3462 5609 in
3482 5552 3627 5607 cirum
3657 5530 3773 5611 parte

2352 5684 2375 5713 ε
2404 5671 2547 5727 Edit.
2574 5689 2587 5725 :
2617 5687 2737 5726 cum
2760 5672 3043 5727 uicino..."
3097 5669 3372 5727 certamine
3419 5661 3569 5720 armis
3593 5647 3778 5712 ’πεί-αι’

2279 5754 2382 5810 tur,
2416 5751 2467 5800 et
2486 5741 2731 5812 palpitat,
2752 5751 2799 5797 et
2823 5736 3065 5812 festinat,
3091 5750 3196 5797 etc.
