3974 6306
201 350 308 409 697

1189 312 1701 410 “Truentinum;
1739 355 1919 414 unm
1955 359 2114 418 ouo.
2155 391 2225 404 -
2265 364 2394 420 LIB.
2435 367 2502 422 ιι.

3362 379 3468 437 698

192 455 358 530 ctum,
387 466 443 520 in
467 479 763 520 mensuram
788 465 962 519 (etatis
981 463 1324 534 plenitudinis
1338 467 1532 524 Christi
1555 469 1770 542 (Ephes.
1801 479 1848 536 Α
1879 490 2159 534 κεεροκδιο
2181 479 2283 552 (Ex
2307 479 2470 554 Aug.,
2498 499 2653 538 serm.
2683 485 2744 540 ll
2771 487 2826 542 in
2845 488 2981 544 hunc
3013 492 3177 562 psal.,
3204 496 3301 551 n.l
3327 509 3373 552 et
3386 499 3468 572 2).

198 575 274 624 tv,
311 559 436 630 l5).

265 669 360 724 EX
397 667 730 726 EPISTOLA
777 668 838 723 Β.
878 667 1081 725 PAULI
1118 667 1212 725 AD
1247 671 1708 736 THESSALONI-

855 761 1137 819 CENSES.

696 890 1097 934 INTERROGATIO
1134 894 1280 933 LXIX.

263 986 404 1042 Cum
431 985 628 1042 Paulus
659 987 936 1058 apostolus
964 987 1030 1043 de
1065 988 1460 1045 resurrectione
1484 989 1672 1045 ultima
1700 991 1782 1047 lo-

195 1093 396 1149 quens,
423 1079 567 1136 inter
589 1088 786 1134 caatera
807 1079 956 1145 dicit,
993 1079 1212 1147 Mortui,
1237 1081 1326 1152 qui
1345 1083 1398 1136 in
1424 1080 1630 1138 Christo
1657 1093 1783 1140 sunt

197 1178 466 1241 resurgent
495 1169 650 1240 primi
665 1187 686 1236 ;
728 1171 915 1224 deinde
947 1187 1042 1225 nos
1069 1171 1158 1242 qui
1187 1172 1422 1238 vivimus,
1474 1172 1633 1228 simul
1663 1191 1781 1230 cum

194 1258 298 1313 illis
343 1260 612 1330 rapiemur
655 1261 858 1315 obuiam
881 1260 1088 1316 Christo
1121 1262 1178 1316 in
1221 1279 1366 1327 aera,
1396 1273 1444 1318 et
1469 1265 1545 1319 sic
1585 1282 1785 1338 semper

191 1366 310 1404 cum
353 1349 582 1406 Domino
611 1352 806 1407 erimus
835 1351 854 1425 (
878 1351 907 1408 I
937 1353 1115 1409 Thess.
1151 1371 1224 1421 iv,
1256 1356 1342 1422 15,
1370 1357 1466 1430 16)
1503 1377 1516 1412 :
1546 1360 1673 1430 quia
1703 1359 1785 1415 di-

193 1439 284 1503 cit,
309 1440 391 1493 sic
425 1456 628 1512 semper
658 1443 872 1508 erimus,
923 1445 1192 1516 quomodo
1225 1445 1459 1503 Joannes
1484 1448 1538 1503 in
1573 1449 1784 1520 Apoca-

193 1528 329 1600 lypsi
362 1530 434 1585 de
456 1545 621 1602 regno
659 1541 969 1588 sanctorum
1012 1535 1336 1605 praeﬁnitum
1371 1546 1581 1620 tempus
1605 1541 1784 1610 posuit

193 1620 418 1675 dicens:
450 1620 518 1676 Et
541 1623 827 1694 regnabant
863 1641 981 1679 cum
1009 1623 1214 1680 Christo
1251 1626 1394 1686 mille
1422 1630 1574 1686 annis
1597 1629 1780 1702 (Apoc.

195 1722 284 1772 sx,
307 1707 378 1780 4)
402 1707 427 1762 l

839 1797 1140 1841 nassonem.

1959 570 2097 637 Quid
2129 581 2214 627 est
2246 573 2349 629 hoc
2383 577 2525 645 quod
2555 584 2676 632 orat
2704 587 2765 634 ut
2787 580 2891 636 sibi
2929 581 3016 638 lex
3053 599 3085 638 a
3115 584 3345 644 Domino

1887 669 2065 730 natur,
2087 663 2132 718 si
2159 679 2263 720 non
2287 667 2506 736 ponitur
2525 667 2710 738 justo?
2732 671 2816 726 An
2837 687 2908 728 eo
2933 675 3092 730 modo
3118 691 3223 733 non
3250 681 3470 748 ponitur

1876 750 2056 822 justo,
2085 756 2351 824 quomodo
2383 758 2556 826 posita
2594 768 2678 815 est
2711 762 2908 832 populo
2946 768 3253 823 contumaci
3295 770 3350 824 in
3389 779 3468 826 ta-

1883 843 2024 906 bulis
2069 843 2311 914 lapideis,
2341 862 2450 903 nou
2497 849 2552 903 in
2584 851 2788 906 tabulis.
2810 855 2989 911 cordis
3028 857 3339 914 carnalibus
3377 859 3464 932 (II

1884 932 2008 988 Cor.
2034 950 2117 1000 Ill,
2143 937 2222 1006 '5);
2246 939 2538 994 secundum
2561 940 2964 1001 Testamentum
2983 954 3137 1003 vetus
3159 947 3214 1004 in
3237 959 3464 1008 monte“

1885 1022 2014 1078 Sina
2040 1023 2237 1097 (Exod.
2275 1041 2423 1096 xxxi,
2467 1029 2578 1102 18),
2607 1035 2750 1102 quod
2780 1035 2835 1090 in
2879 1039 3142 1094 servitute
3161 1040 3192 1082 ι)
3221 1051 3464 1113 generat,

1883 1126 1991 1167 non
2031 1114 2327 1170 secundum
2356 1117 2761 1176 Testamentum
2789 1123 3001 1180 Novum
3040 1127 3186 1200 (Gal.
3229 1147 3303 1197 ιν,
3347 1133 3460 1207 24).

1883 1205 1950 1262 de
1978 1221 2088 1277 quo
2111 1209 2371 1280 scriptum
2395 1219 2479 1268 est
2512 1229 2608 1284 per
2627 1213 2918 1274 leremiam
2947 1221 3266 1290 prophetam
3295 1241 3308 1276 :
3332 1205 3468 1280 Ecce

1883 1297 1994 1353 dies
2027 1301 2268 1368 veniunt,
2310 1302 2436 1358 dicit
2473 1303 2762 1375 Dominus,
2799 1319 2848 1362 et
2885 1312 3254 1366 consummabo
3287 1312 3468 1368 domui

1885 1387 2056 1445 Israel
2084 1401 2135 1446 et
2170 1392 2349 1448 domui
2380 1395 2524 1450 Iuda
2561 1395 2943 1454 Testamemum
2973 1401 3201 1469 Novum,
3247 1420 3350 1460 non
3385 1423 3468 1458 sc-

1883 1477 2117 1532 cundum
2154 1489 2518 1538 testamentum
2557 1487 2695 1556 quod
2737 1487 2974 1559 disposui
3008 1492 3244 1562 patribus
3284 1511 3464 1550 eorum

1881 1566 1938 1620 in
1972 1567 2057 1622 die
2091 1586 2194 1640 qua
2235 1573 2552 1642 apprehendi
2590 1591 2806 1630 manum
2845 1593 3046 1645 eorum,
3089 1590 3146 1634 ut
3193 1582 3465 1638 educerem

1883 1678 1970 1718 eos
1999 1663 2064 1718 de
2090 1673 2229 1720 terra
2251 1664 2486 1738 JEgypti,
2532 1670 2781 1739 quoniam
2815 1673 2914 1743 ipsi
2940 1661 3042 1728 non
3069 1686 3466 1746 permanserunt

1883 1755 1943 1810 in
1970 1753 2296 1812 Testamento
2332 1775 2467 1825 meo,
2501 1768 2548 1814 et
2582 1777 2676 1832 ego
2718 1762 2981 1834 negligant
3004 1776 3026 1804 ο
3051 1783 3158 1832 eos,
3199 1767 3324 1821 dicit
3361 1767 3468 1821 Do—

260 1866 558 1940 NunQuam
604 1869 807 1928 diceret
839 1828 1374 1946 .s-an-etu‘sﬂapostolus
1409 1879 1476 1936 de
1513 1895 1570 1938 se
1593 1880 1678 1937 vel
1716 1882 1782 1939 de
1809 1828 1858 1890 Β
1882 1844 2102 1946 inm“.
2143 1848 2392 1946 “(iniam
2436 1850 2537 1946 {me
2572 1828 2647 1906 “vt
2678 1828 3062 1946 ῗθδὶαηὶεηωω
3095 1828 3236 1927 Ψὼά
3271 1858 3469 1910 tam“-

189 1955 504 2016 hominibus
541 1961 745 2016 sanctis
780 1961 902 2018 aliis
935 1982 947 2018 :
987 1963 1160 2020 Simul
1185 1969 1450 2038 rapiemur
1483 1971 1781 2041 ininubibus

189 2049 396 2104 obviam
427 2051 654 2117 Christo,
701 2062 749 2107 et
781 2053 857 2108 sic
890 2072 1092 2128 semper
1117 2073 1238 2113 cum
1272 2059 1500 2116 Domino
1547 2063 1778 2141 erimus,

187 2142 236 2197 si
262 2143 483 2213 aliquos
511 2153 730 2202 sanctos
763 2156 946 2203 nosset
966 2151 1197 2220 receptis
1215 2151 1330 2220 jam
1353 2169 1475 2208 cum
1497 2155 1655 2210 beata
1682 2156 1783 2210 im-

187 2237 528 2293 mortalitate
571 2239 888 2308 corporibus
937 2257 1060 2297 cum
1104 2243 1322 2302 Christo
1367 2257 1684 2318 regnaturos
1713 2250 1782 2307 ad

184 2332 428 2396 tempus.
472 2327 592 2382 Non
632 2329 776 2384 enim
815 2343 1030 2402 semper
1073 2350 1197 2390 cum
1246 2335 1474 2394 Domino
1516 2347 1693 2404 erunt,
1733 2349 1781 2405 si

186 2425 406 2472 tantum
434 2417 582 2473 mille
610 2434 780 2475 annos
804 2437 928 2476 eum
953 2435 1038 2486 eo,
1067 2427 1464 2484 resurrectione
1489 2427 1650 2494 facta,
1696 2445 1781 2487 re-

185 2510 456 2580 gnabant.
485 2508 566 2564 Ac
583 2525 684 2580 per
721 2511 825 2568 hoc
845 2513 892 2568 si
919 2513 972 2570 id
1013 2517 1157 2586 quod
1187 2517 1385 2573 dicitur
1421 2535 1640 2592 semper,
1671 2537 1778 2578 non

185 2597 353 2654 habet
381 2596 568 2664 ﬁnem,
600 2614 710 2655 non
745 2609 906 2656 erunt
950 2603 1096 2660 mille
1145 2605 1294 2673 anni,
1345 2607 1438 2678 qui
1483 2623 1604 2664 cum
1639 2608 1778 2665 ﬁniti

183 2683 420 2753 iuerint,
445 2685 652 2742 faciunt
669 2689 853 2744 linem.
880 2690 988 2746 Sed
1016 2702 1078 2747 ut
1104 2693 1219 2750 haec
1239 2696 1344 2750 sibi
1371 2697 1640 2753 contraria
1667 2712 1776 2754 non

183 2784 476 2846 putentur,
502 2777 744 2836 breviter
781 2781 902 2840 haec
933 2781 1079 2846 dicta
1113 2785 1282 2842 lector
1324 2787 1594 2861 intelligit.
1623 2789 1778 2858 Quod

183 2869 332 2926 enim
361 2869 664 2940 Apostolus
698 2873 848 2942 dicit,
886 2874 978 2932 Sic
1016 2894 1218 2950 semper
1248 2897 1366 2935 cum
1407 2881 1633 2938 Domino
1675 2885 1780 2939 eri-

181 2976 320 3025 usus,
350 2961 547 3032 utique
573 2963 640 3019 de
665 2963 833 3047 futuri
851 2965 1042 3038 iudicii
1089 2978 1329 3042 tempore
1354 2971 1516 3040 dicit,
1569 2991 1636 3032 ex
1670 2991 1777 3047 quo

181 3065 307 3105 eum
333 3051 560 3110 Christo
584 3055 702 3110 sine
723 3045 830 3112 line
847 3060 1212 3130 regnabimus.
1237 3063 1389 3130 Quod
1413 3075 1590 3123 autem
1613 3045 1778 3126 Joan-

1883 1942 2030 1990 tuam
2065 1935 2248 1992 domui
2288 1937 2480 2006 Israel,
2517 1951 2632 2013 post
2670 1943 2782 1998 dies
2825 1945 2979 2013 illos,
3017 1947 3146 2002 dicit
3175 1948 3466 2004 Dominus:

1881 2025 2031 2082 Dabo
2077 2026 2213 2100 leges
2256 2046 2400 2088 meas
2447 2033 2505 2087 in
2549 2045 2744 2090 mentes
2793 2054 2993 2104 eorum,
3037 2049 3086 2094 et
3125 2041 3184 2095 in
3225 2041 3468 2096 cordibus

1881 2135 2062 2174 eorum
2097 2121 2324 2176 scribam
2358 2139 2448 2178 eas
2483 2124 2618 2194 (Jer.
2657 2142 2807 2193 xxxx,
2843 2129 2904 2184 51
2939 2131 3118 2202 seq.)?
3158 2131 3298 2187 Ecce
3335 2148 3468 2202 quo-

1881 2211 2042 2267 modo
2067 2213 2183 2268 vult
2211 2213 2314 2269 iste
2346 2213 2519 2287 legem
2549 2217 2652 2274 sibi
2682 2221 2810 2290 poni
2838 2237 2870 2276 a
2897 2222 3158 2291 Domino;
3187 2241 3294 2280 non
3325 2225 3468 2281 sicut

1881 2299 2094 2372 iniustis
2123 2311 2178 2360 et
2206 2319 2313 2360 non
2341 2307 2574 2364 subditis
2591 2310 2660 2364 ad
2683 2311 2848 2368 Vetus
2869 2312 3272 2370 Testamentum
3297 2316 3468 2386 perti-

1881 2395 2132 2450 nentibus
2155 2397 2332 2466 posita
2349 2406 2433 2454 est
2462 2399 2518 2456 in
2542 2401 2740 2458 tabulis
2769 2403 3024 2473 lapideis;
3053 2407 3149 2462 sed
3175 2407 3314 2464 sicut
3341 2424 3466 2464 san-

1881 2483 1984 2540 ctis
2017 2483 2146 2542 ﬁliis
2183 2485 2386 2556 liberae,
2420 2488 2525 2545 hoc
2553 2500 2672 2558 est,
2713 2507 2962 2563 superna:
2988 2489 3308 2566 Jerusalem,
3341 2499 3467 2554 ﬁlis

1854 2575 2272 2645 .promissionis,
2297 2577 2427 2635 ﬁliis
2445 2581 2780 2642 hereditatis
2801 2595 3034 2651 aeternae,
3053 2595 3242 2645 sancto
3255 2590 3464 2660 Spiritu

1882 2671 2140 2736 tanquam
2169 2666 2338 2738 digito
2369 2669 2465 2725 Dei
2499 2672 2554 2728 in
2594 2681 2776 2731 mente
2805 2675 2985 2743 datur,
3017 2686 3073 2732 et
3114 2678 3169 2733 in
3206 2679 3466 2737 cordibus

1879 2757 2135 2814 scribitur
2160 2777 2174 2814 :
2199 2775 2307 2818 non
2327 2764 2471 2833 quod
2489 2763 2516 2805 ἀ
2543 2767 2805 2823 memoria
2837 2777 3074 2838 teneant,
3095 2781 3150 2828 et
3167 2774 3334 2830 vitam
3358 2791 3458 2832 ne-

1878 2849 2121 2923 gligant,
2151 2853 2252 2910 sed
2283 2856 2428 2924 quod
2447 2855 2476 2898 ά
2501 2858 2677 2914 sciant
2703 2859 3069 2933 intelligendo,
3105 2863 3308 2921 faciant
3343 2867 3464 2923 dili-

1879 2943 2072 3012 gendo,
2089 2945 2150 3002 in
2165 2945 2451 3005 latitudine
2479 2951 2703 3020 amoris,
2729 2969 2835 3010 non
2861 2955 2917 3010 in
2940 2953 3150 3013 timoris
3177 2961 3460 3031 angustiis.

1879 3031 1988 3090 Cur
2016 3049 2146 3107 ergo
2181 3037 2284 3094 iste
2319 3039 2495 3096 adhuc
2519 3043 2694 3112 poscit
2713 3045 2816 3101 sibi
2847 3045 3021 3118 legem
3042 3050 3190 3118 poni,
3216 3066 3338 3121 qua:
3359 3053 3465 3108 uti-

180 3155 282 3196 nes
317 3142 379 3198 in
409 3143 739 3217 Apocalypsi
768 3148 835 3204 de
867 3125 1034 3220 regno
1062 3125 1372 3211 sanctorum
1401 3157 1550 3223 dicit,
1591 3125 1667 3215 Et
1689 3176 1774 3216 re-
1800 3174 1849 3238 c
1878 3137 2003 3226 μηδ’
2018 3125 2183 3238 sil”?
2197 3127 2447 3238 ei???”
2462 3129 2795 3238 Γυίδδθιὶηθη
2813 3136 3464 3238 ,ωῳδθιωῗηῖὒθί

180 3233 424 3302 gustabunt
447 3251 566 3290 cum
597 3235 802 3294 Christo
833 3239 978 3296 mille
1007 3245 1188 3310 annis,
1239 3247 1307 3302 de
1343 3256 1582 3320 tempore
1615 3251 1776 3323 hujus

179 3321 308 3378 vita:
359 3324 458 3378 isti
499 3326 647 3383 mille
685 3330 814 3385 anni
853 3333 1208 3404 accipiuntur.
1249 3337 1402 3406 Quod
1435 3321 1776 3412 interiectum

178 3422 264 3468 est
283 3414 442 3471 inter
465 3415 601 3474 duos
625 3419 824 3477 Christi
851 3424 1140 3494 adventus,
1167 3445 1335 3485 unum
1367 3432 1774 3504 incarnationis,

177 3514 234 3562 et
257 3507 502 3564 alterum
519 3509 708 3580 iudicii
751 3515 856 3583 sui,
901 3519 1046 3588 quod
1073 3529 1282 3592 tempus
1319 3526 1574 3593 medium,
1607 3543 1776 3599 quan.

175 3603 590 3671 utrumcunque
609 3617 874 3662 annorum
907 3610 1095 3678 spatiis
1120 3613 1462 3686 extendatur,
1491 3629 1772 3692 propterea

173 3689 330 3746 mille
357 3706 540 3748 annos
563 3696 870 3766 appellavit,
909 3710 1088 3759 utaut
1117 3719 1148 3759 a
1181 3714 1296 3764 toto
1325 3689 1534 3778 partem
1569 3689 1774 3784 tropice

364 3780 620 3876 intelligi,
657 3793 751 3840 aut
789 3788 1174 3858 plenitudinem
1217 3797 1386 3868 ipsius
1434 3780 1774 3876 numeri'qui

172 3867 382 3926 dicitur
406 3872 576 3941 mille,
607 3874 748 3932 inter
771 3879 1056 3938 adventum
1092 3867 1327 3956 primum
1369 3891 1570 3948 Christi
1611 3903 1666 3951 et
1688 3867 1774 3951 se-

169 3961 422 4016 cundum
445 3963 705 4035 quidquid
730 3969 835 4024 erit
857 3975 1132 4044 temporis,
1163 3983 1602 4052 comprehendat.
1635 3985 1770 4044 Cum

167 4052 400 4113 Christo
435 4059 584 4114 enim
633 4065 806 4120 sancti
853 4067 1000 4125 mille
1043 4072 1200 4130 annis
1244 4090 1472 4149 regnare
1518 4079 1772 4138 dicuntur

162 4155 404 4239 propter
452 4149 752 4212 Ecclesiam
785 4157 900 4225 Dei,
945 4177 1064 4232 qua:
1102 4165 1158 4220 in
1201 4182 1368 4239 regno
1405 4170 1528 4228 ﬁdei
1566 4189 1597 4228 a
1629 4181 1769 4231 tem-

163 4251 306 4307 pore
348 4238 748 4302 incarnationis
777 4247 979 4307 Christi
1015 4269 1188 4326 usque
1231 4238 1300 4314 ad
1336 4267 1547 4332 tempus
1578 4263 1770 4334 iudicii

157 4335 560 4399 superventuri
603 4336 661 4392 in
709 4338 814 4396 ﬁde
862 4350 917 4399 et
955 4360 1120 4416 opere
1163 4349 1384 4406 dilatata
1437 4358 1764 4414 extenditur.

159 4421 306 4514 Nam
351 4428 465 4482 hoc
488 4431 770 4491 estdicere
797 4451 897 4506 pro
939 4443 1164 4508 sanctis,
1203 4444 1348 4514 quod
1387 4460 1510 4500 cum
1549 4443 1766 4504 Christo

1880 3216 1935 3268 in
1959 3216 2138 3272 cordis
2167 3216 2448 3276 latitudine
2474 3225 2840 3281 cucurrisset?
2877 3226 2984 3283 Sed
3017 3229 3144 3299 quia
3170 3232 3462 3300 proliciens

1877 3304 2135 3377 loquitur,
2175 3317 2231 3365 et
2263 3311 2360 3367 Dei
2395 3314 2595 3370 donum
2633 3317 2784 3372 novit
2815 3334 2938 3375 esse
2967 3321 3113 3390 quod
3149 3322 3379 3392 proiecit
3411 3337 3462 3391 ο,

1876 3398 2007 3468 quid
2035 3398 2178 3454 aliud
2199 3402 2336 3470 petit
2360 3419 2486 3459 cum
2519 3407 2622 3462 sibi
2649 3407 2824 3478 legem
2857 3411 2980 3479 poni
3002 3412 3154 3480 petit,
3186 3414 3291 3469 nisi
3316 3423 3375 3469 ut
3404 3416 3460 3473 in

1873 3502 1940 3548 ea
1973 3489 2146 3560 magis
2173 3493 2455 3564 magisque
2485 3495 2770 3566 proﬁciat?
2807 3499 2909 3567 Qui
2943 3502 3129 3570 utique
3169 3503 3341 3574 legem
3370 3520 3458 3562 se-

1873 3579 2111 3639 cundum
2146 3581 2382 3640 litteram
2417 3599 2670 3656 noverat;
2694 3603 2698 3606 ·
2721 3592 2815 3647 sed
2852 3591 2976 3662 quia
3019 3593 3197 3650 littera
3233 3597 3456 3664 occidit,

1870 3669 2096 3746 spiritus
2123 3673 2360 3731 viviﬁcat
2389 3676 2476 3748 (II
2499 3677 2620 3733 Cor.
2655 3681 2842 3754 111,,6),
2863 3691 2983 3739 orat
3003 3693 3063 3739 ut
3086 3698 3185 3756 per
3207 3685 3456 3756 spiritum

1871 3761 2038 3822 faciat
2061 3765 2205 3834 quod
2225 3779 2333 3834 per
2351 3765 2586 3824 litteram
2609 3770 2839 3827 sciebat.

2368 3873 2772 3918 INTERROGATIO
2809 3879 2955 3919 LXXI.

1941 3946 2225 4018 Quomodo
2269 3946 2469 4006 Paulus
2513 3953 2661 4018 dicit,
2707 3953 2812 4020 Qui
2858 3972 3035 4010 omnes
3075 3957 3310 4016 homines
3347 3963 3454 4018 vult

1867 4040 2037 4097 ωιυο.
2059 4037 2198 4112 ﬁeri,
2235 4047 2281 4092 et
2312 4040 2381 4093 ad
2414 4043 2730 4111 agnitionem
2772 4046 2999 4100 veritatis
3026 4047 3198 4102 venire
3233 4048 3287 4122 (Ι
3312 4050 3448 4108 Tim.

1867 4149 1930 4198 ιι,
1956 4132 2012 4204 4)
2039 4151 2052 4188 :
2085 4151 2208 4190 cum
2241 4151 2276 4193 θ
2306 4139 2494 4191 contra
2523 4131 2802 4202 Scriptura
2845 4136 3018 4202 dicat,
3056 4137 3196 4194 Deus
3233 4142 3319 4196 cui
3347 4142 3452 4198 vult

1865 4223 2160 4292 miseretur,
2197 4235 2247 4282 et
2270 4237 2423 4298 qua):
2451 4220 2555 4276 vult
2583 4223 2796 4278 indurat
2833 4225 3010 4297 (Rom.
3047 4229 3276 4302 ix,18)?

2503 4349 2702 4397 ιιΕΒΡΟΧ
2707 4351 2810 4392 810.
2921 4371 2934 4388 ο

1937 4445 1996 4502 Si
2021 4446 2162 4504 Deus
2183 4464 2371 4506 omnes
2397 4451 2642 4508 homines
2672 4446 2853 4509 salvos
2877 4448 2993 4504 ﬁeri
3019 4451 3151 4517 vult,
3177 4441 3448 4521 quomodo

159 4513 316 4572 mille
360 4519 540 4575 annis
573 4527 894 4596 regnabunt,
926 4533 1082 4601 quasi
1117 4513 1229 4604 pro
1259 4536 1505 4594 ﬁdelibus
1555 4539 1760 4608 electis,
1791 4521 2056 4595 Domnes
2093 4541 2225 4596 salvi
2269 4558 2376 4598 non
2419 4543 2591 4600 ﬁunt?
2628 4542 2736 4602 Aut
2786 4549 2831 4603 si
2878 4557 3067 4605 omnes
3113 4544 3246 4604 salvi
3288 4545 3444 4615 ﬁunt,

155 4607 256 4675 qui
303 4607 458 4664 intra
486 4612 785 4672 Ecclesium
811 4635 910 4690 per
944 4630 1112 4679 totum
1155 4627 1259 4682 hoc
1287 4637 1497 4699 tempus
1516 4633 1658 4700 quod
1681 4607 1764 4688 in;
1863 4630 2005 4698 quod
2029 4630 2220 4700 utique
2257 4648 2366 4688 non
2412 4642 2524 4702 est,
2563 4635 2831 4705 quomodo
2875 4637 3004 4692 alibi
3045 4637 3306 4708 scriptum
3336 4607 3442 4705 esi,

153 4706 248 4753 ter
269 4701 419 4758 duos
443 4703 710 4765 adventus
755 4711 1052 4785 inici-jacet,
1085 4734 1210 4774 cum
1238 4720 1456 4778 Christo
1485 4723 1540 4778 ιη
1575 4724 1763 4790 Εοριεξ.
1860 4717 2003 4774 Deus
2043 4722 2129 4774 cui
2165 4722 2270 4777 vult
2309 4701 2602 4792 miseretur,
2635 4735 2685 4780 et
2715 4745 2865 4798 quem
2901 4727 3006 4782 vult
3040 4701 3304 4784 indurat?
3334 4701 3443 4788 Sed

150 4787 239 4844 sis
267 4790 518 4850 ﬁdeliter
539 4797 745 4854 vivunt.
823 4791 828 4796 ’
1731 4787 1739 4790 ⁷
1859 4809 1934 4863 ita
1958 4809 2216 4870 debemus
2246 4814 2544 4887 intelligere
2570 4787 2710 4888 quod
2727 4787 2997 4889 scriptum
3033 4830 3118 4876 est
3165 4821 3266 4893 (Ex
3299 4821 3438 4896 Aug.

186 4904 292 4962 EX
346 4905 688 4968 EPISTOLA
744 4915 806 4970 Β,
847 4916 1053 4979 ΡΑυιῙ
1086 4923 1181 4980 AD
1232 4927 1641 4988 TIMOTHEUM
1678 4931 1718 4988 L
1857 4899 2162 4969 Enchirid.,
2191 4921 2306 4978 cap.
2343 4908 2486 4979 105),
2511 4910 2638 4979 quia
2664 4926 2838 4964 omnes
2867 4910 3100 4966 homines
3137 4912 3244 4967 vult
3269 4914 3439 4971 salvos

1855 4991 1991 5060 ﬁeri,
2033 5001 2288 5065 tanquam
2321 4998 2606 5066 diceretur,
2645 4999 2847 5055 nullum
2885 5002 3157 5058 hominem
3183 5004 3300 5060 ﬁeri
3333 5007 3440 5062 sal—

687 5045 1090 5095 mrnnnocarto
1128 5055 1253 5096 Lxx.
2073 5087 2085 5096 .
2122 5088 2134 5096 .
2364 5090 2386 5096 -
2459 5093 2469 5096 -
2504 5093 2514 5096 -
2707 5093 2722 5096 -
2832 5093 2842 5096 -

1855 5099 2002 5151 vum,
2032 5087 2136 5142 nisi
2171 5104 2329 5158 quem
2357 5090 2472 5146 ﬁeri
2503 5093 2614 5162 ipse
2639 5093 2871 5149 voluerit
2889 5113 2916 5150 'z
2946 5111 3054 5150 non
3085 5100 3228 5166 quod
3260 5100 3439 5156 nullus

2032 5133 2136 5142 --.υ
2358 5133 2472 5146 ην..
2503 5133 2515 5146 .
2558 5133 2614 5147 σν
2649 5133 2871 5149 μων...
2903 5137 2916 5150 .
2946 5133 3054 5150 μυ..
3124 5133 3228 5154 υυι.
3260 5133 3436 5156 ιιυιιιιδ

220 5133 376 5259 Cll/tt:
628 5143 904 5259 apostolus
937 5147 1279 5259 dicat,hluslo
1311 5153 1396 5211 lea:
1425 5174 1530 5214 non
1559 5169 1634 5216 est
1666 5179 1755 5232 pa-
1854 5174 1926 5228 sit
1957 5133 2256 5245 hominum,
2293 5180 2396 5235 nisi
2423 5133 2582 5252 que‘in
2609 5182 2814 5238 salvum
2829 5183 2953 5240 ﬁeri
2973 5133 3149 5254 velleit,
3178 5189 3272 5245 sed
3291 5187 3436 5259 quod

146 5227 270 5350 Ζῗέ
303 5228 749 5350 SlA-Emathii)“:
781 5244 1056 5350 queniodo
1093 5245 1374 5350 Psalmista
1419 5253 1593 5350 legem
1650 5227 1753 5315 sibi
2550 5273 2700 5328 velit.
2744 5273 2823 5330 Ac
2861 5275 3084 5346 proinde
3121 5227 3272 5350 quod
3301 5227 3435 5336 dicit

142 5316 274 5410 dari
303 5321 509 5410 poscit,
539 5322 750 5391 dicens,
772 5327 958 5400 Legem
983 5350 1120 5404 pone
1155 5339 1304 5407 mihi,
1331 5316 1567 5410 Domine,
1617 5349 1752 5404 viam

1851 5371 2046 5419 omnes,
2081 5371 2111 5410 a
2135 5364 2250 5413 toto
2279 5369 2489 5428 partem
2524 5361 2750 5434 intelligi
2775 5365 2982 5420 voluit:
3020 5367 3244 5434 scilicet,
3289 5373 3432 5440 quod

1554 5407 1561 5410 _
2084 5407 2111 5410 -_
2138 5407 2242 5413 η--
2281 5407 2489 5428 ραν.--
2524 5407 2750 5434 -..--...,,.
2786 5407 2942 5420 ,νηη-
2969 5407 2982 5420 .
3020 5407 3244 5434 suum“,
3289 5407 3431 5440 ιμωυ

139 5407 607 5480 iustiﬁcationum
677 5425 926 5489 tuarum,
983 5436 1035 5482 et
1080 5431 1351 5501 camaram
1393 5452 1510 5491 eam
1554 5455 1754 5511 semper
1850 5459 2040 5502 omnes
2077 5461 2172 5503 eos
2210 5449 2388 5506 salvos
2423 5451 2542 5507 ﬁeri
2582 5453 2742 5521 velit,
2773 5471 2911 5526 quos
2951 5472 3016 5512 ex
3052 5461 3199 5515 omni
3235 5476 3435 5531 genere

135 5498 339 5569 (Pul'
367 5518 557 5572 cxv'"!
1851 5537 2087 5581 hnmann
2128 5538 2412 5581 salvanan
2439 5557 2559 5581 occa
2592 5543 2812 5581 almae-it
2870 5546 2940 5581 Δη
2970 5563 3069 5581 περ..
3089 5550 3192 5581 Ιιηη
3218 5560 3424 5581 mnum-

217 5518 339 5557 sas.
367 5518 557 5572 csvm,
587 5518 709 5572 55)!

1851 5537 2087 5592 humano
2128 5538 2412 5596 salvandos
2439 5557 2559 5598 esse
2592 5543 2834 5618 elegerit.
2861 5546 2940 5604 Ac
2970 5563 3069 5620 per
3088 5550 3193 5607 hoc
3217 5560 3431 5608 animus

213 5648 246 5680 ι
293 5636 471 5706 Edit.,
511 5658 581 5698 ea:
599 5657 790 5704 monte.

209 5709 246 5751 δ
290 5706 471 5776 Edit.,
509 5716 826 5776 servitutem.

213 5787 258 5839 ι
289 5776 476 5845 Edim,
516 5783 738 5848 neglexi.

1918 5675 1946 5716 δ
1988 5677 2128 5756 Edit.
2159 5677 2212 5732 in
2251 5687 2478 5756 utroque
2504 5682 2624 5741 loco
2650 5701 2828 5756 quam.

1923 5760 1946 5787 ε
1987 5749 2155 5814 Εάίι.,
2193 5749 2415 5820 proﬁcit.
