3974 6306
613 345 716 405 699

1706 339 1714 344 ’
1755 335 1812 390 S.
1852 330 2115 391 JULlANl
2153 327 2462 386 EPlSCOl’l
2503 330 2849 388 'l'OLETANl
3017 353 3021 356 -
3686 349 3752 405 703

611 463 754 517 rium
785 475 893 517 non
921 468 1003 518 cst
1032 457 1109 514 illi
1137 456 1448 521 sentcntiae,
1482 455 1620 509 Deus
1649 452 1734 507 cui
1766 449 1870 505 vult
1900 449 2192 508 miseretur,
2225 449 2267 504 Α
2300 443 2548 500 videlicet
2578 460 2740 515 supra
2771 446 3018 502 homines
3045 457 3186 504 sunt.

611 563 659 608 et
705 568 858 624 quem
893 549 999 606 vult
1033 550 1248 604 indurat
1294 565 1312 603 :
1356 547 1483 616 quia
1521 553 1575 599 et
1619 542 1705 599 cui
1749 541 2059 603 miseretur,
2100 551 2198 605 per

614 641 1041 698 misericordiam
1091 639 1360 702 salvatnr;
1414 652 1573 706 quem
1633 633 1914 688 indurasse
1978 629 2192 691 dicitur,

613 747 710 803 per
752 731 1018 803 judicium
1067 730 1420 799 relinquetur.
1499 725 1756 780 lndurare
1806 721 1951 778 enim
2001 717 2198 774 dicitur

613 825 758 880 Dens
793 835 919 878 eum
955 836 1114 892 quem
1166 820 1375 876 mollire
1414 817 1676 882 noluerit,
1717 816 1859 871 sicut
1897 812 2062 868 etiam
2103 823 2198 865 ex-

612 929 819 970 caecare
847 913 1107 970 dicendus
1134 921 1217 968 est
1240 927 1364 968 eum
1388 925 1549 981 quem
1597 908 1906 966 illuminare
1931 904 2193 970 noluerit,

610 1007 696 1064 vel
735 1006 996 1077 repellere
1025 1020 1149 1062 eum
1177 1020 1338 1076 quem
1370 1019 1564 1060 vocare
1593 1003 1882 1060 destiterit.

1101 1111 1505 1152 INTERROGATIO
1541 1111 1710 1152 LXXII.

677 1188 812 1246 Cum
837 1187 1038 1243 Paulus
1072 1189 1126 1243 in
1147 1187 1385 1258 Epistola
1411 1189 1479 1243 ad
1504 1188 1846 1244 Timotheum
1867 1190 2049 1260 prima
2074 1205 2197 1246 mu-

612 1282 772 1336 lieres
811 1283 864 1337 in
903 1282 1131 1338 ecclesia
1171 1294 1350 1338 tacere
1384 1283 1682 1352 praecipiat,
1719 1284 1964 1350 dicendo,
1999 1285 2198 1341 Docere

610 1378 785 1424 autem
813 1368 1120 1428 mulieribus
1155 1386 1259 1424 non
1284 1369 1526 1440 permitto
1560 1368 1614 1440 (I
1647 1368 1783 1426 Tim.
1814 1387 1874 1438 ιι,
1905 1370 1994 1443 12)
2022 1390 2035 1428 :
2065 1387 2197 1443 quo-

612 1462 774 1517 modo
818 1461 886 1516 ad
913 1460 1095 1515 Titum
1142 1459 1406 1524 scribens,
1453 1459 1676 1516 docendi
1723 1459 1939 1518 feminis
1994 1462 2197 1518 tribuat

609 1560 959 1624 potestatem,
999 1552 1053 1607 id
1079 1560 1184 1617 est,
1220 1558 1280 1606 ut
1305 1551 1430 1625 bene
1460 1551 1699 1606 docentes
1735 1552 1854 1618 sint,
1887 1561 1934 1608 et
1968 1553 2198 1624 pruden-

610 1644 742 1698 tiam
769 1643 987 1698 doceant
1011 1641 1139 1715 (Tit.
1169 1658 1230 1709 ιι,
1259 1641 1310 1706 5,
1341 1641 1435 1713 4)?

681 1769 968 1811 nassossro
993 1753 1094 1828 (Ex
1116 1753 1451 1828 Hieronym.,
1480 1752 1834 1828 gemmentar.
1865 1755 1920 1810 in
1949 1754 2122 1828 Epist.

1153 1825 1222 1878 ad
1247 1823 1382 1878 Tim.
1408 1833 1455 1880 et
1479 1824 1626 1896 Tit.).

2337 535 2428 590 EX
2469 535 2802 593 EPISTOLA
2858 538 2917 592 B.
2958 538 3162 596 PAULI
3199 540 3287 598 AD
3322 541 3664 613 TIMOTHEUM
3691 563 3732 618 ll.

2780 647 3178 692 INTERROGATIO
3215 654 3387 694 LXXIV.

2367 721 2501 776 Cum
2529 721 2726 778 Paulus
2751 723 3036 782 Timotheo
3055 728 3340 797 ιιι-πάριθι,
3363 732 3525 793 dicens
3547 739 3674 797 :Noli
3689 764 3757 800 ver-

2300 812 2376 866 bis
2409 814 2714 868 contendere
2761 813 2848 885 (II
2900 815 3034 870 Tim.
3073 833 3132 884 ιι,
3184 820 3266 893 Η)
3291 862 3305 888 ,
3335 830 3572 894 quomodo
3601 838 3712 902 quasi
3740 856 3759 894 ε

2299 907 2572 962 contrario
2620 905 2833 962 videtur
2877 908 2998 964 Tito
3044 910 3236 966 iterum
3277 919 3577 990 praecepisse,
3613 924 3655 979 in
3683 927 3760 984 loco

2299 999 2408 1062 illo,
2449 1001 2540 1055 ubi
2590 1000 2764 1070 qualis
2807 1001 2965 1057 debet
3010 1018 3129 1058 esse
3177 1007 3459 1079 cpiscopus,
3496 1013 3691 1083 instituit,
3709 1022 3760 1074 di-

2299 1105 2428 1148 cens
2456 1109 2466 1144 :
2498 1090 2567 1145 Ut
2601 1101 2782 1163 potens
2810 1093 2874 1146 sit
2906 1093 2960 1147 in
2991 1093 3229 1152 doctrina
3259 1115 3400 1166 sana,
3429 1112 3471 1156 et
3497 1109 3762 1164 contradicen-

2299 1190 2372 1235 ιω
2403 1183 2656 1236 revincere
2680 1179 2808 1253 (Tit.
2837 1199 2876 1247 ι,
2908 1183 3002 1254 9)?

2931 1292 3158 1334 RESPONS
3167 1295 3237 1336 ιο.

2370 1365 2496 1420 [hec
2528 1365 2636 1421 duo
2668 1381 2788 1436 qua:
2826 1368 3076 1424 videnlur
3111 1374 3381 1429 contraria
3418 1391 3557 1447 quam
3591 1379 3765 1438 diﬁeren-

2299 1455 2429 1510 tiam
2455 1455 2706 1522 habeant,
2745 1457 2797 1512 in
2832 1458 2988 1516 libris
3023 1463 3196 1518 sancti
3219 1461 3482 1536 Augustini
3505 1467 3764 1526 DeDoctrina

2297 1548 2596 1604 christiana
2625 1550 2706 1606 sic
2729 1550 3076 1609 inveniuntur
3095 1557 3342 1626 exposita
3371 1558 3496 1632 (Lib.
3520 1577 3582 1627 tv,
3605 1564 3763 1634 “p.98,

2297 1653 2351 1692 η.
2378 1637 2489 1710 61).
2527 1637 2617 1693 Ait
2651 1641 2825 1706 enim,
2864 1642 2968 1698 hoc
3006 1645 3184 1714 ipsum
3227 1649 3561 1706 testimonium
3577 1651 3766 1723 Paulipo-
3869 1699 3871 1704 .

2296 1743 2451 1793 nens,
2478 1729 2606 1784 Noli
2643 1731 2808 1787 verbis
2836 1735 3182 1803 contendere;
3221 1738 3288 1791 ad
3312 1739 3434 1793 nihil
3461 1742 3577 1794 enim
3597 1741 3690 1797 utile
3704 1755 3763 1806 est,

2225 1802 2276 1864 Β
2302 1819 2403 1872 nisi
2433 1819 2502 1872 ad
2560 1821 2942 1877 subversionem
2989 1802 3337 1882 audientium.
3394 1828 3486 1886 Ubi
3515 1831 3660 1885 statim

682 1914 814 1982 Qua:
853 1915 928 1970 ita
964 1929 996 1969 a
1029 1911 1341 1983 majoribus-
1364 1913 1662 1980 solvuntur,
1700 1918 1759 1970 ut
1787 1916 2060 1970 contraria
2097 1917 2200 1973 sibi

2293 1907 2476 1979 junsit
2497 1929 2508 1963 :
2535 1930 2552 1964 ι
2574 1910 2683 1968 Nec
2700 1915 2847 1969 enim
2874 1915 2978 1971 hoc
2991 1915 3115 1972 ideo
3135 1917 3335 1973 dictum
3354 1930 3449 1988 est,
3469 1929 3521 1976 ut
3537 1922 3769 1978 adversariis

613 2007 761 2063 nullo
801 2008 962 2062 modo
995 2006 1302 2062 videantur.
1352 2005 1444 2062 Sic
1479 2006 1624 2060 enim
1661 2006 2064 2078 intelligendum
2093 2017 2198 2075 est,

615 2112 674 2158 ιιι
710 2102 766 2156 in
809 2101 957 2156 viros
1003 2099 1218 2154 feminis
1261 2099 1332 2154 sit
1371 2099 1614 2154 doctrina
1661 2099 1894 2166 sublata,
1945 2109 2202 2157 cartorum

613 2191 1044 2249 adolescentulus
1087 2191 1348 2259 doceant,
1396 2191 1551 2260 quasi
1599 2191 1740 2246 filias
1787 2207 1931 2247 suas.
1970 2192 2037 2247 Et
2081 2193 2202 2250 ideo

612 2301 736 2341 cum
768 2283 1021 2338 mulieres
1035 2282 1191 2352 jubet
1217 2283 1509 2353 Apostolus
1537 2291 1597 2339 ιιι
1619 2285 1754 2339 bene
1783 2285 2043 2341 docentes
2071 2287 2198 2352 sint,

611 2386 665 2433 et
698 2377 1042 2448 prudentiam
1073 2377 1334 2444 doceant,
1376 2375 1572 2432 docere
1606 2377 1844 2446 quidem
1865 2377 1971 2432 illis
2006 2378 2204 2447 permi-

609 2469 701 2535 sit,
740 2469 834 2524 sed
857 2467 1108 2535 feminas,
1139 2483 1247 2523 non
1274 2468 1420 2524 viros
1452 2484 1465 2522 :
1498 2476 1554 2522 et
1588 2468 1692 2524 hoc
1726 2484 1832 2523 non
1872 2469 1926 2522 in
1953 2470 2200 2534 ecclesia,

614 2561 710 2616 sed
733 2560 1019 2630 privatim,
1045 2566 1106 2614 ut
1134 2574 1241 2614 non
1269 2559 1339 2615 sit
1362 2565 1636 2628 praecepto
1675 2559 1752 2614 illi
1779 2559 2045 2628 superiori
2075 2575 2206 2616 con-

615 2652 845 2708 trarinm
869 2667 976 2722 quo
997 2648 1154 2720 jubet
1179 2658 1238 2705 ut
1269 2649 1525 2705 mulieres
1566 2651 1622 2704 in
1645 2649 1873 2707 ecclesia
1910 2658 2146 2706 taceant.

1097 2759 1502 2800 INTERROGATIO
1540 2760 1734 2799 LXXIII.

684 2839 821 2895 Cum
857 2837 1148 2907 Apostolus
1188 2837 1255 2892 de
1295 2837 1406 2891 Deo
1451 2837 1615 2902 dicat,
1663 2834 1766 2901 Qui
1807 2834 1973 2890 lucem
2001 2835 2204 2889 habitat

613 2929 1057 2993 inaccessibilem;
1099 2943 1250 2999 quem
1283 2927 1410 2981 vidit
1449 2925 1626 2980 nullus
1664 2926 1956 2992 hominum,
1985 2926 2075 2981 sed
2113 2942 2204 2980 nec

518 3098 524 3104 l
614 3021 788 3078 videre
833 3028 1000 3090 potest
1047 3017 1100 3090 (I
1143 3017 1278 3072 Tim.
1311 3016 1559 3089 vi,16)':
1601 3015 1873 3088 quomodo
1916 3015 2204 3072 Psalmista

615 3115 769 3179 dicit,
819 3113 1064 3168 Accedite
1097 3111 1167 3166 ad
1189 3111 1495 3178 Dominum,
1529 3121 1576 3166 et
1600 3109 1979 3166 illuminamini
2029 3109 2200 3183 (Psal.

617 3299 663 3354 si
696 3299 870 3367 ipsam
913 3294 1119 3362 lucem,
1177 3303 1289 3366 qua
1323 3295 1616 3351 illuminari
1649 3309 1959 3366 possumus,
1995 3310 2103 3350 non
2133 3295 2212 3350 vi-

619 3389 845 3447 demus?
877 3387 936 3444 Si
959 3403 1090 3444 vere
1124 3387 1430 3442 accedendo
1465 3386 1532 3441 ad
1567 3400 1690 3442 eum
1710 3428 1726 3454 ,
1762 3387 1932 3457 ipsam
1955 3401 2061 3457 qua
2091 3384 2213 3440 illu-

618 3481 891 3537 minamur
907 3481 1085 3536 lucem
1105 3480 1370 3548 videmus,
1393 3480 1665 3551 quomodo
1683 3478 2074 3536 inacccssibilis
2093 3492 2213 3534 esse

615 3572 976 3645 perhibetur?
1633 3595 1637 3599 -
1831 3649 1834 3653 λ

619 3665 1020 3738 nrisPonsro(Ex
1043 3665 1266 3737 Gregor.
1297 3665 1500 3738 Ἀίδεω,
1537 3665 1631 3720 lib.
1695 3681 1793 3720 vni
1828 3663 1992 3730 Han,
2017 3680 2070 3718 ιι.
2095 3659 2210 3733 92).

691 3756 808 3826 Qua
861 3757 916 3812 in
957 3773 1018 3812 re
1055 3759 1389 3829 pensandum
1451 3766 1535 3814 est
1590 3755 1734 3828 quod
1782 3754 2210 3811 inaccessibilem

623 3849 781 3915 dixit,
816 3849 912 3904 sed
945 3849 1171 3914 homini,
1199 3853 1292 3905 sed
1324 3851 1562 3905 humana
1595 3849 1825 3918 sapienti
1850 3859 1900 3900 ο.
1928 3846 2212 3918 Scriptura

624 3941 824 4010 quippe
845 3954 999 3995 sacra
1020 3954 1209 3995 omnes
1223 3941 1522 3995 carnalium
1538 3947 1834 3996 sectatores
1856 3937 2213 3992 humanitatis

563 4020 574 4030 ’
627 4030 845 4086 nomine
869 4031 1148 4086 nominare
1171 4029 1198 4070 δ
1220 4031 1375 4086 solet.
1396 4031 1549 4087 Unde
1561 4031 1628 4086 de
1651 4031 1852 4086 eisdem
1869 4027 2162 4098 Apostolus
2185 4039 2207 4067 ε

625 4122 949 4192 quibusdam
979 4122 1412 4178 discordantibus
1435 4121 1563 4179 dicit
1596 4139 1608 4174 :
1639 4120 1770 4176 Cum
1799 4121 1936 4175 enim
1975 4120 2040 4174 sit
2076 4120 2215 4174 inter

625 4230 711 4268 ros
743 4211 885 4268 zelus
915 4223 962 4267 et
989 4213 1269 4279 contentio,
1297 4229 1468 4268 nonne
1502 4212 1740 4268 carnales
1774 4213 1916 4276 estis,
1949 4220 1997 4266 et
2029 4227 2215 4266 secun-

625 4303 752 4356 dum
791 4303 1060 4356 hominem.
1088 4303 1368 4358 ambulatis
1418 4301 1470 4372 (I
1517 4301 1638 4358 Cor.
1674 4319 1756 4369 ιιι,
1783 4303 1837 4367 5,
1874 4301 1966 4373 4)ἳ
2003 4299 2214 4368 Quibus

619 4392 784 4463 paulo
816 4401 940 4464 post
965 4393 1184 4465 subjieit
1226 4412 1239 4449 :
1279 4393 1468 4450 Nonne
1505 4395 1738 4450 homines
1763 4393 1926 4450 estis?
1965 4392 2034 4446 Et
2069 4391 2212 4446 unde

623 4487 761 4542 alias
796 4486 1165 4543 testimonium
1209 4487 1435 4558 protulit
1463 4502 1478 4542 :
1505 4486 1658 4553 Quod
1702 4485 1882 4542 oculus
1919 4502 2020 4538 non
2061 4485 2206 4548 vidit,

623 4595 716 4633 nec
746 4579 892 4636 auris
922 4578 1140 4645 audivit,
1178 4594 1270 4632 nec
1312 4577 1367 4630 in
1398 4593 1489 4632 cor
1529 4576 1752 4632 hominis
1787 4574 2043 4638 ascendit,
2090 4591 2210 4646 qua!

624 4669 938 4742 preparavit
992 4668 1134 4724 Deus
1179 4667 1516 4740 diligentibus
1583 4667 1692 4739 εει(
1717 4683 1776 4734 ιι,
1829 4667 1905 4739 9).
1957 4665 2024 4720 Et
2088 4679 2210 4720 cum

625 4760 937 4818 hominibus
965 4761 1188 4816 dixisset
1222 4759 1616 4825 absconditum,
1649 4773 1775 4813 mox
1801 4756 2040 4813 subdidit
2066 4773 2078 4809 :
2100 4753 2214 4810 No-

626 4853 703 4909 bis
722 4863 894 4908 autem
915 4853 1152 4909 revelavit
1173 4851 1199 4892 ἀ
1223 4869 1314 4925 per
1335 4851 1590 4924 Spiritum
1615 4865 1766 4906 suum
1791 4849 1859 4921 (υ.
1901 4849 2011 4921 10),
2037 4849 2213 4918 ipsum

627 4958 686 4999 se
707 4945 776 4999 ab
795 4943 1032 4999 hominis
1051 4943 1336 5002 vocatione
1359 4941 1692 5004 discernens,
1717 4940 1808 5010 qui
1839 4948 2022 5010 raptus
2049 4952 2214 5008 supra

625 5035 903 5090 hominem
946 5035 1126 5091 divina
1166 5035 1281 5106 jam
1329 5043 1568 5106 saperet.
1619 5033 1697 5088 lta
1750 5032 1915 5086 etiam
1964 5031 2068 5086 hoc
2095 5029 2216 5087 loco

626 5143 753 5184 cum
788 5128 964 5184 lucem
989 5129 1087 5184 Dei
1115 5129 1540 5187 inaccessibilem
1573 5127 1821 5198 perhibet
1851 5138 1906 5192 ε,
1939 5135 1999 5181 ιιι
2034 5137 2218 5182 osten-

629 5219 781 5276 deret
811 5218 1008 5289 quibus
1040 5221 1276 5277 subdidit
1303 5237 1317 5276 :
1347 5221 1513 5288 Quem
1551 5219 1676 5275 vidit
1714 5216 1889 5274 nullus
1921 5218 2211 5286 hominum,

629 5312 720 5367 sed
775 5328 866 5366 nec
908 5312 1080 5366 videre
1120 5322 1305 5383 potest.
1363 5315 1513 5370 More
1565 5329 1662 5370 suo
1708 5312 1958 5368 homines
2015 5326 2216 5367 vocans

631 5418 821 5459 omnes
854 5403 1091 5458 humana
1131 5405 1418 5473 sapientes,
1485 5405 1611 5476 quia
1641 5404 1734 5475 qui
1787 5403 1969 5460 divina
2002 5401 2218 5471 sapiunt

700 5552 728 5580 ει
767 5539 935 5608 Edit.,
976 5541 1067 5596 sed
1100 5541 1238 5595 omni
1265 5540 1462 5596 homini
1486 5542 1717 5596 humana
1743 5542 1988 5610 sapienti.
2017 5541 2097 5597 Ita
2119 5543 2215 5598 Be-

633 5611 912 5676 ncdict’ini,
946 5614 1041 5668 sed
1097 5611 1171 5666 ibi
1217 5621 1406 5666 notant
1445 5612 1704 5670 lectiones
1755 5611 1964 5681 aliquas
2016 5621 2215 5669 nostra:

635 5683 1104 5770 mmgr‘tt‘etttiores.
1211 5697 1217 5704 '

709 5756 734 5792 ι»
984 5763 1219 5837 notare.“
1307 5791 1350 5802 ρ

708 5836 728 5862 ί·
773 5825 936 5889 Edit.,
980 5827 1161 5880 iisdem
1191 5825 1484 5882 Lit-‘os’olus.

2241 4537 2296 4600 D

2301 2007 2736 2077 Oppugnantibus
2771 2009 3075 2076 veritatem,
3112 2011 3249 2066 nihil
3285 2028 3378 2074 nos
3400 2028 3490 2083 pro
3519 2014 3694 2069 veritate
3719 2015 3770 2069 tli-

2303 2113 2508 2154 cantus.
2547 2098 2612 2152 Et
2638 2101 2731 2156 ubi
2754 2101 2880 2166 erit,
2910 2102 3057 2171 quod
3082 2115 3209 2157 cum
3236 2103 3771 2177 ostenderettqualisesse
3871 2098 3873 2166 ἒ

2302 2192 2586 2263 episcopus
2625 2194 2838 2262 debeat,
2872 2197 2949 2252 ait
2992 2197 3134 2254 inter
3174 2210 3385 2266 cratera,
3419 2197 3482 2253 Ut
3508 2199 3772 2269 potcmsitjs
3872 2195 3873 2198 “

2302 2282 2542 2338 doctrina
2577 2302 2740 2351 sana,
2770 2295 2816 2340 et
2855 2288 3274 2344 contradicentes
3312 2288 3621 2362 redarguere?
3649 2286 3773 2341 Verbis

2303 2374 2448 2428 enim
2491 2377 2840 2444 contendere,
2883 2386 2968 2433 est
3005 2394 3113 2433 non
3164 2397 3373 2447 curare,
3417 2381 3644 2452 quomodo
3675 2392 3774 2433 error

2304 2479 2336 2520 a
2356 2467 2584 2524 veritate
2618 2468 2884 2534 vincatur,
2921 2471 3015 2526 sed
3040 2475 3311 2542 quomodo
3347 2481 3433 2530 tua
3465 2475 3604 2531 dictio
3626 2471 3774 2530 dictioni

2303 2556 2624 2628 praeferatur
2652 2559 2894 2618 alterius.
2925 2562 3095 2620 Porro
3122 2565 3219 2635 qui
3243 2582 3350 2622 non
3377 2566 3539 2622 verbis
3564 2562 3772 2623 contendi.

2305 2648 2418 2704 sive
2453 2651 2740 2718 submisse,
2781 2653 2894 2708 sive
2923 2662 3244 2725 temperate,
3273 2659 3386 2714 sive
3409 2657 3644 2729 granditer
3669 2656 3776 2716 dicat.

2306 2741 2361 2797 id
2416 2745 2528 2816 agit
2568 2747 2748 2802 verbis
2793 2756 2854 2804 ut
2898 2750 3098 2805 veritas
3144 2761 3362 2821 pateat,
3410 2753 3583 2807 veritas
3620 2750 3775 2818 placant,

2307 2835 2507 2891 veritas
2539 2847 2772 2894 moveat.
2820 2859 2837 2890 ι
2881 2839 3014 2896 Cum
3048 2857 3179 2912 ergo
3215 2852 3400 2899 contra
3433 2843 3669 2899 veritatem
3695 2853 3778 2894 con-

2311 2923 2566 2992 tenditur,
2603 2929 2860 2986 vanitatis
2895 2939 2980 2986 est
3009 2932 3217 2987 vitium.
3253 2933 3386 2988 Cum
3425 2942 3583 2987 autem
3611 2929 3780 2984 minister

2308 3013 2590 3070 verbi-Dei
2625 3026 2818 3086 potens
2855 3036 2975 3076 esse
2995 3019 3222 3090 jubetur
3263 3023 3319 3077 in
3359 3021 3576 3078 doctrina
3612 3034 3722 3080 sana,
3745 3023 3781 3070 ut

2310 3105 2742 3165 contradicentes
2786 3111 3153 3179 revincantur,
3197 3113 3483 3184 spiritualis
3511 3111 3711 3168 doctrina
3733 3114 3782 3161 est
3876 3163 3877 3174 i

615 3208 811 3272 smn,
849 3205 940 3278 6)?
981 3204 1260 3272 Quomodo
1301 3220 1432 3276 ergo
1472 3202 1777 3260 accedendo
1817 3202 2204 3267 illuminamur,
2237 3171 2286 3270 CI
2316 3195 2708 3269 magisterium,
2733 3215 2841 3271 quo
2871 3204 3107 3270 veritati,
3143 3221 3252 3260 non
3277 3205 3492 3261 vanitati
3519 3203 3715 3260 servitur.

2806 3311 3210 3355 INTERROGATIO
3248 3315 3406 3356 ιιιγ.

2385 3385 2664 3452 Quomodo
2711 3385 2910 3444 Paulus
2949 3389 3296 3445 Timotheum
3339 3391 3622 3451 admoneat,
3660 3387 3786 3453 Argue.

2315 3477 2545 3542 obsecra,
2569 3479 2782 3549 increpa
2808 3481 2864 3534 in
2885 3482 3026 3538 omni
3049 3482 3304 3550 patientia
3331 3493 3378 3537 et
3400 3482 3610 3535 doctrina
3623 3475 3688 3549 (Il
3702 3474 3786 3528 Tia.

2314 3585 2390 3634 tv,
2421 3569 2476 3640 2)
2505 3585 2520 3624 :
2546 3585 2671 3626 eum
2706 3585 2738 3627 e
2766 3573 3041 3627 contrario
3086 3572 3211 3630 Tito
3249 3574 3532 3644 prmcipiat,
3557 3572 3692 3640 Argue
3715 3578 3788 3617 αυη

2315 3661 2455 3716 omni
2477 3660 2696 3731 imperio
2724 3659 2852 3732 (Tit.
2877 3678 2938 3729 ιι,
2963 3662 3088 3736 15)?

2347 3787 2633 3830 ansrousm
2661 3772 2763 3844 (Ex
2785 3771 3010 3844 Gregor.
3037 3773 3244 3919 Maps)”
3282 3775 3409 3848 Reg.
3439 3774 3573 3830 Pasl.
3592 3779 3697 3844 part.
3721 3779 3772 3828 ιιι,

2969 3863 3087 3917 cap.
3220 3887 3236 3901 .

2969 3863 3087 3917 cap.

2387 3931 2527 4000 Quid
2562 3941 2646 3988 est
2675 3934 2820 4004 quod
2847 3933 3152 3990 doctrinam
3181 3952 3337 3992 suam
3372 3944 3513 3992 tanta
3537 3941 3635 3988 arte
3650 3929 3793 3994 dispel-

2317 4036 2423 4092 sat,
2451 4035 2512 4082 ut
2535 4042 2600 4082 ex
2621 4026 2708 4082 his
2729 4027 2938 4082 duobus
2971 4027 3130 4084 alteri
3158 4028 3446 4100 imperium
3471 4026 3512 4092 ί,
3543 4032 3674 4094 atque
3695 4014 3795 4074 αῑιετὶ

2315 4117 2631 4187 patientiam
2668 4126 2948 4188 praeponat
2975 4120 3022 4186 ε,
3049 4119 3162 4173 ‘nisi
3194 4120 3340 4189 quod
3377 4112 3704 4174 mansuetionis

2317 4212 2454 4267 ritus
2485 4211 2666 4266 Titum
2685 4251 2699 4278 ,
2741 4219 2796 4266 et
2827 4211 2989 4281 paulo
3031 4211 3382 4268 ferventioris
3407 4211 3534 4266 vidit
3557 4201 3796 4265 esse'l'im0‘

2318 4302 2540 4357 tbeum?
2583 4302 2738 4357 Illum
2776 4317 2873 4372 per
2909 4301 3274 4358 aemulationis
3312 4302 3538 4358 studium
3571 4294 3796 4354 inﬂamm

2317 4393 2461 4447 hunc
2483 4407 2580 4462 per
2607 4393 2882 4448 lenitatem
2915 4393 3194 4463 patientia
3225 4399 3506 4463 temperat.

2444 4486 2538 4541 EX
2575 4484 2910 4542 EPISTOLA
2950 4485 3011 4540 B.
3043 4483 3249 4541 PAULI
3286 4485 3382 4541 AD
3417 4475 3724 4540 ΗΕΒΒιΕΟΘι

2800 4593 3204 4634 ιΝι-ειιιιοωτιο
3239 4593 3431 4645 uxvr,

2387 4671 2522 4727 Cum
2559 4670 2614 4727 in
2637 4669 2876 4740 Epistula
2912 4670 2980 4726 ad
3000 4669 3258 4726 Hebraeos
3291 4669 3546 4740 scriptum
3571 4653 3648 4728 sit,
3680 4651 3803 4714 0111³⁵⁸

2316 4762 2460 4816 nuda
2497 4771 2545 4816 et
2570 4769 2753 4836 aperta
2791 4769 2913 4815 sunt
2949 4759 3114 4816 oculis
3148 4760 3266 4830 ejus
3290 4759 3480 4834 (Hebr.
3505 4771 3574 4824 tv,
3601 4749 3803 4843 ιδμψιίξ

2317 4857 2478 4912 modo
2499 4855 2761 4910 Dominus
2781 4855 2924 4910 mala
2945 4847 3306 4910 Sodomorum
3331 4857 3688 4924 increpatarus,
3705 4849 3804 4911 ιωι

2319 4949 2578 5020 ignorans
2606 4947 2673 5002 de
2699 4947 2779 5002 eis
2813 4947 2993 5004 dicere
3020 4946 3254 5014 videtur,
3285 4945 3616 5009 Descendunt,
3637 4948 3675 4994 et
3692 4929 3805 4989 ιιίάδν

2318 5048 2495 5093 utrum
2531 5036 2810 5092 clamorem
2837 5038 2927 5110 qui
2963 5037 3096 5093 venit
3124 5038 3194 5092 ad
3219 5055 3300 5094 me
3343 5055 3492 5110 opere
3514 5023 3804 5105 complmﬁl‘v

2319 5147 2388 5184 an
2421 5145 2524 5185 non
2549 5137 2626 5184 est
2659 5130 2764 5193 ita,
2799 5137 2856 5184 ut
2885 5131 3048 5184 sciam
3079 5128 3236 5201 (Gen.
3263 5146 3432 5194 xvm,
3466 5127 3584 5200 2i)?
3629 5125 3635 5130 ’

2320 5237 2603 5280 nassonem
2643 5221 2746 5294 (Ex
2783 5221 2905 5276 eod.
2941 5220 3128 5291 Grcg.,
3168 5221 3260 5277 lib.
3285 5239 3378 5278 xxx
3413 5222 3567 5286 Men,
3599 5230 3714 5271 num.
3737 5202 3806 5273 ιθ)

2396 5312 2467 5370 Ut
2490 5329 2590 5370 nos
2613 5320 2804 5370 auctor
2826 5313 2952 5370 vita:
2972 5324 3172 5370 nostra:
3198 5329 3231 5368 a
3262 5315 3586 5385 praecipitata
3611 5294 3809 5364 sententi?

2318 5405 2622 5476 prolatione
2663 5413 3059 5476 compesceret,
3097 5420 3220 5462 cum
3245 5405 3428 5463 omnia
3455 5403 3588 5460 nuda
3613 5406 3668 5468 et.
3688 5391 3811 5462 alter”

2387 5544 2416 5584 ἀ
2455 5543 2600 5599 Edit.
2636 5541 3050 5614 postrevelavit,
3079 5541 3285 5597 addunt
3313 5539 3475 5595 Deus.

2393 5612 2981 5686 ῗΕαὶιοίρετέιίθετςεέε
3173 5683 3183 5686 ,
3288 5664 3343 5686 --
3434 5681 3490 5686 __
3630 5673 3640 5686 .

2397 5685 2418 5724 ί
2460 5667 2650 5740 Edim
2669 5667 2732 5736 'u:
2760 5684 2814 5736 in
2840 5667 3131 5736 ealtibenda
3163 5683 3262 5740 hac
3288 5667 3445 5737 alteri
3473 5673 3726 5748 imperium,
3749 5667 3802 5715 etc

2396 5758 2420 5797 ⁸
2459 5755 2602 5810 Edit.
2637 5754 2830 5808 melius
2865 5769 2876 5804 :
2913 5763 3192 5822 proponat.
3735 5753 3758 5784 ⁸
