  <div class='ocr_page' id='page_1' title='image "/cluster/home/n/w/nwhite01/storage/ocr_20150623/96/hvd.32044015471204/356.png"; bbox 0 0 3974 6306; ppageno 0'>
   <div class='ocr_carea' id='block_1_1' title="bbox 188 353 286 409">
    <p class='ocr_par' dir='ltr' id='par_1_1' title="bbox 188 353 286 409">
     <span class='ocr_line' id='line_1_1' title="bbox 188 353 286 409; baseline 0.02 -2"><span class='ocrx_word' id='word_1_1' title='bbox 188 353 286 409; x_wconf 73' lang='grc' dir='ltr'><strong>ῖυι</strong></span> 
     </span>
    </p>
   </div>
   <div class='ocr_carea' id='block_1_2' title="bbox 1187 347 2493 422">
    <p class='ocr_par' dir='ltr' id='par_1_2' title="bbox 1187 347 2493 422">
     <span class='ocr_line' id='line_1_2' title="bbox 1187 347 2493 422; baseline 0.001 -17"><span class='ocrx_word' id='word_1_2' title='bbox 1187 348 1700 408; x_wconf 57' lang='lat' dir='ltr'><strong>unumunum</strong></span> <span class='ocrx_word' id='word_1_3' title='bbox 1740 347 1921 404; x_wconf 80' lang='lat' dir='ltr'><strong>unm</strong></span> <span class='ocrx_word' id='word_1_4' title='bbox 1956 347 2116 422; x_wconf 78' lang='lat' dir='ltr'><strong>nuo.</strong></span> <span class='ocrx_word' id='word_1_5' title='bbox 2157 380 2229 390; x_wconf 87' lang='grc'><strong><em>-</em></strong></span> <span class='ocrx_word' id='word_1_6' title='bbox 2264 351 2390 407; x_wconf 69' lang='grc' dir='ltr'>ιιι).</span> <span class='ocrx_word' id='word_1_7' title='bbox 2431 353 2493 408; x_wconf 94' lang='grc' dir='ltr'>ιι.</span> 
     </span>
    </p>
   </div>
   <div class='ocr_carea' id='block_1_3' title="bbox 3349 359 3451 418">
    <p class='ocr_par' dir='ltr' id='par_1_3' title="bbox 3349 359 3451 418">
     <span class='ocr_line' id='line_1_3' title="bbox 3349 359 3451 418; baseline 0.059 -6"><span class='ocrx_word' id='word_1_8' title='bbox 3349 359 3451 418; x_wconf 65' lang='lat'><strong>703</strong></span> 
     </span>
    </p>
   </div>
   <div class='ocr_carea' id='block_1_4' title="bbox 182 455 3450 544">
    <p class='ocr_par' dir='ltr' id='par_1_4' title="bbox 182 455 3450 544">
     <span class='ocr_line' id='line_1_4' title="bbox 182 455 3450 544; baseline 0.001 -17"><span class='ocrx_word' id='word_1_9' title='bbox 182 471 293 527; x_wconf 78' lang='lat' dir='ltr'><strong>sint</strong></span> <span class='ocrx_word' id='word_1_10' title='bbox 337 468 512 529; x_wconf 79' lang='lat' dir='ltr'><strong>oculis</strong></span> <span class='ocrx_word' id='word_1_11' title='bbox 550 465 686 538; x_wconf 78' lang='lat' dir='ltr'><strong>ejus,</strong></span> <span class='ocrx_word' id='word_1_12' title='bbox 736 467 879 522; x_wconf 86' lang='lat' dir='ltr'><strong>mala</strong></span> <span class='ocrx_word' id='word_1_13' title='bbox 920 472 1102 522; x_wconf 87' lang='lat' dir='ltr'><strong>tamen</strong></span> <span class='ocrx_word' id='word_1_14' title='bbox 1145 466 1502 524; x_wconf 82' lang='lat' dir='ltr'><strong>Sodomorum</strong></span> <span class='ocrx_word' id='word_1_15' title='bbox 1542 482 1569 511; x_wconf 73' lang='grc' dir='ltr'>ει</span> <span class='ocrx_word' id='word_1_16' title='bbox 1603 468 1773 525; x_wconf 86' lang='lat' dir='ltr'><strong>noluit</strong></span> <span class='ocrx_word' id='word_1_17' title='bbox 1797 470 1851 534; x_wconf 77' lang='grc' dir='ltr'><strong>Α</strong></span> <span class='ocrx_word' id='word_1_18' title='bbox 1877 469 2057 525; x_wconf 84' lang='lat' dir='ltr'><strong>animo</strong></span> <span class='ocrx_word' id='word_1_19' title='bbox 2084 469 2218 534; x_wconf 85' lang='lat' dir='ltr'><strong>solo,</strong></span> <span class='ocrx_word' id='word_1_20' title='bbox 2246 477 2304 525; x_wconf 91' lang='lat' dir='ltr'><strong>ut</strong></span> <span class='ocrx_word' id='word_1_21' title='bbox 2329 486 2452 526; x_wconf 87' lang='lat' dir='ltr'><strong>cum</strong></span> <span class='ocrx_word' id='word_1_22' title='bbox 2488 471 2604 542; x_wconf 89' lang='lat' dir='ltr'><strong>lege</strong></span> <span class='ocrx_word' id='word_1_23' title='bbox 2625 470 2722 527; x_wconf 87' lang='lat' dir='ltr'><strong>Del</strong></span> <span class='ocrx_word' id='word_1_24' title='bbox 2753 455 2924 529; x_wconf 79' lang='lat' dir='ltr'><strong>excoli</strong></span> <span class='ocrx_word' id='word_1_25' title='bbox 2955 472 3200 542; x_wconf 82' lang='lat' dir='ltr'><strong>coeperit,</strong></span> <span class='ocrx_word' id='word_1_26' title='bbox 3227 486 3450 544; x_wconf 79' lang='lat' dir='ltr'><strong>surgant</strong></span> 
     </span>
    </p>
   </div>
   <div class='ocr_carea' id='block_1_5' title="bbox 181 555 1769 631">
    <p class='ocr_par' dir='ltr' id='par_1_5' title="bbox 181 555 1769 631">
     <span class='ocr_line' id='line_1_5' title="bbox 181 555 1769 631; baseline -0.003 -15"><span class='ocrx_word' id='word_1_27' title='bbox 181 561 368 618; x_wconf 83' lang='lat' dir='ltr'><strong>audita</strong></span> <span class='ocrx_word' id='word_1_28' title='bbox 401 559 666 631; x_wconf 84' lang='lat' dir='ltr'><strong>judicare,</strong></span> <span class='ocrx_word' id='word_1_29' title='bbox 707 559 800 630; x_wconf 84' lang='lat' dir='ltr'><strong>qui</strong></span> <span class='ocrx_word' id='word_1_30' title='bbox 827 559 941 614; x_wconf 86' lang='lat' dir='ltr'><strong>ait:</strong></span> <span class='ocrx_word' id='word_1_31' title='bbox 965 555 1179 614; x_wconf 83' lang='lat' dir='ltr'><strong>Clamor</strong></span> <span class='ocrx_word' id='word_1_32' title='bbox 1209 558 1561 614; x_wconf 78' lang='lat' dir='ltr'><strong>Sodomorum</strong></span> <span class='ocrx_word' id='word_1_33' title='bbox 1595 569 1642 614; x_wconf 87' lang='lat' dir='ltr'><strong>et</strong></span> <span class='ocrx_word' id='word_1_34' title='bbox 1665 558 1769 614; x_wconf 85' lang='lat' dir='ltr'><strong>Go-</strong></span> 
     </span>
    </p>
   </div>
   <div class='ocr_carea' id='block_1_6' title="bbox 180 647 1770 719">
    <p class='ocr_par' dir='ltr' id='par_1_6' title="bbox 180 647 1770 719">
     <span class='ocr_line' id='line_1_6' title="bbox 180 647 1770 719; baseline -0.001 -15"><span class='ocrx_word' id='word_1_35' title='bbox 180 651 564 711; x_wconf 74' lang='lat' dir='ltr'><strong>morrhteorum</strong></span> <span class='ocrx_word' id='word_1_36' title='bbox 579 647 960 719; x_wconf 74' lang='lat' dir='ltr'><strong>multiplicatus</strong></span> <span class='ocrx_word' id='word_1_37' title='bbox 977 657 1072 712; x_wconf 87' lang='lat' dir='ltr'><strong>est,</strong></span> <span class='ocrx_word' id='word_1_38' title='bbox 1105 658 1151 702; x_wconf 86' lang='lat' dir='ltr'><strong>et</strong></span> <span class='ocrx_word' id='word_1_39' title='bbox 1176 658 1443 718; x_wconf 76' lang='lat' dir='ltr'><strong>peceatum</strong></span> <span class='ocrx_word' id='word_1_40' title='bbox 1473 665 1653 704; x_wconf 86' lang='lat' dir='ltr'><strong>eorum</strong></span> <span class='ocrx_word' id='word_1_41' title='bbox 1677 666 1770 719; x_wconf 89' lang='lat' dir='ltr'><strong>ag-</strong></span> 
     </span>
    </p>
   </div>
   <div class='ocr_carea' id='block_1_7' title="bbox 179 739 1767 813">
    <p class='ocr_par' dir='ltr' id='par_1_7' title="bbox 179 739 1767 813">
     <span class='ocr_line' id='line_1_7' title="bbox 179 739 1767 813; baseline -0.002 -17"><span class='ocrx_word' id='word_1_42' title='bbox 179 752 453 813; x_wconf 70' lang='lat' dir='ltr'><strong>gravatum</strong></span> <span class='ocrx_word' id='word_1_43' title='bbox 476 751 552 800; x_wconf 89' lang='lat' dir='ltr'><strong>est</strong></span> <span class='ocrx_word' id='word_1_44' title='bbox 582 742 738 797; x_wconf 87' lang='lat' dir='ltr'><strong>nimis</strong></span> <span class='ocrx_word' id='word_1_45' title='bbox 765 758 778 794; x_wconf 91' lang='lat'>:</span> <span class='ocrx_word' id='word_1_46' title='bbox 803 739 1126 795; x_wconf 81' lang='lat' dir='ltr'><strong>Descendunt</strong></span> <span class='ocrx_word' id='word_1_47' title='bbox 1157 749 1204 793; x_wconf 84' lang='lat' dir='ltr'><strong>et</strong></span> <span class='ocrx_word' id='word_1_48' title='bbox 1251 740 1429 794; x_wconf 73' lang='lat' dir='ltr'><strong>ridebo</strong></span> <span class='ocrx_word' id='word_1_49' title='bbox 1459 749 1634 794; x_wconf 85' lang='lat' dir='ltr'><strong>utrum</strong></span> <span class='ocrx_word' id='word_1_50' title='bbox 1659 739 1767 794; x_wconf 88' lang='lat' dir='ltr'><strong>cla-</strong></span> 
     </span>
    </p>
   </div>
   <div class='ocr_carea' id='block_1_8' title="bbox 179 831 1770 907">
    <p class='ocr_par' dir='ltr' id='par_1_8' title="bbox 179 831 1770 907">
     <span class='ocr_line' id='line_1_8' title="bbox 179 831 1770 907; baseline -0.003 -17"><span class='ocrx_word' id='word_1_51' title='bbox 179 852 378 890; x_wconf 84' lang='lat' dir='ltr'><strong>morem</strong></span> <span class='ocrx_word' id='word_1_52' title='bbox 406 836 497 907; x_wconf 86' lang='lat' dir='ltr'><strong>qui</strong></span> <span class='ocrx_word' id='word_1_53' title='bbox 532 835 667 890; x_wconf 76' lang='lat' dir='ltr'><strong>venit</strong></span> <span class='ocrx_word' id='word_1_54' title='bbox 703 833 774 888; x_wconf 90' lang='lat' dir='ltr'><strong>ad</strong></span> <span class='ocrx_word' id='word_1_55' title='bbox 816 849 901 887; x_wconf 87' lang='lat' dir='ltr'><strong>me</strong></span> <span class='ocrx_word' id='word_1_56' title='bbox 932 849 1083 903; x_wconf 84' lang='lat' dir='ltr'><strong>apere</strong></span> <span class='ocrx_word' id='word_1_57' title='bbox 1129 831 1507 903; x_wconf 84' lang='lat' dir='ltr'><strong>compleverint,</strong></span> <span class='ocrx_word' id='word_1_58' title='bbox 1561 849 1631 886; x_wconf 87' lang='lat' dir='ltr'><strong>an</strong></span> <span class='ocrx_word' id='word_1_59' title='bbox 1664 846 1770 885; x_wconf 81' lang='lat' dir='ltr'><strong>non</strong></span> 
     </span>
    </p>
   </div>
   <div class='ocr_carea' id='block_1_9' title="bbox 176 922 1770 993">
    <p class='ocr_par' dir='ltr' id='par_1_9' title="bbox 176 922 1770 993">
     <span class='ocr_line' id='line_1_9' title="bbox 176 922 1770 993; baseline -0.003 -12"><span class='ocrx_word' id='word_1_60' title='bbox 176 936 254 982; x_wconf 81' lang='lat' dir='ltr'><strong>est</strong></span> <span class='ocrx_word' id='word_1_61' title='bbox 301 927 400 991; x_wconf 88' lang='lat' dir='ltr'><strong>ita,</strong></span> <span class='ocrx_word' id='word_1_62' title='bbox 440 935 496 980; x_wconf 86' lang='lat' dir='ltr'><strong>ut</strong></span> <span class='ocrx_word' id='word_1_63' title='bbox 541 927 727 980; x_wconf 87' lang='lat' dir='ltr'><strong>sciam.</strong></span> <span class='ocrx_word' id='word_1_64' title='bbox 781 923 1136 992; x_wconf 78' lang='lat' dir='ltr'><strong>Omnipotens</strong></span> <span class='ocrx_word' id='word_1_65' title='bbox 1186 922 1367 993; x_wconf 89' lang='lat' dir='ltr'><strong>itaque</strong></span> <span class='ocrx_word' id='word_1_66' title='bbox 1409 922 1668 977; x_wconf 85' lang='lat' dir='ltr'><strong>Dominus</strong></span> <span class='ocrx_word' id='word_1_67' title='bbox 1715 929 1770 976; x_wconf 88' lang='lat' dir='ltr'><strong>et</strong></span> 
     </span>
    </p>
   </div>
   <div class='ocr_carea' id='block_1_10' title="bbox 176 1013 1768 1085">
    <p class='ocr_par' dir='ltr' id='par_1_10' title="bbox 176 1013 1768 1085">
     <span class='ocr_line' id='line_1_10' title="bbox 176 1013 1768 1085; baseline -0.003 -12"><span class='ocrx_word' id='word_1_68' title='bbox 176 1018 365 1074; x_wconf 82' lang='lat' dir='ltr'><strong>omnia</strong></span> <span class='ocrx_word' id='word_1_69' title='bbox 408 1018 609 1084; x_wconf 88' lang='lat' dir='ltr'><strong>sciens,</strong></span> <span class='ocrx_word' id='word_1_70' title='bbox 644 1033 742 1073; x_wconf 87' lang='lat' dir='ltr'><strong>cur</strong></span> <span class='ocrx_word' id='word_1_71' title='bbox 777 1024 903 1072; x_wconf 90' lang='lat' dir='ltr'><strong>ante</strong></span> <span class='ocrx_word' id='word_1_72' title='bbox 935 1015 1306 1085; x_wconf 78' lang='lat' dir='ltr'><strong>probationem</strong></span> <span class='ocrx_word' id='word_1_73' title='bbox 1343 1013 1499 1083; x_wconf 89' lang='lat' dir='ltr'><strong>quasi</strong></span> <span class='ocrx_word' id='word_1_74' title='bbox 1538 1013 1768 1080; x_wconf 91' lang='lat' dir='ltr'><strong>dubitat,</strong></span> 
     </span>
    </p>
   </div>
   <div class='ocr_carea' id='block_1_11' title="bbox 176 1105 1768 1182">
    <p class='ocr_par' dir='ltr' id='par_1_11' title="bbox 176 1105 1768 1182">
     <span class='ocr_line' id='line_1_11' title="bbox 176 1105 1768 1182; baseline -0.004 -16"><span class='ocrx_word' id='word_1_75' title='bbox 176 1111 284 1166; x_wconf 83' lang='lat' dir='ltr'><strong>nisi</strong></span> <span class='ocrx_word' id='word_1_76' title='bbox 309 1120 378 1166; x_wconf 87' lang='lat' dir='ltr'><strong>ut</strong></span> <span class='ocrx_word' id='word_1_77' title='bbox 398 1111 683 1182; x_wconf 73' lang='lat' dir='ltr'><strong>gravitatis</strong></span> <span class='ocrx_word' id='word_1_78' title='bbox 702 1109 858 1166; x_wconf 86' lang='lat' dir='ltr'><strong>nobis</strong></span> <span class='ocrx_word' id='word_1_79' title='bbox 881 1108 1184 1178; x_wconf 84' lang='lat' dir='ltr'><strong>exemplum</strong></span> <span class='ocrx_word' id='word_1_80' title='bbox 1216 1115 1497 1178; x_wconf 86' lang='lat' dir='ltr'><strong>proponat,</strong></span> <span class='ocrx_word' id='word_1_81' title='bbox 1530 1121 1599 1161; x_wconf 91' lang='lat' dir='ltr'><strong>ne</strong></span> <span class='ocrx_word' id='word_1_82' title='bbox 1627 1105 1768 1160; x_wconf 88' lang='lat' dir='ltr'><strong>mala</strong></span> 
     </span>
    </p>
   </div>
   <div class='ocr_carea' id='block_1_12' title="bbox 175 1198 1769 1271">
    <p class='ocr_par' dir='ltr' id='par_1_12' title="bbox 175 1198 1769 1271">
     <span class='ocr_line' id='line_1_12' title="bbox 175 1198 1769 1271; baseline -0.002 -15"><span class='ocrx_word' id='word_1_83' title='bbox 175 1201 466 1257; x_wconf 83' lang='lat' dir='ltr'><strong>hominum</strong></span> <span class='ocrx_word' id='word_1_84' title='bbox 501 1208 628 1256; x_wconf 87' lang='lat' dir='ltr'><strong>ante</strong></span> <span class='ocrx_word' id='word_1_85' title='bbox 656 1215 1050 1271; x_wconf 72' lang='lat' dir='ltr'><strong>praesumamus</strong></span> <span class='ocrx_word' id='word_1_86' title='bbox 1073 1198 1295 1255; x_wconf 79' lang='lat' dir='ltr'><strong>credere</strong></span> <span class='ocrx_word' id='word_1_87' title='bbox 1317 1214 1478 1268; x_wconf 88' lang='lat' dir='ltr'><strong>quam</strong></span> <span class='ocrx_word' id='word_1_88' title='bbox 1502 1198 1769 1268; x_wconf 81' lang='lat' dir='ltr'><strong>probare?</strong></span> 
     </span>
    </p>
   </div>
   <div class='ocr_carea' id='block_1_13' title="bbox 174 1285 1765 1363">
    <p class='ocr_par' dir='ltr' id='par_1_13' title="bbox 174 1285 1765 1363">
     <span class='ocr_line' id='line_1_13' title="bbox 174 1285 1765 1363; baseline -0.002 -19"><span class='ocrx_word' id='word_1_89' title='bbox 174 1290 321 1346; x_wconf 83' lang='lat' dir='ltr'><strong>Ecce</strong></span> <span class='ocrx_word' id='word_1_90' title='bbox 339 1306 446 1363; x_wconf 89' lang='lat' dir='ltr'><strong>per</strong></span> <span class='ocrx_word' id='word_1_91' title='bbox 465 1290 685 1361; x_wconf 81' lang='lat' dir='ltr'><strong>angelos</strong></span> <span class='ocrx_word' id='word_1_92' title='bbox 707 1289 773 1344; x_wconf 87' lang='lat' dir='ltr'><strong>ad</strong></span> <span class='ocrx_word' id='word_1_93' title='bbox 793 1288 1221 1360; x_wconf 88' lang='lat' dir='ltr'><strong>cognoscendum</strong></span> <span class='ocrx_word' id='word_1_94' title='bbox 1249 1287 1279 1328; x_wconf 69' lang='grc' dir='ltr'><strong>ιι</strong></span> <span class='ocrx_word' id='word_1_95' title='bbox 1303 1286 1441 1341; x_wconf 90' lang='lat' dir='ltr'><strong>mala</strong></span> <span class='ocrx_word' id='word_1_96' title='bbox 1469 1285 1765 1354; x_wconf 86' lang='lat' dir='ltr'><strong>descendit,</strong></span> 
     </span>
    </p>
   </div>
   <div class='ocr_carea' id='block_1_14' title="bbox 173 1375 1768 1451">
    <p class='ocr_par' dir='ltr' id='par_1_14' title="bbox 173 1375 1768 1451">
     <span class='ocr_line' id='line_1_14' title="bbox 173 1375 1768 1451; baseline -0.003 -15"><span class='ocrx_word' id='word_1_97' title='bbox 173 1396 415 1451; x_wconf 86' lang='lat' dir='ltr'><strong>moxque</strong></span> <span class='ocrx_word' id='word_1_98' title='bbox 456 1378 790 1436; x_wconf 80' lang='lat' dir='ltr'><strong>facinorosos</strong></span> <span class='ocrx_word' id='word_1_99' title='bbox 815 1378 1082 1449; x_wconf 84' lang='lat' dir='ltr'><strong>percutit;</strong></span> <span class='ocrx_word' id='word_1_100' title='bbox 1115 1385 1280 1446; x_wconf 85' lang='lat' dir='ltr'><strong>atque</strong></span> <span class='ocrx_word' id='word_1_101' title='bbox 1303 1375 1392 1431; x_wconf 90' lang='lat' dir='ltr'><strong>ille</strong></span> <span class='ocrx_word' id='word_1_102' title='bbox 1415 1375 1644 1446; x_wconf 90' lang='lat' dir='ltr'><strong>patiens,</strong></span> <span class='ocrx_word' id='word_1_103' title='bbox 1677 1375 1768 1432; x_wconf 85' lang='lat' dir='ltr'><strong>ille</strong></span> 
     </span>
    </p>
   </div>
   <div class='ocr_carea' id='block_1_15' title="bbox 171 1465 1764 1546">
    <p class='ocr_par' dir='ltr' id='par_1_15' title="bbox 171 1465 1764 1546">
     <span class='ocr_line' id='line_1_15' title="bbox 171 1465 1764 1546; baseline -0.005 -19"><span class='ocrx_word' id='word_1_104' title='bbox 171 1471 346 1546; x_wconf 67' lang='lat' dir='ltr'><strong>mitis,</strong></span> <span class='ocrx_word' id='word_1_105' title='bbox 377 1470 468 1527; x_wconf 91' lang='lat' dir='ltr'><strong>ille</strong></span> <span class='ocrx_word' id='word_1_106' title='bbox 491 1471 558 1525; x_wconf 90' lang='lat' dir='ltr'><strong>de</strong></span> <span class='ocrx_word' id='word_1_107' title='bbox 578 1485 685 1540; x_wconf 93' lang='lat' dir='ltr'><strong>quo</strong></span> <span class='ocrx_word' id='word_1_108' title='bbox 725 1469 988 1540; x_wconf 76' lang='lat' dir='ltr'><strong>scriptum</strong></span> <span class='ocrx_word' id='word_1_109' title='bbox 1033 1474 1117 1524; x_wconf 90' lang='lat' dir='ltr'><strong>est</strong></span> <span class='ocrx_word' id='word_1_110' title='bbox 1143 1484 1156 1521; x_wconf 90' lang='lat'><strong>:</strong></span> <span class='ocrx_word' id='word_1_111' title='bbox 1190 1466 1267 1522; x_wconf 86' lang='lat' dir='ltr'><strong>Tu</strong></span> <span class='ocrx_word' id='word_1_112' title='bbox 1302 1474 1496 1533; x_wconf 88' lang='lat' dir='ltr'><strong>autem,</strong></span> <span class='ocrx_word' id='word_1_113' title='bbox 1524 1465 1764 1531; x_wconf 83' lang='lat' dir='ltr'><strong>Domine,</strong></span> 
     </span>
    </p>
   </div>
   <div class='ocr_carea' id='block_1_16' title="bbox 170 1555 1767 1631">
    <p class='ocr_par' dir='ltr' id='par_1_16' title="bbox 170 1555 1767 1631">
     <span class='ocr_line' id='line_1_16' title="bbox 170 1555 1767 1631; baseline -0.005 -13"><span class='ocrx_word' id='word_1_114' title='bbox 170 1578 296 1618; x_wconf 73' lang='lat' dir='ltr'><strong>cum</strong></span> <span class='ocrx_word' id='word_1_115' title='bbox 331 1559 946 1631; x_wconf 80' lang='lat' dir='ltr'><strong>tranquillitate-judicas</strong></span> <span class='ocrx_word' id='word_1_116' title='bbox 973 1557 1126 1631; x_wconf 90' lang='lat' dir='ltr'><strong>(Sap.</strong></span> <span class='ocrx_word' id='word_1_117' title='bbox 1152 1573 1252 1622; x_wconf 78' lang='lat' dir='ltr'><strong>xu,</strong></span> <span class='ocrx_word' id='word_1_118' title='bbox 1278 1555 1369 1628; x_wconf 86' lang='grc'><strong>18)</strong></span> <span class='ocrx_word' id='word_1_119' title='bbox 1388 1596 1403 1620; x_wconf 91' lang='grc'><strong>,</strong></span> <span class='ocrx_word' id='word_1_120' title='bbox 1444 1555 1534 1610; x_wconf 90' lang='lat' dir='ltr'><strong>ille</strong></span> <span class='ocrx_word' id='word_1_121' title='bbox 1565 1555 1632 1611; x_wconf 89' lang='lat' dir='ltr'><strong>de</strong></span> <span class='ocrx_word' id='word_1_122' title='bbox 1661 1569 1767 1624; x_wconf 89' lang='lat' dir='ltr'><strong>quo</strong></span> 
     </span>
    </p>
   </div>
   <div class='ocr_carea' id='block_1_17' title="bbox 170 1644 1770 1720">
    <p class='ocr_par' dir='ltr' id='par_1_17' title="bbox 170 1644 1770 1720">
     <span class='ocr_line' id='line_1_17' title="bbox 170 1644 1770 1720; baseline -0.006 -12"><span class='ocrx_word' id='word_1_123' title='bbox 170 1667 394 1708; x_wconf 85' lang='lat' dir='ltr'><strong>rursum</strong></span> <span class='ocrx_word' id='word_1_124' title='bbox 431 1651 696 1720; x_wconf 87' lang='lat' dir='ltr'><strong>scriptum</strong></span> <span class='ocrx_word' id='word_1_125' title='bbox 723 1657 808 1705; x_wconf 89' lang='lat' dir='ltr'><strong>est</strong></span> <span class='ocrx_word' id='word_1_126' title='bbox 839 1663 856 1702; x_wconf 88' lang='lat'><strong>:</strong></span> <span class='ocrx_word' id='word_1_127' title='bbox 883 1648 1144 1704; x_wconf 87' lang='lat' dir='ltr'><strong>Dominus</strong></span> <span class='ocrx_word' id='word_1_128' title='bbox 1186 1646 1386 1717; x_wconf 85' lang='lat' dir='ltr'><strong>patiens</strong></span> <span class='ocrx_word' id='word_1_129' title='bbox 1423 1653 1497 1699; x_wconf 85' lang='lat' dir='ltr'><strong>est</strong></span> <span class='ocrx_word' id='word_1_130' title='bbox 1538 1644 1770 1698; x_wconf 75' lang='lat' dir='ltr'><strong>redditur</strong></span> 
     </span>
    </p>
   </div>
   <div class='ocr_carea' id='block_1_18' title="bbox 168 1739 1762 1817">
    <p class='ocr_par' dir='ltr' id='par_1_18' title="bbox 168 1739 1762 1817">
     <span class='ocr_line' id='line_1_18' title="bbox 168 1739 1762 1817; baseline -0.004 -17"><span class='ocrx_word' id='word_1_131' title='bbox 168 1745 370 1817; x_wconf 79' lang='lat' dir='ltr'><strong>(Eccli.</strong></span> <span class='ocrx_word' id='word_1_132' title='bbox 403 1762 458 1812; x_wconf 86' lang='lat' dir='ltr'><strong>v,</strong></span> <span class='ocrx_word' id='word_1_133' title='bbox 483 1744 572 1816; x_wconf 59' lang='lat'><strong>4);</strong></span> <span class='ocrx_word' id='word_1_134' title='bbox 612 1746 668 1800; x_wconf 90' lang='lat' dir='ltr'><strong>in</strong></span> <span class='ocrx_word' id='word_1_135' title='bbox 701 1752 856 1800; x_wconf 89' lang='lat' dir='ltr'><strong>tanto</strong></span> <span class='ocrx_word' id='word_1_136' title='bbox 892 1743 1121 1800; x_wconf 83' lang='lat' dir='ltr'><strong>crimine</strong></span> <span class='ocrx_word' id='word_1_137' title='bbox 1153 1741 1427 1798; x_wconf 90' lang='lat' dir='ltr'><strong>involutos</strong></span> <span class='ocrx_word' id='word_1_138' title='bbox 1464 1739 1762 1806; x_wconf 70' lang='lat' dir='ltr'><strong>inveniens,</strong></span> 
     </span>
    </p>
   </div>
   <div class='ocr_carea' id='block_1_19' title="bbox 166 1818 1838 1908">
    <p class='ocr_par' dir='ltr' id='par_1_19' title="bbox 166 1818 1838 1908">
     <span class='ocr_line' id='line_1_19' title="bbox 166 1818 1838 1908; baseline -0.007 -16"><span class='ocrx_word' id='word_1_139' title='bbox 166 1837 330 1908; x_wconf 86' lang='lat' dir='ltr'><strong>quasi</strong></span> <span class='ocrx_word' id='word_1_140' title='bbox 353 1837 676 1907; x_wconf 84' lang='lat' dir='ltr'><strong>patientiam</strong></span> <span class='ocrx_word' id='word_1_141' title='bbox 709 1833 1088 1905; x_wconf 58' lang='lat' dir='ltr'><strong>praetermisit,</strong></span> <span class='ocrx_word' id='word_1_142' title='bbox 1111 1841 1168 1888; x_wconf 91' lang='lat' dir='ltr'><strong>et</strong></span> <span class='ocrx_word' id='word_1_143' title='bbox 1194 1831 1334 1887; x_wconf 91' lang='lat' dir='ltr'><strong>diem</strong></span> <span class='ocrx_word' id='word_1_144' title='bbox 1371 1829 1598 1886; x_wconf 83' lang='lat' dir='ltr'><strong>extremi</strong></span> <span class='ocrx_word' id='word_1_145' title='bbox 1621 1827 1764 1898; x_wconf 89' lang='lat' dir='ltr'><strong>judi-</strong></span> <span class='ocrx_word' id='word_1_146' title='bbox 1797 1818 1838 1880; x_wconf 80' lang='grc' dir='ltr'><strong><em>Β</em></strong></span> 
     </span>
    </p>
   </div>
   <div class='ocr_carea' id='block_1_20' title="bbox 165 1921 1759 1998">
    <p class='ocr_par' dir='ltr' id='par_1_20' title="bbox 165 1921 1759 1998">
     <span class='ocr_line' id='line_1_20' title="bbox 165 1921 1759 1998; baseline -0.006 -13"><span class='ocrx_word' id='word_1_147' title='bbox 165 1929 238 1985; x_wconf 85' lang='lat' dir='ltr'><strong>cii</strong></span> <span class='ocrx_word' id='word_1_148' title='bbox 262 1937 587 1998; x_wconf 88' lang='lat' dir='ltr'><strong>exspectare</strong></span> <span class='ocrx_word' id='word_1_149' title='bbox 600 1928 668 1984; x_wconf 87' lang='lat' dir='ltr'><strong>ad</strong></span> <span class='ocrx_word' id='word_1_150' title='bbox 681 1927 974 1984; x_wconf 75' lang='lat' dir='ltr'><strong>vindictam</strong></span> <span class='ocrx_word' id='word_1_151' title='bbox 996 1924 1188 1992; x_wconf 91' lang='lat' dir='ltr'><strong>noluit,</strong></span> <span class='ocrx_word' id='word_1_152' title='bbox 1213 1925 1308 1980; x_wconf 87' lang='lat' dir='ltr'><strong>sed</strong></span> <span class='ocrx_word' id='word_1_153' title='bbox 1327 1939 1420 1980; x_wconf 84' lang='lat' dir='ltr'><strong>eos</strong></span> <span class='ocrx_word' id='word_1_154' title='bbox 1435 1923 1556 1994; x_wconf 82' lang='lat' dir='ltr'><strong>igne</strong></span> <span class='ocrx_word' id='word_1_155' title='bbox 1572 1921 1759 1992; x_wconf 90' lang='lat' dir='ltr'><strong>judicii</strong></span> 
     </span>
    </p>
   </div>
   <div class='ocr_carea' id='block_1_21' title="bbox 163 2013 1759 2089">
    <p class='ocr_par' dir='ltr' id='par_1_21' title="bbox 163 2013 1759 2089">
     <span class='ocr_line' id='line_1_21' title="bbox 163 2013 1759 2089; baseline -0.006 -13"><span class='ocrx_word' id='word_1_156' title='bbox 163 2028 296 2076; x_wconf 78' lang='lat' dir='ltr'><strong>ante</strong></span> <span class='ocrx_word' id='word_1_157' title='bbox 336 2018 527 2088; x_wconf 89' lang='lat' dir='ltr'><strong>judicii</strong></span> <span class='ocrx_word' id='word_1_158' title='bbox 587 2019 732 2074; x_wconf 88' lang='lat' dir='ltr'><strong>diem</strong></span> <span class='ocrx_word' id='word_1_159' title='bbox 776 2018 1056 2089; x_wconf 63' lang='lat' dir='ltr'><strong>praevenit.</strong></span> <span class='ocrx_word' id='word_1_160' title='bbox 1094 2017 1235 2072; x_wconf 88' lang='lat' dir='ltr'><strong>Ecce</strong></span> <span class='ocrx_word' id='word_1_161' title='bbox 1275 2014 1478 2070; x_wconf 89' lang='lat' dir='ltr'><strong>malum</strong></span> <span class='ocrx_word' id='word_1_162' title='bbox 1513 2021 1567 2070; x_wconf 89' lang='lat' dir='ltr'><strong>et</strong></span> <span class='ocrx_word' id='word_1_163' title='bbox 1606 2013 1759 2084; x_wconf 88' lang='lat' dir='ltr'><strong>quasi</strong></span> 
     </span>
    </p>
   </div>
   <div class='ocr_carea' id='block_1_22' title="bbox 163 2105 1760 2184">
    <p class='ocr_par' dir='ltr' id='par_1_22' title="bbox 163 2105 1760 2184">
     <span class='ocr_line' id='line_1_22' title="bbox 163 2105 1760 2184; baseline -0.003 -17"><span class='ocrx_word' id='word_1_164' title='bbox 163 2127 292 2167; x_wconf 87' lang='lat' dir='ltr'><strong>cum</strong></span> <span class='ocrx_word' id='word_1_165' title='bbox 321 2109 636 2167; x_wconf 77' lang='lat' dir='ltr'><strong>diﬂicultate</strong></span> <span class='ocrx_word' id='word_1_166' title='bbox 667 2110 915 2175; x_wconf 87' lang='lat' dir='ltr'><strong>credidit,</strong></span> <span class='ocrx_word' id='word_1_167' title='bbox 945 2125 1068 2165; x_wconf 89' lang='lat' dir='ltr'><strong>cum</strong></span> <span class='ocrx_word' id='word_1_168' title='bbox 1106 2107 1331 2184; x_wconf 80' lang='lat' dir='ltr'><strong>audivit,</strong></span> <span class='ocrx_word' id='word_1_169' title='bbox 1355 2115 1410 2163; x_wconf 89' lang='lat' dir='ltr'><strong>et</strong></span> <span class='ocrx_word' id='word_1_170' title='bbox 1435 2115 1617 2162; x_wconf 87' lang='lat' dir='ltr'><strong>tamen</strong></span> <span class='ocrx_word' id='word_1_171' title='bbox 1643 2105 1760 2162; x_wconf 90' lang='lat' dir='ltr'><strong>sine</strong></span> 
     </span>
    </p>
   </div>
   <div class='ocr_carea' id='block_1_23' title="bbox 163 2197 1752 2272">
    <p class='ocr_par' dir='ltr' id='par_1_23' title="bbox 163 2197 1752 2272">
     <span class='ocr_line' id='line_1_23' title="bbox 163 2197 1752 2272; baseline -0.002 -18"><span class='ocrx_word' id='word_1_172' title='bbox 163 2202 432 2257; x_wconf 75' lang='lat' dir='ltr'><strong>tarditate</strong></span> <span class='ocrx_word' id='word_1_173' title='bbox 450 2201 740 2272; x_wconf 84' lang='lat' dir='ltr'><strong>percussit,</strong></span> <span class='ocrx_word' id='word_1_174' title='bbox 765 2217 890 2257; x_wconf 90' lang='lat' dir='ltr'><strong>cum</strong></span> <span class='ocrx_word' id='word_1_175' title='bbox 909 2216 1097 2257; x_wconf 88' lang='lat' dir='ltr'><strong>verum</strong></span> <span class='ocrx_word' id='word_1_176' title='bbox 1127 2199 1502 2271; x_wconf 90' lang='lat' dir='ltr'><strong>cognoscendo</strong></span> <span class='ocrx_word' id='word_1_177' title='bbox 1523 2197 1752 2268; x_wconf 89' lang='lat' dir='ltr'><strong>reperit:</strong></span> 
     </span>
    </p>
   </div>
   <div class='ocr_carea' id='block_1_24' title="bbox 160 2290 1757 2364">
    <p class='ocr_par' dir='ltr' id='par_1_24' title="bbox 160 2290 1757 2364">
     <span class='ocr_line' id='line_1_24' title="bbox 160 2290 1757 2364; baseline -0.004 -12"><span class='ocrx_word' id='word_1_178' title='bbox 160 2303 222 2352; x_wconf 88' lang='lat' dir='ltr'><strong>ut</strong></span> <span class='ocrx_word' id='word_1_179' title='bbox 272 2297 437 2352; x_wconf 87' lang='lat' dir='ltr'><strong>nobis</strong></span> <span class='ocrx_word' id='word_1_180' title='bbox 482 2296 734 2353; x_wconf 84' lang='lat' dir='ltr'><strong>videlicet</strong></span> <span class='ocrx_word' id='word_1_181' title='bbox 781 2295 936 2352; x_wconf 88' lang='lat' dir='ltr'><strong>daret</strong></span> <span class='ocrx_word' id='word_1_182' title='bbox 985 2294 1311 2364; x_wconf 79' lang='lat' dir='ltr'><strong>exemplum,</strong></span> <span class='ocrx_word' id='word_1_183' title='bbox 1362 2293 1506 2363; x_wconf 91' lang='lat' dir='ltr'><strong>quod</strong></span> <span class='ocrx_word' id='word_1_184' title='bbox 1553 2290 1757 2360; x_wconf 86' lang='lat' dir='ltr'><strong>majora</strong></span> 
     </span>
    </p>
   </div>
   <div class='ocr_carea' id='block_1_25' title="bbox 160 2384 1756 2450">
    <p class='ocr_par' dir='ltr' id='par_1_25' title="bbox 160 2384 1756 2450">
     <span class='ocr_line' id='line_1_25' title="bbox 160 2384 1756 2450; baseline -0.001 -11"><span class='ocrx_word' id='word_1_185' title='bbox 160 2385 418 2450; x_wconf 87' lang='lat' dir='ltr'><strong>erimina,</strong></span> <span class='ocrx_word' id='word_1_186' title='bbox 458 2395 514 2441; x_wconf 90' lang='lat' dir='ltr'><strong>et</strong></span> <span class='ocrx_word' id='word_1_187' title='bbox 551 2387 699 2441; x_wconf 85' lang='lat' dir='ltr'><strong>tarde</strong></span> <span class='ocrx_word' id='word_1_188' title='bbox 734 2386 999 2442; x_wconf 90' lang='lat' dir='ltr'><strong>credenda</strong></span> <span class='ocrx_word' id='word_1_189' title='bbox 1040 2393 1166 2440; x_wconf 90' lang='lat' dir='ltr'><strong>sunt</strong></span> <span class='ocrx_word' id='word_1_190' title='bbox 1205 2401 1328 2440; x_wconf 93' lang='lat' dir='ltr'><strong>cum</strong></span> <span class='ocrx_word' id='word_1_191' title='bbox 1360 2384 1672 2448; x_wconf 86' lang='lat' dir='ltr'><strong>audiuntur,</strong></span> <span class='ocrx_word' id='word_1_192' title='bbox 1703 2392 1756 2438; x_wconf 91' lang='lat' dir='ltr'><strong>et</strong></span> 
     </span>
    </p>
   </div>
   <div class='ocr_carea' id='block_1_26' title="bbox 159 2475 1648 2546">
    <p class='ocr_par' dir='ltr' id='par_1_26' title="bbox 159 2475 1648 2546">
     <span class='ocr_line' id='line_1_26' title="bbox 159 2475 1648 2546; baseline -0.002 -15"><span class='ocrx_word' id='word_1_193' title='bbox 159 2475 329 2531; x_wconf 87' lang='lat' dir='ltr'><strong>citius</strong></span> <span class='ocrx_word' id='word_1_194' title='bbox 357 2477 787 2546; x_wconf 72' lang='lat' dir='ltr'><strong>punienda-sunt</strong></span> <span class='ocrx_word' id='word_1_195' title='bbox 813 2491 935 2532; x_wconf 92' lang='lat' dir='ltr'><strong>cum</strong></span> <span class='ocrx_word' id='word_1_196' title='bbox 968 2476 1234 2532; x_wconf 83' lang='lat' dir='ltr'><strong>veraciter</strong></span> <span class='ocrx_word' id='word_1_197' title='bbox 1263 2483 1648 2546; x_wconf 82' lang='lat' dir='ltr'><strong>agnoscuntur.</strong></span> 
     </span>
    </p>
   </div>
   <div class='ocr_carea' id='block_1_27' title="bbox 309 2605 1613 2665">
    <p class='ocr_par' dir='ltr' id='par_1_27' title="bbox 309 2605 1613 2665">
     <span class='ocr_line' id='line_1_27' title="bbox 309 2605 1613 2665; baseline 0 -1"><span class='ocrx_word' id='word_1_198' title='bbox 309 2607 408 2664; x_wconf 75' lang='lat' dir='ltr'><strong>EX</strong></span> <span class='ocrx_word' id='word_1_199' title='bbox 462 2607 800 2665; x_wconf 75' lang='lat' dir='ltr'><strong>EPISTULA</strong></span> <span class='ocrx_word' id='word_1_200' title='bbox 843 2607 1232 2665; x_wconf 77' lang='lat' dir='ltr'><strong>CATllOLICA</strong></span> <span class='ocrx_word' id='word_1_201' title='bbox 1295 2609 1354 2662; x_wconf 88' lang='grc' dir='ltr'><strong>Β.</strong></span> <span class='ocrx_word' id='word_1_202' title='bbox 1382 2605 1613 2664; x_wconf 72' lang='lat' dir='ltr'><strong>JACOBI</strong></span> 
     </span>
    </p>
   </div>
   <div class='ocr_carea' id='block_1_28' title="bbox 785 2697 1146 2756">
    <p class='ocr_par' dir='ltr' id='par_1_28' title="bbox 785 2697 1146 2756">
     <span class='ocr_line' id='line_1_28' title="bbox 785 2697 1146 2756; baseline 0.003 -1"><span class='ocrx_word' id='word_1_203' title='bbox 785 2697 1146 2756; x_wconf 78' lang='lat' dir='ltr'><strong>APOSTOLI.</strong></span> 
     </span>
    </p>
   </div>
   <div class='ocr_carea' id='block_1_29' title="bbox 633 2807 1290 2848">
    <p class='ocr_par' dir='ltr' id='par_1_29' title="bbox 633 2807 1290 2848">
     <span class='ocr_line' id='line_1_29' title="bbox 633 2807 1290 2848; baseline -0.002 -2"><span class='ocrx_word' id='word_1_204' title='bbox 633 2807 1038 2848; x_wconf 73' lang='lat' dir='ltr'><strong>INTERROGATIO</strong></span> <span class='ocrx_word' id='word_1_205' title='bbox 1085 2808 1290 2848; x_wconf 68' lang='grc' dir='ltr'>ιιιγιι.</span> 
     </span>
    </p>
   </div>
   <div class='ocr_carea' id='block_1_30' title="bbox 228 2880 1753 2954">
    <p class='ocr_par' dir='ltr' id='par_1_30' title="bbox 228 2880 1753 2954">
     <span class='ocr_line' id='line_1_30' title="bbox 228 2880 1753 2954; baseline 0.001 -17"><span class='ocrx_word' id='word_1_206' title='bbox 228 2880 517 2949; x_wconf 86' lang='lat' dir='ltr'><strong>Quomodo</strong></span> <span class='ocrx_word' id='word_1_207' title='bbox 539 2881 772 2937; x_wconf 75' lang='lat' dir='ltr'><strong>Iacobus</strong></span> <span class='ocrx_word' id='word_1_208' title='bbox 799 2883 963 2948; x_wconf 86' lang='lat' dir='ltr'><strong>dicat,</strong></span> <span class='ocrx_word' id='word_1_209' title='bbox 985 2882 1144 2938; x_wconf 81' lang='lat' dir='ltr'><strong>Fides</strong></span> <span class='ocrx_word' id='word_1_210' title='bbox 1166 2884 1278 2938; x_wconf 87' lang='lat' dir='ltr'><strong>sine</strong></span> <span class='ocrx_word' id='word_1_211' title='bbox 1289 2883 1527 2954; x_wconf 77' lang='lat' dir='ltr'><strong>operibus</strong></span> <span class='ocrx_word' id='word_1_212' title='bbox 1548 2892 1753 2939; x_wconf 89' lang='lat' dir='ltr'><strong>mortua</strong></span> 
     </span>
    </p>
   </div>
   <div class='ocr_carea' id='block_1_31' title="bbox 151 2972 1753 3046">
    <p class='ocr_par' dir='ltr' id='par_1_31' title="bbox 151 2972 1753 3046">
     <span class='ocr_line' id='line_1_31' title="bbox 151 2972 1753 3046; baseline -0.002 -16"><span class='ocrx_word' id='word_1_213' title='bbox 151 2973 398 3046; x_wconf 76' lang='lat' dir='ltr'><strong>est(1ac.</strong></span> <span class='ocrx_word' id='word_1_214' title='bbox 441 2990 500 3039; x_wconf 89' lang='grc' dir='ltr'>ιι,</span> <span class='ocrx_word' id='word_1_215' title='bbox 529 2974 614 3040; x_wconf 88' lang='grc'>17,</span> <span class='ocrx_word' id='word_1_216' title='bbox 638 2973 728 3039; x_wconf 73' lang='lat'><strong>20,</strong></span> <span class='ocrx_word' id='word_1_217' title='bbox 761 2972 854 3046; x_wconf 76' lang='grc'><strong>26)</strong></span> <span class='ocrx_word' id='word_1_218' title='bbox 882 2989 897 3028; x_wconf 92' lang='lat'><strong>:</strong></span> <span class='ocrx_word' id='word_1_219' title='bbox 923 2989 1044 3028; x_wconf 87' lang='lat' dir='ltr'><strong>cum</strong></span> <span class='ocrx_word' id='word_1_220' title='bbox 1080 2990 1110 3029; x_wconf 90' lang='lat' dir='ltr'><strong>e</strong></span> <span class='ocrx_word' id='word_1_221' title='bbox 1144 2975 1416 3029; x_wconf 89' lang='lat' dir='ltr'><strong>contrario</strong></span> <span class='ocrx_word' id='word_1_222' title='bbox 1441 2973 1638 3030; x_wconf 79' lang='lat' dir='ltr'><strong>Paulus</strong></span> <span class='ocrx_word' id='word_1_223' title='bbox 1667 2975 1753 3028; x_wconf 85' lang='lat' dir='ltr'><strong>vi-</strong></span> 
     </span>
    </p>
   </div>
   <div class='ocr_carea' id='block_1_32' title="bbox 151 3064 1752 3136">
    <p class='ocr_par' dir='ltr' id='par_1_32' title="bbox 151 3064 1752 3136">
     <span class='ocr_line' id='line_1_32' title="bbox 151 3064 1752 3136; baseline -0.002 -15"><span class='ocrx_word' id='word_1_224' title='bbox 151 3065 357 3121; x_wconf 81' lang='lat' dir='ltr'><strong>deatur</strong></span> <span class='ocrx_word' id='word_1_225' title='bbox 397 3066 598 3131; x_wconf 87' lang='lat' dir='ltr'><strong>dicere,</strong></span> <span class='ocrx_word' id='word_1_226' title='bbox 644 3064 713 3119; x_wconf 80' lang='lat' dir='ltr'><strong>Ei</strong></span> <span class='ocrx_word' id='word_1_227' title='bbox 749 3080 867 3119; x_wconf 80' lang='lat' dir='ltr'><strong>vero</strong></span> <span class='ocrx_word' id='word_1_228' title='bbox 921 3065 1009 3136; x_wconf 86' lang='lat' dir='ltr'><strong>qui</strong></span> <span class='ocrx_word' id='word_1_229' title='bbox 1061 3082 1164 3120; x_wconf 86' lang='lat' dir='ltr'><strong>non</strong></span> <span class='ocrx_word' id='word_1_230' title='bbox 1200 3074 1468 3136; x_wconf 82' lang='lat' dir='ltr'><strong>operatur,</strong></span> <span class='ocrx_word' id='word_1_231' title='bbox 1524 3065 1752 3120; x_wconf 86' lang='lat' dir='ltr'><strong>credenti</strong></span> 
     </span>
    </p>
   </div>
   <div class='ocr_carea' id='block_1_33' title="bbox 1869 563 3446 638">
    <p class='ocr_par' dir='ltr' id='par_1_33' title="bbox 1869 563 3446 638">
     <span class='ocr_line' id='line_1_33' title="bbox 1869 563 3446 638; baseline 0.006 -23"><span class='ocrx_word' id='word_1_232' title='bbox 1869 577 1936 615; x_wconf 86' lang='lat' dir='ltr'><strong>ex</strong></span> <span class='ocrx_word' id='word_1_233' title='bbox 1975 576 2041 616; x_wconf 89' lang='lat' dir='ltr'><strong>ea</strong></span> <span class='ocrx_word' id='word_1_234' title='bbox 2081 563 2252 628; x_wconf 86' lang='lat' dir='ltr'><strong>rami,</strong></span> <span class='ocrx_word' id='word_1_235' title='bbox 2297 563 2390 633; x_wconf 85' lang='lat' dir='ltr'><strong>qui</strong></span> <span class='ocrx_word' id='word_1_236' title='bbox 2415 563 2645 620; x_wconf 76' lang='lat' dir='ltr'><strong>&#39;t‘ructus</strong></span> <span class='ocrx_word' id='word_1_237' title='bbox 2679 565 2944 621; x_wconf 83' lang='lat' dir='ltr'><strong>bonorum</strong></span> <span class='ocrx_word' id='word_1_238' title='bbox 2983 580 3205 638; x_wconf 89' lang='lat' dir='ltr'><strong>operum</strong></span> <span class='ocrx_word' id='word_1_239' title='bbox 3245 569 3446 626; x_wconf 86' lang='lat' dir='ltr'><strong>ferunt.</strong></span> 
     </span>
    </p>
   </div>
   <div class='ocr_carea' id='block_1_34' title="bbox 1867 652 3451 731">
    <p class='ocr_par' dir='ltr' id='par_1_34' title="bbox 1867 652 3451 731">
     <span class='ocr_line' id='line_1_34' title="bbox 1867 652 3451 731; baseline 0.007 -24"><span class='ocrx_word' id='word_1_240' title='bbox 1867 652 1986 708; x_wconf 85' lang='lat' dir='ltr'><strong>Non</strong></span> <span class='ocrx_word' id='word_1_241' title='bbox 2017 669 2146 725; x_wconf 90' lang='lat' dir='ltr'><strong>ergo</strong></span> <span class='ocrx_word' id='word_1_242' title='bbox 2184 670 2250 710; x_wconf 80' lang='lat' dir='ltr'><strong>ex</strong></span> <span class='ocrx_word' id='word_1_243' title='bbox 2284 657 2540 726; x_wconf 87' lang='lat' dir='ltr'><strong>operibus</strong></span> <span class='ocrx_word' id='word_1_244' title='bbox 2579 659 2733 713; x_wconf 86' lang='lat' dir='ltr'><strong>radix</strong></span> <span class='ocrx_word' id='word_1_245' title='bbox 2768 656 3024 726; x_wconf 71' lang='lat' dir='ltr'><strong>justitize,</strong></span> <span class='ocrx_word' id='word_1_246' title='bbox 3057 659 3153 715; x_wconf 90' lang='lat' dir='ltr'><strong>sed</strong></span> <span class='ocrx_word' id='word_1_247' title='bbox 3190 674 3354 731; x_wconf 88' lang='lat' dir='ltr'><strong>opera</strong></span> <span class='ocrx_word' id='word_1_248' title='bbox 3383 676 3451 719; x_wconf 82' lang='lat' dir='ltr'><strong>ex</strong></span> 
     </span>
    </p>
   </div>
   <div class='ocr_carea' id='block_1_35' title="bbox 1869 742 3451 820">
    <p class='ocr_par' dir='ltr' id='par_1_35' title="bbox 1869 742 3451 820">
     <span class='ocr_line' id='line_1_35' title="bbox 1869 742 3451 820; baseline 0.008 -22"><span class='ocrx_word' id='word_1_249' title='bbox 1869 745 2052 812; x_wconf 86' lang='lat' dir='ltr'><strong>radice</strong></span> <span class='ocrx_word' id='word_1_250' title='bbox 2077 742 2327 816; x_wconf 82' lang='lat' dir='ltr'><strong>justitiae,</strong></span> <span class='ocrx_word' id='word_1_251' title='bbox 2361 763 2522 818; x_wconf 89' lang='lat' dir='ltr'><strong>quam</strong></span> <span class='ocrx_word' id='word_1_252' title='bbox 2550 749 2693 806; x_wconf 86' lang='lat' dir='ltr'><strong>Deus</strong></span> <span class='ocrx_word' id='word_1_253' title='bbox 2735 759 2958 820; x_wconf 89' lang='lat' dir='ltr'><strong>accepto</strong></span> <span class='ocrx_word' id='word_1_254' title='bbox 2999 751 3105 807; x_wconf 84' lang='lat' dir='ltr'><strong>fert</strong></span> <span class='ocrx_word' id='word_1_255' title='bbox 3139 753 3303 810; x_wconf 89' lang='lat' dir='ltr'><strong>etiam</strong></span> <span class='ocrx_word' id='word_1_256' title='bbox 3321 754 3451 815; x_wconf 73' lang='lat' dir='ltr'><strong>sine</strong></span> 
     </span>
    </p>
   </div>
   <div class='ocr_carea' id='block_1_36' title="bbox 1867 835 3446 914">
    <p class='ocr_par' dir='ltr' id='par_1_36' title="bbox 1867 835 3446 914">
     <span class='ocr_line' id='line_1_36' title="bbox 1867 835 3446 914; baseline 0.008 -26"><span class='ocrx_word' id='word_1_257' title='bbox 1867 835 2141 902; x_wconf 88' lang='lat' dir='ltr'><strong>operibus.</strong></span> <span class='ocrx_word' id='word_1_258' title='bbox 2196 837 2255 892; x_wconf 90' lang='lat' dir='ltr'><strong>ln</strong></span> <span class='ocrx_word' id='word_1_259' title='bbox 2303 837 2407 893; x_wconf 91' lang='lat' dir='ltr'><strong>hoc</strong></span> <span class='ocrx_word' id='word_1_260' title='bbox 2460 854 2674 910; x_wconf 89' lang='lat' dir='ltr'><strong>quoque</strong></span> <span class='ocrx_word' id='word_1_261' title='bbox 2718 841 2954 910; x_wconf 88' lang='lat' dir='ltr'><strong>capitulo</strong></span> <span class='ocrx_word' id='word_1_262' title='bbox 2995 841 3146 898; x_wconf 88' lang='lat' dir='ltr'><strong>Pauli</strong></span> <span class='ocrx_word' id='word_1_263' title='bbox 3196 843 3446 914; x_wconf 89' lang='lat' dir='ltr'><strong>apostoli,</strong></span> 
     </span>
    </p>
   </div>
   <div class='ocr_carea' id='block_1_37' title="bbox 1867 928 3448 1004">
    <p class='ocr_par' dir='ltr' id='par_1_37' title="bbox 1867 928 3448 1004">
     <span class='ocr_line' id='line_1_37' title="bbox 1867 928 3448 1004; baseline 0.007 -23"><span class='ocrx_word' id='word_1_264' title='bbox 1867 940 1975 996; x_wconf 90' lang='lat' dir='ltr'><strong>quo</strong></span> <span class='ocrx_word' id='word_1_265' title='bbox 2005 928 2080 983; x_wconf 90' lang='lat' dir='ltr'><strong>ait</strong></span> <span class='ocrx_word' id='word_1_266' title='bbox 2111 928 2217 984; x_wconf 88' lang='lat' dir='ltr'><strong>:Ei</strong></span> <span class='ocrx_word' id='word_1_267' title='bbox 2237 947 2352 986; x_wconf 83' lang='lat' dir='ltr'><strong>vero</strong></span> <span class='ocrx_word' id='word_1_268' title='bbox 2389 933 2480 1002; x_wconf 85' lang='lat' dir='ltr'><strong>qui</strong></span> <span class='ocrx_word' id='word_1_269' title='bbox 2502 949 2607 988; x_wconf 89' lang='lat' dir='ltr'><strong>non</strong></span> <span class='ocrx_word' id='word_1_270' title='bbox 2641 943 2903 1004; x_wconf 80' lang='lat' dir='ltr'><strong>operatur,</strong></span> <span class='ocrx_word' id='word_1_271' title='bbox 2930 935 3158 991; x_wconf 74' lang='lat' dir='ltr'><strong>credenti</strong></span> <span class='ocrx_word' id='word_1_272' title='bbox 3187 945 3362 992; x_wconf 89' lang='lat' dir='ltr'><strong>autem</strong></span> <span class='ocrx_word' id='word_1_273' title='bbox 3391 938 3448 992; x_wconf 86' lang='lat' dir='ltr'><strong>in</strong></span> 
     </span>
    </p>
   </div>
   <div class='ocr_carea' id='block_1_38' title="bbox 1867 1020 3448 1096">
    <p class='ocr_par' dir='ltr' id='par_1_38' title="bbox 1867 1020 3448 1096">
     <span class='ocr_line' id='line_1_38' title="bbox 1867 1020 3448 1096; baseline 0.007 -25"><span class='ocrx_word' id='word_1_274' title='bbox 1867 1034 1984 1072; x_wconf 88' lang='lat' dir='ltr'><strong>eum</strong></span> <span class='ocrx_word' id='word_1_275' title='bbox 2027 1020 2119 1090; x_wconf 88' lang='lat' dir='ltr'><strong>qui</strong></span> <span class='ocrx_word' id='word_1_276' title='bbox 2153 1020 2412 1091; x_wconf 83' lang='lat' dir='ltr'><strong>justiﬁcat</strong></span> <span class='ocrx_word' id='word_1_277' title='bbox 2450 1022 2698 1093; x_wconf 87' lang='lat' dir='ltr'><strong>impium,</strong></span> <span class='ocrx_word' id='word_1_278' title='bbox 2743 1034 3012 1095; x_wconf 84' lang='lat' dir='ltr'><strong>reputatur</strong></span> <span class='ocrx_word' id='word_1_279' title='bbox 3051 1027 3182 1096; x_wconf 66' lang='lat' dir='ltr'><strong>fides</strong></span> <span class='ocrx_word' id='word_1_280' title='bbox 3225 1025 3340 1096; x_wconf 89' lang='lat' dir='ltr'><strong>ejus</strong></span> <span class='ocrx_word' id='word_1_281' title='bbox 3377 1026 3448 1082; x_wconf 86' lang='lat' dir='ltr'><strong>ad</strong></span> 
     </span>
    </p>
   </div>
   <div class='ocr_carea' id='block_1_39' title="bbox 1859 1109 3442 1184">
    <p class='ocr_par' dir='ltr' id='par_1_39' title="bbox 1859 1109 3442 1184">
     <span class='ocr_line' id='line_1_39' title="bbox 1859 1109 3442 1184; baseline 0.009 -21"><span class='ocrx_word' id='word_1_282' title='bbox 1859 1109 2148 1180; x_wconf 81' lang='lat' dir='ltr'><strong>justitiam,</strong></span> <span class='ocrx_word' id='word_1_283' title='bbox 2197 1112 2272 1168; x_wconf 91' lang='lat' dir='ltr'><strong>ita</strong></span> <span class='ocrx_word' id='word_1_284' title='bbox 2302 1121 2362 1168; x_wconf 91' lang='lat' dir='ltr'><strong>ut</strong></span> <span class='ocrx_word' id='word_1_285' title='bbox 2406 1114 2624 1184; x_wconf 89' lang='lat' dir='ltr'><strong>quidam</strong></span> <span class='ocrx_word' id='word_1_286' title='bbox 2671 1115 2860 1171; x_wconf 91' lang='lat' dir='ltr'><strong>doctor</strong></span> <span class='ocrx_word' id='word_1_287' title='bbox 2910 1117 3215 1175; x_wconf 86' lang='lat' dir='ltr'><strong>edisserens</strong></span> <span class='ocrx_word' id='word_1_288' title='bbox 3257 1121 3442 1177; x_wconf 90' lang='lat' dir='ltr'><strong>dicat:</strong></span> 
     </span>
    </p>
   </div>
   <div class='ocr_carea' id='block_1_40' title="bbox 1846 1201 3446 1279">
    <p class='ocr_par' dir='ltr' id='par_1_40' title="bbox 1846 1201 3446 1279">
     <span class='ocr_line' id='line_1_40' title="bbox 1846 1201 3446 1279; baseline 0.009 -26"><span class='ocrx_word' id='word_1_289' title='bbox 1846 1219 1892 1253; x_wconf 72' lang='grc' dir='ltr'>-ι</span> <span class='ocrx_word' id='word_1_290' title='bbox 1941 1201 2356 1258; x_wconf 86' lang='lat' dir='ltr'><strong>Convertcntem</strong></span> <span class='ocrx_word' id='word_1_291' title='bbox 2405 1205 2628 1276; x_wconf 91' lang='lat' dir='ltr'><strong>impium</strong></span> <span class='ocrx_word' id='word_1_292' title='bbox 2660 1221 2758 1276; x_wconf 88' lang='lat' dir='ltr'><strong>per</strong></span> <span class='ocrx_word' id='word_1_293' title='bbox 2794 1207 2962 1263; x_wconf 86' lang='lat' dir='ltr'><strong>solam</strong></span> <span class='ocrx_word' id='word_1_294' title='bbox 3001 1209 3158 1267; x_wconf 79' lang='lat' dir='ltr'><strong>tidem</strong></span> <span class='ocrx_word' id='word_1_295' title='bbox 3186 1209 3446 1279; x_wconf 83' lang='lat' dir='ltr'><strong>justiticat</strong></span> 
     </span>
    </p>
   </div>
   <div class='ocr_carea' id='block_1_41' title="bbox 1867 1294 3445 1372">
    <p class='ocr_par' dir='ltr' id='par_1_41' title="bbox 1867 1294 3445 1372">
     <span class='ocr_line' id='line_1_41' title="bbox 1867 1294 3445 1372; baseline 0.005 -22"><span class='ocrx_word' id='word_1_296' title='bbox 1867 1294 2030 1362; x_wconf 90' lang='lat' dir='ltr'><strong>Deus,</strong></span> <span class='ocrx_word' id='word_1_297' title='bbox 2063 1311 2172 1351; x_wconf 92' lang='lat' dir='ltr'><strong>non</strong></span> <span class='ocrx_word' id='word_1_298' title='bbox 2194 1311 2293 1366; x_wconf 89' lang='lat' dir='ltr'><strong>per</strong></span> <span class='ocrx_word' id='word_1_299' title='bbox 2318 1312 2478 1367; x_wconf 90' lang='lat' dir='ltr'><strong>opera</strong></span> <span class='ocrx_word' id='word_1_300' title='bbox 2509 1299 2670 1364; x_wconf 89' lang='lat' dir='ltr'><strong>bona,</strong></span> <span class='ocrx_word' id='word_1_301' title='bbox 2691 1314 2811 1369; x_wconf 69' lang='lat' dir='ltr'><strong>qum</strong></span> <span class='ocrx_word' id='word_1_302' title='bbox 2835 1315 2942 1354; x_wconf 92' lang='lat' dir='ltr'><strong>non</strong></span> <span class='ocrx_word' id='word_1_303' title='bbox 2969 1299 3177 1368; x_wconf 87' lang='lat' dir='ltr'><strong>habuit,</strong></span> <span class='ocrx_word' id='word_1_304' title='bbox 3205 1301 3445 1372; x_wconf 85' lang='lat' dir='ltr'><strong>alioquin</strong></span> 
     </span>
    </p>
   </div>
   <div class='ocr_carea' id='block_1_42' title="bbox 1865 1387 3444 1459">
    <p class='ocr_par' dir='ltr' id='par_1_42' title="bbox 1865 1387 3444 1459">
     <span class='ocr_line' id='line_1_42' title="bbox 1865 1387 3444 1459; baseline 0.004 -18"><span class='ocrx_word' id='word_1_305' title='bbox 1865 1401 1963 1457; x_wconf 83' lang='lat' dir='ltr'><strong>per</strong></span> <span class='ocrx_word' id='word_1_306' title='bbox 1987 1387 2280 1457; x_wconf 89' lang='lat' dir='ltr'><strong>impietatis</strong></span> <span class='ocrx_word' id='word_1_307' title='bbox 2309 1403 2473 1458; x_wconf 92' lang='lat' dir='ltr'><strong>opera</strong></span> <span class='ocrx_word' id='word_1_308' title='bbox 2508 1390 2672 1444; x_wconf 82' lang='lat' dir='ltr'><strong>fuerit</strong></span> <span class='ocrx_word' id='word_1_309' title='bbox 2702 1391 3037 1459; x_wconf 89' lang='lat' dir='ltr'><strong>puniendus;</strong></span> <span class='ocrx_word' id='word_1_310' title='bbox 3082 1393 3240 1448; x_wconf 90' lang='lat' dir='ltr'><strong>simul</strong></span> <span class='ocrx_word' id='word_1_311' title='bbox 3270 1403 3444 1449; x_wconf 86' lang='lat' dir='ltr'><strong>atten-</strong></span> 
     </span>
    </p>
   </div>
   <div class='ocr_carea' id='block_1_43' title="bbox 1867 1479 3442 1556">
    <p class='ocr_par' dir='ltr' id='par_1_43' title="bbox 1867 1479 3442 1556">
     <span class='ocr_line' id='line_1_43' title="bbox 1867 1479 3442 1556; baseline 0.005 -22"><span class='ocrx_word' id='word_1_312' title='bbox 1867 1479 2097 1536; x_wconf 88' lang='lat' dir='ltr'><strong>dendum</strong></span> <span class='ocrx_word' id='word_1_313' title='bbox 2129 1481 2256 1550; x_wconf 88' lang='lat' dir='ltr'><strong>quia</strong></span> <span class='ocrx_word' id='word_1_314' title='bbox 2309 1497 2417 1538; x_wconf 91' lang='lat' dir='ltr'><strong>non</strong></span> <span class='ocrx_word' id='word_1_315' title='bbox 2450 1492 2794 1552; x_wconf 89' lang='lat' dir='ltr'><strong>peccatorem</strong></span> <span class='ocrx_word' id='word_1_316' title='bbox 2832 1483 3118 1553; x_wconf 85' lang='lat' dir='ltr'><strong>justiticari</strong></span> <span class='ocrx_word' id='word_1_317' title='bbox 3146 1502 3244 1556; x_wconf 90' lang='lat' dir='ltr'><strong>per</strong></span> <span class='ocrx_word' id='word_1_318' title='bbox 3271 1487 3442 1542; x_wconf 87' lang='lat' dir='ltr'><strong>solam</strong></span> 
     </span>
    </p>
   </div>
   <div class='ocr_carea' id='block_1_44' title="bbox 1867 1568 3443 1644">
    <p class='ocr_par' dir='ltr' id='par_1_44' title="bbox 1867 1568 3443 1644">
     <span class='ocr_line' id='line_1_44' title="bbox 1867 1568 3443 1644; baseline 0.003 -17"><span class='ocrx_word' id='word_1_319' title='bbox 1867 1568 2048 1636; x_wconf 81' lang='lat' dir='ltr'><strong>ﬁdem,</strong></span> <span class='ocrx_word' id='word_1_320' title='bbox 2077 1571 2169 1626; x_wconf 91' lang='lat' dir='ltr'><strong>sed</strong></span> <span class='ocrx_word' id='word_1_321' title='bbox 2205 1572 2446 1641; x_wconf 90' lang='lat' dir='ltr'><strong>impium,</strong></span> <span class='ocrx_word' id='word_1_322' title='bbox 2475 1574 2579 1630; x_wconf 90' lang='lat' dir='ltr'><strong>hoc</strong></span> <span class='ocrx_word' id='word_1_323' title='bbox 2612 1585 2715 1640; x_wconf 91' lang='lat' dir='ltr'><strong>est,</strong></span> <span class='ocrx_word' id='word_1_324' title='bbox 2748 1589 2922 1644; x_wconf 90' lang='lat' dir='ltr'><strong>nuper</strong></span> <span class='ocrx_word' id='word_1_325' title='bbox 2943 1581 3268 1641; x_wconf 87' lang='lat' dir='ltr'><strong>credentem,</strong></span> <span class='ocrx_word' id='word_1_326' title='bbox 3296 1591 3443 1632; x_wconf 90' lang='lat' dir='ltr'><strong>asse-</strong></span> 
     </span>
    </p>
   </div>
   <div class='ocr_carea' id='block_1_45' title="bbox 1867 1662 3444 1742">
    <p class='ocr_par' dir='ltr' id='par_1_45' title="bbox 1867 1662 3444 1742">
     <span class='ocr_line' id='line_1_45' title="bbox 1867 1662 3444 1742; baseline 0.006 -26"><span class='ocrx_word' id='word_1_327' title='bbox 1867 1662 2014 1728; x_wconf 85' lang='lat' dir='ltr'><strong>ruit,</strong></span> <span class='ocrx_word' id='word_1_328' title='bbox 2063 1665 2358 1720; x_wconf 89' lang='lat' dir='ltr'><strong>secundum</strong></span> <span class='ocrx_word' id='word_1_329' title='bbox 2416 1667 2754 1736; x_wconf 90' lang='lat' dir='ltr'><strong>propositum</strong></span> <span class='ocrx_word' id='word_1_330' title='bbox 2808 1669 2902 1723; x_wconf 89' lang='lat' dir='ltr'><strong>Dei</strong></span> <span class='ocrx_word' id='word_1_331' title='bbox 2934 1710 2950 1735; x_wconf 96' lang='lat'><strong>,</strong></span> <span class='ocrx_word' id='word_1_332' title='bbox 3015 1685 3122 1740; x_wconf 91' lang='lat' dir='ltr'><strong>quo</strong></span> <span class='ocrx_word' id='word_1_333' title='bbox 3161 1671 3444 1742; x_wconf 88' lang='lat' dir='ltr'><strong>proposuit</strong></span> 
     </span>
    </p>
   </div>
   <div class='ocr_carea' id='block_1_46' title="bbox 1867 1754 3158 1827">
    <p class='ocr_par' dir='ltr' id='par_1_46' title="bbox 1867 1754 3158 1827">
     <span class='ocr_line' id='line_1_46' title="bbox 1867 1754 3158 1827; baseline 0.005 -20"><span class='ocrx_word' id='word_1_334' title='bbox 1867 1754 2035 1824; x_wconf 85' lang='lat' dir='ltr'><strong>gratis</strong></span> <span class='ocrx_word' id='word_1_335' title='bbox 2055 1768 2152 1824; x_wconf 90' lang='lat' dir='ltr'><strong>per</strong></span> <span class='ocrx_word' id='word_1_336' title='bbox 2182 1755 2350 1810; x_wconf 89' lang='lat' dir='ltr'><strong>solam</strong></span> <span class='ocrx_word' id='word_1_337' title='bbox 2377 1756 2534 1811; x_wconf 85' lang='lat' dir='ltr'><strong>ﬁdem</strong></span> <span class='ocrx_word' id='word_1_338' title='bbox 2560 1767 2782 1827; x_wconf 90' lang='lat' dir='ltr'><strong>peccata</strong></span> <span class='ocrx_word' id='word_1_339' title='bbox 2811 1759 3104 1816; x_wconf 89' lang='lat' dir='ltr'><strong>dimittere.</strong></span> <span class='ocrx_word' id='word_1_340' title='bbox 3136 1781 3158 1814; x_wconf 75' lang='grc' dir='ltr'><strong>ι</strong></span> 
     </span>
    </p>
   </div>
   <div class='ocr_carea' id='block_1_47' title="bbox 2005 1869 3301 1930">
    <p class='ocr_par' dir='ltr' id='par_1_47' title="bbox 2005 1869 3301 1930">
     <span class='ocr_line' id='line_1_47' title="bbox 2005 1869 3301 1930; baseline 0.004 -6"><span class='ocrx_word' id='word_1_341' title='bbox 2005 1870 2099 1925; x_wconf 78' lang='lat' dir='ltr'><strong>EX</strong></span> <span class='ocrx_word' id='word_1_342' title='bbox 2147 1869 2481 1927; x_wconf 75' lang='lat' dir='ltr'><strong>EPISTOLA</strong></span> <span class='ocrx_word' id='word_1_343' title='bbox 2530 1873 2550 1929; x_wconf 85' lang='grc' dir='ltr'><strong>Ι</strong></span> <span class='ocrx_word' id='word_1_344' title='bbox 2598 1871 2658 1926; x_wconf 90' lang='grc' dir='ltr'><strong>Β.</strong></span> <span class='ocrx_word' id='word_1_345' title='bbox 2699 1873 2902 1928; x_wconf 80' lang='lat' dir='ltr'><strong>PETRI</strong></span> <span class='ocrx_word' id='word_1_346' title='bbox 2939 1873 3301 1930; x_wconf 85' lang='lat' dir='ltr'><strong>APOSTOLI.</strong></span> 
     </span>
    </p>
   </div>
   <div class='ocr_carea' id='block_1_48' title="bbox 2321 1981 2986 2022">
    <p class='ocr_par' dir='ltr' id='par_1_48' title="bbox 2321 1981 2986 2022">
     <span class='ocr_line' id='line_1_48' title="bbox 2321 1981 2986 2022; baseline 0 -2"><span class='ocrx_word' id='word_1_347' title='bbox 2321 1981 2723 2022; x_wconf 69' lang='lat' dir='ltr'><strong>INTERROGATIO</strong></span> <span class='ocrx_word' id='word_1_348' title='bbox 2759 1982 2986 2022; x_wconf 68' lang='lat' dir='ltr'><strong>LXXVIII.</strong></span> 
     </span>
    </p>
   </div>
   <div class='ocr_carea' id='block_1_49' title="bbox 1931 2056 3440 2132">
    <p class='ocr_par' dir='ltr' id='par_1_49' title="bbox 1931 2056 3440 2132">
     <span class='ocr_line' id='line_1_49' title="bbox 1931 2056 3440 2132; baseline 0.003 -23"><span class='ocrx_word' id='word_1_349' title='bbox 1931 2056 2209 2124; x_wconf 82' lang='lat' dir='ltr'><strong>Quomodo</strong></span> <span class='ocrx_word' id='word_1_350' title='bbox 2234 2057 2424 2113; x_wconf 81' lang='lat' dir='ltr'><strong>Petrus</strong></span> <span class='ocrx_word' id='word_1_351' title='bbox 2450 2059 2516 2112; x_wconf 91' lang='lat' dir='ltr'><strong>de</strong></span> <span class='ocrx_word' id='word_1_352' title='bbox 2540 2060 2652 2114; x_wconf 89' lang='lat' dir='ltr'><strong>Deo</strong></span> <span class='ocrx_word' id='word_1_353' title='bbox 2674 2060 2836 2124; x_wconf 88' lang='lat' dir='ltr'><strong>dicat,</strong></span> <span class='ocrx_word' id='word_1_354' title='bbox 2870 2058 2936 2114; x_wconf 90' lang='lat' dir='ltr'><strong>In</strong></span> <span class='ocrx_word' id='word_1_355' title='bbox 2961 2076 3112 2132; x_wconf 86' lang='lat' dir='ltr'><strong>quem</strong></span> <span class='ocrx_word' id='word_1_356' title='bbox 3141 2059 3440 2114; x_wconf 85' lang='lat' dir='ltr'><strong>desiderant</strong></span> 
     </span>
    </p>
   </div>
   <div class='ocr_carea' id='block_1_50' title="bbox 1860 2148 3441 2222">
    <p class='ocr_par' dir='ltr' id='par_1_50' title="bbox 1860 2148 3441 2222">
     <span class='ocr_line' id='line_1_50' title="bbox 1860 2148 3441 2222; baseline 0.001 -20"><span class='ocrx_word' id='word_1_357' title='bbox 1860 2148 2030 2219; x_wconf 82' lang='lat' dir='ltr'><strong>angeli</strong></span> <span class='ocrx_word' id='word_1_358' title='bbox 2065 2149 2353 2220; x_wconf 83' lang='lat' dir='ltr'><strong>prospicere</strong></span> <span class='ocrx_word' id='word_1_359' title='bbox 2393 2149 2444 2222; x_wconf 93' lang='lat' dir='ltr'><strong>(I</strong></span> <span class='ocrx_word' id='word_1_360' title='bbox 2477 2149 2620 2204; x_wconf 86' lang='lat' dir='ltr'><strong>Petr.</strong></span> <span class='ocrx_word' id='word_1_361' title='bbox 2663 2167 2710 2215; x_wconf 89' lang='grc' dir='ltr'><strong>ι,</strong></span> <span class='ocrx_word' id='word_1_362' title='bbox 2742 2149 2829 2222; x_wconf 72' lang='grc'><strong>12)</strong></span> <span class='ocrx_word' id='word_1_363' title='bbox 2857 2167 2872 2204; x_wconf 78' lang='lat'><strong>2</strong></span> <span class='ocrx_word' id='word_1_364' title='bbox 2901 2165 3024 2205; x_wconf 90' lang='lat' dir='ltr'><strong>cum</strong></span> <span class='ocrx_word' id='word_1_365' title='bbox 3066 2151 3120 2205; x_wconf 92' lang='lat' dir='ltr'><strong>in</strong></span> <span class='ocrx_word' id='word_1_366' title='bbox 3151 2149 3441 2221; x_wconf 84' lang='lat' dir='ltr'><strong>Evangelio</strong></span> 
     </span>
    </p>
   </div>
   <div class='ocr_carea' id='block_1_51' title="bbox 1859 2239 3440 2312">
    <p class='ocr_par' dir='ltr' id='par_1_51' title="bbox 1859 2239 3440 2312">
     <span class='ocr_line' id='line_1_51' title="bbox 1859 2239 3440 2312; baseline -0.001 -17"><span class='ocrx_word' id='word_1_367' title='bbox 1859 2239 2106 2296; x_wconf 85' lang='lat' dir='ltr'><strong>Christus</strong></span> <span class='ocrx_word' id='word_1_368' title='bbox 2150 2240 2326 2307; x_wconf 89' lang='lat' dir='ltr'><strong>dicat,</strong></span> <span class='ocrx_word' id='word_1_369' title='bbox 2370 2241 2554 2312; x_wconf 76' lang='lat' dir='ltr'><strong>Angeli</strong></span> <span class='ocrx_word' id='word_1_370' title='bbox 2597 2257 2775 2295; x_wconf 86' lang='lat' dir='ltr'><strong>eorum</strong></span> <span class='ocrx_word' id='word_1_371' title='bbox 2816 2257 3014 2312; x_wconf 83' lang='lat' dir='ltr'><strong>semper</strong></span> <span class='ocrx_word' id='word_1_372' title='bbox 3045 2241 3215 2295; x_wconf 77' lang='lat' dir='ltr'><strong>vident</strong></span> <span class='ocrx_word' id='word_1_373' title='bbox 3252 2240 3440 2309; x_wconf 79' lang='lat' dir='ltr'><strong>facient</strong></span> 
     </span>
    </p>
   </div>
   <div class='ocr_carea' id='block_1_52' title="bbox 1858 2329 3223 2403">
    <p class='ocr_par' dir='ltr' id='par_1_52' title="bbox 1858 2329 3223 2403">
     <span class='ocr_line' id='line_1_52' title="bbox 1858 2329 3223 2403; baseline -0.001 -17"><span class='ocrx_word' id='word_1_374' title='bbox 1858 2333 2022 2403; x_wconf 86' lang='lat' dir='ltr'><strong>patris</strong></span> <span class='ocrx_word' id='word_1_375' title='bbox 2052 2332 2170 2395; x_wconf 82' lang='lat' dir='ltr'><strong>mei,</strong></span> <span class='ocrx_word' id='word_1_376' title='bbox 2194 2332 2283 2402; x_wconf 89' lang='lat' dir='ltr'><strong>qui</strong></span> <span class='ocrx_word' id='word_1_377' title='bbox 2305 2340 2379 2386; x_wconf 84' lang='lat' dir='ltr'><strong>est</strong></span> <span class='ocrx_word' id='word_1_378' title='bbox 2407 2331 2462 2385; x_wconf 87' lang='lat' dir='ltr'><strong>in</strong></span> <span class='ocrx_word' id='word_1_379' title='bbox 2491 2329 2630 2386; x_wconf 65' lang='lat' dir='ltr'><strong>cretis</strong></span> <span class='ocrx_word' id='word_1_380' title='bbox 2662 2330 2876 2400; x_wconf 79' lang='lat' dir='ltr'><strong>(Matth.</strong></span> <span class='ocrx_word' id='word_1_381' title='bbox 2917 2347 3071 2396; x_wconf 80' lang='lat' dir='ltr'><strong>xvm,</strong></span> <span class='ocrx_word' id='word_1_382' title='bbox 3098 2331 3223 2402; x_wconf 74' lang='lat'><strong>10)?</strong></span> 
     </span>
    </p>
   </div>
   <div class='ocr_carea' id='block_1_53' title="bbox 1858 2419 3415 2494">
    <p class='ocr_par' dir='ltr' id='par_1_53' title="bbox 1858 2419 3415 2494">
     <span class='ocr_line' id='line_1_53' title="bbox 1858 2419 3415 2494; baseline -0.002 -18"><span class='ocrx_word' id='word_1_383' title='bbox 1858 2439 2139 2479; x_wconf 69' lang='lat' dir='ltr'><strong>nusroxsro</strong></span> <span class='ocrx_word' id='word_1_384' title='bbox 2179 2423 2279 2494; x_wconf 78' lang='lat' dir='ltr'><strong>(Ex</strong></span> <span class='ocrx_word' id='word_1_385' title='bbox 2301 2421 2525 2492; x_wconf 87' lang='lat' dir='ltr'><strong>Gregor.</strong></span> <span class='ocrx_word' id='word_1_386' title='bbox 2549 2421 2746 2493; x_wconf 82' lang='lat' dir='ltr'><strong>Magn.,</strong></span> <span class='ocrx_word' id='word_1_387' title='bbox 2781 2421 2872 2476; x_wconf 85' lang='lat' dir='ltr'><strong>lib.</strong></span> <span class='ocrx_word' id='word_1_388' title='bbox 2904 2421 3218 2486; x_wconf 78' lang='lat' dir='ltr'><strong>xvurMor.,</strong></span> <span class='ocrx_word' id='word_1_389' title='bbox 3252 2419 3415 2492; x_wconf 87' lang='lat' dir='ltr'><strong>n.9l)</strong></span> 
     </span>
    </p>
   </div>
   <div class='ocr_carea' id='block_1_54' title="bbox 1926 2511 3440 2584">
    <p class='ocr_par' dir='ltr' id='par_1_54' title="bbox 1926 2511 3440 2584">
     <span class='ocr_line' id='line_1_54' title="bbox 1926 2511 3440 2584; baseline -0.003 -17"><span class='ocrx_word' id='word_1_390' title='bbox 1926 2513 2178 2584; x_wconf 85' lang='lat' dir='ltr'><strong>Nunquid</strong></span> <span class='ocrx_word' id='word_1_391' title='bbox 2221 2513 2367 2568; x_wconf 87' lang='lat' dir='ltr'><strong>aliud</strong></span> <span class='ocrx_word' id='word_1_392' title='bbox 2391 2513 2637 2579; x_wconf 82' lang='lat' dir='ltr'><strong>Veritas,</strong></span> <span class='ocrx_word' id='word_1_393' title='bbox 2677 2513 2826 2568; x_wconf 89' lang='lat' dir='ltr'><strong>aliud</strong></span> <span class='ocrx_word' id='word_1_394' title='bbox 2862 2512 3190 2582; x_wconf 70' lang='lat' dir='ltr'><strong>prtedicator</strong></span> <span class='ocrx_word' id='word_1_395' title='bbox 3228 2511 3440 2565; x_wconf 86' lang='lat' dir='ltr'><strong>insonat</strong></span> 
     </span>
    </p>
   </div>
   <div class='ocr_carea' id='block_1_55' title="bbox 1855 2599 3440 2672">
    <p class='ocr_par' dir='ltr' id='par_1_55' title="bbox 1855 2599 3440 2672">
     <span class='ocr_line' id='line_1_55' title="bbox 1855 2599 3440 2672; baseline -0.004 -12"><span class='ocrx_word' id='word_1_396' title='bbox 1855 2606 2134 2662; x_wconf 75' lang='lat' dir='ltr'><strong>veritatis?</strong></span> <span class='ocrx_word' id='word_1_397' title='bbox 2171 2605 2278 2661; x_wconf 89' lang='lat' dir='ltr'><strong>Sed</strong></span> <span class='ocrx_word' id='word_1_398' title='bbox 2316 2605 2362 2660; x_wconf 90' lang='lat' dir='ltr'><strong>sl</strong></span> <span class='ocrx_word' id='word_1_399' title='bbox 2403 2605 2672 2661; x_wconf 88' lang='lat' dir='ltr'><strong>sententia</strong></span> <span class='ocrx_word' id='word_1_400' title='bbox 2710 2611 2938 2672; x_wconf 89' lang='lat' dir='ltr'><strong>utraque</strong></span> <span class='ocrx_word' id='word_1_401' title='bbox 2978 2601 3272 2664; x_wconf 85' lang='lat' dir='ltr'><strong>confertur,</strong></span> <span class='ocrx_word' id='word_1_402' title='bbox 3313 2599 3440 2669; x_wconf 89' lang='lat' dir='ltr'><strong>quia</strong></span> 
     </span>
    </p>
   </div>
   <div class='ocr_carea' id='block_1_56' title="bbox 1856 2675 3442 2768">
    <p class='ocr_par' dir='ltr' id='par_1_56' title="bbox 1856 2675 3442 2768">
     <span class='ocr_line' id='line_1_56' title="bbox 1856 2675 3442 2768; baseline -0.007 -16"><span class='ocrx_word' id='word_1_403' title='bbox 1856 2696 1958 2752; x_wconf 91' lang='lat' dir='ltr'><strong>sibi</strong></span> <span class='ocrx_word' id='word_1_404' title='bbox 1985 2701 2324 2768; x_wconf 85' lang='lat' dir='ltr'><strong>nequaquam</strong></span> <span class='ocrx_word' id='word_1_405' title='bbox 2349 2695 2618 2751; x_wconf 88' lang='lat' dir='ltr'><strong>discordet</strong></span> <span class='ocrx_word' id='word_1_406' title='bbox 2657 2675 3022 2764; x_wconf 35' lang='lat' dir='ltr'><strong>cognoscitur:</strong></span> <span class='ocrx_word' id='word_1_407' title='bbox 3052 2692 3220 2746; x_wconf 88' lang='lat' dir='ltr'><strong>Deum</strong></span> <span class='ocrx_word' id='word_1_408' title='bbox 3245 2690 3442 2759; x_wconf 88' lang='lat' dir='ltr'><strong>quippe</strong></span> 
     </span>
    </p>
   </div>
   <div class='ocr_carea' id='block_1_57' title="bbox 1855 2779 3441 2857">
    <p class='ocr_par' dir='ltr' id='par_1_57' title="bbox 1855 2779 3441 2857">
     <span class='ocr_line' id='line_1_57' title="bbox 1855 2779 3441 2857; baseline -0.005 -16"><span class='ocrx_word' id='word_1_409' title='bbox 1855 2789 2033 2857; x_wconf 81' lang='lat' dir='ltr'><strong>angeli</strong></span> <span class='ocrx_word' id='word_1_410' title='bbox 2081 2795 2136 2843; x_wconf 91' lang='lat' dir='ltr'><strong>et</strong></span> <span class='ocrx_word' id='word_1_411' title='bbox 2175 2787 2380 2853; x_wconf 87' lang='lat' dir='ltr'><strong>vident,</strong></span> <span class='ocrx_word' id='word_1_412' title='bbox 2431 2796 2486 2843; x_wconf 92' lang='lat' dir='ltr'><strong>et</strong></span> <span class='ocrx_word' id='word_1_413' title='bbox 2535 2786 2718 2842; x_wconf 91' lang='lat' dir='ltr'><strong>videre</strong></span> <span class='ocrx_word' id='word_1_414' title='bbox 2761 2783 3097 2848; x_wconf 89' lang='lat' dir='ltr'><strong>desiderant,</strong></span> <span class='ocrx_word' id='word_1_415' title='bbox 3145 2790 3206 2836; x_wconf 90' lang='lat' dir='ltr'><strong>ut</strong></span> <span class='ocrx_word' id='word_1_416' title='bbox 3246 2779 3441 2834; x_wconf 79' lang='lat' dir='ltr'><strong>ctl‘cctu</strong></span> 
     </span>
    </p>
   </div>
   <div class='ocr_carea' id='block_1_58' title="bbox 1855 2869 3440 2946">
    <p class='ocr_par' dir='ltr' id='par_1_58' title="bbox 1855 2869 3440 2946">
     <span class='ocr_line' id='line_1_58' title="bbox 1855 2869 3440 2946; baseline -0.004 -16"><span class='ocrx_word' id='word_1_417' title='bbox 1855 2877 1938 2931; x_wconf 89' lang='lat' dir='ltr'><strong>sui</strong></span> <span class='ocrx_word' id='word_1_418' title='bbox 1965 2875 2216 2946; x_wconf 84' lang='lat' dir='ltr'><strong>desiderii</strong></span> <span class='ocrx_word' id='word_1_419' title='bbox 2254 2877 2475 2932; x_wconf 89' lang='lat' dir='ltr'><strong>minime</strong></span> <span class='ocrx_word' id='word_1_420' title='bbox 2517 2875 2922 2932; x_wconf 88' lang='lat' dir='ltr'><strong>detraudentur.</strong></span> <span class='ocrx_word' id='word_1_421' title='bbox 2952 2871 3286 2929; x_wconf 89' lang='lat' dir='ltr'><strong>Desiderium</strong></span> <span class='ocrx_word' id='word_1_422' title='bbox 3323 2869 3440 2924; x_wconf 87' lang='lat' dir='ltr'><strong>sine</strong></span> 
     </span>
    </p>
   </div>
   <div class='ocr_carea' id='block_1_59' title="bbox 1853 2960 3441 3034">
    <p class='ocr_par' dir='ltr' id='par_1_59' title="bbox 1853 2960 3441 3034">
     <span class='ocr_line' id='line_1_59' title="bbox 1853 2960 3441 3034; baseline -0.004 -14"><span class='ocrx_word' id='word_1_423' title='bbox 1853 2965 2032 3024; x_wconf 83' lang='lat' dir='ltr'><strong>fructu</strong></span> <span class='ocrx_word' id='word_1_424' title='bbox 2058 2979 2078 3008; x_wconf 75' lang='grc' dir='ltr'>ε</span> <span class='ocrx_word' id='word_1_425' title='bbox 2107 2969 2437 3024; x_wconf 77' lang='lat' dir='ltr'><strong>anxietatem</strong></span> <span class='ocrx_word' id='word_1_426' title='bbox 2463 2967 2644 3030; x_wconf 85' lang='lat' dir='ltr'><strong>habet,</strong></span> <span class='ocrx_word' id='word_1_427' title='bbox 2670 2976 2724 3022; x_wconf 90' lang='lat' dir='ltr'><strong>et</strong></span> <span class='ocrx_word' id='word_1_428' title='bbox 2751 2967 2992 3022; x_wconf 79' lang='lat' dir='ltr'><strong>anxietas</strong></span> <span class='ocrx_word' id='word_1_429' title='bbox 3014 2976 3252 3034; x_wconf 66' lang='lat' dir='ltr'><strong>pennam.</strong></span> <span class='ocrx_word' id='word_1_430' title='bbox 3286 2960 3441 3016; x_wconf 86' lang='lat' dir='ltr'><strong>Beati</strong></span> 
     </span>
    </p>
   </div>
   <div class='ocr_carea' id='block_1_60' title="bbox 1854 3057 3435 3131">
    <p class='ocr_par' dir='ltr' id='par_1_60' title="bbox 1854 3057 3435 3131">
     <span class='ocr_line' id='line_1_60' title="bbox 1854 3057 3435 3131; baseline -0.003 -18"><span class='ocrx_word' id='word_1_431' title='bbox 1854 3073 1982 3114; x_wconf 76' lang='lat' dir='ltr'><strong>vero</strong></span> <span class='ocrx_word' id='word_1_432' title='bbox 2025 3060 2202 3131; x_wconf 84' lang='lat' dir='ltr'><strong>angeli</strong></span> <span class='ocrx_word' id='word_1_433' title='bbox 2241 3061 2310 3116; x_wconf 90' lang='lat' dir='ltr'><strong>ab</strong></span> <span class='ocrx_word' id='word_1_434' title='bbox 2346 3057 2494 3115; x_wconf 87' lang='lat' dir='ltr'><strong>omni</strong></span> <span class='ocrx_word' id='word_1_435' title='bbox 2549 3073 2709 3130; x_wconf 87' lang='lat' dir='ltr'><strong>poena</strong></span> <span class='ocrx_word' id='word_1_436' title='bbox 2753 3059 3044 3115; x_wconf 76' lang='lat' dir='ltr'><strong>anxietatis</strong></span> <span class='ocrx_word' id='word_1_437' title='bbox 3085 3057 3242 3128; x_wconf 84' lang='lat' dir='ltr'><strong>longe</strong></span> <span class='ocrx_word' id='word_1_438' title='bbox 3289 3063 3435 3122; x_wconf 89' lang='lat' dir='ltr'><strong>sunt,</strong></span> 
     </span>
    </p>
   </div>
   <div class='ocr_carea' id='block_1_61' title="bbox 152 3135 3434 3236">
    <p class='ocr_par' dir='ltr' id='par_1_61' title="bbox 152 3135 3434 3236">
     <span class='ocr_line' id='line_1_61' title="bbox 152 3135 3434 3236; baseline -0.003 -24"><span class='ocrx_word' id='word_1_439' title='bbox 152 3167 339 3212; x_wconf 73' lang='lat' dir='ltr'><strong>autem</strong></span> <span class='ocrx_word' id='word_1_440' title='bbox 374 3159 432 3212; x_wconf 83' lang='lat' dir='ltr'><strong>in</strong></span> <span class='ocrx_word' id='word_1_441' title='bbox 466 3174 586 3213; x_wconf 86' lang='lat' dir='ltr'><strong>eum</strong></span> <span class='ocrx_word' id='word_1_442' title='bbox 615 3157 705 3228; x_wconf 81' lang='lat' dir='ltr'><strong>qui</strong></span> <span class='ocrx_word' id='word_1_443' title='bbox 727 3135 987 3228; x_wconf 76' lang='lat' dir='ltr'><strong>justi/ient</strong></span> <span class='ocrx_word' id='word_1_444' title='bbox 1027 3135 1264 3228; x_wconf 88' lang='lat' dir='ltr'><strong>impium,</strong></span> <span class='ocrx_word' id='word_1_445' title='bbox 1305 3166 1574 3228; x_wconf 83' lang='lat' dir='ltr'><strong>reputatur</strong></span> <span class='ocrx_word' id='word_1_446' title='bbox 1621 3157 1751 3227; x_wconf 83' lang='lat' dir='ltr'><strong>ﬁdes</strong></span> <span class='ocrx_word' id='word_1_447' title='bbox 1779 3172 1825 3236; x_wconf 72' lang='grc' dir='ltr'>ο</span> <span class='ocrx_word' id='word_1_448' title='bbox 1859 3149 1984 3218; x_wconf 89' lang='lat' dir='ltr'><strong>quia</strong></span> <span class='ocrx_word' id='word_1_449' title='bbox 2015 3166 2293 3221; x_wconf 86' lang='lat' dir='ltr'><strong>nunquam</strong></span> <span class='ocrx_word' id='word_1_450' title='bbox 2329 3135 2488 3206; x_wconf 75' lang='lat' dir='ltr'><strong>simul</strong></span> <span class='ocrx_word' id='word_1_451' title='bbox 2516 3165 2676 3220; x_wconf 72' lang='lat' dir='ltr'><strong>paena</strong></span> <span class='ocrx_word' id='word_1_452' title='bbox 2703 3158 2757 3207; x_wconf 88' lang='lat' dir='ltr'><strong>et</strong></span> <span class='ocrx_word' id='word_1_453' title='bbox 2776 3151 3052 3208; x_wconf 88' lang='lat' dir='ltr'><strong>beatitudo</strong></span> <span class='ocrx_word' id='word_1_454' title='bbox 3088 3148 3434 3204; x_wconf 85' lang='lat' dir='ltr'><strong>conveniunt.</strong></span> 
     </span>
    </p>
   </div>
   <div class='ocr_carea' id='block_1_62' title="bbox 150 3246 1746 3319">
    <p class='ocr_par' dir='ltr' id='par_1_62' title="bbox 150 3246 1746 3319">
     <span class='ocr_line' id='line_1_62' title="bbox 150 3246 1746 3319; baseline 0 -17"><span class='ocrx_word' id='word_1_455' title='bbox 150 3247 274 3318; x_wconf 80' lang='lat' dir='ltr'><strong>ejus</strong></span> <span class='ocrx_word' id='word_1_456' title='bbox 309 3249 383 3302; x_wconf 90' lang='lat' dir='ltr'><strong>ad</strong></span> <span class='ocrx_word' id='word_1_457' title='bbox 410 3249 676 3319; x_wconf 84' lang='lat' dir='ltr'><strong>justitiam</strong></span> <span class='ocrx_word' id='word_1_458' title='bbox 712 3246 999 3303; x_wconf 81' lang='lat' dir='ltr'><strong>secundum</strong></span> <span class='ocrx_word' id='word_1_459' title='bbox 1037 3247 1358 3318; x_wconf 86' lang='lat' dir='ltr'><strong>propositum</strong></span> <span class='ocrx_word' id='word_1_460' title='bbox 1400 3249 1585 3318; x_wconf 71' lang='lat' dir='ltr'><strong>gratim</strong></span> <span class='ocrx_word' id='word_1_461' title='bbox 1620 3247 1746 3315; x_wconf 86' lang='lat' dir='ltr'><strong>Dei,</strong></span> 
     </span>
    </p>
   </div>
   <div class='ocr_carea' id='block_1_63' title="bbox 149 3340 1752 3397">
    <p class='ocr_par' dir='ltr' id='par_1_63' title="bbox 149 3340 1752 3397">
     <span class='ocr_line' id='line_1_63' title="bbox 149 3340 1752 3397; baseline 0.001 -2"><span class='ocrx_word' id='word_1_462' title='bbox 149 3341 296 3396; x_wconf 69' lang='lat' dir='ltr'><strong>sicut</strong></span> <span class='ocrx_word' id='word_1_463' title='bbox 342 3351 390 3396; x_wconf 86' lang='lat' dir='ltr'><strong>et</strong></span> <span class='ocrx_word' id='word_1_464' title='bbox 435 3341 602 3396; x_wconf 72' lang='lat' dir='ltr'><strong>Dauid</strong></span> <span class='ocrx_word' id='word_1_465' title='bbox 646 3341 701 3395; x_wconf 90' lang='lat' dir='ltr'><strong>di</strong></span> <span class='ocrx_word' id='word_1_466' title='bbox 733 3342 772 3395; x_wconf 87' lang='lat' dir='ltr'><strong>it</strong></span> <span class='ocrx_word' id='word_1_467' title='bbox 811 3341 1178 3396; x_wconf 82' lang='lat' dir='ltr'><strong>beatitudinem</strong></span> <span class='ocrx_word' id='word_1_468' title='bbox 1228 3340 1452 3394; x_wconf 81' lang='lat' dir='ltr'><strong>hominis</strong></span> <span class='ocrx_word' id='word_1_469' title='bbox 1497 3341 1582 3394; x_wconf 85' lang='lat' dir='ltr'><strong>cui</strong></span> <span class='ocrx_word' id='word_1_470' title='bbox 1612 3340 1752 3397; x_wconf 61' lang='lat' dir='ltr'><strong>Deus</strong></span> 
     </span>
    </p>
   </div>
   <div class='ocr_carea' id='block_1_64' title="bbox 147 3429 1684 3504">
    <p class='ocr_par' dir='ltr' id='par_1_64' title="bbox 147 3429 1684 3504">
     <span class='ocr_line' id='line_1_64' title="bbox 147 3429 1684 3504; baseline 0.001 -18"><span class='ocrx_word' id='word_1_471' title='bbox 147 3441 374 3503; x_wconf 79' lang='lat' dir='ltr'><strong>accepto</strong></span> <span class='ocrx_word' id='word_1_472' title='bbox 399 3431 500 3502; x_wconf 79' lang='lat' dir='ltr'><strong>fert</strong></span> <span class='ocrx_word' id='word_1_473' title='bbox 516 3433 783 3504; x_wconf 85' lang='lat' dir='ltr'><strong>justitiam</strong></span> <span class='ocrx_word' id='word_1_474' title='bbox 808 3433 920 3487; x_wconf 84' lang='lat' dir='ltr'><strong>sine</strong></span> <span class='ocrx_word' id='word_1_475' title='bbox 943 3431 1181 3502; x_wconf 88' lang='lat' dir='ltr'><strong>operibus</strong></span> <span class='ocrx_word' id='word_1_476' title='bbox 1211 3429 1389 3502; x_wconf 89' lang='lat' dir='ltr'><strong>(Rom.</strong></span> <span class='ocrx_word' id='word_1_477' title='bbox 1416 3447 1489 3499; x_wconf 86' lang='lat' dir='ltr'><strong>tv,</strong></span> <span class='ocrx_word' id='word_1_478' title='bbox 1513 3432 1566 3498; x_wconf 85' lang='lat'><strong>5,</strong></span> <span class='ocrx_word' id='word_1_479' title='bbox 1591 3432 1684 3504; x_wconf 70' lang='lat'><strong>6)?</strong></span> 
     </span>
    </p>
   </div>
   <div class='ocr_carea' id='block_1_65' title="bbox 801 3539 1103 3579">
    <p class='ocr_par' dir='ltr' id='par_1_65' title="bbox 801 3539 1103 3579">
     <span class='ocr_line' id='line_1_65' title="bbox 801 3539 1103 3579; baseline -0.007 -1"><span class='ocrx_word' id='word_1_480' title='bbox 801 3539 1103 3579; x_wconf 70' lang='lat' dir='ltr'><strong>BESPO‘NSIO.</strong></span> 
     </span>
    </p>
   </div>
   <div class='ocr_carea' id='block_1_66' title="bbox 231 3613 1744 3686">
    <p class='ocr_par' dir='ltr' id='par_1_66' title="bbox 231 3613 1744 3686">
     <span class='ocr_line' id='line_1_66' title="bbox 231 3613 1744 3686; baseline -0.003 -15"><span class='ocrx_word' id='word_1_481' title='bbox 231 3616 292 3671; x_wconf 87' lang='lat' dir='ltr'><strong>Si</strong></span> <span class='ocrx_word' id='word_1_482' title='bbox 317 3614 476 3686; x_wconf 82' lang='lat' dir='ltr'><strong>juxta</strong></span> <span class='ocrx_word' id='word_1_483' title='bbox 499 3615 759 3671; x_wconf 79' lang='lat' dir='ltr'><strong>Jacobum</strong></span> <span class='ocrx_word' id='word_1_484' title='bbox 788 3614 923 3670; x_wconf 78' lang='lat' dir='ltr'><strong>ﬁdes</strong></span> <span class='ocrx_word' id='word_1_485' title='bbox 955 3613 1073 3668; x_wconf 90' lang='lat' dir='ltr'><strong>sine</strong></span> <span class='ocrx_word' id='word_1_486' title='bbox 1101 3613 1354 3684; x_wconf 87' lang='lat' dir='ltr'><strong>operibus</strong></span> <span class='ocrx_word' id='word_1_487' title='bbox 1386 3621 1600 3669; x_wconf 88' lang='lat' dir='ltr'><strong>mortua</strong></span> <span class='ocrx_word' id='word_1_488' title='bbox 1645 3620 1744 3677; x_wconf 89' lang='lat' dir='ltr'><strong>est,</strong></span> 
     </span>
    </p>
   </div>
   <div class='ocr_carea' id='block_1_67' title="bbox 146 3703 1749 3777">
    <p class='ocr_par' dir='ltr' id='par_1_67' title="bbox 146 3703 1749 3777">
     <span class='ocr_line' id='line_1_67' title="bbox 146 3703 1749 3777; baseline -0.001 -15"><span class='ocrx_word' id='word_1_489' title='bbox 146 3706 436 3777; x_wconf 78' lang='lat' dir='ltr'><strong>quomodo</strong></span> <span class='ocrx_word' id='word_1_490' title='bbox 466 3719 806 3775; x_wconf 87' lang='lat' dir='ltr'><strong>consequens</strong></span> <span class='ocrx_word' id='word_1_491' title='bbox 841 3712 944 3771; x_wconf 90' lang='lat' dir='ltr'><strong>est,</strong></span> <span class='ocrx_word' id='word_1_492' title='bbox 975 3703 1130 3774; x_wconf 79' lang='lat' dir='ltr'><strong>juxta</strong></span> <span class='ocrx_word' id='word_1_493' title='bbox 1168 3703 1310 3773; x_wconf 91' lang='lat' dir='ltr'><strong>quod</strong></span> <span class='ocrx_word' id='word_1_494' title='bbox 1341 3703 1539 3760; x_wconf 88' lang='lat' dir='ltr'><strong>Paulus</strong></span> <span class='ocrx_word' id='word_1_495' title='bbox 1566 3705 1660 3767; x_wconf 89' lang='lat' dir='ltr'><strong>ait,</strong></span> <span class='ocrx_word' id='word_1_496' title='bbox 1689 3715 1749 3761; x_wconf 91' lang='lat' dir='ltr'><strong>ut</strong></span> 
     </span>
    </p>
   </div>
   <div class='ocr_carea' id='block_1_68' title="bbox 146 3794 1752 3867">
    <p class='ocr_par' dir='ltr' id='par_1_68' title="bbox 146 3794 1752 3867">
     <span class='ocr_line' id='line_1_68' title="bbox 146 3794 1752 3867; baseline -0.002 -14"><span class='ocrx_word' id='word_1_497' title='bbox 146 3799 295 3854; x_wconf 82' lang='lat' dir='ltr'><strong>ﬁdes</strong></span> <span class='ocrx_word' id='word_1_498' title='bbox 330 3799 450 3853; x_wconf 83' lang='lat' dir='ltr'><strong>sine</strong></span> <span class='ocrx_word' id='word_1_499' title='bbox 474 3811 642 3867; x_wconf 90' lang='lat' dir='ltr'><strong>opere</strong></span> <span class='ocrx_word' id='word_1_500' title='bbox 663 3795 924 3867; x_wconf 83' lang='lat' dir='ltr'><strong>justiticet</strong></span> <span class='ocrx_word' id='word_1_501' title='bbox 953 3795 1213 3866; x_wconf 87' lang='lat' dir='ltr'><strong>impium?</strong></span> <span class='ocrx_word' id='word_1_502' title='bbox 1250 3794 1356 3851; x_wconf 88' lang='lat' dir='ltr'><strong>Sed</strong></span> <span class='ocrx_word' id='word_1_503' title='bbox 1384 3796 1497 3851; x_wconf 71' lang='lat' dir='ltr'><strong>hmc</strong></span> <span class='ocrx_word' id='word_1_504' title='bbox 1523 3795 1752 3866; x_wconf 79' lang='lat' dir='ltr'><strong>diligen-</strong></span> 
     </span>
    </p>
   </div>
   <div class='ocr_carea' id='block_1_69' title="bbox 146 3887 1749 3953">
    <p class='ocr_par' dir='ltr' id='par_1_69' title="bbox 146 3887 1749 3953">
     <span class='ocr_line' id='line_1_69' title="bbox 146 3887 1749 3953; baseline -0.001 -8"><span class='ocrx_word' id='word_1_505' title='bbox 146 3898 246 3945; x_wconf 83' lang='lat' dir='ltr'><strong>ter</strong></span> <span class='ocrx_word' id='word_1_506' title='bbox 294 3888 670 3953; x_wconf 88' lang='lat' dir='ltr'><strong>considerata,</strong></span> <span class='ocrx_word' id='word_1_507' title='bbox 724 3905 834 3944; x_wconf 92' lang='lat' dir='ltr'><strong>non</strong></span> <span class='ocrx_word' id='word_1_508' title='bbox 886 3897 1052 3944; x_wconf 90' lang='lat' dir='ltr'><strong>erunt</strong></span> <span class='ocrx_word' id='word_1_509' title='bbox 1109 3889 1208 3944; x_wconf 88' lang='lat' dir='ltr'><strong>sibi</strong></span> <span class='ocrx_word' id='word_1_510' title='bbox 1265 3889 1558 3945; x_wconf 82' lang='lat' dir='ltr'><strong>contraria.</strong></span> <span class='ocrx_word' id='word_1_511' title='bbox 1625 3887 1749 3944; x_wconf 88' lang='lat' dir='ltr'><strong>Illos</strong></span> 
     </span>
    </p>
   </div>
   <div class='ocr_carea' id='block_1_70' title="bbox 145 3979 1748 4053">
    <p class='ocr_par' dir='ltr' id='par_1_70' title="bbox 145 3979 1748 4053">
     <span class='ocr_line' id='line_1_70' title="bbox 145 3979 1748 4053; baseline -0.001 -14"><span class='ocrx_word' id='word_1_512' title='bbox 145 3983 363 4053; x_wconf 83' lang='lat' dir='ltr'><strong>quippe</strong></span> <span class='ocrx_word' id='word_1_513' title='bbox 399 3979 556 4051; x_wconf 79' lang='lat' dir='ltr'><strong>juxta</strong></span> <span class='ocrx_word' id='word_1_514' title='bbox 587 3981 814 4038; x_wconf 88' lang='lat' dir='ltr'><strong>Paulum</strong></span> <span class='ocrx_word' id='word_1_515' title='bbox 850 3983 984 4038; x_wconf 84' lang='lat' dir='ltr'><strong>ﬁdes</strong></span> <span class='ocrx_word' id='word_1_516' title='bbox 1021 3983 1140 4038; x_wconf 90' lang='lat' dir='ltr'><strong>sine</strong></span> <span class='ocrx_word' id='word_1_517' title='bbox 1171 3997 1332 4053; x_wconf 91' lang='lat' dir='ltr'><strong>opere</strong></span> <span class='ocrx_word' id='word_1_518' title='bbox 1373 3982 1572 4047; x_wconf 86' lang='lat' dir='ltr'><strong>salvat,</strong></span> <span class='ocrx_word' id='word_1_519' title='bbox 1611 3998 1748 4053; x_wconf 89' lang='lat' dir='ltr'><strong>quos</strong></span> 
     </span>
    </p>
   </div>
   <div class='ocr_carea' id='block_1_71' title="bbox 143 4070 1748 4142">
    <p class='ocr_par' dir='ltr' id='par_1_71' title="bbox 143 4070 1748 4142">
     <span class='ocr_line' id='line_1_71' title="bbox 143 4070 1748 4142; baseline -0.001 -14"><span class='ocrx_word' id='word_1_520' title='bbox 143 4073 294 4128; x_wconf 79' lang='lat' dir='ltr'><strong>ﬁdes</strong></span> <span class='ocrx_word' id='word_1_521' title='bbox 325 4070 529 4127; x_wconf 89' lang='lat' dir='ltr'><strong>Christi</strong></span> <span class='ocrx_word' id='word_1_522' title='bbox 577 4072 814 4142; x_wconf 89' lang='lat' dir='ltr'><strong>primum</strong></span> <span class='ocrx_word' id='word_1_523' title='bbox 870 4073 939 4128; x_wconf 85' lang='lat' dir='ltr'><strong>ab</strong></span> <span class='ocrx_word' id='word_1_524' title='bbox 976 4072 1290 4128; x_wconf 84' lang='lat' dir='ltr'><strong>inﬁdelitate</strong></span> <span class='ocrx_word' id='word_1_525' title='bbox 1333 4072 1606 4139; x_wconf 89' lang='lat' dir='ltr'><strong>dissociat,</strong></span> <span class='ocrx_word' id='word_1_526' title='bbox 1642 4073 1748 4128; x_wconf 87' lang='lat' dir='ltr'><strong>uti-</strong></span> 
     </span>
    </p>
   </div>
   <div class='ocr_carea' id='block_1_72' title="bbox 141 4162 1746 4234">
    <p class='ocr_par' dir='ltr' id='par_1_72' title="bbox 141 4162 1746 4234">
     <span class='ocr_line' id='line_1_72' title="bbox 141 4162 1746 4234; baseline 0.001 -17"><span class='ocrx_word' id='word_1_527' title='bbox 141 4179 264 4234; x_wconf 80' lang='lat' dir='ltr'><strong>que</strong></span> <span class='ocrx_word' id='word_1_528' title='bbox 305 4163 428 4218; x_wconf 88' lang='lat' dir='ltr'><strong>sine</strong></span> <span class='ocrx_word' id='word_1_529' title='bbox 471 4163 628 4218; x_wconf 90' lang='lat' dir='ltr'><strong>bonis</strong></span> <span class='ocrx_word' id='word_1_530' title='bbox 673 4163 1100 4233; x_wconf 73' lang='lat' dir='ltr'><strong>przeccdeutibus</strong></span> <span class='ocrx_word' id='word_1_531' title='bbox 1139 4162 1368 4218; x_wconf 90' lang='lat' dir='ltr'><strong>meritis.</strong></span> <span class='ocrx_word' id='word_1_532' title='bbox 1426 4162 1484 4217; x_wconf 88' lang='lat' dir='ltr'><strong>Si</strong></span> <span class='ocrx_word' id='word_1_533' title='bbox 1531 4163 1652 4232; x_wconf 88' lang='lat' dir='ltr'><strong>quis</strong></span> <span class='ocrx_word' id='word_1_534' title='bbox 1690 4164 1746 4218; x_wconf 90' lang='lat' dir='ltr'><strong>lu</strong></span> 
     </span>
    </p>
   </div>
   <div class='ocr_carea' id='block_1_73' title="bbox 141 4250 1742 4322">
    <p class='ocr_par' dir='ltr' id='par_1_73' title="bbox 141 4250 1742 4322">
     <span class='ocr_line' id='line_1_73' title="bbox 141 4250 1742 4322; baseline 0 -13"><span class='ocrx_word' id='word_1_535' title='bbox 141 4253 442 4310; x_wconf 82' lang='lat' dir='ltr'><strong>Christum</strong></span> <span class='ocrx_word' id='word_1_536' title='bbox 478 4250 787 4317; x_wconf 85' lang='lat' dir='ltr'><strong>crediderit,</strong></span> <span class='ocrx_word' id='word_1_537' title='bbox 831 4252 1072 4308; x_wconf 87' lang='lat' dir='ltr'><strong>remissis</strong></span> <span class='ocrx_word' id='word_1_538' title='bbox 1108 4253 1484 4322; x_wconf 88' lang='lat' dir='ltr'><strong>iniquitatibus</strong></span> <span class='ocrx_word' id='word_1_539' title='bbox 1515 4255 1742 4319; x_wconf 88' lang='lat' dir='ltr'><strong>cunctis,</strong></span> 
     </span>
    </p>
   </div>
   <div class='ocr_carea' id='block_1_74' title="bbox 141 4342 1744 4416">
    <p class='ocr_par' dir='ltr' id='par_1_74' title="bbox 141 4342 1744 4416">
     <span class='ocr_line' id='line_1_74' title="bbox 141 4342 1744 4416; baseline 0.001 -17"><span class='ocrx_word' id='word_1_540' title='bbox 141 4351 343 4416; x_wconf 80' lang='lat' dir='ltr'><strong>potest</strong></span> <span class='ocrx_word' id='word_1_541' title='bbox 378 4357 476 4413; x_wconf 89' lang='lat' dir='ltr'><strong>per</strong></span> <span class='ocrx_word' id='word_1_542' title='bbox 509 4343 678 4397; x_wconf 86' lang='lat' dir='ltr'><strong>solam</strong></span> <span class='ocrx_word' id='word_1_543' title='bbox 715 4342 877 4398; x_wconf 82' lang='lat' dir='ltr'><strong>ﬁdem</strong></span> <span class='ocrx_word' id='word_1_544' title='bbox 918 4343 1135 4399; x_wconf 86' lang='lat' dir='ltr'><strong>salvari.</strong></span> <span class='ocrx_word' id='word_1_545' title='bbox 1179 4342 1381 4398; x_wconf 89' lang='lat' dir='ltr'><strong>Deinde</strong></span> <span class='ocrx_word' id='word_1_546' title='bbox 1409 4344 1452 4399; x_wconf 90' lang='lat' dir='ltr'><strong>si</strong></span> <span class='ocrx_word' id='word_1_547' title='bbox 1477 4342 1588 4413; x_wconf 90' lang='lat' dir='ltr'><strong>jam</strong></span> <span class='ocrx_word' id='word_1_548' title='bbox 1625 4360 1744 4400; x_wconf 91' lang='lat' dir='ltr'><strong>cre-</strong></span> 
     </span>
    </p>
   </div>
   <div class='ocr_carea' id='block_1_75' title="bbox 140 4431 1740 4503">
    <p class='ocr_par' dir='ltr' id='par_1_75' title="bbox 140 4431 1740 4503">
     <span class='ocr_line' id='line_1_75' title="bbox 140 4431 1740 4503; baseline 0.001 -14"><span class='ocrx_word' id='word_1_549' title='bbox 140 4434 314 4498; x_wconf 82' lang='lat' dir='ltr'><strong>dens,</strong></span> <span class='ocrx_word' id='word_1_550' title='bbox 365 4439 422 4487; x_wconf 88' lang='lat' dir='ltr'><strong>et</strong></span> <span class='ocrx_word' id='word_1_551' title='bbox 473 4432 742 4489; x_wconf 74' lang='lat' dir='ltr'><strong>veraciter</strong></span> <span class='ocrx_word' id='word_1_552' title='bbox 785 4441 1124 4488; x_wconf 88' lang='lat' dir='ltr'><strong>sacramenta</strong></span> <span class='ocrx_word' id='word_1_553' title='bbox 1165 4431 1367 4490; x_wconf 86' lang='lat' dir='ltr'><strong>Christi</strong></span> <span class='ocrx_word' id='word_1_554' title='bbox 1419 4434 1740 4503; x_wconf 90' lang='lat' dir='ltr'><strong>percipiens,</strong></span> 
     </span>
    </p>
   </div>
   <div class='ocr_carea' id='block_1_76' title="bbox 139 4521 1827 4595">
    <p class='ocr_par' dir='ltr' id='par_1_76' title="bbox 139 4521 1827 4595">
     <span class='ocr_line' id='line_1_76' title="bbox 139 4521 1827 4595; baseline 0.003 -18"><span class='ocrx_word' id='word_1_555' title='bbox 139 4523 303 4577; x_wconf 84' lang='lat' dir='ltr'><strong>bona</strong></span> <span class='ocrx_word' id='word_1_556' title='bbox 356 4522 568 4590; x_wconf 87' lang='lat' dir='ltr'><strong>operari</strong></span> <span class='ocrx_word' id='word_1_557' title='bbox 617 4521 879 4592; x_wconf 77' lang='lat' dir='ltr'><strong>refugiat,</strong></span> <span class='ocrx_word' id='word_1_558' title='bbox 936 4522 1096 4592; x_wconf 83' lang='lat' dir='ltr'><strong>hujus</strong></span> <span class='ocrx_word' id='word_1_559' title='bbox 1137 4523 1270 4578; x_wconf 83' lang='lat' dir='ltr'><strong>ﬁdes</strong></span> <span class='ocrx_word' id='word_1_560' title='bbox 1308 4522 1460 4592; x_wconf 82' lang='lat' dir='ltr'><strong>juxta</strong></span> <span class='ocrx_word' id='word_1_561' title='bbox 1486 4522 1744 4582; x_wconf 68' lang='lat' dir='ltr'><strong>Iacobum</strong></span> <span class='ocrx_word' id='word_1_562' title='bbox 1771 4533 1827 4595; x_wconf 80' lang='grc' dir='ltr'><strong>υ</strong></span> 
     </span>
    </p>
   </div>
   <div class='ocr_carea' id='block_1_77' title="bbox 139 4612 1808 4686">
    <p class='ocr_par' dir='ltr' id='par_1_77' title="bbox 139 4612 1808 4686">
     <span class='ocr_line' id='line_1_77' title="bbox 139 4612 1808 4686; baseline 0 -16"><span class='ocrx_word' id='word_1_563' title='bbox 139 4621 380 4670; x_wconf 86' lang='lat' dir='ltr'><strong>mortua</strong></span> <span class='ocrx_word' id='word_1_564' title='bbox 411 4621 516 4668; x_wconf 87' lang='lat' dir='ltr'><strong>est.</strong></span> <span class='ocrx_word' id='word_1_565' title='bbox 552 4612 692 4684; x_wconf 88' lang='lat' dir='ltr'><strong>Ergo</strong></span> <span class='ocrx_word' id='word_1_566' title='bbox 721 4614 866 4684; x_wconf 88' lang='lat' dir='ltr'><strong>quod</strong></span> <span class='ocrx_word' id='word_1_567' title='bbox 893 4613 1093 4671; x_wconf 90' lang='lat' dir='ltr'><strong>Paulus</strong></span> <span class='ocrx_word' id='word_1_568' title='bbox 1119 4615 1268 4679; x_wconf 91' lang='lat' dir='ltr'><strong>dicit,</strong></span> <span class='ocrx_word' id='word_1_569' title='bbox 1302 4614 1418 4670; x_wconf 89' lang='lat' dir='ltr'><strong>sine</strong></span> <span class='ocrx_word' id='word_1_570' title='bbox 1447 4631 1610 4686; x_wconf 90' lang='lat' dir='ltr'><strong>opere</strong></span> <span class='ocrx_word' id='word_1_571' title='bbox 1643 4617 1749 4672; x_wconf 89' lang='lat' dir='ltr'><strong>sal-</strong></span> <span class='ocrx_word' id='word_1_572' title='bbox 1783 4673 1808 4679; x_wconf 96' lang='lat'><em>_</em></span> 
     </span>
    </p>
   </div>
   <div class='ocr_carea' id='block_1_78' title="bbox 137 4702 1748 4778">
    <p class='ocr_par' dir='ltr' id='par_1_78' title="bbox 137 4702 1748 4778">
     <span class='ocr_line' id='line_1_78' title="bbox 137 4702 1748 4778; baseline 0.003 -20"><span class='ocrx_word' id='word_1_573' title='bbox 137 4702 278 4758; x_wconf 75' lang='lat' dir='ltr'><strong>vari</strong></span> <span class='ocrx_word' id='word_1_574' title='bbox 321 4717 482 4774; x_wconf 88' lang='lat' dir='ltr'><strong>posse</strong></span> <span class='ocrx_word' id='word_1_575' title='bbox 525 4703 856 4769; x_wconf 88' lang='lat' dir='ltr'><strong>credentem,</strong></span> <span class='ocrx_word' id='word_1_576' title='bbox 907 4704 1104 4762; x_wconf 86' lang='lat' dir='ltr'><strong>detllis</strong></span> <span class='ocrx_word' id='word_1_577' title='bbox 1150 4706 1336 4776; x_wconf 85' lang='lat' dir='ltr'><strong>utique</strong></span> <span class='ocrx_word' id='word_1_578' title='bbox 1378 4706 1552 4771; x_wconf 84' lang='lat' dir='ltr'><strong>dixit,</strong></span> <span class='ocrx_word' id='word_1_579' title='bbox 1611 4723 1748 4778; x_wconf 91' lang='lat' dir='ltr'><strong>quos</strong></span> 
     </span>
    </p>
   </div>
   <div class='ocr_carea' id='block_1_79' title="bbox 137 4797 1747 4870">
    <p class='ocr_par' dir='ltr' id='par_1_79' title="bbox 137 4797 1747 4870">
     <span class='ocr_line' id='line_1_79' title="bbox 137 4797 1747 4870; baseline 0.001 -15"><span class='ocrx_word' id='word_1_580' title='bbox 137 4797 296 4855; x_wconf 80' lang='lat' dir='ltr'><strong>ﬁdes</strong></span> <span class='ocrx_word' id='word_1_581' title='bbox 343 4797 582 4867; x_wconf 87' lang='lat' dir='ltr'><strong>primum</strong></span> <span class='ocrx_word' id='word_1_582' title='bbox 631 4798 934 4854; x_wconf 86' lang='lat' dir='ltr'><strong>credituros</strong></span> <span class='ocrx_word' id='word_1_583' title='bbox 981 4799 1276 4868; x_wconf 84' lang='lat' dir='ltr'><strong>acceperit,</strong></span> <span class='ocrx_word' id='word_1_584' title='bbox 1321 4799 1518 4868; x_wconf 90' lang='lat' dir='ltr'><strong>quibus</strong></span> <span class='ocrx_word' id='word_1_585' title='bbox 1561 4800 1747 4870; x_wconf 90' lang='lat' dir='ltr'><strong>utique</strong></span> 
     </span>
    </p>
   </div>
   <div class='ocr_carea' id='block_1_80' title="bbox 137 4887 1748 4960">
    <p class='ocr_par' dir='ltr' id='par_1_80' title="bbox 137 4887 1748 4960">
     <span class='ocr_line' id='line_1_80' title="bbox 137 4887 1748 4960; baseline 0.001 -16"><span class='ocrx_word' id='word_1_586' title='bbox 137 4905 270 4946; x_wconf 83' lang='lat' dir='ltr'><strong>non</strong></span> <span class='ocrx_word' id='word_1_587' title='bbox 325 4887 627 4958; x_wconf 89' lang='lat' dir='ltr'><strong>imputatur</strong></span> <span class='ocrx_word' id='word_1_588' title='bbox 673 4898 956 4959; x_wconf 90' lang='lat' dir='ltr'><strong>peccatum</strong></span> <span class='ocrx_word' id='word_1_589' title='bbox 1003 4897 1128 4944; x_wconf 89' lang='lat' dir='ltr'><strong>ante</strong></span> <span class='ocrx_word' id='word_1_590' title='bbox 1184 4897 1364 4944; x_wconf 87' lang='lat' dir='ltr'><strong>actum</strong></span> <span class='ocrx_word' id='word_1_591' title='bbox 1385 4930 1401 4952; x_wconf 92' lang='lat'><strong>,</strong></span> <span class='ocrx_word' id='word_1_592' title='bbox 1459 4891 1602 4960; x_wconf 91' lang='lat' dir='ltr'><strong>quod</strong></span> <span class='ocrx_word' id='word_1_593' title='bbox 1649 4891 1748 4946; x_wconf 89' lang='lat' dir='ltr'><strong>ba-</strong></span> 
     </span>
    </p>
   </div>
   <div class='ocr_carea' id='block_1_81' title="bbox 133 4980 1743 5058">
    <p class='ocr_par' dir='ltr' id='par_1_81' title="bbox 133 4980 1743 5058">
     <span class='ocr_line' id='line_1_81' title="bbox 133 4980 1743 5058; baseline 0 -20"><span class='ocrx_word' id='word_1_594' title='bbox 133 4981 434 5058; x_wconf 79' lang='lat' dir='ltr'><strong>ptismatis</strong></span> <span class='ocrx_word' id='word_1_595' title='bbox 465 4980 607 5036; x_wconf 87' lang='lat' dir='ltr'><strong>unda</strong></span> <span class='ocrx_word' id='word_1_596' title='bbox 643 4981 872 5038; x_wconf 88' lang='lat' dir='ltr'><strong>deletur.</strong></span> <span class='ocrx_word' id='word_1_597' title='bbox 927 4981 1062 5036; x_wconf 82' lang='lat' dir='ltr'><strong>Nam</strong></span> <span class='ocrx_word' id='word_1_598' title='bbox 1095 4981 1238 5053; x_wconf 89' lang='lat' dir='ltr'><strong>quod</strong></span> <span class='ocrx_word' id='word_1_599' title='bbox 1279 4982 1438 5037; x_wconf 85' lang='lat' dir='ltr'><strong>ﬁdem</strong></span> <span class='ocrx_word' id='word_1_600' title='bbox 1475 4991 1743 5038; x_wconf 87' lang='lat' dir='ltr'><strong>mortuam</strong></span> 
     </span>
    </p>
   </div>
   <div class='ocr_carea' id='block_1_82' title="bbox 132 5074 1743 5145">
    <p class='ocr_par' dir='ltr' id='par_1_82' title="bbox 132 5074 1743 5145">
     <span class='ocr_line' id='line_1_82' title="bbox 132 5074 1743 5145; baseline -0.002 -11"><span class='ocrx_word' id='word_1_601' title='bbox 132 5079 276 5134; x_wconf 82' lang='lat' dir='ltr'><strong>sine</strong></span> <span class='ocrx_word' id='word_1_602' title='bbox 310 5089 479 5145; x_wconf 87' lang='lat' dir='ltr'><strong>opere</strong></span> <span class='ocrx_word' id='word_1_603' title='bbox 513 5074 676 5142; x_wconf 90' lang='lat' dir='ltr'><strong>dicit,</strong></span> <span class='ocrx_word' id='word_1_604' title='bbox 722 5075 788 5130; x_wconf 92' lang='lat' dir='ltr'><strong>de</strong></span> <span class='ocrx_word' id='word_1_605' title='bbox 826 5074 933 5131; x_wconf 91' lang='lat' dir='ltr'><strong>illis</strong></span> <span class='ocrx_word' id='word_1_606' title='bbox 963 5075 1148 5145; x_wconf 90' lang='lat' dir='ltr'><strong>utique</strong></span> <span class='ocrx_word' id='word_1_607' title='bbox 1191 5075 1452 5145; x_wconf 90' lang='lat' dir='ltr'><strong>loquitur,</strong></span> <span class='ocrx_word' id='word_1_608' title='bbox 1490 5075 1582 5144; x_wconf 91' lang='lat' dir='ltr'><strong>qui</strong></span> <span class='ocrx_word' id='word_1_609' title='bbox 1621 5083 1743 5145; x_wconf 87' lang='lat' dir='ltr'><strong>post</strong></span> 
     </span>
    </p>
   </div>
   <div class='ocr_carea' id='block_1_83' title="bbox 133 5166 1746 5238">
    <p class='ocr_par' dir='ltr' id='par_1_83' title="bbox 133 5166 1746 5238">
     <span class='ocr_line' id='line_1_83' title="bbox 133 5166 1746 5238; baseline 0.001 -14"><span class='ocrx_word' id='word_1_610' title='bbox 133 5175 442 5238; x_wconf 80' lang='lat' dir='ltr'><strong>acceptam</strong></span> <span class='ocrx_word' id='word_1_611' title='bbox 472 5167 632 5224; x_wconf 88' lang='lat' dir='ltr'><strong>ﬁdem</strong></span> <span class='ocrx_word' id='word_1_612' title='bbox 668 5166 869 5223; x_wconf 88' lang='lat' dir='ltr'><strong>salvari</strong></span> <span class='ocrx_word' id='word_1_613' title='bbox 901 5183 1059 5238; x_wconf 85' lang='lat' dir='ltr'><strong>posse</strong></span> <span class='ocrx_word' id='word_1_614' title='bbox 1087 5169 1206 5224; x_wconf 88' lang='lat' dir='ltr'><strong>sine</strong></span> <span class='ocrx_word' id='word_1_615' title='bbox 1235 5168 1488 5238; x_wconf 87' lang='lat' dir='ltr'><strong>operibus</strong></span> <span class='ocrx_word' id='word_1_616' title='bbox 1520 5167 1746 5236; x_wconf 74' lang='lat' dir='ltr'><strong>justitize</strong></span> 
     </span>
    </p>
   </div>
   <div class='ocr_carea' id='block_1_84' title="bbox 131 5257 1746 5330">
    <p class='ocr_par' dir='ltr' id='par_1_84' title="bbox 131 5257 1746 5330">
     <span class='ocr_line' id='line_1_84' title="bbox 131 5257 1746 5330; baseline 0.001 -15"><span class='ocrx_word' id='word_1_617' title='bbox 131 5259 394 5315; x_wconf 82' lang='lat' dir='ltr'><strong>credunt</strong></span> <span class='ocrx_word' id='word_1_618' title='bbox 427 5275 443 5311; x_wconf 89' lang='lat'><strong>:</strong></span> <span class='ocrx_word' id='word_1_619' title='bbox 480 5257 693 5314; x_wconf 90' lang='lat' dir='ltr'><strong>initium</strong></span> <span class='ocrx_word' id='word_1_620' title='bbox 731 5273 967 5330; x_wconf 87' lang='lat' dir='ltr'><strong>namque</strong></span> <span class='ocrx_word' id='word_1_621' title='bbox 987 5259 1264 5330; x_wconf 88' lang='lat' dir='ltr'><strong>justiticati</strong></span> <span class='ocrx_word' id='word_1_622' title='bbox 1304 5275 1334 5314; x_wconf 90' lang='lat' dir='ltr'><strong>a</strong></span> <span class='ocrx_word' id='word_1_623' title='bbox 1361 5260 1473 5314; x_wconf 94' lang='lat' dir='ltr'><strong>Deo</strong></span> <span class='ocrx_word' id='word_1_624' title='bbox 1503 5269 1605 5326; x_wconf 89' lang='lat' dir='ltr'><strong>est,</strong></span> <span class='ocrx_word' id='word_1_625' title='bbox 1652 5260 1746 5330; x_wconf 86' lang='lat' dir='ltr'><strong>qui</strong></span> 
     </span>
    </p>
   </div>
   <div class='ocr_carea' id='block_1_85' title="bbox 132 5347 1746 5420">
    <p class='ocr_par' dir='ltr' id='par_1_85' title="bbox 132 5347 1746 5420">
     <span class='ocr_line' id='line_1_85' title="bbox 132 5347 1746 5420; baseline 0.001 -15"><span class='ocrx_word' id='word_1_626' title='bbox 132 5349 332 5405; x_wconf 78' lang='lat' dir='ltr'><strong>credit</strong></span> <span class='ocrx_word' id='word_1_627' title='bbox 364 5349 422 5406; x_wconf 88' lang='lat' dir='ltr'><strong>in</strong></span> <span class='ocrx_word' id='word_1_628' title='bbox 450 5347 857 5420; x_wconf 83' lang='lat' dir='ltr'><strong>justillcantem.</strong></span> <span class='ocrx_word' id='word_1_629' title='bbox 894 5351 962 5407; x_wconf 87' lang='lat' dir='ltr'><strong>Et</strong></span> <span class='ocrx_word' id='word_1_630' title='bbox 995 5351 1110 5406; x_wconf 65' lang='lat' dir='ltr'><strong>haec</strong></span> <span class='ocrx_word' id='word_1_631' title='bbox 1135 5349 1269 5407; x_wconf 85' lang='lat' dir='ltr'><strong>ﬁdes</strong></span> <span class='ocrx_word' id='word_1_632' title='bbox 1299 5365 1422 5406; x_wconf 90' lang='lat' dir='ltr'><strong>cum</strong></span> <span class='ocrx_word' id='word_1_633' title='bbox 1447 5347 1746 5418; x_wconf 84' lang='lat' dir='ltr'><strong>justiﬁcata</strong></span> 
     </span>
    </p>
   </div>
   <div class='ocr_carea' id='block_1_86' title="bbox 132 5441 1746 5512">
    <p class='ocr_par' dir='ltr' id='par_1_86' title="bbox 132 5441 1746 5512">
     <span class='ocr_line' id='line_1_86' title="bbox 132 5441 1746 5512; baseline 0.001 -14"><span class='ocrx_word' id='word_1_634' title='bbox 132 5442 356 5510; x_wconf 76' lang='lat' dir='ltr'><strong>fuerit,</strong></span> <span class='ocrx_word' id='word_1_635' title='bbox 417 5449 675 5511; x_wconf 84' lang='lat' dir='ltr'><strong>tanquam</strong></span> <span class='ocrx_word' id='word_1_636' title='bbox 725 5442 882 5499; x_wconf 81' lang='lat' dir='ltr'><strong>radix</strong></span> <span class='ocrx_word' id='word_1_637' title='bbox 931 5442 1108 5500; x_wconf 85' lang='lat' dir='ltr'><strong>imbre</strong></span> <span class='ocrx_word' id='word_1_638' title='bbox 1159 5450 1410 5512; x_wconf 85' lang='lat' dir='ltr'><strong>suscepto</strong></span> <span class='ocrx_word' id='word_1_639' title='bbox 1465 5441 1635 5497; x_wconf 73' lang='lat' dir='ltr'><strong>lueret</strong></span> <span class='ocrx_word' id='word_1_640' title='bbox 1689 5442 1746 5500; x_wconf 83' lang='lat' dir='ltr'><strong>in</strong></span> 
     </span>
    </p>
   </div>
   <div class='ocr_carea' id='block_1_87' title="bbox 217 5569 782 5637">
    <p class='ocr_par' dir='ltr' id='par_1_87' title="bbox 217 5569 782 5637">
     <span class='ocr_line' id='line_1_87' title="bbox 217 5569 782 5637; baseline 0 -11"><span class='ocrx_word' id='word_1_641' title='bbox 217 5583 254 5614; x_wconf 79' lang='grc' dir='ltr'>ι</span> <span class='ocrx_word' id='word_1_642' title='bbox 295 5569 475 5637; x_wconf 87' lang='lat' dir='ltr'><strong>Edit.,</strong></span> <span class='ocrx_word' id='word_1_643' title='bbox 516 5570 782 5628; x_wconf 73' lang='lat' dir='ltr'><strong>Sodoma.</strong></span> 
     </span>
    </p>
   </div>
   <div class='ocr_carea' id='block_1_88' title="bbox 217 5640 1268 5712">
    <p class='ocr_par' dir='ltr' id='par_1_88' title="bbox 217 5640 1268 5712">
     <span class='ocr_line' id='line_1_88' title="bbox 217 5640 1268 5712; baseline 0.005 -18"><span class='ocrx_word' id='word_1_644' title='bbox 217 5641 257 5684; x_wconf 67' lang='grc' dir='ltr'>δ</span> <span class='ocrx_word' id='word_1_645' title='bbox 297 5640 448 5712; x_wconf 53' lang='lat' dir='ltr'><strong>ﬁdit.</strong></span> <span class='ocrx_word' id='word_1_646' title='bbox 459 5682 479 5712; x_wconf 18' lang='grc' dir='ltr'>,ν</span> <span class='ocrx_word' id='word_1_647' title='bbox 514 5642 889 5712; x_wconf 82' lang='lat' dir='ltr'><strong>cognoscenda.</strong></span> <span class='ocrx_word' id='word_1_648' title='bbox 1262 5655 1268 5712; x_wconf 73' lang='grc' dir='ltr'><em>ς</em></span> 
     </span>
    </p>
   </div>
   <div class='ocr_carea' id='block_1_89' title="bbox 225 5710 1742 5786">
    <p class='ocr_par' dir='ltr' id='par_1_89' title="bbox 225 5710 1742 5786">
     <span class='ocr_line' id='line_1_89' title="bbox 225 5710 1742 5786; baseline 0.001 -19"><span class='ocrx_word' id='word_1_649' title='bbox 225 5724 250 5786; x_wconf 69' lang='grc' dir='ltr'><em>ς</em></span> <span class='ocrx_word' id='word_1_650' title='bbox 297 5710 450 5786; x_wconf 77' lang='lat' dir='ltr'><strong>Edit.</strong></span> <span class='ocrx_word' id='word_1_651' title='bbox 471 5711 558 5786; x_wconf 79' lang='lat' dir='ltr'><strong>hic</strong></span> <span class='ocrx_word' id='word_1_652' title='bbox 577 5710 788 5782; x_wconf 83' lang='lat' dir='ltr'><strong>plenius</strong></span> <span class='ocrx_word' id='word_1_653' title='bbox 806 5722 860 5770; x_wconf 92' lang='lat' dir='ltr'><strong>et</strong></span> <span class='ocrx_word' id='word_1_654' title='bbox 872 5713 1034 5785; x_wconf 92' lang='lat' dir='ltr'><strong>paulo</strong></span> <span class='ocrx_word' id='word_1_655' title='bbox 1058 5712 1234 5776; x_wconf 89' lang='lat' dir='ltr'><strong>aliter,</strong></span> <span class='ocrx_word' id='word_1_656' title='bbox 1253 5711 1482 5786; x_wconf 79' lang='lat' dir='ltr'><strong>Deum...</strong></span> <span class='ocrx_word' id='word_1_657' title='bbox 1502 5715 1742 5786; x_wconf 70' lang='lat' dir='ltr'><strong>angeli</strong></span> 
     </span>
    </p>
   </div>
   <div class='ocr_carea' id='block_1_90' title="bbox 135 5781 1742 5849">
    <p class='ocr_par' dir='ltr' id='par_1_90' title="bbox 135 5781 1742 5849">
     <span class='ocr_line' id='line_1_90' title="bbox 135 5781 1742 5849; baseline -0.002 -7"><span class='ocrx_word' id='word_1_658' title='bbox 135 5781 336 5842; x_wconf 58' lang='lat' dir='ltr'><strong>ﬁdem</strong></span> <span class='ocrx_word' id='word_1_659' title='bbox 376 5781 706 5849; x_wconf 73' lang='lat' dir='ltr'><strong>desiderant;</strong></span> <span class='ocrx_word' id='word_1_660' title='bbox 759 5793 804 5838; x_wconf 89' lang='lat' dir='ltr'><strong>et</strong></span> <span class='ocrx_word' id='word_1_661' title='bbox 854 5781 1038 5841; x_wconf 72' lang='lat' dir='ltr'><strong>sitiunt</strong></span> <span class='ocrx_word' id='word_1_662' title='bbox 1098 5783 1309 5849; x_wconf 71' lang='lat' dir='ltr'><strong>intueri,</strong></span> <span class='ocrx_word' id='word_1_663' title='bbox 1357 5793 1404 5839; x_wconf 84' lang='lat' dir='ltr'><strong>et</strong></span> <span class='ocrx_word' id='word_1_664' title='bbox 1454 5781 1742 5844; x_wconf 69' lang='lat' dir='ltr'><strong>intuentur.</strong></span> 
     </span>
    </p>
   </div>
   <div class='ocr_carea' id='block_1_91' title="bbox 1856 3239 3439 3308">
    <p class='ocr_par' dir='ltr' id='par_1_91' title="bbox 1856 3239 3439 3308">
     <span class='ocr_line' id='line_1_91' title="bbox 1856 3239 3439 3308; baseline -0.001 -14"><span class='ocrx_word' id='word_1_665' title='bbox 1856 3241 2063 3296; x_wconf 71' lang='lat' dir='ltr'><strong>Rursus</strong></span> <span class='ocrx_word' id='word_1_666' title='bbox 2099 3256 2222 3296; x_wconf 90' lang='lat' dir='ltr'><strong>cum</strong></span> <span class='ocrx_word' id='word_1_667' title='bbox 2258 3257 2352 3297; x_wconf 91' lang='lat' dir='ltr'><strong>eos</strong></span> <span class='ocrx_word' id='word_1_668' title='bbox 2375 3241 2603 3297; x_wconf 76' lang='lat' dir='ltr'><strong>dicimus</strong></span> <span class='ocrx_word' id='word_1_669' title='bbox 2627 3242 2721 3296; x_wconf 90' lang='lat' dir='ltr'><strong>Dei</strong></span> <span class='ocrx_word' id='word_1_670' title='bbox 2751 3241 2956 3296; x_wconf 79' lang='lat' dir='ltr'><strong>visione</strong></span> <span class='ocrx_word' id='word_1_671' title='bbox 2987 3239 3194 3305; x_wconf 89' lang='lat' dir='ltr'><strong>satiari,</strong></span> <span class='ocrx_word' id='word_1_672' title='bbox 3233 3240 3357 3308; x_wconf 88' lang='lat' dir='ltr'><strong>quia</strong></span> <span class='ocrx_word' id='word_1_673' title='bbox 3384 3246 3439 3294; x_wconf 89' lang='lat' dir='ltr'><strong>et</strong></span> 
     </span>
    </p>
   </div>
   <div class='ocr_carea' id='block_1_92' title="bbox 1852 3329 3437 3402">
    <p class='ocr_par' dir='ltr' id='par_1_92' title="bbox 1852 3329 3437 3402">
     <span class='ocr_line' id='line_1_92' title="bbox 1852 3329 3437 3402; baseline -0.002 -16"><span class='ocrx_word' id='word_1_674' title='bbox 1852 3331 2141 3387; x_wconf 86' lang='lat' dir='ltr'><strong>Psalmista</strong></span> <span class='ocrx_word' id='word_1_675' title='bbox 2191 3333 2301 3397; x_wconf 88' lang='lat' dir='ltr'><strong>ait,</strong></span> <span class='ocrx_word' id='word_1_676' title='bbox 2347 3331 2597 3388; x_wconf 89' lang='lat' dir='ltr'><strong>Satiabor</strong></span> <span class='ocrx_word' id='word_1_677' title='bbox 2635 3332 2762 3385; x_wconf 86' lang='lat' dir='ltr'><strong>dum</strong></span> <span class='ocrx_word' id='word_1_678' title='bbox 2801 3331 3222 3402; x_wconf 72' lang='lat' dir='ltr'><strong>manifestabitur</strong></span> <span class='ocrx_word' id='word_1_679' title='bbox 3268 3329 3437 3400; x_wconf 87' lang='lat' dir='ltr'><strong>gloria</strong></span> 
     </span>
    </p>
   </div>
   <div class='ocr_carea' id='block_1_93' title="bbox 1851 3421 3433 3494">
    <p class='ocr_par' dir='ltr' id='par_1_93' title="bbox 1851 3421 3433 3494">
     <span class='ocr_line' id='line_1_93' title="bbox 1851 3421 3433 3494; baseline -0.001 -18"><span class='ocrx_word' id='word_1_680' title='bbox 1851 3433 1943 3476; x_wconf 89' lang='lat' dir='ltr'><strong>tua</strong></span> <span class='ocrx_word' id='word_1_681' title='bbox 1984 3421 2174 3494; x_wconf 80' lang='lat' dir='ltr'><strong>(Psai.</strong></span> <span class='ocrx_word' id='word_1_682' title='bbox 2229 3439 2355 3490; x_wconf 76' lang='lat' dir='ltr'><strong>xvi,</strong></span> <span class='ocrx_word' id='word_1_683' title='bbox 2407 3422 2506 3493; x_wconf 79' lang='grc'><strong>15)</strong></span> <span class='ocrx_word' id='word_1_684' title='bbox 2564 3441 2576 3475; x_wconf 89' lang='lat'>:</span> <span class='ocrx_word' id='word_1_685' title='bbox 2629 3423 3077 3478; x_wconf 89' lang='lat' dir='ltr'><strong>considerandum</strong></span> <span class='ocrx_word' id='word_1_686' title='bbox 3129 3422 3284 3477; x_wconf 87' lang='lat' dir='ltr'><strong>nobis</strong></span> <span class='ocrx_word' id='word_1_687' title='bbox 3331 3429 3433 3484; x_wconf 85' lang='lat' dir='ltr'><strong>est,</strong></span> 
     </span>
    </p>
   </div>
   <div class='ocr_carea' id='block_1_94' title="bbox 1851 3512 3437 3582">
    <p class='ocr_par' dir='ltr' id='par_1_94' title="bbox 1851 3512 3437 3582">
     <span class='ocr_line' id='line_1_94' title="bbox 1851 3512 3437 3582; baseline 0 -14"><span class='ocrx_word' id='word_1_688' title='bbox 1851 3515 2120 3582; x_wconf 85' lang='lat' dir='ltr'><strong>quomodo</strong></span> <span class='ocrx_word' id='word_1_689' title='bbox 2153 3513 2180 3555; x_wconf 75' lang='grc' dir='ltr'>ἀ</span> <span class='ocrx_word' id='word_1_690' title='bbox 2215 3515 2519 3569; x_wconf 87' lang='lat' dir='ltr'><strong>satietatem</strong></span> <span class='ocrx_word' id='word_1_691' title='bbox 2555 3514 2691 3570; x_wconf 86' lang='lat' dir='ltr'><strong>solet</strong></span> <span class='ocrx_word' id='word_1_692' title='bbox 2728 3514 3001 3571; x_wconf 84' lang='lat' dir='ltr'><strong>fastidium</strong></span> <span class='ocrx_word' id='word_1_693' title='bbox 3048 3514 3322 3582; x_wconf 83' lang='lat' dir='ltr'><strong>subsequi.</strong></span> <span class='ocrx_word' id='word_1_694' title='bbox 3364 3512 3437 3568; x_wconf 87' lang='lat' dir='ltr'><strong>Ut</strong></span> 
     </span>
    </p>
   </div>
   <div class='ocr_carea' id='block_1_95' title="bbox 1848 3604 3438 3676">
    <p class='ocr_par' dir='ltr' id='par_1_95' title="bbox 1848 3604 3438 3676">
     <span class='ocr_line' id='line_1_95' title="bbox 1848 3604 3438 3676; baseline -0.001 -17"><span class='ocrx_word' id='word_1_695' title='bbox 1848 3618 1979 3674; x_wconf 85' lang='lat' dir='ltr'><strong>ergo</strong></span> <span class='ocrx_word' id='word_1_696' title='bbox 2019 3613 2165 3659; x_wconf 88' lang='lat' dir='ltr'><strong>recte</strong></span> <span class='ocrx_word' id='word_1_697' title='bbox 2215 3605 2316 3660; x_wconf 87' lang='lat' dir='ltr'><strong>sibi</strong></span> <span class='ocrx_word' id='word_1_698' title='bbox 2363 3615 2589 3676; x_wconf 88' lang='lat' dir='ltr'><strong>utraque</strong></span> <span class='ocrx_word' id='word_1_699' title='bbox 2627 3606 2948 3662; x_wconf 82' lang='lat' dir='ltr'><strong>conveniunt</strong></span> <span class='ocrx_word' id='word_1_700' title='bbox 2973 3647 2987 3672; x_wconf 94' lang='lat'><strong>,</strong></span> <span class='ocrx_word' id='word_1_701' title='bbox 3038 3605 3181 3661; x_wconf 88' lang='lat' dir='ltr'><strong>dicat</strong></span> <span class='ocrx_word' id='word_1_702' title='bbox 3221 3604 3438 3660; x_wconf 72' lang='lat' dir='ltr'><strong>Veritas</strong></span> 
     </span>
    </p>
   </div>
   <div class='ocr_carea' id='block_1_96' title="bbox 1849 3695 3435 3770">
    <p class='ocr_par' dir='ltr' id='par_1_96' title="bbox 1849 3695 3435 3770">
     <span class='ocr_line' id='line_1_96' title="bbox 1849 3695 3435 3770; baseline 0.001 -20"><span class='ocrx_word' id='word_1_703' title='bbox 1849 3695 1974 3767; x_wconf 87' lang='lat' dir='ltr'><strong>quia</strong></span> <span class='ocrx_word' id='word_1_704' title='bbox 2019 3712 2233 3767; x_wconf 90' lang='lat' dir='ltr'><strong>semper</strong></span> <span class='ocrx_word' id='word_1_705' title='bbox 2253 3697 2468 3764; x_wconf 88' lang='lat' dir='ltr'><strong>vident;</strong></span> <span class='ocrx_word' id='word_1_706' title='bbox 2499 3698 2641 3753; x_wconf 87' lang='lat' dir='ltr'><strong>dicat</strong></span> <span class='ocrx_word' id='word_1_707' title='bbox 2669 3699 2992 3768; x_wconf 65' lang='lat' dir='ltr'><strong>prmdicator</strong></span> <span class='ocrx_word' id='word_1_708' title='bbox 3035 3697 3284 3770; x_wconf 88' lang='lat' dir='ltr'><strong>egregius</strong></span> <span class='ocrx_word' id='word_1_709' title='bbox 3309 3697 3435 3766; x_wconf 89' lang='lat' dir='ltr'><strong>quia</strong></span> 
     </span>
    </p>
   </div>
   <div class='ocr_carea' id='block_1_97' title="bbox 1849 3789 3436 3858">
    <p class='ocr_par' dir='ltr' id='par_1_97' title="bbox 1849 3789 3436 3858">
     <span class='ocr_line' id='line_1_97' title="bbox 1849 3789 3436 3858; baseline 0.003 -16"><span class='ocrx_word' id='word_1_710' title='bbox 1849 3803 2063 3858; x_wconf 88' lang='lat' dir='ltr'><strong>semper</strong></span> <span class='ocrx_word' id='word_1_711' title='bbox 2097 3789 2285 3845; x_wconf 90' lang='lat' dir='ltr'><strong>videre</strong></span> <span class='ocrx_word' id='word_1_712' title='bbox 2319 3789 2645 3846; x_wconf 86' lang='lat' dir='ltr'><strong>desiderant.</strong></span> <span class='ocrx_word' id='word_1_713' title='bbox 2684 3789 2763 3845; x_wconf 85' lang='lat' dir='ltr'><strong>Ne</strong></span> <span class='ocrx_word' id='word_1_714' title='bbox 2796 3790 2941 3845; x_wconf 87' lang='lat' dir='ltr'><strong>enim</strong></span> <span class='ocrx_word' id='word_1_715' title='bbox 2981 3791 3052 3846; x_wconf 89' lang='lat' dir='ltr'><strong>sit</strong></span> <span class='ocrx_word' id='word_1_716' title='bbox 3087 3790 3144 3845; x_wconf 90' lang='lat' dir='ltr'><strong>in</strong></span> <span class='ocrx_word' id='word_1_717' title='bbox 3171 3790 3436 3846; x_wconf 89' lang='lat' dir='ltr'><strong>desiderio</strong></span> 
     </span>
    </p>
   </div>
   <div class='ocr_carea' id='block_1_98' title="bbox 1849 3879 3435 3948">
    <p class='ocr_par' dir='ltr' id='par_1_98' title="bbox 1849 3879 3435 3948">
     <span class='ocr_line' id='line_1_98' title="bbox 1849 3879 3435 3948; baseline 0.003 -17"><span class='ocrx_word' id='word_1_718' title='bbox 1849 3879 2122 3946; x_wconf 88' lang='lat' dir='ltr'><strong>anxietas,</strong></span> <span class='ocrx_word' id='word_1_719' title='bbox 2168 3879 2539 3937; x_wconf 88' lang='lat' dir='ltr'><strong>desiderantes</strong></span> <span class='ocrx_word' id='word_1_720' title='bbox 2581 3879 2887 3948; x_wconf 88' lang='lat' dir='ltr'><strong>satiantur;</strong></span> <span class='ocrx_word' id='word_1_721' title='bbox 2942 3897 3012 3937; x_wconf 90' lang='lat' dir='ltr'><strong>ne</strong></span> <span class='ocrx_word' id='word_1_722' title='bbox 3055 3889 3236 3936; x_wconf 90' lang='lat' dir='ltr'><strong>autem</strong></span> <span class='ocrx_word' id='word_1_723' title='bbox 3276 3881 3345 3935; x_wconf 89' lang='lat' dir='ltr'><strong>sit</strong></span> <span class='ocrx_word' id='word_1_724' title='bbox 3379 3880 3435 3935; x_wconf 91' lang='lat' dir='ltr'><strong>in</strong></span> 
     </span>
    </p>
   </div>
   <div class='ocr_carea' id='block_1_99' title="bbox 1848 3971 3437 4038">
    <p class='ocr_par' dir='ltr' id='par_1_99' title="bbox 1848 3971 3437 4038">
     <span class='ocr_line' id='line_1_99' title="bbox 1848 3971 3437 4038; baseline 0.001 -11"><span class='ocrx_word' id='word_1_725' title='bbox 1848 3971 2096 4029; x_wconf 82' lang='lat' dir='ltr'><strong>satietate</strong></span> <span class='ocrx_word' id='word_1_726' title='bbox 2133 3972 2426 4038; x_wconf 78' lang='lat' dir='ltr'><strong>fastidium,</strong></span> <span class='ocrx_word' id='word_1_727' title='bbox 2472 3974 2656 4028; x_wconf 84' lang='lat' dir='ltr'><strong>satiari</strong></span> <span class='ocrx_word' id='word_1_728' title='bbox 2700 3985 2723 4014; x_wconf 75' lang='grc' dir='ltr'><strong>ο</strong></span> <span class='ocrx_word' id='word_1_729' title='bbox 2751 3973 3078 4030; x_wconf 89' lang='lat' dir='ltr'><strong>desiderant.</strong></span> <span class='ocrx_word' id='word_1_730' title='bbox 3119 3973 3186 4028; x_wconf 90' lang='lat' dir='ltr'><strong>Et</strong></span> <span class='ocrx_word' id='word_1_731' title='bbox 3225 3973 3437 4029; x_wconf 87' lang='lat' dir='ltr'><strong>deside-</strong></span> 
     </span>
    </p>
   </div>
   <div class='ocr_carea' id='block_1_100' title="bbox 1847 4068 3436 4140">
    <p class='ocr_par' dir='ltr' id='par_1_100' title="bbox 1847 4068 3436 4140">
     <span class='ocr_line' id='line_1_100' title="bbox 1847 4068 3436 4140; baseline 0.003 -19"><span class='ocrx_word' id='word_1_732' title='bbox 1847 4076 1970 4122; x_wconf 91' lang='lat' dir='ltr'><strong>rant</strong></span> <span class='ocrx_word' id='word_1_733' title='bbox 2015 4068 2179 4140; x_wconf 87' lang='lat' dir='ltr'><strong>igitur</strong></span> <span class='ocrx_word' id='word_1_734' title='bbox 2226 4070 2342 4126; x_wconf 88' lang='lat' dir='ltr'><strong>sine</strong></span> <span class='ocrx_word' id='word_1_735' title='bbox 2390 4071 2612 4137; x_wconf 89' lang='lat' dir='ltr'><strong>labore,</strong></span> <span class='ocrx_word' id='word_1_736' title='bbox 2653 4071 2778 4140; x_wconf 91' lang='lat' dir='ltr'><strong>quia</strong></span> <span class='ocrx_word' id='word_1_737' title='bbox 2837 4070 3162 4126; x_wconf 89' lang='lat' dir='ltr'><strong>desiderium</strong></span> <span class='ocrx_word' id='word_1_738' title='bbox 3211 4070 3436 4126; x_wconf 88' lang='lat' dir='ltr'><strong>satietas</strong></span> 
     </span>
    </p>
   </div>
   <div class='ocr_carea' id='block_1_101' title="bbox 1846 4161 3436 4238">
    <p class='ocr_par' dir='ltr' id='par_1_101' title="bbox 1846 4161 3436 4238">
     <span class='ocr_line' id='line_1_101' title="bbox 1846 4161 3436 4238; baseline 0 -20"><span class='ocrx_word' id='word_1_739' title='bbox 1846 4161 2165 4228; x_wconf 86' lang='lat' dir='ltr'><strong>comitatur;</strong></span> <span class='ocrx_word' id='word_1_740' title='bbox 2223 4172 2277 4218; x_wconf 90' lang='lat' dir='ltr'><strong>et</strong></span> <span class='ocrx_word' id='word_1_741' title='bbox 2318 4163 2584 4220; x_wconf 87' lang='lat' dir='ltr'><strong>satiantur</strong></span> <span class='ocrx_word' id='word_1_742' title='bbox 2621 4164 2738 4220; x_wconf 90' lang='lat' dir='ltr'><strong>sine</strong></span> <span class='ocrx_word' id='word_1_743' title='bbox 2775 4162 3008 4230; x_wconf 80' lang='lat' dir='ltr'><strong>fastidio,</strong></span> <span class='ocrx_word' id='word_1_744' title='bbox 3059 4164 3184 4234; x_wconf 87' lang='lat' dir='ltr'><strong>quia</strong></span> <span class='ocrx_word' id='word_1_745' title='bbox 3214 4179 3307 4218; x_wconf 90' lang='lat' dir='ltr'><strong>sua</strong></span> <span class='ocrx_word' id='word_1_746' title='bbox 3333 4178 3436 4238; x_wconf 81' lang='lat' dir='ltr'><strong>sa-</strong></span> 
     </span>
    </p>
   </div>
   <div class='ocr_carea' id='block_1_102' title="bbox 1849 4252 2998 4325">
    <p class='ocr_par' dir='ltr' id='par_1_102' title="bbox 1849 4252 2998 4325">
     <span class='ocr_line' id='line_1_102' title="bbox 1849 4252 2998 4325; baseline 0.001 -19"><span class='ocrx_word' id='word_1_747' title='bbox 1849 4252 2006 4309; x_wconf 88' lang='lat' dir='ltr'><strong>tietas</strong></span> <span class='ocrx_word' id='word_1_748' title='bbox 2033 4269 2100 4310; x_wconf 78' lang='lat' dir='ltr'><strong>ex</strong></span> <span class='ocrx_word' id='word_1_749' title='bbox 2135 4254 2401 4310; x_wconf 88' lang='lat' dir='ltr'><strong>desiderio</strong></span> <span class='ocrx_word' id='word_1_750' title='bbox 2429 4268 2644 4325; x_wconf 87' lang='lat' dir='ltr'><strong>semper</strong></span> <span class='ocrx_word' id='word_1_751' title='bbox 2665 4254 2998 4310; x_wconf 89' lang='lat' dir='ltr'><strong>accenditur.</strong></span> 
     </span>
    </p>
   </div>
   <div class='ocr_carea' id='block_1_103' title="bbox 1972 4348 3302 4443">
    <p class='ocr_par' dir='ltr' id='par_1_103' title="bbox 1972 4348 3302 4443">
     <span class='ocr_line' id='line_1_103' title="bbox 1972 4348 3302 4443; baseline -0.006 -2"><span class='ocrx_word' id='word_1_752' title='bbox 1972 4386 2063 4443; x_wconf 81' lang='lat' dir='ltr'><strong>EX</strong></span> <span class='ocrx_word' id='word_1_753' title='bbox 2105 4385 2441 4443; x_wconf 78' lang='lat' dir='ltr'><strong>EPISTULA</strong></span> <span class='ocrx_word' id='word_1_754' title='bbox 2479 4387 2502 4442; x_wconf 85' lang='lat'><strong>1</strong></span> <span class='ocrx_word' id='word_1_755' title='bbox 2538 4387 2600 4441; x_wconf 91' lang='lat' dir='ltr'><strong>B.</strong></span> <span class='ocrx_word' id='word_1_756' title='bbox 2631 4348 3302 4442; x_wconf 49' lang='lat' dir='ltr'><strong>JOANNISbPOSTOLI.</strong></span> 
     </span>
    </p>
   </div>
   <div class='ocr_carea' id='block_1_104' title="bbox 2328 4513 2947 4558">
    <p class='ocr_par' dir='ltr' id='par_1_104' title="bbox 2328 4513 2947 4558">
     <span class='ocr_line' id='line_1_104' title="bbox 2328 4513 2947 4558; baseline -0.002 -4"><span class='ocrx_word' id='word_1_757' title='bbox 2328 4515 2729 4558; x_wconf 70' lang='lat' dir='ltr'><strong>INTERROGATIO</strong></span> <span class='ocrx_word' id='word_1_758' title='bbox 2764 4513 2947 4555; x_wconf 72' lang='lat' dir='ltr'><strong>LXXlX.</strong></span> 
     </span>
    </p>
   </div>
   <div class='ocr_carea' id='block_1_105' title="bbox 1918 4589 3432 4663">
    <p class='ocr_par' dir='ltr' id='par_1_105' title="bbox 1918 4589 3432 4663">
     <span class='ocr_line' id='line_1_105' title="bbox 1918 4589 3432 4663; baseline -0.003 -15"><span class='ocrx_word' id='word_1_759' title='bbox 1918 4591 2200 4660; x_wconf 88' lang='lat' dir='ltr'><strong>Quomodo</strong></span> <span class='ocrx_word' id='word_1_760' title='bbox 2247 4591 2484 4649; x_wconf 83' lang='lat' dir='ltr'><strong>Joannes</strong></span> <span class='ocrx_word' id='word_1_761' title='bbox 2518 4594 2572 4648; x_wconf 92' lang='lat' dir='ltr'><strong>in</strong></span> <span class='ocrx_word' id='word_1_762' title='bbox 2620 4593 2858 4663; x_wconf 88' lang='lat' dir='ltr'><strong>Epistola</strong></span> <span class='ocrx_word' id='word_1_763' title='bbox 2903 4607 3000 4646; x_wconf 89' lang='lat' dir='ltr'><strong>sua</strong></span> <span class='ocrx_word' id='word_1_764' title='bbox 3048 4591 3114 4646; x_wconf 90' lang='lat' dir='ltr'><strong>de</strong></span> <span class='ocrx_word' id='word_1_765' title='bbox 3145 4589 3432 4646; x_wconf 87' lang='lat' dir='ltr'><strong>dilectione</strong></span> 
     </span>
    </p>
   </div>
   <div class='ocr_carea' id='block_1_106' title="bbox 1845 4685 3429 4753">
    <p class='ocr_par' dir='ltr' id='par_1_106' title="bbox 1845 4685 3429 4753">
     <span class='ocr_line' id='line_1_106' title="bbox 1845 4685 3429 4753; baseline -0.003 -11"><span class='ocrx_word' id='word_1_766' title='bbox 1845 4687 2105 4753; x_wconf 86' lang='lat' dir='ltr'><strong>scribens,</strong></span> <span class='ocrx_word' id='word_1_767' title='bbox 2143 4687 2312 4744; x_wconf 82' lang='lat' dir='ltr'><strong>dicit:</strong></span> <span class='ocrx_word' id='word_1_768' title='bbox 2350 4687 2707 4753; x_wconf 83' lang='lat' dir='ltr'><strong>Dilectissimi,</strong></span> <span class='ocrx_word' id='word_1_769' title='bbox 2758 4705 2862 4742; x_wconf 85' lang='lat' dir='ltr'><strong>non</strong></span> <span class='ocrx_word' id='word_1_770' title='bbox 2897 4685 3205 4741; x_wconf 87' lang='lat' dir='ltr'><strong>mandatum</strong></span> <span class='ocrx_word' id='word_1_771' title='bbox 3241 4701 3429 4738; x_wconf 86' lang='lat' dir='ltr'><strong>novum</strong></span> 
     </span>
    </p>
   </div>
   <div class='ocr_carea' id='block_1_107' title="bbox 1843 4778 3431 4851">
    <p class='ocr_par' dir='ltr' id='par_1_107' title="bbox 1843 4778 3431 4851">
     <span class='ocr_line' id='line_1_107' title="bbox 1843 4778 3431 4851; baseline 0 -17"><span class='ocrx_word' id='word_1_772' title='bbox 1843 4779 2012 4834; x_wconf 87' lang='lat' dir='ltr'><strong>scribo</strong></span> <span class='ocrx_word' id='word_1_773' title='bbox 2040 4780 2198 4847; x_wconf 81' lang='lat' dir='ltr'><strong>vobis,</strong></span> <span class='ocrx_word' id='word_1_774' title='bbox 2227 4781 2317 4836; x_wconf 88' lang='lat' dir='ltr'><strong>sed</strong></span> <span class='ocrx_word' id='word_1_775' title='bbox 2344 4781 2650 4836; x_wconf 86' lang='lat' dir='ltr'><strong>mandatum</strong></span> <span class='ocrx_word' id='word_1_776' title='bbox 2682 4790 2822 4834; x_wconf 84' lang='lat' dir='ltr'><strong>uetus</strong></span> <span class='ocrx_word' id='word_1_777' title='bbox 2849 4779 2899 4851; x_wconf 90' lang='grc'><strong>(1</strong></span> <span class='ocrx_word' id='word_1_778' title='bbox 2921 4780 3082 4835; x_wconf 77' lang='lat' dir='ltr'><strong>Joan.</strong></span> <span class='ocrx_word' id='word_1_779' title='bbox 3108 4795 3168 4844; x_wconf 87' lang='grc' dir='ltr'><strong>ιι,</strong></span> <span class='ocrx_word' id='word_1_780' title='bbox 3194 4778 3280 4849; x_wconf 89' lang='lat'><strong>7),</strong></span> <span class='ocrx_word' id='word_1_781' title='bbox 3306 4793 3431 4834; x_wconf 90' lang='lat' dir='ltr'><strong>cum</strong></span> 
     </span>
    </p>
   </div>
   <div class='ocr_carea' id='block_1_108' title="bbox 1844 4869 3430 4941">
    <p class='ocr_par' dir='ltr' id='par_1_108' title="bbox 1844 4869 3430 4941">
     <span class='ocr_line' id='line_1_108' title="bbox 1844 4869 3430 4941; baseline -0.001 -15"><span class='ocrx_word' id='word_1_782' title='bbox 1844 4869 2103 4926; x_wconf 89' lang='lat' dir='ltr'><strong>Dominus</strong></span> <span class='ocrx_word' id='word_1_783' title='bbox 2137 4871 2190 4926; x_wconf 93' lang='lat' dir='ltr'><strong>in</strong></span> <span class='ocrx_word' id='word_1_784' title='bbox 2221 4871 2515 4941; x_wconf 87' lang='lat' dir='ltr'><strong>Evangelio</strong></span> <span class='ocrx_word' id='word_1_785' title='bbox 2538 4871 2880 4927; x_wconf 87' lang='lat' dir='ltr'><strong>dilectionem</strong></span> <span class='ocrx_word' id='word_1_786' title='bbox 2913 4871 3083 4940; x_wconf 89' lang='lat' dir='ltr'><strong>ipsam</strong></span> <span class='ocrx_word' id='word_1_787' title='bbox 3113 4869 3430 4924; x_wconf 90' lang='lat' dir='ltr'><strong>mandatum</strong></span> 
     </span>
    </p>
   </div>
   <div class='ocr_carea' id='block_1_109' title="bbox 1845 4959 3427 5033">
    <p class='ocr_par' dir='ltr' id='par_1_109' title="bbox 1845 4959 3427 5033">
     <span class='ocr_line' id='line_1_109' title="bbox 1845 4959 3427 5033; baseline -0.001 -17"><span class='ocrx_word' id='word_1_788' title='bbox 1845 4977 2040 5016; x_wconf 89' lang='lat' dir='ltr'><strong>novum</strong></span> <span class='ocrx_word' id='word_1_789' title='bbox 2071 4962 2318 5033; x_wconf 86' lang='lat' dir='ltr'><strong>appellet,</strong></span> <span class='ocrx_word' id='word_1_790' title='bbox 2351 4963 2534 5018; x_wconf 89' lang='lat' dir='ltr'><strong>dicens</strong></span> <span class='ocrx_word' id='word_1_791' title='bbox 2566 4981 2579 5016; x_wconf 87' lang='lat'>:</span> <span class='ocrx_word' id='word_1_792' title='bbox 2606 4961 2918 5016; x_wconf 78' lang='lat' dir='ltr'><strong>Mandatum</strong></span> <span class='ocrx_word' id='word_1_793' title='bbox 2954 4977 3141 5015; x_wconf 82' lang='lat' dir='ltr'><strong>novum</strong></span> <span class='ocrx_word' id='word_1_794' title='bbox 3167 4959 3234 5014; x_wconf 91' lang='lat' dir='ltr'><strong>do</strong></span> <span class='ocrx_word' id='word_1_795' title='bbox 3265 4960 3427 5026; x_wconf 76' lang='lat' dir='ltr'><strong>vobis,</strong></span> 
     </span>
    </p>
   </div>
   <div class='ocr_carea' id='block_1_110' title="bbox 1845 5051 3038 5126">
    <p class='ocr_par' dir='ltr' id='par_1_110' title="bbox 1845 5051 3038 5126">
     <span class='ocr_line' id='line_1_110' title="bbox 1845 5051 3038 5126; baseline -0.002 -18"><span class='ocrx_word' id='word_1_796' title='bbox 1845 5064 1899 5108; x_wconf 89' lang='lat' dir='ltr'><strong>ut</strong></span> <span class='ocrx_word' id='word_1_797' title='bbox 1925 5071 2011 5110; x_wconf 85' lang='lat' dir='ltr'><strong>uos</strong></span> <span class='ocrx_word' id='word_1_798' title='bbox 2041 5055 2259 5109; x_wconf 84' lang='lat' dir='ltr'><strong>invicem</strong></span> <span class='ocrx_word' id='word_1_799' title='bbox 2281 5054 2517 5126; x_wconf 77' lang='lat' dir='ltr'><strong>diligatis</strong></span> <span class='ocrx_word' id='word_1_800' title='bbox 2541 5053 2722 5125; x_wconf 83' lang='lat' dir='ltr'><strong>(Joan.</strong></span> <span class='ocrx_word' id='word_1_801' title='bbox 2752 5068 2872 5118; x_wconf 82' lang='grc' dir='ltr'>ιιιιι,</span> <span class='ocrx_word' id='word_1_802' title='bbox 2908 5051 3038 5123; x_wconf 63' lang='lat'><strong>54)?</strong></span> 
     </span>
    </p>
   </div>
   <div class='ocr_carea' id='block_1_111' title="bbox 1845 5152 3427 5241">
    <p class='ocr_par' dir='ltr' id='par_1_111' title="bbox 1845 5152 3427 5241">
     <span class='ocr_line' id='line_1_111' title="bbox 1845 5152 3427 5241; baseline 0.001 -19"><span class='ocrx_word' id='word_1_803' title='bbox 1845 5183 2128 5223; x_wconf 68' lang='lat' dir='ltr'><strong>neseousro</strong></span> <span class='ocrx_word' id='word_1_804' title='bbox 2159 5169 2262 5241; x_wconf 76' lang='lat' dir='ltr'><strong>(Ex</strong></span> <span class='ocrx_word' id='word_1_805' title='bbox 2284 5167 2446 5238; x_wconf 84' lang='lat' dir='ltr'><strong>Aug.,</strong></span> <span class='ocrx_word' id='word_1_806' title='bbox 2487 5176 2642 5220; x_wconf 86' lang='lat' dir='ltr'><strong>tract.</strong></span> <span class='ocrx_word' id='word_1_807' title='bbox 2675 5152 2712 5220; x_wconf 73' lang='grc'><strong>1⁵</strong></span> <span class='ocrx_word' id='word_1_808' title='bbox 2731 5165 2788 5220; x_wconf 87' lang='lat' dir='ltr'><strong>in</strong></span> <span class='ocrx_word' id='word_1_809' title='bbox 2809 5166 2980 5237; x_wconf 84' lang='lat' dir='ltr'><strong>Epist.</strong></span> <span class='ocrx_word' id='word_1_810' title='bbox 3006 5166 3190 5233; x_wconf 84' lang='lat' dir='ltr'><strong>Joan.,</strong></span> <span class='ocrx_word' id='word_1_811' title='bbox 3223 5184 3276 5222; x_wconf 78' lang='grc' dir='ltr'><strong>η.</strong></span> <span class='ocrx_word' id='word_1_812' title='bbox 3314 5167 3427 5241; x_wconf 88' lang='grc'><strong>10).</strong></span> 
     </span>
    </p>
   </div>
   <div class='ocr_carea' id='block_1_112' title="bbox 1915 5258 3427 5330">
    <p class='ocr_par' dir='ltr' id='par_1_112' title="bbox 1915 5258 3427 5330">
     <span class='ocr_line' id='line_1_112' title="bbox 1915 5258 3427 5330; baseline 0.002 -16"><span class='ocrx_word' id='word_1_813' title='bbox 1915 5258 2070 5327; x_wconf 85' lang='lat' dir='ltr'><strong>Quod</strong></span> <span class='ocrx_word' id='word_1_814' title='bbox 2102 5260 2408 5314; x_wconf 86' lang='lat' dir='ltr'><strong>mandatum</strong></span> <span class='ocrx_word' id='word_1_815' title='bbox 2447 5269 2586 5313; x_wconf 77' lang='lat' dir='ltr'><strong>vetus</strong></span> <span class='ocrx_word' id='word_1_816' title='bbox 2615 5259 2783 5314; x_wconf 78' lang='lat' dir='ltr'><strong>dixit?</strong></span> <span class='ocrx_word' id='word_1_817' title='bbox 2819 5260 2959 5330; x_wconf 89' lang='lat' dir='ltr'><strong>quod</strong></span> <span class='ocrx_word' id='word_1_818' title='bbox 2999 5260 3296 5325; x_wconf 83' lang='lat' dir='ltr'><strong>habebatis,</strong></span> <span class='ocrx_word' id='word_1_819' title='bbox 3341 5262 3427 5317; x_wconf 84' lang='lat' dir='ltr'><strong>in-</strong></span> 
     </span>
    </p>
   </div>
   <div class='ocr_carea' id='block_1_113' title="bbox 1845 5351 3429 5422">
    <p class='ocr_par' dir='ltr' id='par_1_113' title="bbox 1845 5351 3429 5422">
     <span class='ocr_line' id='line_1_113' title="bbox 1845 5351 3429 5422; baseline 0.003 -18"><span class='ocrx_word' id='word_1_820' title='bbox 1845 5351 1982 5421; x_wconf 89' lang='lat' dir='ltr'><strong>quit,</strong></span> <span class='ocrx_word' id='word_1_821' title='bbox 2014 5351 2078 5403; x_wconf 86' lang='lat' dir='ltr'><strong>ab</strong></span> <span class='ocrx_word' id='word_1_822' title='bbox 2111 5351 2279 5405; x_wconf 85' lang='lat' dir='ltr'><strong>initia.</strong></span> <span class='ocrx_word' id='word_1_823' title='bbox 2324 5351 2448 5406; x_wconf 85' lang='lat' dir='ltr'><strong>Ideo</strong></span> <span class='ocrx_word' id='word_1_824' title='bbox 2495 5364 2624 5421; x_wconf 87' lang='lat' dir='ltr'><strong>ergo</strong></span> <span class='ocrx_word' id='word_1_825' title='bbox 2667 5360 2840 5417; x_wconf 83' lang='lat' dir='ltr'><strong>vetus,</strong></span> <span class='ocrx_word' id='word_1_826' title='bbox 2871 5351 2995 5422; x_wconf 90' lang='lat' dir='ltr'><strong>quia</strong></span> <span class='ocrx_word' id='word_1_827' title='bbox 3020 5351 3135 5420; x_wconf 91' lang='lat' dir='ltr'><strong>jam</strong></span> <span class='ocrx_word' id='word_1_828' title='bbox 3169 5351 3298 5408; x_wconf 89' lang='lat' dir='ltr'><strong>illud</strong></span> <span class='ocrx_word' id='word_1_829' title='bbox 3335 5367 3429 5408; x_wconf 84' lang='lat' dir='ltr'><strong>au-</strong></span> 
     </span>
    </p>
   </div>
   <div class='ocr_carea' id='block_1_114' title="bbox 1846 5439 3424 5510">
    <p class='ocr_par' dir='ltr' id='par_1_114' title="bbox 1846 5439 3424 5510">
     <span class='ocr_line' id='line_1_114' title="bbox 1846 5439 3424 5510; baseline 0.002 -16"><span class='ocrx_word' id='word_1_830' title='bbox 1846 5439 2020 5505; x_wconf 91' lang='lat' dir='ltr'><strong>distis,</strong></span> <span class='ocrx_word' id='word_1_831' title='bbox 2067 5439 2306 5510; x_wconf 88' lang='lat' dir='ltr'><strong>alioquin</strong></span> <span class='ocrx_word' id='word_1_832' title='bbox 2353 5441 2686 5496; x_wconf 86' lang='lat' dir='ltr'><strong>contrarium</strong></span> <span class='ocrx_word' id='word_1_833' title='bbox 2731 5442 2835 5497; x_wconf 90' lang='lat' dir='ltr'><strong>erit</strong></span> <span class='ocrx_word' id='word_1_834' title='bbox 2880 5442 3127 5510; x_wconf 92' lang='lat' dir='ltr'><strong>Domino,</strong></span> <span class='ocrx_word' id='word_1_835' title='bbox 3175 5445 3267 5499; x_wconf 91' lang='lat' dir='ltr'><strong>ubi</strong></span> <span class='ocrx_word' id='word_1_836' title='bbox 3315 5445 3424 5499; x_wconf 90' lang='lat' dir='ltr'><strong>ait:</strong></span> 
     </span>
    </p>
   </div>
   <div class='ocr_carea' id='block_1_115' title="bbox 1849 5571 3427 5646">
    <p class='ocr_par' dir='ltr' id='par_1_115' title="bbox 1849 5571 3427 5646">
     <span class='ocr_line' id='line_1_115' title="bbox 1849 5571 3427 5646; baseline 0.003 -19"><span class='ocrx_word' id='word_1_837' title='bbox 1849 5571 1916 5646; x_wconf 77' lang='lat' dir='ltr'><strong>Si</strong></span> <span class='ocrx_word' id='word_1_838' title='bbox 1943 5572 2079 5646; x_wconf 73' lang='lat' dir='ltr'><strong>enim</strong></span> <span class='ocrx_word' id='word_1_839' title='bbox 2115 5571 2394 5646; x_wconf 56' lang='lat' dir='ltr'><strong>siquidem</strong></span> <span class='ocrx_word' id='word_1_840' title='bbox 2425 5573 2742 5646; x_wconf 79' lang='lat' dir='ltr'><strong>desiderant,</strong></span> <span class='ocrx_word' id='word_1_841' title='bbox 2771 5584 2828 5629; x_wconf 90' lang='lat' dir='ltr'><strong>ut</strong></span> <span class='ocrx_word' id='word_1_842' title='bbox 2854 5577 3040 5646; x_wconf 78' lang='lat' dir='ltr'><strong>e/I&#39;ectu</strong></span> <span class='ocrx_word' id='word_1_843' title='bbox 3067 5578 3151 5632; x_wconf 84' lang='lat' dir='ltr'><strong>sui</strong></span> <span class='ocrx_word' id='word_1_844' title='bbox 3184 5577 3427 5632; x_wconf 70' lang='lat' dir='ltr'><strong>desiderii</strong></span> 
     </span>
    </p>
   </div>
   <div class='ocr_carea' id='block_1_116' title="bbox 1845 5641 3287 5717">
    <p class='ocr_par' dir='ltr' id='par_1_116' title="bbox 1845 5641 3287 5717">
     <span class='ocr_line' id='line_1_116' title="bbox 1845 5641 3287 5717; baseline 0.005 -21"><span class='ocrx_word' id='word_1_845' title='bbox 1845 5642 2062 5717; x_wconf 69' lang='lat' dir='ltr'><strong>minime</strong></span> <span class='ocrx_word' id='word_1_846' title='bbox 2070 5641 2445 5717; x_wconf 79' lang='lat' dir='ltr'><strong>perfruantur,</strong></span> <span class='ocrx_word' id='word_1_847' title='bbox 2477 5645 2792 5702; x_wconf 81' lang='lat' dir='ltr'><strong>desiderium</strong></span> <span class='ocrx_word' id='word_1_848' title='bbox 2819 5641 2932 5702; x_wconf 73' lang='lat' dir='ltr'><strong>sine</strong></span> <span class='ocrx_word' id='word_1_849' title='bbox 2959 5650 3152 5717; x_wconf 77' lang='lat' dir='ltr'><strong>fructu,</strong></span> <span class='ocrx_word' id='word_1_850' title='bbox 3182 5656 3287 5704; x_wconf 82' lang='lat' dir='ltr'><strong>etc.</strong></span> 
     </span>
    </p>
   </div>
   <div class='ocr_carea' id='block_1_117' title="bbox 1917 5711 2463 5782">
    <p class='ocr_par' dir='ltr' id='par_1_117' title="bbox 1917 5711 2463 5782">
     <span class='ocr_line' id='line_1_117' title="bbox 1917 5711 2463 5782; baseline 0.004 -15"><span class='ocrx_word' id='word_1_851' title='bbox 1917 5711 1944 5751; x_wconf 72' lang='grc' dir='ltr'><em>ά</em></span> <span class='ocrx_word' id='word_1_852' title='bbox 1986 5711 2153 5782; x_wconf 60' lang='grc' dir='ltr'><strong>Εάἱίη</strong></span> <span class='ocrx_word' id='word_1_853' title='bbox 2191 5715 2463 5782; x_wconf 88' lang='lat' dir='ltr'><strong>quoniam.</strong></span> 
     </span>
    </p>
   </div>
   <div class='ocr_carea' id='block_1_118' title="bbox 1925 5781 2381 5840">
    <p class='ocr_par' dir='ltr' id='par_1_118' title="bbox 1925 5781 2381 5840">
     <span class='ocr_line' id='line_1_118' title="bbox 1925 5781 2381 5840; baseline 0 -2"><span class='ocrx_word' id='word_1_854' title='bbox 1925 5793 1948 5820; x_wconf 75' lang='grc' dir='ltr'>θ</span> <span class='ocrx_word' id='word_1_855' title='bbox 1989 5781 2132 5840; x_wconf 75' lang='grc' dir='ltr'>Εάιι.</span> <span class='ocrx_word' id='word_1_856' title='bbox 2198 5781 2381 5839; x_wconf 77' lang='lat' dir='ltr'><strong>satiati</strong></span> 
     </span>
    </p>
   </div>
  </div>
