3974 6306
610 340 714 397 707

1648 338 1705 392 S.
1746 337 2006 393 JULlANl
2045 335 2346 393 EPISCOPI
2385 333 2726 393 TOLETANI
3473 406 3494 420 η
3662 349 3730 410 τω

609 473 739 515 cera
755 495 772 524 ,
808 469 991 527 muros
1013 454 1130 525 ejus
1154 455 1456 511 cruentavit
1480 453 1769 524 sanguine,
1820 463 2064 510 materna
2095 455 2182 510 de-
2207 456 2260 516 Α
2284 450 2464 504 omnia
2487 451 2724 505 existens
2749 449 2805 504 in
2847 445 3096 503 omnibus
3137 447 3308 506 tradet
3337 465 3532 520 regnum
3551 455 3664 525 Deo,
3688 445 3732 519 ἐι

611 557 844 608 testatus
898 546 1122 604 scelera.
1173 546 1296 602 llaec
1333 545 1522 601 civitas
1561 553 1615 599 et
1643 559 1674 598 a
1701 543 1872 598 forma
1899 553 1955 600 et
1976 560 2009 598 a
2037 544 2142 600 situ
2164 584 2179 609 ,

613 637 915 708 quantitate
948 643 1000 690 et
1019 644 1210 691 ornatu
1244 633 1397 702 juxta
1423 641 1631 702 tempus
1653 631 1950 688 clarissime
1976 631 2185 688 notabi-

614 729 702 796 lis,
725 737 780 784 et
800 743 830 782 a
853 742 996 799 rege,
1027 735 1080 782 et
1101 742 1132 780 a
1153 726 1298 796 lege,
1330 730 1384 778 et
1409 739 1439 777 a
1469 723 1645 792 plebe:
1673 725 1927 793 potentia,
1963 723 2182 788 astutia,

613 819 936 884 constantia,
974 817 1204 872 sublime
1247 814 1718 883 commendabilis‘,
1763 814 1890 870 dum
1915 813 2068 885 regni
2103 815 2186 870 sui

613 909 1030 976 circumquaque
1053 905 1279 960 dilatare
1311 905 1490 960 studet
1515 919 1768 974 pompam
1787 913 1950 976 atque
1987 903 2187 961 fastum

613 999 866 1066 luxuriat,
899 1015 1069 1070 usque
1095 999 1164 1053 ad
1190 998 1286 1052 Dei
1305 997 1558 1070 populum
1598 996 1854 1054 eﬁ‘renate
1908 1009 1935 1038 ι
1988 997 2190 1052 laxavit

615 1091 854 1148 habenas
872 1090 1110 1146 saevitiae.
1135 1088 1300 1158 Cujus
1323 1096 1530 1158 partem
1549 1089 1725 1158 primo
1737 1087 2188 1158 Sargon,-deiude

614 1182 778 1246 Phul,
809 1180 1005 1236 dehinc
1031 1179 1526 1250 Tegla-Phalassar,
1543 1177 1795 1246 deinceps
1814 1177 2188 1232 Salmanassar

615 1272 902 1342 captivavit
930 1288 944 1324 :
969 1271 1038 1326 ad
1065 1271 1315 1326 ultimum
1339 1271 1438 1326 sub
1475 1267 1615 1324 Osca
1650 1276 1794 1324 totus
1824 1267 1990 1324 Israel
2021 1282 2191 1338 expu-

613 1371 806 1433 gnatus
829 1379 860 1418 a
883 1360 1252 1419 Sennacherib
1284 1361 1337 1416 in
1373 1361 1624 1432 Assyrios
1653 1359 2072 1431 transmigravit.

684 1453 836 1510 Unde
847 1453 1061 1509 Nahum
1073 1453 1142 1508 ad
1153 1452 1335 1523 populi
1356 1451 1724 1526 transmigrati
1743 1451 2188 1514 consolationem,

614 1542 684 1597 ad
732 1549 1040 1598 sanctorum
1097 1541 1501 1612 probandorum
1556 1541 2022 1596 conﬁrmationem
2045 1579 2062 1605 ,
2126 1539 2196 1595 ad

612 1639 951 1702 posterorum
973 1646 1186 1702 quoque
1200 1631 1487 1702 gloriosam
1503 1629 1980 1700 exspectationem,
2001 1628 2069 1683 ad
2081 1627 2195 1698 lap.

613 1739 802 1780 eorum
847 1721 1189 1780 excitandam
1236 1723 1574 1778 devotionem
1597 1762 1612 1789 ,
1666 1723 1734 1778 ad
1777 1723 2020 1777 omnium
2063 1708 2194 1778 vero

2285 541 2431 596 Patri
2458 540 2513 613 (Ι
2541 540 2664 595 Cor.
2695 554 2798 603 xv,
2823 537 2913 604 24,
2942 537 3055 608 28).

2353 633 2452 689 Vel
2478 649 2639 695 onus,
2667 630 2955 686 inﬁdelitas
2980 630 3243 701 gentium;
3272 631 3393 686 liber
3414 634 3593 690 visionis
3609 677 3623 702 ,
3648 655 3736 695 oon-

2284 723 2462 778 vcrsio
2483 721 2750 788 ﬁdelium;
2779 719 3118 775 consolatorie
3135 758 3150 782 ,
3177 722 3531 780 consummatio
3548 728 3736 786 omnium.

2287 810 2591 866 Meminerit
2630 818 2812 865 autem
2858 808 3030 864 lector
3051 808 3176 878 quia
3197 825 3322 864 onus
3374 811 3427 865 in
3683 828 3738 872 est

2287 903 2564 972 angustia;
2627 900 2758 955 liber
2792 901 3003 956 visionis
3026 939 3040 965 ,
3097 915 3218 954 eum
3266 900 3438 956 electis
3480 916 3739 972 perseverans

2289 993 2463 1064 gratia
2491 1033 2506 1061 ,
2563 990 2881 1055 consolatio,
2946 989 3203 1046 divinitus
3256 991 3318 1046 de
3369 991 3506 1048 hoste
3555 1004 3740 1066 concepta

2290 1082 2535 1138 victoria.

2363 1172 2508 1228 Onus
2521 1180 2605 1227 est
2624 1171 2831 1242 pondus
2843 1169 3094 1234 miserim,
3115 1178 3171 1224 et
3193 1169 3478 1238 tribulatio;
3500 1174 3620 1238 cisio,
3641 1174 3744 1231 favor

2290 1266 2454 1322 divini
2501 1265 2764 1329 muneris,
2791 1273 2846 1320 et
2868 1265 3068 1320 mentis
3097 1265 3390 1333 invocatio;
3423 1267 3681 1333 consolatio,
3709 1269 3744 1323 in

2293 1353 2539 1410 conﬂictu
2558 1353 2882 1420 constantia,
2910 1361 2964 1409 et
2989 1354 3052 1410 de
3070 1353 3335 1423 triumpho
3353 1355 3521 1424 adepta
3545 1355 3746 1412 lzetitialn

2293 1449 2378 1506 his
2404 1464 2534 1505 vero
2558 1448 2806 1506 omnibus
2835 1447 3005 1504 lector
3037 1447 3281 1503 redditur
3307 1455 3538 1514 attentus,
3559 1448 3748 1505 docilisct

2292 1541 2604 1597 benevolus.

2361 1633 2737 1690 Benevoleutia
2771 1633 2826 1688 in
2854 1632 3140 1689 rhetoricis
3173 1647 3206 1687 a
3233 1632 3400 1687 Tullio
3421 1626 3552 1703 (Lib.
3579 1648 3594 1686 ι
3625 1630 3750 1686 delr-

2295 1734 2428 1780 vent.
2461 1724 2750 1790 Rhetoric.,
2789 1740 2934 1778 num.
2965 1723 3030 1778 16
3069 1723 3197 1778 edit.
3227 1721 3407 1778 Gener.
3434 1720 3569 1793 1743)
3595 1738 3646 1776 ex
3663 1737 3750 1792 qua-

616 1815 910 1886 gratiarum
941 1815 1210 1869 actionem
1235 1820 1448 1868 emetat
1481 1815 1838 1884 prophetiam,
1864 1813 2194 1884 contempia-
2224 1801 2270 1864 Β
2298 1822 2418 1870 tuor
2439 1815 2574 1871 locis
2601 1823 2963 1885 comparatur.
2990 1812 3072 1869 Ah
3100 1814 3217 1885 ipsa
3257 1829 3430 1879 causa,
3456 1829 3484 1868 a
3505 1812 3658 1882 judicis
3676 1829 3752 1883 per-

615 1913 708 1960 tur
733 1904 1024 1970 visionem,
1062 1917 1167 1974 qua
1195 1903 1430 1960 civitatis
1455 1904 1660 1960 eversio
1691 1912 1762 1984 et.
1782 1903 1964 1974 populi
2007 1903 2194 1960 interi-

617 2003 706 2051 tus
727 1993 974 2060 edieitur,
989 1994 1235 2050 exsulum
1259 2004 1532 2064 utcunque
1558 1991 1888 2051 refocillatur
1909 1995 2191 2061 memoria,

617 2088 936 2144 aﬁlictorum
960 2085 1170 2144 fovetur
1195 2089 1475 2160 patientia,
1496 2091 1870 2145 damnatorum
1886 2089 2197 2160 praedicitur

617 2179 942 2251 redemptio,
980 2194 1104 2250 spes
1157 2180 1429 2250 lapsorum
1465 2181 1708 2236 innuitur
1757 2188 1813 2236 et
1866 2179 2193 2245 sublimatio,

619 2273 862 2330 omnium
887 2272 944 2327 in
966 2287 1252 2329 commune
1279 2272 1516 2328 ﬁdelium
1561 2275 1734 2329 honor
1759 2281 1814 2328 et
1839 2273 2193 2342 incorruptio.

618 2363 966 2434 Prophetavit
1019 2373 1202 2419 autem
1265 2365 1406 2420 idem
1451 2366 1712 2434 propheta
1745 2373 1987 2436 tempore
2032 2362 2194 2430 Ozite,

617 2453 868 2519 Joathan,
897 2454 1099 2521 Achaz,
1128 2455 1372 2510 Ezechiae
1407 2471 1598 2526 regum
1643 2453 1779 2510 Juda
1805 2496 1820 2522 ,
1875 2455 2089 2525 quando
2115 2470 2200 2508 re-

621 2560 786 2616 gnum
843 2543 1189 2616 Assyriorum
1245 2543 1566 2609 destruitur,
1619 2543 1882 2599 Romulus
1928 2544 2197 2611 nascitur,

621 2637 896 2710 Olympias
916 2653 948 2692 a
970 2636 1173 2692 Graecis
1200 2637 1375 2706 prima
1402 2637 1689 2702 statuitur,
1719 2637 1890 2692 Roma
1916 2638 2198 2704 conditur,

619 2742 846 2799 regnum
871 2728 1398 2783 Lacedaemoniorum
1427 2728 1656 2800 defecit},
1692 2729 2042 2786 Macedonum
2065 2745 2198 2787 vero

620 2819 853 2888 incepit,
887 2818 1150 2874 Hesiodus
1193 2828 1355 2888 poeta
1384 2819 1596 2874 claruit.
1633 2820 1795 2876 Fiunt
1851 2821 2068 2893 quidem
2123 2823 2200 2877 si-

621 2911 736 2966 mul
772 2909 900 2964 anni
935 2910 1086 2978 regni
1123 2909 1467 2979 Assyriorum
1493 2925 1525 2964 a
1565 2911 1742 2980 primo
1776 2911 1920 2978 Nini,
1972 2912 2064 2982 qui
2119 2926 2204 2967 se-

623 3003 831 3058 cundus
869 3001 926 3056 in
944 3015 1010 3057 eo
1031 3001 1304 3072 regnavit,
1332 3015 1502 3071 usque
1531 3003 1597 3057 ad
1625 3003 1960 3074 trigesimum
1991 3011 2203 3058 sextum

2297 1920 2460 1972 sena,
2491 1907 2560 1962 ab
2579 1905 3042 1971 adversariorum,
3073 1921 3104 1960 a
3135 1907 3365 1975 propria.
3391 1905 3752 1974 Sanetivero,qni

2294 2015 2404 2055 non
2435 1999 2569 2064 sibi,
2609 1999 2704 2054 sed
2730 1998 2958 2055 Domino
2984 1999 3318 2066 moriuntur,
3350 1998 3428 2053 vel
3465 1997 3752 2065 vivunt(ilon.

2296 2107 2416 2156 xxv,
2454 2089 2540 2162 8);
2569 2090 2662 2160 qui
2689 2105 2797 2146 non
2831 2105 2950 2155 sua,
2981 2089 3076 2144 sed
3098 2105 3220 2158 qua:
3251 2087 3373 2144 Iesu
3399 2087 3570 2144 Christi
3587 2095 3756 2157 quarunt

2299 2180 2554 2252 (Philipp.
2587 2196 2626 2234 ιι
2654 2179 2828 2248 ,321),
2878 2193 2986 2234 non
3037 2179 3143 2235 sibi
3187 2187 3401 2248 captant
3453 2176 3670 2239 favorem,
3697 2173 3756 2230 sed

2298 2272 2478 2328 omnia
2502 2271 2648 2326 Patri
2676 2271 2924 2327 deferunt
2948 2271 3234 2326 luminum.
3258 2269 3390 2326 Hinc
3411 2283 3498 2340 per
3513 2267 3757 2323 Psalmisum

2303 2363 2500 2419 dicitur
2530 2377 2544 2416 :
2575 2363 2703 2417 Non
2741 2363 2908 2426 nobis,
2935 2362 3189 2427 Domine,
3231 2378 3334 2416 non
3365 2361 3514 2425 nobis,
3538 2357 3610 2413 sed
3629 2355 3758 2410 sortiri

2300 2464 2390 2508 tuo
2413 2455 2482 2509 da
2508 2454 2730 2525 gloriam
2753 2453 2924 2526 (Psa..
2952 2470 3108 2520 cxm,
3137 2455 3217 2526 9).
3246 2455 3371 2511 Inde
3405 2453 3521 2508 illud
3555 2428 3758 2522 Apostoli:

2304 2545 2437 2600 Mihi
2466 2546 2599 2600 absit
2643 2547 2860 2617 gloriari
2895 2547 2995 2601 nisi
3019 2547 3073 2600 in
3112 2562 3268 2601 cruce
3295 2545 3490 2600 Domini
3519 2543 3649 2598 nostri
3679 2539 3758 2593 Im

2305 2635 2500 2691 Christi
2530 2635 2673 2709 (Gal.
2698 2653 2774 2702 vr,
2805 2636 2916 2710 M).
2945 2637 3326 2693 Benevolcntia
3348 2637 3496 2707 igitur
3520 2648 3577 2689 ex
3607 2639 3762 2703 quatuor

2303 2739 2648 2800 comparatur
2677 2747 2690 2784 :
2715 2729 2762 2784 Α
2784 2745 3014 2800 persona
3039 2729 3338 2786 Salvatoris
3358 2770 3372 2796 ,
3403 2745 3432 2784 a
3451 2727 3596 2783 forma
3623 2722 3761 2783 salutis.

2305 2836 2337 2876 a
2364 2821 2574 2878 ratione
2595 2820 2728 2886 dati,
2771 2836 2802 2876 a
2832 2821 2983 2892 lapsu
3007 2823 3263 2892 reparati.
3313 2821 3544 2876 Summus
3565 2817 3638 2888 qui
3655 2813 3762 2872 dedit.

2304 2920 2566 2968 aeternum
2599 2913 2743 2981 quod
2779 2913 2987 2979 tribuit,
3018 2914 3191 2984 gratis
3241 2912 3482 2984 prmstilit
3523 2907 3700 2964 miseris.
3730 2903 3764 2956 in

2304 3005 2480 3076 primo
2493 3005 2864 3061 consideratur
2881 3007 3137 3075 potentiae
3159 3007 3230 3060 im
3237 3003 3504 3071 mensitas';
3531 3003 3577 3056 in
3590 2996 3765 3060 secundo.

627 3089 1179 3162 Sardanapalum,qui
1193 3099 1248 3147 et
1273 3091 1510 3158 ultimus,
1551 3100 1605 3148 et
1635 3093 1702 3149 ab
1727 3092 1927 3150 Arsace
1945 3093 2202 3164 signifero
2241 3161 2273 3168 _
2307 3093 2692 3151 misericordia:
2723 3094 2982 3167 largitas;
3022 3096 3078 3168 in
3108 3097 3300 3162 tertio,
3327 3094 3499 3168 gratiae
3533 3089 3766 3150 liberalitas;

625 3203 724 3246 suo
753 3161 956 3255 victus,
998 3189 1342 3260 semetipsum
1379 3190 1631 3247 incendio
1669 3192 1963 3256 cremavit,
2000 3161 2164 3245 ΠΜ.
2231 3161 2275 3223 C
2307 3187 2364 3242 in
2385 3193 2600 3257 quarto,
2626 3161 2832 3242 naturae
2857 3161 3162 3258 benignitas
3193 3161 3484 3258 :siquidem
3507 3177 3768 3239 summusmi

694 3277 986 3334 Praemittit
1009 3293 1137 3334 vero
1158 3281 1420 3348 propheta
1452 3281 1734 3352 prologum
1759 3322 1774 3349 ,
1806 3281 1862 3337 in
1897 3298 2005 3353 quo
2054 3296 2204 3338 more

626 3369 887 3424 orationis
905 3369 1190 3425 rhetorica:
1211 3371 1512 3426 auditorem
1536 3373 1713 3428 reddit
1740 3379 2028 3440 attentum,
2058 3373 2205 3428 doci-

626 3457 735 3514 lem
779 3467 836 3515 et
867 3459 1207 3515 benevolum.
1243 3459 1507 3532 Prologus
1535 3471 1714 3518 autem
1740 3463 1828 3519 hic
1853 3471 1935 3518 est
1986 3481 1998 3518 :
2057 3462 2204 3518 Onus

629 3549 840 3616 Ninioe,
870 3549 1001 3606 liber
1033 3550 1246 3606 uisionis
1287 3549 1502 3607 Nahum
1529 3551 1789 3608 Elchesei.
1835 3553 1960 3608 Tria
1987 3552 2204 3624 quidem

626 3642 828 3712 posuit,
859 3655 958 3711 per
981 3659 1102 3713 qum
1127 3643 1425 3700 auditorem
1447 3646 1516 3702 ad
1560 3647 1794 3712 veniam,
1843 3646 1910 3701 ad
1952 3648 2201 3718 gratiam,

629 3729 698 3783 ad
721 3729 945 3798 gloriam
967 3733 1172 3787 moveri
1192 3733 1382 3789 voluit.
1403 3733 1682 3804 Siquidem
1706 3736 1762 3790 in
1789 3749 1951 3792 onere
1967 3737 2200 3800 miseria,

629 3821 688 3876 in
723 3823 930 3878 visione
953 3826 1128 3895 gratia
1149 3866 1166 3892 ,
1206 3827 1263 3881 in
1289 3827 1659 3884 consolatione
1699 3829 1958 3884 nonnulla
1993 3829 2206 3883 videtur

630 3911 817 3998 gloria.
840 3913 1064 3985 Assyrio
1088 3919 1436 3986 persequenti
1459 3918 1669 3989 pondus
1702 3920 1967 3987 miserim,
2023 3920 2206 3976 lsracli

631 4004 917 4060 sustinenti
942 4015 1219 4075 respectus
1245 4008 1457 4078 gratiae,
1490 4018 1546 4066 et
1565 4010 1740 4066 eidem
1764 4010 2009 4067 redeunti
2035 4011 2206 4067 instar

628 4093 999 4166 cujuscunque
1024 4097 1338 4154 attribuitur
1364 4099 1568 4170 gloria.
1594 4100 1790 4156 Lector
1817 4101 1982 4172 igitur
2019 4102 2202 4160 audito

627 4199 811 4250 onere,
844 4186 1088 4242 redditur
1100 4195 1368 4256 attentus;
1398 4189 1624 4257 visione,
1643 4190 1862 4260 docilis;
1890 4189 2122 4256 Nahum,
2148 4191 2204 4246 id

629 4275 729 4342 est,
765 4278 1122 4346 consolatore,
1151 4280 1460 4337 benevolus.

701 4367 848 4425 Onus
872 4368 1062 4427 Ninioe
1079 4411 1096 4438 ,
1132 4373 1257 4444 quia
1280 4389 1310 4428 a
1332 4363 1597 4430 Cbal'daeis
1621 4383 1705 4430 est
1743 4375 2034 4442 subversa;
2074 4375 2205 4430 liber

630 4462 861 4527 visionis,
887 4463 1014 4532 quia
1054 4463 1257 4530 Esdrte,
1296 4465 1587 4534 Nehemiaz,
1624 4475 1677 4522 et
1703 4467 1823 4523 aliis
1869 4467 2202 4538 indulgentia

631 4552 784 4617 data;
813 4552 1026 4607 Nahum
1051 4553 1314 4620 Elchesei,
1351 4559 1478 4626 quia
1497 4558 1666 4626 urbis,
1707 4559 1908 4628 templi,
1939 4567 1993 4614 et
2019 4558 2203 4630 populi

631 4643 869 4709 libertas,
900 4651 954 4698 et
981 4649 1183 4714 gratia,
1211 4656 1263 4700 et
1293 4647 1458 4718 gloria
1483 4660 1754 4720 utcunque
1778 4659 2048 4721 reparata.
2077 4651 2204 4708 Haec

630 4742 810 4788 autem
854 4733 1200 4792 historiaIiter
1243 4738 1494 4796 diximus.
1537 4741 1692 4797 Nunc
1734 4757 1799 4798 ea
1844 4743 2091 4814 mystice,
2121 4744 2206 4800 vel

629 4823 908 4880 moraliter
934 4827 1207 4882 succincte
1228 4828 1576 4887 disseramus.

704 4913 850 4970 Onus
867 4914 1074 4982 Ninive,
1094 4918 1277 4973 mundi
1289 4919 1641 4990 conﬂagratio
1657 4939 1670 4988 ;
1687 4923 1818 4978 liber
1835 4924 2065 4990 visionis,
2083 4939 2208 4981 san-

626 5013 842 5062 ctorum
868 5009 1227 5077 resurrectio;
1253 5013 1614 5081 consolatoris,
1648 5032 1836 5073 eorum
1861 5017 2203 5088 gloriﬁcatio.

704 5094 852 5150 Onus
863 5095 1076 5183 lVinive,
1107 5103 1456 5172 reproborum
1487 5107 1789 5178 damnatio;
1819 5109 1950 5164 liber
1972 5112 2204 5178 uisionis,

633 5186 915 5244 beatorum
937 5189 1161 5260 electio;
1186 5195 1528 5253 consolatoris
1543 5239 1558 5266 ,
1591 5201 1647 5254 in
1670 5200 1864 5256 saecula
1888 5204 2207 5260 saeculorum

634 5278 894 5335 laudatio.

706 5370 873 5438 Onus,
896 5377 1109 5444 quando
1133 5377 1361 5437 dicitur:
1380 5381 1776 5452 Ite,maledicti,
1794 5387 1850 5440 in
1867 5386 2038 5457 ignem
2059 5397 2210 5442 teter-

633 5478 758 5518 num
786 5462 998 5530 (Matth.
1040 5483 1165 5538 xxv,
1191 5472 1316 5546 41);
1368 5475 1517 5539 visio,
1554 5476 1770 5544 quando
1814 5477 2022 5546 dicetur
2039 5467 2067 5530 ἐ
2111 5476 2210 5533 Ve-

632 5554 759 5622 rtite,
784 5557 1035 5613 benedicti
1061 5559 1239 5619 Patris
1268 5567 1371 5620 mei
1401 5567 1472 5638 (v.
1499 5565 1624 5637 34)’;
1655 5566 1970 5636 consolator,
1995 5570 2210 5640 quando

606 5776 617 5786 ι
685 5727 730 5797 ’ξι
773 5716 1041 5797 Επνςηᾳιε
1065 5720 1225 5797 nobis
1247 5723 1566 5797 arridet,rut
1613 5727 1808 5797 legitur
1836 5727 1891 5782 in
1923 5727 2026 5784 m's.
2050 5726 2205 5796 juxta

632 5789 866 5847 editores
892 5789 1046 5860 hujus
1081 5792 1257 5858 operis
1284 5792 1338 5848 in
1369 5789 1697 5856 Bibliotheca
1731 5793 1966 5866 Patrum,
1993 5789 2103 5870 pro:
2127 5799 2203 5868 ef-

3871 3267 3873 3276 Α

2305 3279 2444 3334 seris
2469 3281 2705 3334 maxima
2745 3279 2974 3334 contulit
3020 3282 3210 3348 gratis.
3238 3282 3298 3335 ln
3319 3281 3484 3351 primo
3526 3278 3656 3348 igitur
3675 3286 3770 3327 com-
3871 3295 3873 3314 ι

2301 3373 2567 3442 probatur
2589 3371 2769 3427 dantis
2788 3372 3174 3442 omnipotenlia
3197 3391 3213 3440 ;
3245 3375 3300 3428 in
3327 3372 3568 3438 seetmdo,
3587 3367 3676 3437 ejus
3699 3378 3772 3418 me

2306 3461 2577 3519 niﬁcentia
2595 3480 2608 3528 ;
2639 3463 2695 3518 in
2719 3464 2898 3531 tertio,
2916 3463 3032 3533 ejus
3055 3465 3409 3534 sufﬁcientia;
3435 3466 3488 3521 in
3501 3471 3671 3535 quarto,
3683 3455 3773 3525 (5⁸⁸·

2307 3553 2428 3608 dem
2448 3554 2842 3609 benevolentia.

2376 3645 2570 3700 Aliter.
2596 3645 3031 3701 Benevolcntiam
3053 3655 3241 3718 captat
3263 3663 3293 3702 a
3328 3646 3514 3718 judicis
3535 3654 3732 3715 persona.
3755 3647 3775 3688 ³

2307 3735 2392 3790 sui
2411 3735 2645 3801 fortuna,
2689 3750 2720 3791 a
2751 3751 2915 3793 causa
2962 3747 3016 3793 et
3042 3738 3305 3808 qualitate
3337 3737 3548 3810 negotii;
3575 3732 3777 3790 abitum-

2307 3827 2476 3882 nitate
2507 3834 2564 3882 et
2599 3835 2796 3884 natura
2837 3829 3151 3886 adversarii.
3180 3829 3230 3884 A
3247 3829 3442 3901 judice,
3478 3827 3587 3898 quia
3609 3825 3696 3894 ipsa
3726 3823 3778 3872 es!

2307 3924 2710 3992 misericordia;
2742 3939 2772 3980 a
2799 3926 2882 3981 sui
2901 3923 3150 3994 fortuna,
3181 3927 3312 3998 quia
3331 3933 3560 3982 versatur
3597 3922 3642 3975 in
3670 3915 3780 3971 misc-

2307 4019 2422 4085 ria;
2455 4034 2486 4072 a
2508 4033 2674 4074 causa
2697 4020 2918 4091 negotii,
2953 4035 3021 4077 ex
3043 4028 3206 4091 parte
3229 4018 3532 4084 adversarii,
3551 4012 3654 4086 quia
3677 4005 3781 4064 δαΐα·

2307 4120 2428 4167 ctus
2457 4119 2540 4167 est
2558 4108 2781 4177 invidia,
2805 4127 2872 4168 ex
2895 4121 3048 4183 parte
3076 4127 3205 4168 vero
3227 4113 3334 4179 sui,
3365 4112 3484 4184 quia
3511 4099 3781 4165 circumdatur

2308 4205 2620 4260 inﬁrmitate
2650 4213 2704 4262 et
2727 4205 3064 4276 ignorantia;
3101 4221 3132 4261 a
3181 4215 3379 4262 natura
3402 4196 3683 4261 adversarii,
3707 4200 3780 4247 tum

2307 4312 2373 4352 ex
2400 4306 2607 4352 natura:
2639 4297 2955 4364 subtilitate,
2982 4307 3096 4354 tum
3116 4312 3184 4354 ex
3210 4299 3338 4356 vita:
3359 4295 3690 4356 diuturnitate,
3709 4295 3780 4338 ιιιω

2307 4403 2371 4443 ex
2399 4389 2601 4458 negotii
2634 4387 2979 4456 assiduitate;
3015 4405 3084 4446 ex
3122 4390 3456 4446 immanitate
3473 4373 3782 4459 quoqllth‘lIlia

2237 4517 2284 4577 ι)
2308 4481 2483 4550 gratis
2520 4479 2818 4548 infestant,
2857 4496 2959 4538 nec
2988 4481 3055 4537 ad
3081 4494 3414 4538 momentum
3456 4480 3782 4577 desistanltilifc

2309 4572 2364 4626 in
2386 4573 2610 4628 minimo
2638 4580 2884 4644 pareant.
2911 4573 2970 4629 In
2990 4574 3167 4646 primo
3200 4575 3368 4647 igitur
3397 4578 3566 4646 captat
3600 4582 3678 4640 per
3690 4559 3784 4633 iudi—

2309 4663 2387 4718 cis
2420 4662 2705 4733 pietatem;
2739 4663 2793 4718 in
2818 4665 3070 4730 secundo,
3103 4680 3200 4735 per
3223 4663 3566 4723 confessionis
3587 4653 3785 4716 humiliu'

2309 4762 2456 4820 tem;
2497 4755 2553 4809 in
2594 4755 2778 4822 tertio,
2816 4771 2914 4826 per
2939 4755 3100 4826 hujus
3128 4757 3252 4813 vita:
3279 4759 3576 4818 ineolatum,
3606 4744 3786 4808 etimit-

2310 4845 2522 4902 cibilem
2541 4846 2944 4914 inﬁrmitatem;
2975 4848 3029 4903 in
3055 4857 3268 4919 quarto,
3289 4865 3386 4921 per
3412 4848 3641 4905 invidiam
3661 4837 3787 4896 adver-

2311 4935 2440 4990 sarii
2466 4975 2480 5001 ,
2521 4945 2576 4992 et
2614 4936 2786 5008 ipsius
2809 4938 3204 4994 crudelitatem.
3230 4939 3290 4994 In
3316 4940 3504 5011 primo,
3519 4923 3686 5005 judicis
3703 4937 3787 4996 l'm'

2314 5036 2536 5082 vocatur
2585 5027 2901 5096 clementia;
2931 5044 2985 5084 in
3017 5025 3254 5086 secundo
3280 5070 3297 5098 ,
3353 5029 3560 5102 propria
3585 5017 3790 5092 eximitur

2313 5119 2638 5191 indigentia;
2665 5119 2720 5174 in
2741 5120 2922 5186 tertio,
2951 5120 3108 5190 hujus
3119 5121 3243 5177 vita:
3253 5120 3590 5192 praetenditur
3609 5107 3789 5169 tentatio;

2312 5210 2369 5265 in
2396 5221 2626 5282 quarto,
2664 5212 2958 5268 adversarii
2985 5212 3183 5268 invidia
3223 5212 3491 5284 objicitur,
3521 5217 3571 5264 et
3590 5206 3792 5274 impnﬁm’

2303 5300 2408 5356 'tio.
2444 5300 2643 5366 Primo,
2674 5301 2799 5372 quia
2819 5301 3018 5370 judicis
3048 5311 3130 5357 est
3151 5302 3419 5358 sententia
3454 5315 3468 5354 :
3499 5295 3625 5354 Nolo
3643 5295 3793 5346 utortt’Ill

2307 5392 2614 5460 peccatoris,
2643 5391 2732 5445 sed
2758 5400 2816 5444 ut
2835 5401 3166 5446 convertatur
3189 5402 3236 5446 et
3261 5390 3394 5445 vivat
3436 5383 3632 5461 (Each.
3657 5384 3793 5461 mill.

2310 5459 2430 5552 ll);
2473 5482 2710 5538 secundo
2767 5481 3008 5551 loquitur
3039 5481 3329 5551 indigentia
3379 5495 3396 5536 :
3446 5459 3505 5533 Si
3527 5459 3795 5560 industrii}

2311 5588 2464 5627 nemo
2492 5581 2568 5626 est
2613 5573 2702 5643 qui
2751 5573 2952 5644 aperiat
2987 5572 3111 5646 (Job
3160 5587 3272 5637 xu,
3301 5567 3421 5641 M);
3475 5564 3651 5626 tertio.
3690 5555 3798 5618 bili“

2315 5729 2554 5802 frenatis,
2581 5729 2724 5802 quod
2747 5727 2850 5798 ipsi
2874 5744 3124 5802 posuere.
3331 5798 3347 5802 _
3380 5798 3395 5802 _
3497 5797 3512 5802 _
3572 5801 3575 5802 ν
3664 5788 3676 5802 ,

2380 5800 2408 5840 ι’
2449 5789 2707 5856 Clauserit
2741 5789 2840 5868 p'ro
2874 5789 3178 5871 incluserit,
3208 5798 3352 5871 quod
3380 5797 3640 5872 legebatur
3662 5789 3707 5850 in
3730 5789 3797 5840 ωδε
