3974 6306
166 314 261 370 709

1202 305 1552 364 COMMENT.
1595 305 1662 362 IN
1702 305 1947 364 NAIIUM
1978 305 2420 385 PROPIIETAM.

3325 312 3432 372 710

161 419 278 479 vita:
339 421 559 476 miseria
593 436 605 471 :
649 416 907 474 Memento
961 431 1090 481 mea,
1141 419 1266 488 quia
1301 425 1478 472 uentus
1525 425 1600 470 est
1639 417 1741 470 vita
1769 426 1820 485 Δ
1916 418 2013 473 llis
2041 421 2114 474 ita
2145 417 2211 474 de
2272 403 2582 474 materia-et
2617 418 2911 476 intentione
2938 423 3208 479 succincte
3251 427 3432 496 prasit-

163 533 269 570 utea
300 512 447 583 (Job.
473 527 572 576 vu,
591 509 678 582 7);
705 509 760 564 in
782 517 1004 579 quarto:
1023 507 1099 562 Ab
1115 505 1358 578 aquilone
1381 522 1537 576 super
1559 505 1748 575 faciem

162 605 295 661 orbis
320 617 482 658 terra:
509 599 858 657 exardescunt
887 599 1031 654 mala
1053 597 1188 670 (Jer.
1215 615 1253 664 ι,
1282 596 1394 668 14).

226 694 424 750 Aliter.
460 692 758 750 Salvatoris
796 706 960 762 opera
995 689 1225 760 legimus
1287 688 1453 744 fuisse
1479 685 1754 758 quadrifa-

165 789 257 843 ria.
329 785 592 840 Miracula
643 798 878 853 namque
925 779 1094 847 fecit;
1156 779 1418 836 beneﬁcia
1481 777 1748 844 contulit;

163 893 344 933 amara
375 891 476 947 pro
527 876 686 932 nobis
710 873 974 944 pertulit;
1012 872 1139 927 vita:
1170 871 1378 926 monita
1424 867 1668 940 protulit.
1695 868 1755 922 in

165 972 226 1026 iis
252 979 442 1026 autem
497 979 733 1040 quatuor
763 967 980 1023 auditor
1013 965 1258 1023 redditur
1289 963 1601 1027 benevolus,
1627 961 1756 1018 dum

163 1059 364 1130 eteius
396 1060 646 1116 doctrina
687 1059 1045 1123 illuminatur,
1073 1065 1128 1112 et
1153 1055 1430 1112 beneﬁciis
1481 1047 1756 1110 sustenta-

165 1164 264 1219 tur,
318 1153 605 1210 miraculis
635 1151 1009 1214 conﬁrmatur,
1041 1157 1095 1205 et
1138 1148 1456 1218 passionum
1510 1145 1759 1216 stigmate

166 1244 230 1300 ad
250 1254 501 1299 amorem
550 1242 935 1298 inﬂammatur.
973 1241 1032 1296 In
1054 1241 1230 1311 primo
1279 1237 1582 1294 excluditur
1610 1238 1761 1307 igno—

165 1337 362 1404 rantia,
389 1337 447 1392 in
471 1337 708 1394 secundo
752 1334 1072 1408 indigentia,
1105 1335 1160 1390 in
1213 1334 1377 1390 tertio
1412 1332 1758 1405 negligentia,

166 1431 216 1486 in
238 1436 438 1500 quarto
487 1429 609 1484 vita:
665 1437 850 1499 torpor
883 1437 939 1484 et
989 1427 1155 1482 animi
1219 1425 1451 1496 ignavia.
1499 1423 1557 1478 ln
1587 1423 1762 1494 primo

167 1521 402 1592 suscepit
432 1519 614 1577 lumen
641 1521 901 1586 scientire,
931 1520 986 1575 in
1023 1519 1258 1576 secundo
1301 1515 1608 1586 largitatem
1637 1529 1762 1585 gra-

167 1610 266 1676 tiat,
323 1596 595 1666 initertio
645 1609 867 1680 coniicit
911 1610 1064 1681 regni
1108 1607 1436 1670 felicitatem,
1468 1607 1522 1660 in
1570 1612 1763 1676 quarto

170 1702 410 1772 suspirat
447 1701 518 1758 ad
550 1701 756 1758 Christi
807 1701 1151 1758 charitatem.
1214 1699 1318 1754 Per
1361 1698 1488 1753 vita:
1543 1695 1764 1751 oracula

1848 511 2020 576 batis,
2076 512 2242 567 etiam
2294 525 2438 566 nunc
2490 509 2705 566 dicatur
2745 514 2833 567 cui
2882 515 3023 582 parti
3078 515 3430 588 philosophia:

1851 611 2201 673 supponatur.
2236 603 2372 658 Cum
2405 602 2568 673 igitur
2601 601 2942 674 philosophia
2979 613 3209 676 quatuor
3226 608 3433 678 ι)τίηοὶ-

1849 694 2002 766 pales
2029 694 2227 751 habeat
2252 694 2480 764 species,
2505 695 2604 750 sub
2625 695 2823 765 quibus
2853 697 3093 754 omnium
3129 698 3434 758 liberalium

1853 787 2052 842 artium
2099 795 2154 842 et
2206 787 2372 842 totius
2435 787 2600 843 divini
2651 788 2851 859 eloquii
2905 791 3212 848 continetur
3240 793 3434 862 series,

1854 878 2152 934 tbeoricam
2206 877 2431 943 scilicet,
2499 879 2817 948 practicam,
2869 882 3166 952 physicam,
3203 892 3260 940 et
3303 885 3436 956 logi-

1855 985 2007 1036 eam;
2041 970 2120 1026 sic
2153 971 2359 1026 inserta
2383 971 2723 1038 alterutrum,
2761 981 2816 1028 et
2837 988 3080 1030 connexa
3131 975 3436 1032 adinvicem

1857 1059 2152 1130 saepissime
2189 1061 2460 1129 videntur,
2495 1070 2556 1117 ut
2575 1064 2665 1118 vix
2694 1065 2763 1119 ab
2806 1065 3036 1121 invicem
3078 1067 3313 1122 discerni
3346 1083 3439 1124 va-

1858 1151 2044 1217 leant;
2077 1153 2156 1207 sic
2203 1153 2526 1224 quandoque
2558 1163 2918 1225 sequestrata,
2963 1166 3018 1212 et
3071 1173 3102 1213 a
3124 1173 3184 1215 se
3205 1159 3438 1218 alienata

1858 1255 2081 1310 prorsus
2105 1243 2451 1298 inveniuntur
2492 1253 2554 1299 ut
2575 1236 2832 1316 conjungi
2855 1246 3125 1304 ullatenus
3147 1257 3437 1318 nequeant.

1861 1331 2068 1403 Quippe
2089 1335 2469 1390 mathematica
2495 1335 2560 1391 :le
2579 1335 2878 1393 visibilibus
2904 1337 3193 1393 visibilium
3216 1339 3436 1410 ﬁguris;

1860 1426 2097 1494 practica
2129 1427 2196 1483 de
2218 1428 2575 1486 invisibilihus
2623 1430 2918 1486 visibilium
2954 1430 3178 1499 formis;
3215 1435 3437 1504 physica

1863 1513 1928 1570 de
1980 1515 2337 1573 invisibilihus
2394 1521 2616 1588 causis;
2685 1521 2957 1592 theologia
2991 1523 3056 1579 de
3083 1523 3440 1581 invisibilihus

1863 1607 2216 1676 substantiis;
2249 1611 2421 1682 logica
2465 1627 2596 1668 vero
2621 1621 2682 1668 ut
2704 1613 2944 1668 omnium
2975 1616 3218 1685 provida,
3242 1617 3440 1673 artium

1864 1701 2144 1770 agistra,
2168 1717 2491 1759 arcanorum
2516 1704 2806 1776 clavigera,
2834 1707 3036 1774 passim
3067 1708 3325 1764 discurrit
3341 1723 3440 1780 per

168 1793 502 1849 illuminatur
523 1807 700 1848 carens
724 1809 740 1859 ;
771 1807 869 1862 per
894 1791 1155 1846 miracula
1168 1789 1445 1846 reducitur
1459 1787 1754 1859 profugus;
1791 1800 1835 1861 Β
1863 1791 2065 1858 omnia,
2092 1791 2310 1858 formas,
2336 1793 2542 1858 modos,
2582 1811 2793 1860 causas,
2820 1797 2991 1852 nodos
3011 1797 3244 1866 solvens,
3269 1799 3440 1871 ligans

168 1901 259 1956 per
291 1884 562 1941 beneﬁcia
621 1885 864 1940 redditur
898 1885 1164 1950 devotus;
1218 1897 1318 1954 per
1358 1882 1627 1952 passionis
1661 1879 1757 1935 sti-

170 1988 349 2049 gmata
388 1977 624 2035 efﬁcitur
653 1986 1081 2034 consummatus.

235 2070 440 2125 Docilis
474 2083 690 2140 quoque
740 2069 999 2133 redditur,
1059 2067 1187 2124 dum
1215 2067 1268 2122 in
1324 2065 1440 2135 eius
1487 2062 1754 2128 doctrina,

168 2159 297 2224 vita,
336 2157 482 2213 fama
528 2158 752 2213 docetur
800 2157 929 2228 quid
978 2166 1175 2220 teneat,
1223 2157 1480 2212 suadetur
1514 2154 1641 2222 quid
1669 2167 1760 2208 ca-

168 2259 313 2316 veat,
369 2249 657 2304 instruitur
715 2249 845 2320 quid
897 2250 1104 2312 timeat,
1155 2263 1262 2319 quo
1317 2249 1514 2314 doleat,
1567 2247 1621 2301 in
1651 2261 1758 2316 quo

167 2349 375 2409 speret,
413 2338 539 2408 quid
589 2337 816 2410 diligat:
851 2337 1059 2394 scilicet
1113 2353 1304 2394 cavere
1356 2338 1508 2403 vitia,
1572 2346 1758 2392 tenere

169 2432 291 2487 vitze
314 2431 564 2498 consilia,
598 2431 790 2486 timere
837 2433 1093 2502 gehenna:
1143 2430 1424 2500 supplicia,
1453 2429 1632 2486 dolere
1662 2431 1760 2482 hu-

167 2520 250 2589 ius
278 2519 463 2576 exsilii
496 2519 791 2584 miseriam,
826 2521 879 2575 in
903 2519 1060 2576 ctelis
1092 2519 1255 2590 ﬁgere
1285 2519 1398 2590 spei
1424 2535 1534 2575 sute
1557 2518 1759 2573 ancho-

171 2626 304 2674 ram,
331 2609 596 2664 ardenter
627 2609 848 2682 diligere
883 2611 1158 2667 caelestem
1183 2611 1437 2680 patriam.

235 2699 499 2754 Attentus
541 2700 705 2754 etiam
753 2699 1017 2765 redditur,
1063 2709 1117 2755 et
1147 2716 1213 2756 ex
1242 2699 1611 2770 magnitudine
1634 2714 1760 2769 sup-

168 2790 332 2860 plicii,
364 2790 500 2846 dum
520 2804 658 2844 onus
684 2789 1068 2859 prmmittitur;
1102 2799 1157 2846 et
1187 2805 1256 2845 ex
1277 2790 1534 2861 qualitate
1558 2790 1757 2860 gaudii,

171 2881 292 2936 dum
318 2880 464 2936 visio
503 2882 887 2951 subsequitur;
921 2890 977 2938 et
997 2895 1063 2936 ex
1098 2881 1351 2938 ﬁdelitate
1375 2882 1604 2954 praemii,
1629 2881 1762 2938 dum

169 2972 484 3027 consolator
508 2971 866 3041 subiungitur.

235 3064 378 3121 Cum
415 3065 583 3136 igitur
609 3065 815 3122 Tullius
865 3067 1002 3140 (Lib.
1033 3083 1049 3120 ι
1085 3067 1150 3120 de
1185 3067 1302 3122 Inv.
1331 3068 1546 3132 theton,
1588 3083 1641 3121 η.
1672 3066 1758 3139 15)

1859 1883 2158 1938 subtilitate
2190 1884 2378 1949 nimia,
2439 1885 2574 1942 artis
2625 1887 2964 1949 excellentia,
3001 1897 3441 1958 argumentorum

1859 1974 2031 2043 copia.
2069 1973 2316 2029 Praesens
2349 1990 2479 2030 vero
2502 1977 2806 2046 prophetia,
2853 1979 2979 2048 quia
3011 1979 3210 2049 partim
3243 1979 3355 2050 agit
3373 1979 3441 2034 de

1859 2065 2187 2130 celestibus,
2239 2066 2439 2136 partim
2487 2074 2687 2122 tractat
2710 2069 2806 2124 'de
2865 2069 3125 2136 moribus,
3184 2069 3440 2126 nonnulla

1858 2170 1986 2226 pars
2016 2155 2131 2224 eius
2155 2157 2224 2212 ad
2274 2158 2591 2224 theoricam,
2654 2161 2903 2229 quaedam
2946 2176 3075 2217 vero
3121 2161 3340 2232 respicit
3373 2161 3441 2218 ad

1859 2248 2176 2317 practicam.

1931 2337 2119 2393 Modus
2167 2353 2378 2409 quoque
2437 2341 2706 2396 tractandi
2757 2341 2848 2398 hic
2906 2347 3010 2398 est.
3070 2340 3227 2398 Prius
3260 2351 3442 2400 autem

1861 2430 2222 2486 comminatur
2255 2432 2530 2499 hostibus;
2570 2433 2765 2488 dehinc
2795 2433 3070 2488 blanditur
3097 2431 3442 2503 obsequenti-

1861 2520 2024 2576 tibus.
2062 2518 2192 2577 Post
2225 2523 2340 2578 haac
2360 2524 2515 2593 quasi
2547 2523 2846 2580 incidenter
2903 2523 3196 2579 introducit
3243 2524 3441 2579 adven-

1861 2618 1974 2666 tum
2008 2610 2322 2668 Salvatoris.
2367 2613 2568 2669 Deinde
2635 2614 2932 2670 terribilem
2963 2615 3173 2670 inducit
3208 2629 3444 2684 praesen-

1861 2704 1994 2759 tiam
2044 2706 2364 2772 vastatoris;
2401 2715 2576 2762 armat
2609 2707 2961 2779 Babylonios'
3015 2715 3180 2764 ruunt
3202 2709 3257 2763 in
3279 2709 3447 2781 Assy-

1864 2794 2006 2874 rios;
2045 2795 2237 2850 Ninive
2271 2805 2631 2868 expugnatur,
2667 2799 2897 2868 capitur,
2947 2801 3279 2868 destruitur;
3312 2808 3447 2856 tem-

1863 2885 2013 2954 plum
2042 2903 2073 2941 a
2108 2885 2472 2944 fundamentis
2507 2889 2812 2953 evertitur;
2851 2891 3028 2946 omnis
3071 2899 3224 2957 aetas,
3262 2905 3444 2958 sexus,

1863 2974 2100 3030 conditio
2153 2977 2535 3047 corrumpitur,
2584 2978 2820 3044 eliditur,
2875 2980 3122 3035 servituti
3159 2981 3446 3037 addicitur.

1867 3063 2128 3135 Deinceps
2163 3065 2469 3125 insultando
2499 3069 2556 3124 in
2579 3085 2699 3125 eam
2739 3071 3030 3139 invehitur,
3079 3073 3318 3144 rapinas,
3343 3072 3450 3127 for-

171 3155 416 3225 quinque
434 3171 721 3212 causarum
745 3173 942 3228 genera
972 3167 1212 3215 statuat:
1247 3160 1552 3226 honestum,
1585 3158 1759 3214 admi-
1787 3161 1832 3225 c
1862 3155 2181 3223 nicationes,
2237 3159 2502 3216 maleﬁcia
2553 3163 2872 3230 exprobrat;
2912 3162 3188 3217 civitatem
3233 3162 3451 3232 sangui-

171 3247 367 3313 rahile,
403 3247 628 3314 humile,
689 3263 906 3320 anceps,
951 3251 1260 3316 obscurum,
1293 3261 1348 3306 et
1377 3250 1673 3306 secundum
1697 3265 1762 3306 ea

170 3339 392 3396 diversa
443 3349 696 3411 suggerat
739 3337 1006 3413 principia
1031 3384 1045 3409 ,
1097 3359 1198 3400 nos
1240 3345 1525 3399 honestum
1571 3357 1762 3413 genus,

170 3445 278 3488 non
311 3447 522 3499 causa,
579 3420 678 3489 sed
723 3437 1016 3506 prophetia:
1073 3437 1233 3506 huius
1288 3437 1536 3500 dicimus,
1571 3437 1627 3492 in
1656 3450 1760 3506 qua

170 3520 316 3576 circa
369 3524 638 3593 reprobos
681 3523 826 3594 iusta
863 3525 958 3581 Dei
1011 3528 1270 3596 probatur
1324 3526 1601 3592 severitas,
1634 3540 1763 3597 erga

168 3615 288 3683 pios
318 3617 748 3673 clementissima
779 3619 1188 3675 commendatur
1204 3620 1440 3676 bonitas.
1474 3619 1534 3674 ln
1565 3619 1758 3683 amico,

170 3709 386 3777 gratia;
423 3709 481 3764 in
505 3709 681 3775 hoste,
700 3709 951 3779 iustitia;
1019 3712 1075 3766 in
1105 3726 1282 3777 servo,
1308 3711 1498 3781 iudicii
1523 3709 1758 3773 veritas;

171 3799 226 3854 in
257 3801 627 3869 mercenaria,
655 3804 861 3874 prarmii
887 3805 1150 3876 aequitas;
1178 3807 1232 3861 in
1260 3805 1388 3871 ﬁlio,
1417 3805 1570 3877 regni
1593 3805 1765 3860 luere-

169 3888 318 3946 ditas
342 3907 360 3956 ;
401 3890 458 3946 in
481 3905 698 3962 sponsa,
727 3892 1022 3962 spiritualis
1057 3895 1237 3965 gaudii
1266 3895 1540 3952 identitas.

1863 3265 1992 3305 num
2047 3251 2422 3320 exprobrando
2480 3261 2776 3323 nuncupat.
2838 3251 3180 3307 Alexandria:
3237 3265 3452 3322 quoque

1863 3338 2060 3396 ferenti
2105 3340 2366 3396 auxilium
2415 3343 2654 3398 minatur
2707 3343 2996 3398 excidium.
3037 3343 3240 3399 Deinde
3279 3343 3452 3397 insul-

1865 3432 2047 3496 tando,
2076 3431 2346 3502 ignaviam
2374 3433 2679 3504 principum
2713 3442 2768 3488 et
2795 3433 2981 3505 populi
3007 3435 3318 3504 ingeminat,
3359 3449 3452 3503 po-

1863 3523 2050 3594 pulum
2080 3521 2446 3580 ell‘eminatum
2490 3534 2784 3596 nuncupat,
2816 3524 3012 3580 frustra
3063 3541 3157 3582 eos
3204 3524 3310 3580 nisi
3340 3525 3452 3580 evi-

1867 3612 2056 3669 denter
2089 3613 2364 3668 euuntiat:
2427 3614 2496 3670 ad
2547 3614 2797 3670 ultimum
2869 3615 3120 3670 inertiam
3174 3622 3452 3685 pastorum

1871 3707 2133 3776 increpat,
2173 3715 2228 3762 et
2262 3709 2341 3764 sic
2365 3709 2702 3778 prophetiam
2731 3723 2884 3762 suam
2918 3708 3198 3764 terminat.

2381 3797 2614 3868 Explicit
2649 3799 2915 3869 prtrfatio.

171 4062 282 4103 non
307 4047 456 4104 bene
497 4057 802 4106 correctum
829 4060 912 4108 est
949 4051 1004 4105 in
1033 4050 1362 4108 Bibliotheca
1403 4049 1644 4115 Patrum,
1694 4062 1817 4103 cum
1855 4047 2080 4118 Vulgata
2123 4047 2390 4102 incluserit
2430 4046 2590 4117 legat,
2651 4045 2804 4116 cuius
2839 4048 3162 4103 auctoritate
3210 4048 3349 4102 hanc
3373 4045 3453 4102 lea

170 4118 420 4174 ctionem
453 4120 808 4176 restituimus.

173 4283 2372 4310 Μ

2373 4269 3434 4296 ,Μ

1011 4431 1596 4538 INCIPIT
1729 4373 2650 4531 Exrosnto.

1716 4627 1928 4643 ψ

251 4746 304 4798 ί.
325 4743 481 4797 Onus
499 4741 704 4804 Ninive,
721 4739 1074 4795 tibervisionis
1092 4740 1304 4795 Nalmm
1326 4737 1612 4793 Helehesei.
1630 4736 1762 4794 Pro-
1791 4741 1840 4800 D
1865 4735 2062 4790 Isaias:
2103 4734 2244 4790 l’isio
2265 4749 2420 4804 quam
2449 4695 2571 4786 vidit
2598 4729 2770 4783 Isaias
2791 4727 2935 4796 ﬁlius
2948 4725 3104 4778 Amos
3129 4723 3282 4794 (Isai.
3314 4742 3353 4790 ι,
3376 4725 3451 4796 l).

171 4840 366 4911 lognm
394 4836 563 4890 istum
595 4831 889 4903 prophetiae
911 4846 1023 4886 sua:
1066 4831 1327 4901 propheta
1363 4829 1716 4900 praeposuisse
1736 4843 1767 4882 a

169 4928 512 5004 quibusdam
535 4925 808 4991 creditur;
833 4924 902 4979 ab
919 4922 1058 4988 aliis,
1085 4923 1314 4978 Esdram
1333 4937 1454 4978 eum
1477 4921 1766 4985 invenisse,

169 5021 474 5076 asseritur.
511 5014 662 5070 Sicut
685 5013 829 5069 enim
856 5021 978 5083 post
1031 5013 1305 5069 incensam
1354 5010 1526 5082 legem
1549 5024 1580 5065 a
1603 5010 1769 5066 Chal-

168 5115 334 5177 tkeis,
397 5117 460 5164 et
501 5108 572 5163 ab
617 5119 684 5162 eo
711 5113 1016 5175 reparatam
1059 5105 1215 5159 novis
1269 5103 1499 5158 inventis
1553 5102 1768 5167 litteris,

168 5201 418 5272 singulis
448 5197 781 5270 psalmorum
830 5194 1060 5268 praeﬁxit
1107 5195 1291 5250 titulos
1315 5235 1330 5260 ,
1395 5195 1470 5249 ita
1509 5193 1766 5249 doctrina:

165 5295 362 5367 gratia
403 5290 632 5362 singulis
677 5288 792 5345 fere
843 5289 1226 5358 prophetarum
1267 5286 1558 5357 praeposuit
1585 5285 1768 5354 prolo-

166 5401 296 5456 gos.
360 5381 462 5438 Vel
493 5381 538 5436 si
559 5394 682 5436 eum
717 5381 978 5450 propheta
1019 5377 1378 5448 prteposuisse
1407 5377 1623 5440 dicitur,
1668 5376 1770 5430 hu-

163 5477 442 5533 militatis
479 5475 651 5546 gratia
703 5474 769 5529 de
799 5489 876 5538 se,
917 5473 1072 5543 quasi
1121 5473 1190 5528 de
1217 5473 1322 5528 alio
1376 5472 1634 5542 loquitur.
1677 5471 1768 5527 Sic

165 5569 408 5639 Moyses
433 5565 500 5621 de
531 5580 590 5620 se
634 5564 877 5635 loquens,
911 5564 1066 5634 quasi
1095 5564 1160 5619 de
1183 5563 1289 5618 alio
1319 5561 1570 5618 dicebat:
1603 5561 1768 5616 Locu-

164 5670 262 5716 tus
293 5667 383 5713 est
412 5655 668 5711 Dominus
693 5654 764 5711 ad
805 5653 1041 5726 Moysen,
1093 5655 1306 5709 dicens:
1363 5652 1598 5724 Prwcipe
1645 5654 1770 5723 ﬁliis

1873 4827 1963 4884 Sic
2013 4826 2296 4891 Jeremias,
2343 4821 2529 4888 Verba,
2588 4821 2780 4890 inquit,
2811 4819 3072 4882 Jeremitr,
3121 4818 3210 4888 qui
3264 4816 3364 4887 fuit
3399 4819 3454 4872 in

1869 4917 2226 4973 sacerdotibus
2279 4916 2344 4970 de
2382 4914 2572 4968 Anatot
2611 4911 2756 4983 (Jer.
2797 4925 2845 4974 t,
2895 4908 2978 4978 l).
3017 4907 3107 4963 Sic
3154 4908 3403 4964 Michzeas
3436 4923 3452 4963 :

1882 5009 2106 5065 Verbum
2153 5008 2291 5080 quod
2338 5008 2534 5078 factum
2574 5014 2650 5060 est
2701 5005 2771 5059 ad
2802 5003 3079 5057 Michteam
3107 5003 3180 5074 ‘de
3231 5002 3456 5058 Morasti

1873 5105 2060 5176 (Mich.
2086 5121 2124 5170 ι,
2154 5105 2230 5176 1).
2272 5103 2340 5158 Et
2365 5103 2441 5158 ita
2463 5101 2633 5157 ferme
2659 5099 2920 5170 incipiunt
2942 5113 3131 5155 omnes
3156 5101 3454 5170 propheta'.

1869 5199 1927 5254 ld
1955 5214 2170 5269 quoque
2225 5197 2495 5268 reperitur
2517 5195 2572 5251 in
2636 5193 2786 5250 Novo
2845 5192 3212 5250 Testamento.
3284 5193 3454 5260 Dixit,

1873 5289 2066 5358 inquit,
2095 5287 2382 5358 discipulus
2426 5285 2535 5350 ille,
2567 5301 2717 5356 quem
2777 5283 3024 5356 diligebat
3080 5284 3234 5339 Iesus
3297 5282 3456 5338 Petro

1875 5380 2056 5452 (loau.
2112 5393 2228 5442 xxr,
2293 5375 2369 5449 7).
2449 5375 2581 5431 Tale
2639 5375 2770 5446 quid
2803 5375 2858 5430 in
2895 5374 3190 5445 Apostolo:
3233 5372 3456 5437 Paulus,

1874 5470 2066 5540 inquit,
2129 5484 2304 5524 servus
2335 5468 2464 5522 Iesu
2528 5464 2742 5531 Christi,
2805 5473 2915 5522 etc.
2972 5464 3150 5537 (Rom.
3182 5462 3328 5535 1,1).
3391 5460 3459 5516 Et

1877 5561 2044 5616 multa
2085 5560 2242 5615 nobis
2271 5558 2399 5613 talia
2443 5557 2666 5614 tradunt
2719 5558 2898 5614 divina
2933 5555 3164 5626 eloquia.
3205 5552 3302 5612 Vel
3334 5567 3458 5607 san-

1879 5657 1950 5712 cti
1983 5655 2297 5725 incipientes
2329 5654 2559 5726 gratiam
2604 5651 2860 5708 divinitus
2904 5650 3168 5719 accipere,
3215 5647 3458 5700 sitientes

167 5747 394 5815 Israel,
441 5756 548 5804 etc.
586 5746 758 5817 (Sa'pe
785 5746 1006 5804 inlibris
1279 5745 1424 5806 ιτυ..
1456 5745 1642 5800 Nam).
1685 5745 1776 5804 Sic
1884 5746 2184 5809 supplicant
2248 5745 2550 5811 divinitati,
2603 5744 2662 5801 in
2723 5745 2825 5800 hoc
2888 5741 3119 5796 maxime
3173 5734 3457 5810 prolicien-
