3974 6306
549 297 705 369 ’⁸111

1687 307 1744 363 S.
1777 292 2040 364 JULlANl
2077 299 2381 360 EPISCOPI
2420 295 2764 360 TOLETANI
3663 309 3738 369 ll!

604 429 719 489 tos,
773 429 828 478 et
879 419 1184 490 exemplum
1211 419 1400 490 gratia:
1428 414 1802 488 relinquentes
1851 415 2179 487 posteritati.
2216 420 2257 471 Α
2287 411 2453 468 fmdat
2483 412 2767 476 affectum,
2832 410 3060 468 secunda
3088 411 3376 469 inhonestat
3425 413 3592 482 actum,
3628 421 3738 475 tertia

669 517 728 572 2.
747 515 892 571 Onus
917 515 968 570 Ν
972 513 1197 568 inive.ln
1217 513 1496 570 duodecim
1519 509 1794 582 prophetis
1810 517 2042 578 quatuor
2053 507 2184 563 fuis-

609 622 666 664 se
694 607 923 678 legimus
975 589 1069 678 qui
1103 622 1242 662 onus
1291 605 1342 658 in
1373 605 1486 659 suis
1529 601 1828 674 prophetiis
1847 609 2179 673 posuerunt:

609 697 839 764 Nahum,
872 699 1094 762 scilicet,
1113 697 1381 760 Habacuc,
1412 693 1731 749 Malachiam
1755 701 1810 746 et
1837 691 2178 746 Zachariam.

607 788 849 854 Quorum
896 787 1058 858 primi
1101 795 1212 842 tres
1253 792 1549 856 posuerunt
1595 785 1726 840 illud
1778 785 1832 838 in
1892 783 2178 854 principio.

607 877 904 933 Zacnarias
939 890 1069 932 vero
1097 876 1304 932 duobus
1343 875 1490 938 locis,
1538 874 1596 929 in
1624 873 1729 928 line
1753 873 1976 937 scilicet,
2033 879 2090 928 et
2126 873 2180 926 in

606 969 805 1026 medio.
839 969 981 1023 Dicit
1010 967 1156 1023 enim
1183 967 1236 1020 in
1264 967 1476 1021 medio:
1512 965 1659 1020 Onus
1685 965 1822 1020 verbi
1859 964 2071 1018 Domini
2125 964 2180 1016 in

605 1042 748 1114 terra
771 1057 1042 1123 Hadrach,
1066 1067 1115 1111 et
1139 1056 1384 1110 Damasci
1404 1056 1598 1122 requiei
1622 1055 1736 1125 ejus
1764 1053 1949 1125 (Zach.
1981 1069 2058 1114 IX,
2092 1053 2176 1125 l);

605 1151 659 1205 in
671 1149 779 1204 ﬁne
793 1163 920 1203 vero
937 1148 1018 1204 sic
1035 1165 1047 1200 :
1067 1146 1213 1201 Onus
1225 1146 1362 1200 uerbi
1375 1145 1586 1200 Domini
1599 1161 1756 1215 super
1768 1143 1940 1199 Israel
1957 1144 2076 1209 (xu,
2100 1144 2122 1196 1
2137 1143 2174 1212 ).

604 1239 710 1295 Sed
744 1246 800 1294 et
826 1237 968 1308 apud
993 1237 1188 1292 Isaiam
1243 1237 1496 1292 undecim
1538 1235 1768 1306 legimus
1813 1250 2000 1299 onera,
2063 1235 2180 1289 hac

601 1329 810 1386 scilicet
837 1347 850 1382 :
871 1328 1017 1386 Onus
1031 1327 1335 1399 Babylonis,
1361 1344 1491 1382 onus
1512 1325 1818 1391 Pliilistiim,
1846 1340 1980 1380 onus
1995 1324 2175 1392 Moab,

601 1435 732 1474 onus
755 1418 1025 1484 Damasci,
1050 1434 1180 1473 onus
1203 1415 1436 1488 Egypti,
1467 1433 1599 1472 onus
1626 1416 1816 1471 deserti
1837 1416 2020 1480 maris,
2044 1433 2178 1471 onus

598 1509 794 1575 Duma,
822 1527 954 1564 onus
986 1511 1044 1564 in
1062 1509 1280 1574 Arabia,
1295 1524 1425 1562 onus
1450 1506 1598 1562 vallis
1621 1507 1854 1572 visionis,
1880 1522 2010 1560 onus
2031 1505 2176 1577 Tyri,

599 1617 731 1655 onus
751 1601 1112 1671 jumentorum
1139 1601 1317 1654 Austri
1349 1599 1505 1670 (Isai.
1537 1615 1658 1665 xm,
1691 1599 1876 1681 l;‘xv,
1929 1599 1992 1666 1;
2042 1613 2175 1662 xvu,

599 1691 664 1757 i;
693 1707 809 1757 nx,
835 1691 885 1754 1,
909 1706 1023 1757 ut,
1057 1691 1109 1757 1,
1139 1691 1225 1757 11,
1256 1691 1354 1757 l3;
1397 1707 1532 1756 ml,
1570 1691 1634 1758 i;
1664 1706 1822 1758 xxm,
1846 1690 1869 1742 1
1894 1707 1909 1756 ;
1937 1705 2064 1756 xxx,
2097 1689 2174 1762 6).

596 1796 720 1853 quae
743 1795 811 1835 ex
843 1781 958 1850 ipsa
985 1781 1246 1852 qualitate
1263 1783 1481 1838 numeri
1513 1783 1995 1854 transgressionem
2013 1783 2178 1852 signi-
2209 1766 2254 1826 Β

601 1870 772 1927 ﬁcant
799 1873 1028 1942 peccati.
1066 1873 1124 1927 ln
1153 1873 1376 1929 denario
1414 1889 1648 1944 namque
1695 1882 2088 1945 prmceptorum
2113 1874 2182 1930 si-

607 1969 809 2031 gnatur
840 1963 1150 2018 obedientia
1177 1980 1193 2030 ;
1229 1964 1284 2018 in
1313 1965 1630 2031 undenario,
1657 1965 1749 2034 qui
1779 1965 1955 2035 ipsam
2001 1974 2178 2022 trans-

595 2053 868 2123 greditur,
892 2055 1358 2123 praevaricationis
1385 2056 1613 2110 malitia.
1630 2055 1752 2112 Huc
1777 2056 2019 2122 accedit,
2035 2056 2180 2126 quod

597 2145 849 2200 undecim
895 2160 1022 2216 saga
1075 2147 1291 2204 ciliciua
1313 2149 1464 2214 :ﬁunt
1491 2150 1545 2204 in
1572 2149 1922 2206 tabernaculo
1976 2147 2174 2222 (Exod.

595 2248 746 2302 xxvr,
775 2235 864 2307 7);
899 2238 1044 2307 quod
1071 2239 1322 2295 Salvator
1343 2242 1615 2298 exstincto
1643 2243 1916 2314 proditore
1949 2243 2178 2298 chorum

595 2325 1032 2394 apostolorumin
1055 2328 1157 2384 hoc
1169 2345 1389 2386 manere
1415 2331 1606 2386 noluit.
1633 2331 1782 2388 Onus
1807 2340 1986 2388 autem
2017 2333 2180 2392 mise-

601 2413 700 2468 riae
751 2415 964 2484 pondus
1001 2419 1253 2487 superius
1303 2420 1610 2492 signiﬁcare
1652 2422 1906 2481 diximus.
1967 2423 2180 2485 Clamat

596 2517 730 2560 vero
805 2505 1100 2576 Apostolus
1165 2527 1178 2564 :
1245 2510 1448 2582 Infelix
1525 2532 1618 2586 ego
1675 2517 1852 2586 homo,
1917 2520 2034 2590 quis
2095 2539 2177 2576 me

600 2590 841 2648 liberabit
865 2595 929 2649 de
952 2613 1170 2667 corpore
1195 2601 1566 2672 mortisvltujus
1601 2603 1778 2676 (Rom.
1821 2622 1921 2673 vn,
1959 2607 2078 2682 24).
2112 2609 2177 2666 Si

593 2683 669 2773 ita
683 2692 756 2738 est
777 2685 833 2738 in
858 2687 1012 2740 viridi
1026 2687 1190 2758 ligno,
1213 2691 1339 2760 quid
1360 2691 1448 2760 ﬁet
1469 2695 1524 2748 in
1543 2695 1692 2750 arido
1707 2696 1859 2770 (Luc.
1877 2714 2036 2766 XXIII,
2054 2701 2168 2773 3i).

596 2772 750 2828 Unde
783 2773 1047 2832 Jeremias
1081 2778 1297 2835 ﬁdelem
1343 2783 1640 2841 sollicitans
1663 2789 1898 2844 animam
1929 2791 1996 2845 de
2015 2789 2176 2861 hujus

593 2863 722 2921 vitae
766 2865 1019 2921 miseria:
1055 2867 1118 2924 Si
1145 2870 1200 2924 in
1231 2880 1392 2938 terra,
1434 2873 1628 2944 inquit,
1663 2879 1807 2947 pacis
1855 2896 2039 2934 secura
2070 2897 2175 2935 non

595 2953 781 3046 (ustis,
808 2957 935 3027 quid
965 2958 1129 3028 facies
1151 2961 1206 3015 in
1230 2965 1472 3034 superbia
1497 2966 1750 3024 Iordanis
1781 2970 1914 3043 (Jer.
1946 2987 2047 3039 xu,
2081 2973 2175 3046 5)?

593 3043 667 3099 Et
694 3043 798 3101 Job
833 3047 1012 3102 :Ecce
1038 3051 1130 3120 qui
1156 3053 1385 3108 seruiunt
1431 3057 1478 3110 ei
1520 3073 1625 3112 non
1673 3070 1792 3114 sunt
1843 3063 2076 3131 stabiles,
2117 3043 2170 3120 et

2283 504 2572 558 mortificat
2621 505 2944 575 subjectum.
3001 504 3077 558 De
3111 505 3198 560 bis
3247 506 3408 561 tribus
3447 509 3652 563 oneribus
3674 527 3741 580 per

2283 594 2418 650 Osee
2452 596 2690 650 dicitur:
2726 595 2930 650 Arastis
2974 595 3300 666 impietatem,
3338 599 3584 656 ntessuistis
3607 602 3741 674 iniqui~

2283 695 2457 749 tatem,
2483 687 2776 740 comedistis
2799 685 3026 756 fructum
3050 686 3300 742 mendacii
3324 687 3464 762 (Osee
3501 706 3549 756 ι,
3572 692 3656 763 15).
3672 693 3742 750 lm-

2281 779 2457 848 pietas
2513 779 2776 848 siquidem
2838 789 3042 842 aratur,
3101 780 3309 848 quando
3356 777 3465 850 quis
3512 797 3570 838 ex
3619 786 3744 842 studio

2282 868 2466 922 mundi
2491 869 2783 924 vanitatem
2805 869 3122 936 meditatur;
3144 868 3458 938 iniquitatem
3469 871 3612 937 metit,
3629 887 3744 943 quan-

2283 959 2351 1013 do
2374 973 2440 1012 ex
2467 958 2651 1013 illicita
2676 959 3001 1030 cogitatione
3023 973 3245 1028 pravum
3271 975 3394 1032 opus
3415 962 3619 1035 colligit;
3643 981 3744 1020 men-

2283 1048 2422 1103 dacii
2466 1047 2674 1103 fructus
2702 1047 2955 1113 comedit,
2990 1050 3204 1118 quando
3243 1060 3394 1120 prout
3431 1052 3574 1120 gessit
3599 1053 3641 1106 in
3663 1069 3744 1108 cor-

2281 1155 2430 1211 pore,
2459 1141 2600 1210 apud
2633 1139 2834 1196 inferos
2862 1140 3074 1212 recipit.
3114 1141 3309 1196 Aratur
3341 1141 3516 1212 itaque,
3536 1145 3744 1214 cogitando

2282 1232 2467 1288 illicita
2494 1248 2509 1298 ;
2547 1232 2742 1304 legitur
2777 1232 3051 1302 iniquitas,
3087 1233 3349 1304 operando
3376 1233 3587 1302 nefaria;
3622 1251 3745 1292 come-

2281 1323 2428 1379 ditur
2445 1323 2654 1380 fructus
2701 1323 2838 1394 ejus,
2876 1325 3189 1382 sustinendo
3217 1325 3479 1403 supplicia.

2351 1455 2404 1510 5.
2443 1455 2551 1511 Sed
2597 1455 2703 1512 hoc
2732 1457 2798 1511 de
2845 1456 3084 1512 vanitate
3141 1456 3415 1512 dicendum
3449 1467 3539 1525 est,
3568 1458 3677 1529 quod
3694 1458 3747 1515 illi

2281 1544 2370 1600 alii
2401 1555 2526 1601 sunt
2582 1546 2803 1612 subditi,
2841 1546 2934 1600 alii
2991 1546 3348 1612 collaterales,
3405 1547 3486 1602 alii
3537 1549 3744 1618 suppositi.

2281 1635 2448 1692 Primi
2472 1635 2733 1704 carnales,
2767 1637 2987 1693 secundi
3020 1637 3310 1707 Spiritales,
3344 1638 3474 1692 tertii
3505 1635 3746 1692 intellectus-

2282 1726 2378 1782 les.
2409 1725 2595 1793 Primi,
2632 1742 2888 1782 sensuum
2931 1727 3276 1795 curiositati;
3329 1725 3540 1792 secundi,
3570 1728 3744 1782 humana

2281 1819 2589 1875 necessitati
2618 1836 2634 1887 ;
2671 1818 2818 1874 tertii
2871 1819 3296 1888 contemplanda
3349 1819 3540 1874 student
3573 1817 3741 1872 veritati.

2279 1909 2338 1965 In
2369 1908 2545 1979 primo
2574 1908 2761 1965 ordine
2803 1923 3000 1964 sensus
3043 1909 3351 1964 sordidatur
3387 1918 3437 1963 et
3457 1908 3684 1978 cogitatio;
3709 1907 3744 1961 in

2279 2003 2535 2068 secundo,
2585 2009 2812 2057 ornatur
2844 2001 3089 2068 aﬂ‘ectus,
3133 2008 3188 2057 et
3236 2003 3528 2057 honestatur
3555 2001 3688 2064 actio;
3709 1999 3743 2051 in

2279 2093 2460 2160 tertio,
2507 2092 2826 2149 sublimatur
2853 2092 3212 2160 ‘intellectus,
3268 2101 3322 2148 et
3364 2100 3604 2165 vegetatur
3638 2090 3742 2146 ratio.

2279 2187 2448 2248 Primi
2481 2186 2759 2253 semundo
2793 2192 2988 2268 spenle
3018 2194 3328 2267 subjiciunt,
3362 2197 3558 2252 secundi
3578 2191 3746 2246 nolente

2278 2286 2478 2342 mundo
2527 2288 2789 2354 serviunt,
2850 2288 2998 2343 tertii
3055 2289 3274 2358 penitus
3319 2285 3548 2341 mundum
3586 2281 3746 2351 fugiunt.

2279 2377 2448 2434 Primi
2497 2380 2660 2452 igitur
2692 2389 2820 2436 sunt
2849 2381 3023 2445 brusi,
3057 2379 3280 2436 secundi
3335 2376 3501 2441 activi,
3527 2373 3642 2429 tertii
3663 2385 3748 2426 oon-

2282 2471 2602 2544 templativi.

2349 2585 2402 2642 6.
2442 2585 2548 2642 Sed
2581 2592 2636 2642 et
2669 2585 2736 2642 de
2785 2585 3068 2657 iniquitate
3109 2583 3307 2641 similia
3333 2595 3584 2654 possumus
3609 2577 3749 2633 dicere.

2281 2681 2512 2750 Quidam
2545 2697 2778 2753 namque
2810 2682 3154 2752 iniquitatem
3189 2681 3428 2752 diligunt,
3457 2677 3538 2734 sed
3566 2690 3647 2730 non
3661 2685 3752 2742 pra-

2278 2775 2502 2842 dicant;
2555 2773 2797 2830 nonnulli
2851 2784 2908 2830 et
2952 2774 3204 2846 diligunt,
3270 2782 3322 2829 et
3369 2771 3652 2842 pradicant:
3693 2762 3752 2818 alii

2274 2867 2590 2938 praedicant,
2627 2867 2855 2938 diligunt
2888 2872 2942 2920 et
2984 2865 3299 2921 defendunt.
3345 2863 3470 2918 Tres
3490 2861 3624 2932 igitur
3653 2854 3756 2928 priu-

2275 2957 2477 3028 cipales
2511 2957 2765 3027 iniquitas
2787 2957 2950 3012 habet
2987 2955 3238 3024 species:
3277 2952 3437 3017 nefas,
3460 2950 3624 3013 scelus,
3650 2943 3756 3000 mali-

2278 3049 2431 3104 tiam.
2471 3046 2635 3103 Nefas
2663 3055 2922 3118 quantum
2945 3047 3010 3101 ad
3039 3046 3251 3114 Deum;
3285 3045 3451 3102 scelus
3477 3043 3536 3098 ad
3558 3040 3754 3111 seipsum;

591 3137 648 3190 in
695 3137 895 3209 angelis
923 3141 1033 3196 suis
1059 3145 1246 3214 reperit
1271 3147 1580 3216 prauitatem
1610 3166 1628 3204 :
1659 3163 1853 3222 quanto
1875 3156 2042 3225 magis
2059 3125 2171 3228 iqui
2203 3125 2250 3188 c
2279 3140 2488 3196 malitia
2508 3140 2578 3195 ad
2598 3139 2923 3228 PmXimum'
2955 3136 3166 3228 βίθῖπῆ
3189 3134 3573 3228 δυηίνωωὼηῗ
3589 3136 3756 3228 (mutu.

591 3225 776 3284 domos
825 3231 1064 3286 habitant
1121 3234 1308 3302 luteas,
1365 3239 1454 3310 qui
1518 3249 1781 3298 terrenum
1825 3246 2012 3302 habent
2058 3225 2177 3319 fun-

590 3319 910 3390 damentum,
947 3336 1322 3382 consumantur
1384 3329 1520 3385 velut
1557 3349 1590 3386 a
1641 3336 1782 3390 tinea
1813 3337 1934 3409 (Job
1977 3355 2048 3405 ιν,
2087 3341 2173 3407 18,

591 3411 718 3482 19)⁶ἳ
766 3411 918 3469 Sicut
953 3430 1082 3486 ergo
1119 3417 1172 3472 in
1195 3419 1376 3476 ἀιγίιιο
1405 3421 1620 3493 eloquio
1675 3429 1886 3483 cantica
1917 3429 2178 3500 simplici-

591 3510 692 3568 ter,
747 3514 802 3560 et
845 3505 1066 3564 Cantica
1094 3512 1428 3570 canticorum
1475 3532 1576 3587 pro
1631 3520 1920 3578 ineﬂ‘abilis
1973 3523 2176 3582 laetitiae

591 3592 988 3667 immensitate;
1021 3609 1076 3656 et
1125 3605 1321 3659 saecula
1367 3621 1466 3677 per
1495 3625 1570 3673 se,
1619 3620 1674 3666 et
1709 3613 1906 3669 saecula
1953 3617 2177 3673 saeculo-

587 3697 728 3748 rum,
757 3701 856 3756 pro
886 3690 1045 3758 spatii
1073 3695 1402 3762 :eternitate;
1427 3706 1481 3752 et
1517 3699 1803 3756 sabbatum
1841 3703 2174 3775 simpliciter,

587 3776 973 3867 ethsabbatum
1020 3782 1368 3841 sabbatorum
1421 3803 1520 3858 pro
1563 3793 1940 3852 secretissimae
1981 3799 2179 3867 quietis

585 3863 872 3935 ﬁlicitate;
901 3877 956 3924 et
975 3885 1138 3940 opera
1183 3875 1468 3946 simplicia,
1505 3890 1560 3936 et
1591 3897 1754 3952 opera
1804 3863 2030 3955 operum
2079 3904 2178 3958 pro

587 3960 894 4015 Veneranda
943 3977 1010 4019 ac
1043 3967 1272 4036 mystica
1321 3970 1622 4040 dignitate:
1667 3975 1744 4030 ita
1790 3987 2016 4046 possunt
2071 3980 2178 4036 dici

587 4049 904 4120 simpliciter
937 4069 1102 4111 onera
1138 4059 1346 4129 singula
1375 4063 1622 4133 crimina,
1655 4066 1739 4122 vel
1765 4069 1974 4139 singula
2011 4071 2180 4127 tribu-

586 4139 847 4199 lationum
879 4161 1106 4218 genera;
1144 4165 1311 4206 onera
1335 4169 1463 4209 vero
1502 4171 1748 4224 onerum,
1782 4160 2061 4230 culparum
2095 4163 2180 4219 vel

587 4233 998 4292 tribulationum
1031 4240 1368 4300 immensitas
1394 4247 1578 4302 nimia.

656 4324 712 4379 5.
756 4326 883 4383 Tria
905 4329 1072 4398 igitur
1101 4341 1226 4388 sunt
1273 4350 1499 4392 onerum
1539 4354 1725 4396 onera.
1787 4343 2031 4410 Vanitas,
2077 4345 2179 4401 ini—

583 4416 782 4508 quitas,
818 4420 1116 4479 calamitas.
1157 4427 1384 4484 Vanitas
1426 4433 1629 4498 mundi,
1679 4435 1934 4505 iniquitas
1981 4439 2168 4508 animi,

584 4506 866 4599 calamitas
889 4513 1024 4567 orci.
1054 4515 1290 4599 _Vanitas
1327 4528 1510 4585 cecat,
1559 4521 1814 4592 iniquitas
1843 4506 2168 4596 prmcipitat,

583 4595 864 4654 calamitas
895 4595 1122 4659 cruciat.
1161 4606 1386 4664 Vanitas
1422 4611 1608 4690 mupdi
1663 4614 1966 4670 caelestium
1989 4595 2173 4674 aufert.

582 4691 1126 4763 contemplationem;
1169 4697 1429 4768 iniquitas
1472 4703 1658 4770 animi,
1713 4705 1809 4760 Dei
1836 4716 1891 4762 et
1931 4710 2171 4777 proximi

2279 3229 2494 3296 uendo;
2563 3227 2796 3292 scelesti,
2890 3227 3096 3296 seipsos
3145 3227 3201 3283 in
3240 3229 3371 3285 vitia
3427 3215 3754 3296 praecipitando;

2277 3321 2556 3384 malitiosi,
2607 3319 2884 3390 proximos
2940 3319 3356 3389 corrumpendo.
3445 3315 3625 3370 Primus
3669 3305 3758 3362 ordo

2277 3427 2466 3469 eorum
2490 3419 2573 3468 est
2596 3426 2817 3482 quorum
2853 3409 2996 3464 Deus
3019 3419 3194 3466 venter
3217 3419 3313 3476 est,
3337 3419 3383 3464 et
3407 3409 3561 3480 glona
3576 3400 3759 3477 (Philipp.

2278 3519 2362 3566 ιιι,
2399 3501 2518 3572 19);
2574 3501 2839 3556 secundus
2881 3513 3087 3563 eorum,
3116 3501 3213 3570 qui
3246 3508 3450 3571 peccata
3472 3513 3558 3552 sua
3577 3490 3760 3566 pradice-

2278 3600 2460 3648 tterunt
2508 3591 2643 3645 sicut
2671 3589 2903 3646 Sodoma
2958 3589 3113 3660 (Isai.
3165 3607 3248 3656 ιιι,
3281 3589 3375 3662 9);
3427 3587 3594 3644 tertius
3631 3591 3760 3638 eorum

2277 3683 2371 3752 qui
2406 3680 2534 3738 facti
2568 3689 2692 3736 sunt
2739 3681 2889 3752 quasi
2920 3690 3069 3734 scuta
3115 3680 3300 3751 fusilia
3335 3680 3451 3753 (Job
3483 3693 3577 3742 xu,
3602 3674 3660 3746 6).
3683 3670 3763 3724 Pri-

2278 3789 2402 3830 mus
2459 3789 2648 3829 eorum
2704 3773 2798 3843 qui
2831 3770 3176 3842 proiecerunt
3233 3772 3290 3828 in
3343 3779 3480 3828 terra
3524 3767 3675 3824 intima
3697 3774 3762 3816 nu

2280 3865 2471 3938 (Eccli.
2508 3881 2561 3932 χ,
2586 3863 2716 3937 10);
2767 3865 3038 3922 secundus
3071 3880 3263 3921 eorum
3314 3866 3406 3937 qui
3447 3856 3764 3921 dicuntzibro-

2278 3975 2461 4014 nemus
2495 3975 2588 4012 nos
2637 3958 2772 4012 rosis
2807 3967 3087 4028 antequam
3146 3967 3500 4022 marcescant;
3550 3954 3640 4007 hac
3669 3945 3762 4002 enim

2278 4063 2394 4103 sors
2425 4057 2473 4102 et
2499 4047 2778 4102 hcereditas
2807 4056 2985 4102 nostra
3022 4046 3179 4118 (Sap.
3228 4063 3288 4113 ιι,
3317 4049 3369 4112 8,
3404 4047 3493 4118 9);
3538 4040 3764 4099 tertiusea

2277 4155 2402 4195 rum
2438 4139 2530 4210 qui
2555 4139 2781 4194 dicunt:
2837 4137 2935 4193 Via
2960 4137 3175 4193 Domini
3224 4157 3328 4195 non
3371 4149 3442 4194 est
3463 4153 3593 4209 aqua
3611 4127 3762 4206 (Eucl-

2281 4245 2438 4294 xvm,
2464 4229 2579 4300 25).
2604 4228 2785 4285 Primo
2807 4230 2972 4301 igitur
2994 4239 3257 4300 peccatur
3283 4233 3338 4286 in
3366 4230 3580 4292 Patrem,
3601 4220 3766 4282 sectme

2283 4322 2338 4377 in
2369 4322 2583 4389 Filium,
2619 4323 2780 4378 tertio
2816 4323 2870 4378 in
2925 4322 3186 4393 Spiritum
3237 4335 3496 4380 sanctum.
3528 4321 3579 4376 ln
3597 4320 3762 4374 Patrem.

2291 4417 2498 4487 agendo
2541 4424 2730 4473 contra
2771 4413 2887 4484 ejus
2917 4416 3290 4484 voluntatem;
3342 4417 3396 4473 in
3427 4417 3612 4477 Filium,
3636 4417 3765 4467 contra

2279 4510 2424 4565 illius
2475 4507 2870 4572 humilitatem;
2923 4507 2978 4562 in
3021 4505 3288 4578 Spiritum
3343 4518 3592 4574 sanctum,
3636 4508 3764 4558 contra

2276 4603 2445 4674 ipsius
2483 4601 2827 4658 charitatem.

2343 4716 2394 4770 7.
2445 4715 2737 4772 Calamitas
2761 4729 2976 4786 quoque
3031 4717 3198 4773 habet
3248 4726 3360 4774 tres
3410 4716 3613 4788 species.
3642 4706 3764 4766 Prima

581 4783 956 4878 dilectionem;
1023 4789 1304 4848 calamitas
1354 4796 1567 4862 tartari,
1635 4797 1886 4854 allectum
1937 4801 2064 4856 boni
2109 4809 2172 4858 et
2269 4815 2354 4862 est
2379 4806 2682 4862 amaritudo
2729 4783 3092 4873 conscientiae,
3143 4811 3380 4866 secunda
3403 4783 3570 4866 odium
3587 4799 3765 4878 institit.

581 4875 748 4968 animi
791 4879 1149 4939 devotionem.
1219 4885 1442 4942 Vanitas
1484 4891 1670 4944 mundi
1707 4890 1838 4948 facit
1865 4894 2165 4962 vitiosum;
2270 4899 2430 4954 tertia
2467 4897 2768 4966 desperatio
2821 4899 3010 4954 venias.
3042 4898 3226 4955 Primo
3261 4901 3464 4966 miseri,
3494 4875 3604 4968 quia
3625 4901 3768 4948 remor-

582 4965 839 5061 iniquitas
869 4974 1035 5030 animi
1061 4977 1234 5032 reddit
1259 4979 1504 5034 odiosum
1529 4997 1544 5048 ;
1578 4983 1858 5040 calamitas
1887 4987 2176 5059 orci,'sup-
2271 4989 2361 5044 det
2381 4965 2711 5044 conscientia
2737 5005 2753 5055 ;
2813 4989 3050 5045 secundo
3091 4990 3422 5056 miseriores,
3451 4965 3566 5061 quia
3591 4979 3768 5054 displial

581 5059 886 5130 pliciosum.
928 5067 1152 5124 Vanitas
1173 5068 1304 5126 facit
1345 5072 1650 5142 incestum;
1690 5077 1946 5148 iniquitas
1989 5081 2166 5138 reddit
2263 5077 2471 5148 iustitia
2503 5096 2518 5145 ;
2557 5079 2738 5145 tertio,
2775 5079 2901 5148 quia
2931 5080 3100 5136 venias
3147 5081 3295 5136 nulla
3343 5059 3509 5137 restat
3539 5068 3768 5134 clementia-

581 5149 878 5220 inl‘estum;
925 5158 1225 5228 calamitas,
1276 5173 1536 5234 perpetuo
1590 5177 1862 5225 moestum.
1941 5171 2164 5230 Vanitas

581 5237 854 5332 deprimit,
891 5247 1148 5316 iniquitas
1180 5263 1388 5322 curvat,
1419 5255 1700 5314 calamitas
1725 5257 1944 5332 frangit.
2175 5323 2179 5326 .

648 5328 704 5384 4.
744 5331 842 5387 Est
889 5336 1054 5392 etiam
1099 5340 1246 5396 aliud
1275 5345 1419 5414 quod
1469 5347 1534 5403 de
1569 5348 1654 5404 his
1697 5328 1952 5405 oneribus
1985 5351 2172 5408 dicere

580 5436 902 5494 possumus,
953 5430 1080 5498 quia
1138 5433 1343 5488 scilicet
1403 5435 1548 5492 aliud
1591 5447 1838 5507 portatur
1883 5441 1936 5494 in
1961 5443 2163 5512 capitre,

581 5513 725 5571 aliud
752 5515 808 5571 in
830 5518 1088 5587 brachiis,
1123 5523 1266 5578 aliud
1297 5525 1351 5580 in
1399 5525 1660 5584 humeris.
1701 5528 1850 5586 Onus
1873 5531 1925 5587 in
1961 5534 2166 5602 capite,

581 5609 794 5665 vanitas
847 5611 900 5666 in
969 5625 1184 5682 mente;
1236 5633 1375 5673 onus
1407 5620 1460 5674 in
1517 5621 1775 5690 brachiis,
1814 5599 2080 5695 iniquitas
2114 5627 2168 5682 in

583 5716 747 5770 opere
773 5721 787 5770 ;
821 5721 960 5761 onus
995 5707 1048 5762 in
1073 5707 1330 5779 humeris,
1369 5711 1654 5770 calamitas
1676 5716 1955 5785 gehenntc.
1981 5715 2166 5776 Prima

2271 5170 2406 5239 Quia
2434 5185 2563 5241 ergo
2606 5171 2901 5226 vanitatem
2925 5172 3132 5238 mundi,
3161 5173 3497 5243 iniquitatem
3535 5164 3688 5229 animi,
3711 5171 3772 5214 οι·

2270 5258 2566 5314 lamitatem
2622 5259 2818 5314 tartari
2879 5261 3124 5330 superius
3157 5277 3324 5318 onera
3377 5261 3610 5323 diximus,
3654 5250 3772 5306 κραδί

2269 5349 2425 5406 nobis
2462 5365 2706 5420 qumrere
2734 5349 2838 5404 alia
2871 5367 3101 5422 quorum
3128 5352 3233 5408 ista
3281 5353 3607 5408 dominantur
3639 5349 3772 5398 onera-

2270 5441 2419 5498 lsaim
2444 5458 2574 5498 vero
2617 5445 2868 5515 superius
2891 5444 3140 5500 undecim
3186 5428 3350 5502 onera
3400 5442 3667 5515 posuimus,
3691 5440 3774 5500 ιιιιω

2267 5533 2526 5587 vitiorum
2579 5535 2828 5591 undecim
2879 5535 3182 5606 signiﬁcant
3232 5551 3447 5608 genera,
3496 5540 3549 5589 et
3587 5519 3774 5584 undatim

2268 5628 2608 5699 negotiorum
2647 5628 2956 5700 exprimunt
2996 5643 3183 5686 onera.
3215 5629 3296 5688 Ac
3321 5631 3550 5704 primum
3574 5625 3632 5682 de

2267 5721 2463 5779 deinde
2493 5722 2824 5780 disseramus
2843 5722 2912 5781 de
2931 5724 3181 5794 negotiis.
