3974 6306
170 374 281 435 ’113

1209 372 1564 436 COMMENT.
1593 370 1663 433 ΙΝ
1699 370 1947 434 NAHUM
1982 370 2425 435 PROPHETAM.

3345 374 3460 442 7M

239 495 297 550 8.
337 492 398 549 lt.
439 506 606 550 onere
627 490 915 565 Babylonis
958 494 1226 564 pnecipue
1252 503 1469 553 notatur
1496 496 1765 570 superbia.
1795 499 1845 555 Α
1874 492 2134 559 Primum,
2160 491 2568 562 occupationem
2604 489 2931 547 exteriorum
2956 508 2971 559 ;
2998 494 3315 558 secundum,
3347 498 3458 556 soi-

170 587 227 643 lu
256 586 436 653 Moab,
463 585 763 658 indignatio
794 587 1029 642 maxime
1055 596 1111 643 et
1140 589 1470 660 arrogantia;
1503 595 1558 646 in
1595 589 1765 646 Phili-

169 679 343 745 stiim,
381 678 658 751 sigillatim
700 694 957 736 sensuum
993 694 1157 751 prava
1195 682 1519 751 curiositas;
1567 684 1625 739 in
1660 684 1765 739 Da.

168 771 362 837 nasci,
379 785 635 843 expressa
658 772 956 845 rapacitas;
986 773 1039 829 in
1061 771 1303 846 Egypti,
1324 776 1546 832 omnino
1572 792 1766 847 crapu-

169 865 220 920 la
263 872 324 921 et
355 865 631 933 ebrietas;
669 866 725 921 in
756 867 953 922 deserti
981 868 1167 935 maris,
1204 870 1594 943 singularitatis
1633 886 1767 942 prte-

168 957 447 1027 sumptio;
490 957 545 1012 in
593 957 783 1025 Duma,
838 959 1191 1029 superstitio;
1240 960 1294 1015 iu
1335 960 1578 1027 Arabiae,
1640 962 1765 1019 licta

169 1048 422 1114 dilectio;
481 1048 540 1104 in
592 1048 749 1104 vallis
791 1049 1035 1117 visionis,
1085 1051 1252 1106 animi
1315 1054 1637 1119 excaecatio;
1672 1054 1765 1129 ,in

168 1144 319 1215 Tyri,
357 1143 623 1214 iactantia
655 1142 934 1208 vitiorum,
975 1152 1031 1199 et
1071 1144 1265 1212 elatio;
1310 1147 1363 1200 in
1391 1143 1765 1215 iumentorum

167 1238 389 1304 Austri,
430 1237 708 1309 religionis
740 1236 1063 1307 exprimitur
1111 1237 1414 1293 dissolutio.
1466 1236 1594 1293 Haec
1637 1253 1767 1310 ergo

167 1328 425 1384 Vitiorum
452 1335 579 1383 sunt
601 1342 819 1400 genera,
842 1342 987 1383 nunc
1007 1328 1400 1398 subsequenter
1425 1328 1766 1400 negotiorum

167 1428 444 1491 ponantur
461 1434 650 1475 onera.

232 1514 290 1569 9.
336 1513 543 1569 Horum
596 1511 832 1583 primum
867 1511 1086 1582 quidem
1136 1520 1221 1568 est
1267 1511 1521 1567 mandata
1580 1509 1768 1586 [Forte

168 1605 469 1679 mundana]
521 1604 799 1677 potentia;
857 1603 1182 1671 secundum,
1235 1604 1451 1660 ethnica
1500 1604 1763 1671 scientia;

169 1699 414 1763 tertium,
451 1698 646 1753 canina
674 1695 961 1763 facundia;
992 1704 1266 1767 quartum,
1299 1695 1520 1752 claritas
1551 1695 1769 1766 sangui-

168 1790 293 1857 nis;
335 1790 605 1860 quintum,
646 1797 902 1844 venustas
931 1787 1207 1858 corporis;
1246 1796 1482 1853 sextum,
1512 1787 1767 1842 honestas

169 1858 454 1953 coniugis;
510 1880 819 1951 septimum,
873 1879 1150 1949 exemplar
1197 1877 1437 1945 sobolis;
1487 1886 1761 1943 octavum,
1795 1858 1843 1919 Β

170 1973 303 2028 ﬁdes
330 1972 630 2029 amicorum
654 1989 670 2039 ;
701 1987 925 2039 nonum,
955 1970 1176 2027 humilis
1201 1969 1489 2041 ohsequela
1528 1971 1770 2026 subdito-

170 2081 290 2122 rum
308 2083 325 2133 ;
346 2065 639 2131 decimum,
665 2064 1041 2135 temporalium
1061 2063 1337 2119 afﬂuentia
1360 2078 1374 2128 ;
1401 2063 1766 2129 undecimum,

171 2160 419 2216 omnium
464 2155 816 2229 praefatorum
855 2157 1127 2228 possessio
1163 2154 1366 2225 quieta.
1408 2153 1483 2209 De
1519 2153 1603 2209 his
1639 2168 1770 2209 vero

170 2248 340 2305 latius
367 2249 632 2304 disserere
666 2246 723 2301 in
776 2246 1051 2317 prmsenti,
1089 2261 1197 2301 non
1235 2243 1336 2299 fuit
1370 2243 1618 2311 consilii;
1665 2244 1770 2300 hoc

171 2341 322 2395 enim
373 2348 623 2407 tractare,
673 2337 898 2394 alterius
942 2345 1061 2392 crat
1115 2336 1337 2407 negotii.
1401 2335 1537 2391 Esse
1586 2342 1767 2390 autem

168 2447 361 2499 onera,
390 2432 676 2487 ostendere
700 2431 787 2485 his
821 2430 1071 2499 relinquo
1107 2428 1199 2500 qui
1234 2439 1553 2499 premuntur
1580 2442 1764 2482 onere.

172 2523 401 2580 Vanitas
445 2522 609 2594 igitur
642 2522 900 2593 negotiis,
942 2520 1201 2590 iniquitas
1241 2519 1560 2590 supponitur
1596 2518 1766 2584 vitiis,

168 2616 456 2672 calamitas
492 2617 750 2687 gehennae
781 2612 1079 2684 suppliciis.
1108 2611 1261 2669 Unde
1287 2612 1416 2683 quia
1453 2610 1542 2666 illa
1579 2611 1767 2666 dicun-

172 2718 262 2765 tur
304 2719 365 2765 et
392 2717 522 2765 sunt
552 2723 741 2775 onera,
786 2707 892 2763 ista
919 2720 1029 2761 non
1068 2704 1339 2761 immerito
1367 2719 1593 2760 onerum
1627 2718 1768 2758 nun-

169 2816 444 2881 cupantur
471 2818 659 2860 onera.
705 2800 862 2869 Quod
889 2799 1103 2855 vanitas
1132 2813 1232 2855 suo
1267 2798 1465 2854 multos
1505 2797 1771 2868 deprimat

168 2913 355 2962 onere,
407 2902 641 2952 testatur
674 2890 966 2963 Apostolus
1005 2889 1229 2946 dicens:
1264 2887 1519 2953 Vanitati,
1574 2888 1767 2958 inquit,

169 2999 421 3044 uentura
458 2985 694 3056 subjecta
726 2991 819 3048 est,
856 2997 960 3037 non
990 2979 1162 3035 volens
1198 2978 1377 3052 (Rom.
1410 2994 1526 3043 vui,
1556 2977 1670 3049 20).
1711 2977 1770 3032 ln

169 3082 388 3152 psalmo
410 3092 541 3133 vero
567 3075 763 3155 legitur
783 3074 853 3131 de
876 3073 1179 3143 iniquitatis
1214 3086 1399 3128 onere.
1436 3071 1766 3144 Iniquitates,

1865 584 2197 641 licitudinem
2234 600 2478 651 morum;
2511 584 2751 651 tertium,
2776 584 3123 642 tolerantiam
3149 587 3455 648 incommo-

1864 679 2077 734 dorum.
2124 677 2307 733 Primo
2356 676 2695 733 subditorum
2742 677 2940 734 militat
2983 680 3335 749 necessitati;
3368 697 3457 738 ser

1865 769 2042 827 eundo
2054 784 2264 826 morum
2284 771 2533 840 providet
2546 770 2781 826 castitati
2800 788 2814 839 ;
2842 772 3025 840 tertio,
3043 774 3457 844 proutexpedit,

1864 864 2105 919 occurrit
2138 863 2222 919 vel
2246 863 2513 935 supplicat
2542 863 2878 920 adversitati.
2931 865 3028 921 Vel
3069 865 3327 936 primum,
3360 883 3459 925 ne-

1864 956 2068 1027 gotium
2114 956 2336 1023 mundi;
2368 954 2683 1024 secundum,
2730 958 3142 1029 circumspectio
3185 959 3303 1027 sui;
3345 968 3460 1015 ter-

1868 1049 2021 1116 tium,
2053 1048 2360 1104 sollicitudo
2383 1048 2637 1120 proximi.
2670 1047 3018 1105 Necessarius
3041 1048 3203 1105 estin
3233 1050 3412 1120 primo
3436 1067 3453 1119 ;

1865 1141 2126 1198 honestus
2150 1140 2202 1195 in
2227 1141 2498 1203 secundo;
2527 1139 2677 1196 utilis
2699 1140 2752 1194 in
2779 1141 2962 1196 tertio.
2993 1139 3365 1208 Necessarius,
3389 1156 3461 1197 ne

1866 1233 2220 1290 immoderate
2230 1233 2500 1304 superﬂua
2515 1242 2729 1305 appetat
2748 1251 2761 1300 ;
2779 1235 3057 1299 honestus,
3074 1250 3142 1291 ne
3152 1233 3461 1291 ell'eminate

1864 1325 2098 1381 vivendo
2118 1324 2346 1385 aliorum
2368 1340 2547 1380 mores
2562 1334 2903 1396 corrumpat;
2920 1325 3087 1391 utilis,
3105 1333 3375 1397 quatenus
3386 1326 3459 1381 ad

1866 1415 2101 1481 veniam,
2118 1415 2184 1471 ad
2199 1414 2449 1485 gratiam,
2467 1416 2536 1470 ad
2548 1415 2775 1486 gloriam
2795 1416 3038 1472 subditos
3050 1417 3336 1487 pnecedat.
3351 1415 3458 1473 Ne-

1867 1508 2312 1580 cessariusigitur
2322 1510 2450 1574 vita,
2468 1509 2727 1565 honestus
2741 1509 2902 1576 fama,
2916 1511 3063 1566 utilis
3074 1509 3340 1567 doctrina.
3356 1512 3463 1568 Ho-

1868 1608 2057 1655 nestus
2071 1599 2339 1670 exemplo,
2356 1600 2504 1656 utilis
2516 1600 2762 1666 consilio,
2778 1602 3117 1658 necessarius
3132 1603 3458 1659 ministerio.

1939 1688 2026 1744 12.
2067 1689 2277 1760 Religio
2321 1706 2536 1761 quoque
2578 1693 2632 1747 in
2679 1692 2851 1748 tribus
2887 1701 3098 1749 constat
3131 1711 3145 1748 :
3180 1694 3235 1749 in
3279 1694 3462 1750 carnis

1868 1782 2077 1838 scilicet
2096 1783 2532 1851 mortilicatione,
2557 1785 2611 1841 in
2633 1785 2800 1841 animi
2822 1785 3123 1851 devotione,
3148 1787 3203 1841 in
3227 1788 3462 1857 proximi

1870 1875 2261 1945 compassione.
2292 1875 2431 1931 Hinc
2452 1889 2551 1947 per
2576 1874 2837 1933 Iacobum
2863 1878 3165 1948 apostolum
3191 1898 3205 1933 :
3235 1879 3461 1950 Religio,

1869 1965 2062 2037 inquit,
2102 1968 2300 2023 munda
2334 1979 2381 2025 et
2419 1970 2758 2026 immaculata
2784 1972 2895 2026 haec
2939 1981 3014 2027 est
3045 1988 3063 2026 :
3099 1969 3324 2027 Visitare
3362 1988 3464 2042 pu—

1868 2056 2023 2129 pillos
2064 2068 2113 2113 et
2160 2061 2343 2117 viduas
2378 2063 2435 2115 in
2472 2061 2810 2117 tribulatione
2857 2078 3071 2127 eorum,
3111 2074 3159 2117 et
3208 2064 3465 2116 immacu-

1869 2149 2036 2205 latum
2072 2168 2127 2207 se
2161 2153 2423 2208 custodire
2462 2154 2526 2208 ab
2557 2153 2655 2209 hoc
2688 2152 2880 2209 swculo
2920 2154 3061 2227 (Jac.
3095 2170 3136 2221 ι,
3170 2153 3282 2226 27).
3326 2154 3468 2210 Visi-

1870 2240 2132 2298 tationcm
2171 2241 2413 2299 referens
2460 2243 2528 2299 ad
2570 2244 2803 2313 proximi
2847 2245 3317 2315 compassionem;
3363 2246 3467 2299 im-

1870 2333 2196 2390 maculatam
2225 2333 2557 2400 custodiam,
2592 2334 2661 2391 ad
2688 2336 2870 2391 carnis
2903 2337 3373 2401 mortificationem
3408 2346 3466 2393 et

1870 2424 2037 2479 animi
2096 2425 2454 2481 devotionem.
2498 2425 2651 2494 Quod
2698 2427 2863 2481 etiam
2901 2427 3149 2484 Salvator
3190 2430 3245 2484 in
3284 2429 3467 2485 Even-

1870 2513 2011 2585 gelio
2060 2514 2276 2588 (Matth.
2327 2532 2401 2582 vr,
2437 2515 2473 2570 ‘2
2508 2517 2639 2591 seq.)
2678 2519 2955 2575 evidenter
3004 2520 3207 2588 docuit,
3257 2522 3349 2577 ubi
3399 2522 3467 2578 de

1872 2605 2132 2677 religione
2162 2607 2451 2674 disserens,
2487 2610 2553 2666 de
2578 2609 2939 2683 eleemosyna,
2968 2614 3234 2679 oratione,
3258 2612 3465 2683 jejunio

1868 2696 2120 2754 faciendo
2167 2699 2460 2770 discipulos
2504 2703 2714 2757 monuit
2749 2701 3057 2772 :ieiunium
3106 2705 3347 2761 referens
3394 2708 3465 2762 ad

1871 2790 2052 2846 carnis
2096 2791 2607 2861 mortificationem;
2646 2793 3067 2866 eleemosynam,
3118 2796 3187 2851 ad
3229 2796 3468 2867 proximi

1872 2886 2331 2956 compassioaem;
2360 2888 2683 2953 orationem,
2705 2903 2809 2944 non
2832 2889 2900 2945 ad
2930 2889 3124 2961 linguai
3156 2890 3464 2960 strepitum,

1871 2980 1967 3035 sed
1990 2980 2058 3034 ad
2078 2979 2245 3035 animi
2265 2980 2627 3038 devotionem.
2652 2981 2751 3037 Vel
2771 2983 3007 3053 primum
3028 2992 3112 3039 est
3137 2983 3469 3040 abstinentia

1873 3073 1999 3128 mali
2025 3090 2039 3139 ;
2072 3073 2387 3141 secundum,
2417 3072 2700 3146 ﬂagrantia
2724 3076 2852 3131 boni
2878 3093 2894 3143 ;
2928 3074 3167 3143 tertium,
3194 3075 3467 3147 purificati

171 3173 372 3242 inquit,
413 3181 762 3241 supergressi:
804 3175 926 3221 sunt
965 3173 1123 3237 caput
1159 3181 1353 3232 meum,
1388 3174 1438 3220 et
1470 3164 1603 3220 sicut
1636 3181 1768 3220 onus
1799 3228 1842 3242 Α
1874 3167 2040 3222 animi
2066 3166 2274 3223 lmtitia.
2746 3218 2753 3229 ,

170 3228 596 3335 graue-gratia“;
617 3271 739 3314 sunt
766 3273 923 3329 super
948 3228 1041 3312 me.
1075 3255 1248 3327 (Psal.
1281 3228 1489 3322 xxxvii,
1541 3256 1620 3329 5).
1669 3254 1771 3312 Ca-
1794 3228 1844 3292 c
1947 3259 2035 3315 l3.
2087 3259 2402 3316 Dilectionis
2444 3272 2576 3316 vero
2619 3261 2723 3316 tria
2750 3228 2897 3317 sunt
2940 3277 3103 3318 onera
3147 3280 3160 3316 :
3199 3260 3466 3333 siquidem

172 3356 395 3411 lamitas
417 3367 633 3425 quoque
662 3353 923 3425 gehennae
955 3351 1261 3408 miserrime
1288 3361 1564 3423 aggravat,
1608 3367 1771 3422 quam

173 3446 436 3502 Salvator
454 3445 512 3500 in
542 3445 679 3500 Isaia
702 3445 942 3500 torcular
963 3453 1235 3515 nuncupat
1268 3445 1452 3501 dicens
1477 3462 1489 3498 :
1518 3443 1776 3499 Torcular

172 3538 373 3594 calcari
396 3536 544 3592 solus
571 3535 727 3607 (Isai.
757 3550 913 3600 mu,
943 3535 1021 3607 3).
1049 3534 1127 3589 De
1146 3535 1323 3604 prima
1348 3534 1544 3605 legitur
1576 3535 1631 3590 in
1665 3533 1772 3591 Ec-

172 3628 433 3685 clesiaste
456 3644 470 3682 :
510 3625 724 3682 Vanitas
745 3627 1031 3682 sanitatum
1059 3635 1106 3680 et
1142 3625 1319 3679 omnia
1340 3624 1543 3678 uanitas
1571 3621 1770 3696 (Eccle.

173 3738 211 3788 ι,
237 3723 334 3795 2);
366 3722 442 3777 de
461 3721 696 3776 secunda
724 3721 778 3774 in
806 3719 1066 3776 Zacharia
1093 3737 1106 3773 :
1131 3719 1304 3791 Super
1323 3718 1576 3774 talentum
1598 3718 1773 3791 plum-

170 3814 221 3868 bi
242 3815 391 3869 sedet
410 3814 660 3884 iniquitas
685 3811 872 3885 (Zach.
900 3829 949 3879 v,
978 3812 1029 3877 7,
1056 3813 1149 3883 8);
1180 3813 1245 3869 de
1274 3813 1431 3868 tertia
1452 3813 1507 3868 in
1521 3815 1769 3885 psalmo:

170 3901 440 3959 Contritio
462 3905 523 3958 in
555 3905 651 3959 viis
689 3919 891 3971 eorum,
930 3910 979 3958 et
1015 3904 1296 3974 infelicitas
1336 3903 1509 3975 (Psal.
1541 3922 1663 3972 xm,
1691 3905 1771 3975 3).

171 3994 357 4051 Grave
392 3995 564 4065 igitur
589 3994 781 4065 iugum
819 4009 981 4066 super
1017 3996 1158 4053 lilios
1196 3995 1366 4053 Adam
1404 4012 1437 4052 a
1477 3998 1564 4053 die
1593 3997 1774 4054 exitus

171 4087 371 4143 aratris
415 4101 587 4157 usque
629 4088 685 4142 in
720 4087 862 4143 diem
907 4088 1233 4145 reversionis
1280 4089 1336 4144 in
1377 4090 1549 4160 ipsam
1579 4090 1771 4164 (Eccli.

170 4194 260 4243 ιι,
294 4179 376 4251 1),
405 4179 623 4248 quando
648 4180 716 4234 de
738 4179 977 4235 vanitate
1003 4180 1073 4235 ad
1098 4180 1458 4250 iniquitatem,
1486 4181 1552 4238 de
1577 4183 1775 4255 iniqui-

170 4282 285 4328 tate
314 4282 607 4328 transeunt
626 4274 696 4329 ad
715 4273 1101 4330 calamitatem.
1128 4273 1266 4330 Sunt
1285 4290 1501 4345 quoque
1516 4276 1622 4332 alia
1637 4292 1774 4334 one-

170 4385 229 4423 ra
264 4368 518 4440 praefatis
552 4369 710 4437 longe
736 4365 1022 4423 dissimilia

240 4464 336 4517 iu.
375 4461 603 4516 Etenim
630 4460 867 4531 primum
895 4458 1332 4530 dispensationis,
1360 4461 1656 4517 secundum
1682 4477 1771 4518 re-

1873 3349 2021 3406 aliud
2046 3365 2078 3405 a
2112 3351 2268 3408 nobis
2311 3352 2548 3424 exigitur
2577 3368 2609 3408 a
2644 3355 2911 3423 proximo,
2959 3354 3104 3410 aliud
3144 3354 3214 3409 ab
3246 3354 3463 3425 angelo,

1873 3443 2020 3500 aliud
2044 3461 2076 3501 a
2098 3445 2228 3503 Deo.
2273 3445 2561 3504 Proximus
2581 3465 2614 3504 a
2636 3450 2790 3505 nobis
2811 3451 2979 3521 exigit
3000 3451 3352 3508 humanitatis
3370 3454 3470 3509 ob-

1874 3536 2096 3607 sequia;
2128 3537 2370 3608 angelus,
2402 3538 2730 3595 sinceritatis
2755 3540 3056 3608 desideria;
3085 3542 3248 3608 Deus,
3287 3545 3470 3600 studia

1873 3627 2021 3684 omni
2066 3628 2266 3685 virtute
2305 3629 2582 3702 ﬂagrantia
2604 3672 2618 3698 ,
2663 3633 2810 3688 omni
2855 3633 3121 3690 suavitate
3168 3636 3466 3690 manantia.

1876 3717 2161 3775 Proximus
2197 3723 2446 3778 devotum
2473 3722 2680 3793 ﬂagitat
2703 3734 2907 3792 aetum,
2946 3727 3169 3796 angelus
3193 3728 3466 3784 sincerum

1875 3814 2071 3885 quaerit
2110 3813 2379 3880 aﬂ‘eetum,
2401 3816 2542 3871 Deus
2562 3816 2911 3887 purissimum
2932 3819 3098 3891 exigit
3113 3820 3466 3877 intellectum.

1875 3904 2192 3963 Exhibenda
2218 3916 2302 3962 est
2325 3907 2489 3978 igitur
2508 3910 2759 3979 proximo
2783 3910 3014 3967 actionis
3047 3912 3243 3983 pietas,
3274 3913 3469 3983 angelo

1877 4012 2090 4054 momm
2111 4000 2413 4066 sinceritas,
2444 4000 2556 4057 Deo
2580 4003 2759 4059 omnis
2786 4012 3015 4073 conatus
3043 4006 3231 4072 animi,
3258 4016 3314 4061 et
3337 4022 3468 4079 per-

1875 4088 2019 4147 fecta
2045 4090 2299 4147 charitas.

1948 4184 2038 4240 14.
2076 4184 2311 4257 Spiritus
2335 4186 2481 4243 enim
2515 4203 2765 4261 sponsam
2804 4206 2955 4248 suam
2986 4193 3067 4248 sic
3089 4200 3356 4259 ornatam,
3391 4194 3469 4250 ita

1874 4279 2095 4349 quidem
2120 4280 2426 4337 ordinatam
2454 4281 2510 4338 in
2537 4282 2775 4341 Canticis
2798 4286 2969 4341 multa
3003 4286 3162 4344 laude
3186 4289 3470 4358 prosequi-

1880 4381 1968 4427 tur
1988 4372 2174 4429 dicens
2198 4391 2212 4427 :
2244 4371 2476 4429 Pulchra
2498 4392 2573 4443 es,
2610 4378 2782 4432 amica
2813 4395 2948 4445 mea,
2982 4382 3157 4435 suavis
3180 4391 3229 4435 et
3254 4381 3465 4448 decora,

1877 4462 2125 4518 terribilis
2172 4474 2229 4518 ut
2274 4475 2565 4523 castrorum
2609 4469 2746 4523 acies
2788 4470 3035 4525 ordinata
3076 4472 3255 4543 (Cant.
3283 4489 3356 4540 vr,
3386 4475 3465 4545 5).

167 4554 415 4625 ligionis,
471 4552 691 4659 tertium
737 4551 1062 4659 dilectionis.
1097 4549 1359 4659 Primum
1384 4566 1522 4657 onus
1556 4562 1774 4659 portant
1800 4597 1855 4659 υ
1878 4553 2109 4659 Pulchra
2144 4555 2365 4624 mundo,
2402 4558 2889 4659 suavis-proximo,
2926 4562 3123 4618 decora
3161 4564 3322 4619 creto.
3372 4565 3468 4621 Vel

164 4649 421 4720 pnelati;
460 4646 775 4712 semiudum,
807 4645 935 4701 huic
949 4645 1149 4701 mundo
1164 4644 1507 4712 mortificati;
1534 4646 1773 4715 tertium,

168 4745 221 4797 iu
255 4743 457 4799 cubito
490 4740 870 4796 consummati.
921 4738 1090 4795 Primi
1136 4747 1337 4796 statum
1378 4740 1636 4797 Ecclesiae
1689 4757 1779 4797 ro-

166 4835 413 4900 borant;
444 4832 671 4888 secundi
696 4830 892 4887 faciem
918 4831 1066 4888 illius
1092 4841 1323 4900 ornant;
1352 4833 1502 4889 tertii
1536 4831 1778 4902 eiusdem

166 4929 443 4981 virtutem
466 4922 866 4979 commendant.
887 4922 1101 4978 Primus
1119 4924 1254 4979 ordo
1275 4923 1438 4979 dicit:
1462 4923 1777 4981 Sollicitudo

168 5020 417 5073 omisisset
460 5013 837 5081 Ecclesium,
883 5016 1137 5071 instantia
1180 5032 1300 5072 mea
1337 5016 1648 5088 quotidiana
1688 5016 1779 5091 (11

162 5112 291 5164 Cor.
351 5124 435 5174 xi,
482 5106 616 5180 98);
656 5106 968 5164 secundus:
1006 5107 1180 5180 Elegit
1222 5109 1559 5181 suspendium
1600 5111 1779 5165 anima

161 5220 283 5255 mea
308 5212 363 5256 et
389 5211 610 5255 mortem
650 5217 768 5256 ossa
792 5199 1051 5273 mea‘(.lob
1099 5216 1198 5267 vit,
1226 5200 1346 5275 l5);
1394 5203 1589 5260 tertius
1614 5221 1627 5258 :
1659 5202 1780 5260 Siue

162 5292 414 5357 Paulus,
436 5293 545 5347 sive
566 5289 788 5363 Cephea,
810 5293 915 5348 sive
940 5290 1127 5364 Apollo
1150 5293 1327 5348 omnia
1359 5301 1538 5349 nostra
1562 5292 1616 5367 (1
1651 5294 1775 5351 Cor.

163 5400 251 5444 ιιι,
290 5383 420 5453 22).
450 5382 666 5439 Primus
690 5383 825 5440 ordo
859 5399 1048 5440 eorum
1100 5392 1187 5442 est
1222 5386 1315 5455 qui
1348 5394 1644 5443 curvantur
1676 5389 1778 5445 sub

157 5474 305 5540 Deo,
332 5482 398 5531 et
421 5474 612 5531 orbem
633 5484 853 5544 portant
877 5475 999 5549 (Job
1018 5493 1095 5542 ix,
1120 5477 1246 5550 l5);
1277 5479 1567 5548 secundus,
1589 5495 1778 5538 eormu

156 5565 257 5633 qui
321 5579 554 5619 carnem
601 5579 754 5620 suam
791 5573 1084 5632 macerant,
1131 5576 1191 5622 ut
1223 5569 1458 5625 animam
1508 5587 1661 5628 suam
1708 5574 1778 5629 ad

156 5655 507 5728 sapientiam
576 5656 937 5725 transferant;
995 5660 1222 5725 tertius,
1277 5674 1463 5716 eorum
1526 5664 1619 5733 qui
1682 5680 1781 5734 per

151 5747 403 5819 singula
437 5748 806 5816 proximon
843 5765 902 5807 se
936 5751 1202 5807 charitate
1228 5752 1531 5809 vulnerant.

242 5840 343 5900 11.
396 5837 739 5910 Dispensatio
765 5854 896 5897 vero
928 5844 1035 5899 tria
1069 5845 1170 5901 sub
1202 5860 1263 5901 se
1305 5847 1547 5905 continet
1586 5866 1773 5907 onera.

467 5957 741 6027 ΡΑτιοι.
788 5957 1004 6024 XCVI.

1878 4646 2102 4718 pulchra
2138 4656 2282 4715 actu,
2323 4650 2502 4705 suavis
2538 4651 2755 4719 aﬂ‘ectu,
2786 4654 2980 4709 decora
3019 4655 3312 4713 intellectu.
3372 4658 3469 4715 Vel

1878 4740 2103 4810 pulchra
2135 4742 2419 4797 honestate
2448 4742 2623 4809 famae,
2668 4745 2848 4801 suavis
2885 4747 3121 4801 utilitate
3170 4748 3464 4816 doctrina),

1880 4833 2077 4890 decora
2102 4834 2227 4890 vitae
2266 4836 2515 4892 sublimis
2537 4837 2879 4893 necessitate.
2910 4838 3005 4893 Vel
3030 4837 3256 4907 pulchra
3284 4855 3471 4896 exem-

1877 4924 1989 4994 plo,
2014 4927 2196 4982 suavis
2222 4927 2402 4992 verbo,
2431 4928 2627 4984 decora
2665 4929 2911 4985 consilio.
2957 4929 3052 4985 Vel
3084 4932 3312 5001 pulchra
3344 4951 3472 5005 ope-

1877 5020 2050 5086 ribus,
2074 5021 2256 5076 suavis
2280 5022 2541 5084 moribus,
2569 5021 2762 5077 decora
2787 5024 2985 5079 mentis
3007 5026 3340 5083 excessibus.
3378 5028 3473 5083 Vel

1877 5110 2103 5179 pulchra
2121 5111 2385 5180 proximo,
2413 5111 2594 5166 suavis
2618 5112 2826 5183 angelo,
2867 5114 3060 5171 decora
3096 5131 3314 5186 sponso.
3363 5118 3474 5173 Me-

1879 5201 1985 5257 rito
2008 5215 2136 5271 ergo
2165 5202 2421 5258 terribilis
2445 5202 2690 5259 hostibus
2712 5202 2926 5270 dicitur,
2953 5206 3007 5261 in
3028 5222 3134 5277 qua
3158 5224 3259 5266 nec
3279 5210 3475 5273 mundi

1880 5297 2124 5363 ambitio,
2164 5310 2266 5352 nec
2302 5297 2533 5366 proximi
2573 5297 2750 5364 laesio,
2810 5314 2912 5355 nec
2951 5300 3034 5355 sui
3092 5305 3470 5375 praesumptio,

1879 5408 1979 5449 nec
2006 5392 2180 5463 angeli
2208 5390 2454 5458 oﬂ'ensio,
2482 5407 2584 5449 nec
2607 5393 2801 5450 divinae
2833 5395 3124 5454 voluntatis
3146 5398 3359 5455 aversio
3382 5398 3469 5454 vel

1880 5486 2043 5541 etiam
2080 5485 2148 5540 ad
2195 5484 2466 5540 modicum
2516 5486 2806 5542 invenitur.
2854 5488 2985 5544 Item
3029 5488 3096 5545 de
3137 5494 3325 5549 eodem
3366 5507 3467 5564 per

1878 5578 2125 5635 eumdem
2164 5578 2217 5633 in
2247 5578 2493 5633 eumdem
2519 5597 2530 5632 :
2560 5578 2688 5634 Tota
2716 5580 2937 5652 pulchra
2962 5599 3037 5649 es,
3061 5584 3230 5638 amica
3256 5600 3391 5649 mea,
3414 5591 3464 5638 et

1879 5675 2088 5729 macula
2111 5692 2213 5730 non
2228 5685 2301 5728 est
2317 5674 2373 5728 in
2397 5672 2620 5746 te(lbid.
2638 5691 2711 5742 tv,
2728 5676 2803 5747 7).
2824 5677 2964 5733 Vere
2976 5679 3191 5748 quidem
3217 5678 3461 5748 pulchra,

1879 5784 1997 5838 qua:
2030 5783 2127 5822 nec
2164 5769 2318 5822 hoste
2340 5767 2593 5831 vincitur,
2619 5785 2717 5822 nec
2741 5770 2938 5825 mundo
2956 5772 3337 5840 conrumpitur,
3361 5783 3463 5824 nec

1879 5864 2125 5941 proximo
2172 5863 2466 5929 seducitur,
2514 5880 2612 5919 nec
2653 5880 2815 5920 carne
2859 5865 3096 5921 eliditur.
3141 5880 3240 5922 nec
3278 5871 3463 5925 ments

3067 5976 3147 6051 23
