  <div class='ocr_page' id='page_1' title='image "/cluster/home/n/w/nwhite01/storage/ocr_20150623/96/hvd.32044015471204/365.png"; bbox 0 0 3974 6306; ppageno 0'>
   <div class='ocr_carea' id='block_1_1' title="bbox 581 374 686 447">
    <p class='ocr_par' dir='ltr' id='par_1_1' title="bbox 581 374 686 447">
     <span class='ocr_line' id='line_1_1' title="bbox 581 374 686 447; baseline 0.029 -2"><span class='ocrx_word' id='word_1_1' title='bbox 581 374 686 447; x_wconf 68' lang='lat'><strong><em>719</em></strong></span> 
     </span>
    </p>
   </div>
   <div class='ocr_carea' id='block_1_2' title="bbox 1678 360 3736 439">
    <p class='ocr_par' dir='ltr' id='par_1_2' title="bbox 1678 360 3736 439">
     <span class='ocr_line' id='line_1_2' title="bbox 1678 360 3736 439; baseline -0.003 -4"><span class='ocrx_word' id='word_1_2' title='bbox 1678 374 1736 435; x_wconf 89' lang='lat' dir='ltr'><strong><em>s.</em></strong></span> <span class='ocrx_word' id='word_1_3' title='bbox 1772 360 2038 435; x_wconf 71' lang='lat' dir='ltr'><strong><em>lULlANt</em></strong></span> <span class='ocrx_word' id='word_1_4' title='bbox 2074 366 2380 439; x_wconf 72' lang='lat' dir='ltr'><strong><em>Euscom</em></strong></span> <span class='ocrx_word' id='word_1_5' title='bbox 2416 362 2767 435; x_wconf 78' lang='lat' dir='ltr'><strong><em>TOLETANI</em></strong></span> <span class='ocrx_word' id='word_1_6' title='bbox 3665 379 3736 439; x_wconf 67' lang='grc' dir='ltr'><strong><em>πο</em></strong></span> 
     </span>
    </p>
   </div>
   <div class='ocr_carea' id='block_1_3' title="bbox 648 474 3739 587">
    <p class='ocr_par' dir='ltr' id='par_1_3' title="bbox 648 474 3739 587">
     <span class='ocr_line' id='line_1_3' title="bbox 648 474 3739 587; baseline 0.004 -24"><span class='ocrx_word' id='word_1_7' title='bbox 648 507 741 565; x_wconf 69' lang='lat'><strong><em>25.</em></strong></span> <span class='ocrx_word' id='word_1_8' title='bbox 794 502 924 561; x_wconf 60' lang='lat' dir='ltr'><strong><em>Haec</em></strong></span> <span class='ocrx_word' id='word_1_9' title='bbox 971 509 1150 559; x_wconf 74' lang='lat' dir='ltr'><strong><em>autem</em></strong></span> <span class='ocrx_word' id='word_1_10' title='bbox 1199 494 1268 557; x_wconf 75' lang='lat' dir='ltr'><strong><em>de</em></strong></span> <span class='ocrx_word' id='word_1_11' title='bbox 1320 512 1384 555; x_wconf 73' lang='lat' dir='ltr'><strong><em>ea</em></strong></span> <span class='ocrx_word' id='word_1_12' title='bbox 1434 495 1488 552; x_wconf 80' lang='grc' dir='ltr'><strong><em>ίη</em></strong></span> <span class='ocrx_word' id='word_1_13' title='bbox 1529 495 1668 553; x_wconf 68' lang='grc' dir='ltr'><strong><em>Ῑῖιδτο</em></strong></span> <span class='ocrx_word' id='word_1_14' title='bbox 1708 495 1918 567; x_wconf 69' lang='lat' dir='ltr'><strong><em>Regum</em></strong></span> <span class='ocrx_word' id='word_1_15' title='bbox 1952 496 2168 587; x_wconf 57' lang='lat' dir='ltr'><strong><em>Scripta</em></strong></span> <span class='ocrx_word' id='word_1_16' title='bbox 2197 497 2248 561; x_wconf 77' lang='grc' dir='ltr'>Α</span> <span class='ocrx_word' id='word_1_17' title='bbox 2274 514 2421 587; x_wconf 91' lang='lat' dir='ltr'><strong><em>regis</em></strong></span> <span class='ocrx_word' id='word_1_18' title='bbox 2473 513 2800 579; x_wconf 82' lang='lat' dir='ltr'><strong><em>mirabilem,</em></strong></span> <span class='ocrx_word' id='word_1_19' title='bbox 2862 505 3175 583; x_wconf 76' lang='lat' dir='ltr'><strong><em>sapientiam</em></strong></span> <span class='ocrx_word' id='word_1_20' title='bbox 3218 488 3739 586; x_wconf 74' lang='lat' dir='ltr'><strong><em>inmmprehensibilun,</em></strong></span> 
     </span>
    </p>
   </div>
   <div class='ocr_carea' id='block_1_4' title="bbox 581 586 2176 672">
    <p class='ocr_par' dir='ltr' id='par_1_4' title="bbox 581 586 2176 672">
     <span class='ocr_line' id='line_1_4' title="bbox 581 586 2176 672; baseline -0.011 -12"><span class='ocrx_word' id='word_1_21' title='bbox 581 611 750 662; x_wconf 75' lang='lat' dir='ltr'><strong><em>sunt:</em></strong></span> <span class='ocrx_word' id='word_1_22' title='bbox 783 598 988 672; x_wconf 78' lang='lat' dir='ltr'><strong><em>Regina</em></strong></span> <span class='ocrx_word' id='word_1_23' title='bbox 1027 595 1193 663; x_wconf 89' lang='lat' dir='ltr'><strong><em>Saba,</em></strong></span> <span class='ocrx_word' id='word_1_24' title='bbox 1223 592 1407 649; x_wconf 89' lang='lat' dir='ltr'><strong><em>audita</em></strong></span> <span class='ocrx_word' id='word_1_25' title='bbox 1445 590 1591 663; x_wconf 74' lang='lat' dir='ltr'><strong><em>fama</em></strong></span> <span class='ocrx_word' id='word_1_26' title='bbox 1623 589 1894 661; x_wconf 68' lang='lat' dir='ltr'><strong><em>sapientia!</em></strong></span> <span class='ocrx_word' id='word_1_27' title='bbox 1929 586 2176 645; x_wconf 88' lang='lat' dir='ltr'><strong><em>Salomo-</em></strong></span> 
     </span>
    </p>
   </div>
   <div class='ocr_carea' id='block_1_5' title="bbox 581 681 2176 763">
    <p class='ocr_par' dir='ltr' id='par_1_5' title="bbox 581 681 2176 763">
     <span class='ocr_line' id='line_1_5' title="bbox 581 681 2176 763; baseline -0.009 -11"><span class='ocrx_word' id='word_1_28' title='bbox 581 699 687 763; x_wconf 88' lang='lat' dir='ltr'><strong><em>nis,</em></strong></span> <span class='ocrx_word' id='word_1_29' title='bbox 714 694 848 750; x_wconf 90' lang='lat' dir='ltr'><strong><em>venit</em></strong></span> <span class='ocrx_word' id='word_1_30' title='bbox 877 692 934 746; x_wconf 87' lang='lat' dir='ltr'><strong><em>in</em></strong></span> <span class='ocrx_word' id='word_1_31' title='bbox 965 687 1262 746; x_wconf 71' lang='lat' dir='ltr'><strong><em>Jerusalem</em></strong></span> <span class='ocrx_word' id='word_1_32' title='bbox 1298 693 1496 742; x_wconf 90' lang='lat' dir='ltr'><strong><em>tentare</em></strong></span> <span class='ocrx_word' id='word_1_33' title='bbox 1529 700 1648 739; x_wconf 90' lang='lat' dir='ltr'><strong><em>eum</em></strong></span> <span class='ocrx_word' id='word_1_34' title='bbox 1686 683 1744 739; x_wconf 88' lang='lat' dir='ltr'><strong><em>in</em></strong></span> <span class='ocrx_word' id='word_1_35' title='bbox 1779 681 2065 755; x_wconf 87' lang='lat' dir='ltr'><strong><em>parabolis.</em></strong></span> <span class='ocrx_word' id='word_1_36' title='bbox 2105 681 2176 738; x_wconf 85' lang='lat' dir='ltr'><strong><em>Et</em></strong></span> 
     </span>
    </p>
   </div>
   <div class='ocr_carea' id='block_1_6' title="bbox 581 772 2177 854">
    <p class='ocr_par' dir='ltr' id='par_1_6' title="bbox 581 772 2177 854">
     <span class='ocr_line' id='line_1_6' title="bbox 581 772 2177 854; baseline -0.011 -10"><span class='ocrx_word' id='word_1_37' title='bbox 581 804 704 844; x_wconf 86' lang='lat' dir='ltr'><strong><em>cum</em></strong></span> <span class='ocrx_word' id='word_1_38' title='bbox 728 802 791 842; x_wconf 89' lang='lat' dir='ltr'><strong><em>ea</em></strong></span> <span class='ocrx_word' id='word_1_39' title='bbox 819 781 1003 839; x_wconf 85' lang='lat' dir='ltr'><strong><em>cameli</em></strong></span> <span class='ocrx_word' id='word_1_40' title='bbox 1035 788 1300 854; x_wconf 86' lang='lat' dir='ltr'><strong><em>portantes</em></strong></span> <span class='ocrx_word' id='word_1_41' title='bbox 1338 793 1517 832; x_wconf 87' lang='lat' dir='ltr'><strong><em>onera.</em></strong></span> <span class='ocrx_word' id='word_1_42' title='bbox 1559 774 1629 829; x_wconf 87' lang='lat' dir='ltr'><strong><em>Et</em></strong></span> <span class='ocrx_word' id='word_1_43' title='bbox 1669 772 1845 829; x_wconf 88' lang='lat' dir='ltr'><strong><em>attulit</em></strong></span> <span class='ocrx_word' id='word_1_44' title='bbox 1879 789 2054 829; x_wconf 84' lang='lat' dir='ltr'><strong><em>secum</em></strong></span> <span class='ocrx_word' id='word_1_45' title='bbox 2085 789 2177 827; x_wconf 85' lang='lat' dir='ltr'><strong><em>au-</em></strong></span> 
     </span>
    </p>
   </div>
   <div class='ocr_carea' id='block_1_7' title="bbox 582 866 2179 945">
    <p class='ocr_par' dir='ltr' id='par_1_7' title="bbox 582 866 2179 945">
     <span class='ocr_line' id='line_1_7' title="bbox 582 866 2179 945; baseline -0.011 -7"><span class='ocrx_word' id='word_1_46' title='bbox 582 899 704 937; x_wconf 86' lang='lat' dir='ltr'><strong><em>rum</em></strong></span> <span class='ocrx_word' id='word_1_47' title='bbox 744 878 984 940; x_wconf 89' lang='lat' dir='ltr'><strong><em>multum,</em></strong></span> <span class='ocrx_word' id='word_1_48' title='bbox 1042 883 1091 930; x_wconf 92' lang='lat' dir='ltr'><strong><em>et</em></strong></span> <span class='ocrx_word' id='word_1_49' title='bbox 1145 871 1372 945; x_wconf 88' lang='lat' dir='ltr'><strong><em>lapidem</em></strong></span> <span class='ocrx_word' id='word_1_50' title='bbox 1419 869 1569 925; x_wconf 87' lang='lat' dir='ltr'><strong><em>valde</em></strong></span> <span class='ocrx_word' id='word_1_51' title='bbox 1606 869 1911 941; x_wconf 91' lang='lat' dir='ltr'><strong><em>pretiosum.</em></strong></span> <span class='ocrx_word' id='word_1_52' title='bbox 1966 866 2179 939; x_wconf 84' lang='lat' dir='ltr'><strong><em>Ingres-</em></strong></span> 
     </span>
    </p>
   </div>
   <div class='ocr_carea' id='block_1_8' title="bbox 582 960 2176 1045">
    <p class='ocr_par' dir='ltr' id='par_1_8' title="bbox 582 960 2176 1045">
     <span class='ocr_line' id='line_1_8' title="bbox 582 960 2176 1045; baseline -0.009 -16"><span class='ocrx_word' id='word_1_53' title='bbox 582 988 745 1045; x_wconf 88' lang='lat' dir='ltr'><strong><em>saque</em></strong></span> <span class='ocrx_word' id='word_1_54' title='bbox 795 978 868 1025; x_wconf 89' lang='lat' dir='ltr'><strong><em>est</em></strong></span> <span class='ocrx_word' id='word_1_55' title='bbox 920 966 990 1023; x_wconf 88' lang='lat' dir='ltr'><strong><em>ad</em></strong></span> <span class='ocrx_word' id='word_1_56' title='bbox 1038 964 1398 1031; x_wconf 89' lang='lat' dir='ltr'><strong><em>Salomonem,</em></strong></span> <span class='ocrx_word' id='word_1_57' title='bbox 1442 971 1493 1018; x_wconf 89' lang='lat' dir='ltr'><strong><em>et</em></strong></span> <span class='ocrx_word' id='word_1_58' title='bbox 1538 961 1714 1016; x_wconf 90' lang='lat' dir='ltr'><strong><em>locuta</em></strong></span> <span class='ocrx_word' id='word_1_59' title='bbox 1764 969 1838 1016; x_wconf 87' lang='lat' dir='ltr'><strong><em>est</em></strong></span> <span class='ocrx_word' id='word_1_60' title='bbox 1884 961 1932 1016; x_wconf 89' lang='lat' dir='ltr'><strong><em>ei</em></strong></span> <span class='ocrx_word' id='word_1_61' title='bbox 1976 960 2176 1027; x_wconf 89' lang='lat' dir='ltr'><strong><em>omnia,</em></strong></span> 
     </span>
    </p>
   </div>
   <div class='ocr_carea' id='block_1_9' title="bbox 582 1053 2182 1139">
    <p class='ocr_par' dir='ltr' id='par_1_9' title="bbox 582 1053 2182 1139">
     <span class='ocr_line' id='line_1_9' title="bbox 582 1053 2182 1139; baseline -0.008 -18"><span class='ocrx_word' id='word_1_62' title='bbox 582 1078 903 1139; x_wconf 65' lang='lat' dir='ltr'><strong><em>quacunque</em></strong></span> <span class='ocrx_word' id='word_1_63' title='bbox 941 1068 1090 1116; x_wconf 88' lang='lat' dir='ltr'><strong><em>erant</em></strong></span> <span class='ocrx_word' id='word_1_64' title='bbox 1121 1059 1178 1113; x_wconf 89' lang='lat' dir='ltr'><strong><em>in</em></strong></span> <span class='ocrx_word' id='word_1_65' title='bbox 1205 1057 1361 1113; x_wconf 87' lang='lat' dir='ltr'><strong><em>corde</em></strong></span> <span class='ocrx_word' id='word_1_66' title='bbox 1397 1073 1515 1112; x_wconf 90' lang='lat' dir='ltr'><strong><em>suo.</em></strong></span> <span class='ocrx_word' id='word_1_67' title='bbox 1555 1054 1628 1110; x_wconf 89' lang='lat' dir='ltr'><strong><em>Et</em></strong></span> <span class='ocrx_word' id='word_1_68' title='bbox 1666 1055 1956 1111; x_wconf 73' lang='lat' dir='ltr'><strong><em>enuntiavit</em></strong></span> <span class='ocrx_word' id='word_1_69' title='bbox 1991 1055 2041 1110; x_wconf 83' lang='lat' dir='ltr'><strong><em>ei</em></strong></span> <span class='ocrx_word' id='word_1_70' title='bbox 2079 1053 2182 1111; x_wconf 89' lang='lat' dir='ltr'><strong><em>Sa-</em></strong></span> 
     </span>
    </p>
   </div>
   <div class='ocr_carea' id='block_1_10' title="bbox 587 1148 2181 1223">
    <p class='ocr_par' dir='ltr' id='par_1_10' title="bbox 587 1148 2181 1223">
     <span class='ocr_line' id='line_1_10' title="bbox 587 1148 2181 1223; baseline -0.006 -9"><span class='ocrx_word' id='word_1_71' title='bbox 587 1159 764 1214; x_wconf 88' lang='lat' dir='ltr'><strong><em>lomon</em></strong></span> <span class='ocrx_word' id='word_1_72' title='bbox 807 1156 985 1212; x_wconf 85' lang='lat' dir='ltr'><strong><em>omnia</em></strong></span> <span class='ocrx_word' id='word_1_73' title='bbox 1026 1153 1180 1210; x_wconf 87' lang='lat' dir='ltr'><strong><em>verba</em></strong></span> <span class='ocrx_word' id='word_1_74' title='bbox 1212 1170 1311 1209; x_wconf 89' lang='lat' dir='ltr'><strong><em>sua</em></strong></span> <span class='ocrx_word' id='word_1_75' title='bbox 1335 1193 1350 1219; x_wconf 97' lang='lat'><strong><em>,</em></strong></span> <span class='ocrx_word' id='word_1_76' title='bbox 1406 1162 1453 1208; x_wconf 90' lang='lat' dir='ltr'><strong><em>et</em></strong></span> <span class='ocrx_word' id='word_1_77' title='bbox 1490 1168 1596 1207; x_wconf 90' lang='lat' dir='ltr'><strong><em>non</em></strong></span> <span class='ocrx_word' id='word_1_78' title='bbox 1639 1151 1741 1223; x_wconf 74' lang='lat' dir='ltr'><strong><em>fuit</em></strong></span> <span class='ocrx_word' id='word_1_79' title='bbox 1801 1150 2011 1206; x_wconf 89' lang='lat' dir='ltr'><strong><em>verbum</em></strong></span> <span class='ocrx_word' id='word_1_80' title='bbox 2040 1148 2181 1222; x_wconf 90' lang='lat' dir='ltr'><strong><em>quod</em></strong></span> 
     </span>
    </p>
   </div>
   <div class='ocr_carea' id='block_1_11' title="bbox 590 1240 2182 1311">
    <p class='ocr_par' dir='ltr' id='par_1_11' title="bbox 590 1240 2182 1311">
     <span class='ocr_line' id='line_1_11' title="bbox 590 1240 2182 1311; baseline -0.005 -10"><span class='ocrx_word' id='word_1_81' title='bbox 590 1265 679 1303; x_wconf 74' lang='lat' dir='ltr'><strong><em>rea:</em></strong></span> <span class='ocrx_word' id='word_1_82' title='bbox 726 1247 971 1303; x_wconf 87' lang='lat' dir='ltr'><strong><em>omiserat</em></strong></span> <span class='ocrx_word' id='word_1_83' title='bbox 1016 1254 1065 1300; x_wconf 91' lang='lat' dir='ltr'><strong><em>et</em></strong></span> <span class='ocrx_word' id='word_1_84' title='bbox 1096 1244 1145 1299; x_wconf 89' lang='lat' dir='ltr'><strong><em>ei</em></strong></span> <span class='ocrx_word' id='word_1_85' title='bbox 1191 1261 1296 1299; x_wconf 89' lang='lat' dir='ltr'><strong><em>non</em></strong></span> <span class='ocrx_word' id='word_1_86' title='bbox 1339 1243 1683 1299; x_wconf 77' lang='lat' dir='ltr'><strong><em>indicaverat.</em></strong></span> <span class='ocrx_word' id='word_1_87' title='bbox 1718 1240 1790 1295; x_wconf 85' lang='lat' dir='ltr'><strong><em>Et</em></strong></span> <span class='ocrx_word' id='word_1_88' title='bbox 1831 1240 1960 1295; x_wconf 87' lang='lat' dir='ltr'><strong><em>vidit</em></strong></span> <span class='ocrx_word' id='word_1_89' title='bbox 1999 1241 2182 1311; x_wconf 86' lang='lat' dir='ltr'><strong><em>regina</em></strong></span> 
     </span>
    </p>
   </div>
   <div class='ocr_carea' id='block_1_12' title="bbox 588 1332 2182 1409">
    <p class='ocr_par' dir='ltr' id='par_1_12' title="bbox 588 1332 2182 1409">
     <span class='ocr_line' id='line_1_12' title="bbox 588 1332 2182 1409; baseline -0.006 -15"><span class='ocrx_word' id='word_1_90' title='bbox 588 1338 733 1394; x_wconf 87' lang='lat' dir='ltr'><strong><em>Saba</em></strong></span> <span class='ocrx_word' id='word_1_91' title='bbox 755 1354 962 1393; x_wconf 82' lang='lat' dir='ltr'><strong><em>omnem</em></strong></span> <span class='ocrx_word' id='word_1_92' title='bbox 992 1337 1307 1409; x_wconf 74' lang='lat' dir='ltr'><strong><em>sapientiam</em></strong></span> <span class='ocrx_word' id='word_1_93' title='bbox 1332 1333 1654 1399; x_wconf 89' lang='lat' dir='ltr'><strong><em>Salomonis,</em></strong></span> <span class='ocrx_word' id='word_1_94' title='bbox 1684 1341 1734 1389; x_wconf 90' lang='lat' dir='ltr'><strong><em>et</em></strong></span> <span class='ocrx_word' id='word_1_95' title='bbox 1780 1332 1994 1391; x_wconf 86' lang='lat' dir='ltr'><strong><em>domum</em></strong></span> <span class='ocrx_word' id='word_1_96' title='bbox 2023 1348 2182 1403; x_wconf 86' lang='lat' dir='ltr'><strong><em>quam</em></strong></span> 
     </span>
    </p>
   </div>
   <div class='ocr_carea' id='block_1_13' title="bbox 585 1422 2183 1499">
    <p class='ocr_par' dir='ltr' id='par_1_13' title="bbox 585 1422 2183 1499">
     <span class='ocr_line' id='line_1_13' title="bbox 585 1422 2183 1499; baseline -0.004 -17"><span class='ocrx_word' id='word_1_97' title='bbox 585 1429 883 1499; x_wconf 67' lang='lat' dir='ltr'><strong><em>aediﬁcavit,</em></strong></span> <span class='ocrx_word' id='word_1_98' title='bbox 925 1439 974 1484; x_wconf 90' lang='lat' dir='ltr'><strong><em>et</em></strong></span> <span class='ocrx_word' id='word_1_99' title='bbox 1014 1429 1155 1483; x_wconf 84' lang='lat' dir='ltr'><strong><em>cibos</em></strong></span> <span class='ocrx_word' id='word_1_100' title='bbox 1199 1426 1335 1498; x_wconf 85' lang='lat' dir='ltr'><strong><em>ejus,</em></strong></span> <span class='ocrx_word' id='word_1_101' title='bbox 1366 1424 1627 1481; x_wconf 86' lang='lat' dir='ltr'><strong><em>et-sedem</em></strong></span> <span class='ocrx_word' id='word_1_102' title='bbox 1659 1440 1942 1497; x_wconf 87' lang='lat' dir='ltr'><strong><em>puerorum</em></strong></span> <span class='ocrx_word' id='word_1_103' title='bbox 1966 1422 2102 1494; x_wconf 80' lang='lat' dir='ltr'><strong><em>ejus,</em></strong></span> <span class='ocrx_word' id='word_1_104' title='bbox 2132 1430 2183 1477; x_wconf 92' lang='lat' dir='ltr'><strong><em>et</em></strong></span> 
     </span>
    </p>
   </div>
   <div class='ocr_carea' id='block_1_14' title="bbox 586 1513 2184 1590">
    <p class='ocr_par' dir='ltr' id='par_1_14' title="bbox 586 1513 2184 1590">
     <span class='ocr_line' id='line_1_14' title="bbox 586 1513 2184 1590; baseline -0.004 -16"><span class='ocrx_word' id='word_1_105' title='bbox 586 1520 823 1576; x_wconf 89' lang='lat' dir='ltr'><strong><em>ordinem</em></strong></span> <span class='ocrx_word' id='word_1_106' title='bbox 884 1521 1247 1576; x_wconf 88' lang='lat' dir='ltr'><strong><em>ministrorum</em></strong></span> <span class='ocrx_word' id='word_1_107' title='bbox 1308 1520 1423 1590; x_wconf 83' lang='lat' dir='ltr'><strong><em>ejus</em></strong></span> <span class='ocrx_word' id='word_1_108' title='bbox 1449 1558 1464 1583; x_wconf 92' lang='lat'><strong><em>,</em></strong></span> <span class='ocrx_word' id='word_1_109' title='bbox 1505 1527 1555 1573; x_wconf 91' lang='lat' dir='ltr'><strong><em>et</em></strong></span> <span class='ocrx_word' id='word_1_110' title='bbox 1598 1525 1759 1572; x_wconf 87' lang='lat' dir='ltr'><strong><em>vestes</em></strong></span> <span class='ocrx_word' id='word_1_111' title='bbox 1807 1516 1942 1587; x_wconf 83' lang='lat' dir='ltr'><strong><em>ejus,</em></strong></span> <span class='ocrx_word' id='word_1_112' title='bbox 1988 1523 2038 1569; x_wconf 91' lang='lat' dir='ltr'><strong><em>et</em></strong></span> <span class='ocrx_word' id='word_1_113' title='bbox 2076 1513 2184 1568; x_wconf 84' lang='lat' dir='ltr'><strong><em>vini</em></strong></span> 
     </span>
    </p>
   </div>
   <div class='ocr_carea' id='block_1_15' title="bbox 585 1607 2184 1684">
    <p class='ocr_par' dir='ltr' id='par_1_15' title="bbox 585 1607 2184 1684">
     <span class='ocr_line' id='line_1_15' title="bbox 585 1607 2184 1684; baseline -0.003 -18"><span class='ocrx_word' id='word_1_114' title='bbox 585 1611 791 1681; x_wconf 81' lang='lat' dir='ltr'><strong><em>fusores</em></strong></span> <span class='ocrx_word' id='word_1_115' title='bbox 819 1613 957 1684; x_wconf 79' lang='lat' dir='ltr'><strong><em>ejus,</em></strong></span> <span class='ocrx_word' id='word_1_116' title='bbox 1009 1622 1059 1668; x_wconf 91' lang='lat' dir='ltr'><strong><em>et</em></strong></span> <span class='ocrx_word' id='word_1_117' title='bbox 1103 1611 1411 1667; x_wconf 80' lang='lat' dir='ltr'><strong><em>holocausta</em></strong></span> <span class='ocrx_word' id='word_1_118' title='bbox 1463 1611 1599 1682; x_wconf 88' lang='lat' dir='ltr'><strong><em>ejus,</em></strong></span> <span class='ocrx_word' id='word_1_119' title='bbox 1650 1626 1769 1681; x_wconf 70' lang='lat' dir='ltr'><strong><em>qum</em></strong></span> <span class='ocrx_word' id='word_1_120' title='bbox 1818 1607 2071 1680; x_wconf 76' lang='lat' dir='ltr'><strong><em>offerebat</em></strong></span> <span class='ocrx_word' id='word_1_121' title='bbox 2126 1607 2184 1662; x_wconf 85' lang='lat' dir='ltr'><strong><em>in</em></strong></span> 
     </span>
    </p>
   </div>
   <div class='ocr_carea' id='block_1_16' title="bbox 584 1693 2184 1773">
    <p class='ocr_par' dir='ltr' id='par_1_16' title="bbox 584 1693 2184 1773">
     <span class='ocr_line' id='line_1_16' title="bbox 584 1693 2184 1773; baseline -0.002 -18"><span class='ocrx_word' id='word_1_122' title='bbox 584 1702 741 1756; x_wconf 88' lang='lat' dir='ltr'><strong><em>domo</em></strong></span> <span class='ocrx_word' id='word_1_123' title='bbox 788 1702 1045 1768; x_wconf 86' lang='lat' dir='ltr'><strong><em>Domini;</em></strong></span> <span class='ocrx_word' id='word_1_124' title='bbox 1090 1711 1139 1756; x_wconf 90' lang='lat' dir='ltr'><strong><em>et</em></strong></span> <span class='ocrx_word' id='word_1_125' title='bbox 1187 1701 1452 1773; x_wconf 82' lang='lat' dir='ltr'><strong><em>obstupuit</em></strong></span> <span class='ocrx_word' id='word_1_126' title='bbox 1475 1740 1491 1767; x_wconf 95' lang='lat'><strong><em>,</em></strong></span> <span class='ocrx_word' id='word_1_127' title='bbox 1545 1708 1593 1756; x_wconf 91' lang='lat' dir='ltr'><strong><em>et</em></strong></span> <span class='ocrx_word' id='word_1_128' title='bbox 1646 1700 1780 1754; x_wconf 73' lang='lat' dir='ltr'><strong><em>dixit</em></strong></span> <span class='ocrx_word' id='word_1_129' title='bbox 1816 1716 1835 1754; x_wconf 88' lang='lat'><strong><em>:</em></strong></span> <span class='ocrx_word' id='word_1_130' title='bbox 1885 1693 2050 1753; x_wconf 53' lang='lat' dir='ltr'><strong><em>Vena</em></strong></span> <span class='ocrx_word' id='word_1_131' title='bbox 2108 1704 2184 1752; x_wconf 85' lang='lat' dir='ltr'><strong><em>est</em></strong></span> 
     </span>
    </p>
   </div>
   <div class='ocr_carea' id='block_1_17' title="bbox 584 1788 2187 1864">
    <p class='ocr_par' dir='ltr' id='par_1_17' title="bbox 584 1788 2187 1864">
     <span class='ocr_line' id='line_1_17' title="bbox 584 1788 2187 1864; baseline -0.002 -18"><span class='ocrx_word' id='word_1_132' title='bbox 584 1809 754 1847; x_wconf 85' lang='lat' dir='ltr'><strong><em>sermo</em></strong></span> <span class='ocrx_word' id='word_1_133' title='bbox 793 1796 946 1864; x_wconf 86' lang='lat' dir='ltr'><strong><em>quem</em></strong></span> <span class='ocrx_word' id='word_1_134' title='bbox 988 1794 1045 1847; x_wconf 90' lang='lat' dir='ltr'><strong><em>in</em></strong></span> <span class='ocrx_word' id='word_1_135' title='bbox 1086 1801 1227 1847; x_wconf 90' lang='lat' dir='ltr'><strong><em>terra</em></strong></span> <span class='ocrx_word' id='word_1_136' title='bbox 1274 1808 1391 1847; x_wconf 86' lang='lat' dir='ltr'><strong><em>mea</em></strong></span> <span class='ocrx_word' id='word_1_137' title='bbox 1432 1791 1497 1847; x_wconf 90' lang='lat' dir='ltr'><strong><em>de</em></strong></span> <span class='ocrx_word' id='word_1_138' title='bbox 1540 1791 1692 1846; x_wconf 89' lang='lat' dir='ltr'><strong><em>verbo</em></strong></span> <span class='ocrx_word' id='word_1_139' title='bbox 1735 1806 1826 1845; x_wconf 61' lang='lat' dir='ltr'><strong><em>tuo</em></strong></span> <span class='ocrx_word' id='word_1_140' title='bbox 1860 1798 1909 1845; x_wconf 89' lang='lat' dir='ltr'><strong><em>et</em></strong></span> <span class='ocrx_word' id='word_1_141' title='bbox 1949 1788 2015 1843; x_wconf 86' lang='lat' dir='ltr'><strong><em>de</em></strong></span> <span class='ocrx_word' id='word_1_142' title='bbox 2057 1804 2187 1860; x_wconf 57' lang='lat' dir='ltr'><strong><em>pru-</em></strong></span> 
     </span>
    </p>
   </div>
   <div class='ocr_carea' id='block_1_18' title="bbox 585 1883 2182 1956">
    <p class='ocr_par' dir='ltr' id='par_1_18' title="bbox 585 1883 2182 1956">
     <span class='ocr_line' id='line_1_18' title="bbox 585 1883 2182 1956; baseline -0.003 -16"><span class='ocrx_word' id='word_1_143' title='bbox 585 1885 765 1940; x_wconf 85' lang='lat' dir='ltr'><strong><em>dentia</em></strong></span> <span class='ocrx_word' id='word_1_144' title='bbox 786 1895 880 1941; x_wconf 92' lang='lat' dir='ltr'><strong><em>tua</em></strong></span> <span class='ocrx_word' id='word_1_145' title='bbox 902 1885 1083 1941; x_wconf 89' lang='lat' dir='ltr'><strong><em>audivi</em></strong></span> <span class='ocrx_word' id='word_1_146' title='bbox 1104 1902 1123 1950; x_wconf 87' lang='lat'><strong><em>;</em></strong></span> <span class='ocrx_word' id='word_1_147' title='bbox 1149 1894 1203 1953; x_wconf 31' lang='lat' dir='ltr'><strong><em>et,</em></strong></span> <span class='ocrx_word' id='word_1_148' title='bbox 1223 1902 1340 1941; x_wconf 87' lang='lat' dir='ltr'><strong><em>ecce</em></strong></span> <span class='ocrx_word' id='word_1_149' title='bbox 1365 1902 1457 1941; x_wconf 91' lang='lat' dir='ltr'><strong><em>nec</em></strong></span> <span class='ocrx_word' id='word_1_150' title='bbox 1497 1885 1719 1940; x_wconf 89' lang='lat' dir='ltr'><strong><em>dimidia</em></strong></span> <span class='ocrx_word' id='word_1_151' title='bbox 1746 1900 1869 1956; x_wconf 87' lang='lat' dir='ltr'><strong><em>pars</em></strong></span> <span class='ocrx_word' id='word_1_152' title='bbox 1907 1883 2182 1938; x_wconf 88' lang='lat' dir='ltr'><strong><em>enuntiata</em></strong></span> 
     </span>
    </p>
   </div>
   <div class='ocr_carea' id='block_1_19' title="bbox 586 1971 2182 2049">
    <p class='ocr_par' dir='ltr' id='par_1_19' title="bbox 586 1971 2182 2049">
     <span class='ocr_line' id='line_1_19' title="bbox 586 1971 2182 2049; baseline -0.001 -19"><span class='ocrx_word' id='word_1_153' title='bbox 586 1986 660 2030; x_wconf 87' lang='lat' dir='ltr'><strong><em>est</em></strong></span> <span class='ocrx_word' id='word_1_154' title='bbox 710 1978 859 2032; x_wconf 89' lang='lat' dir='ltr'><strong><em>mihi.</em></strong></span> <span class='ocrx_word' id='word_1_155' title='bbox 908 1976 978 2032; x_wconf 86' lang='lat' dir='ltr'><strong><em>Et</em></strong></span> <span class='ocrx_word' id='word_1_156' title='bbox 1025 1977 1169 2032; x_wconf 87' lang='lat' dir='ltr'><strong><em>dedit</em></strong></span> <span class='ocrx_word' id='word_1_157' title='bbox 1216 1971 1491 2034; x_wconf 84' lang='lat' dir='ltr'><strong><em>Salomoni</em></strong></span> <span class='ocrx_word' id='word_1_158' title='bbox 1527 1987 1733 2032; x_wconf 84' lang='lat' dir='ltr'><strong><em>centum</em></strong></span> <span class='ocrx_word' id='word_1_159' title='bbox 1770 1977 1952 2049; x_wconf 85' lang='lat' dir='ltr'><strong><em>viginti</em></strong></span> <span class='ocrx_word' id='word_1_160' title='bbox 1982 1974 2182 2031; x_wconf 87' lang='lat' dir='ltr'><strong><em>talenta</em></strong></span> 
     </span>
    </p>
   </div>
   <div class='ocr_carea' id='block_1_20' title="bbox 587 2068 2182 2143">
    <p class='ocr_par' dir='ltr' id='par_1_20' title="bbox 587 2068 2182 2143">
     <span class='ocr_line' id='line_1_20' title="bbox 587 2068 2182 2143; baseline 0 -21"><span class='ocrx_word' id='word_1_161' title='bbox 587 2072 724 2135; x_wconf 84' lang='lat' dir='ltr'><strong><em>auri,</em></strong></span> <span class='ocrx_word' id='word_1_162' title='bbox 756 2080 804 2125; x_wconf 92' lang='lat' dir='ltr'><strong><em>et</em></strong></span> <span class='ocrx_word' id='word_1_163' title='bbox 829 2070 1170 2126; x_wconf 89' lang='lat' dir='ltr'><strong><em>odoramenta</em></strong></span> <span class='ocrx_word' id='word_1_164' title='bbox 1211 2070 1396 2137; x_wconf 88' lang='lat' dir='ltr'><strong><em>multa,</em></strong></span> <span class='ocrx_word' id='word_1_165' title='bbox 1447 2081 1494 2125; x_wconf 87' lang='lat' dir='ltr'><strong><em>et</em></strong></span> <span class='ocrx_word' id='word_1_166' title='bbox 1536 2070 1764 2143; x_wconf 88' lang='lat' dir='ltr'><strong><em>lapidem</em></strong></span> <span class='ocrx_word' id='word_1_167' title='bbox 1797 2069 1946 2126; x_wconf 85' lang='lat' dir='ltr'><strong><em>valde</em></strong></span> <span class='ocrx_word' id='word_1_168' title='bbox 1983 2068 2182 2141; x_wconf 83' lang='lat' dir='ltr'><strong><em>pretio-</em></strong></span> 
     </span>
    </p>
   </div>
   <div class='ocr_carea' id='block_1_21' title="bbox 586 2159 2178 2235">
    <p class='ocr_par' dir='ltr' id='par_1_21' title="bbox 586 2159 2178 2235">
     <span class='ocr_line' id='line_1_21' title="bbox 586 2159 2178 2235; baseline 0 -21"><span class='ocrx_word' id='word_1_169' title='bbox 586 2178 703 2214; x_wconf 90' lang='lat' dir='ltr'><strong><em>sum</em></strong></span> <span class='ocrx_word' id='word_1_170' title='bbox 742 2160 865 2235; x_wconf 82' lang='lat' dir='ltr'><strong><em>(III</em></strong></span> <span class='ocrx_word' id='word_1_171' title='bbox 901 2162 1033 2234; x_wconf 80' lang='lat' dir='ltr'><strong><em>Reg.</em></strong></span> <span class='ocrx_word' id='word_1_172' title='bbox 1067 2177 1122 2228; x_wconf 77' lang='grc' dir='ltr'><strong><em>ι,</em></strong></span> <span class='ocrx_word' id='word_1_173' title='bbox 1161 2162 1187 2216; x_wconf 99' lang='grc'><strong><em>1</em></strong></span> <span class='ocrx_word' id='word_1_174' title='bbox 1231 2162 1386 2234; x_wconf 84' lang='lat' dir='ltr'><strong><em>seq.).</em></strong></span> <span class='ocrx_word' id='word_1_175' title='bbox 1429 2162 1589 2218; x_wconf 91' lang='lat' dir='ltr'><strong><em>Venit</em></strong></span> <span class='ocrx_word' id='word_1_176' title='bbox 1626 2176 1757 2232; x_wconf 90' lang='lat' dir='ltr'><strong><em>ergo</em></strong></span> <span class='ocrx_word' id='word_1_177' title='bbox 1797 2161 1985 2232; x_wconf 79' lang='lat' dir='ltr'><strong><em>regina</em></strong></span> <span class='ocrx_word' id='word_1_178' title='bbox 2017 2159 2178 2226; x_wconf 90' lang='lat' dir='ltr'><strong><em>Saba,</em></strong></span> 
     </span>
    </p>
   </div>
   <div class='ocr_carea' id='block_1_22' title="bbox 587 2250 2179 2320">
    <p class='ocr_par' dir='ltr' id='par_1_22' title="bbox 587 2250 2179 2320">
     <span class='ocr_line' id='line_1_22' title="bbox 587 2250 2179 2320; baseline 0 -15"><span class='ocrx_word' id='word_1_179' title='bbox 587 2250 641 2305; x_wconf 82' lang='lat' dir='ltr'><strong><em>id</em></strong></span> <span class='ocrx_word' id='word_1_180' title='bbox 669 2260 773 2317; x_wconf 91' lang='lat' dir='ltr'><strong><em>est,</em></strong></span> <span class='ocrx_word' id='word_1_181' title='bbox 812 2252 1055 2308; x_wconf 83' lang='lat' dir='ltr'><strong><em>Ecclesia</em></strong></span> <span class='ocrx_word' id='word_1_182' title='bbox 1098 2268 1163 2310; x_wconf 79' lang='lat' dir='ltr'><strong><em>ex</em></strong></span> <span class='ocrx_word' id='word_1_183' title='bbox 1208 2252 1473 2311; x_wconf 88' lang='lat' dir='ltr'><strong><em>Gentibus</em></strong></span> <span class='ocrx_word' id='word_1_184' title='bbox 1521 2253 1614 2309; x_wconf 90' lang='lat' dir='ltr'><strong><em>diu</em></strong></span> <span class='ocrx_word' id='word_1_185' title='bbox 1666 2253 1766 2307; x_wconf 89' lang='lat' dir='ltr'><strong><em>sub</em></strong></span> <span class='ocrx_word' id='word_1_186' title='bbox 1809 2251 1956 2306; x_wconf 78' lang='lat' dir='ltr'><strong><em>vitiis</em></strong></span> <span class='ocrx_word' id='word_1_187' title='bbox 2002 2259 2179 2320; x_wconf 88' lang='lat' dir='ltr'><strong><em>capta.</em></strong></span> 
     </span>
    </p>
   </div>
   <div class='ocr_carea' id='block_1_23' title="bbox 587 2342 2182 2416">
    <p class='ocr_par' dir='ltr' id='par_1_23' title="bbox 587 2342 2182 2416">
     <span class='ocr_line' id='line_1_23' title="bbox 587 2342 2182 2416; baseline -0.002 -18"><span class='ocrx_word' id='word_1_188' title='bbox 587 2342 702 2399; x_wconf 80' lang='lat' dir='ltr'><strong><em>Hoc</em></strong></span> <span class='ocrx_word' id='word_1_189' title='bbox 739 2343 887 2399; x_wconf 89' lang='lat' dir='ltr'><strong><em>enim</em></strong></span> <span class='ocrx_word' id='word_1_190' title='bbox 925 2345 1313 2416; x_wconf 83' lang='lat' dir='ltr'><strong><em>interpretatur</em></strong></span> <span class='ocrx_word' id='word_1_191' title='bbox 1348 2345 1513 2402; x_wconf 88' lang='lat' dir='ltr'><strong><em>Saba.</em></strong></span> <span class='ocrx_word' id='word_1_192' title='bbox 1556 2344 1716 2401; x_wconf 92' lang='lat' dir='ltr'><strong><em>Venit</em></strong></span> <span class='ocrx_word' id='word_1_193' title='bbox 1745 2343 1931 2399; x_wconf 90' lang='lat' dir='ltr'><strong><em>audire</em></strong></span> <span class='ocrx_word' id='word_1_194' title='bbox 1963 2343 2182 2412; x_wconf 89' lang='lat' dir='ltr'><strong><em>sapien-</em></strong></span> 
     </span>
    </p>
   </div>
   <div class='ocr_carea' id='block_1_24' title="bbox 587 2432 2185 2507">
    <p class='ocr_par' dir='ltr' id='par_1_24' title="bbox 587 2432 2185 2507">
     <span class='ocr_line' id='line_1_24' title="bbox 587 2432 2185 2507; baseline 0.001 -20"><span class='ocrx_word' id='word_1_195' title='bbox 587 2434 721 2489; x_wconf 89' lang='lat' dir='ltr'><strong><em>tiam</em></strong></span> <span class='ocrx_word' id='word_1_196' title='bbox 760 2432 1085 2501; x_wconf 88' lang='lat' dir='ltr'><strong><em>Salomonis,</em></strong></span> <span class='ocrx_word' id='word_1_197' title='bbox 1126 2444 1182 2493; x_wconf 92' lang='lat' dir='ltr'><strong><em>et</em></strong></span> <span class='ocrx_word' id='word_1_198' title='bbox 1208 2444 1421 2493; x_wconf 90' lang='lat' dir='ltr'><strong><em>tentare</em></strong></span> <span class='ocrx_word' id='word_1_199' title='bbox 1459 2453 1583 2493; x_wconf 89' lang='lat' dir='ltr'><strong><em>eum</em></strong></span> <span class='ocrx_word' id='word_1_200' title='bbox 1614 2437 1669 2492; x_wconf 91' lang='lat' dir='ltr'><strong><em>in</em></strong></span> <span class='ocrx_word' id='word_1_201' title='bbox 1698 2435 1990 2507; x_wconf 84' lang='lat' dir='ltr'><strong><em>parabolis.</em></strong></span> <span class='ocrx_word' id='word_1_202' title='bbox 2020 2434 2185 2488; x_wconf 82' lang='lat' dir='ltr'><strong><em>Multa</em></strong></span> 
     </span>
    </p>
   </div>
   <div class='ocr_carea' id='block_1_25' title="bbox 587 2526 2183 2600">
    <p class='ocr_par' dir='ltr' id='par_1_25' title="bbox 587 2526 2183 2600">
     <span class='ocr_line' id='line_1_25' title="bbox 587 2526 2183 2600; baseline -0.001 -19"><span class='ocrx_word' id='word_1_203' title='bbox 587 2528 734 2582; x_wconf 84' lang='lat' dir='ltr'><strong><em>enim</em></strong></span> <span class='ocrx_word' id='word_1_204' title='bbox 762 2529 905 2598; x_wconf 90' lang='lat' dir='ltr'><strong><em>apud</em></strong></span> <span class='ocrx_word' id='word_1_205' title='bbox 926 2544 1050 2585; x_wconf 87' lang='lat' dir='ltr'><strong><em>eam</em></strong></span> <span class='ocrx_word' id='word_1_206' title='bbox 1077 2528 1393 2587; x_wconf 83' lang='lat' dir='ltr'><strong><em>ferebantur</em></strong></span> <span class='ocrx_word' id='word_1_207' title='bbox 1417 2531 1646 2596; x_wconf 84' lang='lat' dir='ltr'><strong><em>incerta,</em></strong></span> <span class='ocrx_word' id='word_1_208' title='bbox 1665 2538 1727 2585; x_wconf 90' lang='lat' dir='ltr'><strong><em>ut</em></strong></span> <span class='ocrx_word' id='word_1_209' title='bbox 1747 2538 1875 2600; x_wconf 85' lang='lat' dir='ltr'><strong><em>pote</em></strong></span> <span class='ocrx_word' id='word_1_210' title='bbox 1907 2528 1975 2583; x_wconf 89' lang='lat' dir='ltr'><strong><em>de</em></strong></span> <span class='ocrx_word' id='word_1_211' title='bbox 2000 2526 2183 2581; x_wconf 91' lang='lat' dir='ltr'><strong><em>mundi</em></strong></span> 
     </span>
    </p>
   </div>
   <div class='ocr_carea' id='block_1_26' title="bbox 589 2615 2187 2686">
    <p class='ocr_par' dir='ltr' id='par_1_26' title="bbox 589 2615 2187 2686">
     <span class='ocr_line' id='line_1_26' title="bbox 589 2615 2187 2686; baseline -0.001 -15"><span class='ocrx_word' id='word_1_212' title='bbox 589 2618 919 2684; x_wconf 89' lang='lat' dir='ltr'><strong><em>conditione,</em></strong></span> <span class='ocrx_word' id='word_1_213' title='bbox 964 2620 1032 2675; x_wconf 92' lang='lat' dir='ltr'><strong><em>de</em></strong></span> <span class='ocrx_word' id='word_1_214' title='bbox 1075 2619 1485 2675; x_wconf 86' lang='lat' dir='ltr'><strong><em>immortalitate</em></strong></span> <span class='ocrx_word' id='word_1_215' title='bbox 1510 2621 1722 2685; x_wconf 62' lang='lat' dir='ltr'><strong><em>animae,</em></strong></span> <span class='ocrx_word' id='word_1_216' title='bbox 1750 2619 1820 2674; x_wconf 87' lang='lat' dir='ltr'><strong><em>de</em></strong></span> <span class='ocrx_word' id='word_1_217' title='bbox 1844 2615 2187 2686; x_wconf 88' lang='lat' dir='ltr'><strong><em>futurojudi-</em></strong></span> 
     </span>
    </p>
   </div>
   <div class='ocr_carea' id='block_1_27' title="bbox 590 2706 2187 2794">
    <p class='ocr_par' dir='ltr' id='par_1_27' title="bbox 590 2706 2187 2794">
     <span class='ocr_line' id='line_1_27' title="bbox 590 2706 2187 2794; baseline 0.002 -36"><span class='ocrx_word' id='word_1_218' title='bbox 590 2707 717 2794; x_wconf 57' lang='lat' dir='ltr'><strong><em>cio.</em></strong></span> <span class='ocrx_word' id='word_1_219' title='bbox 743 2707 809 2762; x_wconf 92' lang='lat' dir='ltr'><strong><em>de</em></strong></span> <span class='ocrx_word' id='word_1_220' title='bbox 847 2714 1160 2763; x_wconf 88' lang='lat' dir='ltr'><strong><em>sanctorum</em></strong></span> <span class='ocrx_word' id='word_1_221' title='bbox 1190 2708 1600 2780; x_wconf 84' lang='lat' dir='ltr'><strong><em>glorificatione,</em></strong></span> <span class='ocrx_word' id='word_1_222' title='bbox 1635 2718 1691 2765; x_wconf 89' lang='lat' dir='ltr'><strong><em>et</em></strong></span> <span class='ocrx_word' id='word_1_223' title='bbox 1719 2708 1842 2763; x_wconf 90' lang='lat' dir='ltr'><strong><em>aliis</em></strong></span> <span class='ocrx_word' id='word_1_224' title='bbox 1865 2707 2071 2762; x_wconf 91' lang='lat' dir='ltr'><strong><em>multis.</em></strong></span> <span class='ocrx_word' id='word_1_225' title='bbox 2109 2706 2187 2761; x_wconf 84' lang='lat' dir='ltr'><strong><em>De</em></strong></span> 
     </span>
    </p>
   </div>
   <div class='ocr_carea' id='block_1_28' title="bbox 591 2797 2189 2866">
    <p class='ocr_par' dir='ltr' id='par_1_28' title="bbox 591 2797 2189 2866">
     <span class='ocr_line' id='line_1_28' title="bbox 591 2797 2189 2866; baseline 0.003 -16"><span class='ocrx_word' id='word_1_226' title='bbox 591 2797 790 2866; x_wconf 80' lang='lat' dir='ltr'><strong><em>quibus</em></strong></span> <span class='ocrx_word' id='word_1_227' title='bbox 812 2800 1066 2856; x_wconf 89' lang='lat' dir='ltr'><strong><em>omnibus</em></strong></span> <span class='ocrx_word' id='word_1_228' title='bbox 1091 2802 1354 2857; x_wconf 87' lang='lat' dir='ltr'><strong><em>accedens</em></strong></span> <span class='ocrx_word' id='word_1_229' title='bbox 1379 2802 1446 2858; x_wconf 90' lang='lat' dir='ltr'><strong><em>ad</em></strong></span> <span class='ocrx_word' id='word_1_230' title='bbox 1476 2801 1753 2858; x_wconf 86' lang='lat' dir='ltr'><strong><em>Christum</em></strong></span> <span class='ocrx_word' id='word_1_231' title='bbox 1780 2801 2076 2857; x_wconf 85' lang='lat' dir='ltr'><strong><em>certificata</em></strong></span> <span class='ocrx_word' id='word_1_232' title='bbox 2102 2807 2189 2857; x_wconf 88' lang='lat' dir='ltr'><strong><em>est</em></strong></span> 
     </span>
    </p>
   </div>
   <div class='ocr_carea' id='block_1_29' title="bbox 595 2888 2181 2966">
    <p class='ocr_par' dir='ltr' id='par_1_29' title="bbox 595 2888 2181 2966">
     <span class='ocr_line' id='line_1_29' title="bbox 595 2888 2181 2966; baseline 0.003 -24"><span class='ocrx_word' id='word_1_233' title='bbox 595 2888 665 2943; x_wconf 88' lang='lat' dir='ltr'><strong><em>ad</em></strong></span> <span class='ocrx_word' id='word_1_234' title='bbox 710 2889 995 2961; x_wconf 90' lang='lat' dir='ltr'><strong><em>liquidum.</em></strong></span> <span class='ocrx_word' id='word_1_235' title='bbox 1050 2892 1119 2946; x_wconf 85' lang='lat' dir='ltr'><strong><em>Et</em></strong></span> <span class='ocrx_word' id='word_1_236' title='bbox 1170 2909 1289 2948; x_wconf 90' lang='lat' dir='ltr'><strong><em>cum</em></strong></span> <span class='ocrx_word' id='word_1_237' title='bbox 1340 2910 1403 2948; x_wconf 90' lang='lat' dir='ltr'><strong><em>ea</em></strong></span> <span class='ocrx_word' id='word_1_238' title='bbox 1449 2892 1637 2949; x_wconf 87' lang='lat' dir='ltr'><strong><em>cameli</em></strong></span> <span class='ocrx_word' id='word_1_239' title='bbox 1684 2903 1952 2966; x_wconf 86' lang='lat' dir='ltr'><strong><em>portantes</em></strong></span> <span class='ocrx_word' id='word_1_240' title='bbox 2003 2910 2181 2958; x_wconf 88' lang='lat' dir='ltr'><strong><em>onera,</em></strong></span> 
     </span>
    </p>
   </div>
   <div class='ocr_carea' id='block_1_30' title="bbox 592 2978 2185 3056">
    <p class='ocr_par' dir='ltr' id='par_1_30' title="bbox 592 2978 2185 3056">
     <span class='ocr_line' id='line_1_30' title="bbox 592 2978 2185 3056; baseline 0.004 -22"><span class='ocrx_word' id='word_1_241' title='bbox 592 2978 835 3037; x_wconf 89' lang='lat' dir='ltr'><strong><em>Gentiles</em></strong></span> <span class='ocrx_word' id='word_1_242' title='bbox 855 2981 1062 3039; x_wconf 87' lang='lat' dir='ltr'><strong><em>scilicet</em></strong></span> <span class='ocrx_word' id='word_1_243' title='bbox 1082 2981 1369 3041; x_wconf 79' lang='lat' dir='ltr'><strong><em>afferentes</em></strong></span> <span class='ocrx_word' id='word_1_244' title='bbox 1385 3000 1570 3041; x_wconf 87' lang='lat' dir='ltr'><strong><em>secum</em></strong></span> <span class='ocrx_word' id='word_1_245' title='bbox 1593 2984 1980 3042; x_wconf 68' lang='lat' dir='ltr'><strong><em>misericordiae</em></strong></span> <span class='ocrx_word' id='word_1_246' title='bbox 2001 2998 2185 3056; x_wconf 85' lang='lat' dir='ltr'><strong><em>opera,</em></strong></span> 
     </span>
    </p>
   </div>
   <div class='ocr_carea' id='block_1_31' title="bbox 593 3071 2188 3147">
    <p class='ocr_par' dir='ltr' id='par_1_31' title="bbox 593 3071 2188 3147">
     <span class='ocr_line' id='line_1_31' title="bbox 593 3071 2188 3147; baseline 0.004 -22"><span class='ocrx_word' id='word_1_247' title='bbox 593 3071 679 3128; x_wconf 91' lang='lat' dir='ltr'><strong><em>vel</em></strong></span> <span class='ocrx_word' id='word_1_248' title='bbox 719 3073 931 3128; x_wconf 90' lang='lat' dir='ltr'><strong><em>diversa</em></strong></span> <span class='ocrx_word' id='word_1_249' title='bbox 959 3074 1214 3131; x_wconf 89' lang='lat' dir='ltr'><strong><em>vitiorum</em></strong></span> <span class='ocrx_word' id='word_1_250' title='bbox 1241 3090 1460 3147; x_wconf 88' lang='lat' dir='ltr'><strong><em>genera.</em></strong></span> <span class='ocrx_word' id='word_1_251' title='bbox 1485 3075 1554 3131; x_wconf 85' lang='lat' dir='ltr'><strong><em>Et</em></strong></span> <span class='ocrx_word' id='word_1_252' title='bbox 1587 3093 1778 3132; x_wconf 90' lang='lat' dir='ltr'><strong><em>aurum</em></strong></span> <span class='ocrx_word' id='word_1_253' title='bbox 1817 3076 2060 3146; x_wconf 88' lang='lat' dir='ltr'><strong><em>multum,</em></strong></span> <span class='ocrx_word' id='word_1_254' title='bbox 2098 3092 2188 3131; x_wconf 86' lang='lat' dir='ltr'><strong><em>ra-</em></strong></span> 
     </span>
    </p>
   </div>
   <div class='ocr_carea' id='block_1_32' title="bbox 592 3165 2183 3240">
    <p class='ocr_par' dir='ltr' id='par_1_32' title="bbox 592 3165 2183 3240">
     <span class='ocr_line' id='line_1_32' title="bbox 592 3165 2183 3240; baseline 0.002 -20"><span class='ocrx_word' id='word_1_255' title='bbox 592 3165 908 3222; x_wconf 89' lang='lat' dir='ltr'><strong><em>tionabilem</em></strong></span> <span class='ocrx_word' id='word_1_256' title='bbox 952 3166 1205 3222; x_wconf 81' lang='lat' dir='ltr'><strong><em>videlicet</em></strong></span> <span class='ocrx_word' id='word_1_257' title='bbox 1242 3182 1481 3224; x_wconf 89' lang='lat' dir='ltr'><strong><em>sensum.</em></strong></span> <span class='ocrx_word' id='word_1_258' title='bbox 1523 3166 1595 3237; x_wconf 79' lang='lat' dir='ltr'><strong><em>Et</em></strong></span> <span class='ocrx_word' id='word_1_259' title='bbox 1622 3166 1851 3240; x_wconf 87' lang='lat' dir='ltr'><strong><em>lapidem</em></strong></span> <span class='ocrx_word' id='word_1_260' title='bbox 1877 3168 2183 3239; x_wconf 87' lang='lat' dir='ltr'><strong><em>pretiosum,</em></strong></span> 
     </span>
    </p>
   </div>
   <div class='ocr_carea' id='block_1_33' title="bbox 592 3258 2187 3333">
    <p class='ocr_par' dir='ltr' id='par_1_33' title="bbox 592 3258 2187 3333">
     <span class='ocr_line' id='line_1_33' title="bbox 592 3258 2187 3333; baseline 0.001 -19"><span class='ocrx_word' id='word_1_261' title='bbox 592 3258 897 3316; x_wconf 89' lang='lat' dir='ltr'><strong><em>naturalem</em></strong></span> <span class='ocrx_word' id='word_1_262' title='bbox 929 3259 1281 3317; x_wconf 86' lang='lat' dir='ltr'><strong><em>intellectum.</em></strong></span> <span class='ocrx_word' id='word_1_263' title='bbox 1309 3261 1552 3333; x_wconf 87' lang='lat' dir='ltr'><strong><em>Ingressa</em></strong></span> <span class='ocrx_word' id='word_1_264' title='bbox 1576 3268 1661 3317; x_wconf 90' lang='lat' dir='ltr'><strong><em>est</em></strong></span> <span class='ocrx_word' id='word_1_265' title='bbox 1691 3276 1790 3332; x_wconf 90' lang='lat' dir='ltr'><strong><em>per</em></strong></span> <span class='ocrx_word' id='word_1_266' title='bbox 1810 3260 2187 3332; x_wconf 76' lang='lat' dir='ltr'><strong><em>pmnitentiam</em></strong></span> 
     </span>
    </p>
   </div>
   <div class='ocr_carea' id='block_1_34' title="bbox 595 3350 2191 3425">
    <p class='ocr_par' dir='ltr' id='par_1_34' title="bbox 595 3350 2191 3425">
     <span class='ocr_line' id='line_1_34' title="bbox 595 3350 2191 3425; baseline 0.002 -18"><span class='ocrx_word' id='word_1_267' title='bbox 595 3350 664 3407; x_wconf 87' lang='lat' dir='ltr'><strong><em>ad</em></strong></span> <span class='ocrx_word' id='word_1_268' title='bbox 688 3367 879 3406; x_wconf 91' lang='lat' dir='ltr'><strong><em>verum</em></strong></span> <span class='ocrx_word' id='word_1_269' title='bbox 912 3352 1295 3419; x_wconf 89' lang='lat' dir='ltr'><strong><em>Salomonem;</em></strong></span> <span class='ocrx_word' id='word_1_270' title='bbox 1331 3353 1511 3411; x_wconf 89' lang='lat' dir='ltr'><strong><em>locuta</em></strong></span> <span class='ocrx_word' id='word_1_271' title='bbox 1548 3362 1633 3412; x_wconf 90' lang='lat' dir='ltr'><strong><em>est</em></strong></span> <span class='ocrx_word' id='word_1_272' title='bbox 1655 3354 1706 3411; x_wconf 89' lang='lat' dir='ltr'><strong><em>ei</em></strong></span> <span class='ocrx_word' id='word_1_273' title='bbox 1731 3355 1911 3411; x_wconf 87' lang='lat' dir='ltr'><strong><em>omnia</em></strong></span> <span class='ocrx_word' id='word_1_274' title='bbox 1936 3368 2037 3425; x_wconf 90' lang='lat' dir='ltr'><strong><em>per</em></strong></span> <span class='ocrx_word' id='word_1_275' title='bbox 2060 3368 2191 3411; x_wconf 83' lang='lat' dir='ltr'><strong><em>con-</em></strong></span> 
     </span>
    </p>
   </div>
   <div class='ocr_carea' id='block_1_35' title="bbox 592 3444 2192 3518">
    <p class='ocr_par' dir='ltr' id='par_1_35' title="bbox 592 3444 2192 3518">
     <span class='ocr_line' id='line_1_35' title="bbox 592 3444 2192 3518; baseline 0.001 -17"><span class='ocrx_word' id='word_1_276' title='bbox 592 3446 909 3501; x_wconf 81' lang='lat' dir='ltr'><strong><em>fessionem.</em></strong></span> <span class='ocrx_word' id='word_1_277' title='bbox 954 3444 1062 3503; x_wconf 88' lang='lat' dir='ltr'><strong><em>Sed</em></strong></span> <span class='ocrx_word' id='word_1_278' title='bbox 1090 3453 1147 3501; x_wconf 90' lang='lat' dir='ltr'><strong><em>et</em></strong></span> <span class='ocrx_word' id='word_1_279' title='bbox 1173 3445 1430 3503; x_wconf 89' lang='lat' dir='ltr'><strong><em>Salomon</em></strong></span> <span class='ocrx_word' id='word_1_280' title='bbox 1458 3447 1642 3504; x_wconf 88' lang='lat' dir='ltr'><strong><em>omnia</em></strong></span> <span class='ocrx_word' id='word_1_281' title='bbox 1675 3447 1843 3504; x_wconf 87' lang='lat' dir='ltr'><strong><em>verba</em></strong></span> <span class='ocrx_word' id='word_1_282' title='bbox 1871 3446 1989 3518; x_wconf 85' lang='lat' dir='ltr'><strong><em>ejus</em></strong></span> <span class='ocrx_word' id='word_1_283' title='bbox 2018 3460 2192 3502; x_wconf 88' lang='lat' dir='ltr'><strong><em>enun-</em></strong></span> 
     </span>
    </p>
   </div>
   <div class='ocr_carea' id='block_1_36' title="bbox 596 3537 2189 3610">
    <p class='ocr_par' dir='ltr' id='par_1_36' title="bbox 596 3537 2189 3610">
     <span class='ocr_line' id='line_1_36' title="bbox 596 3537 2189 3610; baseline -0.001 -16"><span class='ocrx_word' id='word_1_284' title='bbox 596 3537 754 3594; x_wconf 89' lang='lat' dir='ltr'><strong><em>tiavit</em></strong></span> <span class='ocrx_word' id='word_1_285' title='bbox 782 3538 856 3604; x_wconf 93' lang='lat' dir='ltr'><strong><em>ei,</em></strong></span> <span class='ocrx_word' id='word_1_286' title='bbox 883 3538 1012 3609; x_wconf 88' lang='lat' dir='ltr'><strong><em>quia</em></strong></span> <span class='ocrx_word' id='word_1_287' title='bbox 1047 3547 1337 3610; x_wconf 89' lang='lat' dir='ltr'><strong><em>postquam</em></strong></span> <span class='ocrx_word' id='word_1_288' title='bbox 1366 3538 1443 3594; x_wconf 89' lang='lat' dir='ltr'><strong><em>illi</em></strong></span> <span class='ocrx_word' id='word_1_289' title='bbox 1471 3539 1816 3597; x_wconf 88' lang='lat' dir='ltr'><strong><em>reconciliata</em></strong></span> <span class='ocrx_word' id='word_1_290' title='bbox 1847 3546 1950 3604; x_wconf 90' lang='lat' dir='ltr'><strong><em>est,</em></strong></span> <span class='ocrx_word' id='word_1_291' title='bbox 1980 3545 2107 3609; x_wconf 89' lang='lat' dir='ltr'><strong><em>post</em></strong></span> <span class='ocrx_word' id='word_1_292' title='bbox 2132 3537 2189 3594; x_wconf 94' lang='lat' dir='ltr'><strong><em>in</em></strong></span> 
     </span>
    </p>
   </div>
   <div class='ocr_carea' id='block_1_37' title="bbox 594 3627 2191 3701">
    <p class='ocr_par' dir='ltr' id='par_1_37' title="bbox 594 3627 2191 3701">
     <span class='ocr_line' id='line_1_37' title="bbox 594 3627 2191 3701; baseline -0.001 -15"><span class='ocrx_word' id='word_1_293' title='bbox 594 3632 827 3688; x_wconf 87' lang='lat' dir='ltr'><strong><em>amicam</em></strong></span> <span class='ocrx_word' id='word_1_294' title='bbox 869 3639 925 3684; x_wconf 89' lang='lat' dir='ltr'><strong><em>et</em></strong></span> <span class='ocrx_word' id='word_1_295' title='bbox 962 3644 1215 3701; x_wconf 84' lang='lat' dir='ltr'><strong><em>sponsam</em></strong></span> <span class='ocrx_word' id='word_1_296' title='bbox 1255 3646 1413 3687; x_wconf 90' lang='lat' dir='ltr'><strong><em>versa</em></strong></span> <span class='ocrx_word' id='word_1_297' title='bbox 1456 3639 1560 3687; x_wconf 89' lang='lat' dir='ltr'><strong><em>est.</em></strong></span> <span class='ocrx_word' id='word_1_298' title='bbox 1608 3630 1762 3687; x_wconf 89' lang='lat' dir='ltr'><strong><em>Tunc</em></strong></span> <span class='ocrx_word' id='word_1_299' title='bbox 1800 3627 1959 3688; x_wconf 71' lang='lat' dir='ltr'><strong><em>Iesus</em></strong></span> <span class='ocrx_word' id='word_1_300' title='bbox 1984 3645 2106 3686; x_wconf 91' lang='lat' dir='ltr'><strong><em>eam</em></strong></span> <span class='ocrx_word' id='word_1_301' title='bbox 2134 3629 2191 3685; x_wconf 90' lang='lat' dir='ltr'><strong><em>in</em></strong></span> 
     </span>
    </p>
   </div>
   <div class='ocr_carea' id='block_1_38' title="bbox 595 3720 2191 3794">
    <p class='ocr_par' dir='ltr' id='par_1_38' title="bbox 595 3720 2191 3794">
     <span class='ocr_line' id='line_1_38' title="bbox 595 3720 2191 3794; baseline 0 -18"><span class='ocrx_word' id='word_1_302' title='bbox 595 3720 788 3776; x_wconf 88' lang='lat' dir='ltr'><strong><em>cellam</em></strong></span> <span class='ocrx_word' id='word_1_303' title='bbox 817 3721 1116 3775; x_wconf 82' lang='lat' dir='ltr'><strong><em>introduxit</em></strong></span> <span class='ocrx_word' id='word_1_304' title='bbox 1150 3721 1415 3775; x_wconf 76' lang='lat' dir='ltr'><strong><em>vinariam</em></strong></span> <span class='ocrx_word' id='word_1_305' title='bbox 1446 3720 1624 3793; x_wconf 85' lang='lat' dir='ltr'><strong><em>(Cant.</em></strong></span> <span class='ocrx_word' id='word_1_306' title='bbox 1653 3739 1693 3788; x_wconf 85' lang='grc' dir='ltr'><strong><em>ι,</em></strong></span> <span class='ocrx_word' id='word_1_307' title='bbox 1714 3722 1793 3794; x_wconf 68' lang='grc'><strong><em>4),</em></strong></span> <span class='ocrx_word' id='word_1_308' title='bbox 1844 3722 1972 3778; x_wconf 90' lang='lat' dir='ltr'><strong><em>hinc</em></strong></span> <span class='ocrx_word' id='word_1_309' title='bbox 2007 3729 2191 3778; x_wconf 88' lang='lat' dir='ltr'><strong><em>osten-</em></strong></span> 
     </span>
    </p>
   </div>
   <div class='ocr_carea' id='block_1_39' title="bbox 596 3811 2191 3885">
    <p class='ocr_par' dir='ltr' id='par_1_39' title="bbox 596 3811 2191 3885">
     <span class='ocr_line' id='line_1_39' title="bbox 596 3811 2191 3885; baseline 0 -16"><span class='ocrx_word' id='word_1_310' title='bbox 596 3814 674 3869; x_wconf 88' lang='lat' dir='ltr'><strong><em>dit</em></strong></span> <span class='ocrx_word' id='word_1_311' title='bbox 710 3814 761 3868; x_wconf 89' lang='lat' dir='ltr'><strong><em>ei</em></strong></span> <span class='ocrx_word' id='word_1_312' title='bbox 782 3811 1113 3869; x_wconf 79' lang='lat' dir='ltr'><strong><em>ineffabilem</em></strong></span> <span class='ocrx_word' id='word_1_313' title='bbox 1141 3812 1448 3869; x_wconf 88' lang='lat' dir='ltr'><strong><em>divitiarum</em></strong></span> <span class='ocrx_word' id='word_1_314' title='bbox 1476 3815 1708 3885; x_wconf 91' lang='lat' dir='ltr'><strong><em>copiam.</em></strong></span> <span class='ocrx_word' id='word_1_315' title='bbox 1747 3813 1896 3871; x_wconf 88' lang='lat' dir='ltr'><strong><em>Unde</em></strong></span> <span class='ocrx_word' id='word_1_316' title='bbox 1922 3814 1980 3870; x_wconf 89' lang='lat' dir='ltr'><strong><em>in</em></strong></span> <span class='ocrx_word' id='word_1_317' title='bbox 2020 3815 2191 3869; x_wconf 90' lang='lat' dir='ltr'><strong><em>Evan-</em></strong></span> 
     </span>
    </p>
   </div>
   <div class='ocr_carea' id='block_1_40' title="bbox 599 3904 2191 3979">
    <p class='ocr_par' dir='ltr' id='par_1_40' title="bbox 599 3904 2191 3979">
     <span class='ocr_line' id='line_1_40' title="bbox 599 3904 2191 3979; baseline 0.001 -20"><span class='ocrx_word' id='word_1_318' title='bbox 599 3904 740 3974; x_wconf 84' lang='lat' dir='ltr'><strong><em>gelio</em></strong></span> <span class='ocrx_word' id='word_1_319' title='bbox 770 3919 786 3958; x_wconf 87' lang='lat'><strong>:</strong></span> <span class='ocrx_word' id='word_1_320' title='bbox 811 3904 938 3959; x_wconf 79' lang='lat' dir='ltr'><strong><em>1am</em></strong></span> <span class='ocrx_word' id='word_1_321' title='bbox 967 3920 1071 3959; x_wconf 90' lang='lat' dir='ltr'><strong><em>non</em></strong></span> <span class='ocrx_word' id='word_1_322' title='bbox 1094 3904 1271 3959; x_wconf 89' lang='lat' dir='ltr'><strong><em>dicam</em></strong></span> <span class='ocrx_word' id='word_1_323' title='bbox 1315 3922 1401 3960; x_wconf 89' lang='lat' dir='ltr'><strong><em>vos</em></strong></span> <span class='ocrx_word' id='word_1_324' title='bbox 1443 3922 1639 3973; x_wconf 87' lang='lat' dir='ltr'><strong><em>servos,</em></strong></span> <span class='ocrx_word' id='word_1_325' title='bbox 1686 3905 1778 3961; x_wconf 82' lang='lat' dir='ltr'><strong><em>sed</em></strong></span> <span class='ocrx_word' id='word_1_326' title='bbox 1823 3906 2038 3975; x_wconf 81' lang='lat' dir='ltr'><strong><em>amicos,</em></strong></span> <span class='ocrx_word' id='word_1_327' title='bbox 2063 3906 2191 3979; x_wconf 85' lang='lat' dir='ltr'><strong><em>quia</em></strong></span> 
     </span>
    </p>
   </div>
   <div class='ocr_carea' id='block_1_41' title="bbox 599 3986 2189 4069">
    <p class='ocr_par' dir='ltr' id='par_1_41' title="bbox 599 3986 2189 4069">
     <span class='ocr_line' id='line_1_41' title="bbox 599 3986 2189 4069; baseline 0.002 -18"><span class='ocrx_word' id='word_1_328' title='bbox 599 3997 780 4051; x_wconf 87' lang='lat' dir='ltr'><strong><em>omnia</em></strong></span> <span class='ocrx_word' id='word_1_329' title='bbox 832 4012 1151 4068; x_wconf 67' lang='lat' dir='ltr'><strong><em>quaecunque</em></strong></span> <span class='ocrx_word' id='word_1_330' title='bbox 1197 3996 1375 4051; x_wconf 88' lang='lat' dir='ltr'><strong><em>audivi</em></strong></span> <span class='ocrx_word' id='word_1_331' title='bbox 1424 4014 1458 4051; x_wconf 95' lang='lat' dir='ltr'><strong><em>a</em></strong></span> <span class='ocrx_word' id='word_1_332' title='bbox 1506 3996 1669 4053; x_wconf 89' lang='lat' dir='ltr'><strong><em>Patre</em></strong></span> <span class='ocrx_word' id='word_1_333' title='bbox 1717 3986 1852 4064; x_wconf 81' lang='lat' dir='ltr'><strong><em>meo,</em></strong></span> <span class='ocrx_word' id='word_1_334' title='bbox 1904 4008 2027 4053; x_wconf 89' lang='lat' dir='ltr'><strong><em>nota</em></strong></span> <span class='ocrx_word' id='word_1_335' title='bbox 2088 3999 2189 4069; x_wconf 77' lang='lat' dir='ltr'><strong><em>feci</em></strong></span> 
     </span>
    </p>
   </div>
   <div class='ocr_carea' id='block_1_42' title="bbox 598 4089 2192 4162">
    <p class='ocr_par' dir='ltr' id='par_1_42' title="bbox 598 4089 2192 4162">
     <span class='ocr_line' id='line_1_42' title="bbox 598 4089 2192 4162; baseline 0.001 -16"><span class='ocrx_word' id='word_1_336' title='bbox 598 4090 741 4146; x_wconf 83' lang='lat' dir='ltr'><strong><em>vobis</em></strong></span> <span class='ocrx_word' id='word_1_337' title='bbox 763 4090 946 4161; x_wconf 85' lang='lat' dir='ltr'><strong><em>(Joan.</em></strong></span> <span class='ocrx_word' id='word_1_338' title='bbox 972 4106 1062 4157; x_wconf 78' lang='lat' dir='ltr'><strong><em>xv,</em></strong></span> <span class='ocrx_word' id='word_1_339' title='bbox 1081 4089 1191 4162; x_wconf 85' lang='grc'><strong>15).</strong></span> <span class='ocrx_word' id='word_1_340' title='bbox 1221 4089 1369 4146; x_wconf 84' lang='lat' dir='ltr'><strong><em>Vidit</em></strong></span> <span class='ocrx_word' id='word_1_341' title='bbox 1390 4105 1606 4161; x_wconf 92' lang='lat' dir='ltr'><strong><em>quoque</em></strong></span> <span class='ocrx_word' id='word_1_342' title='bbox 1632 4089 1950 4162; x_wconf 87' lang='lat' dir='ltr'><strong><em>sapientiam</em></strong></span> <span class='ocrx_word' id='word_1_343' title='bbox 1980 4099 2037 4147; x_wconf 87' lang='lat' dir='ltr'><strong><em>et</em></strong></span> <span class='ocrx_word' id='word_1_344' title='bbox 2063 4105 2192 4161; x_wconf 85' lang='lat' dir='ltr'><strong><em>pru—</em></strong></span> 
     </span>
    </p>
   </div>
   <div class='ocr_carea' id='block_1_43' title="bbox 599 4180 2192 4254">
    <p class='ocr_par' dir='ltr' id='par_1_43' title="bbox 599 4180 2192 4254">
     <span class='ocr_line' id='line_1_43' title="bbox 599 4180 2192 4254; baseline 0.001 -16"><span class='ocrx_word' id='word_1_345' title='bbox 599 4184 838 4239; x_wconf 87' lang='lat' dir='ltr'><strong><em>dentiam</em></strong></span> <span class='ocrx_word' id='word_1_346' title='bbox 864 4180 1017 4251; x_wconf 85' lang='lat' dir='ltr'><strong><em>ejus:</em></strong></span> <span class='ocrx_word' id='word_1_347' title='bbox 1040 4182 1384 4254; x_wconf 88' lang='lat' dir='ltr'><strong><em>prudentiam</em></strong></span> <span class='ocrx_word' id='word_1_348' title='bbox 1414 4182 1644 4249; x_wconf 89' lang='lat' dir='ltr'><strong><em>scilicet,</em></strong></span> <span class='ocrx_word' id='word_1_349' title='bbox 1673 4198 1780 4253; x_wconf 91' lang='lat' dir='ltr'><strong><em>qua</em></strong></span> <span class='ocrx_word' id='word_1_350' title='bbox 1807 4182 2043 4253; x_wconf 89' lang='lat' dir='ltr'><strong><em>disponit</em></strong></span> <span class='ocrx_word' id='word_1_351' title='bbox 2092 4182 2192 4238; x_wconf 91' lang='lat' dir='ltr'><strong><em>hu-</em></strong></span> 
     </span>
    </p>
   </div>
   <div class='ocr_carea' id='block_1_44' title="bbox 599 4276 2190 4349">
    <p class='ocr_par' dir='ltr' id='par_1_44' title="bbox 599 4276 2190 4349">
     <span class='ocr_line' id='line_1_44' title="bbox 599 4276 2190 4349; baseline 0 -16"><span class='ocrx_word' id='word_1_352' title='bbox 599 4294 759 4333; x_wconf 85' lang='lat' dir='ltr'><strong><em>mana</em></strong></span> <span class='ocrx_word' id='word_1_353' title='bbox 783 4295 798 4345; x_wconf 91' lang='lat'><strong>;</strong></span> <span class='ocrx_word' id='word_1_354' title='bbox 833 4278 1174 4349; x_wconf 87' lang='lat' dir='ltr'><strong><em>sapientiam,</em></strong></span> <span class='ocrx_word' id='word_1_355' title='bbox 1205 4292 1310 4347; x_wconf 88' lang='lat' dir='ltr'><strong><em>qua</em></strong></span> <span class='ocrx_word' id='word_1_356' title='bbox 1333 4277 1475 4349; x_wconf 86' lang='lat' dir='ltr'><strong><em>regit</em></strong></span> <span class='ocrx_word' id='word_1_357' title='bbox 1500 4278 1701 4333; x_wconf 90' lang='lat' dir='ltr'><strong><em>divina.</em></strong></span> <span class='ocrx_word' id='word_1_358' title='bbox 1727 4276 1797 4331; x_wconf 89' lang='lat' dir='ltr'><strong><em>Et</em></strong></span> <span class='ocrx_word' id='word_1_359' title='bbox 1834 4278 2047 4333; x_wconf 84' lang='lat' dir='ltr'><strong><em>domum</em></strong></span> <span class='ocrx_word' id='word_1_360' title='bbox 2075 4277 2190 4348; x_wconf 87' lang='lat' dir='ltr'><strong><em>ejus</em></strong></span> 
     </span>
    </p>
   </div>
   <div class='ocr_carea' id='block_1_45' title="bbox 599 4370 2191 4446">
    <p class='ocr_par' dir='ltr' id='par_1_45' title="bbox 599 4370 2191 4446">
     <span class='ocr_line' id='line_1_45' title="bbox 599 4370 2191 4446; baseline 0.003 -21"><span class='ocrx_word' id='word_1_361' title='bbox 599 4371 785 4444; x_wconf 83' lang='lat' dir='ltr'><strong><em>(Prov.</em></strong></span> <span class='ocrx_word' id='word_1_362' title='bbox 816 4388 892 4438; x_wconf 82' lang='lat' dir='ltr'><strong><em>ix,</em></strong></span> <span class='ocrx_word' id='word_1_363' title='bbox 926 4372 1001 4446; x_wconf 91' lang='grc'><strong><em>1),</em></strong></span> <span class='ocrx_word' id='word_1_364' title='bbox 1032 4370 1419 4428; x_wconf 85' lang='lat' dir='ltr'><strong><em>incarnationis</em></strong></span> <span class='ocrx_word' id='word_1_365' title='bbox 1462 4371 1578 4442; x_wconf 88' lang='lat' dir='ltr'><strong><em>ejus</em></strong></span> <span class='ocrx_word' id='word_1_366' title='bbox 1621 4372 1898 4444; x_wconf 90' lang='lat' dir='ltr'><strong><em>mysteria.</em></strong></span> <span class='ocrx_word' id='word_1_367' title='bbox 1943 4373 2062 4442; x_wconf 83' lang='lat' dir='ltr'><strong><em>Ipsa</em></strong></span> <span class='ocrx_word' id='word_1_368' title='bbox 2107 4382 2191 4428; x_wconf 89' lang='lat' dir='ltr'><strong><em>est</em></strong></span> 
     </span>
    </p>
   </div>
   <div class='ocr_carea' id='block_1_46' title="bbox 599 4463 2189 4536">
    <p class='ocr_par' dir='ltr' id='par_1_46' title="bbox 599 4463 2189 4536">
     <span class='ocr_line' id='line_1_46' title="bbox 599 4463 2189 4536; baseline 0.002 -17"><span class='ocrx_word' id='word_1_369' title='bbox 599 4465 746 4519; x_wconf 85' lang='lat' dir='ltr'><strong><em>enim</em></strong></span> <span class='ocrx_word' id='word_1_370' title='bbox 776 4479 942 4535; x_wconf 89' lang='lat' dir='ltr'><strong><em>quam</em></strong></span> <span class='ocrx_word' id='word_1_371' title='bbox 980 4463 1084 4521; x_wconf 90' lang='lat' dir='ltr'><strong><em>sibi</em></strong></span> <span class='ocrx_word' id='word_1_372' title='bbox 1135 4464 1420 4521; x_wconf 58' lang='lat' dir='ltr'><strong><em>aedificavit</em></strong></span> <span class='ocrx_word' id='word_1_373' title='bbox 1459 4465 1745 4536; x_wconf 88' lang='lat' dir='ltr'><strong><em>sapientia.</em></strong></span> <span class='ocrx_word' id='word_1_374' title='bbox 1783 4466 1928 4523; x_wconf 81' lang='lat' dir='ltr'><strong><em>Vidit</em></strong></span> <span class='ocrx_word' id='word_1_375' title='bbox 1954 4473 2009 4521; x_wconf 92' lang='lat' dir='ltr'><strong><em>et</em></strong></span> <span class='ocrx_word' id='word_1_376' title='bbox 2037 4466 2189 4522; x_wconf 89' lang='lat' dir='ltr'><strong><em>cibos</em></strong></span> 
     </span>
    </p>
   </div>
   <div class='ocr_carea' id='block_1_47' title="bbox 599 4557 2269 4652">
    <p class='ocr_par' dir='ltr' id='par_1_47' title="bbox 599 4557 2269 4652">
     <span class='ocr_line' id='line_1_47' title="bbox 599 4557 2269 4652; baseline 0.001 -39"><span class='ocrx_word' id='word_1_377' title='bbox 599 4557 925 4624; x_wconf 87' lang='lat' dir='ltr'><strong><em>Salomonis,</em></strong></span> <span class='ocrx_word' id='word_1_378' title='bbox 983 4557 1196 4613; x_wconf 89' lang='lat' dir='ltr'><strong><em>diversa</em></strong></span> <span class='ocrx_word' id='word_1_379' title='bbox 1236 4557 1455 4628; x_wconf 90' lang='lat' dir='ltr'><strong><em>pietatis</em></strong></span> <span class='ocrx_word' id='word_1_380' title='bbox 1481 4572 1703 4629; x_wconf 88' lang='lat' dir='ltr'><strong><em>genera,</em></strong></span> <span class='ocrx_word' id='word_1_381' title='bbox 1750 4566 1807 4614; x_wconf 92' lang='lat' dir='ltr'><strong><em>et</em></strong></span> <span class='ocrx_word' id='word_1_382' title='bbox 1846 4559 2029 4615; x_wconf 90' lang='lat' dir='ltr'><strong><em>varios</em></strong></span> <span class='ocrx_word' id='word_1_383' title='bbox 2057 4557 2187 4614; x_wconf 75' lang='lat' dir='ltr'><strong><em>affe-</em></strong></span> <span class='ocrx_word' id='word_1_384' title='bbox 2216 4592 2269 4652; x_wconf 73' lang='grc' dir='ltr'><strong>ι)</strong></span> 
     </span>
    </p>
   </div>
   <div class='ocr_carea' id='block_1_48' title="bbox 598 4648 2187 4721">
    <p class='ocr_par' dir='ltr' id='par_1_48' title="bbox 598 4648 2187 4721">
     <span class='ocr_line' id='line_1_48' title="bbox 598 4648 2187 4721; baseline -0.001 -15"><span class='ocrx_word' id='word_1_385' title='bbox 598 4658 719 4706; x_wconf 88' lang='lat' dir='ltr'><strong><em>ctus</em></strong></span> <span class='ocrx_word' id='word_1_386' title='bbox 760 4651 1025 4706; x_wconf 64' lang='lat' dir='ltr'><strong><em>ordinatae</em></strong></span> <span class='ocrx_word' id='word_1_387' title='bbox 1069 4648 1393 4706; x_wconf 89' lang='lat' dir='ltr'><strong><em>dilectionis.</em></strong></span> <span class='ocrx_word' id='word_1_388' title='bbox 1428 4649 1574 4706; x_wconf 89' lang='lat' dir='ltr'><strong><em>Vidit</em></strong></span> <span class='ocrx_word' id='word_1_389' title='bbox 1600 4665 1892 4721; x_wconf 89' lang='lat' dir='ltr'><strong><em>puerorum</em></strong></span> <span class='ocrx_word' id='word_1_390' title='bbox 1940 4648 2058 4719; x_wconf 86' lang='lat' dir='ltr'><strong><em>ejus</em></strong></span> <span class='ocrx_word' id='word_1_391' title='bbox 2097 4664 2187 4705; x_wconf 89' lang='lat' dir='ltr'><strong><em>se-</em></strong></span> 
     </span>
    </p>
   </div>
   <div class='ocr_carea' id='block_1_49' title="bbox 598 4740 2186 4813">
    <p class='ocr_par' dir='ltr' id='par_1_49' title="bbox 598 4740 2186 4813">
     <span class='ocr_line' id='line_1_49' title="bbox 598 4740 2186 4813; baseline -0.003 -15"><span class='ocrx_word' id='word_1_392' title='bbox 598 4743 743 4810; x_wconf 87' lang='lat' dir='ltr'><strong><em>dem,</em></strong></span> <span class='ocrx_word' id='word_1_393' title='bbox 787 4742 1217 4799; x_wconf 74' lang='lat' dir='ltr'><strong><em>emlesiasticum</em></strong></span> <span class='ocrx_word' id='word_1_394' title='bbox 1245 4742 1301 4797; x_wconf 92' lang='lat' dir='ltr'><strong><em>in</em></strong></span> <span class='ocrx_word' id='word_1_395' title='bbox 1325 4741 1592 4813; x_wconf 89' lang='lat' dir='ltr'><strong><em>episcopis</em></strong></span> <span class='ocrx_word' id='word_1_396' title='bbox 1637 4748 1692 4797; x_wconf 91' lang='lat' dir='ltr'><strong><em>et</em></strong></span> <span class='ocrx_word' id='word_1_397' title='bbox 1727 4740 2061 4812; x_wconf 88' lang='lat' dir='ltr'><strong><em>presbyteris</em></strong></span> <span class='ocrx_word' id='word_1_398' title='bbox 2094 4754 2186 4795; x_wconf 91' lang='lat' dir='ltr'><strong><em>or-</em></strong></span> 
     </span>
    </p>
   </div>
   <div class='ocr_carea' id='block_1_50' title="bbox 597 4831 2187 4905">
    <p class='ocr_par' dir='ltr' id='par_1_50' title="bbox 597 4831 2187 4905">
     <span class='ocr_line' id='line_1_50' title="bbox 597 4831 2187 4905; baseline -0.001 -16"><span class='ocrx_word' id='word_1_399' title='bbox 597 4834 799 4890; x_wconf 89' lang='lat' dir='ltr'><strong><em>dinem.</em></strong></span> <span class='ocrx_word' id='word_1_400' title='bbox 849 4836 993 4893; x_wconf 89' lang='lat' dir='ltr'><strong><em>Vidit</em></strong></span> <span class='ocrx_word' id='word_1_401' title='bbox 1028 4835 1400 4893; x_wconf 86' lang='lat' dir='ltr'><strong><em>ministrorum</em></strong></span> <span class='ocrx_word' id='word_1_402' title='bbox 1431 4834 1547 4905; x_wconf 86' lang='lat' dir='ltr'><strong><em>ejus</em></strong></span> <span class='ocrx_word' id='word_1_403' title='bbox 1576 4833 1815 4901; x_wconf 81' lang='lat' dir='ltr'><strong><em>ordines,</em></strong></span> <span class='ocrx_word' id='word_1_404' title='bbox 1872 4831 2187 4888; x_wconf 89' lang='lat' dir='ltr'><strong><em>inferiorum</em></strong></span> 
     </span>
    </p>
   </div>
   <div class='ocr_carea' id='block_1_51' title="bbox 598 4920 2190 4999">
    <p class='ocr_par' dir='ltr' id='par_1_51' title="bbox 598 4920 2190 4999">
     <span class='ocr_line' id='line_1_51' title="bbox 598 4920 2190 4999; baseline -0.001 -19"><span class='ocrx_word' id='word_1_405' title='bbox 598 4925 807 4981; x_wconf 80' lang='lat' dir='ltr'><strong><em>scilicet</em></strong></span> <span class='ocrx_word' id='word_1_406' title='bbox 861 4927 1125 4999; x_wconf 87' lang='lat' dir='ltr'><strong><em>graduum</em></strong></span> <span class='ocrx_word' id='word_1_407' title='bbox 1183 4934 1360 4994; x_wconf 78' lang='lat' dir='ltr'><strong><em>status</em></strong></span> <span class='ocrx_word' id='word_1_408' title='bbox 1422 4924 1752 4981; x_wconf 80' lang='lat' dir='ltr'><strong><em>differentes.</em></strong></span> <span class='ocrx_word' id='word_1_409' title='bbox 1809 4923 1918 4979; x_wconf 89' lang='lat' dir='ltr'><strong><em>Sed</em></strong></span> <span class='ocrx_word' id='word_1_410' title='bbox 1970 4932 2026 4978; x_wconf 91' lang='lat' dir='ltr'><strong><em>et</em></strong></span> <span class='ocrx_word' id='word_1_411' title='bbox 2072 4920 2190 4990; x_wconf 83' lang='lat' dir='ltr'><strong><em>ejus</em></strong></span> 
     </span>
    </p>
   </div>
   <div class='ocr_carea' id='block_1_52' title="bbox 598 5014 2187 5088">
    <p class='ocr_par' dir='ltr' id='par_1_52' title="bbox 598 5014 2187 5088">
     <span class='ocr_line' id='line_1_52' title="bbox 598 5014 2187 5088; baseline 0.002 -20"><span class='ocrx_word' id='word_1_412' title='bbox 598 5024 801 5082; x_wconf 89' lang='lat' dir='ltr'><strong><em>vestes,</em></strong></span> <span class='ocrx_word' id='word_1_413' title='bbox 843 5018 1083 5088; x_wconf 91' lang='lat' dir='ltr'><strong><em>singulos</em></strong></span> <span class='ocrx_word' id='word_1_414' title='bbox 1115 5018 1473 5083; x_wconf 86' lang='lat' dir='ltr'><strong><em>credentium,</em></strong></span> <span class='ocrx_word' id='word_1_415' title='bbox 1524 5014 1608 5072; x_wconf 88' lang='lat' dir='ltr'><strong><em>vel</em></strong></span> <span class='ocrx_word' id='word_1_416' title='bbox 1645 5022 1964 5072; x_wconf 89' lang='lat' dir='ltr'><strong><em>ornamenta</em></strong></span> <span class='ocrx_word' id='word_1_417' title='bbox 2015 5016 2187 5071; x_wconf 89' lang='lat' dir='ltr'><strong><em>virtu-</em></strong></span> 
     </span>
    </p>
   </div>
   <div class='ocr_carea' id='block_1_53' title="bbox 601 5106 2185 5178">
    <p class='ocr_par' dir='ltr' id='par_1_53' title="bbox 601 5106 2185 5178">
     <span class='ocr_line' id='line_1_53' title="bbox 601 5106 2185 5178; baseline 0.003 -17"><span class='ocrx_word' id='word_1_418' title='bbox 601 5116 736 5178; x_wconf 86' lang='lat' dir='ltr'><strong><em>tum.</em></strong></span> <span class='ocrx_word' id='word_1_419' title='bbox 774 5107 898 5163; x_wconf 90' lang='lat' dir='ltr'><strong><em>Vini</em></strong></span> <span class='ocrx_word' id='word_1_420' title='bbox 922 5124 1137 5178; x_wconf 89' lang='lat' dir='ltr'><strong><em>quoque</em></strong></span> <span class='ocrx_word' id='word_1_421' title='bbox 1161 5108 1392 5176; x_wconf 89' lang='lat' dir='ltr'><strong><em>fusores,</em></strong></span> <span class='ocrx_word' id='word_1_422' title='bbox 1436 5108 1640 5164; x_wconf 89' lang='lat' dir='ltr'><strong><em>electos</em></strong></span> <span class='ocrx_word' id='word_1_423' title='bbox 1666 5107 1817 5163; x_wconf 87' lang='lat' dir='ltr'><strong><em>verbi</em></strong></span> <span class='ocrx_word' id='word_1_424' title='bbox 1853 5106 2021 5163; x_wconf 91' lang='lat' dir='ltr'><strong><em>divini</em></strong></span> <span class='ocrx_word' id='word_1_425' title='bbox 2044 5122 2185 5178; x_wconf 65' lang='lat' dir='ltr'><strong><em>prae-</em></strong></span> 
     </span>
    </p>
   </div>
   <div class='ocr_carea' id='block_1_54' title="bbox 600 5196 2192 5268">
    <p class='ocr_par' dir='ltr' id='par_1_54' title="bbox 600 5196 2192 5268">
     <span class='ocr_line' id='line_1_54' title="bbox 600 5196 2192 5268; baseline 0.001 -16"><span class='ocrx_word' id='word_1_426' title='bbox 600 5199 891 5253; x_wconf 89' lang='lat' dir='ltr'><strong><em>dicatores.</em></strong></span> <span class='ocrx_word' id='word_1_427' title='bbox 943 5199 1090 5255; x_wconf 90' lang='lat' dir='ltr'><strong><em>Vidit</em></strong></span> <span class='ocrx_word' id='word_1_428' title='bbox 1118 5197 1236 5268; x_wconf 87' lang='lat' dir='ltr'><strong><em>ejus</em></strong></span> <span class='ocrx_word' id='word_1_429' title='bbox 1269 5196 1606 5267; x_wconf 88' lang='lat' dir='ltr'><strong><em>holocausta,</em></strong></span> <span class='ocrx_word' id='word_1_430' title='bbox 1655 5199 1773 5254; x_wconf 92' lang='lat' dir='ltr'><strong><em>sine</em></strong></span> <span class='ocrx_word' id='word_1_431' title='bbox 1802 5199 1963 5256; x_wconf 92' lang='lat' dir='ltr'><strong><em>dubio</em></strong></span> <span class='ocrx_word' id='word_1_432' title='bbox 1989 5200 2192 5255; x_wconf 89' lang='lat' dir='ltr'><strong><em>oratio-</em></strong></span> 
     </span>
    </p>
   </div>
   <div class='ocr_carea' id='block_1_55' title="bbox 604 5293 2192 5369">
    <p class='ocr_par' dir='ltr' id='par_1_55' title="bbox 604 5293 2192 5369">
     <span class='ocr_line' id='line_1_55' title="bbox 604 5293 2192 5369; baseline 0.006 -23"><span class='ocrx_word' id='word_1_433' title='bbox 604 5307 733 5347; x_wconf 91' lang='lat' dir='ltr'><strong><em>num</em></strong></span> <span class='ocrx_word' id='word_1_434' title='bbox 793 5293 1355 5367; x_wconf 87' lang='lat' dir='ltr'><strong><em>supplicationumque</em></strong></span> <span class='ocrx_word' id='word_1_435' title='bbox 1412 5297 1691 5369; x_wconf 86' lang='lat' dir='ltr'><strong><em>mysteria.</em></strong></span> <span class='ocrx_word' id='word_1_436' title='bbox 1744 5295 1849 5353; x_wconf 90' lang='lat' dir='ltr'><strong><em>Ubi</em></strong></span> <span class='ocrx_word' id='word_1_437' title='bbox 1895 5296 2029 5354; x_wconf 88' lang='lat' dir='ltr'><strong><em>vidit</em></strong></span> <span class='ocrx_word' id='word_1_438' title='bbox 2075 5298 2192 5355; x_wconf 69' lang='lat' dir='ltr'><strong><em>haec</em></strong></span> 
     </span>
    </p>
   </div>
   <div class='ocr_carea' id='block_1_56' title="bbox 595 5384 2189 5459">
    <p class='ocr_par' dir='ltr' id='par_1_56' title="bbox 595 5384 2189 5459">
     <span class='ocr_line' id='line_1_56' title="bbox 595 5384 2189 5459; baseline 0.003 -19"><span class='ocrx_word' id='word_1_439' title='bbox 595 5384 804 5450; x_wconf 80' lang='lat' dir='ltr'><strong><em>omnia,</em></strong></span> <span class='ocrx_word' id='word_1_440' title='bbox 855 5385 1122 5441; x_wconf 84' lang='lat' dir='ltr'><strong><em>admirata</em></strong></span> <span class='ocrx_word' id='word_1_441' title='bbox 1168 5396 1253 5443; x_wconf 91' lang='lat' dir='ltr'><strong><em>est</em></strong></span> <span class='ocrx_word' id='word_1_442' title='bbox 1302 5403 1463 5459; x_wconf 89' lang='lat' dir='ltr'><strong><em>super</em></strong></span> <span class='ocrx_word' id='word_1_443' title='bbox 1522 5388 1640 5459; x_wconf 91' lang='lat' dir='ltr'><strong><em>ejus</em></strong></span> <span class='ocrx_word' id='word_1_444' title='bbox 1690 5388 1965 5459; x_wconf 85' lang='lat' dir='ltr'><strong><em>responsis</em></strong></span> <span class='ocrx_word' id='word_1_445' title='bbox 2025 5397 2189 5459; x_wconf 91' lang='lat' dir='ltr'><strong><em>atque</em></strong></span> 
     </span>
    </p>
   </div>
   <div class='ocr_carea' id='block_1_57' title="bbox 598 5478 2191 5555">
    <p class='ocr_par' dir='ltr' id='par_1_57' title="bbox 598 5478 2191 5555">
     <span class='ocr_line' id='line_1_57' title="bbox 598 5478 2191 5555; baseline 0.003 -21"><span class='ocrx_word' id='word_1_446' title='bbox 598 5478 907 5552; x_wconf 80' lang='lat' dir='ltr'><strong><em>prudentia.</em></strong></span> <span class='ocrx_word' id='word_1_447' title='bbox 954 5478 1012 5535; x_wconf 91' lang='lat' dir='ltr'><strong><em>Si</em></strong></span> <span class='ocrx_word' id='word_1_448' title='bbox 1055 5482 1180 5552; x_wconf 90' lang='lat' dir='ltr'><strong><em>quis</em></strong></span> <span class='ocrx_word' id='word_1_449' title='bbox 1224 5498 1356 5539; x_wconf 86' lang='lat' dir='ltr'><strong><em>vero</em></strong></span> <span class='ocrx_word' id='word_1_450' title='bbox 1401 5483 1718 5540; x_wconf 91' lang='lat' dir='ltr'><strong><em>unctionum</em></strong></span> <span class='ocrx_word' id='word_1_451' title='bbox 1754 5499 1972 5555; x_wconf 88' lang='lat' dir='ltr'><strong><em>genera,</em></strong></span> <span class='ocrx_word' id='word_1_452' title='bbox 2008 5498 2191 5540; x_wconf 87' lang='lat' dir='ltr'><strong><em>sacra—</em></strong></span> 
     </span>
    </p>
   </div>
   <div class='ocr_carea' id='block_1_58' title="bbox 600 5573 2189 5647">
    <p class='ocr_par' dir='ltr' id='par_1_58' title="bbox 600 5573 2189 5647">
     <span class='ocr_line' id='line_1_58' title="bbox 600 5573 2189 5647; baseline 0.001 -17"><span class='ocrx_word' id='word_1_453' title='bbox 600 5582 909 5630; x_wconf 88' lang='lat' dir='ltr'><strong><em>mentorum</em></strong></span> <span class='ocrx_word' id='word_1_454' title='bbox 967 5575 1195 5646; x_wconf 87' lang='lat' dir='ltr'><strong><em>mystica</em></strong></span> <span class='ocrx_word' id='word_1_455' title='bbox 1257 5573 1436 5636; x_wconf 72' lang='lat' dir='ltr'><strong><em>officia</em></strong></span> <span class='ocrx_word' id='word_1_456' title='bbox 1457 5616 1474 5643; x_wconf 92' lang='lat'><strong><em>,</em></strong></span> <span class='ocrx_word' id='word_1_457' title='bbox 1538 5575 1937 5647; x_wconf 82' lang='lat' dir='ltr'><strong><em>professionum</em></strong></span> <span class='ocrx_word' id='word_1_458' title='bbox 1995 5577 2189 5633; x_wconf 83' lang='lat' dir='ltr'><strong><em>devota</em></strong></span> 
     </span>
    </p>
   </div>
   <div class='ocr_carea' id='block_1_59' title="bbox 598 5665 2192 5743">
    <p class='ocr_par' dir='ltr' id='par_1_59' title="bbox 598 5665 2192 5743">
     <span class='ocr_line' id='line_1_59' title="bbox 598 5665 2192 5743; baseline 0.002 -21"><span class='ocrx_word' id='word_1_459' title='bbox 598 5665 799 5734; x_wconf 88' lang='lat' dir='ltr'><strong><em>studia,</em></strong></span> <span class='ocrx_word' id='word_1_460' title='bbox 828 5666 1028 5739; x_wconf 89' lang='lat' dir='ltr'><strong><em>gradus</em></strong></span> <span class='ocrx_word' id='word_1_461' title='bbox 1050 5666 1323 5734; x_wconf 89' lang='lat' dir='ltr'><strong><em>ordinum,</em></strong></span> <span class='ocrx_word' id='word_1_462' title='bbox 1343 5668 1561 5725; x_wconf 88' lang='lat' dir='ltr'><strong><em>ordines</em></strong></span> <span class='ocrx_word' id='word_1_463' title='bbox 1581 5670 1925 5740; x_wconf 74' lang='lat' dir='ltr'><strong><em>dignitatum,</em></strong></span> <span class='ocrx_word' id='word_1_464' title='bbox 1958 5670 2192 5743; x_wconf 91' lang='lat' dir='ltr'><strong><em>dignita-</em></strong></span> 
     </span>
    </p>
   </div>
   <div class='ocr_carea' id='block_1_60' title="bbox 2276 600 3739 680">
    <p class='ocr_par' dir='ltr' id='par_1_60' title="bbox 2276 600 3739 680">
     <span class='ocr_line' id='line_1_60' title="bbox 2276 600 3739 680; baseline 0.002 -19"><span class='ocrx_word' id='word_1_465' title='bbox 2276 604 2666 680; x_wconf 87' lang='lat' dir='ltr'><strong><em>benignitatem</em></strong></span> <span class='ocrx_word' id='word_1_466' title='bbox 2737 600 3064 661; x_wconf 74' lang='lat' dir='ltr'><strong><em>ineffabilem</em></strong></span> <span class='ocrx_word' id='word_1_467' title='bbox 3088 642 3105 671; x_wconf 92' lang='lat'><strong><em>,</em></strong></span> <span class='ocrx_word' id='word_1_468' title='bbox 3166 601 3330 660; x_wconf 89' lang='lat' dir='ltr'><strong><em>lucem</em></strong></span> <span class='ocrx_word' id='word_1_469' title='bbox 3389 605 3739 664; x_wconf 85' lang='lat' dir='ltr'><strong><em>inaccessibilcm.</em></strong></span> 
     </span>
    </p>
   </div>
   <div class='ocr_carea' id='block_1_61' title="bbox 2278 695 3744 769">
    <p class='ocr_par' dir='ltr' id='par_1_61' title="bbox 2278 695 3744 769">
     <span class='ocr_line' id='line_1_61' title="bbox 2278 695 3744 769; baseline 0.003 -15"><span class='ocrx_word' id='word_1_470' title='bbox 2278 696 2415 769; x_wconf 66' lang='lat' dir='ltr'><strong><em>Haec</em></strong></span> <span class='ocrx_word' id='word_1_471' title='bbox 2450 698 2518 753; x_wconf 90' lang='lat' dir='ltr'><strong><em>de</em></strong></span> <span class='ocrx_word' id='word_1_472' title='bbox 2544 705 2694 753; x_wconf 89' lang='lat' dir='ltr'><strong><em>statu</em></strong></span> <span class='ocrx_word' id='word_1_473' title='bbox 2721 703 2779 753; x_wconf 91' lang='lat' dir='ltr'><strong><em>et</em></strong></span> <span class='ocrx_word' id='word_1_474' title='bbox 2812 695 3008 752; x_wconf 85' lang='lat' dir='ltr'><strong><em>decore</em></strong></span> <span class='ocrx_word' id='word_1_475' title='bbox 3031 703 3229 751; x_wconf 67' lang='lat' dir='ltr'><strong><em>sancta:</em></strong></span> <span class='ocrx_word' id='word_1_476' title='bbox 3253 695 3403 767; x_wconf 88' lang='lat' dir='ltr'><strong><em>paulo</em></strong></span> <span class='ocrx_word' id='word_1_477' title='bbox 3427 696 3565 753; x_wconf 86' lang='lat' dir='ltr'><strong><em>latius</em></strong></span> <span class='ocrx_word' id='word_1_478' title='bbox 3580 699 3744 758; x_wconf 68' lang='lat' dir='ltr'><strong><em>diximus</em></strong></span> 
     </span>
    </p>
   </div>
   <div class='ocr_carea' id='block_1_62' title="bbox 2278 780 3747 861">
    <p class='ocr_par' dir='ltr' id='par_1_62' title="bbox 2278 780 3747 861">
     <span class='ocr_line' id='line_1_62' title="bbox 2278 780 3747 861; baseline 0.001 -14"><span class='ocrx_word' id='word_1_479' title='bbox 2278 780 2560 858; x_wconf 75' lang='lat' dir='ltr'><strong><em>Ecclesiae,</em></strong></span> <span class='ocrx_word' id='word_1_480' title='bbox 2580 797 2848 861; x_wconf 87' lang='lat' dir='ltr'><strong><em>quatenus</em></strong></span> <span class='ocrx_word' id='word_1_481' title='bbox 2871 786 3149 844; x_wconf 86' lang='lat' dir='ltr'><strong><em>evidenter</em></strong></span> <span class='ocrx_word' id='word_1_482' title='bbox 3169 787 3403 844; x_wconf 89' lang='lat' dir='ltr'><strong><em>omnibus</em></strong></span> <span class='ocrx_word' id='word_1_483' title='bbox 3425 789 3608 856; x_wconf 81' lang='lat' dir='ltr'><strong><em>clareat,</em></strong></span> <span class='ocrx_word' id='word_1_484' title='bbox 3646 792 3679 845; x_wconf 87' lang='lat' dir='ltr'><strong><em>si</em></strong></span> <span class='ocrx_word' id='word_1_485' title='bbox 3695 794 3747 848; x_wconf 82' lang='lat' dir='ltr'><strong><em>sic</em></strong></span> 
     </span>
    </p>
   </div>
   <div class='ocr_carea' id='block_1_63' title="bbox 2279 879 3748 955">
    <p class='ocr_par' dir='ltr' id='par_1_63' title="bbox 2279 879 3748 955">
     <span class='ocr_line' id='line_1_63' title="bbox 2279 879 3748 955; baseline 0 -16"><span class='ocrx_word' id='word_1_486' title='bbox 2279 882 2338 939; x_wconf 88' lang='lat' dir='ltr'><strong><em>in</em></strong></span> <span class='ocrx_word' id='word_1_487' title='bbox 2363 884 2583 955; x_wconf 76' lang='lat' dir='ltr'><strong><em>regione</em></strong></span> <span class='ocrx_word' id='word_1_488' title='bbox 2632 879 3100 947; x_wconf 89' lang='lat' dir='ltr'><strong><em>dissimulationis,</em></strong></span> <span class='ocrx_word' id='word_1_489' title='bbox 3157 880 3212 935; x_wconf 88' lang='lat' dir='ltr'><strong><em>in</em></strong></span> <span class='ocrx_word' id='word_1_490' title='bbox 3253 880 3473 937; x_wconf 86' lang='lat' dir='ltr'><strong><em>convalle</em></strong></span> <span class='ocrx_word' id='word_1_491' title='bbox 3514 882 3748 952; x_wconf 80' lang='lat' dir='ltr'><strong><em>plorationis</em></strong></span> 
     </span>
    </p>
   </div>
   <div class='ocr_carea' id='block_1_64' title="bbox 2282 972 3750 1044">
    <p class='ocr_par' dir='ltr' id='par_1_64' title="bbox 2282 972 3750 1044">
     <span class='ocr_line' id='line_1_64' title="bbox 2282 972 3750 1044; baseline -0.001 -13"><span class='ocrx_word' id='word_1_492' title='bbox 2282 975 2421 1032; x_wconf 90' lang='lat' dir='ltr'><strong><em>nitet</em></strong></span> <span class='ocrx_word' id='word_1_493' title='bbox 2461 973 2579 1043; x_wconf 87' lang='lat' dir='ltr'><strong><em>ejus</em></strong></span> <span class='ocrx_word' id='word_1_494' title='bbox 2626 972 3055 1036; x_wconf 83' lang='lat' dir='ltr'><strong><em>tabernaculum,</em></strong></span> <span class='ocrx_word' id='word_1_495' title='bbox 3088 972 3348 1042; x_wconf 89' lang='lat' dir='ltr'><strong><em>quomodo</em></strong></span> <span class='ocrx_word' id='word_1_496' title='bbox 3370 972 3592 1044; x_wconf 86' lang='lat' dir='ltr'><strong><em>templum</em></strong></span> <span class='ocrx_word' id='word_1_497' title='bbox 3615 973 3750 1031; x_wconf 79' lang='lat' dir='ltr'><strong><em>falsum</em></strong></span> 
     </span>
    </p>
   </div>
   <div class='ocr_carea' id='block_1_65' title="bbox 2284 1061 3751 1139">
    <p class='ocr_par' dir='ltr' id='par_1_65' title="bbox 2284 1061 3751 1139">
     <span class='ocr_line' id='line_1_65' title="bbox 2284 1061 3751 1139; baseline 0.001 -20"><span class='ocrx_word' id='word_1_498' title='bbox 2284 1064 2491 1139; x_wconf 87' lang='lat' dir='ltr'><strong><em>[Forte,</em></strong></span> <span class='ocrx_word' id='word_1_499' title='bbox 2524 1062 2766 1137; x_wconf 88' lang='lat' dir='ltr'><strong><em>sursum]</em></strong></span> <span class='ocrx_word' id='word_1_500' title='bbox 2796 1062 3032 1136; x_wconf 79' lang='lat' dir='ltr'><strong><em>fulgeat?</em></strong></span> <span class='ocrx_word' id='word_1_501' title='bbox 3069 1061 3128 1118; x_wconf 92' lang='lat' dir='ltr'><strong><em>Si</em></strong></span> <span class='ocrx_word' id='word_1_502' title='bbox 3153 1063 3293 1119; x_wconf 91' lang='lat' dir='ltr'><strong><em>enim</em></strong></span> <span class='ocrx_word' id='word_1_503' title='bbox 3332 1064 3465 1135; x_wconf 92' lang='lat' dir='ltr'><strong><em>quod</em></strong></span> <span class='ocrx_word' id='word_1_504' title='bbox 3496 1067 3751 1121; x_wconf 82' lang='lat' dir='ltr'><strong><em>evacuabitur</em></strong></span> 
     </span>
    </p>
   </div>
   <div class='ocr_carea' id='block_1_66' title="bbox 2284 1157 3751 1244">
    <p class='ocr_par' dir='ltr' id='par_1_66' title="bbox 2284 1157 3751 1244">
     <span class='ocr_line' id='line_1_66' title="bbox 2284 1157 3751 1244; baseline 0 -29"><span class='ocrx_word' id='word_1_505' title='bbox 2284 1168 2434 1216; x_wconf 89' lang='lat' dir='ltr'><strong><em>tanta</em></strong></span> <span class='ocrx_word' id='word_1_506' title='bbox 2462 1159 2633 1232; x_wconf 89' lang='lat' dir='ltr'><strong><em>fulget</em></strong></span> <span class='ocrx_word' id='word_1_507' title='bbox 2654 1159 2844 1231; x_wconf 82' lang='lat' dir='ltr'><strong><em>gloria,</em></strong></span> <span class='ocrx_word' id='word_1_508' title='bbox 2869 1158 3041 1216; x_wconf 83' lang='lat' dir='ltr'><strong><em>multo</em></strong></span> <span class='ocrx_word' id='word_1_509' title='bbox 3063 1158 3233 1231; x_wconf 86' lang='lat' dir='ltr'><strong><em>magis</em></strong></span> <span class='ocrx_word' id='word_1_510' title='bbox 3252 1157 3569 1216; x_wconf 84' lang='lat' dir='ltr'><strong><em>clarificatum</em></strong></span> <span class='ocrx_word' id='word_1_511' title='bbox 3584 1161 3751 1244; x_wconf 65' lang='lat' dir='ltr'><strong><em>estquod</em></strong></span> 
     </span>
    </p>
   </div>
   <div class='ocr_carea' id='block_1_67' title="bbox 2284 1250 3019 1324">
    <p class='ocr_par' dir='ltr' id='par_1_67' title="bbox 2284 1250 3019 1324">
     <span class='ocr_line' id='line_1_67' title="bbox 2284 1250 3019 1324; baseline -0.007 -14"><span class='ocrx_word' id='word_1_512' title='bbox 2284 1265 2499 1323; x_wconf 85' lang='lat' dir='ltr'><strong><em>semper</em></strong></span> <span class='ocrx_word' id='word_1_513' title='bbox 2528 1252 2584 1308; x_wconf 93' lang='lat' dir='ltr'><strong><em>in</em></strong></span> <span class='ocrx_word' id='word_1_514' title='bbox 2611 1250 2784 1324; x_wconf 90' lang='lat' dir='ltr'><strong><em>gloria</em></strong></span> <span class='ocrx_word' id='word_1_515' title='bbox 2813 1257 3019 1306; x_wconf 90' lang='lat' dir='ltr'><strong><em>manet.</em></strong></span> 
     </span>
    </p>
   </div>
   <div class='ocr_carea' id='block_1_68' title="bbox 2352 1361 3750 1437">
    <p class='ocr_par' dir='ltr' id='par_1_68' title="bbox 2352 1361 3750 1437">
     <span class='ocr_line' id='line_1_68' title="bbox 2352 1361 3750 1437; baseline -0.004 -14"><span class='ocrx_word' id='word_1_516' title='bbox 2352 1366 2442 1423; x_wconf 76' lang='lat'><strong><em>26.</em></strong></span> <span class='ocrx_word' id='word_1_517' title='bbox 2458 1365 2650 1423; x_wconf 84' lang='lat' dir='ltr'><strong><em>Ninive</em></strong></span> <span class='ocrx_word' id='word_1_518' title='bbox 2672 1380 2887 1437; x_wconf 88' lang='lat' dir='ltr'><strong><em>quoque</em></strong></span> <span class='ocrx_word' id='word_1_519' title='bbox 2902 1365 2970 1421; x_wconf 89' lang='lat' dir='ltr'><strong><em>ad</em></strong></span> <span class='ocrx_word' id='word_1_520' title='bbox 2981 1364 3231 1422; x_wconf 88' lang='lat' dir='ltr'><strong><em>decorem</em></strong></span> <span class='ocrx_word' id='word_1_521' title='bbox 3247 1362 3427 1421; x_wconf 85' lang='lat' dir='ltr'><strong><em>referri</em></strong></span> <span class='ocrx_word' id='word_1_522' title='bbox 3444 1371 3594 1435; x_wconf 85' lang='lat' dir='ltr'><strong><em>potest</em></strong></span> <span class='ocrx_word' id='word_1_523' title='bbox 3606 1361 3750 1418; x_wconf 75' lang='lat' dir='ltr'><strong><em>anima.</em></strong></span> 
     </span>
    </p>
   </div>
   <div class='ocr_carea' id='block_1_69' title="bbox 2286 1455 3753 1531">
    <p class='ocr_par' dir='ltr' id='par_1_69' title="bbox 2286 1455 3753 1531">
     <span class='ocr_line' id='line_1_69' title="bbox 2286 1455 3753 1531; baseline -0.004 -15"><span class='ocrx_word' id='word_1_524' title='bbox 2286 1458 2396 1516; x_wconf 87' lang='lat' dir='ltr'><strong><em>Sed</em></strong></span> <span class='ocrx_word' id='word_1_525' title='bbox 2417 1473 2488 1516; x_wconf 90' lang='lat' dir='ltr'><strong><em>ne</em></strong></span> <span class='ocrx_word' id='word_1_526' title='bbox 2514 1458 2783 1531; x_wconf 67' lang='lat' dir='ltr'><strong><em>prolixius</em></strong></span> <span class='ocrx_word' id='word_1_527' title='bbox 2803 1465 2990 1514; x_wconf 84' lang='lat' dir='ltr'><strong><em>currat</em></strong></span> <span class='ocrx_word' id='word_1_528' title='bbox 3014 1458 3211 1525; x_wconf 86' lang='lat' dir='ltr'><strong><em>oratio,</em></strong></span> <span class='ocrx_word' id='word_1_529' title='bbox 3238 1457 3512 1513; x_wconf 78' lang='lat' dir='ltr'><strong><em>Ezechielis</em></strong></span> <span class='ocrx_word' id='word_1_530' title='bbox 3532 1455 3753 1526; x_wconf 77' lang='lat' dir='ltr'><strong><em>prophetica</em></strong></span> 
     </span>
    </p>
   </div>
   <div class='ocr_carea' id='block_1_70' title="bbox 2220 1546 3750 1621">
    <p class='ocr_par' dir='ltr' id='par_1_70' title="bbox 2220 1546 3750 1621">
     <span class='ocr_line' id='line_1_70' title="bbox 2220 1546 3750 1621; baseline -0.006 -13"><span class='ocrx_word' id='word_1_531' title='bbox 2220 1578 2223 1581; x_wconf 88' lang='lat'><strong><em>-</em></strong></span> <span class='ocrx_word' id='word_1_532' title='bbox 2285 1550 2521 1608; x_wconf 79' lang='lat' dir='ltr'><strong><em>sufficiat</em></strong></span> <span class='ocrx_word' id='word_1_533' title='bbox 2558 1551 2740 1618; x_wconf 90' lang='lat' dir='ltr'><strong><em>lectio,</em></strong></span> <span class='ocrx_word' id='word_1_534' title='bbox 2782 1566 2891 1621; x_wconf 89' lang='lat' dir='ltr'><strong><em>qua</em></strong></span> <span class='ocrx_word' id='word_1_535' title='bbox 2936 1550 3136 1606; x_wconf 81' lang='lat' dir='ltr'><strong><em>dicitur</em></strong></span> <span class='ocrx_word' id='word_1_536' title='bbox 3164 1568 3177 1603; x_wconf 90' lang='lat'><strong>:</strong></span> <span class='ocrx_word' id='word_1_537' title='bbox 3205 1547 3496 1614; x_wconf 81' lang='lat' dir='ltr'><strong><em>Jerusalem,</em></strong></span> <span class='ocrx_word' id='word_1_538' title='bbox 3526 1546 3750 1607; x_wconf 72' lang='lat' dir='ltr'><strong><em>Jerusalem,</em></strong></span> 
     </span>
    </p>
   </div>
   <div class='ocr_carea' id='block_1_71' title="bbox 2287 1634 3752 1729">
    <p class='ocr_par' dir='ltr' id='par_1_71' title="bbox 2287 1634 3752 1729">
     <span class='ocr_line' id='line_1_71' title="bbox 2287 1634 3752 1729; baseline -0.005 -32"><span class='ocrx_word' id='word_1_539' title='bbox 2287 1640 2444 1697; x_wconf 70' lang='lat' dir='ltr'><strong><em>radis;</em></strong></span> <span class='ocrx_word' id='word_1_540' title='bbox 2468 1650 2581 1708; x_wconf 90' lang='lat' dir='ltr'><strong><em>tua,</em></strong></span> <span class='ocrx_word' id='word_1_541' title='bbox 2606 1651 2658 1729; x_wconf 80' lang='lat' dir='ltr'><strong><em>et</em></strong></span> <span class='ocrx_word' id='word_1_542' title='bbox 2679 1640 2947 1714; x_wconf 83' lang='lat' dir='ltr'><strong><em>generatio</em></strong></span> <span class='ocrx_word' id='word_1_543' title='bbox 2972 1640 3036 1695; x_wconf 84' lang='lat' dir='ltr'><strong><em>de</em></strong></span> <span class='ocrx_word' id='word_1_544' title='bbox 3054 1649 3199 1695; x_wconf 90' lang='lat' dir='ltr'><strong><em>terra</em></strong></span> <span class='ocrx_word' id='word_1_545' title='bbox 3219 1636 3475 1703; x_wconf 81' lang='lat' dir='ltr'><strong><em>Chanaan,</em></strong></span> <span class='ocrx_word' id='word_1_546' title='bbox 3500 1646 3586 1693; x_wconf 87' lang='lat' dir='ltr'><strong><em>etc.</em></strong></span> <span class='ocrx_word' id='word_1_547' title='bbox 3606 1634 3752 1709; x_wconf 68' lang='lat' dir='ltr'><strong><em>(Emi.</em></strong></span> 
     </span>
    </p>
   </div>
   <div class='ocr_carea' id='block_1_72' title="bbox 2287 1729 3752 1809">
    <p class='ocr_par' dir='ltr' id='par_1_72' title="bbox 2287 1729 3752 1809">
     <span class='ocr_line' id='line_1_72' title="bbox 2287 1729 3752 1809; baseline -0.004 -20"><span class='ocrx_word' id='word_1_548' title='bbox 2287 1750 2401 1802; x_wconf 79' lang='lat' dir='ltr'><strong><em>xvi,</em></strong></span> <span class='ocrx_word' id='word_1_549' title='bbox 2429 1735 2508 1809; x_wconf 77' lang='grc'><strong>5).</strong></span> <span class='ocrx_word' id='word_1_550' title='bbox 2537 1735 2799 1792; x_wconf 89' lang='lat' dir='ltr'><strong><em>Dominus</em></strong></span> <span class='ocrx_word' id='word_1_551' title='bbox 2818 1745 3001 1790; x_wconf 89' lang='lat' dir='ltr'><strong><em>autem</em></strong></span> <span class='ocrx_word' id='word_1_552' title='bbox 3021 1732 3291 1789; x_wconf 82' lang='lat' dir='ltr'><strong><em>infelicem</em></strong></span> <span class='ocrx_word' id='word_1_553' title='bbox 3318 1733 3529 1788; x_wconf 87' lang='lat' dir='ltr'><strong><em>animam</em></strong></span> <span class='ocrx_word' id='word_1_554' title='bbox 3546 1729 3752 1800; x_wconf 81' lang='lat' dir='ltr'><strong><em>alloquens,</em></strong></span> 
     </span>
    </p>
   </div>
   <div class='ocr_carea' id='block_1_73' title="bbox 2213 1824 3756 1927">
    <p class='ocr_par' dir='ltr' id='par_1_73' title="bbox 2213 1824 3756 1927">
     <span class='ocr_line' id='line_1_73' title="bbox 2213 1824 3756 1927; baseline -0.006 -43"><span class='ocrx_word' id='word_1_555' title='bbox 2213 1866 2261 1927; x_wconf 73' lang='grc' dir='ltr'>Β</span> <span class='ocrx_word' id='word_1_556' title='bbox 2290 1836 2350 1884; x_wconf 88' lang='lat' dir='ltr'><strong><em>et</em></strong></span> <span class='ocrx_word' id='word_1_557' title='bbox 2394 1843 2517 1885; x_wconf 89' lang='lat' dir='ltr'><strong><em>eam</em></strong></span> <span class='ocrx_word' id='word_1_558' title='bbox 2549 1843 2703 1883; x_wconf 91' lang='lat' dir='ltr'><strong><em>more</em></strong></span> <span class='ocrx_word' id='word_1_559' title='bbox 2748 1826 2986 1883; x_wconf 87' lang='lat' dir='ltr'><strong><em>rhetoris</em></strong></span> <span class='ocrx_word' id='word_1_560' title='bbox 3016 1839 3087 1880; x_wconf 75' lang='lat' dir='ltr'><strong><em>ex</em></strong></span> <span class='ocrx_word' id='word_1_561' title='bbox 3117 1824 3387 1881; x_wconf 89' lang='lat' dir='ltr'><strong><em>attributis</em></strong></span> <span class='ocrx_word' id='word_1_562' title='bbox 3405 1837 3611 1895; x_wconf 66' lang='lat' dir='ltr'><strong><em>personat</em></strong></span> <span class='ocrx_word' id='word_1_563' title='bbox 3631 1829 3670 1876; x_wconf 87' lang='lat' dir='ltr'><strong><em>et</em></strong></span> <span class='ocrx_word' id='word_1_564' title='bbox 3697 1835 3756 1874; x_wconf 72' lang='lat' dir='ltr'><strong><em>ne-</em></strong></span> 
     </span>
    </p>
   </div>
   <div class='ocr_carea' id='block_1_74' title="bbox 2249 1919 3755 1995">
    <p class='ocr_par' dir='ltr' id='par_1_74' title="bbox 2249 1919 3755 1995">
     <span class='ocr_line' id='line_1_74' title="bbox 2249 1919 3755 1995; baseline -0.01 -14"><span class='ocrx_word' id='word_1_565' title='bbox 2249 1919 2437 1995; x_wconf 60' lang='lat' dir='ltr'><strong><em>‘gotio</em></strong></span> <span class='ocrx_word' id='word_1_566' title='bbox 2468 1922 2816 1988; x_wconf 89' lang='lat' dir='ltr'><strong><em>convincens,</em></strong></span> <span class='ocrx_word' id='word_1_567' title='bbox 2855 1927 2911 1976; x_wconf 89' lang='lat' dir='ltr'><strong><em>et</em></strong></span> <span class='ocrx_word' id='word_1_568' title='bbox 2950 1919 3001 1975; x_wconf 90' lang='lat' dir='ltr'><strong><em>ei</em></strong></span> <span class='ocrx_word' id='word_1_569' title='bbox 3048 1926 3178 1975; x_wconf 90' lang='lat' dir='ltr'><strong><em>ante</em></strong></span> <span class='ocrx_word' id='word_1_570' title='bbox 3225 1934 3354 1985; x_wconf 91' lang='lat' dir='ltr'><strong><em>rem,</em></strong></span> <span class='ocrx_word' id='word_1_571' title='bbox 3397 1932 3505 1973; x_wconf 89' lang='lat' dir='ltr'><strong><em>cum</em></strong></span> <span class='ocrx_word' id='word_1_572' title='bbox 3540 1931 3605 1982; x_wconf 83' lang='lat' dir='ltr'><strong><em>re,</em></strong></span> <span class='ocrx_word' id='word_1_573' title='bbox 3622 1924 3755 1983; x_wconf 79' lang='lat' dir='ltr'><strong><em>etpost</em></strong></span> 
     </span>
    </p>
   </div>
   <div class='ocr_carea' id='block_1_75' title="bbox 2289 2010 3757 2081">
    <p class='ocr_par' dir='ltr' id='par_1_75' title="bbox 2289 2010 3757 2081">
     <span class='ocr_line' id='line_1_75' title="bbox 2289 2010 3757 2081; baseline -0.01 -11"><span class='ocrx_word' id='word_1_574' title='bbox 2289 2028 2425 2078; x_wconf 86' lang='lat' dir='ltr'><strong><em>rem,</em></strong></span> <span class='ocrx_word' id='word_1_575' title='bbox 2474 2011 2808 2069; x_wconf 73' lang='lat' dir='ltr'><strong><em>adhaerentia</em></strong></span> <span class='ocrx_word' id='word_1_576' title='bbox 2844 2010 3208 2081; x_wconf 64' lang='lat' dir='ltr'><strong><em>praetendens,</em></strong></span> <span class='ocrx_word' id='word_1_577' title='bbox 3253 2016 3374 2063; x_wconf 87' lang='lat' dir='ltr'><strong><em>ante</em></strong></span> <span class='ocrx_word' id='word_1_578' title='bbox 3400 2021 3520 2071; x_wconf 88' lang='lat' dir='ltr'><strong><em>rem,</em></strong></span> <span class='ocrx_word' id='word_1_579' title='bbox 3546 2019 3667 2075; x_wconf 80' lang='lat' dir='ltr'><strong><em>quam</em></strong></span> <span class='ocrx_word' id='word_1_580' title='bbox 3684 2016 3757 2056; x_wconf 83' lang='lat' dir='ltr'><strong><em>sor-</em></strong></span> 
     </span>
    </p>
   </div>
   <div class='ocr_carea' id='block_1_76' title="bbox 2291 2096 3756 2176">
    <p class='ocr_par' dir='ltr' id='par_1_76' title="bbox 2291 2096 3756 2176">
     <span class='ocr_line' id='line_1_76' title="bbox 2291 2096 3756 2176; baseline -0.012 -13"><span class='ocrx_word' id='word_1_581' title='bbox 2291 2106 2436 2171; x_wconf 88' lang='lat' dir='ltr'><strong><em>dida,</em></strong></span> <span class='ocrx_word' id='word_1_582' title='bbox 2467 2117 2633 2176; x_wconf 89' lang='lat' dir='ltr'><strong><em>quam</em></strong></span> <span class='ocrx_word' id='word_1_583' title='bbox 2666 2096 2945 2168; x_wconf 85' lang='lat' dir='ltr'><strong><em>deformis,</em></strong></span> <span class='ocrx_word' id='word_1_584' title='bbox 2985 2108 3041 2157; x_wconf 90' lang='lat' dir='ltr'><strong><em>et</em></strong></span> <span class='ocrx_word' id='word_1_585' title='bbox 3079 2116 3245 2172; x_wconf 89' lang='lat' dir='ltr'><strong><em>quam</em></strong></span> <span class='ocrx_word' id='word_1_586' title='bbox 3270 2100 3423 2166; x_wconf 91' lang='lat' dir='ltr'><strong><em>vilis;</em></strong></span> <span class='ocrx_word' id='word_1_587' title='bbox 3448 2113 3552 2154; x_wconf 88' lang='lat' dir='ltr'><strong><em>cum</em></strong></span> <span class='ocrx_word' id='word_1_588' title='bbox 3579 2107 3756 2164; x_wconf 62' lang='lat' dir='ltr'><strong><em>mquam</em></strong></span> 
     </span>
    </p>
   </div>
   <div class='ocr_carea' id='block_1_77' title="bbox 2288 2192 3755 2266">
    <p class='ocr_par' dir='ltr' id='par_1_77' title="bbox 2288 2192 3755 2266">
     <span class='ocr_line' id='line_1_77' title="bbox 2288 2192 3755 2266; baseline -0.004 -13"><span class='ocrx_word' id='word_1_589' title='bbox 2288 2198 2537 2263; x_wconf 89' lang='lat' dir='ltr'><strong><em>sincera,-</em></strong></span> <span class='ocrx_word' id='word_1_590' title='bbox 2580 2211 2742 2266; x_wconf 88' lang='lat' dir='ltr'><strong><em>quam</em></strong></span> <span class='ocrx_word' id='word_1_591' title='bbox 2789 2195 3008 2261; x_wconf 89' lang='lat' dir='ltr'><strong><em>decora,</em></strong></span> <span class='ocrx_word' id='word_1_592' title='bbox 3061 2208 3226 2264; x_wconf 86' lang='lat' dir='ltr'><strong><em>quam</em></strong></span> <span class='ocrx_word' id='word_1_593' title='bbox 3269 2192 3523 2258; x_wconf 86' lang='lat' dir='ltr'><strong><em>amabilis;</em></strong></span> <span class='ocrx_word' id='word_1_594' title='bbox 3563 2196 3654 2260; x_wconf 86' lang='lat' dir='ltr'><strong><em>post</em></strong></span> <span class='ocrx_word' id='word_1_595' title='bbox 3671 2201 3755 2247; x_wconf 72' lang='lat' dir='ltr'><strong><em>rem.</em></strong></span> 
     </span>
    </p>
   </div>
   <div class='ocr_carea' id='block_1_78' title="bbox 2290 2278 3756 2362">
    <p class='ocr_par' dir='ltr' id='par_1_78' title="bbox 2290 2278 3756 2362">
     <span class='ocr_line' id='line_1_78' title="bbox 2290 2278 3756 2362; baseline -0.003 -16"><span class='ocrx_word' id='word_1_596' title='bbox 2290 2305 2452 2362; x_wconf 91' lang='lat' dir='ltr'><strong><em>quam</em></strong></span> <span class='ocrx_word' id='word_1_597' title='bbox 2479 2287 2664 2354; x_wconf 87' lang='lat' dir='ltr'><strong><em>fetida,</em></strong></span> <span class='ocrx_word' id='word_1_598' title='bbox 2699 2288 2959 2353; x_wconf 85' lang='lat' dir='ltr'><strong><em>venefica,</em></strong></span> <span class='ocrx_word' id='word_1_599' title='bbox 3011 2295 3276 2358; x_wconf 89' lang='lat' dir='ltr'><strong><em>quantum</em></strong></span> <span class='ocrx_word' id='word_1_600' title='bbox 3297 2278 3756 2343; x_wconf 71' lang='lat' dir='ltr'><strong><em>abominabilisfuetil.</em></strong></span> 
     </span>
    </p>
   </div>
   <div class='ocr_carea' id='block_1_79' title="bbox 2238 2370 3757 2449">
    <p class='ocr_par' dir='ltr' id='par_1_79' title="bbox 2238 2370 3757 2449">
     <span class='ocr_line' id='line_1_79' title="bbox 2238 2370 3757 2449; baseline -0.012 -10"><span class='ocrx_word' id='word_1_601' title='bbox 2238 2426 2249 2431; x_wconf 84' lang='grc'><strong>-</strong></span> <span class='ocrx_word' id='word_1_602' title='bbox 2290 2383 2528 2439; x_wconf 91' lang='lat' dir='ltr'><strong><em>intimat.</em></strong></span> <span class='ocrx_word' id='word_1_603' title='bbox 2560 2380 2702 2443; x_wconf 84' lang='lat' dir='ltr'><strong><em>Post</em></strong></span> <span class='ocrx_word' id='word_1_604' title='bbox 2728 2380 2845 2435; x_wconf 65' lang='lat' dir='ltr'><strong><em>haec</em></strong></span> <span class='ocrx_word' id='word_1_605' title='bbox 2885 2386 3121 2449; x_wconf 87' lang='lat' dir='ltr'><strong><em>spretus,</em></strong></span> <span class='ocrx_word' id='word_1_606' title='bbox 3149 2387 3206 2434; x_wconf 89' lang='lat' dir='ltr'><strong><em>et</em></strong></span> <span class='ocrx_word' id='word_1_607' title='bbox 3235 2376 3483 2448; x_wconf 88' lang='lat' dir='ltr'><strong><em>abjectus,</em></strong></span> <span class='ocrx_word' id='word_1_608' title='bbox 3507 2370 3757 2433; x_wconf 80' lang='lat' dir='ltr'><strong><em>etconfusus,</em></strong></span> 
     </span>
    </p>
   </div>
   <div class='ocr_carea' id='block_1_80' title="bbox 2289 2461 3758 2544">
    <p class='ocr_par' dir='ltr' id='par_1_80' title="bbox 2289 2461 3758 2544">
     <span class='ocr_line' id='line_1_80' title="bbox 2289 2461 3758 2544; baseline -0.012 -14"><span class='ocrx_word' id='word_1_609' title='bbox 2289 2488 2410 2530; x_wconf 89' lang='lat' dir='ltr'><strong><em>eam</em></strong></span> <span class='ocrx_word' id='word_1_610' title='bbox 2438 2473 2562 2544; x_wconf 87' lang='lat' dir='ltr'><strong><em>pius</em></strong></span> <span class='ocrx_word' id='word_1_611' title='bbox 2613 2472 2935 2543; x_wconf 90' lang='lat' dir='ltr'><strong><em>insequitur,</em></strong></span> <span class='ocrx_word' id='word_1_612' title='bbox 2962 2477 3019 2527; x_wconf 89' lang='lat' dir='ltr'><strong><em>et</em></strong></span> <span class='ocrx_word' id='word_1_613' title='bbox 3043 2471 3339 2528; x_wconf 87' lang='lat' dir='ltr'><strong><em>clementer</em></strong></span> <span class='ocrx_word' id='word_1_614' title='bbox 3369 2476 3560 2525; x_wconf 79' lang='lat' dir='ltr'><strong><em>revocat</em></strong></span> <span class='ocrx_word' id='word_1_615' title='bbox 3580 2480 3594 2520; x_wconf 92' lang='lat'><strong>:</strong></span> <span class='ocrx_word' id='word_1_616' title='bbox 3614 2461 3758 2535; x_wconf 86' lang='lat' dir='ltr'><strong><em>promit-</em></strong></span> 
     </span>
    </p>
   </div>
   <div class='ocr_carea' id='block_1_81' title="bbox 2288 2550 3761 2633">
    <p class='ocr_par' dir='ltr' id='par_1_81' title="bbox 2288 2550 3761 2633">
     <span class='ocr_line' id='line_1_81' title="bbox 2288 2550 3761 2633; baseline -0.012 -11"><span class='ocrx_word' id='word_1_617' title='bbox 2288 2567 2453 2623; x_wconf 90' lang='lat' dir='ltr'><strong><em>tendo</em></strong></span> <span class='ocrx_word' id='word_1_618' title='bbox 2502 2564 2763 2631; x_wconf 89' lang='lat' dir='ltr'><strong><em>retrahit,</em></strong></span> <span class='ocrx_word' id='word_1_619' title='bbox 2812 2563 3143 2619; x_wconf 90' lang='lat' dir='ltr'><strong><em>retrahendo</em></strong></span> <span class='ocrx_word' id='word_1_620' title='bbox 3189 2562 3411 2633; x_wconf 85' lang='lat' dir='ltr'><strong><em>perficit,</em></strong></span> <span class='ocrx_word' id='word_1_621' title='bbox 3452 2550 3761 2616; x_wconf 79' lang='lat' dir='ltr'><strong><em>consummando</em></strong></span> 
     </span>
    </p>
   </div>
   <div class='ocr_carea' id='block_1_82' title="bbox 2289 2652 3758 2727">
    <p class='ocr_par' dir='ltr' id='par_1_82' title="bbox 2289 2652 3758 2727">
     <span class='ocr_line' id='line_1_82' title="bbox 2289 2652 3758 2727; baseline -0.008 -12"><span class='ocrx_word' id='word_1_622' title='bbox 2289 2659 2536 2715; x_wconf 88' lang='lat' dir='ltr'><strong><em>felicitat.</em></strong></span> <span class='ocrx_word' id='word_1_623' title='bbox 2595 2658 2732 2714; x_wconf 78' lang='lat' dir='ltr'><strong><em>Rem</em></strong></span> <span class='ocrx_word' id='word_1_624' title='bbox 2798 2672 2929 2713; x_wconf 91' lang='lat' dir='ltr'><strong><em>vero</em></strong></span> <span class='ocrx_word' id='word_1_625' title='bbox 2995 2657 3233 2727; x_wconf 83' lang='lat' dir='ltr'><strong><em>gratiam</em></strong></span> <span class='ocrx_word' id='word_1_626' title='bbox 3276 2652 3532 2713; x_wconf 85' lang='lat' dir='ltr'><strong><em>electionis</em></strong></span> <span class='ocrx_word' id='word_1_627' title='bbox 3574 2659 3758 2714; x_wconf 69' lang='lat' dir='ltr'><strong><em>nunwpo.</em></strong></span> 
     </span>
    </p>
   </div>
   <div class='ocr_carea' id='block_1_83' title="bbox 2289 2738 3758 2822">
    <p class='ocr_par' dir='ltr' id='par_1_83' title="bbox 2289 2738 3758 2822">
     <span class='ocr_line' id='line_1_83' title="bbox 2289 2738 3758 2822; baseline -0.005 -15"><span class='ocrx_word' id='word_1_628' title='bbox 2289 2751 2567 2808; x_wconf 79' lang='lat' dir='ltr'><strong><em>Attrihuta</em></strong></span> <span class='ocrx_word' id='word_1_629' title='bbox 2596 2766 2865 2822; x_wconf 66' lang='lat' dir='ltr'><strong><em>personae,</em></strong></span> <span class='ocrx_word' id='word_1_630' title='bbox 2890 2749 3089 2820; x_wconf 88' lang='lat' dir='ltr'><strong><em>quibus</em></strong></span> <span class='ocrx_word' id='word_1_631' title='bbox 3114 2748 3470 2813; x_wconf 90' lang='lat' dir='ltr'><strong><em>confunditur,</em></strong></span> <span class='ocrx_word' id='word_1_632' title='bbox 3504 2738 3758 2802; x_wconf 67' lang='lat' dir='ltr'><strong><em>convincitur.</em></strong></span> 
     </span>
    </p>
   </div>
   <div class='ocr_carea' id='block_1_84' title="bbox 2291 2830 3761 2910">
    <p class='ocr_par' dir='ltr' id='par_1_84' title="bbox 2291 2830 3761 2910">
     <span class='ocr_line' id='line_1_84' title="bbox 2291 2830 3761 2910; baseline -0.005 -10"><span class='ocrx_word' id='word_1_633' title='bbox 2291 2844 2409 2900; x_wconf 68' lang='lat' dir='ltr'><strong><em>haec</em></strong></span> <span class='ocrx_word' id='word_1_634' title='bbox 2441 2852 2568 2900; x_wconf 89' lang='lat' dir='ltr'><strong><em>sunt</em></strong></span> <span class='ocrx_word' id='word_1_635' title='bbox 2595 2862 2608 2898; x_wconf 89' lang='lat'><strong>:</strong></span> <span class='ocrx_word' id='word_1_636' title='bbox 2635 2858 2857 2908; x_wconf 89' lang='lat' dir='ltr'><strong><em>nomen,</em></strong></span> <span class='ocrx_word' id='word_1_637' title='bbox 2893 2843 3091 2910; x_wconf 90' lang='lat' dir='ltr'><strong><em>victus,</em></strong></span> <span class='ocrx_word' id='word_1_638' title='bbox 3126 2841 3363 2908; x_wconf 83' lang='lat' dir='ltr'><strong><em>fortuna,</em></strong></span> <span class='ocrx_word' id='word_1_639' title='bbox 3388 2838 3589 2903; x_wconf 87' lang='lat' dir='ltr'><strong><em>habitus,</em></strong></span> <span class='ocrx_word' id='word_1_640' title='bbox 3605 2830 3761 2892; x_wconf 59' lang='lat' dir='ltr'><strong><em>adacti!»</em></strong></span> 
     </span>
    </p>
   </div>
   <div class='ocr_carea' id='block_1_85' title="bbox 2291 2923 3764 3006">
    <p class='ocr_par' dir='ltr' id='par_1_85' title="bbox 2291 2923 3764 3006">
     <span class='ocr_line' id='line_1_85' title="bbox 2291 2923 3764 3006; baseline -0.014 -13"><span class='ocrx_word' id='word_1_641' title='bbox 2291 2936 2491 3002; x_wconf 88' lang='lat' dir='ltr'><strong><em>studia,</em></strong></span> <span class='ocrx_word' id='word_1_642' title='bbox 2516 2935 2765 3003; x_wconf 89' lang='lat' dir='ltr'><strong><em>consilia,</em></strong></span> <span class='ocrx_word' id='word_1_643' title='bbox 2798 2934 2964 3002; x_wconf 89' lang='lat' dir='ltr'><strong><em>facta,</em></strong></span> <span class='ocrx_word' id='word_1_644' title='bbox 2993 2945 3208 3006; x_wconf 88' lang='lat' dir='ltr'><strong><em>captus,</em></strong></span> <span class='ocrx_word' id='word_1_645' title='bbox 3237 2934 3506 2990; x_wconf 90' lang='lat' dir='ltr'><strong><em>institutio.</em></strong></span> <span class='ocrx_word' id='word_1_646' title='bbox 3527 2928 3593 2985; x_wconf 77' lang='lat' dir='ltr'><strong>Ex</strong></span> <span class='ocrx_word' id='word_1_647' title='bbox 3611 2923 3764 2981; x_wconf 82' lang='lat' dir='ltr'><strong><em>attribu-</em></strong></span> 
     </span>
    </p>
   </div>
   <div class='ocr_carea' id='block_1_86' title="bbox 2291 3021 3762 3102">
    <p class='ocr_par' dir='ltr' id='par_1_86' title="bbox 2291 3021 3762 3102">
     <span class='ocr_line' id='line_1_86' title="bbox 2291 3021 3762 3102; baseline -0.003 -16"><span class='ocrx_word' id='word_1_648' title='bbox 2291 3031 2365 3087; x_wconf 89' lang='lat' dir='ltr'><strong><em>tis</em></strong></span> <span class='ocrx_word' id='word_1_649' title='bbox 2388 3041 2569 3087; x_wconf 89' lang='lat' dir='ltr'><strong><em>autem</em></strong></span> <span class='ocrx_word' id='word_1_650' title='bbox 2590 3030 2807 3102; x_wconf 76' lang='lat' dir='ltr'><strong><em>negotio</em></strong></span> <span class='ocrx_word' id='word_1_651' title='bbox 2828 3028 3201 3098; x_wconf 87' lang='lat' dir='ltr'><strong><em>confunditur,</em></strong></span> <span class='ocrx_word' id='word_1_652' title='bbox 3236 3030 3440 3102; x_wconf 87' lang='lat' dir='ltr'><strong><em>quando</em></strong></span> <span class='ocrx_word' id='word_1_653' title='bbox 3461 3021 3762 3099; x_wconf 46' lang='lat' dir='ltr'><strong><em>praeparatione.</em></strong></span> 
     </span>
    </p>
   </div>
   <div class='ocr_carea' id='block_1_87' title="bbox 2289 3107 3765 3193">
    <p class='ocr_par' dir='ltr' id='par_1_87' title="bbox 2289 3107 3765 3193">
     <span class='ocr_line' id='line_1_87' title="bbox 2289 3107 3765 3193; baseline -0.005 -15"><span class='ocrx_word' id='word_1_654' title='bbox 2289 3121 2712 3193; x_wconf 86' lang='lat' dir='ltr'><strong><em>perpetratione,</em></strong></span> <span class='ocrx_word' id='word_1_655' title='bbox 2757 3120 2929 3188; x_wconf 79' lang='lat' dir='ltr'><strong><em>exitu,</em></strong></span> <span class='ocrx_word' id='word_1_656' title='bbox 2971 3129 3241 3193; x_wconf 88' lang='lat' dir='ltr'><strong><em>tempore,</em></strong></span> <span class='ocrx_word' id='word_1_657' title='bbox 3284 3119 3558 3183; x_wconf 86' lang='lat' dir='ltr'><strong><em>occasione,</em></strong></span> <span class='ocrx_word' id='word_1_658' title='bbox 3581 3116 3683 3177; x_wconf 84' lang='lat' dir='ltr'><strong><em>loco,</em></strong></span> <span class='ocrx_word' id='word_1_659' title='bbox 3717 3107 3765 3161; x_wconf 67' lang='lat' dir='ltr'><strong><em>l1-</em></strong></span> 
     </span>
    </p>
   </div>
   <div class='ocr_carea' id='block_1_88' title="bbox 2211 3215 3123 3297">
    <p class='ocr_par' dir='ltr' id='par_1_88' title="bbox 2211 3215 3123 3297">
     <span class='ocr_line' id='line_1_88' title="bbox 2211 3215 3123 3297; baseline -0.003 -23"><span class='ocrx_word' id='word_1_660' title='bbox 2211 3229 2264 3297; x_wconf 75' lang='grc' dir='ltr'>ο</span> <span class='ocrx_word' id='word_1_661' title='bbox 2292 3216 2515 3283; x_wconf 90' lang='lat' dir='ltr'><strong><em>cultate,</em></strong></span> <span class='ocrx_word' id='word_1_662' title='bbox 2552 3217 2732 3282; x_wconf 91' lang='lat' dir='ltr'><strong><em>modo,</em></strong></span> <span class='ocrx_word' id='word_1_663' title='bbox 2759 3215 3123 3273; x_wconf 80' lang='lat' dir='ltr'><strong><em>convincitur.</em></strong></span> 
     </span>
    </p>
   </div>
   <div class='ocr_carea' id='block_1_89' title="bbox 2362 3315 3766 3401">
    <p class='ocr_par' dir='ltr' id='par_1_89' title="bbox 2362 3315 3766 3401">
     <span class='ocr_line' id='line_1_89' title="bbox 2362 3315 3766 3401; baseline -0.007 -14"><span class='ocrx_word' id='word_1_664' title='bbox 2362 3330 2453 3387; x_wconf 76' lang='lat'><strong><em>27.</em></strong></span> <span class='ocrx_word' id='word_1_665' title='bbox 2483 3328 2659 3401; x_wconf 90' lang='lat' dir='ltr'><strong><em>Super</em></strong></span> <span class='ocrx_word' id='word_1_666' title='bbox 2681 3330 2878 3401; x_wconf 90' lang='lat' dir='ltr'><strong><em>quibus</em></strong></span> <span class='ocrx_word' id='word_1_667' title='bbox 2899 3331 2945 3387; x_wconf 90' lang='lat' dir='ltr'><strong><em>si</em></strong></span> <span class='ocrx_word' id='word_1_668' title='bbox 2973 3329 3096 3401; x_wconf 89' lang='lat' dir='ltr'><strong><em>quis</em></strong></span> <span class='ocrx_word' id='word_1_669' title='bbox 3121 3327 3409 3387; x_wconf 84' lang='lat' dir='ltr'><strong><em>certificari</em></strong></span> <span class='ocrx_word' id='word_1_670' title='bbox 3436 3326 3629 3389; x_wconf 84' lang='lat' dir='ltr'><strong><em>studeat,</em></strong></span> <span class='ocrx_word' id='word_1_671' title='bbox 3645 3315 3766 3375; x_wconf 78' lang='lat' dir='ltr'><strong><em>lectio-</em></strong></span> 
     </span>
    </p>
   </div>
   <div class='ocr_carea' id='block_1_90' title="bbox 2292 3408 3764 3494">
    <p class='ocr_par' dir='ltr' id='par_1_90' title="bbox 2292 3408 3764 3494">
     <span class='ocr_line' id='line_1_90' title="bbox 2292 3408 3764 3494; baseline -0.007 -17"><span class='ocrx_word' id='word_1_672' title='bbox 2292 3420 2380 3477; x_wconf 91' lang='lat' dir='ltr'><strong><em>nis</em></strong></span> <span class='ocrx_word' id='word_1_673' title='bbox 2390 3419 2934 3492; x_wconf 54' lang='lat' dir='ltr'><strong><em>seriemfpropheticae</em></strong></span> <span class='ocrx_word' id='word_1_674' title='bbox 2950 3421 3237 3494; x_wconf 82' lang='lat' dir='ltr'><strong><em>diligenter</em></strong></span> <span class='ocrx_word' id='word_1_675' title='bbox 3250 3419 3515 3478; x_wconf 88' lang='lat' dir='ltr'><strong><em>dissentiat</em></strong></span> <span class='ocrx_word' id='word_1_676' title='bbox 3528 3413 3685 3490; x_wconf 74' lang='lat' dir='ltr'><strong><em>[Fors.,</em></strong></span> <span class='ocrx_word' id='word_1_677' title='bbox 3695 3408 3764 3463; x_wconf 47' lang='lat' dir='ltr'><strong><em>dis.</em></strong></span> 
     </span>
    </p>
   </div>
   <div class='ocr_carea' id='block_1_91' title="bbox 2293 3497 3768 3586">
    <p class='ocr_par' dir='ltr' id='par_1_91' title="bbox 2293 3497 3768 3586">
     <span class='ocr_line' id='line_1_91' title="bbox 2293 3497 3768 3586; baseline -0.009 -17"><span class='ocrx_word' id='word_1_678' title='bbox 2293 3520 2461 3579; x_wconf 87' lang='lat' dir='ltr'><strong><em>serat,</em></strong></span> <span class='ocrx_word' id='word_1_679' title='bbox 2504 3520 2598 3567; x_wconf 88' lang='lat' dir='ltr'><strong><em>aut</em></strong></span> <span class='ocrx_word' id='word_1_680' title='bbox 2629 3511 2940 3586; x_wconf 88' lang='lat' dir='ltr'><strong><em>edisserat].</em></strong></span> <span class='ocrx_word' id='word_1_681' title='bbox 2976 3511 3090 3585; x_wconf 90' lang='lat' dir='ltr'><strong><em>Ego</em></strong></span> <span class='ocrx_word' id='word_1_682' title='bbox 3118 3527 3251 3569; x_wconf 91' lang='lat' dir='ltr'><strong><em>vero</em></strong></span> <span class='ocrx_word' id='word_1_683' title='bbox 3285 3528 3388 3569; x_wconf 90' lang='lat' dir='ltr'><strong><em>non</em></strong></span> <span class='ocrx_word' id='word_1_684' title='bbox 3429 3511 3594 3567; x_wconf 85' lang='lat' dir='ltr'><strong><em>docere</em></strong></span> <span class='ocrx_word' id='word_1_685' title='bbox 3614 3497 3768 3559; x_wconf 80' lang='lat' dir='ltr'><strong><em>rhetori-</em></strong></span> 
     </span>
    </p>
   </div>
   <div class='ocr_carea' id='block_1_92' title="bbox 2291 3599 3767 3676">
    <p class='ocr_par' dir='ltr' id='par_1_92' title="bbox 2291 3599 3767 3676">
     <span class='ocr_line' id='line_1_92' title="bbox 2291 3599 3767 3676; baseline 0.001 -16"><span class='ocrx_word' id='word_1_686' title='bbox 2291 3620 2433 3671; x_wconf 88' lang='lat' dir='ltr'><strong><em>cam,</em></strong></span> <span class='ocrx_word' id='word_1_687' title='bbox 2478 3601 2572 3659; x_wconf 85' lang='lat' dir='ltr'><strong><em>sed</em></strong></span> <span class='ocrx_word' id='word_1_688' title='bbox 2614 3604 2903 3661; x_wconf 87' lang='lat' dir='ltr'><strong><em>lectionem</em></strong></span> <span class='ocrx_word' id='word_1_689' title='bbox 2948 3619 3239 3676; x_wconf 82' lang='lat' dir='ltr'><strong><em>aggressus</em></strong></span> <span class='ocrx_word' id='word_1_690' title='bbox 3282 3620 3398 3659; x_wconf 91' lang='lat' dir='ltr'><strong><em>sum</em></strong></span> <span class='ocrx_word' id='word_1_691' title='bbox 3443 3599 3677 3672; x_wconf 72' lang='lat' dir='ltr'><strong><em>explanare</em></strong></span> <span class='ocrx_word' id='word_1_692' title='bbox 3694 3603 3767 3661; x_wconf 73' lang='grc' dir='ltr'><strong><em>ΡΝ·</em></strong></span> 
     </span>
    </p>
   </div>
   <div class='ocr_carea' id='block_1_93' title="bbox 2289 3681 3766 3769">
    <p class='ocr_par' dir='ltr' id='par_1_93' title="bbox 2289 3681 3766 3769">
     <span class='ocr_line' id='line_1_93' title="bbox 2289 3681 3766 3769; baseline -0.006 -16"><span class='ocrx_word' id='word_1_693' title='bbox 2289 3695 2585 3767; x_wconf 89' lang='lat' dir='ltr'><strong><em>pheticam.</em></strong></span> <span class='ocrx_word' id='word_1_694' title='bbox 2625 3695 2785 3752; x_wconf 87' lang='lat' dir='ltr'><strong><em>Prius</em></strong></span> <span class='ocrx_word' id='word_1_695' title='bbox 2824 3710 2955 3767; x_wconf 88' lang='lat' dir='ltr'><strong><em>ergo</em></strong></span> <span class='ocrx_word' id='word_1_696' title='bbox 2984 3712 3106 3767; x_wconf 66' lang='lat' dir='ltr'><strong><em>quae</em></strong></span> <span class='ocrx_word' id='word_1_697' title='bbox 3138 3696 3223 3753; x_wconf 79' lang='lat' dir='ltr'><strong><em>vel</em></strong></span> <span class='ocrx_word' id='word_1_698' title='bbox 3247 3696 3417 3769; x_wconf 88' lang='lat' dir='ltr'><strong><em>qualis</em></strong></span> <span class='ocrx_word' id='word_1_699' title='bbox 3438 3709 3500 3749; x_wconf 80' lang='lat' dir='ltr'><strong><em>ex</em></strong></span> <span class='ocrx_word' id='word_1_700' title='bbox 3521 3688 3626 3747; x_wconf 86' lang='lat' dir='ltr'><strong><em>vitio</em></strong></span> <span class='ocrx_word' id='word_1_701' title='bbox 3647 3681 3766 3744; x_wconf 63' lang='lat' dir='ltr'><strong><em>fuerit.</em></strong></span> 
     </span>
    </p>
   </div>
   <div class='ocr_carea' id='block_1_94' title="bbox 2291 3777 3769 3860">
    <p class='ocr_par' dir='ltr' id='par_1_94' title="bbox 2291 3777 3769 3860">
     <span class='ocr_line' id='line_1_94' title="bbox 2291 3777 3769 3860; baseline -0.009 -14"><span class='ocrx_word' id='word_1_702' title='bbox 2291 3804 2413 3860; x_wconf 62' lang='lat' dir='ltr'><strong><em>quae</em></strong></span> <span class='ocrx_word' id='word_1_703' title='bbox 2430 3789 2513 3845; x_wconf 88' lang='lat' dir='ltr'><strong><em>vel</em></strong></span> <span class='ocrx_word' id='word_1_704' title='bbox 2535 3798 2738 3860; x_wconf 88' lang='lat' dir='ltr'><strong><em>quanta</em></strong></span> <span class='ocrx_word' id='word_1_705' title='bbox 2759 3805 2827 3845; x_wconf 85' lang='lat' dir='ltr'><strong><em>ex</em></strong></span> <span class='ocrx_word' id='word_1_706' title='bbox 2851 3789 3037 3859; x_wconf 76' lang='lat' dir='ltr'><strong><em>gratia:</em></strong></span> <span class='ocrx_word' id='word_1_707' title='bbox 3061 3789 3238 3848; x_wconf 81' lang='lat' dir='ltr'><strong><em>ofﬁcio</em></strong></span> <span class='ocrx_word' id='word_1_708' title='bbox 3257 3788 3524 3851; x_wconf 81' lang='lat' dir='ltr'><strong><em>exstiterit,</em></strong></span> <span class='ocrx_word' id='word_1_709' title='bbox 3550 3777 3769 3839; x_wconf 78' lang='lat' dir='ltr'><strong><em>manifestat</em></strong></span> 
     </span>
    </p>
   </div>
   <div class='ocr_carea' id='block_1_95' title="bbox 2292 3868 3770 3955">
    <p class='ocr_par' dir='ltr' id='par_1_95' title="bbox 2292 3868 3770 3955">
     <span class='ocr_line' id='line_1_95' title="bbox 2292 3868 3770 3955; baseline -0.007 -18"><span class='ocrx_word' id='word_1_710' title='bbox 2292 3882 2517 3938; x_wconf 87' lang='lat' dir='ltr'><strong><em>dicens:</em></strong></span> <span class='ocrx_word' id='word_1_711' title='bbox 2548 3882 2726 3938; x_wconf 69' lang='lat' dir='ltr'><strong><em>Radix</em></strong></span> <span class='ocrx_word' id='word_1_712' title='bbox 2770 3892 2885 3949; x_wconf 90' lang='lat' dir='ltr'><strong><em>tua,</em></strong></span> <span class='ocrx_word' id='word_1_713' title='bbox 2915 3892 2963 3937; x_wconf 89' lang='lat' dir='ltr'><strong><em>et</em></strong></span> <span class='ocrx_word' id='word_1_714' title='bbox 2986 3885 3255 3955; x_wconf 71' lang='lat' dir='ltr'><strong><em>generatio</em></strong></span> <span class='ocrx_word' id='word_1_715' title='bbox 3307 3893 3397 3937; x_wconf 86' lang='lat' dir='ltr'><strong><em>tua</em></strong></span> <span class='ocrx_word' id='word_1_716' title='bbox 3439 3880 3498 3935; x_wconf 84' lang='lat' dir='ltr'><strong><em>de</em></strong></span> <span class='ocrx_word' id='word_1_717' title='bbox 3531 3889 3645 3933; x_wconf 85' lang='lat' dir='ltr'><strong><em>terra</em></strong></span> <span class='ocrx_word' id='word_1_718' title='bbox 3683 3868 3770 3923; x_wconf 68' lang='grc' dir='ltr'><strong><em>αι’</em></strong></span> 
     </span>
    </p>
   </div>
   <div class='ocr_carea' id='block_1_96' title="bbox 2291 3963 3769 4052">
    <p class='ocr_par' dir='ltr' id='par_1_96' title="bbox 2291 3963 3769 4052">
     <span class='ocr_line' id='line_1_96' title="bbox 2291 3963 3769 4052; baseline -0.005 -22"><span class='ocrx_word' id='word_1_719' title='bbox 2291 3993 2453 4031; x_wconf 90' lang='lat' dir='ltr'><strong><em>naan.</em></strong></span> <span class='ocrx_word' id='word_1_720' title='bbox 2486 3975 2650 4032; x_wconf 89' lang='lat' dir='ltr'><strong><em>Pater</em></strong></span> <span class='ocrx_word' id='word_1_721' title='bbox 2690 3986 2811 4032; x_wconf 85' lang='lat' dir='ltr'><strong><em>tuus</em></strong></span> <span class='ocrx_word' id='word_1_722' title='bbox 2859 3975 3220 4043; x_wconf 72' lang='lat' dir='ltr'><strong><em>Amorrhwus,</em></strong></span> <span class='ocrx_word' id='word_1_723' title='bbox 3244 3987 3293 4032; x_wconf 89' lang='lat' dir='ltr'><strong><em>et</em></strong></span> <span class='ocrx_word' id='word_1_724' title='bbox 3318 3986 3477 4052; x_wconf 83' lang='lat' dir='ltr'><strong><em>mater</em></strong></span> <span class='ocrx_word' id='word_1_725' title='bbox 3497 3982 3576 4026; x_wconf 84' lang='lat' dir='ltr'><strong><em>tua</em></strong></span> 
     </span>
    </p>
   </div>
   <div class='ocr_carea' id='block_1_97' title="bbox 2292 4057 3771 4142">
    <p class='ocr_par' dir='ltr' id='par_1_97' title="bbox 2292 4057 3771 4142">
     <span class='ocr_line' id='line_1_97' title="bbox 2292 4057 3771 4142; baseline -0.004 -19"><span class='ocrx_word' id='word_1_726' title='bbox 2292 4068 2363 4123; x_wconf 83' lang='lat' dir='ltr'><strong><em>Et</em></strong></span> <span class='ocrx_word' id='word_1_727' title='bbox 2407 4069 2619 4142; x_wconf 87' lang='lat' dir='ltr'><strong><em>quando</em></strong></span> <span class='ocrx_word' id='word_1_728' title='bbox 2656 4078 2781 4125; x_wconf 90' lang='lat' dir='ltr'><strong><em>nata</em></strong></span> <span class='ocrx_word' id='word_1_729' title='bbox 2818 4086 2891 4136; x_wconf 90' lang='lat' dir='ltr'><strong><em>es,</em></strong></span> <span class='ocrx_word' id='word_1_730' title='bbox 2922 4068 2979 4125; x_wconf 90' lang='lat' dir='ltr'><strong><em>in</em></strong></span> <span class='ocrx_word' id='word_1_731' title='bbox 3009 4070 3095 4125; x_wconf 90' lang='lat' dir='ltr'><strong><em>die</em></strong></span> <span class='ocrx_word' id='word_1_732' title='bbox 3129 4081 3278 4126; x_wconf 85' lang='lat' dir='ltr'><strong><em>ortus</em></strong></span> <span class='ocrx_word' id='word_1_733' title='bbox 3307 4071 3382 4125; x_wconf 87' lang='lat' dir='ltr'><strong><em>tui</em></strong></span> <span class='ocrx_word' id='word_1_734' title='bbox 3406 4085 3499 4123; x_wconf 88' lang='lat' dir='ltr'><strong><em>non</em></strong></span> <span class='ocrx_word' id='word_1_735' title='bbox 3524 4074 3585 4120; x_wconf 83' lang='lat' dir='ltr'><strong><em>est</em></strong></span> <span class='ocrx_word' id='word_1_736' title='bbox 3602 4057 3771 4135; x_wconf 62' lang='lat' dir='ltr'><strong><em>pretim</em></strong></span> 
     </span>
    </p>
   </div>
   <div class='ocr_carea' id='block_1_98' title="bbox 2290 4145 3772 4236">
    <p class='ocr_par' dir='ltr' id='par_1_98' title="bbox 2290 4145 3772 4236">
     <span class='ocr_line' id='line_1_98' title="bbox 2290 4145 3772 4236; baseline -0.006 -19"><span class='ocrx_word' id='word_1_737' title='bbox 2290 4163 2570 4218; x_wconf 87' lang='lat' dir='ltr'><strong><em>umbilicus</em></strong></span> <span class='ocrx_word' id='word_1_738' title='bbox 2613 4173 2777 4230; x_wconf 89' lang='lat' dir='ltr'><strong><em>tuus;</em></strong></span> <span class='ocrx_word' id='word_1_739' title='bbox 2826 4182 2932 4221; x_wconf 87' lang='lat' dir='ltr'><strong><em>non</em></strong></span> <span class='ocrx_word' id='word_1_740' title='bbox 2973 4182 3112 4236; x_wconf 89' lang='lat' dir='ltr'><strong><em>aqua</em></strong></span> <span class='ocrx_word' id='word_1_741' title='bbox 3147 4164 3258 4221; x_wconf 88' lang='lat' dir='ltr'><strong><em>lota</em></strong></span> <span class='ocrx_word' id='word_1_742' title='bbox 3294 4167 3349 4220; x_wconf 91' lang='lat' dir='ltr'><strong><em>in</em></strong></span> <span class='ocrx_word' id='word_1_743' title='bbox 3375 4164 3588 4223; x_wconf 82' lang='lat' dir='ltr'><strong><em>salutem,</em></strong></span> <span class='ocrx_word' id='word_1_744' title='bbox 3620 4170 3687 4211; x_wconf 79' lang='lat' dir='ltr'><strong><em>nec</em></strong></span> <span class='ocrx_word' id='word_1_745' title='bbox 3704 4145 3772 4204; x_wconf 64' lang='lat' dir='ltr'><strong><em>tali</em></strong></span> 
     </span>
    </p>
   </div>
   <div class='ocr_carea' id='block_1_99' title="bbox 2289 4242 3773 4329">
    <p class='ocr_par' dir='ltr' id='par_1_99' title="bbox 2289 4242 3773 4329">
     <span class='ocr_line' id='line_1_99' title="bbox 2289 4242 3773 4329; baseline -0.008 -21"><span class='ocrx_word' id='word_1_746' title='bbox 2289 4253 2470 4321; x_wconf 83' lang='lat' dir='ltr'><strong><em>solita,</em></strong></span> <span class='ocrx_word' id='word_1_747' title='bbox 2511 4272 2603 4310; x_wconf 89' lang='lat' dir='ltr'><strong><em>nec</em></strong></span> <span class='ocrx_word' id='word_1_748' title='bbox 2641 4257 2829 4327; x_wconf 89' lang='lat' dir='ltr'><strong><em>pannis</em></strong></span> <span class='ocrx_word' id='word_1_749' title='bbox 2876 4257 3126 4322; x_wconf 86' lang='lat' dir='ltr'><strong><em>involuta,</em></strong></span> <span class='ocrx_word' id='word_1_750' title='bbox 3160 4268 3294 4325; x_wconf 81' lang='lat' dir='ltr'><strong><em>etc.,</em></strong></span> <span class='ocrx_word' id='word_1_751' title='bbox 3323 4275 3439 4329; x_wconf 71' lang='lat' dir='ltr'><strong><em>qum</em></strong></span> <span class='ocrx_word' id='word_1_752' title='bbox 3466 4242 3773 4325; x_wconf 71' lang='lat' dir='ltr'><strong><em>impropcrindo</em></strong></span> 
     </span>
    </p>
   </div>
   <div class='ocr_carea' id='block_1_100' title="bbox 2289 4338 3772 4422">
    <p class='ocr_par' dir='ltr' id='par_1_100' title="bbox 2289 4338 3772 4422">
     <span class='ocr_line' id='line_1_100' title="bbox 2289 4338 3772 4422; baseline -0.005 -19"><span class='ocrx_word' id='word_1_753' title='bbox 2289 4346 2580 4416; x_wconf 80' lang='lat' dir='ltr'><strong><em>supponit:</em></strong></span> <span class='ocrx_word' id='word_1_754' title='bbox 2615 4345 2914 4421; x_wconf 87' lang='lat' dir='ltr'><strong><em>Usquequo,</em></strong></span> <span class='ocrx_word' id='word_1_755' title='bbox 2956 4349 3053 4415; x_wconf 82' lang='lat' dir='ltr'><strong><em>ait,</em></strong></span> <span class='ocrx_word' id='word_1_756' title='bbox 3075 4358 3122 4404; x_wconf 92' lang='lat' dir='ltr'><strong><em>et</em></strong></span> <span class='ocrx_word' id='word_1_757' title='bbox 3145 4353 3362 4407; x_wconf 81' lang='lat' dir='ltr'><strong><em>transivi</em></strong></span> <span class='ocrx_word' id='word_1_758' title='bbox 3384 4367 3475 4422; x_wconf 84' lang='lat' dir='ltr'><strong><em>per</em></strong></span> <span class='ocrx_word' id='word_1_759' title='bbox 3501 4359 3560 4411; x_wconf 88' lang='lat' dir='ltr'><strong><em>te,</em></strong></span> <span class='ocrx_word' id='word_1_760' title='bbox 3582 4352 3622 4399; x_wconf 88' lang='lat' dir='ltr'><strong><em>et</em></strong></span> <span class='ocrx_word' id='word_1_761' title='bbox 3642 4338 3772 4395; x_wconf 65' lang='lat' dir='ltr'><strong><em>vidth</em></strong></span> 
     </span>
    </p>
   </div>
   <div class='ocr_carea' id='block_1_101' title="bbox 2288 4424 3773 4513">
    <p class='ocr_par' dir='ltr' id='par_1_101' title="bbox 2288 4424 3773 4513">
     <span class='ocr_line' id='line_1_101' title="bbox 2288 4424 3773 4513; baseline 0.002 -24"><span class='ocrx_word' id='word_1_762' title='bbox 2288 4445 2338 4490; x_wconf 90' lang='lat' dir='ltr'><strong><em>et</em></strong></span> <span class='ocrx_word' id='word_1_763' title='bbox 2368 4452 2482 4492; x_wconf 77' lang='lat' dir='ltr'><strong><em>ecce</em></strong></span> <span class='ocrx_word' id='word_1_764' title='bbox 2508 4446 2713 4509; x_wconf 84' lang='lat' dir='ltr'><strong><em>tempus</em></strong></span> <span class='ocrx_word' id='word_1_765' title='bbox 2743 4450 2909 4506; x_wconf 90' lang='lat' dir='ltr'><strong><em>tuum,</em></strong></span> <span class='ocrx_word' id='word_1_766' title='bbox 2943 4449 3145 4513; x_wconf 87' lang='lat' dir='ltr'><strong><em>tempus</em></strong></span> <span class='ocrx_word' id='word_1_767' title='bbox 3185 4445 3489 4499; x_wconf 87' lang='lat' dir='ltr'><strong><em>amantium.</em></strong></span> <span class='ocrx_word' id='word_1_768' title='bbox 3530 4440 3588 4494; x_wconf 85' lang='lat' dir='ltr'><strong><em>Et</em></strong></span> <span class='ocrx_word' id='word_1_769' title='bbox 3624 4424 3773 4504; x_wconf 63' lang='grc' dir='ltr'><strong><em>ε-ῑρακδί</em></strong></span> 
     </span>
    </p>
   </div>
   <div class='ocr_carea' id='block_1_102' title="bbox 2288 4531 3772 4607">
    <p class='ocr_par' dir='ltr' id='par_1_102' title="bbox 2288 4531 3772 4607">
     <span class='ocr_line' id='line_1_102' title="bbox 2288 4531 3772 4607; baseline 0 -26"><span class='ocrx_word' id='word_1_770' title='bbox 2288 4543 2445 4600; x_wconf 86' lang='lat' dir='ltr'><strong><em>super</em></strong></span> <span class='ocrx_word' id='word_1_771' title='bbox 2468 4537 2517 4584; x_wconf 90' lang='lat' dir='ltr'><strong><em>te</em></strong></span> <span class='ocrx_word' id='word_1_772' title='bbox 2550 4531 2801 4584; x_wconf 86' lang='lat' dir='ltr'><strong><em>amictum</em></strong></span> <span class='ocrx_word' id='word_1_773' title='bbox 2830 4548 3024 4599; x_wconf 87' lang='lat' dir='ltr'><strong><em>meum,</em></strong></span> <span class='ocrx_word' id='word_1_774' title='bbox 3061 4543 3110 4587; x_wconf 89' lang='lat' dir='ltr'><strong><em>et</em></strong></span> <span class='ocrx_word' id='word_1_775' title='bbox 3138 4538 3319 4606; x_wconf 84' lang='lat' dir='ltr'><strong><em>operui</em></strong></span> <span class='ocrx_word' id='word_1_776' title='bbox 3347 4532 3647 4607; x_wconf 76' lang='lat' dir='ltr'><strong><em>ignominiam</em></strong></span> <span class='ocrx_word' id='word_1_777' title='bbox 3666 4534 3772 4577; x_wconf 74' lang='grc' dir='ltr'><strong><em>ιιατκο</em></strong></span> 
     </span>
    </p>
   </div>
   <div class='ocr_carea' id='block_1_103' title="bbox 2293 4620 3775 4700">
    <p class='ocr_par' dir='ltr' id='par_1_103' title="bbox 2293 4620 3775 4700">
     <span class='ocr_line' id='line_1_103' title="bbox 2293 4620 3775 4700; baseline 0.002 -27"><span class='ocrx_word' id='word_1_778' title='bbox 2293 4620 2363 4674; x_wconf 88' lang='lat' dir='ltr'><strong><em>Et</em></strong></span> <span class='ocrx_word' id='word_1_779' title='bbox 2402 4620 2583 4691; x_wconf 86' lang='lat' dir='ltr'><strong><em>juravi</em></strong></span> <span class='ocrx_word' id='word_1_780' title='bbox 2632 4622 2747 4691; x_wconf 88' lang='lat' dir='ltr'><strong><em>tibi,</em></strong></span> <span class='ocrx_word' id='word_1_781' title='bbox 2792 4631 2840 4677; x_wconf 88' lang='lat' dir='ltr'><strong><em>et</em></strong></span> <span class='ocrx_word' id='word_1_782' title='bbox 2874 4624 3139 4695; x_wconf 87' lang='lat' dir='ltr'><strong><em>ingressus</em></strong></span> <span class='ocrx_word' id='word_1_783' title='bbox 3182 4644 3299 4682; x_wconf 90' lang='lat' dir='ltr'><strong><em>sum</em></strong></span> <span class='ocrx_word' id='word_1_784' title='bbox 3340 4637 3539 4700; x_wconf 83' lang='lat' dir='ltr'><strong><em>pactum</em></strong></span> <span class='ocrx_word' id='word_1_785' title='bbox 3582 4632 3723 4677; x_wconf 61' lang='lat' dir='ltr'><strong><em>tecm,</em></strong></span> <span class='ocrx_word' id='word_1_786' title='bbox 3747 4620 3775 4661; x_wconf 67' lang='grc' dir='ltr'><strong><em>ελ</em></strong></span> 
     </span>
    </p>
   </div>
   <div class='ocr_carea' id='block_1_104' title="bbox 2292 4710 3773 4791">
    <p class='ocr_par' dir='ltr' id='par_1_104' title="bbox 2292 4710 3773 4791">
     <span class='ocr_line' id='line_1_104' title="bbox 2292 4710 3773 4791; baseline -0.007 -24"><span class='ocrx_word' id='word_1_787' title='bbox 2292 4711 2435 4783; x_wconf 79' lang='lat' dir='ltr'><strong><em>facta</em></strong></span> <span class='ocrx_word' id='word_1_788' title='bbox 2459 4729 2515 4769; x_wconf 92' lang='lat' dir='ltr'><strong><em>es</em></strong></span> <span class='ocrx_word' id='word_1_789' title='bbox 2548 4713 2697 4769; x_wconf 86' lang='lat' dir='ltr'><strong><em>mihi.</em></strong></span> <span class='ocrx_word' id='word_1_790' title='bbox 2726 4714 2798 4769; x_wconf 88' lang='lat' dir='ltr'><strong><em>Et</em></strong></span> <span class='ocrx_word' id='word_1_791' title='bbox 2823 4713 2927 4773; x_wconf 86' lang='lat' dir='ltr'><strong><em>lavi</em></strong></span> <span class='ocrx_word' id='word_1_792' title='bbox 2951 4727 3000 4771; x_wconf 87' lang='lat' dir='ltr'><strong><em>te</em></strong></span> <span class='ocrx_word' id='word_1_793' title='bbox 3027 4736 3185 4791; x_wconf 90' lang='lat' dir='ltr'><strong><em>aqua,</em></strong></span> <span class='ocrx_word' id='word_1_794' title='bbox 3212 4731 3262 4776; x_wconf 87' lang='lat' dir='ltr'><strong><em>et</em></strong></span> <span class='ocrx_word' id='word_1_795' title='bbox 3297 4719 3531 4776; x_wconf 77' lang='lat' dir='ltr'><strong><em>mandavi</em></strong></span> <span class='ocrx_word' id='word_1_796' title='bbox 3556 4710 3773 4783; x_wconf 68' lang='lat' dir='ltr'><strong><em>sanguine!</em></strong></span> 
     </span>
    </p>
   </div>
   <div class='ocr_carea' id='block_1_105' title="bbox 2291 4799 3774 4879">
    <p class='ocr_par' dir='ltr' id='par_1_105' title="bbox 2291 4799 3774 4879">
     <span class='ocr_line' id='line_1_105' title="bbox 2291 4799 3774 4879; baseline -0.005 -20"><span class='ocrx_word' id='word_1_797' title='bbox 2291 4816 2441 4860; x_wconf 90' lang='lat' dir='ltr'><strong><em>tuum</em></strong></span> <span class='ocrx_word' id='word_1_798' title='bbox 2466 4823 2530 4862; x_wconf 75' lang='lat' dir='ltr'><strong><em>eo;</em></strong></span> <span class='ocrx_word' id='word_1_799' title='bbox 2558 4817 2624 4863; x_wconf 89' lang='lat' dir='ltr'><strong><em>te.</em></strong></span> <span class='ocrx_word' id='word_1_800' title='bbox 2651 4807 2721 4863; x_wconf 87' lang='lat' dir='ltr'><strong><em>Et</em></strong></span> <span class='ocrx_word' id='word_1_801' title='bbox 2746 4810 2876 4865; x_wconf 74' lang='lat' dir='ltr'><strong><em>unxi</em></strong></span> <span class='ocrx_word' id='word_1_802' title='bbox 2897 4821 2948 4868; x_wconf 91' lang='lat' dir='ltr'><strong><em>te</em></strong></span> <span class='ocrx_word' id='word_1_803' title='bbox 2967 4813 3101 4879; x_wconf 91' lang='lat' dir='ltr'><strong><em>oleo,</em></strong></span> <span class='ocrx_word' id='word_1_804' title='bbox 3145 4823 3196 4870; x_wconf 94' lang='lat' dir='ltr'><strong><em>et</em></strong></span> <span class='ocrx_word' id='word_1_805' title='bbox 3221 4814 3398 4870; x_wconf 86' lang='lat' dir='ltr'><strong><em>vestivi</em></strong></span> <span class='ocrx_word' id='word_1_806' title='bbox 3429 4823 3477 4867; x_wconf 90' lang='lat' dir='ltr'><strong><em>te</em></strong></span> <span class='ocrx_word' id='word_1_807' title='bbox 3501 4799 3774 4865; x_wconf 72' lang='lat' dir='ltr'><strong><em>discoloribu.</em></strong></span> 
     </span>
    </p>
   </div>
   <div class='ocr_carea' id='block_1_106' title="bbox 2290 4891 3775 4979">
    <p class='ocr_par' dir='ltr' id='par_1_106' title="bbox 2290 4891 3775 4979">
     <span class='ocr_line' id='line_1_106' title="bbox 2290 4891 3775 4979; baseline 0.009 -25"><span class='ocrx_word' id='word_1_808' title='bbox 2290 4910 2341 4956; x_wconf 87' lang='lat' dir='ltr'><strong><em>et</em></strong></span> <span class='ocrx_word' id='word_1_809' title='bbox 2370 4901 2598 4958; x_wconf 86' lang='lat' dir='ltr'><strong><em>calceavi</em></strong></span> <span class='ocrx_word' id='word_1_810' title='bbox 2628 4915 2674 4959; x_wconf 90' lang='lat' dir='ltr'><strong><em>te</em></strong></span> <span class='ocrx_word' id='word_1_811' title='bbox 2700 4907 2998 4977; x_wconf 80' lang='lat' dir='ltr'><strong><em>hyacintho,</em></strong></span> <span class='ocrx_word' id='word_1_812' title='bbox 3027 4917 3075 4963; x_wconf 86' lang='lat' dir='ltr'><strong><em>et</em></strong></span> <span class='ocrx_word' id='word_1_813' title='bbox 3097 4910 3237 4965; x_wconf 64' lang='lat' dir='ltr'><strong><em>cinxi</em></strong></span> <span class='ocrx_word' id='word_1_814' title='bbox 3263 4919 3313 4963; x_wconf 88' lang='lat' dir='ltr'><strong><em>te</em></strong></span> <span class='ocrx_word' id='word_1_815' title='bbox 3339 4908 3502 4979; x_wconf 79' lang='lat' dir='ltr'><strong><em>bysso,</em></strong></span> <span class='ocrx_word' id='word_1_816' title='bbox 3523 4912 3565 4958; x_wconf 77' lang='lat' dir='ltr'><strong><em>et</em></strong></span> <span class='ocrx_word' id='word_1_817' title='bbox 3585 4891 3775 4972; x_wconf 65' lang='grc' dir='ltr'><strong><em>ροιυηίίσν</em></strong></span> 
     </span>
    </p>
   </div>
   <div class='ocr_carea' id='block_1_107' title="bbox 2291 4992 3779 5065">
    <p class='ocr_par' dir='ltr' id='par_1_107' title="bbox 2291 4992 3779 5065">
     <span class='ocr_line' id='line_1_107' title="bbox 2291 4992 3779 5065; baseline -0.001 -18"><span class='ocrx_word' id='word_1_818' title='bbox 2291 5001 2339 5048; x_wconf 90' lang='lat' dir='ltr'><strong><em>et</em></strong></span> <span class='ocrx_word' id='word_1_819' title='bbox 2380 4992 2560 5049; x_wconf 91' lang='lat' dir='ltr'><strong><em>multis</em></strong></span> <span class='ocrx_word' id='word_1_820' title='bbox 2607 4995 2890 5054; x_wconf 88' lang='lat' dir='ltr'><strong><em>coloribus.</em></strong></span> <span class='ocrx_word' id='word_1_821' title='bbox 2936 4998 3200 5065; x_wconf 83' lang='lat' dir='ltr'><strong><em>Similam,</em></strong></span> <span class='ocrx_word' id='word_1_822' title='bbox 3241 5010 3289 5054; x_wconf 89' lang='lat' dir='ltr'><strong><em>et</em></strong></span> <span class='ocrx_word' id='word_1_823' title='bbox 3325 4996 3445 5064; x_wconf 85' lang='lat' dir='ltr'><strong><em>mel,</em></strong></span> <span class='ocrx_word' id='word_1_824' title='bbox 3483 5005 3526 5051; x_wconf 88' lang='lat' dir='ltr'><strong><em>et</em></strong></span> <span class='ocrx_word' id='word_1_825' title='bbox 3563 4992 3695 5047; x_wconf 66' lang='lat' dir='ltr'><strong><em>oleum</em></strong></span> <span class='ocrx_word' id='word_1_826' title='bbox 3727 4995 3779 5034; x_wconf 68' lang='grc' dir='ltr'><strong><em>σο·</em></strong></span> 
     </span>
    </p>
   </div>
   <div class='ocr_carea' id='block_1_108' title="bbox 2290 5071 3780 5170">
    <p class='ocr_par' dir='ltr' id='par_1_108' title="bbox 2290 5071 3780 5170">
     <span class='ocr_line' id='line_1_108' title="bbox 2290 5071 3780 5170; baseline -0.004 -24"><span class='ocrx_word' id='word_1_827' title='bbox 2290 5091 2518 5157; x_wconf 87' lang='lat' dir='ltr'><strong><em>medisti,</em></strong></span> <span class='ocrx_word' id='word_1_828' title='bbox 2543 5099 2591 5146; x_wconf 91' lang='lat' dir='ltr'><strong><em>et</em></strong></span> <span class='ocrx_word' id='word_1_829' title='bbox 2618 5089 2809 5148; x_wconf 84' lang='lat' dir='ltr'><strong><em>decora</em></strong></span> <span class='ocrx_word' id='word_1_830' title='bbox 2837 5092 2980 5164; x_wconf 76' lang='lat' dir='ltr'><strong><em>facta</em></strong></span> <span class='ocrx_word' id='word_1_831' title='bbox 3001 5110 3054 5149; x_wconf 88' lang='lat' dir='ltr'><strong><em>es</em></strong></span> <span class='ocrx_word' id='word_1_832' title='bbox 3082 5095 3401 5150; x_wconf 85' lang='lat' dir='ltr'><strong><em>vehementer</em></strong></span> <span class='ocrx_word' id='word_1_833' title='bbox 3427 5090 3584 5151; x_wconf 89' lang='lat' dir='ltr'><strong><em>nimis,</em></strong></span> <span class='ocrx_word' id='word_1_834' title='bbox 3606 5092 3645 5138; x_wconf 83' lang='lat' dir='ltr'><strong><em>et</em></strong></span> <span class='ocrx_word' id='word_1_835' title='bbox 3666 5071 3780 5170; x_wconf 65' lang='lat' dir='ltr'><strong><em>prolf‘</em></strong></span> 
     </span>
    </p>
   </div>
   <div class='ocr_carea' id='block_1_109' title="bbox 2290 5175 3778 5260">
    <p class='ocr_par' dir='ltr' id='par_1_109' title="bbox 2290 5175 3778 5260">
     <span class='ocr_line' id='line_1_109' title="bbox 2290 5175 3778 5260; baseline -0.013 -17"><span class='ocrx_word' id='word_1_836' title='bbox 2290 5188 2407 5243; x_wconf 88' lang='lat' dir='ltr'><strong><em>cisti</em></strong></span> <span class='ocrx_word' id='word_1_837' title='bbox 2455 5189 2511 5243; x_wconf 90' lang='lat' dir='ltr'><strong><em>in</em></strong></span> <span class='ocrx_word' id='word_1_838' title='bbox 2560 5203 2795 5260; x_wconf 89' lang='lat' dir='ltr'><strong><em>regnum.</em></strong></span> <span class='ocrx_word' id='word_1_839' title='bbox 2851 5186 2922 5241; x_wconf 84' lang='lat' dir='ltr'><strong><em>Et</em></strong></span> <span class='ocrx_word' id='word_1_840' title='bbox 2969 5203 3231 5258; x_wconf 82' lang='lat' dir='ltr'><strong><em>egressum</em></strong></span> <span class='ocrx_word' id='word_1_841' title='bbox 3276 5194 3352 5241; x_wconf 90' lang='lat' dir='ltr'><strong><em>est</em></strong></span> <span class='ocrx_word' id='word_1_842' title='bbox 3399 5196 3570 5237; x_wconf 84' lang='lat' dir='ltr'><strong><em>nomen</em></strong></span> <span class='ocrx_word' id='word_1_843' title='bbox 3606 5183 3716 5227; x_wconf 66' lang='lat' dir='ltr'><strong><em>tuum</em></strong></span> <span class='ocrx_word' id='word_1_844' title='bbox 3745 5175 3778 5260; x_wconf 58' lang='lat' dir='ltr'><strong><em>tu</em></strong></span> 
     </span>
    </p>
   </div>
   <div class='ocr_carea' id='block_1_110' title="bbox 2290 5266 3778 5357">
    <p class='ocr_par' dir='ltr' id='par_1_110' title="bbox 2290 5266 3778 5357">
     <span class='ocr_line' id='line_1_110' title="bbox 2290 5266 3778 5357; baseline -0.007 -41"><span class='ocrx_word' id='word_1_845' title='bbox 2290 5289 2463 5353; x_wconf 63' lang='grc' dir='ltr'><strong><em>ρεηεεε</em></strong></span> <span class='ocrx_word' id='word_1_846' title='bbox 2509 5290 2718 5353; x_wconf 54' lang='lat' dir='ltr'><strong><em>promer</em></strong></span> <span class='ocrx_word' id='word_1_847' title='bbox 2762 5280 2983 5354; x_wconf 59' lang='lat' dir='ltr'><strong><em>speciem</em></strong></span> <span class='ocrx_word' id='word_1_848' title='bbox 3024 5290 3189 5345; x_wconf 83' lang='lat' dir='ltr'><strong><em>tuam,</em></strong></span> <span class='ocrx_word' id='word_1_849' title='bbox 3232 5279 3358 5350; x_wconf 82' lang='lat' dir='ltr'><strong><em>quia</em></strong></span> <span class='ocrx_word' id='word_1_850' title='bbox 3393 5272 3723 5357; x_wconf 7' lang='lat' dir='ltr'><strong><em>perfectaqeras</em></strong></span> <span class='ocrx_word' id='word_1_851' title='bbox 3747 5266 3778 5357; x_wconf 82' lang='lat' dir='ltr'><strong><em>ut</em></strong></span> 
     </span>
    </p>
   </div>
   <div class='ocr_carea' id='block_1_111' title="bbox 2289 5355 3781 5444">
    <p class='ocr_par' dir='ltr' id='par_1_111' title="bbox 2289 5355 3781 5444">
     <span class='ocr_line' id='line_1_111' title="bbox 2289 5355 3781 5444; baseline -0.007 -19"><span class='ocrx_word' id='word_1_852' title='bbox 2289 5371 2475 5427; x_wconf 88' lang='lat' dir='ltr'><strong><em>decore</em></strong></span> <span class='ocrx_word' id='word_1_853' title='bbox 2498 5388 2632 5439; x_wconf 91' lang='lat' dir='ltr'><strong><em>meo,</em></strong></span> <span class='ocrx_word' id='word_1_854' title='bbox 2663 5388 2817 5444; x_wconf 83' lang='lat' dir='ltr'><strong><em>quem</em></strong></span> <span class='ocrx_word' id='word_1_855' title='bbox 2845 5378 3125 5443; x_wconf 84' lang='lat' dir='ltr'><strong><em>posueram</em></strong></span> <span class='ocrx_word' id='word_1_856' title='bbox 3160 5385 3316 5441; x_wconf 79' lang='lat' dir='ltr'><strong><em>super</em></strong></span> <span class='ocrx_word' id='word_1_857' title='bbox 3348 5376 3417 5435; x_wconf 89' lang='lat' dir='ltr'><strong><em>te,</em></strong></span> <span class='ocrx_word' id='word_1_858' title='bbox 3452 5361 3568 5418; x_wconf 85' lang='lat' dir='ltr'><strong><em>dicit</em></strong></span> <span class='ocrx_word' id='word_1_859' title='bbox 3599 5355 3781 5410; x_wconf 62' lang='lat' dir='ltr'><strong><em>Ml&quot;</em></strong></span> 
     </span>
    </p>
   </div>
   <div class='ocr_carea' id='block_1_112' title="bbox 2291 5461 2764 5535">
    <p class='ocr_par' dir='ltr' id='par_1_112' title="bbox 2291 5461 2764 5535">
     <span class='ocr_line' id='line_1_112' title="bbox 2291 5461 2764 5535; baseline 0 -18"><span class='ocrx_word' id='word_1_860' title='bbox 2291 5461 2507 5535; x_wconf 80' lang='lat' dir='ltr'><strong><em>(Ezech.</em></strong></span> <span class='ocrx_word' id='word_1_861' title='bbox 2540 5479 2652 5530; x_wconf 75' lang='lat' dir='ltr'><strong><em>XVI,</em></strong></span> <span class='ocrx_word' id='word_1_862' title='bbox 2684 5463 2764 5535; x_wconf 81' lang='grc'><strong>5).</strong></span> 
     </span>
    </p>
   </div>
   <div class='ocr_carea' id='block_1_113' title="bbox 2363 5552 3783 5647">
    <p class='ocr_par' dir='ltr' id='par_1_113' title="bbox 2363 5552 3783 5647">
     <span class='ocr_line' id='line_1_113' title="bbox 2363 5552 3783 5647; baseline -0.006 -17"><span class='ocrx_word' id='word_1_863' title='bbox 2363 5575 2450 5631; x_wconf 75' lang='lat'><strong><em>28.</em></strong></span> <span class='ocrx_word' id='word_1_864' title='bbox 2489 5575 2705 5634; x_wconf 82' lang='lat' dir='ltr'><strong><em>intuere</em></strong></span> <span class='ocrx_word' id='word_1_865' title='bbox 2740 5591 2904 5647; x_wconf 89' lang='lat' dir='ltr'><strong><em>super</em></strong></span> <span class='ocrx_word' id='word_1_866' title='bbox 2931 5575 3267 5633; x_wconf 85' lang='lat' dir='ltr'><strong><em>abundantes</em></strong></span> <span class='ocrx_word' id='word_1_867' title='bbox 3294 5573 3505 5631; x_wconf 87' lang='lat' dir='ltr'><strong><em>divitias</em></strong></span> <span class='ocrx_word' id='word_1_868' title='bbox 3528 5562 3692 5624; x_wconf 67' lang='lat' dir='ltr'><strong><em>divine</em></strong></span> 
     </span>
    </p>
   </div>
   <div class='ocr_carea' id='block_1_114' title="bbox 2290 5642 3783 5741">
    <p class='ocr_par' dir='ltr' id='par_1_114' title="bbox 2290 5642 3783 5741">
     <span class='ocr_line' id='line_1_114' title="bbox 2290 5642 3783 5741; baseline -0.007 -16"><span class='ocrx_word' id='word_1_869' title='bbox 2290 5669 2537 5737; x_wconf 82' lang='lat' dir='ltr'><strong><em>mentiae:</em></strong></span> <span class='ocrx_word' id='word_1_870' title='bbox 2580 5642 2852 5741; x_wconf 77' lang='lat' dir='ltr'><strong><em>quomodo</em></strong></span> <span class='ocrx_word' id='word_1_871' title='bbox 2884 5668 3233 5725; x_wconf 90' lang='lat' dir='ltr'><strong><em>meretricum</em></strong></span> <span class='ocrx_word' id='word_1_872' title='bbox 3276 5663 3524 5723; x_wconf 82' lang='lat' dir='ltr'><strong><em>meretrix</em></strong></span> <span class='ocrx_word' id='word_1_873' title='bbox 3549 5673 3609 5714; x_wconf 78' lang='lat' dir='ltr'><strong><em>ex</em></strong></span> <span class='ocrx_word' id='word_1_874' title='bbox 3630 5642 3783 5741; x_wconf 55' lang='grc' dir='ltr'><strong><em>εοΐάίέξο</em></strong></span> 
     </span>
    </p>
   </div>
   <div class='ocr_carea' id='block_1_115' title="bbox 602 5744 3783 5834">
    <p class='ocr_par' dir='ltr' id='par_1_115' title="bbox 602 5744 3783 5834">
     <span class='ocr_line' id='line_1_115' title="bbox 602 5744 3783 5834; baseline -0.003 -21"><span class='ocrx_word' id='word_1_875' title='bbox 602 5765 687 5814; x_wconf 85' lang='lat' dir='ltr'><strong><em>tes</em></strong></span> <span class='ocrx_word' id='word_1_876' title='bbox 714 5756 1117 5825; x_wconf 83' lang='lat' dir='ltr'><strong><em>ministrorum,</em></strong></span> <span class='ocrx_word' id='word_1_877' title='bbox 1165 5759 1446 5818; x_wconf 89' lang='lat' dir='ltr'><strong><em>ministros</em></strong></span> <span class='ocrx_word' id='word_1_878' title='bbox 1490 5772 1975 5830; x_wconf 85' lang='lat' dir='ltr'><strong><em>sacramentorum,</em></strong></span> <span class='ocrx_word' id='word_1_879' title='bbox 2008 5779 2189 5820; x_wconf 82' lang='lat' dir='ltr'><strong><em>sacra-</em></strong></span> <span class='ocrx_word' id='word_1_880' title='bbox 2287 5761 2589 5834; x_wconf 84' lang='lat' dir='ltr'><strong><em>prostibulo</em></strong></span> <span class='ocrx_word' id='word_1_881' title='bbox 2618 5762 2672 5818; x_wconf 94' lang='lat' dir='ltr'><strong><em>in</em></strong></span> <span class='ocrx_word' id='word_1_882' title='bbox 2696 5761 2937 5832; x_wconf 89' lang='lat' dir='ltr'><strong><em>reginam</em></strong></span> <span class='ocrx_word' id='word_1_883' title='bbox 2975 5759 3282 5826; x_wconf 84' lang='lat' dir='ltr'><strong><em>sublimata,</em></strong></span> <span class='ocrx_word' id='word_1_884' title='bbox 3316 5762 3500 5813; x_wconf 85' lang='lat' dir='ltr'><strong><em>ornata</em></strong></span> <span class='ocrx_word' id='word_1_885' title='bbox 3543 5747 3667 5806; x_wconf 85' lang='lat' dir='ltr'><strong><em>cultu</em></strong></span> 
     </span>
    </p>
   </div>
   <div class='ocr_carea' id='block_1_116' title="bbox 600 5853 2186 5929">
    <p class='ocr_par' dir='ltr' id='par_1_116' title="bbox 600 5853 2186 5929">
     <span class='ocr_line' id='line_1_116' title="bbox 600 5853 2186 5929; baseline 0.001 -16"><span class='ocrx_word' id='word_1_886' title='bbox 600 5859 788 5913; x_wconf 80' lang='lat' dir='ltr'><strong><em>menta</em></strong></span> <span class='ocrx_word' id='word_1_887' title='bbox 812 5859 870 5909; x_wconf 87' lang='lat' dir='ltr'><strong><em>et</em></strong></span> <span class='ocrx_word' id='word_1_888' title='bbox 889 5853 1135 5927; x_wconf 78' lang='lat' dir='ltr'><strong><em>exempla</em></strong></span> <span class='ocrx_word' id='word_1_889' title='bbox 1163 5854 1491 5925; x_wconf 78' lang='lat' dir='ltr'><strong><em>consideret,</em></strong></span> <span class='ocrx_word' id='word_1_890' title='bbox 1517 5858 1664 5915; x_wconf 88' lang='lat' dir='ltr'><strong><em>videt</em></strong></span> <span class='ocrx_word' id='word_1_891' title='bbox 1698 5859 1755 5916; x_wconf 91' lang='lat' dir='ltr'><strong><em>in</em></strong></span> <span class='ocrx_word' id='word_1_892' title='bbox 1781 5859 1868 5916; x_wconf 86' lang='lat' dir='ltr'><strong><em>his</em></strong></span> <span class='ocrx_word' id='word_1_893' title='bbox 1885 5857 2186 5929; x_wconf 87' lang='lat' dir='ltr'><strong><em>potentiam</em></strong></span> 
     </span>
    </p>
   </div>
   <div class='ocr_carea' id='block_1_117' title="bbox 2292 5832 3785 5927">
    <p class='ocr_par' dir='ltr' id='par_1_117' title="bbox 2292 5832 3785 5927">
     <span class='ocr_line' id='line_1_117' title="bbox 2292 5832 3785 5927; baseline -0.012 -11"><span class='ocrx_word' id='word_1_894' title='bbox 2292 5832 2444 5916; x_wconf 77' lang='lat' dir='ltr'><strong><em>sedet</em></strong></span> <span class='ocrx_word' id='word_1_895' title='bbox 2474 5860 2528 5916; x_wconf 92' lang='lat' dir='ltr'><strong><em>in</em></strong></span> <span class='ocrx_word' id='word_1_896' title='bbox 2581 5858 2816 5917; x_wconf 87' lang='lat' dir='ltr'><strong><em>culmine</em></strong></span> <span class='ocrx_word' id='word_1_897' title='bbox 2861 5857 3122 5914; x_wconf 89' lang='lat' dir='ltr'><strong><em>virtutum</em></strong></span> <span class='ocrx_word' id='word_1_898' title='bbox 3159 5866 3221 5914; x_wconf 80' lang='lat' dir='ltr'><strong><em>et</em></strong></span> <span class='ocrx_word' id='word_1_899' title='bbox 3261 5852 3410 5927; x_wconf 87' lang='lat' dir='ltr'><strong><em>regni</em></strong></span> <span class='ocrx_word' id='word_1_900' title='bbox 3453 5844 3661 5919; x_wconf 78' lang='lat' dir='ltr'><strong><em>fastigio.</em></strong></span> <span class='ocrx_word' id='word_1_901' title='bbox 3692 5832 3785 5889; x_wconf 60' lang='lat' dir='ltr'><strong><em>VC&quot;</em></strong></span> 
     </span>
    </p>
   </div>
  </div>
