3974 6306
155 256 254 320 721

1182 261 1533 323 COMMENT.
1575 263 1645 322 IN
1683 263 1929 324 NABUM
1968 264 2411 328 PROPHETAI.

3335 267 3445 339 793

147 374 656 450 superabundantes
680 375 900 444 divitiae,
939 393 1064 436 cum
1099 394 1208 437 non
1250 382 1426 438 solum
1465 382 1621 440 nobis
1649 397 1744 439 ne-
1770 382 2094 455 Ajustitite;
2135 389 2376 456 tertium,
2406 390 2462 445 in
2490 388 2831 462 reparatione
2850 389 3191 453 innocentiae.
3239 393 3444 453 Praevi-

142 469 617 537 eessaria,verum
642 469 808 524 etiam
829 472 1112 527 commoda
1133 480 1259 545 apta
1282 474 1490 542 tribuit,
1503 482 1557 531 et
1572 482 1744 545 grata.

144 562 202 620 Si
250 562 402 617 enim
462 561 575 620 sola
616 562 918 619 necessaria
956 563 1236 630 tribueret,
1271 564 1487 622 bonitas
1531 566 1747 636 quidem

140 662 317 718 esset,
377 653 475 710 sed
511 652 663 709 dives
701 669 809 709 non
849 662 1013 710 esset.
1059 654 1192 710 Cum
1251 670 1380 712 vero
1427 657 1748 714 necessariis

140 742 435 800 commoda
482 741 748 815 adiungit,
790 743 1008 799 divitias
1048 743 1306 800 bonitatis
1347 761 1459 801 sua:
1485 746 1743 802 ostendit.

139 836 279 891 Cum
307 844 497 893 autem
544 834 828 892 commoda
875 836 1130 908 congruis
1174 837 1535 907 superadditis
1561 853 1749 894 cumu-

140 931 349 998 lantur,
376 931 711 987 abundantia
742 929 1053 986 divitiarum
1097 929 1359 985 bonitatis
1380 928 1498 999 ejus
1521 930 1747 986 demon-

138 1032 372 1079 stratur.
406 1021 516 1077 Sed
546 1022 671 1078 dum
697 1029 973 1093 postremo
996 1021 1250 1091 congruis
1290 1022 1451 1077 etiam
1477 1029 1631 1092 grata
1653 1022 1748 1078 ad-

128 1112 272 1181 jicit,
316 1113 453 1185 quid
487 1113 635 1169 aliud
668 1128 828 1184 quam
860 1113 1361 1185 superabundantes
1389 1112 1605 1170 divitias
1649 1115 1747 1172 bo-

137 1209 333 1268 uituis
364 1224 480 1263 sua:
509 1216 668 1262 notas
689 1205 858 1263 facit?

202 1301 297 1356 '29.
334 1301 556 1357 Intuere
584 1301 870 1372 diligenter
896 1300 1131 1373 singula,
1160 1309 1216 1357 et
1247 1301 1370 1358 vide
1398 1310 1599 1373 quanta
1626 1300 1746 1359 Sal-

135 1394 348 1450 vatoris
375 1394 551 1450 nostri
578 1393 887 1460 clementia,
911 1401 1112 1465 quanta
1136 1402 1337 1449 nostra:
1372 1393 1561 1450 salutis
1596 1394 1648 1451 ei
1673 1393 1745 1450 sit

135 1486 442 1558 diligentia.
496 1487 843 1543 Prius'enim
886 1487 1044 1558 aquis
1074 1486 1508 1557 compunctionis
1547 1486 1740 1553 abluit,

137 1579 339 1634 deinde
373 1578 634 1633 virtutum
662 1577 1006 1634 vestimentis
1031 1576 1227 1643 induit,
1261 1584 1447 1647 postea
1466 1576 1744 1647 sapientiae

135 1672 350 1728 deliciis
402 1671 600 1739 reiicit,
644 1672 862 1728 domum
902 1671 959 1726 in
1006 1671 1212 1728 honore
1256 1671 1416 1743 regia:
1465 1670 1742 1728 feliciatis

1851 481 1983 537 dens
2041 496 2171 553 ergo
2232 483 2494 553 propheta
2544 481 2799 540 ‘Ninivem
2860 485 3130 552 subverti,
3179 489 3441 546 mundum

1849 573 2071 640 destrui,
2102 575 2401 632 Ecclesiam
2427 576 2653 643 turbari,
2679 576 2915 632 animam
2936 576 3083 634 vitiis
3104 576 3442 651 impugnari,

1848 666 2003 735 quasi
2020 668 2384 737 praemuniens
2408 667 2565 722 dicit:
2594 665 2739 722 Onus
2767 665 2978 723 Ninive.
3010 668 3086 725 Ac
3125 669 3172 726 si
3206 670 3442 727 diceret:

1847 755 2121 825 Quiescat,
2148 759 2327 816 videat
2356 775 2425 814 ne
2445 759 2599 815 cadat
2625 756 2681 831 (Ι
2703 757 2827 814 Cor.
2858 776 2914 827 ι,
2944 760 3064 836 12);
3088 770 3144 817 et
3169 764 3260 834 qui
3275 772 3443 834 tenet,

1847 854 2049 916 teneat,
2074 852 2244 909 donec
2269 850 2336 907 de
2359 851 2536 909 medio
2565 852 2659 907 ﬁat
2682 851 2770 925 (II
2798 852 2977 909 Thess.
3002 871 3064 922 ιι,
3099 854 3177 929 ⁵1).

1916 944 2007 1013 51,
2021 944 2111 1012 52.
2135 943 2241 1002 Sed
2261 944 2350 1016 qui
2365 946 2665 1017 angustiam
2677 947 2859 1003 oneris
2868 948 3226 1019 prtemiserat,
3242 965 3309 1005 ne
3321 950 3446 1021 quis

1845 1032 2183 1104 desperando
2231 1036 2384 1091 oneri
2430 1037 2767 1102 succumbat,
2803 1047 2928 1108 post
2951 1040 3229 1096 tristitiam
3258 1042 3444 1097 oneris

1844 1124 2085 1182 laetitiam
2102 1126 2313 1199 supplet
2334 1128 2557 1184 visionis
2582 1129 2794 1185 dicens:
2823 1129 2979 1186 Liber
2997 1132 3206 1187 visionis
3222 1132 3276 1187 Ν
3279 1136 3441 1188 altum

1847 1215 2103 1276 Helcesei.
2138 1219 2213 1275 De
2239 1220 2456 1275 nomine
2476 1234 2605 1275 vero
2628 1219 2753 1277 libri
2776 1221 3055 1292 multiplex
3078 1222 3139 1278 fit
3158 1225 3361 1279 mentio
3385 1223 3442 1280 iu

1826 1309 1985 1367 ‘serie
2028 1309 2195 1366 divini
2226 1311 2445 1382 eloquii.
2491 1311 2629 1368 Hinc
2671 1327 2768 1383 per
2796 1311 2927 1369 Job:
2958 1312 3094 1381 Quis
3124 1316 3253 1371 milli
3283 1317 3443 1387 adju-

1842 1410 2006 1457 torem
2029 1403 2241 1469 tribuat,
2262 1413 2319 1458 ut
2340 1403 2658 1461 desiderium
2671 1422 2842 1461 meum
2858 1404 3198 1480 Omnipotens
3213 1409 3397 1463 audiat
3415 1410 3442 1466 2’

1843 1494 1913 1551 Et
1946 1496 2122 1552 scribit
2151 1498 2260 1567 ipse
2292 1496 2483 1553 librum
2512 1499 2603 1570 qui
2637 1498 2869 1569 judicat,
2902 1508 2957 1554 ut
2990 1500 3046 1555 in
3080 1500 3297 1555 humero
3322 1517 3439 1557 meo

1841 1598 2042 1660 partem
2106 1589 2287 1657 illum,
2347 1601 2397 1647 et
2447 1593 2765 1648 circumdem
2810 1596 2964 1666 quasi
3005 1612 3254 1651 coronam
3305 1595 3440 1652 mihi

1843 1677 1966 1753 (Job
2016 1697 2168 1748 xxxx,
2204 1682 2293 1750 55,
2337 1684 2451 1757 56).
2496 1684 2634 1741 Hinc
2661 1701 2760 1758 per
2807 1686 2999 1744 Isaiam
3026 1707 3039 1744 :
3066 1688 3205 1755 Erit,
3239 1690 3436 1761 inquit,

134 1767 317 1837 erigit.
348 1765 536 1821 Primo
565 1765 721 1836 aquis
752 1764 964 1819 lavatur
998 1764 1361 1835 paenitentiae;
1395 1763 1631 1820 secundo
1661 1763 1745 1818 in-

1851 1772 1990 1828 vobis
2020 1774 2146 1829 visio
2183 1754 2435 1844 omnium,
2479 1779 2630 1850 quasi
2662 1754 2818 1835 uerba
2848 1779 2968 1835 libri
3022 1781 3235 1851 signati,

135 1864 417 1921 dumcntis
469 1872 699 1918 ornatur
750 1861 1012 1934 justitiaa;
1066 1863 1229 1917 tertio
1269 1862 1463 1918 divina:
1503 1860 1743 1918 scientia:

135 1957 358 2012 cibatur
381 1956 619 2023 ferculo;
637 1944 832 2028 quarto
853 1956 910 2012 in
934 1956 1097 2028 regize
1118 1956 1397 2028 dignitatis
1424 1955 1745 2012 sublimatur

133 2049 293 2105 solio.
329 2049 472 2104 Dicit
502 2063 632 2120 ergo
660 2048 949 2104 Dominus:
980 2047 1208 2103 Extendi
1229 2064 1385 2119 super
1409 2057 1459 2104 te
1495 2047 1743 2101 amictum

135 2161 334 2199 meum.
388 2144 635 2201 Amictus
663 2154 748 2200 est
778 2144 1093 2217 angelorum
1131 2142 1408 2208 custodia;
1441 2141 1746 2213 operimen-

135 2246 256 2293 tum
289 2237 618 2309 ignominiaz,
649 2236 824 2291 virilis
870 2235 1216 2307 ptenitentia;
1245 2242 1484 2306 pactum,
1520 2231 1746 2287 manda-

134 2338 328 2385 torum
358 2329 730 2396 observantia;
750 2326 973 2398 juratio,
1006 2327 1196 2384 salutis
1236 2325 1529 2383 immobilis
1572 2325 1740 2391 ratio;

132 2420 284 2493 facta
311 2430 390 2476 est
410 2421 476 2488 ei,
507 2420 651 2476 illius
675 2420 728 2475 in
753 2428 1018 2476 aeternum
1064 2419 1403 2491 gloriﬁcatio.
1431 2419 1601 2474 Lavat
1624 2432 1743 2473 eam

134 2512 404 2584 lacrymis
454 2512 819 2585 paenitentiae,
861 2511 1088 2568 mundat
1130 2510 1249 2580 ejus
1291 2497 1606 2582 sanguinem
1647 2524 1746 2581 per

133 2617 303 2672 opera
330 2602 740 2668 misericordiae,
783 2603 942 2675 ungit
962 2618 1082 2659 eam
1114 2603 1235 2661 oleo
1264 2603 1465 2660 laetitia:
1499 2618 1567 2658 ex
1592 2617 1745 2658 secu-

135 2701 301 2755 ritate
361 2699 729 2756 eonscientize.
771 2697 942 2754 Ornat
978 2714 1100 2755 eam
1129 2698 1396 2754 varietate
1448 2696 1739 2763 virtutum;

134 2794 315 2850 munit
358 2791 589 2849 aﬂ‘ectus
632 2791 749 2863 eius
788 2791 944 2849 ﬁrma
997 2806 1092 2863 spe
1130 2789 1466 2856 caelestium;
1510 2789 1745 2844 candore

131 2886 307 2955 cingit
330 2884 589 2955 virginea:
609 2885 895 2955 puritatis;
924 2881 1151 2940 inferius
1184 2881 1347 2938 acit
1373 2879 1770 2952 spiritualibus_

134 2977 505 3049 theophaniis.
554 2976 818 3032 Laetificat
860 2974 980 3045 ejus
1013 2983 1251 3031 mentem
1302 2973 1529 3033 scientia
1565 2973 1745 3029 varie-

134 3072 291 3127 tatis.
324 3071 431 3126 Dat
459 3070 511 3125 ei
540 3069 904 3127 constantiam
962 3083 1207 3138 operum,
1255 3076 1310 3124 et
1355 3065 1743 3138 perfectionem

132 3163 486 3228 obedientite,
512 3163 738 3233 gratiam
763 3160 1043 3226 doctrina},
1067 3168 1121 3217 et
1146 3160 1368 3217 odorem
1387 3161 1543 3217 bona:
1568 3156 1744 3214 famae.

134 3256 366 3314 Confert
384 3257 460 3315 illi
474 3258 726 3315 decorem
743 3259 1040 3331 sapientiae,
1066 3266 1122 3315 et
1151 3258 1382 3315 nitorem
1405 3255 1748 3327 eloquentite,

132 3351 437 3406 candorem
490 3350 835 3423 innocentia,
871 3350 1268 3422 iucunditatem
1313 3349 1750 3421 contemplativa

133 3442 366 3499 lzetitize.
419 3440 581 3498 Cibat
634 3459 752 3499 eam
791 3442 1060 3499 naturalis
1094 3444 1231 3516 legis
1261 3442 1486 3509 notitia,
1533 3442 1750 3513 scripta:

132 3536 274 3606 legis
324 3534 704 3609 intelligentia,
749 3534 1027 3607 Evangelii
1062 3535 1254 3608 gratia.
1294 3533 1391 3591 Vel
1425 3531 1601 3589 reiicit
1628 3547 1750 3588 eam

134 3628 435 3702 allegorica
466 3629 711 3695 scientia,
749 3628 963 3695 morali,
1006 3644 1071 3687 ac
1126 3627 1375 3702 mystica.
1430 3625 1529 3682 Vel
1569 3623 1749 3681 erudit

132 3737 257 3778 eam
292 3736 481 3778 rerum
512 3720 906 3780 mundanarum
954 3722 1200 3788 scientia,
1233 3735 1520 3778 causarum
1565 3716 1750 3775 occul-

134 3826 323 3873 tarum
374 3817 755 3890 intelligentia,
783 3818 1087 3874 divinarum
1118 3831 1301 3872 rerum
1332 3813 1616 3885 sapientia.
1648 3810 1748 3869 Vel

134 3910 319 3965 reiicit
351 3926 477 3968 eam
510 3910 748 3982 puritate
793 3910 1041 3974 actionis,
1094 3908 1377 3966 dulcedine
1419 3905 1745 3972 dilectionis,

131 4004 414 4059 suavitate
443 4002 939 4074 contemplationis.
986 4001 1086 4059 Vel
1125 4001 1283 4057 docet
1315 4015 1434 4056 eam
1467 3999 1749 4055 Trinitatis

134 4097 419 4160 notitiam,
451 4095 631 4152 Patris
649 4096 857 4153 scilicet
888 4095 1208 4167 potentiam,
1238 4092 1361 4149 Filii
1405 4092 1746 4163 sapientiam,

132 4188 388 4260 Spiritus
426 4191 603 4247 sancti
645 4191 1086 4264 benignissimam
1137 4189 1504 4246 clementiam.
1538 4187 1629 4245 Sic
1663 4196 1749 4245 est

129 4284 309 4341 decor
334 4286 553 4349 animae,
580 4285 661 4342 sic
686 4285 736 4341 ei
780 4282 1114 4340 immortales
1139 4280 1494 4338 conferuntur
1523 4279 1748 4336 divitiae.

133 4376 228 4434 Sic
251 4386 493 4433 ornatur
512 4387 721 4447 pectus,
746 4376 1046 4433 honoratur
1072 4389 1280 4439 sensus,
1332 4372 1651 4443 puriﬁcatur
1673 4370 1753 4427 af-

1842 1880 1962 1919 cum
1996 1864 2233 1920 dederint
2263 1867 2449 1922 scienti
2495 1868 2721 1937 litteras,
2754 1871 2970 1927 dicent:
2996 1871 3130 1943 Lege
3163 1874 3356 1939 istum;
3389 1881 3441 1928 et

1844 1956 2199 2027 respondebit:
2236 1957 2360 2013 Non
2399 1976 2644 2030 possum,
2697 1963 2935 2034 signatus
2982 1965 3121 2019 enim
3170 1973 3244 2020 est
3281 1963 3438 2036 (lsai.

1844 2063 1994 2115 χιιι,
2022 2049 2132 2122 11).
2176 2049 2314 2107 Hinc
2346 2052 2608 2109 Dominus
2629 2056 2697 2110 ad
2726 2056 3093 2112 Ezechielem:
3133 2056 3242 2111 Fili
3267 2059 3440 2113 homi-

1844 2144 1945 2210 nis,
1970 2146 2116 2214 aperi
2144 2161 2202 2200 os
2231 2155 2399 2212 tuum,
2431 2155 2478 2201 et
2510 2147 2719 2204 comede
2735 2150 3082 2223 quodcunque
3107 2168 3200 2229 ego
3228 2151 3296 2206 do
3322 2153 3438 2209 tibi.

1844 2236 1913 2293 Et
1942 2239 2068 2304 vidi,
2100 2248 2148 2293 et
2186 2253 2375 2294 manus
2399 2240 2563 2295 missa
2589 2239 2659 2294 ad
2689 2256 2792 2307 me,
2820 2242 2876 2295 in
2905 2258 3011 2313 qua
3039 2251 3151 2297 erat
3176 2243 3441 2300 involutus

1843 2330 1993 2386 liber.
2020 2330 2091 2386 Et
2113 2331 2361 2404 expandit
2392 2330 2543 2387 illum
2573 2348 2752 2387 coram
2786 2350 2888 2400 me,
2913 2334 3006 2409 qui
3061 2343 3173 2391 erat
3216 2336 3442 2406 scriptus

1843 2425 1985 2482 intus
2008 2435 2056 2481 et
2078 2427 2231 2497 foris.
2258 2424 2329 2481 Et
2359 2426 2567 2499 scripta:
2590 2436 2738 2481 erant
2762 2428 2819 2482 in
2850 2443 2910 2482 eo
2950 2426 3367 2492 lamentationes,
3393 2441 3445 2484 et

1844 2534 2075 2582 carmen,
2111 2526 2160 2572 et
2188 2534 2281 2574 me.
2312 2517 2383 2575 Et
2406 2519 2609 2574 comedi
2644 2518 2801 2587 illud,
2843 2529 2891 2575 et
2919 2520 3118 2592 factum
3153 2529 3227 2576 est
3269 2522 3326 2576 in
3354 2538 3445 2575 ore

1846 2624 1958 2662 meo
2004 2609 2139 2663 sicut
2190 2607 2294 2663 mel
2335 2608 2487 2664 dulce
2534 2599 2750 2682 (Επειδὴ.
2784 2627 2846 2677 ιι,
2876 2612 2930 2676 8,
2964 2612 3026 2681 9;
3068 2627 3148 2677 ιιι,
3196 2610 3273 2685 5).
3307 2613 3445 2669 Item

1846 2700 2033 2757 Daniel
2062 2700 2128 2756 de
2149 2701 2338 2757 eodem
2364 2715 2379 2756 :
2409 2702 2758 2774 Aspiciebam,
2806 2703 3000 2774 inquit,
3049 2713 3097 2760 et
3127 2722 3243 2760 ecce
3269 2707 3445 2774 throni

1843 2793 2001 2866 positi
2043 2802 2185 2857 sunt,
2220 2802 2270 2848 et
2310 2771 2555 2865 antiquus
2606 2794 2811 2849 dierum
2854 2771 3009 2851 sedit.
3070 2771 3446 2853 Vestimenntm

1846 2883 1962 2955 ejus
1981 2884 2134 2955 quasi
2161 2884 2253 2939 nia:
2272 2884 2640 2950 candidumget
2657 2884 2836 2956 capilli
2857 2886 2973 2958 ejus
2995 2884 3129 2942 velut
3152 2886 3276 2942 lana
3298 2887 3441 2943 alba.

1851 2973 2091 3029 Thronus
2117 2976 2233 3046 ejus
2257 2976 2473 3046 ﬂamma
2524 2976 2684 3048 ignis,
2718 2986 2845 3032 rota:
2871 2978 2985 3049 ejus
3012 2979 3149 3051 ignis
3171 2996 3443 3036 accensus.

1852 3065 2073 3123 Flavius
2103 3070 2305 3140 igneus,
2334 3070 2650 3142 rapidusque
2680 3071 3041 3142 egrediebatur
3064 3073 3129 3128 de
3171 3091 3261 3129 ore
3304 3074 3443 3147 ejus.

1853 3159 2027 3216 Hillia
2055 3160 2279 3217 millium
2298 3162 2666 3217 ministrabant
2687 3164 2754 3229 ei,
2782 3164 3020 3223 et.decies
3042 3176 3257 3222 centena
3274 3167 3447 3223 millia

1850 3254 2160 3309 assistebant
2214 3254 2283 3309 ei.
2341 3254 2611 3310 Iudicium
2656 3255 2810 3322 sedit,
2860 3266 2908 3311 et
2943 3256 3064 3313 libri
3113 3260 3280 3331 aperti
3319 3268 3444 3315 sunt

1850 3345 2013 3418 (Dan.
2045 3361 2167 3412 vm,
2210 3345 2265 3413 9,
2318 3345 2429 3419 10).
2466 3346 2603 3402 Hinc
2632 3347 2952 3404 Zacharias:
3002 3346 3206 3422 Lagei,
3246 3350 3443 3422 inquit,

1846 3410 2028 3495 dculos
2055 3410 2219 3504 meos,
2247 3410 2294 3493 et
2316 3410 2432 3493 ecce
2452 3438 2691 3495 volumen
2717 3441 2916 3497 volam.
2959 3438 3030 3496 Et
3072 3410 3206 3496 diem
3231 3442 3301 3496 ad
3320 3410 3446 3498 .me:

1852 3525 1995 3594 Quid
2019 3537 2077 3582 tu
2104 3527 2286 3583 vides?
2339 3526 2408 3583 Et
2451 3528 2595 3584 dixi:
2624 3528 2762 3585 Ecce
2790 3529 2936 3586 video
2968 3529 3206 3586 volumen
3238 3531 3440 3587 volans.

1848 3617 2143 3690 Longitudo
2169 3620 2284 3691 ejus
2304 3620 2480 3675 decem
2503 3621 2817 3688 cubitorum,
2832 3630 2880 3677 et
2898 3622 3121 3678 latitudo
3134 3624 3247 3694 ejus
3267 3624 3445 3683 decem

1848 3709 2162 3765 cubitorum.
2196 3710 2268 3767 Et
2293 3713 2427 3769 dixit
2467 3714 2538 3768 ad
2570 3731 2687 3770 me:
2715 3713 2846 3771 Haec
2868 3726 2940 3771 est
2981 3715 3299 3782 maledictio,
3326 3734 3447 3789 qua:

1847 3802 2113 3873 egreditur
2130 3820 2287 3859 super
2309 3805 2499 3877 faciem
2530 3805 2668 3861 orbis
2695 3816 2850 3862 terra:
2874 3805 3059 3880 (Zach.
3107 3823 3163 3875 v,
3201 3809 3224 3861 1
3286 3807 3442 3881 seq.).

1846 3897 1980 3954 Item
2006 3900 2060 3954 in
2081 3900 2405 3974 Apocalypsi
2443 3903 2509 3959 de
2552 3905 2775 3960 eodem:
2807 3903 2879 3959 Et
2906 3905 3009 3961 vidi
3054 3906 3111 3961 in
3155 3906 3341 3962 dextra
3366 3924 3446 3962 se-

1849 3989 2019 4047 dentis
2059 4009 2215 4065 super
2253 3994 2498 4049 thronum
2540 3992 2731 4050 libram
2764 3998 3016 4068 scriptum
3054 3997 3219 4063 intus,
3244 4009 3291 4053 et
3315 3998 3446 4070 foris

1849 4083 2113 4155 signatum
2142 4086 2329 4157 sigillis
2357 4098 2571 4159 septem.
2604 4087 2674 4143 Et
2702 4107 2851 4144 nemo
2872 4100 3078 4162 poterat
3105 4092 3303 4148 solvere
3326 4111 3445 4148 eum

1851 4176 1953 4230 nisi
2000 4176 2101 4244 leo,
2138 4179 2227 4249 qui
2263 4179 2382 4234 vicit
2422 4178 2487 4235 de
2524 4180 2663 4236 tribu
2689 4180 2855 4236 Juda.
2889 4182 3010 4255 Ipse
3056 4183 3195 4239 enim
3237 4187 3446 4257 aperuit

1851 4281 1987 4330 eum,
2030 4276 2077 4321 et
2107 4266 2257 4323 solvit
2284 4268 2400 4341 ejus
2446 4270 2719 4341 signacula
2744 4271 2927 4343 (Apoc.
2957 4288 3012 4340 v,
3042 4273 3069 4329 1
3130 4273 3284 4348 seq.).
3319 4274 3447 4331 Haec

1852 4357 2034 4411 omnia
2079 4372 2145 4413 ex
2192 4358 2375 4414 divino
2409 4360 2609 4430 protuli
2659 4362 2892 4433 eloquio,
2939 4372 3207 4435 quatenus
3254 4365 3446 4423 lectori

133 4470 344 4535 fectus,
392 4469 723 4525 cIarilicatur
771 4468 1090 4524 intellectus.
1146 4465 1238 4523 Sic
1289 4466 1579 4522 decoratur
1616 4464 1748 4529 vita,
1778 4481 1828 4542 υ
1855 4449 2077 4517 dare”,
2103 4451 2246 4521 (ίυοά
2279 4453 2334 4507 in
2358 4468 2424 4509 80
2454 4454 2527 4510 Si!
2559 4454 2683 4511 libri
2712 4457 2994 4528 multiplex
3026 4458 3370 4530 signiﬁcatio.

131 4562 445 4619 mundatur
469 4560 822 4624 conscientia,
858 4558 1271 4616 commendatur
1308 4556 1571 4621 doctrina,
1618 4555 1755 4610 cele-

128 4653 342 4709 bratur
372 4650 537 4707 fama.
588 4652 666 4709 De
714 4649 1020 4721 huiusmodi
1057 4650 1111 4705 in
1136 4648 1374 4705 Canticis
1401 4663 1532 4705 voce
1565 4646 1751 4718 sponsi

128 4743 374 4800 dicitur:
405 4743 538 4810 Qua:
566 4755 641 4800 est
681 4744 783 4799 ista
807 4759 925 4816 qua
956 4741 1191 4797 ascendit
1223 4740 1287 4795 de
1321 4740 1523 4796 deserto
1550 4739 1753 4795 deliciis

128 4836 400 4905 afﬂuens,
435 4836 621 4890 innixa
653 4852 810 4906 super
840 4833 1088 4889 dilectum
1115 4849 1268 4888 suum
1299 4830 1478 4903 (Cant.
1502 4848 1624 4897 vm,
1660 4828 1752 4903 5)?

129 4929 269 4984 Item
297 4930 376 4984 de
408 4929 597 4985 eodem
636 4928 765 4983 alibi
794 4942 892 4998 per
933 4925 1212 4983 eumdem:
1251 4922 1437 4978 Multw
1469 4921 1598 4993 ﬁlia:
1624 4937 1753 4976 can-

127 5030 493 5094 gregauerunt
553 5021 764 5076 divitias
798 5060 815 5086 ,
866 5028 926 5074 tu
976 5034 1312 5090 suverqressa
1372 5034 1426 5072 es
1483 5017 1755 5071 universas

129 5115 334 5188 (Prov.
372 5128 523 5179 xxxx,
554 5111 668 5184 29).

201 5209 305 5265 50.
332 5206 465 5263 Haac
485 5207 552 5261 de
573 5205 921 5277 speciositate
961 5204 1159 5260 anima:
1181 5202 1420 5259 breviter
1442 5202 1584 5258 dicta
1611 5199 1759 5257 suill-

127 5300 313 5354 ciant.
367 5294 524 5351 Nunc
574 5295 854 5351 videamus
910 5309 1031 5365 quae
1070 5308 1236 5349 onera
1280 5292 1367 5349 cui
1408 5291 1755 5348 conveniunt.

129 5389 299 5447 Onus
322 5388 514 5444 mundi
538 5397 624 5444 est
640 5388 812 5461 ipsius
834 5386 917 5443 vel
931 5401 1028 5458 per
1050 5385 1326 5442 Christum
1356 5384 1411 5439 in
1442 5385 1655 5452 melius,
1673 5385 1757 5441 vel

128 5484 191 5539 in
221 5481 349 5536 fine
374 5481 691 5536 destructio.
723 5479 873 5538 Onus
897 5478 1173 5545 Ecclesiae,
1200 5478 1467 5533 hmresum
1505 5477 1589 5532 vel
1614 5476 1760 5533 schi-

128 5584 427 5640 smatum,
475 5590 571 5630 seu
606 5589 818 5629 morum
861 5571 1157 5629 carnalium
1208 5570 1560 5643 impugnatio.
1610 5569 1758 5627 Onus

130 5667 379 5733 enim,
415 5664 670 5721 vitiorum
716 5665 894 5721 subita
933 5663 1195 5723 incursio.
1227 5660 1375 5720 Onus
1418 5663 1653 5735 primum
1673 5674 1759 5720 est

130 5758 197 5820 in
223 5756 615 5837 destructione
649 5755 994 5829 idololatriae;
1023 5755 1339 5822 secundum,
1362 5752 1421 5811 in
1449 5752 1759 5814 defensione

1925 4548 2014 4603 55.
2047 4545 2210 4603 Liber
2234 4547 2399 4619 igitur
2430 4548 2571 4606 alius
2596 4558 2679 4607 est
2717 4559 2945 4620 naturae,
2970 4553 3108 4609 alius
3128 4554 3440 4625 disciplima,

1853 4639 1992 4697 alius
2043 4641 2251 4713 gratiae.
2289 4642 2505 4700 Primus
2553 4643 2714 4701 docet
2759 4647 3051 4703 humanam
3095 4648 3441 4718 aequitatem;

1853 4738 2142 4805 secundus,
2172 4739 2464 4795 humanam
2486 4740 2894 4812 impunitatem;
2925 4728 3134 4805 tertius,
3150 4741 3444 4799 humanam

1851 4838 1910 4886 et
1930 4829 2163 4886 divinam
2186 4831 2525 4889 charitatem.
2549 4834 2764 4890 Primus
2785 4834 3129 4891 conscientia
3151 4843 3205 4892 et
3228 4851 3440 4893 morum

1853 4922 2121 4993 promittit
2170 4924 2549 4993 serenitatem;
2587 4926 2875 4992 secundus,
2929 4926 3307 4996 temporalium
3348 4929 3445 4984 bo-

1855 5028 2047 5069 norum
2096 5014 2517 5078 fecunditatem:
2560 5018 2776 5083 tertius,
2802 5018 2955 5090 regni
2984 5017 3246 5075 αιειοινιιιιι
3270 5017 3446 5078 felici-

1855 5111 2043 5160 tatem.
2070 5107 2302 5173 Primus,
2330 5106 2575 5163 instituta
2597 5115 2831 5177 naturaa;
2851 5110 3139 5178 secundus,
3168 5125 3445 5183 corporea:

1854 5201 1989 5257 scita
2019 5200 2343 5271 discipline;
2370 5202 2563 5258 tertius
2589 5202 2793 5259 monita
2819 5203 3001 5261 doctiit
3025 5205 3235 5277 gratiae.
3249 5205 3437 5274 Primi,

1856 5293 2099 5351 doctrina
2128 5293 2382 5361 honesta;
2415 5293 2654 5360 secundi,
2687 5294 2867 5362 utilis;
2905 5296 3072 5363 tertii,
3108 5295 3439 5353 necessaria.

1856 5384 1962 5441 Per
2017 5385 2254 5456 primum
2318 5385 2525 5441 amicus
2583 5385 2905 5443 honestatur
2924 5428 2941 5455 ,
2992 5402 3093 5460 per
3141 5390 3441 5447 secundum

1856 5493 2047 5537 servus
2077 5479 2294 5549 ligatur,
2321 5493 2419 5550 per
2441 5479 2659 5536 tertium
2686 5479 2830 5557 illius
2852 5483 2909 5538 in
2944 5483 3313 5539 hereditatem
3344 5497 3440 5538 vo-

1858 5580 2031 5630 catur.
2064 5572 2303 5639 Amicus,
2329 5580 2389 5627 ut
2421 5570 2620 5629 referat
2643 5575 2904 5647 gratiam;
2936 5590 3142 5640 servus,
3174 5573 3441 5653 ne'fugiat

1858 5667 1926 5724 ad
1951 5663 2340 5732 idololatriam;
2380 5665 2543 5733 illius,
2576 5676 2636 5725 ut
2674 5677 2858 5742 spreto
2895 5667 3089 5744 exsilio
3117 5667 3336 5726 festinet
3372 5667 3442 5726 ad

1856 5757 2107 5834 patriam.
2136 5756 2352 5817 Primus
2371 5758 2621 5819 humanae
2658 5761 2934 5822 societatis
2959 5761 3115 5821 docet
3139 5759 3401 5821 honorem
3419 5800 3438 5832 ,
