3974 6306
552 224 652 278 727

1651 215 1707 271 S.
1749 211 2011 270 JULIANI
2051 207 2353 265 EPISCOPI
2393 207 2736 264 TOLETANI
2996 223 3001 238 -'
3641 218 3713 273 ηε

548 337 778 393 formam
809 334 1064 407 perfectae
1084 332 1407 396 dilectionis,
1429 340 1622 402 quarta
1649 329 1714 384 ad
1741 328 1981 382 lietitiam
2009 343 2134 381 con-
2160 328 2214 386 Α
2240 323 2295 378 Si
2320 339 2448 378 vero
2470 324 2708 392 singulas
2727 321 2970 377 attendas
2991 321 3268 388 clausulas,
3296 322 3410 390 alia,
3434 340 3537 395 quae
3574 331 3717 390 dicit“;

552 431 938 500 templationis.
952 428 1157 491 Prima,
1171 441 1384 482 servum
1402 442 1417 490 ;
1440 425 1692 487 secunda,
1709 421 2099 476 mercenarium
2119 437 2134 488 ;

551 524 730 587 tertia,
773 521 972 586 ﬁlium;
1011 527 1224 590 quarta,
1267 517 1507 587 spiritale
1531 515 1660 570 facit
1685 513 2010 583 coniugium.

619 615 709 669 45.
740 614 1056 668 Helcheseus
1084 613 1469 682 interpretatur
1503 613 1812 666 advocatus.
1851 611 1908 664 In
1965 624 2140 664 causm

552 711 932 782 prosecutione
965 725 1102 778 opus
1125 716 1209 764 est
1231 707 1599 763 advocatione.
1632 707 1727 761 Est
1756 707 1920 762 etiam
1953 706 2005 759 in
2053 719 2142 760 re-

551 803 930 859 conciliatione
980 799 1223 856 facienda
1276 798 1557 854 advocatio
1611 797 1937 854 necessaria.
2005 796 2140 852 Tres

549 897 694 952 enim
717 893 996 966 generales
1024 909 1199 948 causa:
1219 890 1645 961 persecutionis;
1681 897 1791 944 tres
1811 889 1966 944 nobis
2015 895 2142 942 sunt

550 988 871 1046 necessarias
905 987 1303 1042 advocationes.
1335 985 1468 1039 Tres
1498 984 1762 1054 siquidem
1813 982 1867 1036 in
1922 997 2141 1036 causam

549 1082 815 1136 ducimus.
847 1093 871 1120 ιι
899 1079 1081 1134 Tertio
1110 1078 1176 1133 de
1199 1077 1441 1132 moribus
1479 1083 1533 1130 et
1575 1075 1683 1128 vita
1743 1082 1866 1128 ante
1901 1070 2142 1140 judicem

550 1173 891 1228 discutimus.
922 1171 1106 1226 Primo
1133 1171 1279 1225 enim
1320 1178 1528 1224 stamus
1552 1175 1675 1221 ante
1704 1167 2000 1230 hominem,
2051 1180 2141 1220 se-

546 1264 723 1318 cundo
755 1273 877 1317 ante
910 1262 1176 1333 angelum,
1225 1261 1385 1316 tertio
1412 1269 1535 1314 ante
1557 1259 1746 1313 Deum.
1787 1258 1927 1313 Ante
1969 1257 2145 1312 homi-

547 1370 690 1417 nem,
722 1361 942 1423 peccata
969 1352 1307 1417 conﬁtendo;
1344 1359 1470 1405 ante
1497 1349 1766 1419 angelum,
1809 1364 1908 1418 pro
1948 1364 2144 1418 pecca-

549 1443 619 1497 tis
650 1443 1031 1513 supplicando;
1066 1450 1189 1497 ante
1219 1442 1385 1495 Deum
1419 1440 1740 1496 sententiam
1757 1439 2140 1508 exspectando.

549 1533 733 1587 Primo
759 1533 906 1588 ducit
934 1534 988 1587 in
1011 1548 1228 1587 causam
1263 1533 1424 1586 timor
1446 1546 1639 1600 pmnaa,
1689 1530 1925 1584 secundo
1961 1530 2146 1585 condi-

546 1627 625 1682 tio
654 1627 797 1691 vitae,
822 1627 982 1681 tertio
1011 1626 1305 1680 necessitas
1350 1623 1593 1693 justitite.
1644 1623 1700 1678 lu
1750 1624 1925 1693 prima
1978 1639 2142 1678 causa

2239 416 2584 488 hypozeuxis,
2630 415 2874 470 imminet
2923 414 3114 485 ﬁgura,
3141 415 3230 470 ubi
3270 415 3321 470 in
3375 417 3569 487 singulis
3602 427 3720 479 sensi.

2239 512 2340 565 bus
2376 511 2596 581 propria
2627 510 2919 579 unicuique
2952 517 3035 564 est
3061 509 3322 576 clausula;
3343 524 3450 581 qua:
3472 513 3545 568 hic
3566 531 3721 588 quoque

2239 601 2559 666 ostenditur,
2585 617 2706 656 cum
2734 615 2923 656 sensus
2944 607 3154 669 quater,
3171 600 3280 654 sive
3301 601 3569 671 quinquies,
3581 605 3720 661 claudi-

2241 703 2348 748 tur.
2379 694 2561 748 Tertia
2585 707 2800 763 quoque
2821 692 3148 762 ﬁgura-qua:
3181 691 3367 746 dicitur
3386 694 3668 761 catachresis,
3685 715 3723 753 se

2242 785 2455 856 ingerit,
2495 801 2616 855 qua:
2645 784 2725 839 rei
2783 797 2980 837 nomen
3021 782 3225 847 alienas,
3275 799 3376 838 non
3426 784 3609 840 habenti
3639 803 3724 855 proo

2241 877 2439 946 prium,
2468 875 2737 931 attribuit.
2768 873 2900 929 Cum
2930 873 3074 929 enim
3105 874 3213 930 Deo
3233 873 3536 945 impassibili,
3574 878 3723 933 incom-

2244 968 2490 1022 mutabili
2513 967 2694 1033 furor,
2721 968 2835 1034 ira,
2872 967 3144 1022 mmulatio
3195 968 3493 1035 ascribitur,
3534 969 3617 1024 hoc
3653 987 3723 1027 non

2243 1062 2480 1131 proprie,
2512 1061 2606 1117 sed
2631 1061 2854 1132 ﬁgurate
2869 1059 3086 1115 dicitur.
3113 1059 3270 1115 Color
3292 1074 3428 1126 vero,
3450 1068 3658 1132 quantum
3682 1065 3725 1119 ad

2245 1153 2539 1223 negotium,
2587 1152 2784 1207 dicitur
2831 1150 3210 1222 frequentatio.
3265 1151 3603 1221 Frequentatio
3640 1169 3726 1209 vero

2245 1253 2348 1311 est,
2373 1261 2497 1301 cum
2517 1261 2605 1300 res
2630 1245 2681 1299 in
2720 1252 2830 1299 tota
2872 1260 3035 1300 causa
3073 1244 3157 1299 vel
3199 1245 3402 1315 negotio
3455 1245 3661 1316 dispersae
3693 1249 3727 1300 in

2247 1354 2411 1393 unum
2438 1346 2704 1409 coguntur
2726 1337 2922 1402 locum,
2947 1352 3054 1406 quo
3081 1337 3310 1406 gravior,
3351 1345 3437 1392 aut
3467 1337 3628 1402 acrior,
3668 1349 3729 1392 aut

2249 1431 2591 1486 criminosior
2616 1431 2686 1486 sit
2711 1431 2906 1486 oratio.
2935 1430 3237 1486 Vehemens
3263 1438 3342 1486 est
3365 1431 3606 1486 exornatio
3643 1431 3727 1494 ista,

2249 1529 2302 1578 et
2322 1523 2703 1595 conjecturalis
2723 1523 3106 1578 constitutione
3132 1538 3307 1579 causa:
3327 1537 3516 1592 semper
3537 1521 3626 1578 fere
3660 1538 3727 1576 ue-

2251 1617 2503 1681 cessaria,
2533 1624 2587 1672 et
2614 1616 2669 1671 in
2694 1616 2907 1671 caeteris
2921 1615 3208 1686 generibus
3229 1631 3510 1680 causarum,
3528 1623 3574 1670 et
3597 1615 3638 1669 in
3652 1630 3728 1669 om-

548 1718 864 1773 advocatum
887 1716 1148 1770 habemus
1168 1691 1560 1785 paenitentiam,
1606 1714 1659 1768 in
1707 1691 1940 1770 secunda
1987 1713 2147 1783 insti-
2178 1691 2224 1750 Β
2250 1709 2304 1763 ιιί
2327 1709 2572 1764 oratione
2617 1723 3002 1778 nonnunquam
3045 1708 3362 1764 adhibenda.
3395 1706 3488 1775 Qui
3525 1708 3641 1763 color
3671 1708 3729 1762 hic

549 1811 701 1874 tiam,
727 1811 782 1864 in
821 1811 982 1864 tertia
1003 1809 1173 1864 solam
1203 1808 1499 1864 Salvatoris
1542 1808 1986 1863 misericordiam.
2025 1806 2145 1862 Pri-

494 1917 497 1919 ·
549 1916 639 1955 ma
666 1899 828 1969 igitur
853 1899 1014 1953 estin
1039 1907 1386 1967 peccatorum
1409 1896 1764 1963 confessione,
1806 1897 2039 1951 secunda
2088 1897 2141 1951 in

548 1990 674 2045 vitae
712 1988 871 2057 hujus
909 1990 1393 2054 consummatione,
1448 1989 1607 2043 tertia
1639 1989 1693 2042 in
1738 1987 1976 2058 generali
2026 2003 2143 2042 om-

548 2081 698 2134 nium
725 2081 1140 2135 examinatione.
1167 2079 1422 2150 Quisquis
1450 2078 1887 2150 vero'eleganter
1911 2087 1967 2134 et
2008 2094 2142 2150 pure

547 2172 777 2240 primam
799 2173 1134 2241 peroraverit
1157 2187 1394 2237 causam,
1446 2171 1499 2226 in
1528 2172 1762 2227 secunda
1798 2171 2050 2242 primam,
2083 2172 2139 2226 in

547 2261 706 2316 tertia
733 2263 1002 2332 geminam
1026 2262 1210 2333 gloria:
1253 2261 1438 2316 induet
1477 2261 1691 2316 stolam.
1760 2261 1941 2316 Prima
1975 2262 2140 2331 igitur

546 2353 1370 2424 recte.perorata,justiﬁcatur;
1428 2355 1482 2408 in
1524 2355 1759 2409 secunda
1815 2353 2139 2409 honoriﬁca-

546 2455 663 2510 tur;
699 2446 753 2500 in
774 2447 930 2500 tertia
959 2445 1309 2516 gloriﬁcatur.
1375 2444 1710 2500 Advocatum
1765 2445 1929 2516 igitur
1971 2444 2138 2500 habe-

546 2557 666 2595 mus
695 2539 877 2594 Jesum
899 2539 1172 2595 Christum
1189 2539 1392 2608 justum
1425 2538 1480 2611 (Ι
1514 2539 1674 2594 Joan.
1706 2555 1766 2604 ιι,
1797 2525 1870 2611 1).
1918 2537 1977 2593 1η
2027 2539 2136 2608 pri-

545 2650 631 2687 ma
670 2634 1004 2704 suggerendo
1029 2631 1420 2702 paenitentiam,
1463 2633 1517 2686 in
1541 2631 1777 2686 secunda
1804 2630 2133 2686 conferendo

536 2723 828 2794 justitiam,
861 2725 912 2778 in
938 2725 1098 2779 tertia
1129 2725 1472 2794 perducendo
1492 2724 1560 2778 ad
1586 2723 1836 2794 gloriam.
1889 2723 2132 2802 Advoca-

543 2824 630 2871 tus
654 2818 819 2888 igitur
841 2826 924 2872 est
953 2825 1008 2871 et
1030 2817 1337 2871 consolator
1376 2814 1552 2879 Jesus,
1609 2813 2133 2869 misericordiosissi-

543 2908 974 2963 musSalvator:
1013 2907 1322 2963 consolator
1356 2907 1411 2961 in
1456 2906 1693 2970 miseria,
1743 2905 2035 2960 advocatus
2075 2905 2129 2960 in

543 3015 705 3055 causa
733 3017 746 3063 ;
783 2998 1088 3054 consolator
1113 2998 1166 3052 in
1190 2997 1555 3061 tribulatione,
1581 2997 1874 3052 advocatus
1921 2996 1975 3050 in
2005 3011 2129 3066 per-

543 3091 817 3154 oratione;
848 3090 1169 3153 consolator,
1216 3103 1282 3143 ne
1334 3087 1781 3153 succumbamus;
1815 3087 2127 3152 advocatus,

541 3189 602 3234 ut
631 3181 929 3234 vincamus.

615 3270 704 3324 46.
738 3270 992 3325 Dominus
1015 3270 1308 3336 a’mulator,
1336 3279 1384 3324 et
1403 3269 1658 3326 ulciscens
1683 3270 1958 3326 Dominus.
1989 3269 2136 3324 Ulci-

541 3381 688 3418 scens
713 3362 990 3430 Dominus,
1023 3375 1070 3418 et
1105 3365 1300 3419 habens
1329 3365 1559 3434 furorem
1583 3381 1602 3420 :
1636 3364 1893 3419 ulciscens
1950 3362 2134 3418 Domi-

542 3473 640 3510 nus
665 3457 719 3510 in
743 3456 912 3510 hostes
938 3474 1078 3520 suos,
1108 3466 1155 3511 et
1179 3459 1406 3511 irascens
1428 3457 1536 3527 ipse
1573 3457 1799 3512 inimicis
1848 3455 1958 3511 suis
1995 3455 2136 3529 (Να-

540 3548 664 3601 hum
702 3564 739 3608 ι,
772 3547 824 3608 2,
853 3549 929 3620 3).
958 3549 1015 3602 In
1042 3550 1320 3618 prophetze
1342 3549 1564 3604 exordio
1597 3557 1890 3604 tumentem
1928 3564 2030 3619 pro
2051 3550 2134 3604 ni-

540 3649 658 3693 tore
685 3639 882 3708 lingua:
897 3647 1190 3704 oratorem,
1220 3656 1283 3694 ac
1317 3641 1383 3696 de
1404 3640 1535 3696 ﬂore
1573 3640 1796 3696 colorati
1833 3640 2030 3710 eloquii
2074 3655 2134 3695 se

532 3732 874 3801 jactitantem
933 3732 1305 3797 adhortamur,
1353 3749 1420 3787 ne
1477 3732 1855 3788 Demosthenis
1902 3732 2129 3801 lepores,

541 3823 856 3890 Quintiliani
905 3822 1084 3887 ﬁores,
1133 3822 1412 3880 Ciceronis
1457 3825 1666 3879 colores
1709 3823 1875 3878 divini
1931 3822 2133 3892 eloquii

541 3913 874 3984 simplicitati
906 3913 1315 3968 coloratissimaa
1343 3913 1616 3984 praeferat,
1644 3928 1744 3968 nec
1767 3912 2131 3982 eloquentiam

541 4006 899 4076 peccatricem
926 4005 1094 4074 magis
1116 4020 1278 4075 quam
1303 4013 1543 4060 sanctam
1591 4005 1991 4074 simplicitatem
2018 4003 2133 4058 dili-

544 4106 653 4168 gat.
678 4096 811 4151 Cum
839 4096 983 4151 enim
1007 4103 1232 4167 regnum
1256 4098 1350 4153 Dei
1377 4113 1483 4152 non
1515 4098 1586 4151 sit
1621 4101 1676 4152 in
1726 4111 1993 4160 sermone,
2037 4096 2132 4152 sed

540 4189 741 4244 virtute
775 4189 998 4260 spiritus
1036 4189 1087 4260 (ι
1115 4187 1238 4243 Cor.
1278 4206 1351 4255 ιν,
1382 4189 1496 4262 20),
1542 4197 1596 4244 et
1641 4189 1833 4244 animae
1873 4189 2127 4259 puritate,

546 4291 691 4337 tanta
718 4291 896 4337 tamen
920 4283 974 4337 in
997 4283 1179 4338 divino
1204 4282 1419 4351 eloquio
1445 4289 1499 4336 et
1525 4282 1722 4337 coloris
1741 4283 1915 4352 gratia
1939 4291 1993 4336 ct
2014 4281 2126 4335 vir-

542 4377 672 4429 tutis
695 4375 884 4445 gloria,
912 4384 1060 4429 tanta
1094 4375 1360 4429 sermonis
1386 4382 1440 4428 et
1473 4374 1750 4442 splendida
1775 4374 2030 4440 suavitas,
2070 4382 2125 4429 et

539 4467 767 4521 honesta
789 4482 1010 4536 operum
1031 4465 1351 4528 fecunditas,
1379 4466 1573 4535 lingua:
1594 4466 1756 4530 nitor,
1777 4466 1928 4521 verbi
1955 4466 2122 4531 color,

540 4559 712 4634 culpae
743 4559 923 4624 timor,
953 4558 1049 4613 Dei
1072 4573 1226 4612 amor
1252 4558 1540 4623 inseritur;
1577 4566 1636 4612 ut
1674 4556 1792 4626 ejus
1849 4573 2126 4628 compara-

541 4651 687 4705 tione
715 4649 1105 4704 Demosthenes
1131 4647 1367 4714 sordeat,
1395 4646 1760 4716 Quintilianus
1777 4648 1973 4719 jaceat,
2027 4650 2126 4705 hu-

542 4743 619 4797 mi
651 4741 859 4797 Tullius
888 4741 1111 4797 htereat.
1137 4739 1244 4796 Sed
1271 4740 1396 4811 quia
1439 4742 1614 4796 sancti
1647 4757 1754 4796 non
1807 4749 1966 4796 vento
2011 4749 2126 4796 stu—

539 4836 746 4899 dentes,
773 4835 866 4890 sed
894 4835 1111 4906 gratiae;
1153 4842 1208 4890 et
1257 4834 1444 4888 virtuti
1492 4849 1711 4904 operam
1755 4834 1962 4899 dantes,
2015 4849 2124 4888 non

543 4927 885 4995 cenodoxim;
918 4944 1026 4984 non
1051 4929 1194 4983 laudi
1222 4929 1520 4991 hominum,
1546 4927 1640 4982 sed
1677 4927 1816 4996 patri
1862 4927 2123 4981 luminum

539 5017 724 5073 vivere
744 5017 1113 5083 decreverunt,
1140 5018 1543 5074 ornatissimam
1595 5024 1980 5087 postponentes
2025 5033 2120 5070 ur-

539 5110 854 5174 banitatem,
879 5111 1235 5165 necessariam
1265 5111 1414 5180 sequi
1463 5111 1752 5166 utilitatem
1800 5110 1978 5178 potius
2017 5110 2125 5164 ele-

541 5211 759 5271 gerunt.
792 5200 898 5256 Sed
933 5203 1048 5257 haec
1070 5203 1352 5258 hactenus.
1386 5203 1552 5273 Igitur
1573 5208 1806 5270 coeptam
1834 5201 2126 5270 expositio-

541 5309 665 5348 nem
696 5307 1102 5362 prosequamur.

614 5385 703 5439 47.
729 5385 984 5440 Dominus
1014 5385 1306 5450 aemulator,
1349 5393 1455 5440 etc.
1492 5384 1549 5439 Si
1591 5385 1659 5440 ad
1701 5393 1873 5440 totam
1913 5383 2123 5439 oratio-

543 5493 668 5534 nem
707 5475 982 5548 respicias,
1024 5477 1192 5548 ﬁgura
1244 5477 1586 5547 epanaphora
1639 5485 1740 5542 est,
1793 5477 1883 5532 ubi
1907 5477 1960 5530 in
2013 5476 2123 5532 imo

542 5585 704 5626 versu
731 5585 829 5642 per
872 5569 1135 5641 principia
1160 5583 1417 5624 sensuum
1443 5567 1697 5623 ulciscens
1717 5569 1878 5623 solies
1903 5569 2118 5639 repetit.

622 5691 653 5724 ι
675 5681 734 5738 In
766 5682 869 5739 hoc
898 5681 1016 5738 loco
1040 5681 1287 5738 videntur
1314 5680 1494 5753 aliqua
1524 5678 1772 5737 deﬁcere.
1799 5679 1958 5736 Enn.

2154 3041 2204 3106 C

2245 1809 2415 1870 patet,
2448 1802 2540 1857 ubi
2571 1817 2780 1857 summa
2825 1801 2992 1856 totius
3037 1801 3241 1872 negotii
3285 1816 3349 1856 ex
3394 1800 3728 1871 frequentatione

2245 1893 2460 1965 pendet.
2487 1894 2613 1949 Haec
2639 1895 2858 1965 quidem
2888 1893 3208 1950 scholastice
3254 1893 3551 1949 dicemimus
3581 1891 3726 1965 [Forte,

2245 1983 2644 2056 disseruimus],
2674 2001 2817 2040 nunc
2837 1985 2904 2040 ad
2924 1986 3276 2055 expositionis
3299 1985 3479 2041 seriem
3504 1986 3725 2038 redeamus.

2312 2076 2404 2133 48.
2445 2077 2705 2147 Proponit
2726 2093 2854 2150 ergo
2879 2079 3146 2149 propheta
3168 2079 3396 2150 primum
3422 2077 3599 2135 Domini
3615 2091 3727 2130 amu-

2242 2170 2520 2234 lationem,
2571 2169 2765 2225 deinde
2811 2169 3075 2226 trifariam
3121 2171 3391 2236 ultionem,
3439 2180 3595 2241 postea
3635 2169 3726 2220 iram

2240 2261 2356 2330 ejus
2386 2271 2441 2317 et
2465 2261 2722 2318 furorem.
2753 2263 2878 2319 Acsi
2906 2264 3122 2319 Nahum
3151 2264 3348 2320 diceret
3386 2262 3447 2318 ad
3483 2261 3722 2333 Assyrium:

2239 2353 2493 2424 Nunquid
2512 2370 2766 2425 sponsam
2795 2357 2892 2412 tibi
2913 2355 3254 2427 derelinquet
3273 2355 3498 2427 Assyrio,
3529 2352 3646 2422 cujus
3673 2367 3727 2404 ca.

2239 2445 2440 2500 stitatis
2470 2445 2742 2502 aemulatio
2769 2447 2968 2518 eripuit
2988 2461 3109 2502 eam
3155 2462 3224 2503 ex
3245 2446 3482 2518 Egypto,
3512 2444 3619 2498 mari
3657 2442 3728 2495 llu-

2238 2536 2337 2591 bro
2357 2543 2411 2590 et
2433 2539 2672 2605 deserto;
2715 2553 2877 2608 super
2899 2537 3052 2607 cujus
3074 2538 3310 2594 inimicis
3331 2535 3573 2606 multiplex
3593 2542 3634 2586 et
3649 2548 3729 2602 gru-

2236 2625 2458 2682 vissima
2487 2629 2726 2700 irrogata
2748 2638 2832 2686 est
2860 2629 3028 2698 ultio;
3062 2645 3229 2702 super
3269 2629 3414 2700 cujus
3446 2629 3646 2685 hostibus
3676 2624 3729 2677 iu-

2237 2735 2330 2773 ror
2352 2719 2448 2773 Dei
2469 2735 2730 2776 accensus
2754 2730 2836 2776 est
2858 2730 2913 2776 et
2966 2722 3300 2794 indignatio?
3335 2719 3594 2778 {Emulatio
3623 2716 3726 2784 juxta

2237 2810 2365 2864 illud
2386 2808 2655 2878 Apostoli:
2680 2811 2754 2865 1E
2759 2811 2932 2866 mutor
2957 2829 3043 2867 vos
3068 2813 3171 2868 Dei
3199 2812 3527 2877 aemulatione,
3549 2806 3728 2879 despondi

2232 2901 2370 2954 enim
2397 2917 2484 2955 vos
2502 2902 2592 2955 uni
2617 2901 2746 2968 uiro,
2771 2904 3020 2973 virginem
3073 2915 3278 2960 castam
3325 2904 3540 2959 exhibere
3582 2898 3727 2954 Christo

2234 2992 2322 3064 (11
2348 2992 2470 3048 Cor.
2506 3009 2582 3059 ιιι,
2609 2993 2687 3066 2),
2737 2996 2956 3065 respicit
3019 2996 3085 3051 ad
3138 2997 3454 3068 conjugium.
3490 2994 3606 3052 Ultio
3641 3003 3729 3042 vero

2235 3087 2306 3142 ad
2346 3087 2688 3143 inimicorum
2737 3087 3028 3143 excidium.
3073 3088 3250 3145 Furor
3287 3097 3457 3144 autem
3485 3094 3534 3140 et
3568 3085 3631 3137 ira
3665 3079 3728 3135 [ti

2236 3179 2305 3232 ad
2371 3186 2633 3233 aeternum
2695 3178 3035 3249 supplicium.
3109 3180 3262 3236 Hanc
3325 3179 3496 3248 utique
3545 3184 3728 3244 sponsam

2235 3272 2292 3328 in
2320 3271 2596 3328 Abraham
2644 3265 3011 3339 Subarrhavit,
3064 3273 3163 3329 sed
3224 3288 3319 3345 per
3374 3272 3528 3342 legem
3576 3262 3729 3335 copula-

2233 3362 2312 3416 vit
2338 3381 2352 3416 :
2385 3361 2538 3432 cujus
2557 3362 2673 3419 zelo
2695 3363 2991 3436 Egyptqu
3038 3353 3326 3421 horrendis
3364 3360 3556 3434 ﬂagitiis
3579 3355 3727 3415 atlixit,

2235 3453 2522 3526 Egyptios
2567 3456 2878 3522 submersit,
2940 3456 3256 3512 innumeros
3330 3455 3542 3511 hostium
3589 3459 3730 3504 cuneos

2235 3536 2547 3616 prostravit,
2580 3561 2718 3617 pane
2743 3546 2886 3613 cmli,
2915 3554 2970 3602 et
2987 3547 3244 3604 carnibus
3266 3549 3320 3603 in
3340 3548 3533 3602 deserto
3552 3555 3642 3597 eam
3663 3553 3728 3606 pa-

2233 3638 2332 3702 vit,
2365 3637 2558 3693 deinde
2586 3639 2641 3692 in
2665 3645 2866 3693 terram
2895 3640 3334 3709 repromissionis
3353 3635 3624 3693 introduxit.
3644 3629 3729 3684 Haec

2236 3737 2320 3785 est
2343 3730 2639 3796 aemulatio,
2659 3746 2783 3786 cum
2806 3730 2996 3801 triplex
3026 3731 3293 3786 videatur.
3317 3729 3458 3798 Quod
3495 3726 3535 3782 si
3553 3723 3656 3779 ultio
3675 3733 3731 3772 [θ’

2236 3822 2443 3877 feratur
2459 3824 2526 3878 ad
2539 3838 2684 3890 eum,
2707 3824 2882 3894 prima
2912 3823 3013 3878 fuit
3041 3823 3353 3880 idololatriae
3367 3865 3380 3889 ,
3403 3817 3602 3878 secunda
3620 3815 3728 3868 luxu-

2235 3914 2350 3980 riae,
2375 3915 2532 3969 tertia
2558 3915 2970 3987 gastrimargiae.
2999 3915 3202 3982 Prima,
3231 3915 3436 3987 quando
3483 3909 3660 3966 vitulum
3694 3902 3729 3956 in

2235 4005 2449 4060 deserto
2475 4004 2762 4061 fabricavit
2787 4004 2985 4078 (Exod.
3024 4022 3198 4071 χχιιι,
3224 4006 3312 4077 4);
3353 4002 3576 4062 secunda,
3611 4007 3730 4066 quan-

2237 4099 2307 4155 do
2331 4100 2508 4156 scelus
2533 4100 2588 4155 in
2639 4115 2807 4156 uxore
2853 4099 3055 4156 Levita
3112 4108 3472 4172 perpetratum
3514 4086 3731 4149 vindicavit

2234 4189 2586 4263 (Judic.xtx,
2631 4191 2655 4244 1
2713 4207 2867 4262 seq.;
2920 4207 3010 4256 xx,
3064 4191 3090 4245 1
3145 4190 3318 4263 seq.);
3369 4188 3538 4252 tertia,
3577 4176 3731 4253 quando

2232 4281 2398 4338 lsrael
2423 4298 2523 4352 pro
2553 4291 2775 4353 peccato
2816 4283 3048 4338 ﬁliorum
3076 4283 3193 4340 Heli
3227 4278 3558 4355 prascipitavit
3579 4273 3619 4347 (I
3639 4270 3727 4338 Βεθι

2234 4389 2306 4438 1v,
2350 4374 2416 4428 10
2448 4373 2602 4446 seq.).
2641 4374 2834 4442 Furor,
2879 4375 3093 4445 quando
3143 4390 3326 4430 arcam
3371 4362 3726 4444 captivavit;ir:I.

2229 4469 2442 4538 quando
2469 4467 2596 4523 Saul
2618 4469 2924 4538 reprobavit
2951 4467 3115 4541 (Ibid.
3157 4485 3279 4535 xm,
3317 4468 3381 4523 15
3418 4481 3550 4536 seq.,'
3586 4474 3656 4522 XV.
3685 4452 3724 4507 Η

2177 4616 2181 4621 ,
2225 4559 2380 4633 seq.).
2418 4561 2475 4615 In
2516 4561 2689 4630 prima
2732 4561 2938 4617 ultione
2989 4562 3301 4618 ceciderunt
3338 4557 3514 4632 viginti
3554 4552 3728 4624 quinti“e

2227 4654 2425 4720 millia;
2459 4653 2515 4708 in
2546 4654 2784 4710 secunda
2804 4655 2870 4710 de
2890 4654 3056 4710 Israel
3077 4656 3387 4711 ceciderunt
3405 4653 3610 4706 virorum
3630 4653 3727 4711 qm-

2226 4746 2473 4817 draginta
2497 4745 2686 4812 millia,
2715 4748 2782 4804 de
2835 4746 3112 4817 Benjamin
3157 4764 3288 4805 vero
3333 4744 3506 4817 viginti
3549 4737 3726 4810 quinque

2175 4822 2394 4905 l'millia
2429 4845 2483 4893 et
2506 4846 2758 4906 centum;
2788 4838 2842 4893 in
2875 4839 3056 4904 tertia,
3091 4839 3268 4910 primo
3298 4837 3580 4895 ceciderunt
3624 4825 3724 4878 viro-

2178 4994 2182 4998 _
2225 4945 2346 4984 rum
2399 4938 2632 5000 quatuor
2676 4930 2876 4998 millia;
2931 4933 3187 4997 secundo,
3237 4931 3443 5002 quando
3476 4940 3581 4981 arca
3615 4921 3725 4986 (>3!ml

2224 5031 2326 5089 est,
2365 5025 2604 5095 peditum
2633 5025 2850 5096 triginta
2892 5027 3083 5082 millia.
3123 5027 3180 5083 Si
3210 5043 3337 5083 vero
3361 5025 3424 5080 de
3456 5016 3650 5078 inimicis
3672 5011 3726 5064 in-

2223 5117 2494 5188 telligatur
2521 5118 2672 5185 ultio,
2695 5119 2871 5188 prima
2894 5119 2995 5174 fuit
3028 5121 3082 5175 in
3127 5119 3491 5193 Egyptiorum
3547 5110 3725 5166 submer-

2225 5211 2394 5266 sione'
2411 5211 2606 5284 (Exod.
2630 5228 2738 5278 xiv,
2778 5211 2868 5279 27,
2900 5213 3024 5283 28);
3050 5216 3282 5270 secunda
3305 5214 3357 5268 in
3380 5209 3573 5280 triginta
3591 5206 3724 5267 Γθθιιω

2169 5347 2176 5357 .
2223 5290 2650 5357 Chananzeorum
2672 5308 2726 5356 et
2743 5302 2901 5357 unius
2941 5302 3331 5369 interfectione,
3379 5308 3430 5356 et
3476 5290 3724 5369 populorum

2223 5395 2618 5466 expugnatione
2639 5395 2776 5466 (los.
2802 5411 2900 5460 xu,
2937 5397 2962 5450 1
2997 5396 3163 5468 seq.);
3189 5397 3345 5452 tertia
3385 5395 3436 5448 in
3457 5381 3725 5445 Philisthteo-

2169 5536 2173 5540 .
2224 5502 2364 5548 rum,
2408 5485 2782 5552 Moabitarum,
2839 5486 3290 5553 Ammonitarum,
3328 5485 3654 5541 Ιόιιωωοηιωι
3685 5469 3724 5518 ⁸⁸

2223 5584 2542 5630 cancrorum
2579 5574 3012 5646 frequentissima
3039 5578 3398 5650 oppressione.
3429 5572 3491 5630 Et
3531 5572 3602 5624 est
3635 5567 3724 5615 ⁵⁸⁸³·
