3974 6306
170 417 311 461 sus:
343 401 393 456 si
420 397 651 454 dilectus
680 398 793 454 Deo
820 396 1052 468 populus
1083 397 1317 453 traditur
1360 398 1480 463 tibi,
1518 397 1627 453 noli
1674 395 1771 450 ad-
1798 397 1849 453 Δ

169 509 375 551 versus
395 492 568 547 Deum
594 489 838 562 gloriari.
873 488 931 544 Si
954 490 1099 544 enim
1122 490 1268 544 ultus
1291 497 1376 545 est
1396 504 1522 544 eum
1543 488 1597 543 in
1619 495 1700 543 tot
1720 494 1777 542 et

173 584 351 642 tantis
376 582 634 648 millibus,
668 581 976 637 nullatenus
1008 579 1227 652 eﬂugies
1256 597 1449 637 manus
1485 580 1621 649 ejus.
1648 580 1776 636 Ηωε

173 683 368 732 autem
406 673 763 731 historialiter
786 672 1041 738 diximus,
1072 686 1216 728 nunc
1257 688 1322 729 ea
1367 673 1435 729 ad
1476 672 1773 729 Ecclesiam

172 768 510 826 referamus.

248 858 343 915 49.
386 857 699 915 Ρτεεγίᾶειιε
725 871 855 929 ergo
880 858 1145 928 propheta
1186 857 1485 915 Ecclesiam
1527 873 1594 913 ex
1635 856 1776 913 Gen-

168 955 325 1008 tibus
350 951 610 1019 futuram,
638 951 1035 1020 tribulationes,
1075 968 1379 1023 pressuras,
1419 968 1521 1024 pro
1566 950 1772 1023 iustitia

166 1061 486 1116 passuram,
508 1044 802 1114 alloquitur
822 1059 942 1100 eam
973 1045 1324 1111 consolando,
1371 1053 1426 1101 et
1455 1045 1620 1116 ipsius
1668 1045 1770 1100 ho-

167 1147 289 1192 stes
331 1137 678 1202 deterrendo,
732 1137 966 1193 dicens:
1014 1136 1271 1192 Dominus
1321 1136 1615 1202 wmulator,
1662 1144 1767 1192 etc.

166 1229 303 1283 Αοεί
331 1228 543 1283 diceret
572 1246 587 1282 :
627 1226 821 1300 Magno
841 1228 1058 1299 quidem
1080 1229 1256 1300 pretio
1284 1237 1336 1284 te
1359 1231 1507 1295 emit,
1535 1230 1772 1300 pretioso

165 1320 446 1390 sanguine
469 1334 569 1374 suo
593 1328 647 1375 te
669 1320 915 1385 redemit,
940 1329 1103 1390 atque
1129 1336 1196 1375 ex
1219 1321 1603 1390 prostibularia
1649 1336 1771 1392 gra-

164 1412 313 1467 tuito
336 1419 393 1466 te
413 1411 644 1474 vocavit,
669 1411 1011 1482 baptismatis
1033 1411 1174 1467 unda
1200 1412 1347 1478 lavit,
1383 1413 1569 1484 gratia:
1591 1427 1773 1467 mune-

163 1504 328 1559 ribus
352 1503 661 1567 exornavit,
697 1510 751 1559 et
803 1503 1025 1574 insuper
1065 1502 1350 1575 coniugem
1398 1503 1768 1574 desponsavit,

163 1598 225 1652 in
260 1597 509 1667 reginam
560 1595 871 1652 sublimavit
916 1613 930 1650 :
972 1594 1125 1666 cuius
1182 1596 1227 1651 si
1272 1596 1556 1651 violaverit
1618 1596 1767 1670 [Leg.

163 1686 486 1760 violaveris]
513 1685 841 1758 coniugium,
880 1687 1102 1743 rivalem
1139 1688 1470 1753 desiderans,
1494 1687 1579 1743 vel
1619 1688 1771 1743 adul-
1798 1698 1845 1760 _’

162 1780 272 1836 teri
314 1780 587 1835 incestum
615 1778 1049 1845 contubernium,
1078 1779 1195 1836 zelo
1215 1794 1495 1845 accensus,
1515 1777 1639 1849 jura
1661 1794 1771 1834 ser-
1796 1752 1847 1815 Β

161 1883 257 1929 vat
280 1872 544 1944 coniugii,
570 1870 796 1943 iniurias
840 1872 1076 1929 excludit
1124 1872 1398 1940 lenocinii,
1452 1872 1770 1946 gravissime

160 1965 329 2021 nefas
355 1965 601 2021 vindicat
621 1963 892 2019 adulterii.

232 2058 330 2113 50.
362 2056 545 2125 Quare
570 2070 704 2112 vero
738 2055 934 2127 triplex
979 2054 1242 2112 inferatur
1273 2054 1422 2120 ultio,
1477 2070 1546 2112 ex
1599 2055 1769 2126 ipsius

156 2150 409 2222 coniugii
439 2149 791 2220 perpenditur
815 2147 1010 2204 ollicio.
1042 2148 1169 2204 Tria
1195 2148 1460 2218 siquidem
1481 2156 1607 2203 sunt
1626 2149 1769 2204 bona

154 2242 415 2313 coniugii
445 2259 462 2296 :
487 2240 639 2304 ﬁdes,
664 2240 831 2312 prolis
854 2255 996 2311 spes,
1022 2240 1204 2296 unitas
1223 2240 1571 2296 sacramenti.
1613 2239 1765 2308 Quae,

153 2335 205 2389 si
236 2348 453 2403 sponso
466 2332 781 2397 servaverit,
820 2331 1025 2386 illibata
1053 2332 1202 2387 audit
1229 2347 1368 2398 voce,
1383 2332 1562 2402 sponsi
1586 2332 1667 2387 sui
1711 2333 1767 2387 in

151 2423 413 2480 Canticis
433 2423 810 2478 commendata
843 2440 856 2477 :
890 2422 1124 2478 Pulchra
1159 2439 1233 2489 es,
1263 2424 1435 2478 amica
1479 2440 1613 2488 mea,
1643 2440 1769 2479 sua-

161 2520 246 2573 vis
271 2527 322 2574 et
342 2518 561 2582 decora,
586 2515 833 2571 terribilis
863 2526 921 2570 ut
984 2527 1279 2573 castrorum
1334 2518 1472 2572 acies
1521 2517 1761 2573 ordinate

154 2610 347 2680 (Cum.
374 2625 454 2672 vn,
486 2609 564 2678 3).
595 2608 721 2664 Vult
753 2607 900 2663 enim
945 2610 1175 2679 sponsus
1230 2616 1291 2684 ut
1322 2607 1478 2663 ﬁrma
1507 2608 1579 2663 sit
1632 2607 1767 2665 ﬁdes

157 2705 300 2768 tori,
328 2702 609 2773 legitimus
633 2703 704 2757 sit
727 2711 918 2772 partus
943 2703 1107 2769 uteri,
1135 2701 1391 2757 inviolata
1434 2702 1659 2758 castitas
1681 2717 1767 2757 sa-

153 2796 456 2851 cramenti.
480 2793 663 2859 Fides,
691 2809 759 2850 ne
788 2794 842 2848 in
891 2793 1180 2865 Evangelio
1215 2793 1494 2849 Iudaicam
1541 2794 1767 2848 misceat

150 2885 480 2958 perﬁdiam;
507 2884 780 2957 legitimus
799 2891 1007 2955 partus,
1058 2900 1125 2940 ne
1145 2893 1407 2955 sequatur
1431 2884 1617 2940 mundi
1637 2900 1766 2941 con-

1222 279 1574 338 COMMENT.
1613 279 1681 335 IN
1719 277 1965 334 NAHUM
2005 277 2421 337 PROPHETAM

1877 386 2219 464 adoptionem
2247 411 2348 452 nos
2372 395 2511 452 ﬁlios
2538 396 2637 452 Dei
2658 396 2807 461 facit,
2837 400 2979 455 sacri
3005 400 3171 457 fontis
3191 404 3334 461 unda
3358 422 3460 464 nos

1874 488 2064 553 abluit,
2091 489 2313 560 sanguis
2339 489 2552 545 Domini
2576 504 2675 546 nos
2709 492 2938 547 redemit
2961 505 3010 547 ε.
3036 494 3065 535 δ
3112 495 3240 553 Haec
3279 505 3462 556 autem

1873 587 1998 633 sunt
2020 579 2141 643 tria,
2166 596 2288 650 quae
2308 580 2679 636 testimonium
2727 581 2858 636 dant
2898 582 2956 638 in
2998 591 3163 651 terra,
3216 587 3456 657 spiritus,

1876 688 2038 742 aqua,
2069 680 2124 727 et
2157 673 2380 744 sanguis
2402 672 2456 746 (Ι
2504 673 2665 729 Joan.
2690 686 2750 741 v,
2799 675 2877 747 8).
2908 676 3155 734 Alterum
3179 680 3342 751 igitur
3386 684 3463 739 in-

1871 764 2101 828 visibile,
2159 765 2390 821 alterum
2440 766 2652 822 visibile
2702 768 3072 826 testimonium
3121 784 3462 831 sacramento

1871 858 2253 928 consequimur
2277 859 2525 927 spiritali.
2557 879 2579 912 ι

1940 950 2030 1004 51.
2051 949 2156 1006 Per
2178 951 2296 1007 haec
2318 950 2483 1022 igitur
2506 951 2611 1006 tria
2630 961 2922 1023 generatur
2944 954 3205 1024 Ecclesia,
3259 964 3316 1013 et
3371 975 3463 1031 ge-

1871 1048 2055 1105 nerat;
2089 1040 2345 1107 abluitur,
2374 1048 2429 1097 et
2463 1040 2639 1107 lavat;
2671 1042 2951 1111 liberatur,
2979 1053 3034 1100 et
3056 1046 3279 1116 liberat;
3301 1064 3460 1104 reno-

1869 1140 2051 1198 vatur,
2079 1142 2135 1188 et
2166 1141 2407 1189 renovat.
2432 1134 2491 1188 In
2525 1149 2665 1205 aqua
2709 1135 2953 1206 signatur
3005 1138 3263 1194 vitiorum
3307 1140 3458 1195 ablu-

1871 1224 1977 1290 tio;
2012 1239 2121 1307 per,
2137 1227 2456 1294 sanguinem
2489 1226 2556 1281 de
2572 1241 2737 1283 manu
2760 1229 3121 1297 pessimorum
3172 1230 3232 1285 ﬁt
3258 1233 3461 1288 redem-

1868 1317 2012 1386 ptio;
2037 1331 2135 1387 pcr
2161 1317 2415 1387 spiritum
2454 1319 2581 1375 vitae
2628 1320 2928 1376 renovatio.
2972 1320 3235 1388 Quoniam
3298 1323 3461 1392 igitur

1869 1411 1989 1467 lucc
2018 1411 2122 1467 tria
2150 1411 2405 1467 Ecclesiae
2439 1421 2564 1468 sunt
2593 1412 2806 1479 collata,
2835 1422 2891 1470 et
2923 1415 2981 1469 in
3008 1414 3126 1485 eius
3153 1417 3453 1481 nativitate,

1870 1510 1927 1557 et
1948 1502 2191 1573 inipsius
2217 1503 2537 1570 ministerio,
2591 1512 2755 1575 atque
2793 1513 3091 1575 potestate,
3139 1508 3351 1577 quoties
3401 1508 3455 1562 in

1871 1592 1957 1648 his
1981 1594 2048 1649 ab
2070 1609 2134 1648 ea
2153 1592 2214 1648 ﬁt
2236 1594 2614 1665 transgressio,
2640 1593 2837 1665 triplex
2860 1610 2981 1650 eam
3002 1597 3248 1668 sequitur
3299 1598 3452 1653 ultio.

1872 1683 2006 1752 Quia
2025 1685 2275 1741 videlicet
2299 1684 2555 1741 antithesi
2576 1686 2863 1756 oppositio,
2892 1694 2947 1743 et
2962 1688 3108 1745 vitiis
3129 1688 3454 1756 sordidatur,

1872 1785 1928 1834 et
1953 1780 2020 1834 ab
2045 1779 2201 1834 hoste
2223 1780 2545 1850 captivatur,
2571 1786 2627 1835 et
2649 1779 2859 1835 carceri
2884 1780 2973 1836 vel
3001 1780 3212 1836 crimini
3241 1781 3298 1836 in
3318 1798 3458 1852 prac-

1870 1870 2028 1935 senti,
2054 1870 2314 1940 gehennae
2338 1870 2395 1924 in
2411 1867 2594 1926 futuro
2630 1870 2921 1927 crucianda
2966 1872 3324 1943 mancipatur.
3364 1873 3459 1928 Vel

1867 1962 2124 2033 quoniam
2142 1962 2378 2016 hostium
2400 1960 2658 2017 Ecclesiae
2677 1963 2781 2018 tria
2806 1970 2934 2018 sunt
2950 1978 3150 2034 genera
3177 1983 3192 2018 :
3214 1965 3454 2035 primum

1868 2056 1985 2112 sine
2006 2062 2348 2111 sacramento
2380 2054 2667 2124 Ecclesiae;
2721 2058 3016 2113 secundum
3069 2066 3223 2114 extra
3275 2059 3461 2114 Eccle-

1869 2145 2025 2213 siam,
2049 2147 2145 2201 sed
2179 2160 2303 2201 cum
2330 2154 2670 2200 sacramento
2717 2144 3005 2213 Ecclesiae;
3059 2148 3280 2202 tertium
3332 2163 3456 2202 cum

1867 2246 2208 2295 sacramento
2232 2236 2509 2301 Ecclesiae,
2537 2245 2596 2292 et
2620 2237 2675 2291 in
2716 2237 2978 2303 Ecclesia,
3022 2238 3235 2307 quoties
3268 2238 3458 2294 Eccle-

1867 2331 1948 2387 sia
1973 2331 2040 2387 ab
2062 2330 2194 2400 ipsis
2217 2328 2558 2399 Opprimitur,
2602 2327 2658 2383 in
2687 2328 2909 2383 eosdem
2971 2330 3159 2385 hostes
3201 2330 3460 2386 divinitus

1865 2421 2003 2478 ultio
2030 2419 2292 2478 funditur.
2316 2419 2385 2475 Et
2406 2419 2510 2477 hoc
2538 2428 2642 2487 est,
2667 2420 2811 2490 quod
2838 2435 2871 2476 a
2909 2421 3176 2492 propheta
3205 2420 3458 2478 ulciscens

1869 2519 2029 2571 tertio
2052 2516 2291 2588 ponitur.

1932 2609 2020 2665 52.
2053 2609 2246 2665 Aliter.
2298 2608 2570 2680 Propheta
2603 2608 2819 2666 ﬁdelem
2881 2609 3174 2681 alloquitur
3202 2611 3457 2676 animam,

1866 2704 2161 2759 admonens
2193 2718 2315 2758 eam
2337 2717 2499 2773 super
2521 2710 2667 2758 statu
2689 2717 2808 2770 suo,
2858 2703 2973 2759 sive
3023 2703 3198 2772 lapsu,
3245 2718 3459 2772 semper

1864 2810 1986 2851 esse
2006 2794 2293 2851 sollicitam
2328 2814 2341 2850 :
2374 2804 2539 2859 statu,
2560 2803 2621 2850 ut
2649 2802 2894 2862 maneat;
2955 2795 3128 2866 lapsu,
3156 2802 3217 2850 ut
3240 2797 3455 2860 redeat;

1863 2887 2153 2942 ostendens
2202 2901 2365 2956 quam
2406 2886 2658 2942 distincte
2703 2884 2910 2958 [Fars.,
2951 2884 3219 2959 districte]
3273 2887 3458 2957 exigat

149 2975 597 3047 cupiscentiam;
623 2976 848 3032 castitas
873 2977 1218 3042 sacramenti,
1240 2992 1309 3032 ne
1329 2976 1543 3031 labatur
1564 2975 1629 3030 ad
1656 2977 1766 3032 bte-
1858 2977 2146 3047 iustitiam,
2184 2977 2277 3048 qui
2307 2986 2592 3049 promptus
2611 2985 2695 3033 est
2727 2978 2916 3033 ulcisci
2938 2993 3155 3034 omnem
3182 2977 3457 3047 iniuriam,

153 3070 349 3133 resim,
376 3067 466 3123 vel
488 3068 801 3135 schismata,
829 3068 913 3124 vel
934 3067 1310 3123 idololatriam.
1327 3067 1486 3123 Fides
1511 3068 1765 3124 Ecclesiae
1795 3116 1839 3141 η

151 3165 421 3218 ﬁrmatur
445 3163 502 3217 in
523 3170 862 3218 sacramento
903 3161 1275 3231 baptismatis;
1327 3169 1515 3232 partus
1555 3160 1615 3215 ﬁt
1671 3176 1769 3231 per
1794 3119 1840 3179 α

150 3253 606 3324 praedicationem
652 3253 930 3320 veritatis;
962 3262 1382 3319 sacramentum,
1428 3253 1483 3308 in
1542 3252 1774 3323 spiritali

152 3347 361 3418 copula
405 3347 653 3401 unitatis.
687 3346 847 3402 Fides
868 3354 971 3412 est,
1002 3355 1063 3403 ut
1114 3346 1215 3402 soli
1266 3345 1484 3401 Christo
1530 3345 1768 3417 placeat;

156 3447 384 3511 partus,
415 3447 474 3493 ut
498 3439 549 3492 ei
572 3437 671 3493 soli
696 3438 906 3508 pariat;
959 3446 1377 3501 sacramentum,
1421 3445 1481 3493 ut
1525 3451 1634 3491 una
1679 3437 1773 3491 uni

157 3538 415 3587 maneat.
441 3530 525 3585 Ad
547 3530 707 3585 ﬁdem
733 3530 954 3600 respicit
972 3529 1102 3585 illud
1126 3518 1417 3600 Apostoli‘:
1449 3527 1646 3583 Mulier
1667 3544 1771 3584 non

152 3624 318 3678 habet
340 3630 653 3695 potestatem
676 3622 779 3689 sui,
808 3620 897 3676 sed
921 3620 1000 3676 vir
1022 3622 1135 3693 ejus
1172 3619 1225 3695 (Ι
1251 3619 1389 3687 Cor.
1421 3634 1518 3685 vu,
1567 3617 1646 3691 4).
1687 3618 1769 3675 Ad

154 3724 388 3786 partum
416 3730 431 3767 :
467 3711 598 3767 Volo
618 3712 862 3782 juniores
887 3712 1097 3778 nubere,
1123 3711 1262 3781 ﬁlios
1306 3714 1613 3783 procreare,
1654 3726 1768 3764 ma-

152 3816 267 3860 tres
291 3803 535 3875 familias
554 3820 664 3859 esse
688 3802 741 3877 (1
766 3803 901 3857 Tim.
930 3819 981 3868 v,
1009 3802 1120 3875 Η).
1152 3802 1235 3857 Ad
1261 3809 1663 3857 sacramentum
1705 3800 1770 3856 il-

151 3899 251 3955 lud
287 3917 303 3954 :
350 3898 615 3969 Principio
641 3907 815 3952 autem
844 3914 948 3952 non
978 3913 1089 3969 ego,
1116 3896 1206 3951 sed
1233 3895 1509 3962 Dominus,
1550 3911 1767 3950 uxorem

150 4011 186 4047 α
210 3994 335 4047 riro
362 4007 471 4045 non
490 3990 755 4045 discedere
778 4006 797 4045 :
823 3991 962 4062 quod
1005 3992 1051 4045 si
1099 3990 1408 4054 discesserit,
1439 3978 1654 4044 manere
1686 3989 1768 4044 in-

149 4096 417 4157 nuptam,
441 4093 532 4139 aut
560 4082 887 4138 reconciliari
912 4085 1022 4139 riro
1050 4082 1105 4157 (I
1127 4082 1251 4139 Cor.
1276 4099 1371 4145 νη,
1415 4081 1500 4148 10,
1553 4080 1663 4153 Η).
1706 4081 1766 4138 In

148 4193 309 4248 aqua
336 4176 507 4247 igitur
529 4176 905 4245 desponsatur,
934 4175 990 4229 in
1037 4176 1298 4246 sanguine
1338 4173 1679 4241 fecundatur,
1706 4175 1764 4229 in

147 4269 365 4340 spiritu
397 4267 704 4338 copulatur.
730 4267 1099 4338 Desponsatur
1116 4269 1458 4338 baptismatis
1478 4269 1759 4333 tinctione,

149 4360 497 4417 fecundatur
520 4359 906 4415 incarnationis
927 4361 1323 4430 praedicatione,
1372 4362 1657 4431 copulatur
1706 4361 1761 4416 in

149 4452 552 4524 splendoribus
575 4461 904 4517 sanctorum,
949 4459 1005 4507 et
1040 4453 1194 4508 beata
1240 4454 1612 4510 retributione.
1657 4452 1763 4511 Per
1785 4480 1842 4541 υ

152 4560 370 4616 aquam
390 4542 481 4597 hic
524 4543 803 4598 moraliter
840 4543 1047 4613 accipio
1091 4544 1344 4614 baptismi
1393 4544 1759 4615 plenissimam

149 4635 556 4701 sanctitatem;
583 4648 681 4705 per
736 4635 1070 4706 sanguinem,
1115 4635 1513 4705 praedicationis
1556 4637 1767 4692 novita-

151 4740 316 4794 tem;
347 4740 453 4798 per
474 4725 747 4796 spiritum,
784 4726 929 4781 illam
957 4726 1311 4798 spiritualem,
1336 4743 1442 4799 qua
1466 4729 1610 4785 Deus
1644 4745 1764 4784 om-

149 4821 253 4875 nia
285 4817 404 4873 erit
434 4817 489 4870 in
508 4816 775 4881 omnibus,
799 4815 1061 4871 unitatem
1090 4815 1144 4888 (1
1178 4816 1300 4871 Cor.
1331 4833 1420 4882 xv,
1451 4816 1563 4890 28).
1620 4817 1767 4873 Alio-

146 4912 253 4981 qui
280 4908 338 4964 si
362 4908 435 4963 de
462 4905 566 4962 ﬁde
605 4906 802 4977 agitur,
854 4921 953 4975 per
1009 4905 1113 4960 tria
1159 4914 1447 4977 generatur
1505 4906 1764 4973 Ecclesia,

145 5004 364 5073 simne
404 4999 465 5054 in
483 4997 805 5068 baptismate
830 5005 1048 5052 manent
1068 4996 1359 5061 individua,
1390 4997 1535 5066 quod
1561 4996 1767 5051 nullum

144 5109 365 5152 comm
387 5092 460 5147 ab
486 5092 709 5148 alterius
735 5091 1070 5148 connexione
1095 5088 1424 5162 seiungitur;
1452 5091 1567 5155 sed,
1594 5099 1654 5145 ut
1673 5106 1769 5147 no-

146 5187 244 5243 bis
266 5182 485 5240 asserit
506 5183 699 5239 beatus
720 5181 1058 5247 Ambrosius,
1091 5197 1258 5236 unum
1284 5191 1429 5247 sunt,
1460 5197 1568 5255 non
1613 5189 1770 5236 natu-

146 5298 215 5337 ra
242 5278 508 5349 eiusdem
535 5275 871 5340 substantiae,
898 5275 993 5330 sed
1016 5273 1254 5344 ejusdem
1295 5274 1539 5344 mysterii
1579 5288 1771 5342 opera-

144 5376 351 5435 tione.
379 5367 518 5423 Nam
543 5386 562 5419 ι
593 5367 846 5437 Spiritus,
870 5376 930 5422 ut
952 5366 1096 5421 idem
1119 5366 1204 5435 ait,
1231 5364 1368 5437 (Lib.
1395 5379 1459 5419 ιιι
1483 5364 1547 5419 de
1582 5363 1767 5435 Spirit.

142 5472 378 5527 sua”
408 5477 526 5530 cap.
562 5458 675 5532 10),
712 5466 949 5515 mentem
986 5464 1227 5523 revocat,
1281 5472 1420 5527 aqua
1460 5455 1672 5525 perﬁcit
1703 5455 1772 5511 ad

143 5560 481 5620 lavacrum,
504 5553 723 5625 sanguis
748 5557 956 5623 spectat
988 5549 1055 5605 ad
1103 5548 1358 5620 pretium.
1408 5548 1641 5619 Spiritus
1676 5550 1773 5620 per

231 5703 271 5735 ι
298 5687 440 5753 Alii,
463 5684 690 5752 redimit,
722 5683 819 5740 sed
848 5681 1166 5741 Ambrosius
1186 5679 1422 5753 redemit.

234 5763 273 5805 ι
304 5748 532 5817 Abhinc
562 5748 733 5827 usque
755 5755 825 5811 ad
846 5754 1061 5827 sanguis
1088 5753 1239 5808 deest
1265 5748 1653 5807 ili-Ambrosio.

1868 3076 2160 3125 et‘omnem
2196 3067 2731 3141 inobedieutiam.(ll
2756 3066 2879 3123 Cor.
2908 3084 2964 3134 x,
2991 3067 3067 3141 6).
3116 3069 3185 3124 Et
3223 3069 3328 3125 hoc
3389 3070 3440 3123 fa

1873 3161 1951 3216 cit
1974 3159 2211 3231 quinque
2232 3159 2409 3215 modis
2447 3177 2461 3214 :
2491 3159 2577 3214 vel
2613 3158 2821 3215 scilicet
2849 3174 2880 3213 a
2927 3160 3188 3230 supplicio
3233 3160 3457 3227 inimici,

1873 3252 1957 3307 vel
1984 3267 2017 3307 a
2048 3259 2361 3321 contemptu
2390 3252 2555 3317 servi,
2588 3250 2673 3305 vel
2697 3265 2729 3304 a
2759 3250 2986 3320 perﬁdia
3019 3250 3358 3316 mercenarii,
3374 3250 3457 3308 vel

1873 3342 1942 3397 ab
1975 3342 2338 3398 inobedieutia
2384 3340 2503 3408 ﬁlii,
2560 3340 2645 3396 vel
2696 3341 2765 3396 ab
2812 3341 3168 3397 irreverentia
3202 3341 3457 3414 coniugii.

1874 3432 2153 3504 Siquidem
2174 3441 2407 3503 quatuor
2446 3433 2622 3489 modis
2650 3432 2879 3488 Domino
2920 3433 3175 3496 servitur,
3207 3442 3266 3489 et
3309 3434 3441 3504 quin

1873 3542 1980 3599 que
2002 3527 2180 3582 modis
2222 3527 2271 3583 ei
2305 3525 2659 3595 delinquitur.
2684 3524 2794 3581 Aut
2815 3525 2961 3581 enim
2982 3510 3390 3596 obtemperatur
3408 3529 3457 3583 ei

1870 3627 2021 3676 motu
2061 3608 2311 3692 supplici,
2342 3626 2435 3674 aut
2464 3632 2558 3690 spe
2606 3617 2837 3689 praemii,
2860 3616 2947 3672 vel
2972 3631 3158 3673 amore
3198 3617 3316 3685 ﬁlii,
3374 3619 3457 3674 vel

1870 3710 2065 3766 affectu
2098 3709 2353 3781 coniugii.
2389 3709 2637 3779 Quinque
2660 3722 2794 3764 vero
2835 3707 3011 3763 modis
3031 3708 3080 3763 ei
3106 3708 3454 3779 delinquitur,

1869 3804 1954 3859 his
2004 3802 2211 3858 scilicet
2244 3816 2380 3873 quos
2441 3801 2782 3871 superposui.
2829 3797 2967 3867 Quia
3022 3814 3151 3871 ergo
3201 3784 3457 3856 Dominus

1867 3894 2150 3950 aemulatur
2171 3907 2422 3963 sponsam
2442 3899 2497 3947 et
2516 3892 2752 3948 vindicat
2766 3894 3453 3965 coniugiiirreverentiam:

1866 3985 2122 4042 Dominus
2162 3985 2440 4041 mutator
2460 3994 2556 4039 est.
2606 3984 2743 4052 Quia
2792 4001 2923 4042 vero
2975 3986 3296 4057 impunitam
3350 3986 3455 4042 sibi

1841 4094 1973 4135 ’non
2019 4078 2224 4135 deserit
2304 4078 2740 4143 inobedieutiam,
2774 4079 3012 4145 additur,
3064 4090 3113 4134 et
3149 4081 3453 4145 ulciscens;
3513 4096 3521 4105 '

1868 4181 1892 4211 ε
1920 4171 2171 4242 gratiam,
2215 4167 2462 4224 fraudem
2516 4170 2876 4236 mercenarii,
2927 4171 3296 4240 subsequitur,
3327 4168 3451 4224 ulci-

1864 4278 2012 4317 scens
2045 4260 2304 4315 Dominus
2340 4268 2387 4314 et
2436 4258 2630 4314 habens
2656 4260 2887 4331 furorem
2918 4278 2938 4327 ,°
2970 4261 3039 4316 ad
3090 4270 3454 4331 contemptum

1864 4366 1994 4407 vero
2034 4351 2197 4415 servi,
2258 4359 2457 4421 quarto
2510 4352 2819 4421 opponitur,
2873 4350 3128 4408 ulciscens
3198 4351 3456 4409 Dominus

1864 4443 1919 4498 in
1949 4445 2119 4499 hostes
2141 4460 2284 4499 suos.
2322 4442 2380 4498 Si
2411 4457 2541 4499 vero
2568 4441 2725 4514 iuxta
2753 4442 3096 4499 traditionem
3112 4443 3447 4500 scholastice

1866 4552 1985 4593 rum
2055 4536 2227 4592 hostis
2274 4542 2331 4589 et
2381 4534 2585 4590 inimici
2639 4533 2821 4591 facere
2853 4534 3082 4590 velimus
3121 4534 3454 4601 distantiam,

1864 4631 2037 4688 hostis
2058 4631 2126 4686 ad
2140 4638 2368 4699 tempus,
2386 4643 2600 4698 semper
2613 4643 2741 4683 vero
2765 4628 2817 4682 in
2829 4628 2955 4683 odio
2978 4637 3162 4682 manet
3175 4627 3426 4682 inimicus
3441 4647 3454 4696 ;

1865 4722 2037 4779 hostis
2060 4721 2482 4784 accidentaliter,
2522 4719 2774 4775 inimicus
2817 4717 3156 4774 naturaliter.
3194 4718 3271 4773 De
3303 4719 3456 4774 hoste

1865 4821 1987 4882 post
2028 4812 2309 4866 victoriam
2343 4817 2691 4881 exspectatur
2726 4809 2930 4879 gratia;
2976 4822 3043 4863 ex
3072 4807 3294 4864 inimico
3337 4810 3453 4879 qui-

1867 4905 1990 4961 dem
2031 4904 2233 4959 nullius
2265 4903 2488 4959 ftederis
2531 4900 2817 4972 sperantur
2877 4900 3125 4972 vestigia.
3178 4900 3316 4956 llinc
3360 4916 3455 4972 per

1867 4997 2155 5067 quemdam
2189 4995 2489 5066 sapientem
2528 4992 2729 5048 dicitur
2756 5010 2769 5047 :

2023 5092 2255 5142 Hostibus
2279 5092 2454 5142 evictis
2475 5091 2629 5141 hostia
2653 5098 2830 5141 nomen
2854 5090 3024 5143 habet.

1870 5175 1977 5231 Sed
2009 5191 2110 5245 pro
2158 5176 2377 5231 inimico
2426 5174 2569 5229 nulla
2609 5174 2752 5244 apud
2804 5175 3056 5246 antiquos
3088 5174 3209 5247 lege
3255 5173 3453 5245 suppli-

1869 5278 2044 5325 catur.
2072 5269 2226 5327 Unde
2265 5270 2355 5325 hic
2385 5282 2601 5339 qumque
2649 5266 2805 5325 furor
2850 5270 2920 5325 ad
2965 5270 3150 5327 hostes
3204 5270 3450 5335 additur;

1872 5360 1952 5416 ira
1983 5376 2113 5416 vero
2138 5361 2372 5418 inimicis
2416 5362 2785 5432 anteponitur.
2827 5361 3004 5419 Furor
3039 5372 3218 5420 autem
3272 5362 3454 5418 brevis

1871 5464 1956 5511 est
1989 5455 2153 5510 animi
2185 5454 2504 5524 commotio;
2535 5456 2637 5523 ira,
2686 5458 2866 5528 gravis
2889 5466 2945 5512 et
2989 5457 3242 5513 diuturna
3281 5455 3452 5525 ipsius

1873 5547 2194 5620 indignatio.
2238 5544 2342 5602 Per
2390 5545 2629 5604 furorem
2675 5562 2806 5622 ergo
2862 5548 3103 5606 hostium
3166 5545 3453 5604 intimatur

1944 5694 1970 5721 ι
1999 5683 2177 5741 Locus
2200 5689 2509 5756 corruptus.
