  <div class='ocr_page' id='page_1' title='image "/cluster/home/n/w/nwhite01/storage/ocr_20150623/96/hvd.32044015471204/373.png"; bbox 0 0 3974 6306; ppageno 0'>
   <div class='ocr_carea' id='block_1_1' title="bbox 442 263 577 324">
    <p class='ocr_par' dir='ltr' id='par_1_1' title="bbox 442 263 577 324">
     <span class='ocr_line' id='line_1_1' title="bbox 442 263 577 324; baseline 0.015 -2"><span class='ocrx_word' id='word_1_1' title='bbox 442 263 577 324; x_wconf 73' lang='grc'><strong>-755</strong></span> 
     </span>
    </p>
   </div>
   <div class='ocr_carea' id='block_1_2' title="bbox 1575 263 2668 324">
    <p class='ocr_par' dir='ltr' id='par_1_2' title="bbox 1575 263 2668 324">
     <span class='ocr_line' id='line_1_2' title="bbox 1575 263 2668 324; baseline -0.005 -1"><span class='ocrx_word' id='word_1_2' title='bbox 1575 266 1632 323; x_wconf 87' lang='lat' dir='ltr'><strong>S.</strong></span> <span class='ocrx_word' id='word_1_3' title='bbox 1672 265 1937 324; x_wconf 82' lang='lat' dir='ltr'><strong>JULIANI</strong></span> <span class='ocrx_word' id='word_1_4' title='bbox 1975 263 2281 322; x_wconf 84' lang='lat' dir='ltr'><strong>EPlSCOPl</strong></span> <span class='ocrx_word' id='word_1_5' title='bbox 2322 263 2668 321; x_wconf 82' lang='lat' dir='ltr'><strong>TOLETANI</strong></span> 
     </span>
    </p>
   </div>
   <div class='ocr_carea' id='block_1_3' title="bbox 3643 267 3734 325">
    <p class='ocr_par' dir='ltr' id='par_1_3' title="bbox 3643 267 3734 325">
     <span class='ocr_line' id='line_1_3' title="bbox 3643 267 3734 325; baseline 0 -9"><span class='ocrx_word' id='word_1_6' title='bbox 3643 267 3734 325; x_wconf 65' lang='grc' dir='ltr'><strong>τδιῖ</strong></span> 
     </span>
    </p>
   </div>
   <div class='ocr_carea' id='block_1_4' title="bbox 466 362 3738 460">
    <p class='ocr_par' dir='ltr' id='par_1_4' title="bbox 466 362 3738 460">
     <span class='ocr_line' id='line_1_4' title="bbox 466 362 3738 460; baseline -0.001 -19"><span class='ocrx_word' id='word_1_7' title='bbox 466 387 651 460; x_wconf 92' lang='lat' dir='ltr'><strong>quitur</strong></span> <span class='ocrx_word' id='word_1_8' title='bbox 675 384 819 440; x_wconf 92' lang='lat' dir='ltr'><strong>enim</strong></span> <span class='ocrx_word' id='word_1_9' title='bbox 849 397 864 438; x_wconf 88' lang='lat'><strong>:</strong></span> <span class='ocrx_word' id='word_1_10' title='bbox 891 383 960 437; x_wconf 87' lang='lat' dir='ltr'><strong>Et</strong></span> <span class='ocrx_word' id='word_1_11' title='bbox 988 383 1107 448; x_wconf 84' lang='lat' dir='ltr'><strong>erit,</strong></span> <span class='ocrx_word' id='word_1_12' title='bbox 1134 381 1307 453; x_wconf 90' lang='lat' dir='ltr'><strong>inquit</strong></span> <span class='ocrx_word' id='word_1_13' title='bbox 1329 423 1344 446; x_wconf 91' lang='lat'><strong>,</strong></span> <span class='ocrx_word' id='word_1_14' title='bbox 1383 382 1474 454; x_wconf 97' lang='lat' dir='ltr'><strong>qui</strong></span> <span class='ocrx_word' id='word_1_15' title='bbox 1503 382 1696 452; x_wconf 82' lang='lat' dir='ltr'><strong>fugerit</strong></span> <span class='ocrx_word' id='word_1_16' title='bbox 1727 400 1760 435; x_wconf 90' lang='lat' dir='ltr'><strong>a</strong></span> <span class='ocrx_word' id='word_1_17' title='bbox 1795 398 1916 438; x_wconf 88' lang='lat' dir='ltr'><strong>voce</strong></span> <span class='ocrx_word' id='word_1_18' title='bbox 1955 377 2066 451; x_wconf 76' lang='lat' dir='ltr'><strong>for-</strong></span> <span class='ocrx_word' id='word_1_19' title='bbox 2091 387 2142 444; x_wconf 75' lang='grc' dir='ltr'><strong>Α</strong></span> <span class='ocrx_word' id='word_1_20' title='bbox 2240 375 2328 432; x_wconf 76' lang='grc'><strong>64.</strong></span> <span class='ocrx_word' id='word_1_21' title='bbox 2355 362 2445 434; x_wconf 87' lang='lat' dir='ltr'><strong>Sic</strong></span> <span class='ocrx_word' id='word_1_22' title='bbox 2469 378 2655 450; x_wconf 83' lang='lat' dir='ltr'><strong>fugere</strong></span> <span class='ocrx_word' id='word_1_23' title='bbox 2669 384 3019 448; x_wconf 82' lang='lat' dir='ltr'><strong>tempestates</strong></span> <span class='ocrx_word' id='word_1_24' title='bbox 3031 385 3088 434; x_wconf 86' lang='lat' dir='ltr'><strong>et</strong></span> <span class='ocrx_word' id='word_1_25' title='bbox 3105 378 3346 436; x_wconf 73' lang='lat' dir='ltr'><strong>turbines</strong></span> <span class='ocrx_word' id='word_1_26' title='bbox 3370 375 3523 446; x_wconf 64' lang='lat' dir='ltr'><strong>huius</strong></span> <span class='ocrx_word' id='word_1_27' title='bbox 3542 381 3738 449; x_wconf 84' lang='lat' dir='ltr'><strong>mundi,</strong></span> 
     </span>
    </p>
   </div>
   <div class='ocr_carea' id='block_1_5' title="bbox 465 472 2064 545">
    <p class='ocr_par' dir='ltr' id='par_1_5' title="bbox 465 472 2064 545">
     <span class='ocr_line' id='line_1_5' title="bbox 465 472 2064 545; baseline -0.003 -12"><span class='ocrx_word' id='word_1_28' title='bbox 465 477 702 542; x_wconf 79' lang='lat' dir='ltr'><strong>midinis,</strong></span> <span class='ocrx_word' id='word_1_29' title='bbox 735 475 883 530; x_wconf 88' lang='lat' dir='ltr'><strong>cadet</strong></span> <span class='ocrx_word' id='word_1_30' title='bbox 906 475 962 529; x_wconf 89' lang='lat' dir='ltr'><strong>in</strong></span> <span class='ocrx_word' id='word_1_31' title='bbox 989 473 1208 544; x_wconf 79' lang='lat' dir='ltr'><strong>foveam,</strong></span> <span class='ocrx_word' id='word_1_32' title='bbox 1253 483 1300 528; x_wconf 92' lang='lat' dir='ltr'><strong>et</strong></span> <span class='ocrx_word' id='word_1_33' title='bbox 1344 474 1434 545; x_wconf 90' lang='lat' dir='ltr'><strong>qui</strong></span> <span class='ocrx_word' id='word_1_34' title='bbox 1477 472 1782 545; x_wconf 75' lang='lat' dir='ltr'><strong>explicuerit</strong></span> <span class='ocrx_word' id='word_1_35' title='bbox 1810 491 1865 528; x_wconf 90' lang='lat' dir='ltr'><strong>se</strong></span> <span class='ocrx_word' id='word_1_36' title='bbox 1889 474 1954 528; x_wconf 86' lang='lat' dir='ltr'><strong>de</strong></span> <span class='ocrx_word' id='word_1_37' title='bbox 1982 474 2064 545; x_wconf 81' lang='lat' dir='ltr'><strong>fo-</strong></span> 
     </span>
    </p>
   </div>
   <div class='ocr_carea' id='block_1_6' title="bbox 467 565 2063 638">
    <p class='ocr_par' dir='ltr' id='par_1_6' title="bbox 467 565 2063 638">
     <span class='ocr_line' id='line_1_6' title="bbox 467 565 2063 638; baseline -0.001 -14"><span class='ocrx_word' id='word_1_38' title='bbox 467 586 578 634; x_wconf 88' lang='lat' dir='ltr'><strong>vea,</strong></span> <span class='ocrx_word' id='word_1_39' title='bbox 604 569 859 623; x_wconf 89' lang='lat' dir='ltr'><strong>tenebitur</strong></span> <span class='ocrx_word' id='word_1_40' title='bbox 879 567 1065 636; x_wconf 88' lang='lat' dir='ltr'><strong>laqueo</strong></span> <span class='ocrx_word' id='word_1_41' title='bbox 1089 565 1243 637; x_wconf 89' lang='lat' dir='ltr'><strong>(Isai.</strong></span> <span class='ocrx_word' id='word_1_42' title='bbox 1270 583 1418 632; x_wconf 74' lang='lat' dir='ltr'><strong>ulv,</strong></span> <span class='ocrx_word' id='word_1_43' title='bbox 1463 567 1575 637; x_wconf 84' lang='grc'><strong>18).</strong></span> <span class='ocrx_word' id='word_1_44' title='bbox 1625 566 1776 622; x_wconf 86' lang='lat' dir='ltr'><strong>Multi</strong></span> <span class='ocrx_word' id='word_1_45' title='bbox 1828 585 2063 638; x_wconf 83' lang='lat' dir='ltr'><strong>namque</strong></span> 
     </span>
    </p>
   </div>
   <div class='ocr_carea' id='block_1_7' title="bbox 465 657 2066 728">
    <p class='ocr_par' dir='ltr' id='par_1_7' title="bbox 465 657 2066 728">
     <span class='ocr_line' id='line_1_7' title="bbox 465 657 2066 728; baseline 0.002 -16"><span class='ocrx_word' id='word_1_46' title='bbox 465 661 656 713; x_wconf 84' lang='lat' dir='ltr'><strong>sordes</strong></span> <span class='ocrx_word' id='word_1_47' title='bbox 684 664 1006 728; x_wconf 82' lang='lat' dir='ltr'><strong>spreverunt</strong></span> <span class='ocrx_word' id='word_1_48' title='bbox 1034 657 1372 722; x_wconf 68' lang='lat' dir='ltr'><strong>idololatriaz,</strong></span> <span class='ocrx_word' id='word_1_49' title='bbox 1403 659 1495 727; x_wconf 89' lang='lat' dir='ltr'><strong>qui</strong></span> <span class='ocrx_word' id='word_1_50' title='bbox 1523 660 1860 728; x_wconf 85' lang='lat' dir='ltr'><strong>tempestatis</strong></span> <span class='ocrx_word' id='word_1_51' title='bbox 1893 660 2066 716; x_wconf 75' lang='lat' dir='ltr'><strong>haere-</strong></span> 
     </span>
    </p>
   </div>
   <div class='ocr_carea' id='block_1_8' title="bbox 467 747 2064 821">
    <p class='ocr_par' dir='ltr' id='par_1_8' title="bbox 467 747 2064 821">
     <span class='ocr_line' id='line_1_8' title="bbox 467 747 2064 821; baseline 0.003 -16"><span class='ocrx_word' id='word_1_52' title='bbox 467 751 590 806; x_wconf 82' lang='lat' dir='ltr'><strong>ticae</strong></span> <span class='ocrx_word' id='word_1_53' title='bbox 619 750 763 820; x_wconf 86' lang='lat' dir='ltr'><strong>passi</strong></span> <span class='ocrx_word' id='word_1_54' title='bbox 789 757 914 804; x_wconf 90' lang='lat' dir='ltr'><strong>sunt</strong></span> <span class='ocrx_word' id='word_1_55' title='bbox 953 747 1314 820; x_wconf 79' lang='lat' dir='ltr'><strong>naufragium.</strong></span> <span class='ocrx_word' id='word_1_56' title='bbox 1349 751 1495 805; x_wconf 85' lang='lat' dir='ltr'><strong>Istud</strong></span> <span class='ocrx_word' id='word_1_57' title='bbox 1527 767 1742 821; x_wconf 88' lang='lat' dir='ltr'><strong>quoque</strong></span> <span class='ocrx_word' id='word_1_58' title='bbox 1772 760 2064 808; x_wconf 87' lang='lat' dir='ltr'><strong>evaserunt</strong></span> 
     </span>
    </p>
   </div>
   <div class='ocr_carea' id='block_1_9' title="bbox 465 843 2060 914">
    <p class='ocr_par' dir='ltr' id='par_1_9' title="bbox 465 843 2060 914">
     <span class='ocr_line' id='line_1_9' title="bbox 465 843 2060 914; baseline 0.002 -17"><span class='ocrx_word' id='word_1_59' title='bbox 465 843 716 914; x_wconf 84' lang='lat' dir='ltr'><strong>plurimi,</strong></span> <span class='ocrx_word' id='word_1_60' title='bbox 766 860 901 914; x_wconf 87' lang='lat' dir='ltr'><strong>quos</strong></span> <span class='ocrx_word' id='word_1_61' title='bbox 954 844 1407 913; x_wconf 72' lang='lat' dir='ltr'><strong>concupiscentia:</strong></span> <span class='ocrx_word' id='word_1_62' title='bbox 1455 845 1734 900; x_wconf 80' lang='lat' dir='ltr'><strong>absorbuit</strong></span> <span class='ocrx_word' id='word_1_63' title='bbox 1779 845 2060 900; x_wconf 81' lang='lat' dir='ltr'><strong>diluvium.</strong></span> 
     </span>
    </p>
   </div>
   <div class='ocr_carea' id='block_1_10' title="bbox 472 935 2066 1004">
    <p class='ocr_par' dir='ltr' id='par_1_10' title="bbox 472 935 2066 1004">
     <span class='ocr_line' id='line_1_10' title="bbox 472 935 2066 1004; baseline 0.001 -14"><span class='ocrx_word' id='word_1_64' title='bbox 472 938 684 991; x_wconf 80' lang='lat' dir='ltr'><strong>Primus</strong></span> <span class='ocrx_word' id='word_1_65' title='bbox 711 945 890 992; x_wconf 86' lang='lat' dir='ltr'><strong>autem</strong></span> <span class='ocrx_word' id='word_1_66' title='bbox 921 937 1077 992; x_wconf 88' lang='lat' dir='ltr'><strong>turbo</strong></span> <span class='ocrx_word' id='word_1_67' title='bbox 1109 935 1210 990; x_wconf 94' lang='lat' dir='ltr'><strong>fuit</strong></span> <span class='ocrx_word' id='word_1_68' title='bbox 1235 952 1416 990; x_wconf 90' lang='lat' dir='ltr'><strong>coram</strong></span> <span class='ocrx_word' id='word_1_69' title='bbox 1445 935 1644 1004; x_wconf 90' lang='lat' dir='ltr'><strong>judicis</strong></span> <span class='ocrx_word' id='word_1_70' title='bbox 1666 936 1834 1002; x_wconf 91' lang='lat' dir='ltr'><strong>vultu,</strong></span> <span class='ocrx_word' id='word_1_71' title='bbox 1873 953 2066 993; x_wconf 87' lang='lat' dir='ltr'><strong>secun-</strong></span> 
     </span>
    </p>
   </div>
   <div class='ocr_carea' id='block_1_11' title="bbox 467 1029 2064 1099">
    <p class='ocr_par' dir='ltr' id='par_1_11' title="bbox 467 1029 2064 1099">
     <span class='ocr_line' id='line_1_11' title="bbox 467 1029 2064 1099; baseline 0.001 -16"><span class='ocrx_word' id='word_1_72' title='bbox 467 1030 569 1084; x_wconf 86' lang='lat' dir='ltr'><strong>dus</strong></span> <span class='ocrx_word' id='word_1_73' title='bbox 595 1030 649 1084; x_wconf 90' lang='lat' dir='ltr'><strong>in</strong></span> <span class='ocrx_word' id='word_1_74' title='bbox 671 1029 923 1086; x_wconf 87' lang='lat' dir='ltr'><strong>conﬂictu</strong></span> <span class='ocrx_word' id='word_1_75' title='bbox 947 1029 1282 1094; x_wconf 88' lang='lat' dir='ltr'><strong>certaminis,</strong></span> <span class='ocrx_word' id='word_1_76' title='bbox 1314 1030 1508 1084; x_wconf 90' lang='lat' dir='ltr'><strong>tertius</strong></span> <span class='ocrx_word' id='word_1_77' title='bbox 1530 1029 1584 1083; x_wconf 91' lang='lat' dir='ltr'><strong>in</strong></span> <span class='ocrx_word' id='word_1_78' title='bbox 1607 1029 1810 1099; x_wconf 90' lang='lat' dir='ltr'><strong>impetu</strong></span> <span class='ocrx_word' id='word_1_79' title='bbox 1833 1030 2064 1086; x_wconf 71' lang='lat' dir='ltr'><strong>sordida:</strong></span> 
     </span>
    </p>
   </div>
   <div class='ocr_carea' id='block_1_12' title="bbox 445 1121 2066 1203">
    <p class='ocr_par' dir='ltr' id='par_1_12' title="bbox 445 1121 2066 1203">
     <span class='ocr_line' id='line_1_12' title="bbox 445 1121 2066 1203; baseline -0.001 -26"><span class='ocrx_word' id='word_1_80' title='bbox 445 1121 754 1190; x_wconf 78' lang='lat' dir='ltr'><strong>cupidinis.</strong></span> <span class='ocrx_word' id='word_1_81' title='bbox 788 1121 1018 1185; x_wconf 89' lang='lat' dir='ltr'><strong>Primus,</strong></span> <span class='ocrx_word' id='word_1_82' title='bbox 1043 1121 1170 1175; x_wconf 91' lang='lat' dir='ltr'><strong>dum</strong></span> <span class='ocrx_word' id='word_1_83' title='bbox 1205 1137 1234 1175; x_wconf 92' lang='lat' dir='ltr'><strong>a</strong></span> <span class='ocrx_word' id='word_1_84' title='bbox 1256 1121 1438 1190; x_wconf 90' lang='lat' dir='ltr'><strong>judice</strong></span> <span class='ocrx_word' id='word_1_85' title='bbox 1459 1122 1757 1202; x_wconf 77' lang='lat' dir='ltr'><strong>catholicus</strong></span> <span class='ocrx_word' id='word_1_86' title='bbox 1782 1123 2066 1203; x_wconf 85' lang='lat' dir='ltr'><strong>damnare-</strong></span> 
     </span>
    </p>
   </div>
   <div class='ocr_carea' id='block_1_13' title="bbox 470 1215 2064 1280">
    <p class='ocr_par' dir='ltr' id='par_1_13' title="bbox 470 1215 2064 1280">
     <span class='ocr_line' id='line_1_13' title="bbox 470 1215 2064 1280; baseline 0.003 -13"><span class='ocrx_word' id='word_1_87' title='bbox 470 1221 559 1267; x_wconf 88' lang='lat' dir='ltr'><strong>tur</strong></span> <span class='ocrx_word' id='word_1_88' title='bbox 587 1232 601 1280; x_wconf 93' lang='lat'><strong>;</strong></span> <span class='ocrx_word' id='word_1_89' title='bbox 641 1215 928 1279; x_wconf 89' lang='lat' dir='ltr'><strong>secundus,</strong></span> <span class='ocrx_word' id='word_1_90' title='bbox 957 1215 1083 1269; x_wconf 90' lang='lat' dir='ltr'><strong>dum</strong></span> <span class='ocrx_word' id='word_1_91' title='bbox 1115 1215 1182 1269; x_wconf 92' lang='lat' dir='ltr'><strong>ab</strong></span> <span class='ocrx_word' id='word_1_92' title='bbox 1207 1216 1478 1271; x_wconf 68' lang='lat' dir='ltr'><strong>haereticis</strong></span> <span class='ocrx_word' id='word_1_93' title='bbox 1500 1215 1637 1272; x_wconf 79' lang='lat' dir='ltr'><strong>falso</strong></span> <span class='ocrx_word' id='word_1_94' title='bbox 1663 1226 1850 1272; x_wconf 87' lang='lat' dir='ltr'><strong>contra</strong></span> <span class='ocrx_word' id='word_1_95' title='bbox 1876 1217 2064 1272; x_wconf 88' lang='lat' dir='ltr'><strong>catho-</strong></span> 
     </span>
    </p>
   </div>
   <div class='ocr_carea' id='block_1_14' title="bbox 471 1305 2132 1378">
    <p class='ocr_par' dir='ltr' id='par_1_14' title="bbox 471 1305 2132 1378">
     <span class='ocr_line' id='line_1_14' title="bbox 471 1305 2132 1378; baseline 0.002 -20"><span class='ocrx_word' id='word_1_96' title='bbox 471 1305 605 1360; x_wconf 91' lang='lat' dir='ltr'><strong>licos</strong></span> <span class='ocrx_word' id='word_1_97' title='bbox 634 1307 1049 1374; x_wconf 88' lang='lat' dir='ltr'><strong>acclamaretur;</strong></span> <span class='ocrx_word' id='word_1_98' title='bbox 1083 1309 1293 1372; x_wconf 90' lang='lat' dir='ltr'><strong>tertius,</strong></span> <span class='ocrx_word' id='word_1_99' title='bbox 1319 1309 1444 1363; x_wconf 90' lang='lat' dir='ltr'><strong>dum</strong></span> <span class='ocrx_word' id='word_1_100' title='bbox 1467 1323 1498 1362; x_wconf 90' lang='lat' dir='ltr'><strong>a</strong></span> <span class='ocrx_word' id='word_1_101' title='bbox 1525 1308 1729 1364; x_wconf 85' lang='lat' dir='ltr'><strong>sanctis</strong></span> <span class='ocrx_word' id='word_1_102' title='bbox 1749 1317 1804 1373; x_wconf 84' lang='lat' dir='ltr'><strong>et</strong></span> <span class='ocrx_word' id='word_1_103' title='bbox 1826 1307 2066 1378; x_wconf 67' lang='lat' dir='ltr'><strong>praelatis</strong></span> <span class='ocrx_word' id='word_1_104' title='bbox 2129 1360 2132 1362; x_wconf 93' lang='lat'><em>_</em></span> 
     </span>
    </p>
   </div>
   <div class='ocr_carea' id='block_1_15' title="bbox 470 1397 2067 1472">
    <p class='ocr_par' dir='ltr' id='par_1_15' title="bbox 470 1397 2067 1472">
     <span class='ocr_line' id='line_1_15' title="bbox 470 1397 2067 1472; baseline 0.003 -22"><span class='ocrx_word' id='word_1_105' title='bbox 470 1397 565 1451; x_wconf 86' lang='lat' dir='ltr'><strong>tibi</strong></span> <span class='ocrx_word' id='word_1_106' title='bbox 597 1397 743 1470; x_wconf 86' lang='lat' dir='ltr'><strong>[Leg.</strong></span> <span class='ocrx_word' id='word_1_107' title='bbox 775 1398 919 1472; x_wconf 90' lang='lat' dir='ltr'><strong>sibi],</strong></span> <span class='ocrx_word' id='word_1_108' title='bbox 955 1408 1010 1454; x_wconf 92' lang='lat' dir='ltr'><strong>et</strong></span> <span class='ocrx_word' id='word_1_109' title='bbox 1035 1400 1184 1455; x_wconf 89' lang='lat' dir='ltr'><strong>carni</strong></span> <span class='ocrx_word' id='word_1_110' title='bbox 1221 1400 1436 1454; x_wconf 87' lang='lat' dir='ltr'><strong>licentia</strong></span> <span class='ocrx_word' id='word_1_111' title='bbox 1461 1401 1889 1470; x_wconf 89' lang='lat' dir='ltr'><strong>obtemperandi,</strong></span> <span class='ocrx_word' id='word_1_112' title='bbox 1924 1401 1978 1456; x_wconf 91' lang='lat' dir='ltr'><strong>vi</strong></span> <span class='ocrx_word' id='word_1_113' title='bbox 2011 1408 2067 1457; x_wconf 88' lang='lat' dir='ltr'><strong>et</strong></span> 
     </span>
    </p>
   </div>
   <div class='ocr_carea' id='block_1_16' title="bbox 474 1491 1868 1565">
    <p class='ocr_par' dir='ltr' id='par_1_16' title="bbox 474 1491 1868 1565">
     <span class='ocr_line' id='line_1_16' title="bbox 474 1491 1868 1565; baseline 0.004 -21"><span class='ocrx_word' id='word_1_114' title='bbox 474 1491 725 1546; x_wconf 77' lang='lat' dir='ltr'><strong>violentia</strong></span> <span class='ocrx_word' id='word_1_115' title='bbox 755 1508 782 1546; x_wconf 89' lang='lat' dir='ltr'><strong>a</strong></span> <span class='ocrx_word' id='word_1_116' title='bbox 813 1493 1122 1549; x_wconf 85' lang='lat' dir='ltr'><strong>carnalibus</strong></span> <span class='ocrx_word' id='word_1_117' title='bbox 1147 1503 1203 1548; x_wconf 88' lang='lat' dir='ltr'><strong>et</strong></span> <span class='ocrx_word' id='word_1_118' title='bbox 1228 1494 1459 1549; x_wconf 90' lang='lat' dir='ltr'><strong>subditis</strong></span> <span class='ocrx_word' id='word_1_119' title='bbox 1493 1504 1868 1565; x_wconf 81' lang='lat' dir='ltr'><strong>extorquetur.</strong></span> 
     </span>
    </p>
   </div>
   <div class='ocr_carea' id='block_1_17' title="bbox 440 1585 2068 1660">
    <p class='ocr_par' dir='ltr' id='par_1_17' title="bbox 440 1585 2068 1660">
     <span class='ocr_line' id='line_1_17' title="bbox 440 1585 2068 1660; baseline 0.005 -21"><span class='ocrx_word' id='word_1_120' title='bbox 440 1655 445 1660; x_wconf 89' lang='lat'><strong><em>_</em></strong></span> <span class='ocrx_word' id='word_1_121' title='bbox 542 1585 629 1640; x_wconf 80' lang='grc'><strong>65.</strong></span> <span class='ocrx_word' id='word_1_122' title='bbox 667 1587 742 1641; x_wconf 91' lang='lat' dir='ltr'><strong>De</strong></span> <span class='ocrx_word' id='word_1_123' title='bbox 771 1587 856 1642; x_wconf 89' lang='lat' dir='ltr'><strong>bis</strong></span> <span class='ocrx_word' id='word_1_124' title='bbox 901 1589 1208 1644; x_wconf 88' lang='lat' dir='ltr'><strong>turbinibus</strong></span> <span class='ocrx_word' id='word_1_125' title='bbox 1248 1604 1345 1659; x_wconf 88' lang='lat' dir='ltr'><strong>per</strong></span> <span class='ocrx_word' id='word_1_126' title='bbox 1395 1590 1588 1644; x_wconf 90' lang='lat' dir='ltr'><strong>Isaiam</strong></span> <span class='ocrx_word' id='word_1_127' title='bbox 1634 1591 1870 1648; x_wconf 89' lang='lat' dir='ltr'><strong>dicitur:</strong></span> <span class='ocrx_word' id='word_1_128' title='bbox 1915 1591 2068 1648; x_wconf 80' lang='lat' dir='ltr'><strong>Sicut</strong></span> 
     </span>
    </p>
   </div>
   <div class='ocr_carea' id='block_1_18' title="bbox 466 1675 2066 1747">
    <p class='ocr_par' dir='ltr' id='par_1_18' title="bbox 466 1675 2066 1747">
     <span class='ocr_line' id='line_1_18' title="bbox 466 1675 2066 1747; baseline 0.005 -20"><span class='ocrx_word' id='word_1_129' title='bbox 466 1675 700 1730; x_wconf 79' lang='lat' dir='ltr'><strong>turbines</strong></span> <span class='ocrx_word' id='word_1_130' title='bbox 718 1676 783 1730; x_wconf 89' lang='lat' dir='ltr'><strong>ab</strong></span> <span class='ocrx_word' id='word_1_131' title='bbox 809 1677 989 1746; x_wconf 81' lang='lat' dir='ltr'><strong>Africo</strong></span> <span class='ocrx_word' id='word_1_132' title='bbox 1017 1679 1248 1744; x_wconf 88' lang='lat' dir='ltr'><strong>veniunt,</strong></span> <span class='ocrx_word' id='word_1_133' title='bbox 1273 1679 1336 1733; x_wconf 87' lang='lat' dir='ltr'><strong>de</strong></span> <span class='ocrx_word' id='word_1_134' title='bbox 1365 1679 1566 1736; x_wconf 84' lang='lat' dir='ltr'><strong>deserto</strong></span> <span class='ocrx_word' id='word_1_135' title='bbox 1609 1682 1772 1747; x_wconf 81' lang='lat' dir='ltr'><strong>venit,</strong></span> <span class='ocrx_word' id='word_1_136' title='bbox 1816 1681 1880 1737; x_wconf 86' lang='lat' dir='ltr'><strong>de</strong></span> <span class='ocrx_word' id='word_1_137' title='bbox 1924 1692 2066 1736; x_wconf 86' lang='lat' dir='ltr'><strong>terra</strong></span> 
     </span>
    </p>
   </div>
   <div class='ocr_carea' id='block_1_19' title="bbox 2164 468 3740 542">
    <p class='ocr_par' dir='ltr' id='par_1_19' title="bbox 2164 468 3740 542">
     <span class='ocr_line' id='line_1_19' title="bbox 2164 468 3740 542; baseline 0.003 -17"><span class='ocrx_word' id='word_1_138' title='bbox 2164 485 2263 540; x_wconf 88' lang='lat' dir='ltr'><strong>per</strong></span> <span class='ocrx_word' id='word_1_139' title='bbox 2286 470 2386 526; x_wconf 89' lang='lat' dir='ltr'><strong>has</strong></span> <span class='ocrx_word' id='word_1_140' title='bbox 2405 471 2522 527; x_wconf 86' lang='lat' dir='ltr'><strong>vias</strong></span> <span class='ocrx_word' id='word_1_141' title='bbox 2551 473 2620 526; x_wconf 88' lang='lat' dir='ltr'><strong>ad</strong></span> <span class='ocrx_word' id='word_1_142' title='bbox 2645 471 2878 542; x_wconf 87' lang='lat' dir='ltr'><strong>patriam</strong></span> <span class='ocrx_word' id='word_1_143' title='bbox 2913 472 3130 542; x_wconf 76' lang='lat' dir='ltr'><strong>regredi</strong></span> <span class='ocrx_word' id='word_1_144' title='bbox 3157 486 3292 527; x_wconf 87' lang='lat' dir='ltr'><strong>voce</strong></span> <span class='ocrx_word' id='word_1_145' title='bbox 3316 468 3536 527; x_wconf 85' lang='lat' dir='ltr'><strong>Joannis</strong></span> <span class='ocrx_word' id='word_1_146' title='bbox 3569 473 3740 529; x_wconf 80' lang='lat' dir='ltr'><strong>admo-</strong></span> 
     </span>
    </p>
   </div>
   <div class='ocr_carea' id='block_1_20' title="bbox 2165 561 3741 634">
    <p class='ocr_par' dir='ltr' id='par_1_20' title="bbox 2165 561 3741 634">
     <span class='ocr_line' id='line_1_20' title="bbox 2165 561 3741 634; baseline 0.003 -17"><span class='ocrx_word' id='word_1_147' title='bbox 2165 577 2360 620; x_wconf 89' lang='lat' dir='ltr'><strong>nemur</strong></span> <span class='ocrx_word' id='word_1_148' title='bbox 2395 563 2644 633; x_wconf 88' lang='lat' dir='ltr'><strong>apostoli.</strong></span> <span class='ocrx_word' id='word_1_149' title='bbox 2681 562 2742 619; x_wconf 90' lang='lat' dir='ltr'><strong>Si</strong></span> <span class='ocrx_word' id='word_1_150' title='bbox 2764 562 2901 634; x_wconf 85' lang='lat' dir='ltr'><strong>quis,</strong></span> <span class='ocrx_word' id='word_1_151' title='bbox 2933 561 3128 632; x_wconf 88' lang='lat' dir='ltr'><strong>inquit,</strong></span> <span class='ocrx_word' id='word_1_152' title='bbox 3151 562 3324 633; x_wconf 81' lang='lat' dir='ltr'><strong>diligit</strong></span> <span class='ocrx_word' id='word_1_153' title='bbox 3351 563 3623 630; x_wconf 82' lang='lat' dir='ltr'><strong>mundum,</strong></span> <span class='ocrx_word' id='word_1_154' title='bbox 3650 583 3741 622; x_wconf 82' lang='lat' dir='ltr'><strong>non</strong></span> 
     </span>
    </p>
   </div>
   <div class='ocr_carea' id='block_1_21' title="bbox 2164 656 3743 728">
    <p class='ocr_par' dir='ltr' id='par_1_21' title="bbox 2164 656 3743 728">
     <span class='ocr_line' id='line_1_21' title="bbox 2164 656 3743 728; baseline 0.003 -18"><span class='ocrx_word' id='word_1_155' title='bbox 2164 665 2240 710; x_wconf 87' lang='lat' dir='ltr'><strong>est</strong></span> <span class='ocrx_word' id='word_1_156' title='bbox 2263 656 2495 712; x_wconf 83' lang='lat' dir='ltr'><strong>charitas</strong></span> <span class='ocrx_word' id='word_1_157' title='bbox 2524 657 2705 712; x_wconf 89' lang='lat' dir='ltr'><strong>Patris</strong></span> <span class='ocrx_word' id='word_1_158' title='bbox 2728 657 2784 711; x_wconf 87' lang='lat' dir='ltr'><strong>in</strong></span> <span class='ocrx_word' id='word_1_159' title='bbox 2815 673 2876 712; x_wconf 89' lang='lat' dir='ltr'><strong>eo</strong></span> <span class='ocrx_word' id='word_1_160' title='bbox 2900 697 2916 723; x_wconf 94' lang='lat'><strong>,</strong></span> <span class='ocrx_word' id='word_1_161' title='bbox 2948 657 3074 728; x_wconf 82' lang='lat' dir='ltr'><strong>quia</strong></span> <span class='ocrx_word' id='word_1_162' title='bbox 3117 656 3371 728; x_wconf 81' lang='lat' dir='ltr'><strong>quidquid</strong></span> <span class='ocrx_word' id='word_1_163' title='bbox 3391 658 3447 712; x_wconf 89' lang='lat' dir='ltr'><strong>in</strong></span> <span class='ocrx_word' id='word_1_164' title='bbox 3467 660 3661 714; x_wconf 82' lang='lat' dir='ltr'><strong>mundo</strong></span> <span class='ocrx_word' id='word_1_165' title='bbox 3679 671 3743 714; x_wconf 79' lang='lat' dir='ltr'><strong>est</strong></span> 
     </span>
    </p>
   </div>
   <div class='ocr_carea' id='block_1_22' title="bbox 2165 749 3743 820">
    <p class='ocr_par' dir='ltr' id='par_1_22' title="bbox 2165 749 3743 820">
     <span class='ocr_line' id='line_1_22' title="bbox 2165 749 3743 820; baseline 0.003 -18"><span class='ocrx_word' id='word_1_166' title='bbox 2165 750 2587 820; x_wconf 77' lang='lat' dir='ltr'><strong>concupiscentia</strong></span> <span class='ocrx_word' id='word_1_167' title='bbox 2609 750 2785 804; x_wconf 88' lang='lat' dir='ltr'><strong>carnis</strong></span> <span class='ocrx_word' id='word_1_168' title='bbox 2799 759 2896 816; x_wconf 90' lang='lat' dir='ltr'><strong>est,</strong></span> <span class='ocrx_word' id='word_1_169' title='bbox 2913 757 3006 803; x_wconf 84' lang='lat' dir='ltr'><strong>aut</strong></span> <span class='ocrx_word' id='word_1_170' title='bbox 3027 749 3446 819; x_wconf 79' lang='lat' dir='ltr'><strong>concupiscentia</strong></span> <span class='ocrx_word' id='word_1_171' title='bbox 3467 750 3743 818; x_wconf 67' lang='lat' dir='ltr'><strong>oculorum,</strong></span> 
     </span>
    </p>
   </div>
   <div class='ocr_carea' id='block_1_23' title="bbox 2165 838 3758 911">
    <p class='ocr_par' dir='ltr' id='par_1_23' title="bbox 2165 838 3758 911">
     <span class='ocr_line' id='line_1_23' title="bbox 2165 838 3758 911; baseline 0.001 -15"><span class='ocrx_word' id='word_1_172' title='bbox 2165 849 2257 896; x_wconf 88' lang='lat' dir='ltr'><strong>aut</strong></span> <span class='ocrx_word' id='word_1_173' title='bbox 2281 840 2525 910; x_wconf 83' lang='lat' dir='ltr'><strong>superbia</strong></span> <span class='ocrx_word' id='word_1_174' title='bbox 2546 840 2664 896; x_wconf 71' lang='lat' dir='ltr'><strong>vitae</strong></span> <span class='ocrx_word' id='word_1_175' title='bbox 2687 857 2705 895; x_wconf 89' lang='lat'><strong><em>:</em></strong></span> <span class='ocrx_word' id='word_1_176' title='bbox 2730 856 2848 911; x_wconf 66' lang='lat' dir='ltr'><strong>qua:</strong></span> <span class='ocrx_word' id='word_1_177' title='bbox 2879 857 2984 895; x_wconf 87' lang='lat' dir='ltr'><strong>non</strong></span> <span class='ocrx_word' id='word_1_178' title='bbox 3010 849 3133 894; x_wconf 86' lang='lat' dir='ltr'><strong>sunt</strong></span> <span class='ocrx_word' id='word_1_179' title='bbox 3157 857 3222 895; x_wconf 77' lang='lat' dir='ltr'><strong>ea:</strong></span> <span class='ocrx_word' id='word_1_180' title='bbox 3247 839 3427 908; x_wconf 86' lang='lat' dir='ltr'><strong>Patre,</strong></span> <span class='ocrx_word' id='word_1_181' title='bbox 3450 843 3540 896; x_wconf 88' lang='lat' dir='ltr'><strong>sed</strong></span> <span class='ocrx_word' id='word_1_182' title='bbox 3559 859 3624 897; x_wconf 77' lang='lat' dir='ltr'><strong>ea:</strong></span> <span class='ocrx_word' id='word_1_183' title='bbox 3641 838 3758 898; x_wconf 52' lang='lat' dir='ltr'><strong>diu?</strong></span> 
     </span>
    </p>
   </div>
   <div class='ocr_carea' id='block_1_24' title="bbox 2167 927 3744 1001">
    <p class='ocr_par' dir='ltr' id='par_1_24' title="bbox 2167 927 3744 1001">
     <span class='ocr_line' id='line_1_24' title="bbox 2167 927 3744 1001; baseline 0.001 -16"><span class='ocrx_word' id='word_1_184' title='bbox 2167 928 2283 985; x_wconf 86' lang='lat' dir='ltr'><strong>bolo</strong></span> <span class='ocrx_word' id='word_1_185' title='bbox 2321 928 2375 1001; x_wconf 87' lang='grc' dir='ltr'><strong>(Ι</strong></span> <span class='ocrx_word' id='word_1_186' title='bbox 2403 927 2567 984; x_wconf 85' lang='lat' dir='ltr'><strong>Joan.</strong></span> <span class='ocrx_word' id='word_1_187' title='bbox 2597 945 2658 994; x_wconf 84' lang='grc' dir='ltr'><strong>ιι,</strong></span> <span class='ocrx_word' id='word_1_188' title='bbox 2687 927 2773 996; x_wconf 84' lang='grc'><strong>15,</strong></span> <span class='ocrx_word' id='word_1_189' title='bbox 2807 927 2917 997; x_wconf 92' lang='grc'><strong>16).</strong></span> <span class='ocrx_word' id='word_1_190' title='bbox 2954 929 3059 985; x_wconf 91' lang='lat' dir='ltr'><strong>Per</strong></span> <span class='ocrx_word' id='word_1_191' title='bbox 3078 929 3313 1000; x_wconf 85' lang='lat' dir='ltr'><strong>primam</strong></span> <span class='ocrx_word' id='word_1_192' title='bbox 3335 929 3500 1000; x_wconf 78' lang='lat' dir='ltr'><strong>igitur</strong></span> <span class='ocrx_word' id='word_1_193' title='bbox 3534 933 3744 988; x_wconf 83' lang='lat' dir='ltr'><strong>redeunt</strong></span> 
     </span>
    </p>
   </div>
   <div class='ocr_carea' id='block_1_25' title="bbox 2165 1020 3745 1091">
    <p class='ocr_par' dir='ltr' id='par_1_25' title="bbox 2165 1020 3745 1091">
     <span class='ocr_line' id='line_1_25' title="bbox 2165 1020 3745 1091; baseline -0.001 -14"><span class='ocrx_word' id='word_1_194' title='bbox 2165 1021 2330 1077; x_wconf 87' lang='lat' dir='ltr'><strong>sobrii</strong></span> <span class='ocrx_word' id='word_1_195' title='bbox 2353 1029 2406 1076; x_wconf 89' lang='lat' dir='ltr'><strong>et</strong></span> <span class='ocrx_word' id='word_1_196' title='bbox 2437 1020 2611 1086; x_wconf 89' lang='lat' dir='ltr'><strong>casti;</strong></span> <span class='ocrx_word' id='word_1_197' title='bbox 2642 1035 2740 1090; x_wconf 91' lang='lat' dir='ltr'><strong>per</strong></span> <span class='ocrx_word' id='word_1_198' title='bbox 2761 1020 3054 1076; x_wconf 88' lang='lat' dir='ltr'><strong>secundam</strong></span> <span class='ocrx_word' id='word_1_199' title='bbox 3093 1020 3304 1076; x_wconf 87' lang='lat' dir='ltr'><strong>honesti</strong></span> <span class='ocrx_word' id='word_1_200' title='bbox 3345 1029 3400 1075; x_wconf 89' lang='lat' dir='ltr'><strong>et</strong></span> <span class='ocrx_word' id='word_1_201' title='bbox 3436 1022 3634 1091; x_wconf 86' lang='lat' dir='ltr'><strong>quieti;</strong></span> <span class='ocrx_word' id='word_1_202' title='bbox 3661 1039 3745 1091; x_wconf 79' lang='lat' dir='ltr'><strong>per</strong></span> 
     </span>
    </p>
   </div>
   <div class='ocr_carea' id='block_1_26' title="bbox 2166 1112 3744 1195">
    <p class='ocr_par' dir='ltr' id='par_1_26' title="bbox 2166 1112 3744 1195">
     <span class='ocr_line' id='line_1_26' title="bbox 2166 1112 3744 1195; baseline -0.001 -25"><span class='ocrx_word' id='word_1_203' title='bbox 2166 1115 2383 1170; x_wconf 89' lang='lat' dir='ltr'><strong>tertiam</strong></span> <span class='ocrx_word' id='word_1_204' title='bbox 2408 1114 2588 1170; x_wconf 84' lang='lat' dir='ltr'><strong>devoti</strong></span> <span class='ocrx_word' id='word_1_205' title='bbox 2614 1123 2669 1169; x_wconf 89' lang='lat' dir='ltr'><strong>et</strong></span> <span class='ocrx_word' id='word_1_206' title='bbox 2693 1112 2939 1184; x_wconf 81' lang='lat' dir='ltr'><strong>perfecti.</strong></span> <span class='ocrx_word' id='word_1_207' title='bbox 2967 1113 3202 1169; x_wconf 88' lang='lat' dir='ltr'><strong>Possunt</strong></span> <span class='ocrx_word' id='word_1_208' title='bbox 3239 1113 3403 1169; x_wconf 89' lang='lat' dir='ltr'><strong>etiam</strong></span> <span class='ocrx_word' id='word_1_209' title='bbox 3434 1113 3553 1170; x_wconf 66' lang='lat' dir='ltr'><strong>haec</strong></span> <span class='ocrx_word' id='word_1_210' title='bbox 3584 1115 3744 1195; x_wconf 46' lang='lat' dir='ltr'><strong>adra-</strong></span> 
     </span>
    </p>
   </div>
   <div class='ocr_carea' id='block_1_27' title="bbox 2165 1205 3743 1280">
    <p class='ocr_par' dir='ltr' id='par_1_27' title="bbox 2165 1205 3743 1280">
     <span class='ocr_line' id='line_1_27' title="bbox 2165 1205 3743 1280; baseline -0.003 -14"><span class='ocrx_word' id='word_1_211' title='bbox 2165 1219 2262 1280; x_wconf 87' lang='lat' dir='ltr'><strong>put</strong></span> <span class='ocrx_word' id='word_1_212' title='bbox 2289 1208 2544 1264; x_wconf 79' lang='lat' dir='ltr'><strong>Ecclesia:</strong></span> <span class='ocrx_word' id='word_1_213' title='bbox 2567 1207 2845 1264; x_wconf 88' lang='lat' dir='ltr'><strong>Christum</strong></span> <span class='ocrx_word' id='word_1_214' title='bbox 2867 1206 3078 1275; x_wconf 86' lang='lat' dir='ltr'><strong>referri,</strong></span> <span class='ocrx_word' id='word_1_215' title='bbox 3094 1216 3150 1263; x_wconf 91' lang='lat' dir='ltr'><strong>et</strong></span> <span class='ocrx_word' id='word_1_216' title='bbox 3172 1207 3227 1262; x_wconf 92' lang='lat' dir='ltr'><strong>in</strong></span> <span class='ocrx_word' id='word_1_217' title='bbox 3251 1205 3368 1277; x_wconf 89' lang='lat' dir='ltr'><strong>ejus</strong></span> <span class='ocrx_word' id='word_1_218' title='bbox 3387 1209 3743 1277; x_wconf 79' lang='lat' dir='ltr'><strong>persecutione</strong></span> 
     </span>
    </p>
   </div>
   <div class='ocr_carea' id='block_1_28' title="bbox 2167 1300 3744 1371">
    <p class='ocr_par' dir='ltr' id='par_1_28' title="bbox 2167 1300 3744 1371">
     <span class='ocr_line' id='line_1_28' title="bbox 2167 1300 3744 1371; baseline -0.002 -13"><span class='ocrx_word' id='word_1_219' title='bbox 2167 1309 2223 1358; x_wconf 89' lang='lat' dir='ltr'><strong>et</strong></span> <span class='ocrx_word' id='word_1_220' title='bbox 2250 1301 2502 1371; x_wconf 89' lang='lat' dir='ltr'><strong>passione</strong></span> <span class='ocrx_word' id='word_1_221' title='bbox 2527 1307 2822 1369; x_wconf 86' lang='lat' dir='ltr'><strong>tempestas</strong></span> <span class='ocrx_word' id='word_1_222' title='bbox 2851 1308 2903 1355; x_wconf 85' lang='lat' dir='ltr'><strong>et</strong></span> <span class='ocrx_word' id='word_1_223' title='bbox 2931 1301 3090 1355; x_wconf 87' lang='lat' dir='ltr'><strong>turbo</strong></span> <span class='ocrx_word' id='word_1_224' title='bbox 3119 1300 3368 1355; x_wconf 87' lang='lat' dir='ltr'><strong>inveniri.</strong></span> <span class='ocrx_word' id='word_1_225' title='bbox 3397 1300 3478 1357; x_wconf 91' lang='lat' dir='ltr'><strong>De</strong></span> <span class='ocrx_word' id='word_1_226' title='bbox 3507 1302 3606 1357; x_wconf 91' lang='lat' dir='ltr'><strong>hac</strong></span> <span class='ocrx_word' id='word_1_227' title='bbox 3631 1310 3744 1356; x_wconf 85' lang='lat' dir='ltr'><strong>tem-</strong></span> 
     </span>
    </p>
   </div>
   <div class='ocr_carea' id='block_1_29' title="bbox 2166 1393 3744 1467">
    <p class='ocr_par' dir='ltr' id='par_1_29' title="bbox 2166 1393 3744 1467">
     <span class='ocr_line' id='line_1_29' title="bbox 2166 1393 3744 1467; baseline -0.003 -15"><span class='ocrx_word' id='word_1_228' title='bbox 2166 1402 2378 1467; x_wconf 87' lang='lat' dir='ltr'><strong>pestate</strong></span> <span class='ocrx_word' id='word_1_229' title='bbox 2406 1409 2504 1464; x_wconf 89' lang='lat' dir='ltr'><strong>per</strong></span> <span class='ocrx_word' id='word_1_230' title='bbox 2525 1393 2868 1449; x_wconf 91' lang='lat' dir='ltr'><strong>Psalmistam</strong></span> <span class='ocrx_word' id='word_1_231' title='bbox 2899 1394 3134 1450; x_wconf 89' lang='lat' dir='ltr'><strong>dicitur:</strong></span> <span class='ocrx_word' id='word_1_232' title='bbox 3186 1393 3274 1450; x_wconf 89' lang='lat' dir='ltr'><strong>Ita</strong></span> <span class='ocrx_word' id='word_1_233' title='bbox 3314 1397 3636 1466; x_wconf 85' lang='lat' dir='ltr'><strong>persequeris</strong></span> <span class='ocrx_word' id='word_1_234' title='bbox 3671 1412 3744 1448; x_wconf 76' lang='lat' dir='ltr'><strong>eos</strong></span> 
     </span>
    </p>
   </div>
   <div class='ocr_carea' id='block_1_30' title="bbox 2164 1488 3740 1562">
    <p class='ocr_par' dir='ltr' id='par_1_30' title="bbox 2164 1488 3740 1562">
     <span class='ocr_line' id='line_1_30' title="bbox 2164 1488 3740 1562; baseline -0.001 -19"><span class='ocrx_word' id='word_1_235' title='bbox 2164 1489 2223 1543; x_wconf 88' lang='lat' dir='ltr'><strong>in</strong></span> <span class='ocrx_word' id='word_1_236' title='bbox 2259 1497 2558 1559; x_wconf 84' lang='lat' dir='ltr'><strong>tempestate</strong></span> <span class='ocrx_word' id='word_1_237' title='bbox 2584 1496 2708 1552; x_wconf 89' lang='lat' dir='ltr'><strong>tua,</strong></span> <span class='ocrx_word' id='word_1_238' title='bbox 2748 1496 2797 1543; x_wconf 92' lang='lat' dir='ltr'><strong>et</strong></span> <span class='ocrx_word' id='word_1_239' title='bbox 2837 1488 2893 1542; x_wconf 90' lang='lat' dir='ltr'><strong>in</strong></span> <span class='ocrx_word' id='word_1_240' title='bbox 2941 1489 3023 1544; x_wconf 87' lang='lat' dir='ltr'><strong>ira</strong></span> <span class='ocrx_word' id='word_1_241' title='bbox 3055 1499 3149 1543; x_wconf 89' lang='lat' dir='ltr'><strong>tua</strong></span> <span class='ocrx_word' id='word_1_242' title='bbox 3179 1489 3414 1544; x_wconf 81' lang='lat' dir='ltr'><strong>turbabis</strong></span> <span class='ocrx_word' id='word_1_243' title='bbox 3455 1506 3544 1545; x_wconf 82' lang='lat' dir='ltr'><strong>eos</strong></span> <span class='ocrx_word' id='word_1_244' title='bbox 3588 1489 3740 1562; x_wconf 88' lang='lat' dir='ltr'><strong>(Psal.</strong></span> 
     </span>
    </p>
   </div>
   <div class='ocr_carea' id='block_1_31' title="bbox 2167 1577 3743 1651">
    <p class='ocr_par' dir='ltr' id='par_1_31' title="bbox 2167 1577 3743 1651">
     <span class='ocr_line' id='line_1_31' title="bbox 2167 1577 3743 1651; baseline -0.002 -14"><span class='ocrx_word' id='word_1_245' title='bbox 2167 1595 2384 1646; x_wconf 75' lang='lat' dir='ltr'><strong>LXXXI],</strong></span> <span class='ocrx_word' id='word_1_246' title='bbox 2435 1578 2546 1651; x_wconf 87' lang='grc'><strong>16).</strong></span> <span class='ocrx_word' id='word_1_247' title='bbox 2581 1577 2798 1634; x_wconf 69' lang='grc' dir='ltr'><strong>ιυάωοε</strong></span> <span class='ocrx_word' id='word_1_248' title='bbox 2845 1579 3110 1650; x_wconf 87' lang='lat' dir='ltr'><strong>siquidem</strong></span> <span class='ocrx_word' id='word_1_249' title='bbox 3140 1579 3400 1635; x_wconf 88' lang='lat' dir='ltr'><strong>Dominus</strong></span> <span class='ocrx_word' id='word_1_250' title='bbox 3445 1581 3504 1634; x_wconf 91' lang='lat' dir='ltr'><strong>in</strong></span> <span class='ocrx_word' id='word_1_251' title='bbox 3558 1588 3743 1649; x_wconf 86' lang='lat' dir='ltr'><strong>tempe-</strong></span> 
     </span>
    </p>
   </div>
   <div class='ocr_carea' id='block_1_32' title="bbox 2167 1679 3741 1751">
    <p class='ocr_par' dir='ltr' id='par_1_32' title="bbox 2167 1679 3741 1751">
     <span class='ocr_line' id='line_1_32' title="bbox 2167 1679 3741 1751; baseline 0 -19"><span class='ocrx_word' id='word_1_252' title='bbox 2167 1686 2306 1733; x_wconf 90' lang='lat' dir='ltr'><strong>state</strong></span> <span class='ocrx_word' id='word_1_253' title='bbox 2335 1693 2433 1732; x_wconf 90' lang='lat' dir='ltr'><strong>sua</strong></span> <span class='ocrx_word' id='word_1_254' title='bbox 2464 1687 2781 1748; x_wconf 89' lang='lat' dir='ltr'><strong>persecutus</strong></span> <span class='ocrx_word' id='word_1_255' title='bbox 2808 1687 2892 1734; x_wconf 91' lang='lat' dir='ltr'><strong>est</strong></span> <span class='ocrx_word' id='word_1_256' title='bbox 2914 1721 2930 1745; x_wconf 93' lang='lat'><strong>,</strong></span> <span class='ocrx_word' id='word_1_257' title='bbox 2966 1680 3094 1751; x_wconf 85' lang='lat' dir='ltr'><strong>quia</strong></span> <span class='ocrx_word' id='word_1_258' title='bbox 3121 1680 3248 1736; x_wconf 91' lang='lat' dir='ltr'><strong>dum</strong></span> <span class='ocrx_word' id='word_1_259' title='bbox 3287 1680 3355 1736; x_wconf 88' lang='lat' dir='ltr'><strong>ab</strong></span> <span class='ocrx_word' id='word_1_260' title='bbox 3379 1679 3460 1734; x_wconf 91' lang='lat' dir='ltr'><strong>eis</strong></span> <span class='ocrx_word' id='word_1_261' title='bbox 3499 1681 3741 1748; x_wconf 82' lang='lat' dir='ltr'><strong>perferret</strong></span> 
     </span>
    </p>
   </div>
   <div class='ocr_carea' id='block_1_33' title="bbox 464 1762 3744 1846">
    <p class='ocr_par' dir='ltr' id='par_1_33' title="bbox 464 1762 3744 1846">
     <span class='ocr_line' id='line_1_33' title="bbox 464 1762 3744 1846; baseline 0.003 -27"><span class='ocrx_word' id='word_1_262' title='bbox 464 1766 727 1820; x_wconf 81' lang='lat' dir='ltr'><strong>horribili.</strong></span> <span class='ocrx_word' id='word_1_263' title='bbox 765 1766 910 1822; x_wconf 80' lang='lat' dir='ltr'><strong>Visio</strong></span> <span class='ocrx_word' id='word_1_264' title='bbox 931 1769 1068 1823; x_wconf 88' lang='lat' dir='ltr'><strong>dura</strong></span> <span class='ocrx_word' id='word_1_265' title='bbox 1094 1771 1335 1824; x_wconf 88' lang='lat' dir='ltr'><strong>nuntiata</strong></span> <span class='ocrx_word' id='word_1_266' title='bbox 1357 1782 1432 1826; x_wconf 91' lang='lat' dir='ltr'><strong>est</strong></span> <span class='ocrx_word' id='word_1_267' title='bbox 1450 1772 1578 1827; x_wconf 82' lang='lat' dir='ltr'><strong>mihi</strong></span> <span class='ocrx_word' id='word_1_268' title='bbox 1605 1771 1887 1844; x_wconf 81' lang='lat' dir='ltr'><strong>(Isai.m,</strong></span> <span class='ocrx_word' id='word_1_269' title='bbox 1907 1773 2054 1845; x_wconf 72' lang='lat'><strong>1,2).</strong></span> <span class='ocrx_word' id='word_1_270' title='bbox 2088 1762 2133 1820; x_wconf 85' lang='grc' dir='ltr'><strong>Β</strong></span> <span class='ocrx_word' id='word_1_271' title='bbox 2162 1771 2475 1842; x_wconf 89' lang='lat' dir='ltr'><strong>passionum</strong></span> <span class='ocrx_word' id='word_1_272' title='bbox 2522 1772 2807 1844; x_wconf 83' lang='lat' dir='ltr'><strong>stigmata,</strong></span> <span class='ocrx_word' id='word_1_273' title='bbox 2862 1774 2930 1829; x_wconf 90' lang='lat' dir='ltr'><strong>ab</strong></span> <span class='ocrx_word' id='word_1_274' title='bbox 2976 1774 3082 1829; x_wconf 90' lang='lat' dir='ltr'><strong>illis</strong></span> <span class='ocrx_word' id='word_1_275' title='bbox 3100 1773 3246 1845; x_wconf 85' lang='lat' dir='ltr'><strong>juste</strong></span> <span class='ocrx_word' id='word_1_276' title='bbox 3269 1775 3496 1832; x_wconf 87' lang='lat' dir='ltr'><strong>abstulit</strong></span> <span class='ocrx_word' id='word_1_277' title='bbox 3517 1774 3644 1846; x_wconf 85' lang='lat' dir='ltr'><strong>legis</strong></span> <span class='ocrx_word' id='word_1_278' title='bbox 3663 1789 3744 1828; x_wconf 79' lang='lat' dir='ltr'><strong>uo-</strong></span> 
     </span>
    </p>
   </div>
   <div class='ocr_carea' id='block_1_34' title="bbox 470 1859 2063 1934">
    <p class='ocr_par' dir='ltr' id='par_1_34' title="bbox 470 1859 2063 1934">
     <span class='ocr_line' id='line_1_34' title="bbox 470 1859 2063 1934; baseline 0.005 -21"><span class='ocrx_word' id='word_1_279' title='bbox 470 1859 620 1913; x_wconf 90' lang='lat' dir='ltr'><strong>Visio</strong></span> <span class='ocrx_word' id='word_1_280' title='bbox 657 1859 837 1928; x_wconf 89' lang='lat' dir='ltr'><strong>itaque</strong></span> <span class='ocrx_word' id='word_1_281' title='bbox 865 1860 997 1915; x_wconf 90' lang='lat' dir='ltr'><strong>dura</strong></span> <span class='ocrx_word' id='word_1_282' title='bbox 1028 1861 1077 1914; x_wconf 90' lang='lat' dir='ltr'><strong>ei</strong></span> <span class='ocrx_word' id='word_1_283' title='bbox 1102 1862 1348 1916; x_wconf 90' lang='lat' dir='ltr'><strong>nuntiata</strong></span> <span class='ocrx_word' id='word_1_284' title='bbox 1376 1862 1572 1928; x_wconf 83' lang='lat' dir='ltr'><strong>fuerat,</strong></span> <span class='ocrx_word' id='word_1_285' title='bbox 1596 1864 1688 1933; x_wconf 91' lang='lat' dir='ltr'><strong>qui</strong></span> <span class='ocrx_word' id='word_1_286' title='bbox 1715 1871 2063 1934; x_wconf 87' lang='lat' dir='ltr'><strong>tempestates</strong></span> 
     </span>
    </p>
   </div>
   <div class='ocr_carea' id='block_1_35' title="bbox 468 1954 2058 2030">
    <p class='ocr_par' dir='ltr' id='par_1_35' title="bbox 468 1954 2058 2030">
     <span class='ocr_line' id='line_1_35' title="bbox 468 1954 2058 2030; baseline 0.003 -19"><span class='ocrx_word' id='word_1_287' title='bbox 468 1962 525 2011; x_wconf 91' lang='lat' dir='ltr'><strong>et</strong></span> <span class='ocrx_word' id='word_1_288' title='bbox 547 1954 803 2024; x_wconf 80' lang='lat' dir='ltr'><strong>praefatos</strong></span> <span class='ocrx_word' id='word_1_289' title='bbox 829 1956 1069 2013; x_wconf 89' lang='lat' dir='ltr'><strong>turbines</strong></span> <span class='ocrx_word' id='word_1_290' title='bbox 1094 1957 1163 2012; x_wconf 89' lang='lat' dir='ltr'><strong>ab</strong></span> <span class='ocrx_word' id='word_1_291' title='bbox 1191 1957 1510 2024; x_wconf 88' lang='lat' dir='ltr'><strong>idololatria,</strong></span> <span class='ocrx_word' id='word_1_292' title='bbox 1536 1959 1790 2015; x_wconf 68' lang='lat' dir='ltr'><strong>haeretica</strong></span> <span class='ocrx_word' id='word_1_293' title='bbox 1812 1961 2058 2030; x_wconf 84' lang='lat' dir='ltr'><strong>perfidia,</strong></span> 
     </span>
    </p>
   </div>
   <div class='ocr_carea' id='block_1_36' title="bbox 471 2049 2056 2121">
    <p class='ocr_par' dir='ltr' id='par_1_36' title="bbox 471 2049 2056 2121">
     <span class='ocr_line' id='line_1_36' title="bbox 471 2049 2056 2121; baseline 0.004 -19"><span class='ocrx_word' id='word_1_294' title='bbox 471 2049 654 2104; x_wconf 88' lang='lat' dir='ltr'><strong>mundi</strong></span> <span class='ocrx_word' id='word_1_295' title='bbox 687 2049 1142 2118; x_wconf 87' lang='lat' dir='ltr'><strong>concupiscentia,</strong></span> <span class='ocrx_word' id='word_1_296' title='bbox 1172 2058 1361 2105; x_wconf 90' lang='lat' dir='ltr'><strong>contra</strong></span> <span class='ocrx_word' id='word_1_297' title='bbox 1391 2052 1654 2108; x_wconf 88' lang='lat' dir='ltr'><strong>unitatem</strong></span> <span class='ocrx_word' id='word_1_298' title='bbox 1677 2093 1691 2119; x_wconf 93' lang='lat'><strong>,</strong></span> <span class='ocrx_word' id='word_1_299' title='bbox 1731 2055 2056 2121; x_wconf 90' lang='lat' dir='ltr'><strong>castitatem,</strong></span> 
     </span>
    </p>
   </div>
   <div class='ocr_carea' id='block_1_37' title="bbox 469 2144 2064 2218">
    <p class='ocr_par' dir='ltr' id='par_1_37' title="bbox 469 2144 2064 2218">
     <span class='ocr_line' id='line_1_37' title="bbox 469 2144 2064 2218; baseline 0.003 -18"><span class='ocrx_word' id='word_1_300' title='bbox 469 2144 792 2200; x_wconf 87' lang='lat' dir='ltr'><strong>charitatem</strong></span> <span class='ocrx_word' id='word_1_301' title='bbox 836 2144 1090 2200; x_wconf 64' lang='lat' dir='ltr'><strong>Ecclesia:</strong></span> <span class='ocrx_word' id='word_1_302' title='bbox 1119 2145 1472 2201; x_wconf 88' lang='lat' dir='ltr'><strong>succedenter</strong></span> <span class='ocrx_word' id='word_1_303' title='bbox 1497 2147 1778 2218; x_wconf 81' lang='lat' dir='ltr'><strong>insurgere</strong></span> <span class='ocrx_word' id='word_1_304' title='bbox 1800 2149 2064 2218; x_wconf 66' lang='lat' dir='ltr'><strong>praevide-</strong></span> 
     </span>
    </p>
   </div>
   <div class='ocr_carea' id='block_1_38' title="bbox 469 2234 2064 2310">
    <p class='ocr_par' dir='ltr' id='par_1_38' title="bbox 469 2234 2064 2310">
     <span class='ocr_line' id='line_1_38' title="bbox 469 2234 2064 2310; baseline 0.003 -18"><span class='ocrx_word' id='word_1_305' title='bbox 469 2236 580 2292; x_wconf 89' lang='lat' dir='ltr'><strong>bat.</strong></span> <span class='ocrx_word' id='word_1_306' title='bbox 618 2234 781 2302; x_wconf 83' lang='lat' dir='ltr'><strong>Visio,</strong></span> <span class='ocrx_word' id='word_1_307' title='bbox 814 2237 1054 2306; x_wconf 89' lang='lat' dir='ltr'><strong>inquam,</strong></span> <span class='ocrx_word' id='word_1_308' title='bbox 1083 2236 1238 2305; x_wconf 86' lang='lat' dir='ltr'><strong>dura,</strong></span> <span class='ocrx_word' id='word_1_309' title='bbox 1258 2238 1312 2292; x_wconf 92' lang='lat' dir='ltr'><strong>in</strong></span> <span class='ocrx_word' id='word_1_310' title='bbox 1339 2253 1443 2307; x_wconf 87' lang='lat' dir='ltr'><strong>qua</strong></span> <span class='ocrx_word' id='word_1_311' title='bbox 1468 2239 1649 2294; x_wconf 90' lang='lat' dir='ltr'><strong>unitas</strong></span> <span class='ocrx_word' id='word_1_312' title='bbox 1674 2240 1876 2310; x_wconf 90' lang='lat' dir='ltr'><strong>patitur</strong></span> <span class='ocrx_word' id='word_1_313' title='bbox 1901 2241 2064 2296; x_wconf 80' lang='lat' dir='ltr'><strong>disci-</strong></span> 
     </span>
    </p>
   </div>
   <div class='ocr_carea' id='block_1_39' title="bbox 468 2325 2062 2397">
    <p class='ocr_par' dir='ltr' id='par_1_39' title="bbox 468 2325 2062 2397">
     <span class='ocr_line' id='line_1_39' title="bbox 468 2325 2062 2397; baseline 0.003 -17"><span class='ocrx_word' id='word_1_314' title='bbox 468 2327 634 2391; x_wconf 90' lang='lat' dir='ltr'><strong>dium,</strong></span> <span class='ocrx_word' id='word_1_315' title='bbox 665 2325 787 2381; x_wconf 85' lang='lat' dir='ltr'><strong>fidei</strong></span> <span class='ocrx_word' id='word_1_316' title='bbox 815 2327 1014 2382; x_wconf 88' lang='lat' dir='ltr'><strong>labitur</strong></span> <span class='ocrx_word' id='word_1_317' title='bbox 1048 2327 1344 2397; x_wconf 88' lang='lat' dir='ltr'><strong>negotium,</strong></span> <span class='ocrx_word' id='word_1_318' title='bbox 1382 2328 1622 2384; x_wconf 86' lang='lat' dir='ltr'><strong>cbaritas</strong></span> <span class='ocrx_word' id='word_1_319' title='bbox 1661 2329 1892 2384; x_wconf 89' lang='lat' dir='ltr'><strong>sustinet</strong></span> <span class='ocrx_word' id='word_1_320' title='bbox 1928 2345 2062 2386; x_wconf 92' lang='lat' dir='ltr'><strong>nau-</strong></span> 
     </span>
    </p>
   </div>
   <div class='ocr_carea' id='block_1_40' title="bbox 467 2416 2062 2492">
    <p class='ocr_par' dir='ltr' id='par_1_40' title="bbox 467 2416 2062 2492">
     <span class='ocr_line' id='line_1_40' title="bbox 467 2416 2062 2492; baseline 0.004 -22"><span class='ocrx_word' id='word_1_321' title='bbox 467 2416 719 2488; x_wconf 77' lang='lat' dir='ltr'><strong>fragium.</strong></span> <span class='ocrx_word' id='word_1_322' title='bbox 753 2417 811 2472; x_wconf 88' lang='lat' dir='ltr'><strong>ln</strong></span> <span class='ocrx_word' id='word_1_323' title='bbox 856 2419 1032 2487; x_wconf 91' lang='lat' dir='ltr'><strong>primo</strong></span> <span class='ocrx_word' id='word_1_324' title='bbox 1069 2433 1199 2472; x_wconf 83' lang='lat' dir='ltr'><strong>vero</strong></span> <span class='ocrx_word' id='word_1_325' title='bbox 1241 2418 1458 2474; x_wconf 90' lang='lat' dir='ltr'><strong>turbine</strong></span> <span class='ocrx_word' id='word_1_326' title='bbox 1487 2428 1542 2474; x_wconf 91' lang='lat' dir='ltr'><strong>et</strong></span> <span class='ocrx_word' id='word_1_327' title='bbox 1579 2429 1897 2492; x_wconf 86' lang='lat' dir='ltr'><strong>tempestate</strong></span> <span class='ocrx_word' id='word_1_328' title='bbox 1935 2431 2062 2478; x_wconf 91' lang='lat' dir='ltr'><strong>sunt</strong></span> 
     </span>
    </p>
   </div>
   <div class='ocr_carea' id='block_1_41' title="bbox 469 2508 2061 2578">
    <p class='ocr_par' dir='ltr' id='par_1_41' title="bbox 469 2508 2061 2578">
     <span class='ocr_line' id='line_1_41' title="bbox 469 2508 2061 2578; baseline 0.004 -14"><span class='ocrx_word' id='word_1_329' title='bbox 469 2508 681 2564; x_wconf 85' lang='lat' dir='ltr'><strong>Domini</strong></span> <span class='ocrx_word' id='word_1_330' title='bbox 712 2509 843 2564; x_wconf 63' lang='lat' dir='ltr'><strong>viai:</strong></span> <span class='ocrx_word' id='word_1_331' title='bbox 870 2511 1072 2564; x_wconf 84' lang='lat' dir='ltr'><strong>veritas</strong></span> <span class='ocrx_word' id='word_1_332' title='bbox 1099 2510 1306 2565; x_wconf 89' lang='lat' dir='ltr'><strong>scilicet</strong></span> <span class='ocrx_word' id='word_1_333' title='bbox 1332 2511 1387 2564; x_wconf 92' lang='lat' dir='ltr'><strong>in</strong></span> <span class='ocrx_word' id='word_1_334' title='bbox 1417 2510 1776 2578; x_wconf 82' lang='lat' dir='ltr'><strong>confessione,</strong></span> <span class='ocrx_word' id='word_1_335' title='bbox 1805 2524 2061 2570; x_wconf 88' lang='lat' dir='ltr'><strong>constan-</strong></span> 
     </span>
    </p>
   </div>
   <div class='ocr_carea' id='block_1_42' title="bbox 469 2598 2055 2673">
    <p class='ocr_par' dir='ltr' id='par_1_42' title="bbox 469 2598 2055 2673">
     <span class='ocr_line' id='line_1_42' title="bbox 469 2598 2055 2673; baseline 0.006 -20"><span class='ocrx_word' id='word_1_336' title='bbox 469 2601 540 2654; x_wconf 90' lang='lat' dir='ltr'><strong>tia</strong></span> <span class='ocrx_word' id='word_1_337' title='bbox 565 2602 618 2655; x_wconf 87' lang='lat' dir='ltr'><strong>in</strong></span> <span class='ocrx_word' id='word_1_338' title='bbox 640 2598 906 2672; x_wconf 84' lang='lat' dir='ltr'><strong>passione,</strong></span> <span class='ocrx_word' id='word_1_339' title='bbox 933 2601 1146 2657; x_wconf 90' lang='lat' dir='ltr'><strong>devotio</strong></span> <span class='ocrx_word' id='word_1_340' title='bbox 1170 2603 1224 2656; x_wconf 89' lang='lat' dir='ltr'><strong>in</strong></span> <span class='ocrx_word' id='word_1_341' title='bbox 1249 2603 1546 2673; x_wconf 87' lang='lat' dir='ltr'><strong>gratiarum</strong></span> <span class='ocrx_word' id='word_1_342' title='bbox 1568 2605 1800 2660; x_wconf 85' lang='lat' dir='ltr'><strong>actione.</strong></span> <span class='ocrx_word' id='word_1_343' title='bbox 1824 2607 2055 2670; x_wconf 87' lang='lat' dir='ltr'><strong>Veritas,</strong></span> 
     </span>
    </p>
   </div>
   <div class='ocr_carea' id='block_1_43' title="bbox 441 2698 2062 2769">
    <p class='ocr_par' dir='ltr' id='par_1_43' title="bbox 441 2698 2062 2769">
     <span class='ocr_line' id='line_1_43' title="bbox 441 2698 2062 2769; baseline 0.003 -18"><span class='ocrx_word' id='word_1_344' title='bbox 441 2698 592 2758; x_wconf 83' lang='lat' dir='ltr'><strong>dum</strong></span> <span class='ocrx_word' id='word_1_345' title='bbox 620 2699 779 2752; x_wconf 91' lang='lat' dir='ltr'><strong>unius</strong></span> <span class='ocrx_word' id='word_1_346' title='bbox 811 2707 972 2769; x_wconf 90' lang='lat' dir='ltr'><strong>atque</strong></span> <span class='ocrx_word' id='word_1_347' title='bbox 999 2715 1223 2756; x_wconf 75' lang='lat' dir='ltr'><strong>summae</strong></span> <span class='ocrx_word' id='word_1_348' title='bbox 1264 2700 1490 2756; x_wconf 90' lang='lat' dir='ltr'><strong>Deitatis</strong></span> <span class='ocrx_word' id='word_1_349' title='bbox 1519 2698 1859 2769; x_wconf 89' lang='lat' dir='ltr'><strong>majestatem</strong></span> <span class='ocrx_word' id='word_1_350' title='bbox 1892 2701 2062 2757; x_wconf 86' lang='lat' dir='ltr'><strong>conﬁ-</strong></span> 
     </span>
    </p>
   </div>
   <div class='ocr_carea' id='block_1_44' title="bbox 468 2783 2058 2862">
    <p class='ocr_par' dir='ltr' id='par_1_44' title="bbox 468 2783 2058 2862">
     <span class='ocr_line' id='line_1_44' title="bbox 468 2783 2058 2862; baseline 0.004 -18"><span class='ocrx_word' id='word_1_351' title='bbox 468 2783 629 2856; x_wconf 76' lang='lat' dir='ltr'><strong>tetur,</strong></span> <span class='ocrx_word' id='word_1_352' title='bbox 656 2801 709 2845; x_wconf 89' lang='lat' dir='ltr'><strong>et</strong></span> <span class='ocrx_word' id='word_1_353' title='bbox 731 2794 987 2862; x_wconf 64' lang='lat' dir='ltr'><strong>praedicat</strong></span> <span class='ocrx_word' id='word_1_354' title='bbox 1011 2795 1297 2860; x_wconf 89' lang='lat' dir='ltr'><strong>audacter;</strong></span> <span class='ocrx_word' id='word_1_355' title='bbox 1324 2795 1648 2861; x_wconf 89' lang='lat' dir='ltr'><strong>constantia,</strong></span> <span class='ocrx_word' id='word_1_356' title='bbox 1673 2795 1799 2850; x_wconf 90' lang='lat' dir='ltr'><strong>dum</strong></span> <span class='ocrx_word' id='word_1_357' title='bbox 1823 2796 1877 2850; x_wconf 94' lang='lat' dir='ltr'><strong>in</strong></span> <span class='ocrx_word' id='word_1_358' title='bbox 1897 2811 2058 2852; x_wconf 87' lang='lat' dir='ltr'><strong>causa</strong></span> 
     </span>
    </p>
   </div>
   <div class='ocr_carea' id='block_1_45' title="bbox 467 2883 2052 2958">
    <p class='ocr_par' dir='ltr' id='par_1_45' title="bbox 467 2883 2052 2958">
     <span class='ocr_line' id='line_1_45' title="bbox 467 2883 2052 2958; baseline 0.003 -20"><span class='ocrx_word' id='word_1_359' title='bbox 467 2885 709 2940; x_wconf 88' lang='lat' dir='ltr'><strong>veritatis</strong></span> <span class='ocrx_word' id='word_1_360' title='bbox 738 2883 942 2955; x_wconf 86' lang='lat' dir='ltr'><strong>ﬂagella</strong></span> <span class='ocrx_word' id='word_1_361' title='bbox 976 2887 1205 2943; x_wconf 89' lang='lat' dir='ltr'><strong>sustinet</strong></span> <span class='ocrx_word' id='word_1_362' title='bbox 1229 2887 1533 2956; x_wconf 90' lang='lat' dir='ltr'><strong>patienter;</strong></span> <span class='ocrx_word' id='word_1_363' title='bbox 1565 2888 1860 2958; x_wconf 84' lang='lat' dir='ltr'><strong>gratiarum</strong></span> <span class='ocrx_word' id='word_1_364' title='bbox 1893 2889 2052 2953; x_wconf 90' lang='lat' dir='ltr'><strong>actio,</strong></span> 
     </span>
    </p>
   </div>
   <div class='ocr_carea' id='block_1_46' title="bbox 468 2976 2056 3051">
    <p class='ocr_par' dir='ltr' id='par_1_46' title="bbox 468 2976 2056 3051">
     <span class='ocr_line' id='line_1_46' title="bbox 468 2976 2056 3051; baseline 0.004 -21"><span class='ocrx_word' id='word_1_365' title='bbox 468 2976 592 3030; x_wconf 89' lang='lat' dir='ltr'><strong>dum</strong></span> <span class='ocrx_word' id='word_1_366' title='bbox 618 2977 756 3032; x_wconf 67' lang='lat' dir='ltr'><strong>caelo</strong></span> <span class='ocrx_word' id='word_1_367' title='bbox 786 2979 1034 3047; x_wconf 85' lang='lat' dir='ltr'><strong>spiritum</strong></span> <span class='ocrx_word' id='word_1_368' title='bbox 1057 2979 1230 3034; x_wconf 89' lang='lat' dir='ltr'><strong>reddit</strong></span> <span class='ocrx_word' id='word_1_369' title='bbox 1259 2988 1504 3035; x_wconf 83' lang='lat' dir='ltr'><strong>ovanter.</strong></span> <span class='ocrx_word' id='word_1_370' title='bbox 1531 2978 1804 3051; x_wconf 89' lang='lat' dir='ltr'><strong>Siquidem</strong></span> <span class='ocrx_word' id='word_1_371' title='bbox 1827 2982 2056 3037; x_wconf 85' lang='lat' dir='ltr'><strong>exeundi</strong></span> 
     </span>
    </p>
   </div>
   <div class='ocr_carea' id='block_1_47' title="bbox 465 3070 2052 3144">
    <p class='ocr_par' dir='ltr' id='par_1_47' title="bbox 465 3070 2052 3144">
     <span class='ocr_line' id='line_1_47' title="bbox 465 3070 2052 3144; baseline 0.008 -22"><span class='ocrx_word' id='word_1_372' title='bbox 465 3078 576 3122; x_wconf 89' lang='lat' dir='ltr'><strong>tres</strong></span> <span class='ocrx_word' id='word_1_373' title='bbox 617 3070 696 3125; x_wconf 90' lang='lat' dir='ltr'><strong>eis</strong></span> <span class='ocrx_word' id='word_1_374' title='bbox 743 3071 1026 3127; x_wconf 90' lang='lat' dir='ltr'><strong>imminent</strong></span> <span class='ocrx_word' id='word_1_375' title='bbox 1070 3074 1188 3128; x_wconf 70' lang='lat' dir='ltr'><strong>vite.</strong></span> <span class='ocrx_word' id='word_1_376' title='bbox 1223 3074 1402 3131; x_wconf 91' lang='lat' dir='ltr'><strong>Prima</strong></span> <span class='ocrx_word' id='word_1_377' title='bbox 1433 3082 1516 3131; x_wconf 89' lang='lat' dir='ltr'><strong>est</strong></span> <span class='ocrx_word' id='word_1_378' title='bbox 1538 3076 1660 3131; x_wconf 84' lang='lat' dir='ltr'><strong>ﬁdei</strong></span> <span class='ocrx_word' id='word_1_379' title='bbox 1683 3077 1927 3144; x_wconf 88' lang='lat' dir='ltr'><strong>sanitas;</strong></span> <span class='ocrx_word' id='word_1_380' title='bbox 1969 3093 2052 3134; x_wconf 89' lang='lat' dir='ltr'><strong>se-</strong></span> 
     </span>
    </p>
   </div>
   <div class='ocr_carea' id='block_1_48' title="bbox 465 3162 2052 3240">
    <p class='ocr_par' dir='ltr' id='par_1_48' title="bbox 465 3162 2052 3240">
     <span class='ocr_line' id='line_1_48' title="bbox 465 3162 2052 3240; baseline 0.009 -26"><span class='ocrx_word' id='word_1_381' title='bbox 465 3162 656 3227; x_wconf 91' lang='lat' dir='ltr'><strong>cunda,</strong></span> <span class='ocrx_word' id='word_1_382' title='bbox 686 3162 925 3219; x_wconf 59' lang='lat' dir='ltr'><strong>scientiae</strong></span> <span class='ocrx_word' id='word_1_383' title='bbox 949 3165 1200 3232; x_wconf 85' lang='lat' dir='ltr'><strong>claritas;</strong></span> <span class='ocrx_word' id='word_1_384' title='bbox 1234 3169 1413 3232; x_wconf 90' lang='lat' dir='ltr'><strong>tertia,</strong></span> <span class='ocrx_word' id='word_1_385' title='bbox 1444 3170 1666 3240; x_wconf 89' lang='lat' dir='ltr'><strong>spiritus</strong></span> <span class='ocrx_word' id='word_1_386' title='bbox 1682 3170 1922 3226; x_wconf 89' lang='lat' dir='ltr'><strong>libertas.</strong></span> <span class='ocrx_word' id='word_1_387' title='bbox 1949 3172 2052 3229; x_wconf 85' lang='lat' dir='ltr'><strong>Per</strong></span> 
     </span>
    </p>
   </div>
   <div class='ocr_carea' id='block_1_49' title="bbox 463 3254 2051 3333">
    <p class='ocr_par' dir='ltr' id='par_1_49' title="bbox 463 3254 2051 3333">
     <span class='ocr_line' id='line_1_49' title="bbox 463 3254 2051 3333; baseline 0.009 -28"><span class='ocrx_word' id='word_1_388' title='bbox 463 3254 694 3321; x_wconf 88' lang='lat' dir='ltr'><strong>primum</strong></span> <span class='ocrx_word' id='word_1_389' title='bbox 728 3271 758 3308; x_wconf 90' lang='lat' dir='ltr'><strong>a</strong></span> <span class='ocrx_word' id='word_1_390' title='bbox 799 3256 908 3312; x_wconf 91' lang='lat' dir='ltr'><strong>Deo</strong></span> <span class='ocrx_word' id='word_1_391' title='bbox 936 3258 1258 3327; x_wconf 88' lang='lat' dir='ltr'><strong>impetratur</strong></span> <span class='ocrx_word' id='word_1_392' title='bbox 1285 3262 1477 3331; x_wconf 83' lang='lat' dir='ltr'><strong>gratia,</strong></span> <span class='ocrx_word' id='word_1_393' title='bbox 1507 3278 1606 3333; x_wconf 90' lang='lat' dir='ltr'><strong>per</strong></span> <span class='ocrx_word' id='word_1_394' title='bbox 1634 3264 1926 3320; x_wconf 90' lang='lat' dir='ltr'><strong>secundum</strong></span> <span class='ocrx_word' id='word_1_395' title='bbox 1953 3265 2051 3320; x_wconf 91' lang='lat' dir='ltr'><strong>ho-</strong></span> 
     </span>
    </p>
   </div>
   <div class='ocr_carea' id='block_1_50' title="bbox 460 3347 2051 3427">
    <p class='ocr_par' dir='ltr' id='par_1_50' title="bbox 460 3347 2051 3427">
     <span class='ocr_line' id='line_1_50' title="bbox 460 3347 2051 3427; baseline 0.009 -28"><span class='ocrx_word' id='word_1_396' title='bbox 460 3347 562 3400; x_wconf 87' lang='lat' dir='ltr'><strong>stis</strong></span> <span class='ocrx_word' id='word_1_397' title='bbox 605 3348 930 3416; x_wconf 71' lang='lat' dir='ltr'><strong>prtevidetur</strong></span> <span class='ocrx_word' id='word_1_398' title='bbox 974 3351 1206 3418; x_wconf 87' lang='lat' dir='ltr'><strong>astutia,</strong></span> <span class='ocrx_word' id='word_1_399' title='bbox 1245 3367 1344 3423; x_wconf 90' lang='lat' dir='ltr'><strong>per</strong></span> <span class='ocrx_word' id='word_1_400' title='bbox 1388 3355 1605 3412; x_wconf 88' lang='lat' dir='ltr'><strong>tertium</strong></span> <span class='ocrx_word' id='word_1_401' title='bbox 1649 3355 1766 3426; x_wconf 85' lang='lat' dir='ltr'><strong>ejus</strong></span> <span class='ocrx_word' id='word_1_402' title='bbox 1813 3357 2051 3427; x_wconf 71' lang='lat' dir='ltr'><strong>perﬁdia:</strong></span> 
     </span>
    </p>
   </div>
   <div class='ocr_carea' id='block_1_51' title="bbox 461 3439 2047 3518">
    <p class='ocr_par' dir='ltr' id='par_1_51' title="bbox 461 3439 2047 3518">
     <span class='ocr_line' id='line_1_51' title="bbox 461 3439 2047 3518; baseline 0.011 -29"><span class='ocrx_word' id='word_1_403' title='bbox 461 3439 822 3507; x_wconf 86' lang='lat' dir='ltr'><strong>prosternitur</strong></span> <span class='ocrx_word' id='word_1_404' title='bbox 842 3442 1086 3498; x_wconf 88' lang='lat' dir='ltr'><strong>audacia.</strong></span> <span class='ocrx_word' id='word_1_405' title='bbox 1117 3443 1221 3498; x_wconf 87' lang='lat' dir='ltr'><strong>Per</strong></span> <span class='ocrx_word' id='word_1_406' title='bbox 1245 3446 1479 3515; x_wconf 90' lang='lat' dir='ltr'><strong>primum</strong></span> <span class='ocrx_word' id='word_1_407' title='bbox 1514 3448 1785 3504; x_wconf 81' lang='lat' dir='ltr'><strong>excitatur</strong></span> <span class='ocrx_word' id='word_1_408' title='bbox 1803 3448 2047 3518; x_wconf 74' lang='lat' dir='ltr'><strong>affectus,</strong></span> 
     </span>
    </p>
   </div>
   <div class='ocr_carea' id='block_1_52' title="bbox 460 3533 2050 3612">
    <p class='ocr_par' dir='ltr' id='par_1_52' title="bbox 460 3533 2050 3612">
     <span class='ocr_line' id='line_1_52' title="bbox 460 3533 2050 3612; baseline 0.012 -31"><span class='ocrx_word' id='word_1_409' title='bbox 460 3543 557 3598; x_wconf 86' lang='lat' dir='ltr'><strong>per</strong></span> <span class='ocrx_word' id='word_1_410' title='bbox 574 3533 867 3587; x_wconf 84' lang='lat' dir='ltr'><strong>secundum</strong></span> <span class='ocrx_word' id='word_1_411' title='bbox 897 3533 1195 3591; x_wconf 89' lang='lat' dir='ltr'><strong>illustratur</strong></span> <span class='ocrx_word' id='word_1_412' title='bbox 1217 3538 1536 3605; x_wconf 88' lang='lat' dir='ltr'><strong>intellectus,</strong></span> <span class='ocrx_word' id='word_1_413' title='bbox 1565 3556 1663 3612; x_wconf 88' lang='lat' dir='ltr'><strong>per</strong></span> <span class='ocrx_word' id='word_1_414' title='bbox 1683 3544 1899 3598; x_wconf 89' lang='lat' dir='ltr'><strong>tertium</strong></span> <span class='ocrx_word' id='word_1_415' title='bbox 1921 3559 2050 3600; x_wconf 82' lang='lat' dir='ltr'><strong>con—-</strong></span> 
     </span>
    </p>
   </div>
   <div class='ocr_carea' id='block_1_53' title="bbox 459 3628 2045 3708">
    <p class='ocr_par' dir='ltr' id='par_1_53' title="bbox 459 3628 2045 3708">
     <span class='ocr_line' id='line_1_53' title="bbox 459 3628 2045 3708; baseline 0.012 -33"><span class='ocrx_word' id='word_1_416' title='bbox 459 3632 760 3680; x_wconf 89' lang='lat' dir='ltr'><strong>summatur</strong></span> <span class='ocrx_word' id='word_1_417' title='bbox 787 3636 960 3684; x_wconf 90' lang='lat' dir='ltr'><strong>actus.</strong></span> <span class='ocrx_word' id='word_1_418' title='bbox 989 3628 1226 3684; x_wconf 90' lang='lat' dir='ltr'><strong>Primum</strong></span> <span class='ocrx_word' id='word_1_419' title='bbox 1255 3632 1492 3688; x_wconf 83' lang='lat' dir='ltr'><strong>excludit</strong></span> <span class='ocrx_word' id='word_1_420' title='bbox 1510 3649 1753 3690; x_wconf 89' lang='lat' dir='ltr'><strong>errorem</strong></span> <span class='ocrx_word' id='word_1_421' title='bbox 1777 3637 2045 3708; x_wconf 73' lang='lat' dir='ltr'><strong>perfidiae;</strong></span> 
     </span>
    </p>
   </div>
   <div class='ocr_carea' id='block_1_54' title="bbox 461 3719 2049 3799">
    <p class='ocr_par' dir='ltr' id='par_1_54' title="bbox 461 3719 2049 3799">
     <span class='ocr_line' id='line_1_54' title="bbox 461 3719 2049 3799; baseline 0.009 -28"><span class='ocrx_word' id='word_1_422' title='bbox 461 3719 774 3785; x_wconf 87' lang='lat' dir='ltr'><strong>secundum,</strong></span> <span class='ocrx_word' id='word_1_423' title='bbox 807 3723 1059 3778; x_wconf 88' lang='lat' dir='ltr'><strong>tenebras</strong></span> <span class='ocrx_word' id='word_1_424' title='bbox 1090 3723 1444 3794; x_wconf 58' lang='lat' dir='ltr'><strong>ignorantia);</strong></span> <span class='ocrx_word' id='word_1_425' title='bbox 1483 3727 1704 3783; x_wconf 86' lang='lat' dir='ltr'><strong>tertium</strong></span> <span class='ocrx_word' id='word_1_426' title='bbox 1724 3770 1740 3794; x_wconf 96' lang='lat'><strong>,</strong></span> <span class='ocrx_word' id='word_1_427' title='bbox 1781 3730 2049 3799; x_wconf 89' lang='lat' dir='ltr'><strong>ignaviam</strong></span> 
     </span>
    </p>
   </div>
   <div class='ocr_carea' id='block_1_55' title="bbox 461 3808 2052 3893">
    <p class='ocr_par' dir='ltr' id='par_1_55' title="bbox 461 3808 2052 3893">
     <span class='ocr_line' id='line_1_55' title="bbox 461 3808 2052 3893; baseline 0.011 -33"><span class='ocrx_word' id='word_1_428' title='bbox 461 3808 648 3872; x_wconf 89' lang='lat' dir='ltr'><strong>animi,</strong></span> <span class='ocrx_word' id='word_1_429' title='bbox 671 3814 725 3861; x_wconf 91' lang='lat' dir='ltr'><strong>et</strong></span> <span class='ocrx_word' id='word_1_430' title='bbox 752 3817 1020 3879; x_wconf 88' lang='lat' dir='ltr'><strong>torporem</strong></span> <span class='ocrx_word' id='word_1_431' title='bbox 1055 3813 1414 3883; x_wconf 60' lang='lat' dir='ltr'><strong>negligentiae.</strong></span> <span class='ocrx_word' id='word_1_432' title='bbox 1439 3817 1622 3873; x_wconf 84' lang='lat' dir='ltr'><strong>Primo</strong></span> <span class='ocrx_word' id='word_1_433' title='bbox 1643 3829 1868 3875; x_wconf 89' lang='lat' dir='ltr'><strong>sanatur</strong></span> <span class='ocrx_word' id='word_1_434' title='bbox 1887 3838 2052 3893; x_wconf 70' lang='lat' dir='ltr'><strong>tegro-</strong></span> 
     </span>
    </p>
   </div>
   <div class='ocr_carea' id='block_1_56' title="bbox 461 3899 2051 3974">
    <p class='ocr_par' dir='ltr' id='par_1_56' title="bbox 461 3899 2051 3974">
     <span class='ocr_line' id='line_1_56' title="bbox 461 3899 2051 3974; baseline 0.011 -21"><span class='ocrx_word' id='word_1_435' title='bbox 461 3907 567 3961; x_wconf 90' lang='lat' dir='ltr'><strong>tus,</strong></span> <span class='ocrx_word' id='word_1_436' title='bbox 601 3899 836 3954; x_wconf 86' lang='lat' dir='ltr'><strong>secundo</strong></span> <span class='ocrx_word' id='word_1_437' title='bbox 861 3901 1193 3958; x_wconf 89' lang='lat' dir='ltr'><strong>illuminatur</strong></span> <span class='ocrx_word' id='word_1_438' title='bbox 1230 3922 1423 3974; x_wconf 58' lang='lat' dir='ltr'><strong>caicus,</strong></span> <span class='ocrx_word' id='word_1_439' title='bbox 1472 3911 1633 3966; x_wconf 86' lang='lat' dir='ltr'><strong>tertio</strong></span> <span class='ocrx_word' id='word_1_440' title='bbox 1677 3910 1920 3966; x_wconf 85' lang='lat' dir='ltr'><strong>libertate</strong></span> <span class='ocrx_word' id='word_1_441' title='bbox 1955 3913 2051 3970; x_wconf 91' lang='lat' dir='ltr'><strong>do-</strong></span> 
     </span>
    </p>
   </div>
   <div class='ocr_carea' id='block_1_57' title="bbox 461 3991 2049 4072">
    <p class='ocr_par' dir='ltr' id='par_1_57' title="bbox 461 3991 2049 4072">
     <span class='ocr_line' id='line_1_57' title="bbox 461 3991 2049 4072; baseline 0.011 -27"><span class='ocrx_word' id='word_1_442' title='bbox 461 3997 626 4045; x_wconf 91' lang='lat' dir='ltr'><strong>natur</strong></span> <span class='ocrx_word' id='word_1_443' title='bbox 651 4004 858 4046; x_wconf 85' lang='lat' dir='ltr'><strong>servus.</strong></span> <span class='ocrx_word' id='word_1_444' title='bbox 887 3991 990 4046; x_wconf 90' lang='lat' dir='ltr'><strong>Per</strong></span> <span class='ocrx_word' id='word_1_445' title='bbox 1015 3996 1251 4062; x_wconf 90' lang='lat' dir='ltr'><strong>primum</strong></span> <span class='ocrx_word' id='word_1_446' title='bbox 1282 3998 1585 4065; x_wconf 86' lang='lat' dir='ltr'><strong>inﬁrmitas,</strong></span> <span class='ocrx_word' id='word_1_447' title='bbox 1621 4019 1718 4072; x_wconf 91' lang='lat' dir='ltr'><strong>per</strong></span> <span class='ocrx_word' id='word_1_448' title='bbox 1755 4006 2049 4062; x_wconf 81' lang='lat' dir='ltr'><strong>secundum</strong></span> 
     </span>
    </p>
   </div>
   <div class='ocr_carea' id='block_1_58' title="bbox 459 4081 2046 4174">
    <p class='ocr_par' dir='ltr' id='par_1_58' title="bbox 459 4081 2046 4174">
     <span class='ocr_line' id='line_1_58' title="bbox 459 4081 2046 4174; baseline 0.011 -38"><span class='ocrx_word' id='word_1_449' title='bbox 459 4081 782 4152; x_wconf 88' lang='lat' dir='ltr'><strong>ignorantia,</strong></span> <span class='ocrx_word' id='word_1_450' title='bbox 810 4099 908 4154; x_wconf 91' lang='lat' dir='ltr'><strong>per</strong></span> <span class='ocrx_word' id='word_1_451' title='bbox 932 4087 1150 4145; x_wconf 86' lang='lat' dir='ltr'><strong>tertium</strong></span> <span class='ocrx_word' id='word_1_452' title='bbox 1176 4092 1435 4157; x_wconf 89' lang='lat' dir='ltr'><strong>peccandi</strong></span> <span class='ocrx_word' id='word_1_453' title='bbox 1454 4095 1738 4174; x_wconf 75' lang='lat' dir='ltr'><strong>expellitur</strong></span> <span class='ocrx_word' id='word_1_454' title='bbox 1762 4097 2046 4153; x_wconf 89' lang='lat' dir='ltr'><strong>industria.</strong></span> 
     </span>
    </p>
   </div>
   <div class='ocr_carea' id='block_1_59' title="bbox 460 4173 2043 4250">
    <p class='ocr_par' dir='ltr' id='par_1_59' title="bbox 460 4173 2043 4250">
     <span class='ocr_line' id='line_1_59' title="bbox 460 4173 2043 4250; baseline 0.011 -22"><span class='ocrx_word' id='word_1_455' title='bbox 460 4173 628 4228; x_wconf 86' lang='lat' dir='ltr'><strong>Filius</strong></span> <span class='ocrx_word' id='word_1_456' title='bbox 655 4184 828 4240; x_wconf 86' lang='lat' dir='ltr'><strong>sanat,</strong></span> <span class='ocrx_word' id='word_1_457' title='bbox 861 4175 1095 4247; x_wconf 85' lang='lat' dir='ltr'><strong>Spiritus</strong></span> <span class='ocrx_word' id='word_1_458' title='bbox 1126 4181 1428 4250; x_wconf 89' lang='lat' dir='ltr'><strong>illuminat,</strong></span> <span class='ocrx_word' id='word_1_459' title='bbox 1479 4173 1640 4244; x_wconf 87' lang='lat' dir='ltr'><strong>Pater</strong></span> <span class='ocrx_word' id='word_1_460' title='bbox 1686 4200 2043 4246; x_wconf 88' lang='lat' dir='ltr'><strong>consummat.</strong></span> 
     </span>
    </p>
   </div>
   <div class='ocr_carea' id='block_1_60' title="bbox 460 4264 2042 4350">
    <p class='ocr_par' dir='ltr' id='par_1_60' title="bbox 460 4264 2042 4350">
     <span class='ocr_line' id='line_1_60' title="bbox 460 4264 2042 4350; baseline 0.011 -29"><span class='ocrx_word' id='word_1_461' title='bbox 460 4264 630 4321; x_wconf 88' lang='lat' dir='ltr'><strong>Sanat</strong></span> <span class='ocrx_word' id='word_1_462' title='bbox 667 4268 931 4334; x_wconf 91' lang='lat' dir='ltr'><strong>doctrina,</strong></span> <span class='ocrx_word' id='word_1_463' title='bbox 979 4269 1246 4328; x_wconf 89' lang='lat' dir='ltr'><strong>illuminat</strong></span> <span class='ocrx_word' id='word_1_464' title='bbox 1283 4276 1528 4342; x_wconf 90' lang='lat' dir='ltr'><strong>scientia,</strong></span> <span class='ocrx_word' id='word_1_465' title='bbox 1580 4279 1790 4348; x_wconf 86' lang='lat' dir='ltr'><strong>perficit</strong></span> <span class='ocrx_word' id='word_1_466' title='bbox 1817 4279 2042 4350; x_wconf 90' lang='lat' dir='ltr'><strong>justitia.</strong></span> 
     </span>
    </p>
   </div>
   <div class='ocr_carea' id='block_1_61' title="bbox 457 4356 2045 4436">
    <p class='ocr_par' dir='ltr' id='par_1_61' title="bbox 457 4356 2045 4436">
     <span class='ocr_line' id='line_1_61' title="bbox 457 4356 2045 4436; baseline 0.012 -25"><span class='ocrx_word' id='word_1_467' title='bbox 457 4356 627 4413; x_wconf 87' lang='lat' dir='ltr'><strong>Filius</strong></span> <span class='ocrx_word' id='word_1_468' title='bbox 665 4366 818 4413; x_wconf 90' lang='lat' dir='ltr'><strong>sanat</strong></span> <span class='ocrx_word' id='word_1_469' title='bbox 853 4359 974 4415; x_wconf 78' lang='lat' dir='ltr'><strong>fidei</strong></span> <span class='ocrx_word' id='word_1_470' title='bbox 1007 4363 1255 4431; x_wconf 86' lang='lat' dir='ltr'><strong>puritate,</strong></span> <span class='ocrx_word' id='word_1_471' title='bbox 1293 4365 1526 4436; x_wconf 88' lang='lat' dir='ltr'><strong>Spiritus</strong></span> <span class='ocrx_word' id='word_1_472' title='bbox 1571 4370 1837 4427; x_wconf 91' lang='lat' dir='ltr'><strong>illuminat</strong></span> <span class='ocrx_word' id='word_1_473' title='bbox 1882 4375 2045 4431; x_wconf 75' lang='lat' dir='ltr'><strong>cmle-</strong></span> 
     </span>
    </p>
   </div>
   <div class='ocr_carea' id='block_1_62' title="bbox 2166 1863 3742 1935">
    <p class='ocr_par' dir='ltr' id='par_1_62' title="bbox 2166 1863 3742 1935">
     <span class='ocr_line' id='line_1_62' title="bbox 2166 1863 3742 1935; baseline -0.001 -17"><span class='ocrx_word' id='word_1_474' title='bbox 2166 1863 2375 1930; x_wconf 90' lang='lat' dir='ltr'><strong>titiam,</strong></span> <span class='ocrx_word' id='word_1_475' title='bbox 2411 1872 2466 1920; x_wconf 90' lang='lat' dir='ltr'><strong>et</strong></span> <span class='ocrx_word' id='word_1_476' title='bbox 2504 1865 2763 1920; x_wconf 89' lang='lat' dir='ltr'><strong>virtutum</strong></span> <span class='ocrx_word' id='word_1_477' title='bbox 2813 1865 3160 1921; x_wconf 86' lang='lat' dir='ltr'><strong>charismata.</strong></span> <span class='ocrx_word' id='word_1_478' title='bbox 3208 1865 3266 1920; x_wconf 93' lang='lat' dir='ltr'><strong>ln</strong></span> <span class='ocrx_word' id='word_1_479' title='bbox 3305 1871 3627 1935; x_wconf 83' lang='lat' dir='ltr'><strong>tempestate</strong></span> <span class='ocrx_word' id='word_1_480' title='bbox 3661 1880 3742 1919; x_wconf 83' lang='lat' dir='ltr'><strong>sua</strong></span> 
     </span>
    </p>
   </div>
   <div class='ocr_carea' id='block_1_63' title="bbox 2162 1957 3742 2028">
    <p class='ocr_par' dir='ltr' id='par_1_63' title="bbox 2162 1957 3742 2028">
     <span class='ocr_line' id='line_1_63' title="bbox 2162 1957 3742 2028; baseline -0.002 -16"><span class='ocrx_word' id='word_1_481' title='bbox 2162 1971 2258 2012; x_wconf 91' lang='lat' dir='ltr'><strong>eos</strong></span> <span class='ocrx_word' id='word_1_482' title='bbox 2285 1965 2608 2025; x_wconf 89' lang='lat' dir='ltr'><strong>persecutus</strong></span> <span class='ocrx_word' id='word_1_483' title='bbox 2629 1965 2712 2012; x_wconf 87' lang='lat' dir='ltr'><strong>est</strong></span> <span class='ocrx_word' id='word_1_484' title='bbox 2736 1998 2750 2023; x_wconf 94' lang='lat'><strong>,</strong></span> <span class='ocrx_word' id='word_1_485' title='bbox 2793 1958 2918 2028; x_wconf 90' lang='lat' dir='ltr'><strong>quia</strong></span> <span class='ocrx_word' id='word_1_486' title='bbox 2948 1958 3074 2012; x_wconf 92' lang='lat' dir='ltr'><strong>dum</strong></span> <span class='ocrx_word' id='word_1_487' title='bbox 3119 1959 3200 2013; x_wconf 90' lang='lat' dir='ltr'><strong>eis</strong></span> <span class='ocrx_word' id='word_1_488' title='bbox 3243 1958 3483 2013; x_wconf 87' lang='lat' dir='ltr'><strong>humana</strong></span> <span class='ocrx_word' id='word_1_489' title='bbox 3521 1957 3742 2028; x_wconf 83' lang='lat' dir='ltr'><strong>pertulit,</strong></span> 
     </span>
    </p>
   </div>
   <div class='ocr_carea' id='block_1_64' title="bbox 2163 2047 3742 2120">
    <p class='ocr_par' dir='ltr' id='par_1_64' title="bbox 2163 2047 3742 2120">
     <span class='ocr_line' id='line_1_64' title="bbox 2163 2047 3742 2120; baseline -0.001 -18"><span class='ocrx_word' id='word_1_490' title='bbox 2163 2047 2347 2102; x_wconf 86' lang='lat' dir='ltr'><strong>divina</strong></span> <span class='ocrx_word' id='word_1_491' title='bbox 2377 2063 2485 2104; x_wconf 92' lang='lat' dir='ltr'><strong>non</strong></span> <span class='ocrx_word' id='word_1_492' title='bbox 2515 2048 2788 2105; x_wconf 90' lang='lat' dir='ltr'><strong>immerito</strong></span> <span class='ocrx_word' id='word_1_493' title='bbox 2812 2049 2881 2104; x_wconf 88' lang='lat' dir='ltr'><strong>ab</strong></span> <span class='ocrx_word' id='word_1_494' title='bbox 2904 2047 2986 2104; x_wconf 86' lang='lat' dir='ltr'><strong>eis</strong></span> <span class='ocrx_word' id='word_1_495' title='bbox 3015 2049 3258 2104; x_wconf 85' lang='lat' dir='ltr'><strong>abstulit.</strong></span> <span class='ocrx_word' id='word_1_496' title='bbox 3295 2049 3588 2120; x_wconf 88' lang='lat' dir='ltr'><strong>Sequitur:</strong></span> <span class='ocrx_word' id='word_1_497' title='bbox 3618 2048 3677 2101; x_wconf 84' lang='lat' dir='ltr'><strong>Et</strong></span> <span class='ocrx_word' id='word_1_498' title='bbox 3697 2050 3742 2101; x_wconf 79' lang='lat' dir='ltr'><strong>in</strong></span> 
     </span>
    </p>
   </div>
   <div class='ocr_carea' id='block_1_65' title="bbox 2163 2137 3740 2211">
    <p class='ocr_par' dir='ltr' id='par_1_65' title="bbox 2163 2137 3740 2211">
     <span class='ocr_line' id='line_1_65' title="bbox 2163 2137 3740 2211; baseline 0.001 -19"><span class='ocrx_word' id='word_1_499' title='bbox 2163 2137 2246 2192; x_wconf 87' lang='lat' dir='ltr'><strong>ira</strong></span> <span class='ocrx_word' id='word_1_500' title='bbox 2285 2147 2376 2192; x_wconf 87' lang='lat' dir='ltr'><strong>tua</strong></span> <span class='ocrx_word' id='word_1_501' title='bbox 2400 2138 2635 2193; x_wconf 85' lang='lat' dir='ltr'><strong>turbabis</strong></span> <span class='ocrx_word' id='word_1_502' title='bbox 2657 2155 2764 2194; x_wconf 88' lang='lat' dir='ltr'><strong>eos.</strong></span> <span class='ocrx_word' id='word_1_503' title='bbox 2799 2138 3073 2207; x_wconf 86' lang='lat' dir='ltr'><strong>Quosdam</strong></span> <span class='ocrx_word' id='word_1_504' title='bbox 3100 2140 3317 2211; x_wconf 90' lang='lat' dir='ltr'><strong>quidem</strong></span> <span class='ocrx_word' id='word_1_505' title='bbox 3349 2142 3538 2197; x_wconf 87' lang='lat' dir='ltr'><strong>turbat</strong></span> <span class='ocrx_word' id='word_1_506' title='bbox 3579 2141 3740 2195; x_wconf 81' lang='lat' dir='ltr'><strong>Domi-</strong></span> 
     </span>
    </p>
   </div>
   <div class='ocr_carea' id='block_1_66' title="bbox 2164 2231 3738 2300">
    <p class='ocr_par' dir='ltr' id='par_1_66' title="bbox 2164 2231 3738 2300">
     <span class='ocr_line' id='line_1_66' title="bbox 2164 2231 3738 2300; baseline 0.001 -16"><span class='ocrx_word' id='word_1_507' title='bbox 2164 2245 2268 2285; x_wconf 87' lang='lat' dir='ltr'><strong>nus</strong></span> <span class='ocrx_word' id='word_1_508' title='bbox 2291 2231 2345 2284; x_wconf 92' lang='lat' dir='ltr'><strong>in</strong></span> <span class='ocrx_word' id='word_1_509' title='bbox 2369 2231 2469 2297; x_wconf 91' lang='lat' dir='ltr'><strong>ira,</strong></span> <span class='ocrx_word' id='word_1_510' title='bbox 2494 2231 2755 2300; x_wconf 90' lang='lat' dir='ltr'><strong>quosdam</strong></span> <span class='ocrx_word' id='word_1_511' title='bbox 2783 2246 2914 2288; x_wconf 87' lang='lat' dir='ltr'><strong>vero</strong></span> <span class='ocrx_word' id='word_1_512' title='bbox 2951 2232 3260 2290; x_wconf 87' lang='lat' dir='ltr'><strong>clementia.</strong></span> <span class='ocrx_word' id='word_1_513' title='bbox 3309 2232 3616 2290; x_wconf 82' lang='lat' dir='ltr'><strong>Clementer</strong></span> <span class='ocrx_word' id='word_1_514' title='bbox 3641 2243 3738 2287; x_wconf 84' lang='lat' dir='ltr'><strong>tur-</strong></span> 
     </span>
    </p>
   </div>
   <div class='ocr_carea' id='block_1_67' title="bbox 2163 2321 3737 2394">
    <p class='ocr_par' dir='ltr' id='par_1_67' title="bbox 2163 2321 3737 2394">
     <span class='ocr_line' id='line_1_67' title="bbox 2163 2321 3737 2394; baseline -0.001 -16"><span class='ocrx_word' id='word_1_515' title='bbox 2163 2322 2276 2388; x_wconf 89' lang='lat' dir='ltr'><strong>bat,</strong></span> <span class='ocrx_word' id='word_1_516' title='bbox 2307 2337 2444 2393; x_wconf 90' lang='lat' dir='ltr'><strong>quos</strong></span> <span class='ocrx_word' id='word_1_517' title='bbox 2476 2321 2698 2394; x_wconf 85' lang='lat' dir='ltr'><strong>ﬂagellis</strong></span> <span class='ocrx_word' id='word_1_518' title='bbox 2736 2339 2764 2378; x_wconf 90' lang='lat' dir='ltr'><strong>a</strong></span> <span class='ocrx_word' id='word_1_519' title='bbox 2807 2325 3053 2393; x_wconf 88' lang='lat' dir='ltr'><strong>gebeuna</strong></span> <span class='ocrx_word' id='word_1_520' title='bbox 3093 2333 3352 2391; x_wconf 88' lang='lat' dir='ltr'><strong>revocat;</strong></span> <span class='ocrx_word' id='word_1_521' title='bbox 3396 2325 3449 2380; x_wconf 91' lang='lat' dir='ltr'><strong>in</strong></span> <span class='ocrx_word' id='word_1_522' title='bbox 3500 2325 3580 2380; x_wconf 90' lang='lat' dir='ltr'><strong>ira</strong></span> <span class='ocrx_word' id='word_1_523' title='bbox 3608 2339 3737 2389; x_wconf 73' lang='lat' dir='ltr'><strong>vero,</strong></span> 
     </span>
    </p>
   </div>
   <div class='ocr_carea' id='block_1_68' title="bbox 2163 2414 3740 2488">
    <p class='ocr_par' dir='ltr' id='par_1_68' title="bbox 2163 2414 3740 2488">
     <span class='ocr_line' id='line_1_68' title="bbox 2163 2414 3740 2488; baseline 0.001 -19"><span class='ocrx_word' id='word_1_524' title='bbox 2163 2430 2300 2485; x_wconf 91' lang='lat' dir='ltr'><strong>quos</strong></span> <span class='ocrx_word' id='word_1_525' title='bbox 2317 2415 2465 2486; x_wconf 90' lang='lat' dir='ltr'><strong>justo</strong></span> <span class='ocrx_word' id='word_1_526' title='bbox 2483 2414 2689 2485; x_wconf 89' lang='lat' dir='ltr'><strong>judicio</strong></span> <span class='ocrx_word' id='word_1_527' title='bbox 2712 2414 2969 2488; x_wconf 87' lang='lat' dir='ltr'><strong>ﬂagellari</strong></span> <span class='ocrx_word' id='word_1_528' title='bbox 3010 2418 3275 2487; x_wconf 81' lang='lat' dir='ltr'><strong>permittit</strong></span> <span class='ocrx_word' id='word_1_529' title='bbox 3312 2427 3598 2488; x_wconf 88' lang='lat' dir='ltr'><strong>perpetuo.</strong></span> <span class='ocrx_word' id='word_1_530' title='bbox 3635 2417 3740 2471; x_wconf 85' lang='lat' dir='ltr'><strong>Cle-</strong></span> 
     </span>
    </p>
   </div>
   <div class='ocr_carea' id='block_1_69' title="bbox 2164 2511 3740 2584">
    <p class='ocr_par' dir='ltr' id='par_1_69' title="bbox 2164 2511 3740 2584">
     <span class='ocr_line' id='line_1_69' title="bbox 2164 2511 3740 2584; baseline 0.003 -21"><span class='ocrx_word' id='word_1_531' title='bbox 2164 2517 2376 2564; x_wconf 89' lang='lat' dir='ltr'><strong>menter</strong></span> <span class='ocrx_word' id='word_1_532' title='bbox 2399 2511 2601 2576; x_wconf 87' lang='lat' dir='ltr'><strong>turbat,</strong></span> <span class='ocrx_word' id='word_1_533' title='bbox 2631 2511 2696 2566; x_wconf 92' lang='lat' dir='ltr'><strong>de</strong></span> <span class='ocrx_word' id='word_1_534' title='bbox 2720 2511 2956 2581; x_wconf 90' lang='lat' dir='ltr'><strong>peccatis</strong></span> <span class='ocrx_word' id='word_1_535' title='bbox 2976 2513 3417 2584; x_wconf 88' lang='lat' dir='ltr'><strong>compungendo;</strong></span> <span class='ocrx_word' id='word_1_536' title='bbox 3446 2514 3502 2567; x_wconf 92' lang='lat' dir='ltr'><strong>in</strong></span> <span class='ocrx_word' id='word_1_537' title='bbox 3526 2515 3605 2568; x_wconf 87' lang='lat' dir='ltr'><strong>ira</strong></span> <span class='ocrx_word' id='word_1_538' title='bbox 3627 2526 3740 2581; x_wconf 81' lang='lat' dir='ltr'><strong>quo-</strong></span> 
     </span>
    </p>
   </div>
   <div class='ocr_carea' id='block_1_70' title="bbox 2162 2600 3738 2676">
    <p class='ocr_par' dir='ltr' id='par_1_70' title="bbox 2162 2600 3738 2676">
     <span class='ocr_line' id='line_1_70' title="bbox 2162 2600 3738 2676; baseline 0 -21"><span class='ocrx_word' id='word_1_539' title='bbox 2162 2617 2268 2671; x_wconf 90' lang='lat' dir='ltr'><strong>que</strong></span> <span class='ocrx_word' id='word_1_540' title='bbox 2319 2600 2606 2672; x_wconf 90' lang='lat' dir='ltr'><strong>naufragii,</strong></span> <span class='ocrx_word' id='word_1_541' title='bbox 2661 2603 2713 2657; x_wconf 92' lang='lat' dir='ltr'><strong>in</strong></span> <span class='ocrx_word' id='word_1_542' title='bbox 2768 2603 3020 2659; x_wconf 88' lang='lat' dir='ltr'><strong>sordibus</strong></span> <span class='ocrx_word' id='word_1_543' title='bbox 3071 2604 3326 2660; x_wconf 84' lang='lat' dir='ltr'><strong>vitiorum</strong></span> <span class='ocrx_word' id='word_1_544' title='bbox 3378 2603 3738 2676; x_wconf 81' lang='lat' dir='ltr'><strong>relinquendo.</strong></span> 
     </span>
    </p>
   </div>
   <div class='ocr_carea' id='block_1_71' title="bbox 2161 2693 3741 2768">
    <p class='ocr_par' dir='ltr' id='par_1_71' title="bbox 2161 2693 3741 2768">
     <span class='ocr_line' id='line_1_71' title="bbox 2161 2693 3741 2768; baseline 0.002 -19"><span class='ocrx_word' id='word_1_545' title='bbox 2161 2693 2469 2750; x_wconf 89' lang='lat' dir='ltr'><strong>Clementer</strong></span> <span class='ocrx_word' id='word_1_546' title='bbox 2497 2695 2740 2750; x_wconf 89' lang='lat' dir='ltr'><strong>immittit</strong></span> <span class='ocrx_word' id='word_1_547' title='bbox 2777 2696 3006 2752; x_wconf 90' lang='lat' dir='ltr'><strong>interius</strong></span> <span class='ocrx_word' id='word_1_548' title='bbox 3033 2697 3377 2754; x_wconf 89' lang='lat' dir='ltr'><strong>contritionis</strong></span> <span class='ocrx_word' id='word_1_549' title='bbox 3407 2707 3462 2754; x_wconf 92' lang='lat' dir='ltr'><strong>et</strong></span> <span class='ocrx_word' id='word_1_550' title='bbox 3490 2699 3741 2768; x_wconf 74' lang='lat' dir='ltr'><strong>pceniten-</strong></span> 
     </span>
    </p>
   </div>
   <div class='ocr_carea' id='block_1_72' title="bbox 2159 2776 3742 2856">
    <p class='ocr_par' dir='ltr' id='par_1_72' title="bbox 2159 2776 3742 2856">
     <span class='ocr_line' id='line_1_72' title="bbox 2159 2776 3742 2856; baseline 0 -14"><span class='ocrx_word' id='word_1_551' title='bbox 2159 2788 2250 2842; x_wconf 72' lang='lat' dir='ltr'><strong>tia:</strong></span> <span class='ocrx_word' id='word_1_552' title='bbox 2296 2776 2606 2854; x_wconf 88' lang='lat' dir='ltr'><strong>turbinem;</strong></span> <span class='ocrx_word' id='word_1_553' title='bbox 2650 2788 3168 2856; x_wconf 90' lang='lat' dir='ltr'><strong>immisericorditer,</strong></span> <span class='ocrx_word' id='word_1_554' title='bbox 3219 2789 3271 2844; x_wconf 92' lang='lat' dir='ltr'><strong>in</strong></span> <span class='ocrx_word' id='word_1_555' title='bbox 3318 2791 3666 2845; x_wconf 87' lang='lat' dir='ltr'><strong>tenebrarum</strong></span> <span class='ocrx_word' id='word_1_556' title='bbox 3698 2797 3742 2844; x_wconf 80' lang='lat' dir='ltr'><strong>et</strong></span> 
     </span>
    </p>
   </div>
   <div class='ocr_carea' id='block_1_73' title="bbox 2159 2879 3742 2954">
    <p class='ocr_par' dir='ltr' id='par_1_73' title="bbox 2159 2879 3742 2954">
     <span class='ocr_line' id='line_1_73' title="bbox 2159 2879 3742 2954; baseline -0.001 -17"><span class='ocrx_word' id='word_1_557' title='bbox 2159 2882 2420 2954; x_wconf 80' lang='lat' dir='ltr'><strong>gehennae</strong></span> <span class='ocrx_word' id='word_1_558' title='bbox 2449 2880 2629 2938; x_wconf 88' lang='lat' dir='ltr'><strong>induci</strong></span> <span class='ocrx_word' id='word_1_559' title='bbox 2659 2879 2808 2951; x_wconf 89' lang='lat' dir='ltr'><strong>juste</strong></span> <span class='ocrx_word' id='word_1_560' title='bbox 2837 2882 3105 2954; x_wconf 89' lang='lat' dir='ltr'><strong>permittit</strong></span> <span class='ocrx_word' id='word_1_561' title='bbox 3129 2882 3438 2954; x_wconf 87' lang='lat' dir='ltr'><strong>caliginem.</strong></span> <span class='ocrx_word' id='word_1_562' title='bbox 3472 2883 3554 2937; x_wconf 89' lang='lat' dir='ltr'><strong>De</strong></span> <span class='ocrx_word' id='word_1_563' title='bbox 3585 2883 3742 2953; x_wconf 84' lang='lat' dir='ltr'><strong>primo</strong></span> 
     </span>
    </p>
   </div>
   <div class='ocr_carea' id='block_1_74' title="bbox 2160 2973 3740 3048">
    <p class='ocr_par' dir='ltr' id='par_1_74' title="bbox 2160 2973 3740 3048">
     <span class='ocr_line' id='line_1_74' title="bbox 2160 2973 3740 3048; baseline 0 -18"><span class='ocrx_word' id='word_1_564' title='bbox 2160 2973 2376 3030; x_wconf 90' lang='lat' dir='ltr'><strong>turbine</strong></span> <span class='ocrx_word' id='word_1_565' title='bbox 2397 2973 2622 3030; x_wconf 87' lang='lat' dir='ltr'><strong>dicitur:</strong></span> <span class='ocrx_word' id='word_1_566' title='bbox 2670 2975 2924 3031; x_wconf 76' lang='lat' dir='ltr'><strong>Imminet</strong></span> <span class='ocrx_word' id='word_1_567' title='bbox 2961 2976 3177 3048; x_wconf 84' lang='lat' dir='ltr'><strong>angelus</strong></span> <span class='ocrx_word' id='word_1_568' title='bbox 3201 2976 3418 3032; x_wconf 88' lang='lat' dir='ltr'><strong>Domini</strong></span> <span class='ocrx_word' id='word_1_569' title='bbox 3450 2977 3509 3032; x_wconf 87' lang='lat' dir='ltr'><strong>in</strong></span> <span class='ocrx_word' id='word_1_570' title='bbox 3536 2979 3740 3032; x_wconf 81' lang='lat' dir='ltr'><strong>circuitu</strong></span> 
     </span>
    </p>
   </div>
   <div class='ocr_carea' id='block_1_75' title="bbox 2159 3067 3736 3144">
    <p class='ocr_par' dir='ltr' id='par_1_75' title="bbox 2159 3067 3736 3144">
     <span class='ocr_line' id='line_1_75' title="bbox 2159 3067 3736 3144; baseline 0.004 -24"><span class='ocrx_word' id='word_1_571' title='bbox 2159 3067 2451 3122; x_wconf 85' lang='lat' dir='ltr'><strong>timentium</strong></span> <span class='ocrx_word' id='word_1_572' title='bbox 2496 3085 2614 3124; x_wconf 87' lang='lat' dir='ltr'><strong>eum</strong></span> <span class='ocrx_word' id='word_1_573' title='bbox 2640 3109 2654 3135; x_wconf 93' lang='lat'><strong>,</strong></span> <span class='ocrx_word' id='word_1_574' title='bbox 2702 3078 2750 3123; x_wconf 90' lang='lat' dir='ltr'><strong>et</strong></span> <span class='ocrx_word' id='word_1_575' title='bbox 2786 3070 2967 3142; x_wconf 87' lang='lat' dir='ltr'><strong>eripiet</strong></span> <span class='ocrx_word' id='word_1_576' title='bbox 3013 3086 3102 3126; x_wconf 90' lang='lat' dir='ltr'><strong>eos</strong></span> <span class='ocrx_word' id='word_1_577' title='bbox 3152 3068 3344 3144; x_wconf 83' lang='lat' dir='ltr'><strong>(Psal.</strong></span> <span class='ocrx_word' id='word_1_578' title='bbox 3398 3087 3600 3139; x_wconf 78' lang='lat' dir='ltr'><strong>xxxm,</strong></span> <span class='ocrx_word' id='word_1_579' title='bbox 3638 3071 3736 3143; x_wconf 84' lang='lat'><strong>8);</strong></span> 
     </span>
    </p>
   </div>
   <div class='ocr_carea' id='block_1_76' title="bbox 2158 3158 3740 3232">
    <p class='ocr_par' dir='ltr' id='par_1_76' title="bbox 2158 3158 3740 3232">
     <span class='ocr_line' id='line_1_76' title="bbox 2158 3158 3740 3232; baseline 0.002 -18"><span class='ocrx_word' id='word_1_580' title='bbox 2158 3158 2226 3215; x_wconf 92' lang='lat' dir='ltr'><strong>de</strong></span> <span class='ocrx_word' id='word_1_581' title='bbox 2249 3159 2488 3216; x_wconf 90' lang='lat' dir='ltr'><strong>secundo</strong></span> <span class='ocrx_word' id='word_1_582' title='bbox 2512 3177 2527 3215; x_wconf 90' lang='lat'><strong>:</strong></span> <span class='ocrx_word' id='word_1_583' title='bbox 2569 3158 2993 3232; x_wconf 83' lang='lat' dir='ltr'><strong>Indignationem</strong></span> <span class='ocrx_word' id='word_1_584' title='bbox 3015 3170 3064 3216; x_wconf 89' lang='lat' dir='ltr'><strong>et</strong></span> <span class='ocrx_word' id='word_1_585' title='bbox 3093 3161 3250 3229; x_wconf 90' lang='lat' dir='ltr'><strong>iram,</strong></span> <span class='ocrx_word' id='word_1_586' title='bbox 3274 3170 3324 3216; x_wconf 85' lang='lat' dir='ltr'><strong>et</strong></span> <span class='ocrx_word' id='word_1_587' title='bbox 3361 3162 3740 3217; x_wconf 76' lang='lat' dir='ltr'><strong>tribulationem</strong></span> 
     </span>
    </p>
   </div>
   <div class='ocr_carea' id='block_1_77' title="bbox 2154 3253 3741 3328">
    <p class='ocr_par' dir='ltr' id='par_1_77' title="bbox 2154 3253 3741 3328">
     <span class='ocr_line' id='line_1_77' title="bbox 2154 3253 3741 3328; baseline 0.003 -22"><span class='ocrx_word' id='word_1_588' title='bbox 2154 3269 2248 3324; x_wconf 83' lang='lat' dir='ltr'><strong>per</strong></span> <span class='ocrx_word' id='word_1_589' title='bbox 2283 3253 2495 3324; x_wconf 81' lang='lat' dir='ltr'><strong>angelos</strong></span> <span class='ocrx_word' id='word_1_590' title='bbox 2558 3254 2725 3310; x_wconf 88' lang='lat' dir='ltr'><strong>malos</strong></span> <span class='ocrx_word' id='word_1_591' title='bbox 2771 3253 2955 3326; x_wconf 85' lang='lat' dir='ltr'><strong>(Psal.</strong></span> <span class='ocrx_word' id='word_1_592' title='bbox 2998 3271 3182 3311; x_wconf 78' lang='lat' dir='ltr'><strong>Lxxvn</strong></span> <span class='ocrx_word' id='word_1_593' title='bbox 3205 3296 3223 3323; x_wconf 90' lang='lat'><strong>,</strong></span> <span class='ocrx_word' id='word_1_594' title='bbox 3275 3255 3390 3328; x_wconf 73' lang='grc'><strong>49).</strong></span> <span class='ocrx_word' id='word_1_595' title='bbox 3435 3257 3741 3328; x_wconf 84' lang='lat' dir='ltr'><strong>Tempestas</strong></span> 
     </span>
    </p>
   </div>
   <div class='ocr_carea' id='block_1_78' title="bbox 2153 3344 3736 3419">
    <p class='ocr_par' dir='ltr' id='par_1_78' title="bbox 2153 3344 3736 3419">
     <span class='ocr_line' id='line_1_78' title="bbox 2153 3344 3736 3419; baseline 0.001 -19"><span class='ocrx_word' id='word_1_596' title='bbox 2153 3358 2283 3414; x_wconf 89' lang='lat' dir='ltr'><strong>ergo</strong></span> <span class='ocrx_word' id='word_1_597' title='bbox 2303 3344 2516 3401; x_wconf 90' lang='lat' dir='ltr'><strong>Domini</strong></span> <span class='ocrx_word' id='word_1_598' title='bbox 2538 3345 2660 3411; x_wconf 88' lang='lat' dir='ltr'><strong>fuit,</strong></span> <span class='ocrx_word' id='word_1_599' title='bbox 2676 3347 2803 3403; x_wconf 88' lang='lat' dir='ltr'><strong>dum</strong></span> <span class='ocrx_word' id='word_1_600' title='bbox 2830 3362 2861 3401; x_wconf 94' lang='lat' dir='ltr'><strong>a</strong></span> <span class='ocrx_word' id='word_1_601' title='bbox 2881 3344 3190 3407; x_wconf 65' lang='lat' dir='ltr'><strong>Iudaeorum</strong></span> <span class='ocrx_word' id='word_1_602' title='bbox 3213 3357 3505 3404; x_wconf 76' lang='lat' dir='ltr'><strong>vexaretur</strong></span> <span class='ocrx_word' id='word_1_603' title='bbox 3526 3348 3736 3419; x_wconf 89' lang='lat' dir='ltr'><strong>populo;</strong></span> 
     </span>
    </p>
   </div>
   <div class='ocr_carea' id='block_1_79' title="bbox 2153 3437 3741 3519">
    <p class='ocr_par' dir='ltr' id='par_1_79' title="bbox 2153 3437 3741 3519">
     <span class='ocr_line' id='line_1_79' title="bbox 2153 3437 3741 3519; baseline 0.002 -29"><span class='ocrx_word' id='word_1_604' title='bbox 2153 3437 2331 3502; x_wconf 89' lang='lat' dir='ltr'><strong>turbo,</strong></span> <span class='ocrx_word' id='word_1_605' title='bbox 2360 3437 2486 3492; x_wconf 90' lang='lat' dir='ltr'><strong>dum</strong></span> <span class='ocrx_word' id='word_1_606' title='bbox 2515 3439 2604 3509; x_wconf 90' lang='lat' dir='ltr'><strong>pio</strong></span> <span class='ocrx_word' id='word_1_607' title='bbox 2629 3438 2907 3519; x_wconf 75' lang='lat' dir='ltr'><strong>magistro,</strong></span> <span class='ocrx_word' id='word_1_608' title='bbox 2931 3439 3184 3496; x_wconf 86' lang='lat' dir='ltr'><strong>simulato</strong></span> <span class='ocrx_word' id='word_1_609' title='bbox 3211 3439 3417 3505; x_wconf 88' lang='lat' dir='ltr'><strong>osculo,</strong></span> <span class='ocrx_word' id='word_1_610' title='bbox 3442 3440 3569 3504; x_wconf 82' lang='lat' dir='ltr'><strong>Ave,</strong></span> <span class='ocrx_word' id='word_1_611' title='bbox 3590 3439 3741 3494; x_wconf 68' lang='grc' dir='ltr'><strong>Παιδί</strong></span> 
     </span>
    </p>
   </div>
   <div class='ocr_carea' id='block_1_80' title="bbox 2155 3526 3741 3602">
    <p class='ocr_par' dir='ltr' id='par_1_80' title="bbox 2155 3526 3741 3602">
     <span class='ocr_line' id='line_1_80' title="bbox 2155 3526 3741 3602; baseline 0.002 -21"><span class='ocrx_word' id='word_1_612' title='bbox 2155 3526 2369 3600; x_wconf 82' lang='lat' dir='ltr'><strong>(Matth.</strong></span> <span class='ocrx_word' id='word_1_613' title='bbox 2385 3544 2534 3596; x_wconf 79' lang='lat' dir='ltr'><strong>xxvi,</strong></span> <span class='ocrx_word' id='word_1_614' title='bbox 2556 3528 2669 3602; x_wconf 74' lang='grc'><strong>47),</strong></span> <span class='ocrx_word' id='word_1_615' title='bbox 2691 3537 2722 3584; x_wconf 87' lang='lat' dir='ltr'><strong>a</strong></span> <span class='ocrx_word' id='word_1_616' title='bbox 2745 3531 2990 3586; x_wconf 90' lang='lat' dir='ltr'><strong>tradente</strong></span> <span class='ocrx_word' id='word_1_617' title='bbox 3009 3530 3279 3586; x_wconf 90' lang='lat' dir='ltr'><strong>diceretur</strong></span> <span class='ocrx_word' id='word_1_618' title='bbox 3297 3530 3588 3601; x_wconf 87' lang='lat' dir='ltr'><strong>discipulo.</strong></span> <span class='ocrx_word' id='word_1_619' title='bbox 3603 3530 3741 3586; x_wconf 87' lang='lat' dir='ltr'><strong>Tem-</strong></span> 
     </span>
    </p>
   </div>
   <div class='ocr_carea' id='block_1_81' title="bbox 2150 3618 3736 3695">
    <p class='ocr_par' dir='ltr' id='par_1_81' title="bbox 2150 3618 3736 3695">
     <span class='ocr_line' id='line_1_81' title="bbox 2150 3618 3736 3695; baseline 0.004 -22"><span class='ocrx_word' id='word_1_620' title='bbox 2150 3627 2333 3690; x_wconf 89' lang='lat' dir='ltr'><strong>pestas</strong></span> <span class='ocrx_word' id='word_1_621' title='bbox 2354 3618 2476 3686; x_wconf 88' lang='lat' dir='ltr'><strong>fuit,</strong></span> <span class='ocrx_word' id='word_1_622' title='bbox 2515 3622 2641 3677; x_wconf 91' lang='lat' dir='ltr'><strong>dum</strong></span> <span class='ocrx_word' id='word_1_623' title='bbox 2667 3637 2697 3676; x_wconf 91' lang='lat' dir='ltr'><strong>a</strong></span> <span class='ocrx_word' id='word_1_624' title='bbox 2719 3621 2978 3678; x_wconf 84' lang='lat' dir='ltr'><strong>Romanis</strong></span> <span class='ocrx_word' id='word_1_625' title='bbox 2999 3620 3360 3694; x_wconf 90' lang='lat' dir='ltr'><strong>ﬂagellaretur</strong></span> <span class='ocrx_word' id='word_1_626' title='bbox 3403 3624 3603 3695; x_wconf 83' lang='lat' dir='ltr'><strong>(xxvn,</strong></span> <span class='ocrx_word' id='word_1_627' title='bbox 3627 3622 3736 3694; x_wconf 75' lang='lat'><strong>26);</strong></span> 
     </span>
    </p>
   </div>
   <div class='ocr_carea' id='block_1_82' title="bbox 2153 3712 3741 3786">
    <p class='ocr_par' dir='ltr' id='par_1_82' title="bbox 2153 3712 3741 3786">
     <span class='ocr_line' id='line_1_82' title="bbox 2153 3712 3741 3786; baseline 0.005 -22"><span class='ocrx_word' id='word_1_628' title='bbox 2153 3713 2333 3777; x_wconf 88' lang='lat' dir='ltr'><strong>turbo,</strong></span> <span class='ocrx_word' id='word_1_629' title='bbox 2381 3714 2507 3768; x_wconf 91' lang='lat' dir='ltr'><strong>dum</strong></span> <span class='ocrx_word' id='word_1_630' title='bbox 2553 3728 2583 3767; x_wconf 87' lang='lat' dir='ltr'><strong>a</strong></span> <span class='ocrx_word' id='word_1_631' title='bbox 2618 3714 2773 3782; x_wconf 89' lang='lat' dir='ltr'><strong>plebe</strong></span> <span class='ocrx_word' id='word_1_632' title='bbox 2807 3712 3138 3780; x_wconf 70' lang='lat' dir='ltr'><strong>Iudaeorum,</strong></span> <span class='ocrx_word' id='word_1_633' title='bbox 3178 3712 3460 3786; x_wconf 72' lang='lat' dir='ltr'><strong>Cruciﬁge,</strong></span> <span class='ocrx_word' id='word_1_634' title='bbox 3507 3715 3741 3786; x_wconf 76' lang='lat' dir='ltr'><strong>cruciﬁge</strong></span> 
     </span>
    </p>
   </div>
   <div class='ocr_carea' id='block_1_83' title="bbox 2155 3799 3738 3877">
    <p class='ocr_par' dir='ltr' id='par_1_83' title="bbox 2155 3799 3738 3877">
     <span class='ocr_line' id='line_1_83' title="bbox 2155 3799 3738 3877; baseline 0.004 -24"><span class='ocrx_word' id='word_1_635' title='bbox 2155 3799 2308 3870; x_wconf 85' lang='lat' dir='ltr'><strong>(Luc.</strong></span> <span class='ocrx_word' id='word_1_636' title='bbox 2361 3818 2520 3869; x_wconf 62' lang='grc' dir='ltr'>χχιιι,</span> <span class='ocrx_word' id='word_1_637' title='bbox 2570 3803 2684 3876; x_wconf 80' lang='lat' dir='ltr'><strong>2i),</strong></span> <span class='ocrx_word' id='word_1_638' title='bbox 2733 3803 3080 3860; x_wconf 89' lang='lat' dir='ltr'><strong>clamaretur.</strong></span> <span class='ocrx_word' id='word_1_639' title='bbox 3127 3804 3446 3877; x_wconf 84' lang='lat' dir='ltr'><strong>Tempestas</strong></span> <span class='ocrx_word' id='word_1_640' title='bbox 3491 3805 3553 3860; x_wconf 85' lang='lat' dir='ltr'><strong>in</strong></span> <span class='ocrx_word' id='word_1_641' title='bbox 3597 3808 3738 3863; x_wconf 88' lang='lat' dir='ltr'><strong>horto</strong></span> 
     </span>
    </p>
   </div>
   <div class='ocr_carea' id='block_1_84' title="bbox 2153 3893 3738 3970">
    <p class='ocr_par' dir='ltr' id='par_1_84' title="bbox 2153 3893 3738 3970">
     <span class='ocr_line' id='line_1_84' title="bbox 2153 3893 3738 3970; baseline 0.002 -20"><span class='ocrx_word' id='word_1_642' title='bbox 2153 3893 2299 3950; x_wconf 89' lang='lat' dir='ltr'><strong>circa</strong></span> <span class='ocrx_word' id='word_1_643' title='bbox 2325 3894 2507 3950; x_wconf 89' lang='lat' dir='ltr'><strong>villam</strong></span> <span class='ocrx_word' id='word_1_644' title='bbox 2532 3894 2914 3962; x_wconf 89' lang='lat' dir='ltr'><strong>Gethsemani;</strong></span> <span class='ocrx_word' id='word_1_645' title='bbox 2949 3897 3127 3964; x_wconf 87' lang='lat' dir='ltr'><strong>turbo,</strong></span> <span class='ocrx_word' id='word_1_646' title='bbox 3152 3898 3278 3952; x_wconf 86' lang='lat' dir='ltr'><strong>dum</strong></span> <span class='ocrx_word' id='word_1_647' title='bbox 3299 3896 3597 3953; x_wconf 88' lang='lat' dir='ltr'><strong>duceretur</strong></span> <span class='ocrx_word' id='word_1_648' title='bbox 3613 3913 3738 3970; x_wconf 76' lang='lat' dir='ltr'><strong>pne-</strong></span> 
     </span>
    </p>
   </div>
   <div class='ocr_carea' id='block_1_85' title="bbox 2153 3984 3674 4059">
    <p class='ocr_par' dir='ltr' id='par_1_85' title="bbox 2153 3984 3674 4059">
     <span class='ocr_line' id='line_1_85' title="bbox 2153 3984 3674 4059; baseline 0.002 -21"><span class='ocrx_word' id='word_1_649' title='bbox 2153 3984 2277 4038; x_wconf 89' lang='lat' dir='ltr'><strong>suli.</strong></span> <span class='ocrx_word' id='word_1_650' title='bbox 2305 3984 2620 4054; x_wconf 90' lang='lat' dir='ltr'><strong>Tempestas</strong></span> <span class='ocrx_word' id='word_1_651' title='bbox 2643 3995 2770 4042; x_wconf 91' lang='lat' dir='ltr'><strong>ante</strong></span> <span class='ocrx_word' id='word_1_652' title='bbox 2798 4001 3016 4044; x_wconf 86' lang='lat' dir='ltr'><strong>crucem</strong></span> <span class='ocrx_word' id='word_1_653' title='bbox 3040 4028 3054 4054; x_wconf 96' lang='lat'><strong>,</strong></span> <span class='ocrx_word' id='word_1_654' title='bbox 3083 3989 3243 4044; x_wconf 91' lang='lat' dir='ltr'><strong>turbo</strong></span> <span class='ocrx_word' id='word_1_655' title='bbox 3265 3997 3390 4044; x_wconf 90' lang='lat' dir='ltr'><strong>ante</strong></span> <span class='ocrx_word' id='word_1_656' title='bbox 3411 3987 3674 4059; x_wconf 65' lang='lat' dir='ltr'><strong>judicent.</strong></span> 
     </span>
    </p>
   </div>
   <div class='ocr_carea' id='block_1_86' title="bbox 2224 4074 3736 4147">
    <p class='ocr_par' dir='ltr' id='par_1_86' title="bbox 2224 4074 3736 4147">
     <span class='ocr_line' id='line_1_86' title="bbox 2224 4074 3736 4147; baseline 0.006 -19"><span class='ocrx_word' id='word_1_657' title='bbox 2224 4074 2312 4129; x_wconf 84' lang='lat'><strong>65.</strong></span> <span class='ocrx_word' id='word_1_658' title='bbox 2353 4074 2462 4132; x_wconf 91' lang='lat' dir='ltr'><strong>Sed</strong></span> <span class='ocrx_word' id='word_1_659' title='bbox 2483 4077 2569 4132; x_wconf 88' lang='lat' dir='ltr'><strong>his</strong></span> <span class='ocrx_word' id='word_1_660' title='bbox 2590 4077 2676 4131; x_wconf 87' lang='lat' dir='ltr'><strong>via</strong></span> <span class='ocrx_word' id='word_1_661' title='bbox 2705 4076 2819 4146; x_wconf 83' lang='lat' dir='ltr'><strong>ejus</strong></span> <span class='ocrx_word' id='word_1_662' title='bbox 2846 4077 2948 4133; x_wconf 92' lang='lat' dir='ltr'><strong>fuit</strong></span> <span class='ocrx_word' id='word_1_663' title='bbox 2975 4079 3212 4134; x_wconf 88' lang='lat' dir='ltr'><strong>trifaria:</strong></span> <span class='ocrx_word' id='word_1_664' title='bbox 3246 4081 3468 4147; x_wconf 89' lang='lat' dir='ltr'><strong>veritas,</strong></span> <span class='ocrx_word' id='word_1_665' title='bbox 3498 4095 3736 4137; x_wconf 78' lang='lat' dir='ltr'><strong>mansue-</strong></span> 
     </span>
    </p>
   </div>
   <div class='ocr_carea' id='block_1_87' title="bbox 2153 4167 3736 4238">
    <p class='ocr_par' dir='ltr' id='par_1_87' title="bbox 2153 4167 3736 4238">
     <span class='ocr_line' id='line_1_87' title="bbox 2153 4167 3736 4238; baseline 0.005 -16"><span class='ocrx_word' id='word_1_666' title='bbox 2153 4168 2299 4233; x_wconf 87' lang='lat' dir='ltr'><strong>tudo,</strong></span> <span class='ocrx_word' id='word_1_667' title='bbox 2325 4167 2555 4238; x_wconf 90' lang='lat' dir='ltr'><strong>justitia.</strong></span> <span class='ocrx_word' id='word_1_668' title='bbox 2591 4169 2746 4237; x_wconf 84' lang='lat' dir='ltr'><strong>Quod</strong></span> <span class='ocrx_word' id='word_1_669' title='bbox 2779 4171 3059 4227; x_wconf 90' lang='lat' dir='ltr'><strong>evidenter</strong></span> <span class='ocrx_word' id='word_1_670' title='bbox 3084 4181 3316 4228; x_wconf 89' lang='lat' dir='ltr'><strong>testatur</strong></span> <span class='ocrx_word' id='word_1_671' title='bbox 3347 4173 3641 4231; x_wconf 87' lang='lat' dir='ltr'><strong>Psalmista</strong></span> <span class='ocrx_word' id='word_1_672' title='bbox 3662 4176 3736 4230; x_wconf 87' lang='lat' dir='ltr'><strong>di-</strong></span> 
     </span>
    </p>
   </div>
   <div class='ocr_carea' id='block_1_88' title="bbox 2149 4263 3738 4343">
    <p class='ocr_par' dir='ltr' id='par_1_88' title="bbox 2149 4263 3738 4343">
     <span class='ocr_line' id='line_1_88' title="bbox 2149 4263 3738 4343; baseline 0.004 -25"><span class='ocrx_word' id='word_1_673' title='bbox 2149 4277 2316 4318; x_wconf 86' lang='lat' dir='ltr'><strong>cens:</strong></span> <span class='ocrx_word' id='word_1_674' title='bbox 2357 4263 2580 4336; x_wconf 82' lang='lat' dir='ltr'><strong>PrOpt-er</strong></span> <span class='ocrx_word' id='word_1_675' title='bbox 2607 4267 2892 4334; x_wconf 82' lang='lat' dir='ltr'><strong>veritatem,</strong></span> <span class='ocrx_word' id='word_1_676' title='bbox 2927 4278 2976 4323; x_wconf 91' lang='lat' dir='ltr'><strong>et</strong></span> <span class='ocrx_word' id='word_1_677' title='bbox 2997 4271 3476 4338; x_wconf 80' lang='lat' dir='ltr'><strong>mansuetudinem,</strong></span> <span class='ocrx_word' id='word_1_678' title='bbox 3511 4283 3562 4328; x_wconf 82' lang='lat' dir='ltr'><strong>et</strong></span> <span class='ocrx_word' id='word_1_679' title='bbox 3586 4273 3738 4343; x_wconf 79' lang='lat' dir='ltr'><strong>justi-</strong></span> 
     </span>
    </p>
   </div>
   <div class='ocr_carea' id='block_1_89' title="bbox 2146 4356 3733 4433">
    <p class='ocr_par' dir='ltr' id='par_1_89' title="bbox 2146 4356 3733 4433">
     <span class='ocr_line' id='line_1_89' title="bbox 2146 4356 3733 4433; baseline 0.004 -24"><span class='ocrx_word' id='word_1_680' title='bbox 2146 4356 2277 4410; x_wconf 92' lang='lat' dir='ltr'><strong>tiam</strong></span> <span class='ocrx_word' id='word_1_681' title='bbox 2308 4357 2525 4412; x_wconf 86' lang='lat' dir='ltr'><strong>deducet</strong></span> <span class='ocrx_word' id='word_1_682' title='bbox 2555 4367 2605 4412; x_wconf 89' lang='lat' dir='ltr'><strong>te</strong></span> <span class='ocrx_word' id='word_1_683' title='bbox 2655 4358 2970 4415; x_wconf 88' lang='lat' dir='ltr'><strong>mirabiliter</strong></span> <span class='ocrx_word' id='word_1_684' title='bbox 2996 4361 3210 4416; x_wconf 69' lang='lat' dir='ltr'><strong>dextera</strong></span> <span class='ocrx_word' id='word_1_685' title='bbox 3243 4371 3334 4417; x_wconf 86' lang='lat' dir='ltr'><strong>tua</strong></span> <span class='ocrx_word' id='word_1_686' title='bbox 3374 4361 3556 4433; x_wconf 86' lang='lat' dir='ltr'><strong>(Psal.</strong></span> <span class='ocrx_word' id='word_1_687' title='bbox 3597 4379 3733 4428; x_wconf 78' lang='lat' dir='ltr'><strong>xuv,</strong></span> 
     </span>
    </p>
   </div>
   <div class='ocr_carea' id='block_1_90' title="bbox 458 4448 2054 4550">
    <p class='ocr_par' dir='ltr' id='par_1_90' title="bbox 458 4450 2036 4523">
     <span class='ocr_line' id='line_1_90' title="bbox 458 4450 2036 4523; baseline 0.012 -21"><span class='ocrx_word' id='word_1_688' title='bbox 458 4450 618 4504; x_wconf 90' lang='lat' dir='ltr'><strong>stium</strong></span> <span class='ocrx_word' id='word_1_689' title='bbox 652 4451 915 4518; x_wconf 86' lang='lat' dir='ltr'><strong>claritate,</strong></span> <span class='ocrx_word' id='word_1_690' title='bbox 957 4453 1119 4510; x_wconf 89' lang='lat' dir='ltr'><strong>Pater</strong></span> <span class='ocrx_word' id='word_1_691' title='bbox 1146 4470 1486 4514; x_wconf 89' lang='lat' dir='ltr'><strong>consummat</strong></span> <span class='ocrx_word' id='word_1_692' title='bbox 1531 4471 1735 4517; x_wconf 79' lang='lat' dir='ltr'><strong>aeterna</strong></span> <span class='ocrx_word' id='word_1_693' title='bbox 1761 4462 2036 4523; x_wconf 88' lang='lat' dir='ltr'><strong>felicitate.</strong></span> 
     </span>
    </p>
   </div>
   <div class='ocr_carea' id='block_1_91' title="bbox 2158 4448 3732 4550">
    <p class='ocr_par' dir='ltr' id='par_1_91' title="bbox 2158 4449 3732 4527">
     <span class='ocr_line' id='line_1_91' title="bbox 2158 4449 3732 4527; baseline 0.005 -23"><span class='ocrx_word' id='word_1_694' title='bbox 2158 4449 2234 4522; x_wconf 71' lang='lat'><strong>5).</strong></span> <span class='ocrx_word' id='word_1_695' title='bbox 2263 4449 2561 4506; x_wconf 84' lang='lat' dir='ltr'><strong>Veritatem</strong></span> <span class='ocrx_word' id='word_1_696' title='bbox 2582 4451 2798 4522; x_wconf 85' lang='lat' dir='ltr'><strong>quidem</strong></span> <span class='ocrx_word' id='word_1_697' title='bbox 2819 4468 3032 4523; x_wconf 89' lang='lat' dir='ltr'><strong>semper</strong></span> <span class='ocrx_word' id='word_1_698' title='bbox 3057 4454 3230 4509; x_wconf 89' lang='lat' dir='ltr'><strong>tenuit</strong></span> <span class='ocrx_word' id='word_1_699' title='bbox 3249 4455 3304 4510; x_wconf 91' lang='lat' dir='ltr'><strong>in</strong></span> <span class='ocrx_word' id='word_1_700' title='bbox 3331 4456 3732 4527; x_wconf 81' lang='lat' dir='ltr'><strong>praedicatione,</strong></span> 
     </span>
    </p>
   </div>
   <div class='ocr_carea' id='block_1_92' title="bbox 457 4542 2044 4626">
    <p class='ocr_par' dir='ltr' id='par_1_92' title="bbox 457 4542 2044 4626">
     <span class='ocr_line' id='line_1_92' title="bbox 457 4542 2044 4626; baseline 0.011 -29"><span class='ocrx_word' id='word_1_701' title='bbox 457 4542 584 4599; x_wconf 77' lang='lat' dir='ltr'><strong>llaec</strong></span> <span class='ocrx_word' id='word_1_702' title='bbox 613 4543 816 4610; x_wconf 86' lang='lat' dir='ltr'><strong>dicens,</strong></span> <span class='ocrx_word' id='word_1_703' title='bbox 840 4560 1003 4615; x_wconf 89' lang='lat' dir='ltr'><strong>opera</strong></span> <span class='ocrx_word' id='word_1_704' title='bbox 1043 4546 1321 4604; x_wconf 90' lang='lat' dir='ltr'><strong>Trinitatis</strong></span> <span class='ocrx_word' id='word_1_705' title='bbox 1353 4567 1460 4606; x_wconf 90' lang='lat' dir='ltr'><strong>non</strong></span> <span class='ocrx_word' id='word_1_706' title='bbox 1489 4553 1688 4619; x_wconf 88' lang='lat' dir='ltr'><strong>divido,</strong></span> <span class='ocrx_word' id='word_1_707' title='bbox 1734 4572 1853 4626; x_wconf 62' lang='lat' dir='ltr'><strong>qua:</strong></span> <span class='ocrx_word' id='word_1_708' title='bbox 1888 4558 2044 4614; x_wconf 89' lang='lat' dir='ltr'><strong>indu-</strong></span> 
     </span>
    </p>
   </div>
   <div class='ocr_carea' id='block_1_93' title="bbox 455 4636 2040 4719">
    <p class='ocr_par' dir='ltr' id='par_1_93' title="bbox 455 4636 2040 4719">
     <span class='ocr_line' id='line_1_93' title="bbox 455 4636 2040 4719; baseline 0.009 -29"><span class='ocrx_word' id='word_1_709' title='bbox 455 4636 691 4712; x_wconf 85' lang='lat' dir='ltr'><strong>bitanter</strong></span> <span class='ocrx_word' id='word_1_710' title='bbox 723 4637 911 4693; x_wconf 89' lang='lat' dir='ltr'><strong>eadem</strong></span> <span class='ocrx_word' id='word_1_711' title='bbox 943 4652 1062 4694; x_wconf 90' lang='lat' dir='ltr'><strong>esse</strong></span> <span class='ocrx_word' id='word_1_712' title='bbox 1087 4654 1310 4706; x_wconf 87' lang='lat' dir='ltr'><strong>assero;</strong></span> <span class='ocrx_word' id='word_1_713' title='bbox 1350 4643 1442 4697; x_wconf 88' lang='lat' dir='ltr'><strong>sed</strong></span> <span class='ocrx_word' id='word_1_714' title='bbox 1471 4652 1530 4697; x_wconf 91' lang='lat' dir='ltr'><strong>ut</strong></span> <span class='ocrx_word' id='word_1_715' title='bbox 1552 4643 1608 4699; x_wconf 92' lang='lat' dir='ltr'><strong>in</strong></span> <span class='ocrx_word' id='word_1_716' title='bbox 1639 4645 1793 4701; x_wconf 91' lang='lat' dir='ltr'><strong>donis</strong></span> <span class='ocrx_word' id='word_1_717' title='bbox 1835 4655 1888 4703; x_wconf 88' lang='lat' dir='ltr'><strong>et</strong></span> <span class='ocrx_word' id='word_1_718' title='bbox 1915 4665 2040 4719; x_wconf 88' lang='lat' dir='ltr'><strong>ope-</strong></span> 
     </span>
    </p>
   </div>
   <div class='ocr_carea' id='block_1_94' title="bbox 456 4727 2038 4803">
    <p class='ocr_par' dir='ltr' id='par_1_94' title="bbox 456 4727 2038 4803">
     <span class='ocr_line' id='line_1_94' title="bbox 456 4727 2038 4803; baseline 0.011 -23"><span class='ocrx_word' id='word_1_719' title='bbox 456 4728 664 4783; x_wconf 89' lang='lat' dir='ltr'><strong>ratione</strong></span> <span class='ocrx_word' id='word_1_720' title='bbox 691 4727 869 4782; x_wconf 89' lang='lat' dir='ltr'><strong>divina</strong></span> <span class='ocrx_word' id='word_1_721' title='bbox 895 4743 1247 4797; x_wconf 88' lang='lat' dir='ltr'><strong>personarum</strong></span> <span class='ocrx_word' id='word_1_722' title='bbox 1289 4735 1541 4803; x_wconf 84' lang='lat' dir='ltr'><strong>cognosci</strong></span> <span class='ocrx_word' id='word_1_723' title='bbox 1565 4735 1741 4792; x_wconf 87' lang='lat' dir='ltr'><strong>valeat</strong></span> <span class='ocrx_word' id='word_1_724' title='bbox 1765 4739 2038 4798; x_wconf 88' lang='lat' dir='ltr'><strong>distantia.</strong></span> 
     </span>
    </p>
   </div>
   <div class='ocr_carea' id='block_1_95' title="bbox 455 4820 2043 4890">
    <p class='ocr_par' dir='ltr' id='par_1_95' title="bbox 455 4820 2043 4890">
     <span class='ocr_line' id='line_1_95' title="bbox 455 4820 2043 4890; baseline 0.011 -17"><span class='ocrx_word' id='word_1_725' title='bbox 455 4820 511 4873; x_wconf 91' lang='lat' dir='ltr'><strong>In</strong></span> <span class='ocrx_word' id='word_1_726' title='bbox 547 4821 718 4890; x_wconf 89' lang='lat' dir='ltr'><strong>prima</strong></span> <span class='ocrx_word' id='word_1_727' title='bbox 741 4836 872 4876; x_wconf 90' lang='lat' dir='ltr'><strong>vero</strong></span> <span class='ocrx_word' id='word_1_728' title='bbox 897 4829 952 4876; x_wconf 92' lang='lat' dir='ltr'><strong>et</strong></span> <span class='ocrx_word' id='word_1_729' title='bbox 977 4823 1213 4878; x_wconf 90' lang='lat' dir='ltr'><strong>secunda</strong></span> <span class='ocrx_word' id='word_1_730' title='bbox 1235 4824 1320 4879; x_wconf 91' lang='lat' dir='ltr'><strong>via</strong></span> <span class='ocrx_word' id='word_1_731' title='bbox 1343 4826 1555 4882; x_wconf 91' lang='lat' dir='ltr'><strong>Domini</strong></span> <span class='ocrx_word' id='word_1_732' title='bbox 1582 4829 1854 4888; x_wconf 90' lang='lat' dir='ltr'><strong>invenitur</strong></span> <span class='ocrx_word' id='word_1_733' title='bbox 1893 4835 2043 4890; x_wconf 84' lang='lat' dir='ltr'><strong>trifa-</strong></span> 
     </span>
    </p>
   </div>
   <div class='ocr_carea' id='block_1_96' title="bbox 457 4911 2044 4989">
    <p class='ocr_par' dir='ltr' id='par_1_96' title="bbox 457 4911 2044 4989">
     <span class='ocr_line' id='line_1_96' title="bbox 457 4911 2044 4989; baseline 0.011 -25"><span class='ocrx_word' id='word_1_734' title='bbox 457 4911 558 4964; x_wconf 75' lang='lat' dir='ltr'><strong>ria.</strong></span> <span class='ocrx_word' id='word_1_735' title='bbox 588 4911 770 4966; x_wconf 87' lang='lat' dir='ltr'><strong>Prima</strong></span> <span class='ocrx_word' id='word_1_736' title='bbox 796 4921 878 4968; x_wconf 89' lang='lat' dir='ltr'><strong>est</strong></span> <span class='ocrx_word' id='word_1_737' title='bbox 900 4915 1246 4970; x_wconf 85' lang='lat' dir='ltr'><strong>mortiﬁcatio</strong></span> <span class='ocrx_word' id='word_1_738' title='bbox 1266 4917 1566 4974; x_wconf 89' lang='lat' dir='ltr'><strong>voluntaria</strong></span> <span class='ocrx_word' id='word_1_739' title='bbox 1592 4937 1606 4987; x_wconf 94' lang='lat'><strong>;</strong></span> <span class='ocrx_word' id='word_1_740' title='bbox 1649 4924 1900 4989; x_wconf 90' lang='lat' dir='ltr'><strong>secunda,</strong></span> <span class='ocrx_word' id='word_1_741' title='bbox 1944 4926 2044 4980; x_wconf 90' lang='lat' dir='ltr'><strong>hu-</strong></span> 
     </span>
    </p>
   </div>
   <div class='ocr_carea' id='block_1_97' title="bbox 456 4999 2042 5073">
    <p class='ocr_par' dir='ltr' id='par_1_97' title="bbox 456 4999 2042 5073">
     <span class='ocr_line' id='line_1_97' title="bbox 456 4999 2042 5073; baseline 0.01 -17"><span class='ocrx_word' id='word_1_742' title='bbox 456 5001 657 5057; x_wconf 89' lang='lat' dir='ltr'><strong>militas</strong></span> <span class='ocrx_word' id='word_1_743' title='bbox 685 5002 942 5072; x_wconf 84' lang='lat' dir='ltr'><strong>perfecta,</strong></span> <span class='ocrx_word' id='word_1_744' title='bbox 975 5008 1152 5072; x_wconf 90' lang='lat' dir='ltr'><strong>tertia,</strong></span> <span class='ocrx_word' id='word_1_745' title='bbox 1181 5009 1419 5065; x_wconf 79' lang='lat' dir='ltr'><strong>Charitas</strong></span> <span class='ocrx_word' id='word_1_746' title='bbox 1439 5021 1828 5068; x_wconf 90' lang='lat' dir='ltr'><strong>consummata.</strong></span> <span class='ocrx_word' id='word_1_747' title='bbox 1861 4999 2042 5073; x_wconf 83' lang='lat' dir='ltr'><strong>Prima</strong></span> 
     </span>
    </p>
   </div>
   <div class='ocr_carea' id='block_1_98' title="bbox 456 5095 2040 5175">
    <p class='ocr_par' dir='ltr' id='par_1_98' title="bbox 456 5095 2040 5175">
     <span class='ocr_line' id='line_1_98' title="bbox 456 5095 2040 5175; baseline 0.009 -28"><span class='ocrx_word' id='word_1_748' title='bbox 456 5095 637 5148; x_wconf 88' lang='lat' dir='ltr'><strong>carnis</strong></span> <span class='ocrx_word' id='word_1_749' title='bbox 663 5095 1214 5163; x_wconf 89' lang='lat' dir='ltr'><strong>circumciditactum,</strong></span> <span class='ocrx_word' id='word_1_750' title='bbox 1247 5100 1483 5156; x_wconf 88' lang='lat' dir='ltr'><strong>secunda</strong></span> <span class='ocrx_word' id='word_1_751' title='bbox 1520 5102 1772 5158; x_wconf 90' lang='lat' dir='ltr'><strong>honestat</strong></span> <span class='ocrx_word' id='word_1_752' title='bbox 1800 5120 2040 5175; x_wconf 74' lang='lat' dir='ltr'><strong>sensum,</strong></span> 
     </span>
    </p>
   </div>
   <div class='ocr_carea' id='block_1_99' title="bbox 457 5184 2044 5267">
    <p class='ocr_par' dir='ltr' id='par_1_99' title="bbox 457 5184 2044 5267">
     <span class='ocr_line' id='line_1_99' title="bbox 457 5184 2044 5267; baseline 0.011 -31"><span class='ocrx_word' id='word_1_753' title='bbox 457 5184 615 5238; x_wconf 85' lang='lat' dir='ltr'><strong>tertia</strong></span> <span class='ocrx_word' id='word_1_754' title='bbox 650 5185 862 5239; x_wconf 81' lang='lat' dir='ltr'><strong>drdinat</strong></span> <span class='ocrx_word' id='word_1_755' title='bbox 891 5187 1162 5242; x_wconf 77' lang='lat' dir='ltr'><strong>affectum.</strong></span> <span class='ocrx_word' id='word_1_756' title='bbox 1195 5191 1300 5245; x_wconf 93' lang='lat' dir='ltr'><strong>Per</strong></span> <span class='ocrx_word' id='word_1_757' title='bbox 1317 5191 1549 5260; x_wconf 90' lang='lat' dir='ltr'><strong>primam</strong></span> <span class='ocrx_word' id='word_1_758' title='bbox 1587 5194 1653 5249; x_wconf 91' lang='lat' dir='ltr'><strong>de</strong></span> <span class='ocrx_word' id='word_1_759' title='bbox 1686 5193 1923 5267; x_wconf 58' lang='lat' dir='ltr'><strong>[Egypto</strong></span> <span class='ocrx_word' id='word_1_760' title='bbox 1957 5215 2044 5255; x_wconf 82' lang='lat' dir='ltr'><strong>re-</strong></span> 
     </span>
    </p>
   </div>
   <div class='ocr_carea' id='block_1_100' title="bbox 456 5277 2042 5359">
    <p class='ocr_par' dir='ltr' id='par_1_100' title="bbox 456 5277 2042 5359">
     <span class='ocr_line' id='line_1_100' title="bbox 456 5277 2042 5359; baseline 0.009 -26"><span class='ocrx_word' id='word_1_761' title='bbox 456 5277 636 5340; x_wconf 90' lang='lat' dir='ltr'><strong>deunt,</strong></span> <span class='ocrx_word' id='word_1_762' title='bbox 666 5292 763 5346; x_wconf 89' lang='lat' dir='ltr'><strong>per</strong></span> <span class='ocrx_word' id='word_1_763' title='bbox 791 5280 1078 5334; x_wconf 88' lang='lat' dir='ltr'><strong>secundam</strong></span> <span class='ocrx_word' id='word_1_764' title='bbox 1122 5282 1188 5337; x_wconf 89' lang='lat' dir='ltr'><strong>de</strong></span> <span class='ocrx_word' id='word_1_765' title='bbox 1227 5283 1498 5354; x_wconf 86' lang='lat' dir='ltr'><strong>Babylone</strong></span> <span class='ocrx_word' id='word_1_766' title='bbox 1539 5285 1780 5354; x_wconf 90' lang='lat' dir='ltr'><strong>veniunt,</strong></span> <span class='ocrx_word' id='word_1_767' title='bbox 1808 5304 1906 5359; x_wconf 90' lang='lat' dir='ltr'><strong>per</strong></span> <span class='ocrx_word' id='word_1_768' title='bbox 1941 5300 2042 5348; x_wconf 90' lang='lat' dir='ltr'><strong>ter-</strong></span> 
     </span>
    </p>
   </div>
   <div class='ocr_carea' id='block_1_101' title="bbox 2147 4544 3730 4622">
    <p class='ocr_par' dir='ltr' id='par_1_101' title="bbox 2147 4544 3730 4622">
     <span class='ocr_line' id='line_1_101' title="bbox 2147 4544 3730 4622; baseline 0.008 -26"><span class='ocrx_word' id='word_1_769' title='bbox 2147 4544 2617 4599; x_wconf 90' lang='lat' dir='ltr'><strong>mansuetudinem</strong></span> <span class='ocrx_word' id='word_1_770' title='bbox 2641 4545 2697 4600; x_wconf 91' lang='lat' dir='ltr'><strong>in</strong></span> <span class='ocrx_word' id='word_1_771' title='bbox 2724 4546 2992 4616; x_wconf 89' lang='lat' dir='ltr'><strong>passione,</strong></span> <span class='ocrx_word' id='word_1_772' title='bbox 3022 4547 3291 4618; x_wconf 70' lang='lat' dir='ltr'><strong>justitiam</strong></span> <span class='ocrx_word' id='word_1_773' title='bbox 3319 4549 3375 4606; x_wconf 91' lang='lat' dir='ltr'><strong>in</strong></span> <span class='ocrx_word' id='word_1_774' title='bbox 3399 4553 3730 4622; x_wconf 84' lang='lat' dir='ltr'><strong>operatione.</strong></span> 
     </span>
    </p>
   </div>
   <div class='ocr_carea' id='block_1_102' title="bbox 2146 4633 3737 4716">
    <p class='ocr_par' dir='ltr' id='par_1_102' title="bbox 2146 4633 3737 4716">
     <span class='ocr_line' id='line_1_102' title="bbox 2146 4633 3737 4716; baseline 0.008 -27"><span class='ocrx_word' id='word_1_775' title='bbox 2146 4633 2322 4689; x_wconf 80' lang='lat' dir='ltr'><strong>Verax</strong></span> <span class='ocrx_word' id='word_1_776' title='bbox 2359 4633 2462 4690; x_wconf 86' lang='lat' dir='ltr'><strong>fuit</strong></span> <span class='ocrx_word' id='word_1_777' title='bbox 2493 4638 2838 4706; x_wconf 80' lang='lat' dir='ltr'><strong>praedicando</strong></span> <span class='ocrx_word' id='word_1_778' title='bbox 2871 4655 3044 4708; x_wconf 89' lang='lat' dir='ltr'><strong>nova;</strong></span> <span class='ocrx_word' id='word_1_779' title='bbox 3087 4649 3405 4699; x_wconf 88' lang='lat' dir='ltr'><strong>mansuetus</strong></span> <span class='ocrx_word' id='word_1_780' title='bbox 3427 4684 3445 4711; x_wconf 94' lang='lat'><strong>,</strong></span> <span class='ocrx_word' id='word_1_781' title='bbox 3485 4647 3737 4716; x_wconf 88' lang='lat' dir='ltr'><strong>patiendo</strong></span> 
     </span>
    </p>
   </div>
   <div class='ocr_carea' id='block_1_103' title="bbox 2143 4728 3737 4798">
    <p class='ocr_par' dir='ltr' id='par_1_103' title="bbox 2143 4728 3737 4798">
     <span class='ocr_line' id='line_1_103' title="bbox 2143 4728 3737 4798; baseline 0.008 -16"><span class='ocrx_word' id='word_1_782' title='bbox 2143 4728 2416 4794; x_wconf 86' lang='lat' dir='ltr'><strong>humana;</strong></span> <span class='ocrx_word' id='word_1_783' title='bbox 2451 4728 2651 4798; x_wconf 86' lang='lat' dir='ltr'><strong>justus,</strong></span> <span class='ocrx_word' id='word_1_784' title='bbox 2692 4730 2938 4788; x_wconf 87' lang='lat' dir='ltr'><strong>faciendo</strong></span> <span class='ocrx_word' id='word_1_785' title='bbox 2963 4733 3164 4790; x_wconf 82' lang='lat' dir='ltr'><strong>divina.</strong></span> <span class='ocrx_word' id='word_1_786' title='bbox 3210 4737 3514 4795; x_wconf 79' lang='lat' dir='ltr'><strong>Veritatem</strong></span> <span class='ocrx_word' id='word_1_787' title='bbox 3564 4741 3737 4796; x_wconf 87' lang='lat' dir='ltr'><strong>docuit</strong></span> 
     </span>
    </p>
   </div>
   <div class='ocr_carea' id='block_1_104' title="bbox 2142 4822 3733 4900">
    <p class='ocr_par' dir='ltr' id='par_1_104' title="bbox 2142 4822 3733 4900">
     <span class='ocr_line' id='line_1_104' title="bbox 2142 4822 3733 4900; baseline 0.006 -23"><span class='ocrx_word' id='word_1_788' title='bbox 2142 4822 2404 4887; x_wconf 72' lang='lat' dir='ltr'><strong>scientice,</strong></span> <span class='ocrx_word' id='word_1_789' title='bbox 2435 4824 2904 4880; x_wconf 89' lang='lat' dir='ltr'><strong>mansuetudinem</strong></span> <span class='ocrx_word' id='word_1_790' title='bbox 2930 4827 3282 4897; x_wconf 61' lang='lat' dir='ltr'><strong>paenitentia,</strong></span> <span class='ocrx_word' id='word_1_791' title='bbox 3311 4845 3478 4900; x_wconf 89' lang='lat' dir='ltr'><strong>opera</strong></span> <span class='ocrx_word' id='word_1_792' title='bbox 3493 4830 3733 4900; x_wconf 60' lang='lat' dir='ltr'><strong>justitia..</strong></span> 
     </span>
    </p>
   </div>
   <div class='ocr_carea' id='block_1_105' title="bbox 2142 4913 3735 4993">
    <p class='ocr_par' dir='ltr' id='par_1_105' title="bbox 2142 4913 3735 4993">
     <span class='ocr_line' id='line_1_105' title="bbox 2142 4913 3735 4993; baseline 0.006 -24"><span class='ocrx_word' id='word_1_793' title='bbox 2142 4913 2438 4970; x_wconf 87' lang='lat' dir='ltr'><strong>Veritatem</strong></span> <span class='ocrx_word' id='word_1_794' title='bbox 2467 4915 2522 4970; x_wconf 92' lang='lat' dir='ltr'><strong>in</strong></span> <span class='ocrx_word' id='word_1_795' title='bbox 2560 4913 2918 4993; x_wconf 68' lang='lat' dir='ltr'><strong>confessione,</strong></span> <span class='ocrx_word' id='word_1_796' title='bbox 2969 4921 3440 4976; x_wconf 89' lang='lat' dir='ltr'><strong>mansuetudinem</strong></span> <span class='ocrx_word' id='word_1_797' title='bbox 3481 4923 3539 4979; x_wconf 89' lang='lat' dir='ltr'><strong>in</strong></span> <span class='ocrx_word' id='word_1_798' title='bbox 3571 4926 3735 4981; x_wconf 82' lang='lat' dir='ltr'><strong>inter-</strong></span> 
     </span>
    </p>
   </div>
   <div class='ocr_carea' id='block_1_106' title="bbox 2141 5006 3735 5078">
    <p class='ocr_par' dir='ltr' id='par_1_106' title="bbox 2141 5006 3735 5078">
     <span class='ocr_line' id='line_1_106' title="bbox 2141 5006 3735 5078; baseline 0.009 -19"><span class='ocrx_word' id='word_1_799' title='bbox 2141 5006 2474 5076; x_wconf 89' lang='lat' dir='ltr'><strong>pretatione,</strong></span> <span class='ocrx_word' id='word_1_800' title='bbox 2503 5006 2770 5078; x_wconf 90' lang='lat' dir='ltr'><strong>justitiam</strong></span> <span class='ocrx_word' id='word_1_801' title='bbox 2818 5009 2872 5064; x_wconf 93' lang='lat' dir='ltr'><strong>in</strong></span> <span class='ocrx_word' id='word_1_802' title='bbox 2913 5009 3218 5069; x_wconf 89' lang='lat' dir='ltr'><strong>dilectione.</strong></span> <span class='ocrx_word' id='word_1_803' title='bbox 3269 5013 3455 5072; x_wconf 89' lang='lat' dir='ltr'><strong>Primo</strong></span> <span class='ocrx_word' id='word_1_804' title='bbox 3489 5026 3552 5074; x_wconf 89' lang='lat' dir='ltr'><strong>ut</strong></span> <span class='ocrx_word' id='word_1_805' title='bbox 3591 5019 3735 5074; x_wconf 81' lang='lat' dir='ltr'><strong>dicas</strong></span> 
     </span>
    </p>
   </div>
   <div class='ocr_carea' id='block_1_107' title="bbox 2143 5098 3736 5182">
    <p class='ocr_par' dir='ltr' id='par_1_107' title="bbox 2143 5098 3736 5182">
     <span class='ocr_line' id='line_1_107' title="bbox 2143 5098 3736 5182; baseline 0.008 -28"><span class='ocrx_word' id='word_1_806' title='bbox 2143 5098 2456 5168; x_wconf 87' lang='lat' dir='ltr'><strong>iniquitates</strong></span> <span class='ocrx_word' id='word_1_807' title='bbox 2477 5107 2618 5165; x_wconf 89' lang='lat' dir='ltr'><strong>tuas,</strong></span> <span class='ocrx_word' id='word_1_808' title='bbox 2655 5109 2714 5156; x_wconf 91' lang='lat' dir='ltr'><strong>ut</strong></span> <span class='ocrx_word' id='word_1_809' title='bbox 2730 5101 3088 5171; x_wconf 85' lang='lat' dir='ltr'><strong>justiliceris;</strong></span> <span class='ocrx_word' id='word_1_810' title='bbox 3128 5107 3388 5173; x_wconf 86' lang='lat' dir='ltr'><strong>secundo,</strong></span> <span class='ocrx_word' id='word_1_811' title='bbox 3413 5119 3478 5169; x_wconf 78' lang='lat' dir='ltr'><strong>ut</strong></span> <span class='ocrx_word' id='word_1_812' title='bbox 3500 5111 3736 5182; x_wconf 72' lang='lat' dir='ltr'><strong>aequani-</strong></span> 
     </span>
    </p>
   </div>
   <div class='ocr_carea' id='block_1_108' title="bbox 2142 5191 3730 5271">
    <p class='ocr_par' dir='ltr' id='par_1_108' title="bbox 2142 5191 3730 5271">
     <span class='ocr_line' id='line_1_108' title="bbox 2142 5191 3730 5271; baseline 0.006 -25"><span class='ocrx_word' id='word_1_813' title='bbox 2142 5191 2303 5246; x_wconf 87' lang='lat' dir='ltr'><strong>miter</strong></span> <span class='ocrx_word' id='word_1_814' title='bbox 2329 5200 2386 5246; x_wconf 88' lang='lat' dir='ltr'><strong>et</strong></span> <span class='ocrx_word' id='word_1_815' title='bbox 2413 5199 2694 5248; x_wconf 91' lang='lat' dir='ltr'><strong>mansuete</strong></span> <span class='ocrx_word' id='word_1_816' title='bbox 2739 5193 3081 5264; x_wconf 89' lang='lat' dir='ltr'><strong>disciplinam</strong></span> <span class='ocrx_word' id='word_1_817' title='bbox 3103 5197 3276 5266; x_wconf 89' lang='lat' dir='ltr'><strong>patris</strong></span> <span class='ocrx_word' id='word_1_818' title='bbox 3302 5199 3590 5271; x_wconf 87' lang='lat' dir='ltr'><strong>suscipias,</strong></span> <span class='ocrx_word' id='word_1_819' title='bbox 3615 5217 3730 5257; x_wconf 86' lang='lat' dir='ltr'><strong>cum</strong></span> 
     </span>
    </p>
   </div>
   <div class='ocr_carea' id='block_1_109' title="bbox 2137 5282 3732 5361">
    <p class='ocr_par' dir='ltr' id='par_1_109' title="bbox 2137 5282 3732 5361">
     <span class='ocr_line' id='line_1_109' title="bbox 2137 5282 3732 5361; baseline 0.008 -25"><span class='ocrx_word' id='word_1_820' title='bbox 2137 5283 2426 5352; x_wconf 86' lang='lat' dir='ltr'><strong>probaris;</strong></span> <span class='ocrx_word' id='word_1_821' title='bbox 2463 5285 2642 5349; x_wconf 90' lang='lat' dir='ltr'><strong>tertio,</strong></span> <span class='ocrx_word' id='word_1_822' title='bbox 2672 5292 2733 5339; x_wconf 90' lang='lat' dir='ltr'><strong>ut</strong></span> <span class='ocrx_word' id='word_1_823' title='bbox 2763 5282 2907 5353; x_wconf 90' lang='lat' dir='ltr'><strong>juste</strong></span> <span class='ocrx_word' id='word_1_824' title='bbox 2933 5284 3201 5358; x_wconf 89' lang='lat' dir='ltr'><strong>diligenda</strong></span> <span class='ocrx_word' id='word_1_825' title='bbox 3233 5289 3442 5360; x_wconf 82' lang='lat' dir='ltr'><strong>diligas,</strong></span> <span class='ocrx_word' id='word_1_826' title='bbox 3475 5291 3634 5361; x_wconf 77' lang='lat' dir='ltr'><strong>juxta</strong></span> <span class='ocrx_word' id='word_1_827' title='bbox 3676 5295 3732 5348; x_wconf 91' lang='lat' dir='ltr'><strong>il-</strong></span> 
     </span>
    </p>
   </div>
   <div class='ocr_carea' id='block_1_110' title="bbox 453 5369 3725 5455">
    <p class='ocr_par' dir='ltr' id='par_1_110' title="bbox 453 5369 3725 5455">
     <span class='ocr_line' id='line_1_110' title="bbox 453 5369 3725 5455; baseline 0.005 -31"><span class='ocrx_word' id='word_1_828' title='bbox 453 5369 589 5424; x_wconf 88' lang='lat' dir='ltr'><strong>tiam</strong></span> <span class='ocrx_word' id='word_1_829' title='bbox 615 5369 910 5423; x_wconf 81' lang='lat' dir='ltr'><strong>Romanam</strong></span> <span class='ocrx_word' id='word_1_830' title='bbox 939 5371 1146 5426; x_wconf 88' lang='lat' dir='ltr'><strong>cladem</strong></span> <span class='ocrx_word' id='word_1_831' title='bbox 1185 5372 1415 5446; x_wconf 91' lang='lat' dir='ltr'><strong>fugiunt.</strong></span> <span class='ocrx_word' id='word_1_832' title='bbox 1450 5375 1726 5447; x_wconf 87' lang='lat' dir='ltr'><strong>Siquidem</strong></span> <span class='ocrx_word' id='word_1_833' title='bbox 1751 5394 1850 5450; x_wconf 89' lang='lat' dir='ltr'><strong>per</strong></span> <span class='ocrx_word' id='word_1_834' title='bbox 1873 5381 2041 5455; x_wconf 61' lang='lat' dir='ltr'><strong>IEgy-</strong></span> <span class='ocrx_word' id='word_1_835' title='bbox 2141 5373 2232 5429; x_wconf 89' lang='lat' dir='ltr'><strong>lud</strong></span> <span class='ocrx_word' id='word_1_836' title='bbox 2258 5392 2270 5427; x_wconf 93' lang='lat'>:</span> <span class='ocrx_word' id='word_1_837' title='bbox 2294 5374 2438 5444; x_wconf 80' lang='lat' dir='ltr'><strong>juste</strong></span> <span class='ocrx_word' id='word_1_838' title='bbox 2458 5376 2598 5446; x_wconf 89' lang='lat' dir='ltr'><strong>quod</strong></span> <span class='ocrx_word' id='word_1_839' title='bbox 2610 5375 2817 5447; x_wconf 88' lang='lat' dir='ltr'><strong>justum</strong></span> <span class='ocrx_word' id='word_1_840' title='bbox 2846 5387 2920 5432; x_wconf 88' lang='lat' dir='ltr'><strong>est</strong></span> <span class='ocrx_word' id='word_1_841' title='bbox 2957 5381 3254 5450; x_wconf 77' lang='lat' dir='ltr'><strong>exsequeris</strong></span> <span class='ocrx_word' id='word_1_842' title='bbox 3277 5380 3459 5452; x_wconf 85' lang='lat' dir='ltr'><strong>(Deut.</strong></span> <span class='ocrx_word' id='word_1_843' title='bbox 3479 5400 3593 5447; x_wconf 76' lang='lat' dir='ltr'><strong>nt,</strong></span> <span class='ocrx_word' id='word_1_844' title='bbox 3617 5383 3725 5453; x_wconf 70' lang='lat'><strong>20).</strong></span> 
     </span>
    </p>
   </div>
   <div class='ocr_carea' id='block_1_111' title="bbox 451 5463 3730 5545">
    <p class='ocr_par' dir='ltr' id='par_1_111' title="bbox 451 5463 3730 5545">
     <span class='ocr_line' id='line_1_111' title="bbox 451 5463 3730 5545; baseline 0.006 -34"><span class='ocrx_word' id='word_1_845' title='bbox 451 5469 604 5534; x_wconf 85' lang='lat' dir='ltr'><strong>ptum</strong></span> <span class='ocrx_word' id='word_1_846' title='bbox 631 5463 860 5527; x_wconf 82' lang='lat' dir='ltr'><strong>luxuria,</strong></span> <span class='ocrx_word' id='word_1_847' title='bbox 902 5463 1139 5518; x_wconf 84' lang='lat' dir='ltr'><strong>ebrietas</strong></span> <span class='ocrx_word' id='word_1_848' title='bbox 1178 5473 1233 5521; x_wconf 87' lang='lat' dir='ltr'><strong>et</strong></span> <span class='ocrx_word' id='word_1_849' title='bbox 1275 5467 1530 5539; x_wconf 78' lang='lat' dir='ltr'><strong>crapula;</strong></span> <span class='ocrx_word' id='word_1_850' title='bbox 1572 5484 1672 5540; x_wconf 75' lang='lat' dir='ltr'><strong>per</strong></span> <span class='ocrx_word' id='word_1_851' title='bbox 1711 5471 2037 5545; x_wconf 73' lang='lat' dir='ltr'><strong>Babylonem</strong></span> <span class='ocrx_word' id='word_1_852' title='bbox 2139 5464 2301 5535; x_wconf 84' lang='lat' dir='ltr'><strong>Legis</strong></span> <span class='ocrx_word' id='word_1_853' title='bbox 2354 5467 2614 5524; x_wconf 90' lang='lat' dir='ltr'><strong>naturalis</strong></span> <span class='ocrx_word' id='word_1_854' title='bbox 2665 5469 2987 5536; x_wconf 85' lang='lat' dir='ltr'><strong>veritatem;</strong></span> <span class='ocrx_word' id='word_1_855' title='bbox 3036 5472 3252 5544; x_wconf 58' lang='lat' dir='ltr'><strong>scriptae</strong></span> <span class='ocrx_word' id='word_1_856' title='bbox 3299 5473 3434 5545; x_wconf 86' lang='lat' dir='ltr'><strong>legis</strong></span> <span class='ocrx_word' id='word_1_857' title='bbox 3480 5475 3730 5532; x_wconf 84' lang='lat' dir='ltr'><strong>videlicet</strong></span> 
     </span>
    </p>
   </div>
   <div class='ocr_carea' id='block_1_112' title="bbox 453 5555 3728 5639">
    <p class='ocr_par' dir='ltr' id='par_1_112' title="bbox 453 5555 3728 5639">
     <span class='ocr_line' id='line_1_112' title="bbox 453 5555 3728 5639; baseline 0.005 -28"><span class='ocrx_word' id='word_1_858' title='bbox 453 5555 697 5612; x_wconf 88' lang='lat' dir='ltr'><strong>confusio</strong></span> <span class='ocrx_word' id='word_1_859' title='bbox 720 5572 970 5613; x_wconf 89' lang='lat' dir='ltr'><strong>sensuum</strong></span> <span class='ocrx_word' id='word_1_860' title='bbox 998 5558 1326 5628; x_wconf 82' lang='lat' dir='ltr'><strong>vanissima;</strong></span> <span class='ocrx_word' id='word_1_861' title='bbox 1367 5578 1464 5634; x_wconf 91' lang='lat' dir='ltr'><strong>per</strong></span> <span class='ocrx_word' id='word_1_862' title='bbox 1502 5564 1749 5634; x_wconf 83' lang='lat' dir='ltr'><strong>Romam,</strong></span> <span class='ocrx_word' id='word_1_863' title='bbox 1802 5583 1922 5639; x_wconf 74' lang='lat' dir='ltr'><strong>qua:</strong></span> <span class='ocrx_word' id='word_1_864' title='bbox 1956 5570 2040 5626; x_wconf 84' lang='lat' dir='ltr'><strong>in-</strong></span> <span class='ocrx_word' id='word_1_865' title='bbox 2134 5557 2434 5630; x_wconf 66' lang='grc' dir='ltr'><strong>Ξυδῐίῑίὲιῐις</strong></span> <span class='ocrx_word' id='word_1_866' title='bbox 2473 5559 2747 5633; x_wconf 67' lang='lat' dir='ltr'><strong>Evangelii</strong></span> <span class='ocrx_word' id='word_1_867' title='bbox 2774 5564 3263 5621; x_wconf 72' lang='lat' dir='ltr'><strong>mansuetudinem.</strong></span> <span class='ocrx_word' id='word_1_868' title='bbox 3303 5566 3602 5624; x_wconf 78' lang='lat' dir='ltr'><strong>Veritatem</strong></span> <span class='ocrx_word' id='word_1_869' title='bbox 3634 5569 3728 5625; x_wconf 85' lang='lat' dir='ltr'><strong>d0-</strong></span> 
     </span>
    </p>
   </div>
   <div class='ocr_carea' id='block_1_113' title="bbox 455 5650 2054 5732">
    <p class='ocr_par' dir='ltr' id='par_1_113' title="bbox 455 5650 2040 5732">
     <span class='ocr_line' id='line_1_113' title="bbox 455 5650 2040 5732; baseline 0.01 -28"><span class='ocrx_word' id='word_1_870' title='bbox 455 5656 784 5721; x_wconf 81' lang='lat' dir='ltr'><strong>terpretatur</strong></span> <span class='ocrx_word' id='word_1_871' title='bbox 829 5650 1154 5719; x_wconf 85' lang='lat' dir='ltr'><strong>sublimitas,</strong></span> <span class='ocrx_word' id='word_1_872' title='bbox 1203 5653 1287 5710; x_wconf 88' lang='lat' dir='ltr'><strong>vel</strong></span> <span class='ocrx_word' id='word_1_873' title='bbox 1335 5655 1524 5724; x_wconf 87' lang='lat' dir='ltr'><strong>elatio,</strong></span> <span class='ocrx_word' id='word_1_874' title='bbox 1583 5658 1896 5732; x_wconf 80' lang='lat' dir='ltr'><strong>designatur</strong></span> <span class='ocrx_word' id='word_1_875' title='bbox 1947 5679 2040 5720; x_wconf 82' lang='lat' dir='ltr'><strong>su-</strong></span> 
     </span>
    </p>
   </div>
   <div class='ocr_carea' id='block_1_114' title="bbox 2158 5650 3731 5732">
    <p class='ocr_par' dir='ltr' id='par_1_114' title="bbox 2158 5651 3731 5728">
     <span class='ocr_line' id='line_1_114' title="bbox 2158 5651 3731 5728; baseline 0.006 -21"><span class='ocrx_word' id='word_1_876' title='bbox 2158 5651 2270 5716; x_wconf 81' lang='lat' dir='ltr'><strong>:uit,</strong></span> <span class='ocrx_word' id='word_1_877' title='bbox 2303 5665 2410 5720; x_wconf 89' lang='lat' dir='ltr'><strong>qua</strong></span> <span class='ocrx_word' id='word_1_878' title='bbox 2447 5652 2674 5723; x_wconf 89' lang='lat' dir='ltr'><strong>quisque</strong></span> <span class='ocrx_word' id='word_1_879' title='bbox 2699 5663 3052 5724; x_wconf 83' lang='lat' dir='ltr'><strong>cognosceret</strong></span> <span class='ocrx_word' id='word_1_880' title='bbox 3095 5657 3373 5728; x_wconf 82' lang='lat' dir='ltr'><strong>seipsum;</strong></span> <span class='ocrx_word' id='word_1_881' title='bbox 3415 5670 3731 5716; x_wconf 81' lang='lat' dir='ltr'><strong>mansuetu-</strong></span> 
     </span>
    </p>
   </div>
   <div class='ocr_carea' id='block_1_115' title="bbox 448 5743 3726 5828">
    <p class='ocr_par' dir='ltr' id='par_1_115' title="bbox 448 5743 3726 5828">
     <span class='ocr_line' id='line_1_115' title="bbox 448 5743 3726 5828; baseline 0.006 -34"><span class='ocrx_word' id='word_1_882' title='bbox 448 5743 658 5818; x_wconf 65' lang='grc' dir='ltr'><strong>νει-δίει,</strong></span> <span class='ocrx_word' id='word_1_883' title='bbox 2138 5743 2342 5811; x_wconf 76' lang='lat' dir='ltr'><strong>dinem,</strong></span> <span class='ocrx_word' id='word_1_884' title='bbox 2370 5758 2476 5816; x_wconf 90' lang='lat' dir='ltr'><strong>qua</strong></span> <span class='ocrx_word' id='word_1_885' title='bbox 2504 5745 2796 5804; x_wconf 80' lang='lat' dir='ltr'><strong>sustineret</strong></span> <span class='ocrx_word' id='word_1_886' title='bbox 2820 5748 3158 5818; x_wconf 81' lang='lat' dir='ltr'><strong>proximum;</strong></span> <span class='ocrx_word' id='word_1_887' title='bbox 3179 5747 3476 5827; x_wconf 84' lang='lat' dir='ltr'><strong>justitiam,</strong></span> <span class='ocrx_word' id='word_1_888' title='bbox 3501 5769 3611 5828; x_wconf 81' lang='lat' dir='ltr'><strong>qua</strong></span> <span class='ocrx_word' id='word_1_889' title='bbox 3638 5770 3726 5815; x_wconf 83' lang='lat' dir='ltr'><strong>co-</strong></span> 
     </span>
    </p>
   </div>
  </div>
