3974 6306
239 271 363 334 ’13⁸1

1287 291 1644 359 COMMENT.
1682 300 1754 360 IN
1787 300 2037 365 NAHUM
2073 301 2518 368 PROPHETAM.

3428 320 3543 388 758

233 386 385 447 leret
409 389 603 450 Deum.
629 391 926 456 Veritatem
961 399 1144 486 docuit
1182 419 1294 463 sua
1326 407 1646 482 divinitatis,
1689 431 1846 472 man-
1875 421 1922 480 Α
1953 435 2058 475 non
2085 419 2324 490 peccabis
2352 419 2476 493 (Job
2500 437 2556 490 v,
2603 420 2668 478 21
2699 423 2856 498 seq.).
2885 424 3066 486 Prima
3098 437 3278 489 actum
3302 425 3544 494 corrum-

235 483 592 543 suetudinem
643 502 758 544 sua
816 483 1168 553 humanitatis
1196 538 1211 564 ,
1265 496 1534 569 justitiam
1592 509 1842 567 secunda

234 577 530 649 utriusque
550 581 920 651 proprietatis.
950 584 1158 643 Aliter:
1191 589 1489 650 Veritatem
1516 597 1762 656 exhibuit
1785 601 1842 656 in

230 669 486 728 omnium
516 674 756 746 generali
785 679 1226 752 examinatione;
1267 693 1754 764 mansuetudinem,
1785 698 1842 753 in

227 759 540 821 electorum
569 763 713 822 felici
743 770 1153 841 consolatione;
1187 774 1477 847 justitiam,
1503 783 1558 838 in
1581 759 1842 857 reprobo-

230 869 362 910 rum
388 853 699 924 justissima
727 861 1094 922 damnatione.
1127 867 1302 926 Aliter
1331 890 1344 927 :
1387 853 1686 936 Veritatem
1730 895 1842 939 sua

227 948 542 1006 divinitatis
561 951 616 1006 in
634 949 842 1021 judicio
869 961 1235 1031 ostendendo;
1261 971 1730 1028 mansuetudinem
1757 975 1841 1032 sui

225 1039 462 1105 laboris,
497 1042 680 1114 impiis
727 1046 1078 1120 imperando;
1109 1052 1412 1126 justitiam,
1459 1062 1688 1135 singulis
1713 1081 1844 1138 pro-

127 1144 136 1150 ·
225 1136 352 1205 pria
386 1136 680 1195 reddendo.
704 1141 934 1213 Propter
956 1146 1072 1204 hac
1088 1164 1220 1222 ergo
1242 1153 1347 1210 tria
1374 1157 1698 1216 mirabiliter
1715 1136 1842 1220 eum

226 1227 461 1284 deduxit
506 1230 730 1288 dextera
789 1250 925 1303 sua,
967 1241 1092 1310 quia
1139 1259 1302 1314 quem
1349 1247 1645 1306 immunem
1691 1253 1842 1310 omni

225 1319 380 1372 malo
415 1335 482 1375 ac
510 1321 730 1392 plenum
775 1327 922 1384 omni
965 1329 1109 1388 bono
1151 1333 1379 1392 Deitatis
1415 1341 1656 1410 potentia
1689 1342 1836 1411 fecit,

227 1405 382 1466 hunc
420 1411 524 1467 sibi
551 1411 605 1468 in
632 1428 881 1485 persona
905 1421 1080 1477 univit
1108 1405 1693 1501 identitate,—sponsum
1711 1405 1843 1492 fecit

228 1498 515 1571 Ecclesia,
531 1507 722 1578 gratia
747 1511 1014 1580 opiﬁcem,
1042 1517 1212 1574 totius
1236 1522 1420 1578 mundi
1433 1498 1695 1592 judicem,
1723 1528 1842 1585 Dei-

230 1596 366 1653 tatis
395 1597 640 1669 ejusdem
665 1611 721 1659 et
741 1605 926 1676 gloria
949 1609 1155 1678 placuit
1184 1613 1302 1671 fieri
1328 1618 1668 1692 participem.
1697 1622 1839 1679 Pro-

229 1697 356 1761 pter
376 1691 498 1750 bae
519 1696 706 1766 utique
727 1699 830 1754 tria
857 1701 1180 1761 mirabiliter
1203 1722 1327 1764 eum
1349 1691 1573 1767 deduxit
1593 1714 1838 1786 dextera,

224 1798 398 1854 quem
421 1785 586 1852 Deus,
619 1790 747 1861 quia
776 1807 940 1850 verax
967 1805 1049 1853 est
1083 1797 1264 1870 (.Ioan.
1297 1819 1381 1870 ιιι,
1413 1805 1527 1878 '55),
1563 1807 1832 1879 signavit,

223 1891 398 1947 quem
449 1881 758 1950 speciosum
808 1883 984 1943 forma
1038 1903 1152 1960 pra
1200 1891 1326 1949 filiis
1377 1895 1656 1954 hominum
1704 1899 1834 1958 fecit

225 1967 411 2040 (Psal.
446 1987 593 2038 mv,
622 1974 677 2040 5,
703 1975 782 2046 8),
838 1992 1000 2048 quem
1040 1981 1160 2038 oleo
1201 1982 1403 2042 latitia
1427 2002 1542 2058 pra
1565 1992 1834 2049 consorti-

219 2059 334 2114 bus
375 2061 491 2118 suis
532 2065 708 2120 unxit.
753 2065 813 2122 ln
851 2083 959 2139 quo
991 2071 1170 2129 omnis
1213 2075 1489 2146 plenitudo
1535 2081 1833 2142 divinitatis

220 2155 595 2224 corporaliter
619 2157 885 2214 habitavit
921 2161 1118 2235 (Calas.
1157 2182 1218 2234 ιι,
1259 2168 1357 2237 9);
1397 2171 1486 2226 cui
1525 2173 1686 2230 Pater
1721 2193 1832 2234 non

221 2244 304 2300 ad
329 2260 636 2303 mensuram
662 2249 916 2320 Spiritum
945 2255 1093 2311 dedit
1115 2256 1298 2329 (Joan.
1327 2277 1412 2328 ιιι,
1450 2263 1577 2337 54);
1609 2267 1832 2325 mirabi-

218 2333 364 2392 liter
384 2337 440 2393 in
461 2339 694 2411 Virginis
715 2352 870 2400 utero
889 2348 1122 2416 creavit;
1148 2353 1468 2411 mirabiliter
1490 2333 1544 2412 in
1569 2357 1827 2432 Egypto,

219 2429 284 2484 in
316 2432 476 2498 mari,
509 2433 562 2489 iu
594 2437 812 2510 templo,
859 2440 914 2496 in
953 2457 1134 2513 cruce,
1167 2447 1224 2502 in
1252 2450 1501 2520 sepulcro
1546 2444 1782 2512 servavit
1808 2472 1825 2524 ;

219 2523 554 2583 mirabiliter
593 2530 648 2586 in
691 2529 1086 2594 resurrectione
1113 2539 1470 2612 gloriﬁcavit;
1525 2523 1830 2606 mirabilius

217 2628 402 2686 usque
425 2619 494 2675 ad
524 2619 765 2689 ejusdem
801 2623 1080 2684 felicitatis
1111 2629 1376 2688 honorem
1419 2643 1474 2690 et
1498 2635 1683 2707 gloria
1708 2640 1832 2696 sub-

217 2705 456 2766 limavit.
505 2711 722 2784 Triplex
759 2727 891 2789 ergo
920 2720 1135 2778 Domini
1184 2724 1272 2780 via
1317 2726 1372 2781 in
1403 2705 1726 2800 tempestate
1771 2741 1830 2790 et

217 2803 446 2863 turbine
485 2804 607 2862 fuit.
659 2807 761 2878 Qui
808 2815 1058 2882 quamvis
1099 2813 1164 2872 de
1201 2829 1432 2897 torrente
1471 2823 1528 2878 in
1571 2827 1655 2881 uia
1701 2826 1828 2882 bibit

216 2895 405 2969 (Psal.
453 2915 566 2967 CIX,
607 2901 685 2974 7),
746 2911 907 2976 caput
949 2905 1126 2964 factus
1171 2919 1255 2966 est
1301 2895 1584 2982 Ecclesia,
1641 2919 1826 2975 statim

218 2991 460 3048 exaltari
504 2997 720 3064 meruit,
783 3001 910 3070 quia
969 3001 1026 3058 in
1077 3020 1185 3075 quo
1226 3009 1474 3076 mundus,
1521 3010 1608 3065 vel
1657 3013 1826 3083 ipsius

217 3085 503 3157 princeps,
527 3088 604 3142 nil
633 3089 822 3146 habuit
839 3091 1022 3165 (Joan.
1044 3111 1157 3161 xw,
1182 3096 1296 3170 50),
1321 3099 1390 3155 ab
1413 3099 1492 3156 eis
1518 3101 1826 3161 nullatenus

216 3178 402 3234 teneri
428 3177 514 3234 vel
535 3180 738 3251 debuit,
763 3183 846 3239 vel
867 3187 1060 3256 potuit.
1087 3186 1320 3245 Possunt
1341 3206 1470 3248 vero
1496 3193 1613 3250 hac
1637 3196 1826 3253 eadem

216 3272 515 3330 moraliter
541 3274 759 3344 discuti,
799 3286 856 3336 et
901 3280 969 3336 ad
1013 3282 1251 3340 animam
1281 3286 1351 3345 ad
1395 3301 1629 3358 superna
1663 3289 1832 3348 anhe-

215 3362 453 3432 lantem,
481 3367 550 3423 de
578 3369 778 3427 virtute
798 3371 852 3426 in
879 3374 1138 3431 virtutem
1166 3376 1398 3434 interius
1423 3381 1824 3448 ascendentem,

217 3475 332 3516 non
366 3460 668 3535 incongrue
698 3464 912 3522 referri.

291 3553 387 3608 66.
439 3555 682 3623 Quatuor
713 3550 897 3631 igitur
948 3569 1075 3617 sunt
1109 3563 1306 3620 anima
1355 3571 1735 3636 tempestates,
1774 3575 1832 3625 et

214 3654 462 3719 quatuor
486 3647 730 3706 turbines
751 3651 940 3722 ipsius.
966 3652 1148 3710 Prima
1177 3665 1262 3712 est
1289 3657 1567 3726 vitiorum,
1591 3663 1828 3717 secunda

215 3741 592 3812 negotiorum,
629 3743 786 3799 tertia
815 3747 1192 3814 tcntationum,
1223 3759 1416 3820 quarta
1455 3753 1669 3808 utilium
1699 3753 1831 3811 alle-

215 3835 494 3890 ctionum.
523 3833 703 3892 Prima
730 3853 860 3910 ergo
880 3848 966 3896 est
994 3841 1109 3909 ira,
1131 3845 1367 3900 secunda
1389 3847 1644 3915 miseria,
1671 3849 1830 3906 tertia

206 3925 470 3996 justitia,
520 3940 714 4000 quarta
757 3931 967 4002 gratia.
1016 3931 1198 3990 Prima
1235 3935 1499 3993 virtutum
1543 3941 1830 4010 grandinat

212 4018 439 4074 florem.
492 4019 741 4080 Secunda
785 4025 1131 4084 conscientia
1178 4031 1495 4100 pessumdat
1543 4033 1826 4091 honorem.

216 4111 418 4167 Tertia
443 4115 908 4186 contemplationis
952 4119 1333 4176 suavissimum
1385 4121 1533 4195 fugat
1579 4126 1824 4183 odorem.

213 4199 434 4270 Quarta
489 4207 556 4260 ad
616 4205 920 4264 calestium
956 4211 1208 4280 provehit
1256 4213 1514 4270 ardenter
1561 4208 1830 4274 amorem.

211 4293 408 4348 Prima
435 4304 518 4350 est
541 4310 572 4350 a
600 4296 837 4364 diabolo,
865 4303 1103 4358 secunda
1140 4319 1173 4359 a
1220 4307 1442 4372 mundo,
1485 4309 1646 4364 tertia
1672 4327 1704 4366 a
1733 4313 1832 4367 mi-

211 4386 380 4444 seria
405 4388 612 4456 debito,
635 4401 828 4462 quarta
849 4409 879 4449 a
903 4394 1035 4451 Deo.
1065 4395 1246 4454 Prima
1270 4399 1546 4472 religionis
1563 4404 1830 4460 annihilat

1945 509 2026 580 pit
2065 508 2322 579 justitia,
2374 514 2607 570 secunda
2656 530 2875 574 sensum
2917 520 3154 578 excludit
3198 524 3538 598 innocentia,

1945 603 2106 658 tertia
2127 597 2380 662 affectum
2411 607 2642 666 incestat
2662 612 2958 683 sapientia,
2990 628 3184 687 quarta
3208 620 3541 681 intellectum

1947 694 2216 760 illuminat
2236 699 2558 759 immortalis
2581 701 2703 762 luce
2742 706 3038 778 sapientia.
3069 710 3182 767 Via
3200 711 3392 784 prima
3412 723 3541 772 sunt

1941 800 2080 858 pura
2106 789 2376 848 confessio
2393 800 2450 848 et
2467 795 3000 867 virilis‘pcenitentia.
3035 801 3316 875 Secunda,
3351 806 3538 866 mundi

1943 889 2288 954 contemptus
2313 892 2368 940 et
2391 885 2502 941 vita
2525 887 2802 958 solitaria;
2839 893 3031 972 tertia,
3061 895 3252 953 devota
3277 913 3540 972 compun-

1943 973 2054 1028 ctio
2087 981 2144 1030 et
2173 976 2374 1033 mentis
2412 977 2749 1049 innocentia;
2796 971 3024 1055 quarta,
3065 989 3336 1058 purificati
3373 971 3557 1050 silen--

1943 1062 2080 1119 tium
2102 1064 2290 1132 animi,
2314 1075 2370 1122 et
2397 1071 2579 1140 sponsi
2607 1071 2812 1129 latitia.

2014 1155 2104 1211 67.
2137 1155 2244 1215 Sed
2266 1160 2392 1230 quia
2417 1161 2472 1216 in
2509 1172 2848 1235 tempestate,
2877 1183 2988 1243 non
3028 1169 3083 1226 in
3125 1175 3539 1244 tempestatibus

1943 1244 2158 1304 Domini
2215 1251 2334 1308 vias
2393 1267 2515 1310 esse
2570 1259 2832 1328 propheta
2883 1263 3090 1318 'asscrit
3149 1262 3320 1336 (Nah.
3369 1284 3418 1334 ι,
3457 1267 3536 1342 5),

1944 1340 2011 1396 de
2031 1351 2244 1412 quarta,
2277 1352 2336 1400 ut
2358 1347 2520 1402 datur
2539 1349 2786 1424 intelligi,
2821 1357 3133 1425 specialiter
3172 1359 3430 1430 loquitur.
3460 1340 3538 1420 De

1944 1446 2050 1503 qua
2081 1432 2135 1488 in
2162 1433 2300 1491 libro
2341 1436 2549 1510 Regum
2596 1444 2881 1502 manifeste
2930 1447 3148 1522 legitur.
3202 1453 3295 1509 Ait
3345 1457 3532 1516 enim:

1943 1521 2096 1579 Elias
2117 1526 2288 1581 stabat
2311 1529 2368 1583 in
2389 1531 2520 1586 ostio
2536 1533 2826 1605 spelunca,
2860 1550 2908 1594 et
2935 1557 3050 1596 ecce
3072 1545 3288 1616 spiritus
3317 1546 3536 1604 Domini

1942 1617 2222 1684 transiens,
2269 1620 2568 1680 subrertens
2605 1636 2823 1694 montes,
2867 1639 2916 1685 et
2949 1643 3218 1691 conterens
3241 1647 3418 1710 petras
3441 1655 3462 1706 ;
3485 1649 3534 1696 et

1942 1717 2058 1778 post
2079 1709 2323 1778 spiritum
2343 1717 2638 1784 commotio,
2660 1734 2763 1773 non
2795 1721 2852 1774 in
2877 1726 3219 1780 commotione
3240 1709 3532 1798 Dominus;

1865 1793 1912 1855 Β
1939 1807 1989 1855 et
2019 1811 2138 1872 post
2178 1808 2584 1864 commotionem
2631 1813 2788 1884 ignis,
2836 1833 2940 1870 non
2985 1816 3042 1873 in
3074 1820 3192 1892 igne
3230 1821 3530 1894 Dominus;

1934 1905 1984 1952 et
2003 1908 2118 1969 post
2169 1898 2343 1972 ignem
2376 1903 2562 1960 sibilus
2592 1913 2740 1964 dune
2785 1914 2975 1968 tenuis.
3012 1912 3098 1968 Ibi
3124 1915 3379 1973 Dominus
3407 1917 3528 1992 (III

1934 1987 2066 2062 Reg.
2114 2008 2228 2059 nx,
2283 1995 2344 2050 11
2380 1996 2536 2070 seq.).
2567 1998 2672 2056 Per
2718 2005 2966 2074 spiritum
3021 1987 3424 2080 transeuntem,
3475 2023 3532 2070 et

1931 2082 2154 2151 prafata
2175 2083 2462 2144 facientem
2476 2091 2790 2165 designatur
2810 2096 2977 2152 animi
2999 2107 3320 2172 tempestas;
3343 2120 3528 2160 amara

1932 2169 2162 2242 scilicet,
2185 2177 2280 2232 sed
2309 2179 2458 2235 utilis
2477 2193 2826 2252 peccatorum
2853 2169 3132 2246 contritio:
3160 2191 3266 2248 Per
3289 2169 3530 2252 commo-

1932 2263 2156 2334 tionem,
2173 2269 2364 2326 devota
2376 2275 2579 2356 mentis
2593 2281 2956 2351 compunctio.
2972 2281 3076 2340 Per
3095 2285 3295 2358 ignem,
3311 2287 3530 2349 fervens

1929 2363 1987 2412 et
2005 2359 2256 2416 ordinata
2277 2363 2513 2422 dilectio.
2539 2353 2646 2424 Per
2667 2370 2960 2438 silentium,
3000 2353 3174 2435 beata
3195 2382 3528 2453 contempla-

1931 2447 2096 2506 tionis
2110 2454 2476 2512 secretissima
2491 2456 2710 2516 infusio.
2736 2461 2842 2520 Sed
2859 2464 2916 2520 in
2929 2475 3123 2523 neutro
3141 2447 3526 2540 pradictorum

1929 2540 2191 2600 Dominus
2215 2561 2341 2603 esse
2375 2549 2591 2607 dicitur.
2615 2553 2673 2609 In
2706 2554 2866 2612 sibilo
2890 2557 3028 2615 forte
3068 2577 3192 2618 esse
3242 2552 3526 2634 asseritur,

1929 2635 2056 2706 quia
2074 2637 2204 2695 licet
2219 2655 2376 2700 mens
2395 2653 2716 2715 compuncta
2733 2649 2802 2704 ad
2823 2648 3094 2722 integrum
3117 2655 3182 2710 de
3199 2657 3458 2726 peccatis,
3473 2666 3532 2715 et

1929 2731 2122 2788 devota
2136 2730 2192 2787 in
2215 2736 2505 2804 mandatis,
2523 2753 2643 2810 qua
2657 2749 2804 2802 retro
2824 2753 2951 2804 sunt
2973 2747 3318 2817 obliviscens,
3342 2752 3410 2808 ad
3431 2736 3530 2808 an;

1929 2823 2130 2880 teriora
2154 2839 2213 2882 se
2237 2830 2555 2898 extendens,
2579 2833 2644 2890 de
2679 2835 2877 2891 virtute
2906 2836 2962 2893 in
3008 2839 3267 2897 virtutem
3298 2843 3530 2902 viriliter

1928 2921 2204 2987 ascendat,
2219 2923 2287 2978 ad
2302 2923 2819 2990 sublimiaardenter
2836 2947 2957 2988 sese
2970 2934 3173 3004 rapiat;
3199 2948 3224 2977 ι
3245 2936 3330 2993 sui
3347 2945 3530 2995 tamen

1929 3025 2116 3067 curam
2139 3027 2324 3086 agens,
2350 3031 2482 3072 cura
2503 3019 2588 3075 sui
2610 3028 2814 3078 statum
2846 3040 3092 3094 manens,
3129 3037 3438 3086 creaturam
3465 3047 3526 3089 se

1931 3119 2283 3176 cognoscens,
2323 3111 2451 3167 dum
2487 3119 2690 3168 statum
2719 3125 2984 3174 creatura
3018 3119 3240 3181 omnino
3269 3122 3530 3180 excedere

1933 3210 2040 3250 non
2056 3194 2270 3265 sufﬁcit,
2287 3201 2356 3256 ab
2369 3201 2557 3258 intima
2571 3205 3040 3276 contemplationis
3061 3197 3327 3278 claritate,
3351 3213 3526 3294 inqua

1932 3286 2388 3362 incircumscripti
2409 3293 2629 3352 luminis
2645 3299 2937 3367 prasentia
2958 3307 3227 3373 utcunque
3249 3289 3530 3375 cognosci;-

1933 3388 2039 3449 tur,
2065 3383 2266 3440 deficit.
2290 3385 2575 3458 Negotium
2590 3391 2736 3444 enim
2757 3407 2866 3446 non
2891 3392 3065 3464 agitur
3091 3409 3160 3449 ex
3181 3395 3414 3450 humana
3440 3412 3530 3452 ra-

1932 3477 2098 3543 tione,
2122 3491 2248 3534 cum
2267 3495 2422 3536 mens
2441 3481 2668 3538 interius
2688 3483 2869 3539 divina
2887 3484 3232 3556 perfunditur
3251 3489 3526 3546 unctione.

1932 3565 2112 3622 Donec
2131 3584 2262 3642 ergo
2301 3585 2454 3626 mens
2483 3571 2894 3645 circumscripta
2941 3577 3288 3633 transcendat
3323 3578 3526 3645 omnia,

1932 3661 2366 3718 transcendentis
2397 3664 2648 3722 universa
2678 3681 2787 3721 non
2812 3666 3032 3740 attingit
3062 3675 3273 3725 secreta
3307 3671 3524 3752 gaudia.

1930 3749 2114 3808 Donec
2137 3751 2260 3809 cali
2296 3754 2443 3828 tertii
2477 3757 2878 3814 transcenditur
2915 3761 3094 3832 regio,
3139 3761 3380 3832 paradisi
3417 3749 3527 3818 non

1931 3844 2165 3900 sentitur
2201 3841 2508 3914 amanita's,
2559 3861 2662 3904 nec
2705 3847 2942 3905 calestis
2988 3850 3195 3906 unctio.
3250 3851 3390 3908 Hinc
3427 3867 3530 3923 per

1931 3936 2122 3992 lSaiam
2155 3937 2392 3994 dicitur:
2457 3937 2578 3994 Vidi
2615 3939 2900 3996 Dominum
2946 3941 3209 3998 sedentem
3248 3961 3405 4016 super
3443 3939 3530 4000 so?

1931 4027 2063 4085 lium
2083 4030 2365 4098 excelsum,
2394 4040 2444 4089 et
2468 4031 2722 4088 elevatum
2743 4050 2763 4100 ;
2787 4042 2834 4088 et
2863 4050 2925 4088 ea
2949 4051 3066 4106 quae
3091 4033 3187 4090 sub
3219 4035 3524 4118 ipsoerant,

1931 4121 2194 4195 replebant
2222 4123 2470 4196 templum
2498 4125 2655 4199 (lsai.
2691 4143 2764 4192 vt,
2801 4126 2876 4200 l).
2903 4127 3110 4184 Solium
3131 4137 3217 4185 est
3239 4145 3394 4186 mens
3441 4127 3526 4197 se-',

1931 4223 2208 4286 questrata
2237 4231 2268 4270 a
2300 4220 2532 4274 terrenis
2558 4219 2800 4286 actibus;
2831 4220 3126 4286 excelsum,
3143 4221 3397 4276 decorata
3422 4236 3526 4290 pu-

1931 4305 2008 4362 ris
2035 4304 2344 4375 aﬂectibus;
2367 4309 2655 4377 elevatum,
2693 4311 2877 4367 divino
2918 4312 3206 4368 sublimata
3248 4311 3523 4368 intellectu

1929 4405 1986 4453 et
2014 4398 2272 4470 angelicis
2299 4401 2566 4458 sensibus.
2593 4401 2800 4458 Solium
2825 4411 2911 4460 est
2946 4418 3099 4458 mens
3123 4404 3401 4474 proposito
3440 4419 3524 4459 re-

211 4481 592 4551 sanctitatem,
613 4486 850 4543 secunda
875 4490 1220 4548 conscientia
1248 4495 1428 4551 turbat
1451 4497 1820 4566 serenitatem,

1931 4487 2166 4562 ligionis,
2209 4492 2482 4548 excelsum
2527 4493 2708 4566 rigore
2749 4495 3203 4561 mortilicationis,
3251 4496 3520 4552 elevatum

211 4575 380 4631 tertia
405 4575 730 4634 divinissimi
767 4580 951 4638 odoris
969 4579 1121 4654 fugat
1147 4584 1489 4654 suavitatem,
1523 4598 1717 4659 quarta
1754 4590 1829 4668 ad.

1931 4583 2134 4640 virtute
2179 4583 2500 4643 dilectionis.
2543 4585 2749 4644 Solium
2794 4597 2879 4644 est
2921 4605 3074 4645 mens
3123 4592 3523 4646 contemnendo

209 4666 523 4740 angelicam
552 4669 805 4726 sublimat
821 4673 1134 4743 puritatem.
1164 4675 1345 4734 Prima
1371 4695 1500 4752 ergo
1523 4689 1608 4737 est
1627 4682 1823 4739 divina

208 4759 629 4832 indignationis,
651 4767 886 4828 secunda
910 4766 1348 4838 dispensationis,
1371 4773 1530 4830 tertia
1553 4777 1822 4847 probatio-

208 4858 320 4924 nis,
352 4866 553 4928 quarta
577 4859 901 4920 dilectionis.
933 4863 1118 4922 Prima
1145 4867 1406 4938 spiritalis
1426 4869 1588 4928 famis
1613 4873 1820 4930 inducit

205 4958 538 5023 egestatem,
559 4956 795 5012 secunda
821 4956 1144 5027 spiritalium
1166 4960 1446 5018 vinearum
1485 4973 1540 5020 et
1561 4966 1820 5024 arborum

206 5043 561 5112 vastitatem,
607 5047 766 5104 tertia
794 5048 1012 5128 hortum
1048 5053 1233 5122 sponsi
1269 5055 1584 5127 corrumpit,
1613 5067 1670 5113 et
1694 5074 1818 5114 aro-

208 5151 430 5198 matum
450 5146 776 5206 exterminat
795 5147 1137 5215 suavitatem,
1155 5159 1351 5222 quarta
1371 5153 1615 5209 omnium
1636 5154 1818 5226 lapsus

207 5245 454 5308 reparat,
490 5246 546 5293 et
576 5237 817 5296 animum
852 5240 922 5296 ad
959 5240 1262 5298 calestium
1303 5243 1564 5299 transfert
1600 5243 1818 5302 clarita—

205 5339 346 5387 tem.
386 5329 544 5388 Unde
567 5329 690 5402 Job,
714 5333 770 5390 in
795 5348 892 5405 spe
913 5333 1211 5406 lapsorum,
1242 5335 1297 5392 in
1319 5337 1691 5396 consolatione
1713 5341 1816 5406 mi-

200 5425 486 5490 serorum,
510 5423 568 5480 in
593 5426 970 5484 exhortatione
997 5435 1350 5496 tentatorum,
1373 5429 1429 5485 in
1451 5429 1623 5503 gloria
1640 5429 1815 5502 justo-

201 5531 356 5581 rum,
389 5516 560 5573 dicit:
603 5516 673 5573 In
704 5520 946 5575 vastitate
965 5531 1014 5576 et
1041 5519 1180 5591 {ante
1217 5521 1429 5587 ridebis,
1464 5531 1514 5576 et
1533 5521 1813 5580 calamita-

197 5616 332 5672 tem,
364 5622 486 5662 cum
510 5611 727 5678 uenerit,
759 5627 863 5667 non
903 5601 1127 5669 timebis.
1168 5612 1239 5668 Et
1271 5613 1424 5680 scies,
1450 5613 1591 5691 quod
1629 5637 1812 5692 pacem

191 5699 400 5757 habent
431 5700 830 5758 tabernaculum
863 5713 1034 5771 tuum,
1059 5716 1107 5760 et
1146 5705 1362 5765 risimus
1401 5713 1622 5784 speciem
1666 5721 1812 5770 tuam

281 5829 312 5860 ιι
341 5815 523 5876 Locus
548 5824 858 5890 corruptus.

1923 4676 2156 4734 visibilia
2187 4679 2413 4745 mundi;
2444 4680 2742 4750 excelsum,
2781 4680 3019 4737 visibilia
3059 4679 3174 4747 sui;
3221 4679 3517 4752 elevatum,

1924 4772 2352 4830 transcendendo
2396 4773 2688 4830 invisibilia
2743 4774 2930 4830 animi.
2980 4773 3188 4829 Sdlium
3242 4771 3523 4832 est'mens

1918 4864 2138 4934 propria
2160 4863 2245 4921 sui
2271 4865 2610 4935 cognitione;
2641 4866 2936 4933 excelsum,
2967 4866 3158 4922 devota
3196 4864 3416 4924 fervens
3439 4869 3522 4940 di-_

1918 4959 2178 5029 lectione;
2212 4961 2479 5017 elevatum
2531 4963 2588 5018 in
2628 4977 2947 5018 arcanorum
2983 4961 3286 5020 caelestium
3335 4964 3521 5021 subtili

1918 5054 2288 5126 inquisitione.
2319 5054 2428 5112 Sed
2460 5045 2624 5127 super
2658 5056 2773 5112 hac
2801 5055 3064 5110 Dominus
3101 5057 3276 5124 sedet,
3319 5073 3426 5112 non
3467 5059 3519 5112 in

1915 5146 1998 5202 eis
2029 5145 2260 5214 habitat,
2318 5148 2446 5219 quia
2467 5164 2622 5204 mens
2649 5147 2736 5204 his
2762 5148 3012 5204 ordinata
3053 5151 3318 5213 moribus,
3351 5150 3517 5222 applif

1915 5248 2038 5296 cata
2061 5241 2275 5308 studiis,
2297 5241 2548 5298 decorata
2573 5241 2885 5306 virtutibus,
2907 5241 2957 5296 ei
2978 5239 3187 5313 placet;
3215 5242 3522 5299 nullatenus

1913 5350 2045 5391 vero
2078 5350 2177 5406 per
2201 5336 2318 5392 hac
2341 5335 2392 5392 ei
2431 5337 2778 5406 praesentiam
2819 5353 2932 5394 sua
2972 5337 3250 5396 felicitatis
3296 5339 3517 5402 indicat,

1913 5443 2088 5499 neque
2113 5428 2218 5486 sibi
2252 5443 2352 5500 per
2381 5431 2855 5502 contemplationis
2899 5435 3138 5507 gratiam
3172 5432 3412 5504 copulat.
3446 5431 3520 5504 At

1912 5534 2037 5582 cum
2067 5520 2203 5584 solio
2229 5522 2446 5584 excelso
2484 5529 2646 5600 atque
2677 5523 2892 5582 elevato
2923 5541 3044 5583 sese
3073 5523 3517 5596 superextulerit,

1911 5621 2098 5678 mundi
2121 5619 2340 5678 calcans
2364 5623 2639 5690 tenebras,
2673 5617 2930 5679 humana
2973 5616 3220 5676 scientia
3245 5613 3518 5715 excedens

1909 5715 2207 5788 angustias,
2256 5731 2384 5773 mox
2423 5715 2494 5772 ad
2521 5715 2860 5774 immortales
2904 5711 3228 5768 sublimatur
3274 5703 3512 5763 divitias.
