3974 6306
614 361 718 419 713

1723 363 1788 421 S.
1827 361 2094 422 JULIANI
2131 361 2444 425 EPISCOPI
2481 365 2829 426 TOLETANI

3695 396 3764 456 744

613 477 966 536 dissolvantur
993 491 1204 562 manus‘
1227 475 1351 533 tute.
1387 475 1644 534 Dominus
1689 478 1830 536 Deus
1865 482 1920 536 in
1942 482 2112 536 medio
2137 481 2214 536 tui
2244 483 2290 542 Α
2317 483 2434 550 erit,
2473 485 2608 540 sicut
2630 488 2790 541 eratis
2828 483 3122 543 maledictio
3156 488 3209 545 in
3231 493 3445 564 gentibus
3474 497 3625 560 domus
3653 509 3764 568 λιιι,

614 571 764 642 fortis
791 571 900 641 ipse
931 569 1151 625 salvabit
1173 549 1360 643 (Soph.
1385 587 1469 634 ιιι,
1500 571 1568 627 14
1588 571 1741 644 seq.).
1771 573 1915 630 Idem
1938 576 2004 631 de
2031 591 2215 632 resur-

2315 583 2364 630 et
2388 575 2575 631 domus
2603 575 2794 646 Israel,
2837 579 2913 632 sic
2959 577 3166 636 salvabo
3189 599 3291 650 vos,
3333 596 3378 642 et
3409 590 3532 647 eritis
3567 593 3767 658 benedictio

614 663 858 718 rectione
891 679 905 716 :
939 661 1204 733 Exspecta
1240 680 1320 718 me
1363 663 1420 719 in
1449 663 1540 749 die
1568 667 1960 723 resurrectionis
1994 684 2124 724 mete
2158 669 2216 725 in
2317 664 2504 738 (Zach.
2527 685 2648 736 VIII,
2677 669 2738 724 11
2769 670 2924 744 seq.).
2948 671 3026 729 De
3049 665 3379 733 ecclesiarum
3399 679 3768 749 ﬁduciaadllomi.

613 755 891 826 futurum,
943 755 1068 826 quia
1111 753 1378 825 judicium
1421 739 1596 811 Mm
1649 765 1748 827 est,
1795 769 1853 814 ut
1905 776 2212 832 congregem

611 861 806 924 gentes,
835 860 886 905 et
923 849 1167 922 colligam
1213 867 1375 922 regna
1400 851 1471 925 (v.
1501 851 1582 926 8.)
1624 853 1855 927 Αεείιξιιε
1874 855 1942 911 de
1970 855 2213 926 ejusdem

613 944 914 1011 nativitate,
941 952 996 999 et
1023 943 1278 1000 Ecclesia:
1300 943 1532 1015 gloriosa
1556 948 1945 1005 constitutione
1971 966 1984 1004 :
2022 949 2212 1004 "Adhuc

610 1037 892 1102 modicum,
909 1037 1075 1108 inquit
1097 1035 1374 1102 Dominus,
1393 1046 1441 1092 et
1463 1055 1556 1110 ego
1579 1039 1790 1094 movebo
1813 1039 2018 1106 caelum,
2041 1049 2088 1095 et
2107 1049 2214 1095 ter-

610 1146 746 1194 ram,
771 1137 818 1182 et
839 1144 1002 1193 mare,
1031 1136 1082 1183 et
1115 1128 1343 1184 aridam.
1367 1127 1438 1184 Et
1461 1131 1671 1186 movebo
1701 1149 1878 1188 omnes
1907 1141 2126 1204 gentes;
2161 1142 2212 1188 et

609 1219 774 1273 veniet
792 1218 1122 1275 desideratus
1157 1219 1358 1275 cunctis
1380 1221 1636 1292 gentibus,
1660 1233 1710 1278 et
1732 1223 1952 1296 implebo
1993 1225 2208 1279 domum

605 1313 760 1366 istam
790 1309 978 1383 gloria,
1007 1311 1134 1366 dicit
1175 1311 1430 1368 Dominus
1471 1315 1814 1371 exercituum.
1869 1315 2068 1388 Magna
2113 1312 2213 1372 erit

495 1405 498 1410 '
603 1401 776 1471 gloria
807 1402 994 1458 domus
1021 1403 1173 1458 istius
1208 1405 1502 1462 novissima:
1525 1406 1802 1480 plusquam
1841 1410 2047 1480 primae,
2083 1407 2210 1464 dicit

609 1493 864 1552 Dominus
914 1496 1068 1568 (Agg.
1115 1513 1175 1562 ιι,
1203 1497 1234 1554 7
1275 1499 1429 1571 seq.).
1491 1501 1782 1556 Zacharias
1815 1501 1882 1557 de
1928 1503 2211 1560 nativitate

606 1593 678 1648 ita
708 1612 720 1648 :
753 1593 1369 1664 Ezsulta,inquit,satis,
1398 1595 1512 1666 filia
1531 1595 1694 1664 Sion;
1700 1597 1898 1669 jubila,
1911 1598 2027 1669 filia
2047 1599 2208 1654 Jeru-

605 1684 770 1740 salem
813 1702 832 1740 :
861 1702 978 1741 ecce
1016 1702 1108 1740 rex
1144 1698 1263 1741 tuus
1305 1689 1440 1742 venit
1465 1689 1578 1754 tibi,
1606 1689 1787 1760 justus
1817 1698 1866 1746 et
1887 1689 2131 1756 salvator,
2156 1699 2208 1746 et

603 1777 713 1850 ipse
745 1795 962 1850 pauper.
995 1777 1064 1832 Et
1091 1779 1332 1835 ascendet
1366 1798 1523 1853 super
1548 1784 1772 1848 asinam,
1803 1792 1852 1838 et
1892 1800 2050 1854 super
2087 1783 2207 1856 pul-

2315 773 2466 825 num,
2483 767 2538 814 et
2551 775 2614 816 ea
2621 777 2739 816 rum
2763 777 2864 834 pro
2875 765 3278 824 necessitatibus
3287 772 3569 842 populorum
3584 783 3767 851 supplica-

2317 847 2462 906 tione
2489 865 2504 905 :
2541 849 2806 924 Virgines,
2841 855 3002 926 petite
3039 855 3262 929 pluviam
3283 878 3314 916 a
3337 861 3534 921 Domino
3551 867 3597 922 in
3613 847 3766 944 dum

2313 941 2562 1007 serotino,
2605 950 2653 996 et
2694 941 2954 1000 Dominus
2993 945 3148 1018 faciet
3181 951 3332 1019 nives,
3375 964 3418 1009 et
3452 955 3640 1027 pluviam

2312 1031 2402 1086 Ea:
2444 1033 2556 1105 ipso
2609 1034 2835 1106 angulus
2859 1077 2874 1102 ,
2920 1055 2986 1092 ea:
3025 1038 3136 1110 ipso
3179 1042 3393 1112 paxillus
3413 1086 3427 1112 ,
3475 1063 3530 1102 es
3551 1049 3640 1120 ipso
3667 1072 3769 1110 arcus

2311 1125 2500 1215 praelii,
2537 1145 2602 1182 ea:
2623 1129 2738 1200 ipso
2757 1130 3026 1200 egreditur
3048 1134 3212 1188 omnis
3235 1146 3432 1191 exactor
3448 1140 3580 1195 simul
3599 1143 3716 1215 (Ibid.
3733 1163 3766 1212 ι,

2315 1218 2366 1284 1,
2398 1212 2476 1292 4).
2509 1219 2642 1275 Item
2668 1222 2733 1276 de
2759 1219 3060 1278 Salvatoris
3097 1225 3382 1293 nativitate,
3415 1237 3464 1283 et
3495 1212 3768 1302 gratiarumin

2312 1309 2430 1382 ipso
2447 1312 2824 1382 plenitudine:
2862 1313 3002 1370 Ecce
3035 1331 3150 1386 ego,
3178 1315 3362 1388 inquit,
3402 1314 3619 1377 adducant
3633 1341 3768 1379 sema

2309 1417 2483 1456 meum
2510 1400 2796 1458 Orientem.
2853 1403 2992 1470 Quia
3021 1421 3137 1460 ecce
3183 1405 3312 1478 lapis
3351 1426 3486 1480 quem
3525 1411 3620 1466 dedi
3654 1431 3768 1474 cortu

2310 1489 2438 1546 Jesu
2467 1508 2486 1547 :
2531 1509 2691 1565 super
2723 1492 2952 1566 lapidem
2981 1512 3142 1550 unum
3167 1507 3352 1569 septem
3389 1500 3510 1555 oculi
3547 1512 3640 1556 sunt
3661 1503 3767 1576 (Ibit.

2311 1596 2394 1648 ιιι,
2432 1584 2487 1650 8,
2520 1583 2598 1656 9).
2643 1585 2721 1640 De
2753 1587 3003 1658 exemplo
3031 1602 3256 1659 operum
3302 1589 3470 1660 ipsius,
3504 1599 3552 1648 et
3577 1594 3770 1648 niimculo-

2309 1689 2432 1729 rum
2464 1675 2806 1744 patratione:
2861 1677 2998 1733 Ecce
3047 1695 3142 1751 ego
3183 1681 3370 1736 ceelabo
3398 1683 3659 1755 scalpturae:
3682 1687 3768 1758 ejus,

2310 1766 2386 1820 ait
2420 1765 2724 1836 Dominus;
2751 1777 2807 1845 et
2842 1771 3083 1840 auferam
3125 1773 3436 1845 iniquitatem
3477 1786 3602 1832 terra
3621 1777 3720 1832 illis:
3735 1781 3770 1833 is

605 1841 716 1924 lum
745 1841 926 1940 'ﬁliam
973 1871 1139 1926 asina:
1174 1869 1360 1942 (Zach.
1392 1841 1468 1938 ni,
1509 1871 1587 1944 9).
1623 1841 1770 1930 Idem
1795 1873 1862 1930 de
1901 1841 2157 1944 passione
2185 1894 2195 1931 :

2279 1854 2283 1895 ε
2307 1858 2394 1914 die
2419 1858 2516 1915 illa
2541 1860 2614 1935 (v.
2647 1861 2726 1932 9).
2751 1841 3054 1922 'Malachias
3082 1869 3150 1924 de
3173 1841 3404 1939 eiusdem
3425 1871 3770 1935 Salvatorisnati-

606 1958 685 2015 Tu
712 1977 916 2032 quoque
940 1961 997 2016 in
1020 1963 1275 2032 sanguine
1312 1972 1508 2018 testam.
1527 1965 1604 2019 nti
1629 1965 1707 2019 tui
1741 1966 1963 2020 emisisti
2009 1966 2204 2022 vinctos

605 2061 720 2107 tuos
746 2053 811 2108 de
838 2052 980 2121 lacu,
1025 2054 1082 2108 in
1107 2071 1209 2126 quo
1260 2071 1364 2110 non
1392 2065 1467 2112 est
1509 2074 1648 2129 aqua
1691 2056 1760 2130 (v.
1797 2056 1907 2130 11).
1937 2057 2069 2114 Item
2103 2060 2206 2114 sub

601 2156 830 2212 persona
870 2143 1254 2214 interrogantis
1295 2143 1634 2202 Salvatorem
1679 2149 1746 2204 de
1787 2150 2014 2204 eadem:
2063 2149 2204 2216 Quid

601 2242 720 2288 sunt
746 2232 916 2305 plaga:
938 2235 1054 2290 ista:
1079 2235 1133 2290 in
1161 2235 1334 2290 medio
1374 2253 1628 2293 manuum
1656 2249 1869 2294 tuarum
1899 2240 1926 2294 .9
1962 2240 2032 2295 Et
2068 2241 2206 2296 dicet

599 2325 716 2381 eis:
756 2324 856 2382 His
899 2325 1142 2399 plagatus
1177 2345 1294 2383 sum
1335 2329 1392 2384 in
1436 2330 1592 2385 domo
1639 2347 1840 2396 eorum,
1884 2333 1974 2403 qui
2012 2332 2206 2404 delige-

603 2415 724 2470 bant
768 2433 850 2471 me
891 2416 1055 2488 (Ibid.
1085 2435 1204 2484 xm,
1233 2417 1504 2490 6).]tem:
1540 2418 1771 2475 Framea
1819 2423 2076 2478 suscitare
2115 2440 2206 2478 sa-

600 2525 694 2580 per
747 2519 1008 2582 pastorem
1062 2527 1255 2578 meum,
1313 2523 1360 2566 et
1415 2529 1572 2584 super
1634 2514 1800 2568 virum
1860 2515 2204 2572 cohterentem

599 2600 730 2656 mihi
770 2600 839 2672 (v.
880 2602 955 2672 7).
1017 2603 1095 2658 De
1133 2601 1431 2659 Salvatoris
1487 2605 1757 2675 personali
1797 2606 2201 2675 praedicatione,

601 2697 657 2745 et
715 2691 954 2762 gentium
1007 2693 1076 2748 ad
1125 2704 1250 2748 eum
1285 2693 1474 2750 devota
1545 2695 1917 2752 conversione.
1976 2696 2046 2752 In
2086 2699 2202 2753 die-

599 2781 715 2850 bus,
783 2783 1011 2854 inquit,
1079 2785 1186 2840 illis
1259 2787 1666 2857 apprehendent'
1732 2790 1906 2845 decem
1967 2791 2201 2850 homines

602 2891 668 2930 ea:
720 2876 960 2932 omnibus
1015 2876 1207 2949 linguis
1271 2881 1500 2950 gentiam
1558 2881 1824 2950 ﬁmbriam
1889 2885 1986 2938 viri
2023 2884 2204 2942 Judaei

603 2965 834 3024 dicentes
857 2983 876 3023 :
901 2967 1104 3024 Ibimus
1130 2970 1411 3026 vobiscum.
1445 2971 1755 3030 Audiuimus
1785 2977 1923 3032 enim
1951 2977 2200 3049 quoniam

599 3059 741 3115 Deus
777 3061 1039 3118 vobiscum
1063 3073 1138 3119 est
1169 3062 1332 3135 (Ibid.
1365 3081 1483 3131 vm,
1513 3065 1627 3139 23).
1659 3067 1792 3125 Item
1821 3071 1888 3126 de
1907 3071 2194 3141 passione:

615 3149 750 3220 Vidi,
780 3147 974 3226 inquit,
997 3172 1093 3228 per
1121 3165 1343 3212 noctem.
1389 3155 1462 3213 Et
1490 3175 1606 3214 ecce
1633 3159 1712 3214 vir
1730 3161 2016 3218 ascendens
2039 3180 2194 3236 super

598 3259 788 3315 equum
824 3246 1021 3318 rufum,
1057 3257 1106 3303 et
1131 3249 1242 3320 ipse
1269 3249 1442 3304 stabat
1470 3251 1610 3306 inter
1632 3261 1873 3323 myrteta,
1897 3270 2016 3324 quae
2043 3265 2192 3312 erant

597 3335 654 3390 in
679 3337 944 3408 profundo
967 3336 1130 3412 (Ibid.
1161 3356 1198 3404 ι,
1247 3341 1282 3397 8
1311 3339 1466 3414 seq.).
1510 3341 1588 3397 De
1607 3343 2020 3413 praedicatorum
2066 3347 2196 3404 mis-

597 3427 788 3484 sione:
819 3428 890 3484 Et
905 3440 1020 3502 post
1041 3448 1159 3487 eum
1187 3432 1304 3504 equi
1334 3433 1456 3504 ruﬁ,
1495 3435 1628 3490 varii
1681 3444 1727 3490 et
1771 3435 1898 3494 albi.
1930 3429 2000 3492 Et
2032 3437 2145 3495 dixi

525 3543 533 3552 -
601 3517 705 3584 Qui
733 3528 856 3574 sunt
901 3520 1268 3585 isti,-Domine
1313 3522 1434 3577 mi?
1471 3521 1544 3577 Et
1573 3525 1876 3596 respondit:
1923 3524 2022 3582 Isti
2049 3537 2190 3594 sunt,

595 3625 724 3679 quos
753 3611 894 3665 misit
924 3611 1179 3668 Dominus
1207 3613 1574 3684 perambulare
1606 3625 1821 3672 terram.
1856 3617 1960 3685 Qui
1981 3611 2220 3692 respon?

593 3699 782 3755 derunt
807 3717 826 3754 :
865 3700 1352 3759 Perambulavimus
1378 3715 1593 3760 terram.
1626 3706 1698 3761 Et
1723 3724 1840 3764 ecce
1862 3712 2030 3766 omnis
2052 3721 2192 3769 terra

593 3786 917 3842 habitabitur
939 3797 986 3843 et
1014 3791 1259 3860 quiescet.
1298 3793 1374 3848 De
1405 3793 1661 3850 Ecclesia:
1691 3795 2002 3855 dilatatione
2028 3817 2041 3854 :
2082 3801 2192 3856 Ad-

594 3877 697 3931 huc
735 3879 943 3949 amuent
970 3880 1200 3935 civitates
1222 3898 1351 3937 meae
1379 3882 1546 3948 bonis,
1577 3894 1625 3938 et
1645 3884 2000 3943 consolabitar
2015 3889 2193 3946 Domi-

597 3984 694 4022 nus
721 3967 870 4032 Sion,
919 3979 967 4024 et
995 3968 1145 4042 eliget
1185 3972 1358 4026 adhuc
1393 3973 1710 4030 Jerusalem.
1739 3975 1808 4049 (v.
1855 3977 1966 4051 17).
2014 3981 2184 4038 Item:

596 4059 799 4132 Absque
837 4078 988 4116 muro
1023 4062 1346 4119 habitabitur
1386 4065 1680 4122 Jerusalem
1719 4087 1828 4140 pra:
1856 4071 2191 4130 multitudine

593 4149 884 4218 hominum,
923 4161 972 4206 et
991 4152 1354 4224 jumentorum
1394 4156 1451 4210 in
1475 4156 1646 4212 medio
1669 4157 1804 4229 ejus.
1855 4159 1926 4214 Et
1955 4177 2048 4233 ego
2077 4179 2183 4229 ero,

593 4245 668 4299 ait
703 4243 984 4312 Dominus,
1033 4263 1236 4311 murus,
1271 4256 1320 4302 et
1344 4248 1482 4319 ignis
1513 4248 1570 4303 in
1605 4249 1828 4305 circuitu
1867 4252 1981 4324 ejus
2007 4269 2026 4308 :
2057 4263 2104 4308 et
2132 4256 2188 4310 in

590 4334 760 4404 gloria
783 4351 871 4390 ero
895 4337 951 4392 in
984 4336 1155 4392 medio
1200 4336 1308 4410 (Ib.
1333 4354 1394 4404 ιι,
1425 4337 1481 4406 4,
1507 4336 1584 4411 5).
1637 4338 1764 4396 Hzec
1790 4343 1856 4398 de
1880 4342 2186 4402 Iudaeorum

593 4425 896 4482 vocatione.
947 4428 1082 4483 Item
1132 4429 1196 4483 de
1229 4428 1467 4498 ipsorum
1517 4431 1913 4502 reprobatione,
1949 4444 2004 4492 et
2045 4437 2188 4494 Gen-

592 4517 726 4572 tium
755 4519 1138 4598 inquisitione:
1171 4518 1298 4576 Post
1328 4520 1571 4592 gloriam,
1612 4525 1807 4597 inquit,
1841 4529 1980 4584 misit
2000 4547 2082 4586 me
2115 4531 2186 4586 ad

591 4619 810 4681 gentes:
841 4611 1195 4683 spoliaverunt
1231 4629 1324 4668 nos
1359 4615 1429 4686 (v.
1483 4615 1560 4687 8).
1598 4617 1770 4674 Item:
1819 4620 2026 4688 Lauda,
2069 4622 2185 4693 filia

596 4697 747 4764 Sion,
779 4711 828 4754 et
851 4699 1049 4768 lectore,
1085 4702 1212 4774 quia
1233 4719 1350 4758 ecce
1387 4705 1555 4772 venio,
1581 4715 1630 4762 et
1651 4708 1896 4765 habitabo
1938 4711 1990 4766 in
2016 4713 2184 4768 medio

594 4791 691 4857 tui,
733 4791 860 4848 dicit
887 4793 1164 4852 Dominus.
1211 4795 1284 4851 Et
1306 4796 1708 4870 applicabuntur
1727 4813 1902 4872 gentes
1927 4803 2104 4860 multa:
2128 4789 2184 4860 in

593 4885 676 4940 die
698 4886 792 4942 illa
813 4889 883 4944 ad
903 4889 1206 4956 Dominum,
1235 4903 1286 4948 et
1309 4903 1461 4948 erant
1496 4895 1624 4948 mihi
1648 4896 1706 4948 in
1725 4895 1973 4968 populum
1997 4898 2066 4970 (v.
2092 4899 2180 4967 10,

593 4977 703 5049 11).
759 4979 832 5036 De
875 4983 1187 5041 diversitate
1210 4983 1508 5056 gratiarum
1538 4987 1852 5043 collatarum
1887 4989 2180 5049 Ecclesiae:

592 5067 776 5123 Adhuc
794 5071 1101 5129 habitabant
1127 5093 1282 5144 anus,
1312 5087 1360 5132 et
1393 5095 1540 5135 senes
1560 5079 1616 5133 in
1636 5078 1822 5150 plateis
1843 5081 2138 5139 Jerusalem
2159 5101 2180 5152 ,°

590 5170 636 5213 et
665 5161 759 5215 viri
784 5161 996 5219 baculus
1019 5167 1074 5220 in
1100 5183 1261 5223 manu
1303 5169 1416 5240 ejus
1437 5186 1547 5241 pra:
1592 5169 1927 5228 multitudine
1952 5173 2176 5232 dierum.

591 5251 660 5306 Et
699 5251 892 5324 platea:
915 5256 1134 5313 civitatis
1167 5260 1558 5332 complebantur
1585 5261 1875 5333 infantibus
1910 5275 1959 5321 et
1991 5270 2179 5340 puellis

593 5343 886 5404 ludentibus
917 5343 1081 5418 (Ibid.
1107 5364 1224 5413 vm,
1259 5351 1314 5417 4,
1350 5352 1434 5430 β).
1472 5354 1644 5410 Item:
1681 5353 1819 5411 Ecce
1847 5375 1940 5430 ego
1967 5363 2177 5418 salvabo

585 5434 836 5507 populum
866 5453 1037 5491 meum
1059 5439 1124 5494 de
1145 5449 1285 5496 terra
1308 5445 1544 5512 orientis,
1585 5455 1634 5501 et
1674 5447 1739 5501 de
1786 5458 1926 5505 terra
1960 5471 2177 5514 occasus

587 5524 731 5590 solis,
766 5533 814 5581 et
847 5527 1108 5586 adducam
1133 5549 1240 5599 eos,
1279 5543 1328 5590 et
1351 5536 1662 5594 habitabant
1688 5539 1743 5594 in
1766 5543 1937 5596 medio
1957 5543 2178 5602 Jerusa-

587 5616 690 5673 lem
725 5617 796 5693 (v.
825 5621 878 5688 8,
923 5622 1000 5694 9).
1047 5625 1180 5682 Item
1207 5631 1273 5685 de
1299 5628 1607 5687 Judzeorum
1633 5631 1820 5690 ultima
1851 5640 2170 5697 vocatione:

589 5705 748 5763 Nunc
783 5721 956 5768 autem
992 5732 1094 5772 non
1119 5718 1279 5788 juxta
1319 5721 1520 5792 priores
1567 5740 1660 5796 ego
1704 5725 1900 5796 faciam
1943 5730 2172 5803 reliquiis

584 5801 764 5880 populi
791 5803 972 5881 hujus,
1002 5809 1129 5866 dicit
1159 5811 1437 5881 Dominus,
1470 5815 1562 5870 sed
1586 5833 1759 5874 semen
1782 5823 1928 5893 pacis
1948 5801 2066 5880 erit.
2098 5822 2170 5882 Et

2313 1949 2497 2016 vitate,
2527 1951 2637 2006 ita:
2671 1951 2844 2017 Vobis,
2875 1955 3070 2026 inquit,
3101 1959 3393 2018 timentibus
3410 1961 3550 2018 Deum
3569 1965 3772 2020 orieturtol

2298 2041 2527 2112 justitite
2549 2083 2566 2109 ,
2616 2052 2667 2098 et
2709 2045 2911 2100 sanitas
2951 2048 3007 2102 in
3031 2051 3217 2121 pennis
3248 2052 3360 2122 ejus
3397 2051 3533 2126 (Hal.
3560 2069 3632 2120 tv,
3654 2054 3772 2124 2).De

2308 2133 2646 2190 credentium
2674 2136 2844 2208 gloria
2865 2147 2920 2194 et
2948 2141 3312 2200 exsultatione
3337 2163 3350 2199 :
3379 2145 3444 2200 Et
3463 2138 3770 2218 egredimisie

2307 2223 2505 2300 salictis
2547 2227 2683 2282 sicut
2719 2228 2868 2284 vituli
2901 2230 2966 2286 de
3010 2245 3266 2301 amento,
3315 2245 3362 2290 et
3407 2236 3631 2292 calcabitis
3653 2239 3771 2310 inpios

2307 2333 2426 2372 cum
2462 2317 2660 2389 fuerint
2687 2321 2818 2376 cinis
2839 2324 2935 2378 sub
2970 2323 3171 2395 plantis
3213 2327 3397 2399 pedum
3421 2339 3668 2397 vestrorum,
3693 2331 3771 2384 dicit

2306 2407 2565 2465 Dominus
2593 2413 2914 2468 exercituum
2939 2416 3010 2488 (v.
3034 2415 3113 2490 5).
3141 2419 3275 2474 Item
3298 2436 3312 2474 :
3338 2421 3466 2476 Ecce
3500 2439 3576 2493 ego
3592 2423 3698 2476 mitto
3714 2438 3773 2474 ιι-

2304 2499 2476 2571 gelum
2508 2517 2698 2570 meum,
2730 2513 2780 2560 et
2813 2509 3133 2578 praeparabit
3176 2511 3312 2566 viam
3345 2523 3456 2567 ante
3479 2513 3632 2584 facian
3650 2527 3770 2574 mu,

2304 2601 2354 2646 et
2379 2595 2557 2648 statim
2581 2597 2744 2650 veniet
2793 2597 2862 2651 ad
2887 2599 3136 2672 templum
3183 2619 3350 2657 suum.
3379 2604 3644 2666 dominator,
3676 2617 3771 2674 qm

2306 2701 2392 2740 vos
2415 2689 2670 2758 quieritis,
2720 2699 2768 2744 et
2805 2691 3023 2763 angelus
3058 2697 3374 2762 testamenti,
3419 2713 3553 2768 quem
3581 2712 3646 2751 vos
3677 2694 3774 2750 ulti:

2257 2807 2269 2818 -
2306 2777 2468 2852 (Ibid.
2498 2797 2581 2848 ιιι,
2615 2781 2692 2857 1).
2726 2783 2860 2841 Item
2884 2786 3044 2844 Pater
3069 2789 3296 2862 loquens
3319 2793 3382 2848 de
3411 2793 3532 2850 Filio
3555 2793 3598 2848 in
3619 2793 3772 2848 eodem:

2303 2867 2546 2937 Pactum,
2586 2873 2780 2944 inquit,
2819 2893 2992 2933 meum
3039 2881 3142 2952 fuit
3169 2901 3289 2939 cum
3329 2901 3387 2942 eo
3417 2886 3522 2942 vita:
3549 2885 3775 2957 stratis,“

2301 2962 2424 3018 dedi
2463 2967 2511 3020 ei
2535 2967 2792 3037 timorem,
2823 2981 2871 3026 et
2898 2973 3074 3029 timuit
3111 2993 3216 3045 me,
3255 2989 3303 3034 et
3325 2998 3357 3035 a
3379 2980 3506 3052 facie
3527 2975 3775 3034 miranti

2299 3057 2536 3128 pavebat.
2567 3059 2686 3116 Lua;
2717 3065 2944 3120 veritatis
2969 3065 3071 3138 fuit
3097 3069 3154 3124 in
3181 3087 3270 3127 ore
3289 3073 3418 3144 ejus,
3445 3073 3776 3144 etiniquitssm

2300 3157 2376 3238 est
2406 3148 2612 3205 inventa
2641 3153 2698 3208 in
2717 3153 2872 3210 labiis
2897 3157 3032 3228 ejus.
3085 3160 3154 3217 In
3179 3181 3328 3235 pace,
3371 3175 3418 3220 et
3439 3163 3776 3238 (equitatem

2297 3235 2422 3293 lavit
2445 3255 2666 3310 mecum,
2703 3251 2752 3298 et
2777 3245 2968 3302 multos
2993 3252 3180 3306 avertit
3213 3253 3278 3309 ab
3304 3235 3555 3327 iniquitate
3594 3249 3712 3325 (Ibiti-
3736 3263 3775 3313 ιι,

2307 3329 2361 3396 5,
2387 3329 2467 3403 6).

2369 3421 2455 3478 74.
2484 3423 2592 3492 Sic,
2620 3427 2700 3484 sic
2717 3431 2882 3498 pedes
2899 3431 2993 3500 isti
3028 3433 3341 3495 detulerunt
3370 3440 3514 3497 nobis
3537 3438 3776 3496 Salvatom

2295 3514 2498 3581 seculi,
2535 3523 2722 3589 typum
2747 3517 2863 3590 ejus
2891 3527 3258 3594 personaliter
3297 3532 3474 3588 multis
3492 3539 3706 3602 gestorum
3722 3541 3777 3580 sr-

2295 3607 2563 3674 gumentis
2581 3613 2832 3680 gerendo,
2864 3617 3106 3687 mysticis
3127 3635 3255 3676 eum
3277 3623 3493 3696 eloquiis
3513 3619 3774 3679 vaticinando.

2298 3693 2449 3752 Unde
2473 3707 2528 3753 et
2563 3700 2773 3768 praelati
2806 3707 2972 3775 pedes
3003 3711 3284 3771 orichalco
3312 3693 3546 3773 dicuntur
3573 3731 3666 3771 esse
3682 3711 3776 3768 simi-

2292 3783 2390 3853 les,
2433 3797 2546 3845 tum
2569 3806 2670 3862 pro
2704 3795 2899 3854 decore
2931 3801 3233 3873 sapientia},
3276 3817 3387 3865 tum
3423 3825 3512 3880 pro
3541 3809 3679 3864 nitore
3706 3813 3778 3858 ιειι·

2293 3877 2436 3973 binis
2471 3882 2793 3973 eloquentiae
2833 3890 3018 3962 (Apoc.
3061 3911 3102 3961 ι,
3147 3897 3258 3968 15;
3318 3919 3378 3968 ιι,
3423 3877 3526 3973 18).
3587 3899 3778 3970 Siquidm!

2293 3969 2624 4030 orichalcum
2653 3979 2884 4036 metallis
2927 3993 3011 4040 est
3040 3987 3314 4048 universis
3345 3969 3590 4058 sonorius,
3624 3969 3710 4046 auri
3731 3996 3779 4040 le-

2291 4071 2382 4118 net
2415 4067 2666 4136 speciem,
2705 4071 2801 4128 sed
2837 4089 2903 4131 eo
2926 4075 3084 4150 longe
3113 4091 3200 4138 est
3246 4085 3486 4144 inferius.
3530 4085 3642 4154 Quia
3664 4079 3780 4140 sancti

2290 4155 2582 4213 adventum
2603 4162 2968 4246 prmcedentes
2993 4165 3123 4226 Jesu
3155 4173 3380 4244 Christi,
3405 4170 3779 4249 sequentibuscls-

2290 4261 2574 4308 maverunt
2599 4253 2820 4323 diutius,
2851 4267 2907 4314 et
2933 4263 3148 4330 anxius,
3197 4271 3394 4336 sobrie,
3421 4269 3554 4340 justo
3599 4277 3644 4324 et
3669 4264 3780 4338 picin

2288 4339 2394 4434 hoc
2426 4344 2625 4400 saeculo
2646 4345 2888 4406 viventes
2911 4349 3039 4424 (Tit.
3068 4371 3129 4422 ιι,
3159 4357 3248 4427 12,
3280 4362 3386 4434 15),
3417 4339 3607 4419 heatatn
3629 4363 3781 4431 spem?!

2289 4431 2578 4491 adventum
2605 4438 2789 4509 gloria:
2833 4447 3014 4516 magni
3053 4447 3148 4504 Dei
3188 4431 3571 4524 exspectantes.
3603 4453 3680 4522 Qui
3703 4451 3781 4503 Ιίαιι

2283 4539 2388 4595 pro
2425 4537 2731 4600 temporum
2773 4535 3033 4605 qualitate
3072 4541 3313 4612 perfecte
3362 4547 3612 4611 viverent,
3654 4551 3780 4598 οιιωεε

2288 4627 2469 4676 tamen
2497 4623 2706 4694 famuli,
2760 4631 2854 4686 sed
2889 4634 3070 4692 nullus
3095 4652 3162 4692 ex
3185 4640 3266 4695 eis
3287 4641 3572 4698 Dominus:
3599 4653 3704 4695 unus
3725 4647 3782 4688 διι-

2284 4715 2619 4782 Ρθῑοωῐοδιίε
2649 4721 2904 4792 magister
2925 4727 3163 4784 omnium
3203 4741 3365 4787 erat:
3404 4734 3716 4803 unusquisque
3731 4725 3782 4779 di-

2285 4805 2542 4874 scipulus.
2572 4809 2709 4867 Hinc
2733 4828 2832 4883 per
2873 4813 3014 4874 Job:
3067 4819 3224 4890 Ecce,
3257 4825 3452 4895 inquit,
3485 4825 3610 4881 Deus
3644 4822 3781 4878 victm

2283 4899 2554 4955 scientiam
2589 4915 2820 4962 nostram
2847 4925 2867 4964 :
2898 4908 3072 4968 nullus
3095 4915 3143 4969 ei
3186 4917 3378 4974 similis
3406 4921 3463 4975 in
3485 4911 3782 4990 legislotoribzu

2285 4989 2406 5063 (Job
2431 5009 2614 5061 xxxvi,
2637 4996 2749 5072 26).
2771 4999 2900 5058 Inde
2933 5003 3260 5075 Apostolus:
3292 5010 3497 5083 Moyses
3517 5009 3690 5085 quidem
3708 5013 3784 5057 latr

2280 5101 2438 5156 quam
2469 5087 2700 5157 famulus
2743 5102 2855 5148 erat
2890 5095 2946 5148 in
2987 5099 3341 5157 testimonium
3382 5119 3554 5158 eorum
3601 5113 3694 5170 φη
3732 5091 3784 5144 δέ’

2281 5175 2444 5230 cendo
2471 5188 2664 5245 erant;
2692 5179 2930 5238 Christus
2971 5196 3145 5241 autem
3173 5199 3428 5260 tanquam
3459 5188 3593 5262 ﬁlius
3615 5188 3660 5242 is
3679 5183 3784 5238 ἀσηιθ

2279 5279 2377 5319 sua
2407 5265 2566 5341 (IIeb.
2597 5285 2678 5350 ιιι,
2721 5269 2773 5344 5,
2806 5271 2882 5343 6).
2914 5273 3047 5332 Auri
3071 5279 3288 5348 quidem
3320 5284 3569 5338 tenebant
3597 5274 3783 5348 special”

2278 5358 2372 5414 sed
2407 5374 2518 5414 rem
2543 5360 2701 5434 longe
2743 5364 3098 5434 dissimilem;
3147 5373 3272 5443 quia
3302 5375 3409 5432 etsi
3435 5374 3587 5432 corde
3626 5361 3785 5426 sinceri.

2275 5467 2372 5507 ore
2397 5453 2584 5521 sobrii,
2609 5470 2773 5512 carne
2799 5455 2974 5527 liberi,
3011 5463 3116 5520 ﬁde
3141 5467 3489 5533 sanctissimi,
3519 5480 3603 5536 spe
3625 5453 3784 5518 θιωαιίο

2275 5543 2539 5601 charitate
2585 5550 2811 5606 radicati
2837 5592 2854 5618 ,
2909 5558 3219 5612 necessitati
3265 5561 3594 5626 servientes,
3619 5551 3784 5614 utilia“

2275 5639 2592 5710 studentes,
2662 5643 2932 5704 honestati
2987 5653 3374 5722 consulentes;
3443 5656 3610 5712 nullus
3659 5659 3786 5706 tamen

2273 5748 2460 5788 eorum
2488 5738 2706 5794 omnino
2731 5740 2985 5800 immunis
3004 5762 3034 5800 a
3053 5757 3304 5817 peccato,
3336 5750 3518 5804 nullus
3546 5765 3604 5805 ex
3625 5744 3692 5801 eis
3704 5752 3788 5810 1³³⁵·

2271 5841 2361 5883 ser
2387 5828 2502 5884 ﬁeri
2535 5833 2712 5902 potuit
2745 5833 3022 5894 solitarius
3050 5840 3104 5895 in
3129 5848 3289 5906 tecto,
3332 5857 3490 5898 nemo
3518 5857 3577 5898 ex
3601 5839 3669 5895 eis
3689 5834 3788 5890 il!ch
