3974 6306
128 403 240 463 715

1135 388 1486 448 ΟΟΗΜΕΝΤ.
1526 386 1596 446 IN
1630 386 1881 447 NAHUM
1916 386 2361 448 PROPHETAM.

3298 383 3406 446 ’146

125 524 378 572 mortuos
410 510 549 567 liber
580 507 698 565 fieri
724 505 896 562 valuit
939 503 1110 577 (Psat.
1155 520 1239 570 ci,
1271 501 1350 578 8),
1401 519 1560 560 nemo
1599 504 1716 560 ani-
1740 509 1796 568 Α
1815 505 1885 561 de
1909 507 2152 561 doctrina
2177 507 2291 577 ejus
2317 503 2498 576 (Deut.
2522 517 2714 570 xxxiii,
2739 501 2816 574 3).
2845 486 3092 575 Isti'ergo
3114 505 3280 576 pedes
3309 506 3412 563 Do-

125 623 275 664 mam
301 619 460 662 suam
478 616 681 674 ponere
712 597 884 671 (Psal.
915 613 1153 660 Lxxxvn,
1177 595 1251 668 6),
1278 604 1334 652 et
1368 595 1564 652 iterum
1599 611 1722 652 eam

123 681 346 758 sumere
377 697 554 769 potuit
601 695 782 765 (Joan.
813 709 868 757 x,
907 692 1018 762 18).
1077 690 1228 747 Unde
1259 702 1356 760 per
1379 687 1480 745 Job
1521 705 1534 744 :
1588 688 1723 744 Ecce

121 793 213 864 qui
239 792 474 847 serviunt
502 790 573 856 ei,
618 805 723 843 non
763 795 883 840 sunt
919 782 1150 848 stabiles,
1189 793 1239 837 et
1278 784 1335 838 in
1375 781 1573 854 angelis
1611 783 1722 836 suis

124 887 318 958 reperit
368 884 722 955 prauitatem;
759 891 955 952 quanto
987 879 1176 950 magis,
1219 879 1309 950 qui
1346 879 1527 934 domos
1574 879 1726 933 ltabi-

121 986 237 1031 tant
271 975 463 1040 luteas,
504 973 594 1044 qui
636 982 898 1027 terrenum
925 969 1113 1025 habent
1142 969 1555 1039 fundamentum,
1599 986 1726 1026 con-

121 1076 404 1124 sumentur
439 1063 576 1122 velut
610 1082 644 1118 a
675 1064 817 1118 tinea
851 1062 973 1134 (Job
1020 1077 1095 1126 iv,
1134 1060 1218 1128 18,
1249 1060 1383 1132 l9)?
1424 1061 1625 1118 lterum
1669 1061 1724 1117 in

122 1160 321 1216 eodem
347 1175 361 1210 :
395 1153 654 1226 Nunquid
677 1153 786 1208 Deo
807 1152 1101 1224 comparari
1125 1161 1287 1223 potest
1307 1152 1484 1217 homo,
1515 1152 1725 1207 etiamsi

121 1251 286 1320 fuerit
311 1248 560 1322 perfecta
593 1247 823 1301 scientia:
845 1243 1009 1315 (Ibid.
1047 1259 1183 1309 xxii,
1211 1243 1268 1313 2)
1290 1243 1314 1296 'l
1339 1243 1473 1298 ltem
1493 1243 1636 1299 idem
1669 1243 1728 1299 in

121 1339 362 1396 eodem:
428 1337 572 1392 Num
612 1335 905 1407 justiﬁcari
949 1335 1135 1404 poterit
1181 1333 1334 1387 homo
1393 1343 1726 1404 comparatus

123 1429 260 1495 Deo,
309 1435 406 1482 aut
441 1424 708 1497 apparebit
748 1421 978 1478 mundus
1007 1433 1162 1476 natus
1187 1422 1252 1475 de
1289 1419 1549 1476 muliere!
1589 1420 1729 1478 Ecce

123 1521 257 1576 luna
297 1537 406 1574 non
428 1515 680 1590 splendet,
706 1525 756 1569 et
778 1513 942 1570 stella
979 1532 1085 1570 non
1107 1524 1229 1570 sunt
1259 1514 1472 1569 munda:
1500 1515 1557 1568 in
1602 1531 1728 1568 con-

125 1626 309 1690 spectat
342 1615 492 1686 ejus;
514 1621 709 1684 quanto
737 1610 906 1681 magis
929 1610 1082 1664 homo
1117 1609 1358 1681 putredo,
1397 1617 1444 1663 et
1469 1607 1613 1678 filius
1632 1607 1731 1662 lto-

126 1709 288 1762 minis
313 1705 505 1761 vermis
533 1702 697 1775 (Ibid.
733 1717 861 1766 xxv,
889 1700 922 1754 4
950 1699 1125 1772 seq.)?
1152 1701 1321 1756 Pedes
1348 1713 1478 1769 ergo
1511 1698 1729 1755 Domini

127 1799 306 1870 pulvis
355 1805 484 1852 sunt
534 1811 633 1866 per
668 1793 1026 1850 humilitatem
1078 1792 1459 1858 conscientia;
1519 1791 1728 1847 nebula:

126 1905 226 1961 per
260 1888 650 1944 obscuritatem
699 1884 1040 1954 eloquentiae.
1097 1884 1282 1939 Pulvis
1308 1893 1454 1950 sunt,
1501 1882 1725 1938 humilia

128 1983 194 2035 de
219 1995 280 2034 se
313 1977 639 2042 sentiendo;
690 1973 916 2037 nebulae,
949 1989 1148 2029 arcana
1176 1973 1418 2029 coelestia
1460 1972 1729 2028 velamine

128 2073 328 2128 littera:
356 2070 618 2142 tegendo:
647 2068 879 2124 humiles
909 2068 1038 2131 vita,
1070 2068 1287 2123 obscuri
1309 2065 1576 2122 doctrina.
1605 2064 1731 2120 Pul-

124 2167 213 2222 vis
245 2173 393 2228 sunt,
425 2172 485 2217 ut
505 2161 754 2233 placeant
780 2177 796 2228 ;
827 2159 1060 2226 nebulae,
1088 2175 1156 2214 ne
1190 2159 1512 2229 margaritas
1548 2157 1730 2228 porcis

123 2256 434 2328 praebeant.
467 2252 654 2306 Aliter.

201 2347 302 2402 75.
342 2344 556 2400 Nebulte
576 2341 746 2414 pulvis
771 2341 960 2413 pedum
981 2339 1096 2411 ejus
1133 2339 1302 2411 (Nan.
1346 2356 1386 2405 ι,
1421 2337 1500 2409 3).
1548 2336 1732 2393 Pulvis

122 2449 209 2496 est
244 2448 463 2493 terrena
486 2433 837 2506 intelligentia
861 2447 875 2486 :
902 2431 1096 2488 nebula
1125 2438 1210 2487 est
1229 2431 1530 2486 obscuritas
1559 2438 1733 2484 trans-

123 2530 314 2588 itoria.
359 2527 484 2583 Sole
526 2542 654 2582 vero
681 2526 944 2588 radiante,
973 2523 1302 2592 dissipantur
1325 2521 1554 2578 nebulze.
1602 2519 1732 2576 Pul-

125 2624 212 2677 vis
265 2637 399 2691 ergo
446 2619 642 2691 pedum
697 2617 912 2673 Domini
962 2623 1089 2671 sunt
1138 2614 1378 2679 nebulai,
1439 2613 1567 2685 quia
1621 2612 1733 2668 sole

124 2711 357 2784 iustitia:
392 2711 654 2776 radiante,
689 2709 909 2766 Christo
953 2708 1203 2764 videlicet
1245 2707 1592 2778 praedicante,
1633 2707 1735 2762 mi-

126 2805 318 2862 racula
355 2803 608 2867 faciente,
652 2811 869 2857 terrena
893 2800 1100 2857 calcata
1119 2809 1203 2856 est
1231 2799 1602 2871 intelligentia,
1624 2798 1733 2869 spi-

127 2898 309 2954 ritalis
341 2915 405 2954 ac
431 2897 660 2968 mystica
695 2903 936 2952 reserata
968 2894 1214 2950 scientia.
1260 2891 1412 2949 Unde
1441 2893 1498 2947 in
1526 2889 1734 2961 psalmo

125 2990 334 3062 legitur
376 3003 392 3043 :
455 2987 640 3042 Posuit
695 2987 932 3042 tenebras
1001 2983 1280 3039 latibulum
1325 2999 1480 3038 suum
1529 2981 1724 3054 (Psa'.

124 3096 267 3145 xvii,
307 3075 421 3149 12).
465 3076 776 3132 Latibulum
818 3077 962 3132 enim
1009 3090 1166 3131 suum
1205 3074 1456 3130 tenebras
1508 3073 1728 3145 posuit:

124 3173 254 3241 quia
286 3170 392 3224 sub
433 3169 626 3223 littera:
671 3167 1057 3238 prophetarum
1091 3164 1359 3221 velamine
1393 3172 1613 3234 opertus
1641 3164 1731 3220 diu

125 3264 311 3318 latuit.
362 3261 518 3318 Unde
551 3260 834 3330 sequitur:
893 3257 1184 3312 Tenebrosa
1229 3273 1367 3327 aqua
1407 3257 1464 3310 in
1509 3255 1730 3310 nubibus

124 3359 292 3422 aeris,
328 3356 459 3426 quia
500 3353 751 3410 videlicet
774 3353 1004 3408 obscura
1038 3359 1122 3406 est
1154 3349 1378 3405 scientia
1422 3349 1476 3404 in
1501 3349 1734 3418 prophe-

125 3454 215 3506 tis.
274 3449 577 3519 Sequitur:
629 3447 750 3503 Pra:
796 3447 999 3518 fulgore
1029 3447 1084 3500 in
1114 3453 1387 3515 conspectu
1430 3441 1546 3512 ejus
1572 3441 1730 3495 nubes

123 3542 462 3597 transierunt
501 3539 569 3610 (υ.
606 3537 716 3609 15).
766 3536 899 3603 Quia
934 3537 1061 3591 dum
1093 3534 1342 3589 Salvator
1368 3530 1628 3587 miracula
1653 3531 1733 3583 fa-

125 3643 304 3696 ceret,
341 3632 472 3687 dum
499 3630 882 3701 prophetarum
930 3628 1218 3698 aenigmata
1245 3626 1310 3682 de
1354 3640 1412 3679 se
1449 3622 1729 3693 praedicta,

127 3725 184 3781 in
218 3742 282 3780 se
311 3722 584 3794 completa
620 3721 898 3776 evidenter
944 3719 1294 3782 ostenderet,
1342 3715 1518 3787 pulvis
1550 3715 1733 3771 statim

125 3816 402 3876 historiae,
447 3823 507 3868 ut
533 3812 748 3876 nebula,
779 3811 1015 3867 evanuit.
1055 3808 1324 3879 Spit-italis
1347 3807 1438 3863 lux
1474 3806 1732 3861 intrinse-

123 3924 226 3964 cus
255 3906 507 3969 emicuit,
535 3913 590 3961 et
619 3915 823 3959 remoto
843 3903 1108 3957 velamine
1130 3901 1387 3957 Sanctum
1421 3907 1733 3956 sanctorum

123 3999 334 4070 patuit.
389 3995 545 4052 Unde
587 3993 792 4065 ipsein
842 3992 1173 4063 Evangelio:
1231 3991 1276 4046 Ο
1314 3989 1481 4055 stulti,
1536 3990 1730 4060 inquit,

121 4090 275 4144 tardi
328 4089 487 4142 corde
527 4087 596 4141 ad
641 4086 956 4141 credendum
1015 4087 1071 4140 in
1122 4085 1358 4140 omnibus
1413 4101 1530 4156 qua:
1573 4082 1735 4138 locuti

121 4192 254 4238 sunt
283 4180 593 4253 propheta!
627 4179 817 4234 Nonne
847 4180 921 4234 sic
949 4179 1211 4251 oportebat
1239 4177 1502 4232 Christum
1527 4179 1656 4248 pati,
1685 4186 1734 4232 et

122 4277 290 4328 tertia
321 4272 414 4325 die
446 4287 726 4341 resurgere,
771 4279 818 4324 et
845 4271 920 4323 ita
966 4270 1165 4324 intrare
1189 4270 1244 4322 in
1272 4268 1495 4339 gloriam
1536 4284 1687 4322 suam
1710 4267 1736 4321 7

125 4364 192 4417 Et
233 4362 504 4431 incipiens
553 4379 584 4414 a
613 4359 830 4429 Moyse,
881 4369 929 4414 et
967 4359 1246 4430 prophetis,
1294 4357 1736 4428 interpretabatur

123 4454 231 4506 illis
250 4452 569 4522 Ssripturas
585 4448 737 4520 (Luc.
753 4465 902 4514 xxw,
921 4448 1009 4512 52,
1026 4448 1180 4519 seq.).
1201 4447 1381 4502 Pulvis
1394 4462 1524 4517 ergo
1535 4447 1730 4515 pedum

1822 597 1958 652 mini
1996 595 2234 662 fuerunt,
2285 595 2378 666 qui
2421 609 2546 650 eum
2589 593 2932 664 przedicando
2975 610 3072 665 per
3097 595 3412 654 universum

1822 688 2086 744 mundum
2114 687 2442 746 detulenint.
2482 688 2675 744 Petrus
2707 687 2851 742 enim
2878 701 3003 743 eum
3045 686 3251 753 Romae,
3300 687 3417 745 An-

1821 779 1984 851 dreas
2002 781 2282 847 Achaiam,
2312 779 2548 836 Joannes
2577 779 2783 844 Asiam,
2809 778 3090 850 Philippus
3110 778 3339 836 Galliam
3361 793 3412 848 II,

1821 869 2251 926 Bartholomzeus
2285 869 2580 935 Parthiam,
2621 868 2810 925 Simon
2835 867 3152 941 Egyptum,
3183 869 3417 928 Jacoaus

1823 956 2121 1014 Hiensium
2141 998 2157 1022 ,
2204 958 2438 1014 Thomas
2474 958 2700 1024 Indiam,
2733 957 3014 1014 Matthzeus
3054 957 3412 1030 Ethiopiam,

1822 1047 1990 1107 ludas
2010 1050 2311 1107 Thaddaaus
2335 1065 2460 1107 eum
2485 1050 2670 1106 retulit
2691 1048 3152 1121 Mesopotamiam.
3180 1048 3422 1108 Jacobua

1821 1142 2032 1215 Alpbtei
2065 1159 2189 1201 eum
2219 1143 2442 1200 retinuit
2471 1143 2921 1215 Hierosolymam.

1951 1257 2284 1326 Quisquesua
2309 1267 2444 1308 sorte
2467 1243 2715 1326 Chriitum
2738 1261 2915 1326 sparsit
2934 1259 3042 1326 sine
3064 1259 3246 1326 sorde;

1949 1320 2054 1370 Per
2072 1319 2274 1370 Paulum
2293 1333 2413 1372 vero
2434 1328 2537 1372 toto
2559 1319 2862 1383 diapergltur
2884 1322 3030 1373 orbe.

1827 1401 1936 1460 Sed
1983 1403 2110 1474 quia
2145 1403 2378 1462 oﬂicium
2410 1403 2812 1475 pmdicationis
2860 1405 2950 1460 vix
2993 1413 3173 1476 potest
3217 1405 3419 1464 diutius

1829 1495 2072 1551 exhiberi
2107 1496 2223 1552 sine
2253 1506 2424 1562 naevo,
2476 1496 2594 1551 sine
2618 1494 2742 1552 fuco
2767 1496 3009 1553 sinistra:
3037 1498 3421 1554 commotionis

1828 1587 1944 1658 (aut
1965 1589 2109 1644 enim
2135 1589 2396 1658 recipitur
2421 1588 2694 1652 decenter,
2731 1594 2786 1642 et
2820 1589 3054 1660 gaudet;
3080 1589 3164 1644 vel
3203 1590 3422 1645 auditur

1827 1680 2180 1752 negligenter,
2220 1688 2276 1735 et
2309 1688 2525 1750 torpet;
2555 1687 2650 1734 aut
2673 1679 3040 1736 contemnitur
3059 1681 3419 1751 impudenter,

1826 1779 1882 1826 et
1915 1770 2079 1842 dolet)
2125 1786 2138 1825 :
2171 1771 2294 1827 ideo
2327 1770 2504 1842 pulvis
2534 1771 2710 1828 inesse
2754 1771 2954 1827 dicitur
3001 1773 3245 1843 pedibus,
3294 1775 3423 1845 quia

1757 1849 1808 1909 Β
1831 1861 2153 1920 fermentum
2183 1863 2367 1935 gloria:
2398 1862 2752 1934 pauxillulum
2789 1864 3033 1920 adhaeret
3058 1865 3322 1922 moribus.
3352 1865 3426 1922 At

1829 1957 2085 2026 quoniam
2136 1955 2570 2027 compunctionis
2619 1971 2744 2013 mox
2782 1955 3027 2012 fervente
3074 1956 3293 2030 fugatur
3341 1959 3425 2015 lu-

1829 2047 1974 2102 mine
1996 2087 2013 2112 ,
2063 2046 2240 2117 pulvis
2267 2047 2542 2102 evanescit
2577 2046 2632 2102 in
2669 2062 2879 2102 morem
2923 2048 3153 2104 nebulae.
3213 2048 3366 2106 Unde
3390 2067 3424 2106 a

1829 2137 2213 2208 praedicatione
2246 2137 2599 2193 redeuntibus
2642 2137 2902 2208 apostolis
2924 2177 2940 2204 ,
2989 2145 3046 2194 et
3077 2137 3380 2196 dicentibus
3404 2179 3422 2197 .

1829 2229 2070 2296 Domine,
2084 2231 2243 2286 etiam
2267 2231 2530 2286 dwmonia
2553 2230 2908 2302 subjiciuntur
2927 2232 3094 2298 nobis,
3123 2234 3278 2304 quasi
3308 2237 3428 2292 red-

1831 2337 2063 2395 arguens
2116 2323 2298 2379 docuit
2344 2337 2439 2378 eos
2469 2322 2653 2379 dicens
2678 2338 2693 2378 :
2747 2322 2926 2378 Nolite
2950 2324 3006 2378 in
3031 2325 3129 2379 hoc
3152 2326 3382 2396 gaudere
3403 2368 3427 2394 .

1829 2417 1920 2472 sed
1946 2419 2118 2489 potius
2145 2417 2368 2489 gaudete
2390 2417 2516 2488 quia
2540 2417 2754 2472 nomina
2781 2426 2950 2472 vestra
2976 2419 3172 2490 scripta
3215 2431 3338 2476 sunt
3367 2422 3426 2477 in

1831 2508 1992 2565 cotlis.
2039 2509 2213 2566 Item:
2257 2507 2509 2564 Videbam
2552 2508 2812 2566 Satanam
2837 2509 2972 2564 sicut
3004 2510 3186 2582 fulgur
3207 2513 3272 2567 de
3298 2513 3428 2568 celo

1832 2602 2102 2657 cadentem
2129 2601 2282 2674 (Luc.
2319 2617 2376 2669 x,
2411 2602 2498 2667 17,
2537 2600 2765 2673 20,18).
2805 2601 2931 2658 Acsi
2955 2603 3210 2658 decenter
3237 2605 3305 2660 ad
3331 2621 3429 2662 eos

1832 2705 1888 2751 et
1924 2697 2239 2761 clementer,
2269 2696 2364 2752 sed
2384 2695 2616 2751 latenter
2645 2695 2848 2752 diceret
2874 2715 2888 2751 :
2926 2696 2983 2752 Si
3012 2697 3100 2754 hic
3121 2699 3216 2768 qui
3250 2698 3430 2759 factus

1832 2798 1916 2844 est
1943 2787 2280 2860 signaculum
2318 2787 2705 2852 similitudinis,
2735 2788 2827 2859 qui
2859 2787 2914 2843 in
2941 2789 3176 2859 paradisi
3203 2791 3301 2847 Dei
3328 2789 3431 2849 fuit

1833 2879 2061 2944 deliciis,
2095 2879 2248 2950 cujus
2292 2879 2690 2949 operimentum
2719 2879 2898 2934 omnis
2923 2879 3060 2950 lapis
3096 2882 3430 2951 pretiosissi-

1832 2987 1954 3028 mus
1992 2971 2212 3044 (Eucti.
2258 2988 2451 3033 xxviii.
2503 2971 2590 3038 12,
2626 2971 2755 3044 15),
2797 2973 2892 3044 qui
2925 2983 3140 3030 creatus
3183 2977 3428 3035 omnium

1831 3063 2041 3118 exstitit
2071 3063 2505 3129 decentissimus,
2531 3071 2789 3133 expertus
2815 3071 2899 3120 est
2931 3065 3196 3135 superbia:
3217 3068 3432 3137 pericu-

1835 3153 1964 3219 lum,
1994 3155 2304 3211 cenodoxia:
2325 3170 2518 3226 passus
2539 3163 2622 3210 est
2645 3153 3020 3221 infortunium,
3053 3157 3314 3229 gehenna:
3335 3160 3432 3216 do-

1755 3205 1806 3268 c
1836 3244 1909 3300 let
1925 3244 2130 3318 jugiter
2153 3205 2530 3317 pmcipitium,
2565 3254 2842 3316 perpetua:
2874 3205 3106 3303 miseri;
3125 3249 3293 3319 gemit
3315 3250 3432 3306 exi-

1833 3338 1968 3393 tiam
1993 3354 2008 3404 ;
2051 3338 2222 3408 ipsius
2251 3337 2422 3394 secuti
2451 3337 2698 3408 vestigia,
2729 3337 3036 3394 nullatenus
3067 3337 3309 3409 ejusdem
3333 3357 3433 3414 po-

1833 3430 2010 3486 teritis
2038 3429 2266 3486 evadere
2318 3429 2599 3501 supplicia.
2654 3428 2802 3497 Quos
2852 3429 2996 3485 enim
3045 3430 3252 3487 similes
3297 3431 3431 3490 facit

1833 3521 2067 3594 qualitas
2095 3521 2289 3592 culpae,
2330 3521 2641 3578 necessario
2671 3521 2848 3578 reddit
2881 3522 3174 3593 participes
3195 3523 3429 3580 retribu-

1833 3613 1910 3668 tio
1934 3628 2129 3682 puanae.
2170 3611 2268 3668 Cui
2294 3612 2440 3668 enim
2485 3628 2594 3668 non
2633 3611 2773 3668 inest
2800 3612 3058 3677 medium,
3095 3612 3185 3668 hic
3211 3629 3430 3671 omnem

1834 3705 1919 3761 vel
1964 3704 2169 3760 nullum
2204 3705 2453 3776 sequitur
2486 3704 2789 3776 praemium.
2847 3704 3005 3761 Nulla
3035 3706 3180 3762 enim
3205 3707 3431 3779 partici-

1833 3797 1981 3869 patio
2025 3797 2160 3854 lucis
2188 3799 2256 3854 ad
2287 3797 2577 3854 tenebras:
2623 3797 2914 3855 falsitatem
2950 3814 3167 3872 semper
3207 3800 3431 3859 infestat

1835 3890 2036 3945 veritas
2063 3906 2078 3956 ;
2117 3890 2365 3945 umbram
2391 3889 2667 3957 vitiorum,
2715 3890 2977 3946 virtutum
3011 3891 3281 3958 claritas;
3313 3907 3431 3952 οω-

1835 3982 2011 4038 lorum
2064 3981 2249 4054 gloria:
2292 3981 2474 4037 mundi
2514 3981 2834 4038 adversatur
2879 3982 3128 4050 vanitas;
3179 3983 3428 4044 felicitati

1836 4077 2022 4149 gloria:
2047 4117 2063 4143 ,
2119 4076 2380 4148 gehennae
2434 4075 2736 4132 calamitas.
2795 4074 2950 4132 Unde
3003 4077 3058 4131 in
3094 4078 3426 4150 Evangelia:

1837 4169 2008 4225 Nemo
2039 4177 2202 4240 potest
2227 4167 2428 4223 duobus
2455 4167 2682 4222 dominis
2721 4168 2934 4223 servire.
2977 4168 3146 4224 Nemo
3172 4171 3311 4225 enim
3333 4188 3430 4242 po-

1837 4270 1934 4316 test
1959 4260 2069 4315 Deo
2095 4261 2306 4325 servire,
2329 4268 2378 4313 et
2403 4275 2758 4325 mammona;
2795 4269 2886 4313 aut
2923 4260 3058 4314 enim
3084 4277 3247 4314 unum
3269 4262 3430 4316 susti-

1838 4355 1996 4419 nebit,
2025 4362 2075 4408 et
2103 4353 2326 4407 alterum
2355 4361 2684 4407 contemnet:
2731 4361 2823 4406 aut
2848 4369 3012 4406 unum
3057 4352 3178 4408 odio
3197 4353 3426 4420 habebit,

1838 4459 1887 4505 et
1913 4450 2136 4505 alterum
2167 4449 2346 4520 diliget
2395 4448 2613 4522 (Matth.
2650 4463 2726 4512 τι,
2755 4447 2870 4518 24).
2912 4445 3114 4502 Pedum
3155 4459 3285 4518 ergo
3322 4447 3429 4502 Do-

123 4543 350 4601 Domini
393 4550 523 4596 sunt
569 4541 796 4597 nebulae.
839 4539 1040 4596 Umbra
1078 4539 1232 4610 fugit,
1285 4539 1411 4592 dum
1437 4538 1575 4593 redit
1619 4536 1731 4592 cla-
1757 4570 1815 4632 Β
1840 4542 1973 4597 mini
2003 4540 2178 4612 pulvis
2213 4540 2275 4595 ﬁt
2304 4540 2532 4596 nebula:
2567 4539 2693 4610 quia
2723 4538 2848 4594 licet
2874 4537 3130 4602 victoria,
3157 4546 3211 4592 et
3236 4553 3428 4594 mune-

121 4639 300 4690 ritas:
345 4643 509 4704 typus
549 4635 762 4698 transit,
817 4632 945 4687 dum
970 4633 1122 4687 adest
1142 4633 1361 4686 veritas.
1393 4630 1584 4685 Aliter.
1637 4697 1642 4702 ι

191 4728 286 4780 76.
333 4727 576 4781 Possunt
623 4738 720 4796 per
747 4725 912 4794 pedes
933 4723 1145 4779 Domini
1173 4721 1288 4792 ejus
1313 4721 1582 4793 designari
1605 4736 1734 4792 apo-

117 4819 269 4881 stoli,
312 4819 386 4873 de
416 4815 616 4885 quibus
648 4814 845 4886 legitur
881 4815 932 4868 in
977 4815 1129 4868 lsaia.
1171 4814 1341 4880 Quam
1377 4813 1604 4885 pulchri,
1653 4813 1734 4868 in-

117 4912 259 4982 quit,
295 4924 468 4978 super
489 4916 687 4960 montes
717 4905 929 4960 Domini
950 4906 1103 4977 pedes
1149 4903 1616 4977 evangelisantium
1641 4921 1736 4975 pa-

114 5020 250 5067 cein,
280 5000 769 5071 euangelizandum
813 4999 948 5054 bona
975 4999 1131 5070 (lsai.
1163 5015 1280 5066 LIII,
1314 4997 1366 5070 l)
1392 4998 1406 5054 !
1445 4997 1576 5053 Item
1607 4997 1733 5052 alibi

113 5095 180 5149 de
209 5093 424 5150 iisdem
453 5107 467 5144 :
514 5089 619 5156 Qui
646 5091 1057 5162 appropinquant
1082 5091 1298 5161 pedibus
1320 5089 1454 5160 ejus,
1480 5089 1734 5161 accipient

183 5243 212 5269 ι
250 5223 527 5288 Galliam,
580 5223 626 5278 si
655 5223 851 5292 placet,
901 5239 1007 5278 non
1047 5222 1323 5293 regionem
1377 5221 1732 5287 Francorum,

105 5300 207 5354 sed
241 5294 535 5376 Quintium
560 5293 818 5376 intellige,
860 5295 1089 5376 quaensic
1120 5293 1336 5376 dicitur,
1387 5293 1576 5348 scribit
1614 5309 1737 5376 san-

107 5383 238 5425 ctus
278 5366 535 5435 Isidorus
586 5364 917 5434 Hispaniensis
958 5365 1052 5418 ιιι».
1100 5381 1186 5419 xiv
1217 5364 1423 5435 Etym.,
1455 5378 1572 5432 cap.
1618 5365 1673 5427 5,
1704 5381 1735 5416 a

105 5442 315 5512 priscis
362 5434 642 5490 Gallorum
657 5436 896 5557 pentibus
934 5453 966 5488 a
1007 5435 1192 5506 quibus
1221 5434 1416 5489 exstitit
1463 5445 1734 5505 occupata,

105 5524 162 5557 ρι
189 5529 265 5557 ηε
298 5507 533 5557 antiquo
576 5504 656 5557 Ca
680 5505 850 5557 lorum
901 5507 1174 5557 nomine...
1227 5505 1438 5557 Galatia
1469 5521 1734 5557 nuncupa-

103 5504 162 5568 ὲι
189 5529 265 5567 ex
298 5507 533 5576 antiquo
576 5504 850 5560 Gallorum
901 5504 1174 5561 nomine...
1227 5505 1438 5576 Galatia
1453 5504 1739 5576 nuncupa-

105 5596 223 5638 tur.
280 5572 511 5634 Galatia
553 5576 718 5640 enim,
756 5578 904 5632 addit
945 5577 1038 5631 lib.
1091 5595 1145 5632 ix
1184 5593 1300 5646 cap.
1330 5575 1385 5639 2,
1437 5572 1578 5630 Galli
1630 5572 1738 5631 esse

105 5659 455 5710 noscuntur.
485 5646 632 5702 lianc
653 5649 894 5703 eamdem
919 5648 1280 5717 apostolorum
1303 5646 1618 5701 divisionem
1643 5662 1740 5717 per

103 5726 312 5781 varias
347 5718 509 5775 orbis
541 5726 724 5789 partes
754 5719 898 5790 leges
944 5720 1082 5788 apud
1113 5719 1372 5790 eumdem,
1400 5718 1586 5790 Isidor.
1617 5735 1734 5788 cap.

103 5797 205 5854 81.
283 5793 381 5849 De
426 5799 551 5844 ortu
593 5797 648 5844 et
689 5789 838 5845 obitu
894 5790 1136 5852 Patrum,
1202 5796 1330 5851 etc.,
1365 5789 1416 5842 in
1465 5789 1740 5844 Breviario

80 5861 427 5932 "bamb.
451 5861 507 5916 in
536 5859 676 5916 festo
695 5861 866 5916 sancti
878 5858 1062 5915 Jacobi
1079 5860 1322 5916 Zebedtei
1347 5859 1437 5915 lilii
1465 5877 1479 5928 ;
1508 5860 1560 5914 in
1583 5859 1740 5916 Com-

562 5957 831 6024 ΡΑι-ιιοι..
870 5953 1092 6019 XCVI.

1835 4649 1956 4689 rum
1977 4641 2213 4688 mentem
2241 4631 2419 4687 titillet
2443 4631 2636 4702 gloria,
2663 4631 2917 4686 timorata
2949 4638 3130 4684 tamen
3151 4632 3432 4686 conscien-

1834 4725 1909 4780 tia
1944 4723 2163 4781 fervens
2211 4723 2499 4780 dilectione
2542 4722 2729 4787 nimia,
2785 4721 2833 4776 si
2861 4721 2990 4792 quid
3031 4721 3231 4778 terreni
3261 4723 3433 4779 surri-

1831 4825 2025 4889 puerat
2063 4817 2320 4888 pulveris,
2352 4814 2482 4872 ﬂetu
2511 4815 2696 4871 statim
2731 4813 2908 4878 diluit,
2939 4821 2996 4867 et
3028 4811 3226 4869 affectu
3259 4815 3429 4871 divini

1834 4910 2093 4966 muneris.
2138 4909 2354 4980 Alioqui
2384 4908 2690 4964 nullatenus
2711 4915 3085 4977 perseveraret
3114 4906 3168 4962 in
3203 4908 3285 4962 eis
3309 4923 3406 4978 gra

1835 5002 1931 5068 tia,
1965 5003 2071 5058 nisi
2113 5015 2234 5057 sese
2267 4999 2505 5058 creatori
2539 4998 2830 5068 subiiceret
2870 5005 3144 5064 creatura,
3193 4999 3458 5065 humana.

1834 5093 1946 5150 Deo
1992 5092 2271 5148 humiliter
2299 5092 2548 5148 subesset
2587 5089 2940 5146 conscientia.
2980 5087 3133 5147 Unde
3153 5104 3252 5160 per
3277 5089 3432 5146 Salo-

1835 5227 2102 5284 mentario
2150 5226 2205 5281 in
2253 5224 2614 5295 Apocalypsin
2663 5223 2835 5281 sancti
2879 5224 3030 5281 Beati
3077 5224 3433 5284 Liehanensis

1836 5298 2079 5368 editoiab
2102 5297 2336 5368 Henrico
2375 5295 2638 5368 Florezio,
2683 5310 2807 5368 pag.
2840 5295 2929 5360 97,
2963 5295 3176 5368 Prolog.
3214 5296 3309 5353 lib.
3366 5313 3430 5364 ιι,

1839 5367 1991 5438 cujus
2023 5367 2175 5423 Beati
2199 5367 2564 5438 testimonium
2587 5367 2798 5438 unoiad
2840 5367 3019 5423 minus
3043 5367 3240 5424 siceulo
3270 5376 3433 5424 cate-

1839 5441 1914 5494 ris
1946 5440 2234 5509 posterius,
2277 5437 2465 5509 viginti
2489 5444 2545 5509 et
2577 5437 2806 5509 amplius
2850 5454 3020 5494 annos
3066 5438 3432 5496 inventionem

1839 5508 2080 5580 corporis
2115 5509 2285 5564 sancti
2317 5508 2501 5563 Jacobi
2539 5508 2846 5578 praeCessit,
2885 5526 3006 5566 cum
3051 5511 3166 5565 haec
3192 5511 3434 5581 contige-

1842 5583 1910 5637 rit
1935 5584 2150 5636 ineunte
2173 5581 2370 5636 saeculo
2394 5595 2536 5633 nono
2561 5590 2687 5635 ante
2712 5597 2910 5636 annum
2941 5581 3066 5645 8M,
3105 5591 3163 5634 ut
3191 5581 3326 5634 bene
3355 5581 3433 5634 ait

1840 5655 2128 5724 praedictus
2150 5651 2427 5707 Florezius
2460 5661 2590 5706 tom.
2623 5651 2744 5707 XIX
2766 5651 2915 5722 Hisp.
2950 5653 3150 5715 Sacrae,
3191 5665 3314 5724 pag.
3337 5649 3425 5715 69,

1840 5719 1894 5780 et
1931 5725 2125 5778 Beatus
2160 5725 2424 5796 scriberet
2461 5737 2623 5793 super
2651 5719 3010 5796 Apocalypsin
3051 5736 3194 5777 anno
3219 5719 3340 5788 784,
3369 5728 3434 5778 ut

1841 5797 1958 5867 ejus
1983 5797 2159 5850 editor
2181 5795 2377 5866 probat

2913 5941 2990 6010 2b
