3974 6306
515 433 622 510 754

1629 422 1687 477 S.
1725 405 1989 476 JULlANl
2022 399 2329 468 EPISCOPI
2363 390 2714 461 TOLETAM

3598 380 3675 437 75$

519 571 579 623 et
608 561 737 633 quia
754 557 847 615 hic
870 558 1178 613 manentem
1193 542 1464 603 civitatem
1482 552 1588 595 non
1611 536 1889 596 habemus,
1907 528 2001 586 sed
2020 524 2105 582 fu—
2128 527 2182 586 Α
2205 520 2467 591 octoginta
2492 522 2719 588 quatuor
2737 506 2924 565 millia.
2953 504 3055 633 Et,
3066 499 3201 633 εειφέ
3239 497 3338 572 ipse
3369 494 3676 633 malum

1420 629 1475 633 ”“
1768 622 1781 633 ·
1823 622 1857 633 ·-
2219 612 2447 633 "suum.
2505 607 2752 633 -.--.:.-.....
2809 615 2955 633 ...η-
3202 609 3276 633 ﬁt
3304 606 3415 633 τη-
3457 623 3471 633 _
3537 625 3549 633 _
3648 602 3661 612 ,

520 622 704 713 turam
713 646 1036 720 inquirimus
1046 638 1236 714 [Hebr.
1250 629 1487 703 xm,li])
1504 647 1518 683 :
1533 640 1749 683 omnem
1766 622 1933 693 igitur
1950 632 2106 720 mun-

523 748 581 805 di
595 744 823 819 gloriam
842 731 1154 811 reputantes
1166 726 1461 791 miseriam,
1474 734 1686 778 summo
1714 716 1859 781 nisu,
1872 721 1928 769 et
1948 709 2110 767 anxio

525 804 809 899 conamine
829 804 1088 903 festinant
1114 826 1180 881 ad
1214 821 1465 893 patriam.
1488 817 1556 873 Et
1580 813 1707 884 quia
1728 807 1967 882 perlecta
2006 804 2110 860 lla-

526 897 687 1008 grant
704 898 1011 988 dilectione,
1027 931 1239 976 summa
1251 911 1468 969 student
1482 904 1785 968 devotione,
1803 909 1861 955 ut
1875 913 2012 970 quos
2023 897 2116 953 ha-

528 986 694 1083 buere
718 1018 944 1078 comites
962 986 1016 1068 in
1036 1021 1277 1066 aerumna
1298 999 1504 1064 mundi,
1532 1004 1588 1052 et
1605 991 1781 1050 exsilii
1807 986 2119 1062 peregrina-

527 1079 696 1179 tione,
728 1107 1018 1182 participes
1042 1101 1280 1156 habeant
1329 1095 1385 1149 in
1409 1090 1579 1162 gloria
1614 1096 1670 1142 et
1712 1083 1856 1140 felici
1882 1079 2121 1135 retribu-

530 1168 695 1261 i
720 1168 940 1257 Animae:
951 1208 1081 1251 vero
1103 1189 1267 1262 pedes
1294 1185 1437 1240 illius
1459 1188 1585 1237 sunt
1610 1174 1939 1233 all‘ectiones.
1969 1168 2123 1225 Sicut

530 1299 672 1353 cnim
696 1306 893 1362 corpus
924 1292 1173 1358 portatur
1199 1278 1396 1351 pedum
1423 1271 1619 1335 oliicio',
1641 1268 1721 1324 sic
1741 1263 1922 1321 anima
1944 1273 2127 1316 move-

531 1400 621 1445 tur
642 1380 710 1442 5d
730 1350 945 1440 ἀίξαι·εᾶ
965 1350 1309 1433 all‘ectionum
1340 1365 1538 1423 studio.
1573 1358 1777 1416 Nebula
1800 1357 1855 1411 in
1878 1368 2002 1410 aere
2044 1350 2126 1406 vis

533 1473 963 1550 compunctionis
1008 1476 1092 1526 est
1133 1467 1189 1521 in
1240 1468 1440 1517 mente.
1522 1452 1705 1509 Pulvis
1756 1462 1883 1518 ergo
1930 1443 2129 1516 pedum

536 1537 730 1632 animae
778 1572 839 1626 lit
894 1576 954 1622 ut
1002 1561 1232 1624 nebulae,
1286 1554 1411 1625 quia
1458 1550 1505 1606 si
1552 1562 1658 1618 qua
1704 1544 1955 1599 humanae
2008 1537 2132 1591 vita:

536 1664 863 1739 negligentia
885 1656 1249 1731 perfectorum
1283 1647 1518 1704 laedatur
1556 1636 1908 1699 conscientia,
1949 1631 2131 1687 statim

537 1730 845 1831 exvproprio
865 1730 1067 1824 judicio
1092 1748 1147 1803 in
1169 1749 1350 1799 mente
1371 1740 1560 1795 devota
1599 1730 1842 1788 nascitur
1873 1738 2137 1794 compun-

540 1813 673 1916 ctio,
702 1813 884 1904 ⁷ἶωάθ⁷
905 1844 1055 1914 prius
1099 1834 1372 1893 sordidata
1418 1826 1710 1883 mundatur
1757 1816 1990 1875 aﬂ'ectio.
2045 1813 2137 1869 Sic

541 1943 687 1999 enim
714 1937 957 2007 intelligo
1005 1931 1148 2003 quod
1173 1928 1370 2000 legitur
1393 1936 1419 1965 ι
1448 1923 1505 1977 in
1551 1916 1844 1988 Evangelio
1885 1931 1898 1968 :

541 2035 600 2087 in
629 2030 715 2084 die
743 2001 927 2098 septies
946 2001 1107 2087 cadit,
1132 2028 1181 2074 et
1205 2015 1423 2086 resurgit
1460 2011 1642 2085 (Prov.
1668 2022 1816 2071 xxxv,
1856 2001 1968 2075 l6).
2007 2001 2143 2055 Item

544 2127 605 2183 in
649 2093 956 2175 Proverbiis
1005 2114 1071 2169 de
1110 2111 1299 2167 eodem
1354 2121 1368 2161 :
1407 2105 1594 2161 Justus
1639 2109 1698 2155 ut
1744 2098 1823 2153 leo
1876 2093 2143 2165 conlidens

546 2212 739 2282 absque
782 2218 977 2263 terrore
1010 2203 1107 2258 erit
1150 2198 1317 2274 (Ibid.
1355 2210 1549 2259 xxvm,
1601 2191 1677 2263 l).
1710 2188 1829 2244 Non
1874 2185 2017 2257 quod
2060 2183 2146 2238 leo

546 2306 869 2377 quandoque
895 2314 1004 2355 non
1026 2303 1238 2368 paveat,
1285 2292 1379 2349 sed
1404 2290 1548 2360 quod
1589 2295 1795 2342 metum
1823 2281 2142 2353 superando,

546 2370 677 2453 mox
704 2370 1047 2449 aid—naturam
1106 2385 1311 2441 redeat.
1367 2380 1460 2437 Sic
1505 2386 1561 2433 et
1600 2375 1779 2445 justus
1831 2372 1878 2427 si
1931 2370 2149 2442 quando

550 2482 859 2555 deliquerit,
893 2478 1077 2536 statim
1099 2489 1326 2532 currens
1351 2472 1419 2526 ad
1454 2471 1742 2539 lacrymas,
1783 2477 1997 2518 naevum
2048 2463 2151 2516 im-

538 2583 649 2636 bre
677 2553 1115 2645 compunctionis
1142 2566 1333 2623 abluit.
1372 2564 1512 2620 Hinc
1546 2561 1615 2616 ad
1659 2571 1912 2628 sponsam
1954 2553 2151 2609 dicitur

552 2672 611 2727 in
653 2669 892 2726 Canticis
920 2684 932 2720 :
987 2661 1141 2718 Oculi
1171 2660 1246 2714 tui
1296 2658 1430 2712 sicut
1454 2654 1668 2726 piscinae
1690 2653 1747 2706 in
1779 2649 2006 2711 Esebon,
2033 2660 2151 2718 qua:

553 2767 677 2815 sunt
697 2758 754 2813 in
782 2764 934 2828 porta
953 2752 1079 2822 ﬁlia:
1112 2745 1463 2803 multitudinis
1494 2741 1669 2814 (Cant.
1698 2756 1793 2803 vu,
1844 2737 1923 2809 4).
1968 2735 2152 2791 Pulvis

554 2830 753 2922 pedum
778 2848 972 2902 anima:
993 2856 1180 2898 revera
1209 2841 1267 2893 ﬁt
1292 2846 1351 2892 ut
1396 2835 1622 2898 nebula),
1671 2832 1799 2903 quia
1839 2830 1885 2886 si
1936 2835 2154 2885 sancto-

556 2921 679 2997 rum
705 2938 1016 2994 alfectiones
1038 2932 1308 3003 aliquibus
1336 2927 1647 2983 inliciuntur
1670 2924 1940 2988 sordibus,
1967 2921 2154 2977 statim

559 3034 631 3089 ad
654 3047 750 3087 cor
778 3030 1065 3085 redeuntes
1115 3024 1305 3079 vivunt
1353 3020 1409 3075 in
1451 3018 1686 3083 ﬂetibus,
1736 3014 1977 3071 dicentes
2021 3010 2151 3067 illud

558 3119 962 3193 Psalmographi
989 3132 1005 3172 :
1036 3115 1210 3173 Sitivit
1258 3115 1436 3168 anima
1474 3129 1590 3167 mea
1630 3109 1700 3165 ad
1740 3108 1908 3163 Deum
1959 3106 2157 3177 fontem

560 3218 773 3272 vivum:
840 3210 1052 3285 quando
1109 3210 1312 3265 veniam
1370 3216 1420 3262 et
1474 3202 1731 3277 apparebo
1785 3210 1905 3256 ante
1962 3199 2154 3272 [aciem

563 3307 661 3363 Dei
689 3305 862 3381 (Psal.
894 3320 1006 3369 xu,
1042 3300 1140 3375 3)?
1177 3298 1316 3356 Hinc
1340 3298 1466 3354 ﬁliis
1490 3295 1654 3352 Israel
1676 3292 1936 3365 paxillum
1976 3288 2158 3362 gesta-

564 3417 624 3458 re
645 3379 957 3471 przecipitur
1004 3394 1061 3450 in
1103 3391 1300 3457 balteo,
1324 3397 1387 3445 ut
1425 3396 1572 3444 terra
1607 3384 1882 3457 operiatur
1942 3379 2160 3437 sordida

564 3470 772 3548 ventris
792 3486 999 3560 egestio
1029 3483 1207 3558 (Deut.
1232 3496 1391 3547 xxm,
1418 3479 1508 3544 15,
1546 3476 1655 3549 li),
1697 3475 1825 3546 quia
1850 3473 1919 3530 ad
1946 3470 2160 3528 excelsa

567 3586 916 3657 suspirantes,
947 3587 1002 3637 et
1024 3591 1257 3649 superna
1282 3574 1587 3646 diligentes,
1610 3582 1921 3642 germanam
1948 3578 2164 3634 semper

572 3680 775 3735 habent
838 3671 1307 3743 compunctionem
1332 3709 1346 3734 ,
1403 3680 1510 3737 qua
1556 3662 1807 3733 operiunt
1855 3667 1912 3714 et
1957 3657 2169 3714 diluunt

571 3769 803 3823 viriliter
826 3767 1051 3836 impura:
1071 3758 1413 3833 cogitationis
1457 3753 1783 3826 superﬂuam
1813 3750 2165 3823 egestionem.

576 3859 854 3930 Sequitur.

648 3951 738 4008 8i.
780 3948 1066 4017 Increpans
1094 3958 1258 4008 mare,
1311 3949 1360 3995 et
1409 3940 1677 3993 exsiccans
1696 3933 1848 3999 illud,
1899 3942 1948 3987 et
1996 3932 2173 3987 omnia

579 4040 802 4114 ﬂumina
832 4036 899 4091 ad
935 4035 1195 4089 desertum
1243 4030 1507 4085 adducam
1553 4025 1723 4100 (Nah.
1752 4042 1792 4091 1,
1816 4023 1894 4094 4).
1941 4023 2177 4095 Legatur

580 4147 711 4202 ergo
771 4130 836 4185 de
901 4125 1143 4196 Assyrio,
1210 4129 1398 4192 postea
1440 4120 1504 4175 de
1550 4118 1750 4183 anima,
1805 4116 2060 4186 deinceps
2111 4115 2178 4171 de

581 4225 817 4287 Christo,
855 4222 1070 4277 demum
1111 4217 1177 4272 de
1220 4214 1483 4270 Ecclesia.
1535 4212 1611 4267 De
1636 4210 1860 4283 Assyrio
1906 4210 2002 4265 ita.
2032 4208 2179 4265 Mare

583 4314 844 4372 Dominus
871 4312 1132 4379 increpat,
1178 4308 1304 4378 quia
1330 4303 1725 4361 amarissimam
1750 4303 2179 4377 persecutionem

583 4404 791 4478 Assyrii
833 4412 1049 4458 cessare
1084 4397 1214 4453 facit
1250 4405 1463 4466 tempus
1497 4393 1746 4451 examine
1792 4391 1926 4462 justi
1966 4390 2178 4461 judicii.

584 4501 732 4557 Mare
780 4511 909 4553 vero
953 4493 1207 4557 exsiccat,
1250 4488 1464 4560 quando
1499 4502 1618 4542 eam
1649 4486 1869 4541 omnino
1896 4485 2180 4540 annihilat.

585 4592 777 4650 Omnia
812 4588 930 4659 ejus
974 4585 1197 4640 ﬂumina
1250 4580 1468 4639 deducit
1512 4578 1581 4634 ad
1620 4580 1936 4635 desertum:
1964 4576 2178 4647 quando

2208 586 2451 670 Ninivem
2498 586 2755 663 civitatem
2806 615 2959 657 suam
3001 592 3109 669 (ιν
3157 592 3277 664 Reg.
3304 606 3416 655 ιιι,
3457 586 3549 658 35).
3589 587 3680 643 Post

2208 718 2317 761 non
2371 701 2604 757 multum
2651 692 2914 764 temporis
2960 689 3065 746 duo
3115 685 3275 757 ipsius
3322 681 3409 737 lilii
3445 679 3684 736 occiderunt

2211 813 2335 855 eum
2374 795 2431 851 in
2464 791 2665 861 templo
2711 783 2949 843 Nesrach
2988 780 3073 837 dei
3114 777 3213 834 sui.
3268 776 3357 832 Vel
3400 789 3527 829 mare
3556 773 3687 828 inae-

2212 889 2348 962 puit,
2398 880 2765 942 Sennacberib
2796 891 2922 934 cum
2974 887 3072 930 suo
3117 869 3343 927 exemita
3384 867 3687 933 occumbente;

2216 957 2529 1042 exsiccavit,
2559 968 2923 1040 Sardanapalo
2948 978 3134 1035 regum
3190 959 3498 1032 Assyriorum
3535 957 3688 1024 ultimo,

2219 1080 2274 1129 et
2302 1069 2545 1127 omnium
2610 1048 3121 1120 hominum'inﬁmo
3159 1058 3417 1121 regnante.
3459 1046 3614 1103 Omnis
3648 1045 3693 1101 ad

2223 1166 2498 1222 desertum
2527 1157 2747 1215 deduxit
2794 1152 3046 1216 ﬂumina,
3078 1146 3352 1203 Macedone
3376 1138 3550 1214 [Fors.,
3571 1136 3695 1209 Medo]

2224 1254 2507 1326 Assyrium
2518 1254 2829 1321 superante,
2844 1245 3021 1314 ipsum
3049 1239 3152 1297 sibi
3174 1235 3422 1294 hostiliter
3439 1231 3696 1302 subjuganle.

2228 1321 2506 1402 Moraliter
2541 1342 2609 1396 de
2633 1339 2812 1394 anima
2846 1333 3032 1390 :Mare
3058 1339 3145 1388 est
3181 1325 3456 1384 amaritudo
3497 1321 3703 1379 conscien-

2234 1624 2473 1673 mentem
2519 1612 2817 1682 inquietam
2859 1608 3025 1672 vitiis,
3078 1613 3134 1661 et
3179 1617 3405 1659 amaram
3450 1600 3506 1655 de
3542 1595 3707 1667 peccatis

2236 1706 2645 1778 compungendo
2691 1700 2955 1758 stimulat.
3001 1696 3271 1761 Exsiccat,
3316 1690 3505 1763 quando
3540 1686 3710 1755 volupta-

2240 1812 2321 1857 tes
2362 1776 2659 1871 _pestiferas
2709 1795 2778 1850 ad
2836 1794 3112 1863 integrum
3163 1787 3417 1844 obliterat.
3468 1779 3619 1838 Omnia
3646 1776 3712 1830 llu-

1951 1871 2138 1966 ἀπείη.
2170 1892 2218 1952 Β
2244 1892 2390 1951 mina
2430 1890 2500 1945 ad
2553 1889 2826 1943 desertum
2871 1881 3091 1939 adducit
3109 1919 3125 1945 ,
3172 1876 3377 1949 quando
3410 1871 3613 1928 universa
3636 1879 3714 1921 on-

2243 1986 2372 2040 nino
2414 1983 2672 2037 vitiorum
2722 1990 2922 2048 genera
2943 2014 2963 2043 ,
3009 1973 3098 2030 vel
3146 1970 3361 2028 minima
3402 1964 3601 2022 funditus
3635 1973 3715 2015 eva-

2244 2083 2388 2133 cuat.
2443 2073 2582 2128 Hine
2631 2084 2731 2141 per
2791 2048 3138 2123 Psalmi'stam
3177 2077 3194 2117 :
3235 2061 3416 2116 Beatus
3461 2055 3538 2128 qui
3574 2048 3715 2112 tenebit,

2243 2182 2292 2226 et
2338 2168 2517 2224 allidet
2562 2162 2806 2238 paruulos
2854 2177 2980 2217 suos
3025 2158 3097 2213 ad
3143 2166 3338 2230 petram
3370 2149 3521 2225 (Psal.
3542 2158 3715 2227 exn".

2247 2263 2322 2335 9).
2350 2260 2494 2315 Mare
2519 2237 2686 2327 igitur
2712 2255 2976 2323 increpat,
3001 2249 3247 2306 ducendo
3294 2244 3361 2301 ad
3399 2237 3718 2299 confessionem;

2246 2325 2485 2412 essiccat
2513 2325 2840 2405 infundendo
2860 2342 3354 2415 compunctionem;
3397 2334 3551 2391 omnia
3580 2325 3725 2386 deducit

2248 2446 2469 2505 ﬂumina
2504 2442 2572 2499 ad
2604 2441 2897 2503 desertum,
2944 2434 3240 2506 supplendo
3260 2428 3429 2486 carnis
3456 2414 3727 2481 mortiﬁcatio-

2249 2536 2547 2595 nemJlare
2559 2533 2774 2601 increpa
2781 2526 3093 2596 t,hortando
3103 2526 3172 2582 ad
3180 2520 3538 2596 paenitentiam;
3549 2510 3726 2571 ωὶοαιι,

2251 2628 2565 2701 inspirando
2584 2627 2844 2681 virtutum
2861 2621 3095 2693 gratiam
3111 2635 3127 2686 ;
3143 2617 3320 2675 omnia
3338 2612 3534 2669 ﬂumina
3543 2607 3597 2663 ad
3611 2606 3728 2661 deser-

2251 2698 2366 2776 tum
2394 2717 2632 2781 adducit,
2656 2715 2723 2770 ad
2749 2711 3046 2784 perfectam
3074 2705 3404 2765 sublimando
3420 2698 3651 2773 justitiam.

2323 2812 2412 2869 85.
2481 2809 2664 2866 Primo
2718 2781 2951 2861 infundit
3011 2798 3416 2857 amaritudinem
3473 2781 3730 2863 pceniteuliz.

2254 2902 2492 2961 secundo
2530 2900 2736 2971 praebet
2774 2893 3221 2966 tranquillitatem
3271 2882 3601 2971 conscientia.
3631 2871 3735 2971 tertio

2256 2996 2465 3054 confert
2485 2963 2832 3051 serenitatem
2853 2963 3061 3062 gratiae.
3095 2986 3244 3041 Mare
3263 2984 3503 3050 increpat,
3529 2963 3735 3062 ιιιίααξὼ

2256 3091 2517 3157 crimina;
2568 3086 2826 3153 exsiccat,
2859 3082 3089 3140 delendo
3115 3080 3429 3136 delictorum
3459 3058 3737 3157 minium“?-

2257 3147 2403 3240 mina
2450 3147 2667 3235 deducit
2723 3147 2823 3232 adv
2848 3174 3147 3240 desertum,
3203 3165 3464 3226 immunda
3507 3147 3738 3228 amputa!”

2260 3368 2518 3431 exsiccat,
2544 3361 2918 3419 mortiﬁcando
2941 3358 3304 3421 voluntatem;
3334 3350 3531 3409 ﬂumina
3550 3346 3605 3399 ad
3621 3339 3741 3394 descr-

2262 3467 2377 3515 tum
2390 3455 2626 3519 adducit,
2643 3454 2837 3508 anima:
2856 3448 3186 3508 conferendo
3207 3432 3498 3519 puritatem.
3508 3436 3648 3492 Primo
3656 3439 3744 3519 pr?

2266 3559 2374 3609 stat
2405 3551 2588 3608 odium
2613 3516 2758 3611 mali,
2785 3544 3020 3601 secundo
3056 3516 3420 3610 contemptum
3443 3526 3620 3589 mundi.

2267 3643 2623 3713 abjectionem
2671 3638 2775 3695 sui.
2832 3635 3016 3690 Primo
3044 3635 3228 3688 anima
3267 3606 3558 3686 viviﬁcatur,

2271 3701 2399 3790 caro
2415 3730 2791 3794 mortiﬁcatur,
2820 3725 2983 3781 tertio
3008 3724 3233 3795 spiritus
3258 3718 3561 3792 purilicatur.
3581 3701 3748 3762 Virilita-

2275 3835 2365 3881 tur
2408 3840 2505 3896 per
2543 3824 2779 3887 veniam,
2818 3817 3182 3875 mortiﬁcatur
3202 3830 3307 3886 per
3328 3801 3666 3867 abstinentiam,
3688 3797 3750 3896 Pi:

2275 3875 2704 3973 consummatam
2730 3909 3053 3982 puriﬁcatur
3089 3875 3378 3977 justitiam.
3403 3899 3491 3956 Vel
3524 3888 3689 3982 ﬂumina
3710 3875 3752 3931 *ἀ

2277 4010 2553 4066 desertum
2572 3977 2811 4069 adducit,
2833 4003 2962 4059 dum
2982 4001 3182 4056 aninne
3202 3986 3610 4053 del‘azcattevitiis,

2279 4109 2347 4157 tae
2401 4096 2693 4170 spurcitiis,
2751 4066 3067 4151 uelestibus
3122 4089 3198 4145 ad
3249 4089 3502 4157 integrum
3537 4066 3754 4143 ωροιίιεε

2280 4165 2594 4262 disciplinis,
2648 4185 2872 4257 spiritus
2896 4182 3256 4246 charismata,
3301 4175 3567 4249 gratiarum
3591 4165 3755 4262 ωυρσέο

2282 4244 2538 4357 (:piriialis
2562 4244 2742 4336 lumen
2772 4274 3164 4347 intelligentiae,
3188 4244 3587 4338 contemplativa

2282 4339 2408 4433 nem
2459 4374 2659 4430 laetitiae
2715 4339 3155 4427 clementissime
3193 4362 3398 4419 tribuit.
3464 4353 3618 4410 Primo
3657 4339 3760 4409 ἰδίων

2283 4477 2498 4543 oportet
2557 4465 2804 4523 mundari
2875 4461 3112 4518 animam
3189 4473 3293 4530 per
3371 4440 3759 4543 compunctioufm;

2288 4561 2524 4619 secundo
2548 4557 2902 4630 petulantiam
2941 4552 3123 4610 carnis
3149 4547 3397 4607 defaecari
3449 4556 3535 4614 per
3562 4524 3763 4592 ωσι-ὥσθ’

587 4629 777 4650 usuqu
813 4629 930 4659 νει-υ
975 4629 1197 4640 nun-uu-
1253 4629 1466 4639 ν-ν--νη
1513 4629 1580 4634 νη-
1625 4629 1930 4635 ---ν--.-..-γ
1973 4629 2033 4647 1-.
2075 4629 2078 4630 ν
2119 4629 2127 4631 -
2155 4629 2165 4631 -
2551 4629 2565 4630 γ

587 4700 795 4756 regum,
824 4680 1143 4751 optimatum
1168 4718 1184 4745 ,
1211 4674 1530 4746 populorum
1556 4674 1708 4728 varia
1731 4686 1929 4742 genera
1958 4670 2180 4740 permit-
2206 4644 2257 4702 D
2285 4657 2505 4712 ιίοηθωο
2535 4651 2718 4709 Tertio
2775 4648 3024 4718 εΡίΐίῑιιω
3065 4643 3382 4700 muneribus
3422 4634 3666 4709 κτειίειηιω

2450 4745 2461 4756 .
2575 4743 2586 4755 ο
2667 4743 2699 4756 ,ι
2799 4741 2834 4756 κ·
2874 4739 2909 4756 ο.
2929 4738 2981 4756 γιε
3020 4734 3295 4756 _-_L|:_._-_2
3347 4729 3574 4756 A2-.:..:um
3596 4718 3765 4756 illnﬁlﬂn

591 4779 654 4833 tit
681 4774 965 4837 infirmari,
989 4770 1193 4841 patitur
1229 4764 1547 4838 expugnari,
1578 4764 1774 4820 tolerat
1814 4759 2176 4832 pessumdari,

593 4879 657 4931 et,
675 4868 914 4941 pertrahi
945 4864 1184 4921 funditus
1203 4862 1272 4916 ad
1320 4859 1566 4914 nihilum.
1618 4855 1732 4912 Hoc
1760 4863 1939 4909 autem
1982 4852 2184 4907 factum

594 4971 677 5017 est
700 5002 716 5026 ,
764 4961 979 5029 quando
1016 4952 1386 5013 Sennacherib
1446 4949 1662 5005 hostilis
1726 4945 2001 5003 exercitus
2061 4958 2185 4999 cum

596 5050 778 5107 furore
798 5047 1223 5126 Hierosolymam
1246 5043 1487 5106 veniens,
1532 5054 1716 5095 muros
1765 5035 1883 5107 ejus
1923 5035 2192 5092 hostiliter

598 5143 859 5207 ambiens,
891 5141 960 5196 ab
980 5138 1169 5211 angelo
1192 5150 1500 5209 percussus,
1529 5139 1585 5187 et
1608 5131 1829 5187 omnino
1852 5128 2058 5185 deletus
2078 5136 2182 5185 est.

597 5234 738 5293 Hinc
764 5232 820 5287 in
879 5231 1018 5287 libro
1066 5229 1273 5300 Regum
1312 5227 1389 5281 ita
1450 5223 1690 5294 legitur:
1735 5220 1964 5293 Angelus
2012 5230 2186 5275 autem

600 5324 812 5383 Domini
838 5323 897 5376 in
923 5328 1097 5376 castra
1144 5319 1480 5389 Assyrion
1504 5313 1766 5369 descendit
1801 5323 1948 5368 nocte
1992 5311 2186 5377 media,

600 5433 648 5480 et
675 5421 929 5496 percussit
959 5434 1066 5484 eos,
1115 5424 1165 5471 et
1220 5412 1519 5470 ceciderunt
1585 5418 1728 5464 nocte
1778 5406 1877 5462 illa
1920 5405 2191 5460 hominum

676 5642 704 5671 ι
731 5628 801 5684 In
824 5624 1105 5698 Evangelia
1133 5620 1433 5698 nisi__error
1471 5624 1526 5698 et
1549 5611 1898 5698 exscriptos-is
1922 5617 2015 5665 aut
2044 5617 2195 5698 typo:

604 5680 798 5775 graphi
942 5680 1001 5752 ἰήῆ
1015 5692 1331 5755 Proverbiis,
1350 5704 1476 5775 non.
1492 5684 1654 5775 facile
1667 5680 1898 5775 dixerim
1941 5697 2105 5775 quam
2125 5680 2195 5775 ob

608 5753 845 5829 διᾗῖίᾶ
859 5753 1048 5825 auctor
1085 5780 1205 5821 eam
1248 5753 1568 5819 sententiam
1600 5753 1890 5829 Evangelio
1924 5753 2193 5829 ascribat,

609 5824 835 5901 alii};
866 5824 1199 5896 Proverbiis
1250 5830 1572 5902 reperiatur.
1620 5826 1794 5902 Verba
1839 5826 1895 5902 in
1937 5824 2022 5902 die
2072 5824 2201 5902 legit

610 5893 1123 5987 ᾗῖιοίῆιιίίέρὶει.
1173 5905 1264 5971 46,
1304 5893 1449 5956 circa
1490 5898 1674 5961 ﬁnem,
1720 5896 1773 5951 in
1795 5896 1925 5951 edit.
1974 5893 2199 5950 Mariani

2283 4745 2487 4810 ornari,
2512 4743 2738 4799 scientia
2758 4738 2987 4811 spiritali
3015 4734 3317 4799 sublimari,
3342 4702 3577 4789 divinitus
3596 4702 3765 4775 illustrari

2282 4855 2381 4911 per
2398 4807 2930 4905 contemplationem.
2965 4828 3101 4884 Hinc
3127 4841 3228 4897 per
3248 4821 3594 4881 Psalmisum‘
3619 4807 3769 4911 1'}?

2286 4890 2512 4994 deserta,
2536 4890 2682 4981 invia
2713 4933 2762 4979 et
2790 4925 3045 4993 inaquosa
3069 4938 3086 4975 .'
3115 4890 3192 4975 sic
3212 4921 3271 4974 in
3289 4923 3466 4972 sancto
3505 4898 3681 4980 αρραηί
3700 4890 3768 4947 ύδίτ

2289 5037 2346 5083 ut
2371 4992 2598 5082 viderem
2627 5020 2866 5075 virtutem
2885 4992 3053 5081 tuam,
3079 5023 3126 5069 et
3149 5012 3375 5085 gloriam
3392 4992 3769 5085 tuam(Psal.LK|h

2288 5118 2367 5192 5).
2431 5117 2614 5173 Primo
2666 5123 2900 5178 namque
2942 5084 3249 5164 confitendo
3292 5102 3444 5165 vitia,
3488 5096 3543 5150 ﬁt

2291 5168 2772 5275 animai—secundo
2789 5168 3129 5262 abstinendo,
3139 5195 3331 5267 iugum
3355 5201 3553 5263 quoque

2293 5267 2523 5357 viriliter
2570 5294 2907 5361 sustinendo,
2959 5289 3208 5362 malignis
3253 5285 3521 5358 spiritibus
3574 5267 3773 5362 lit

2295 5355 2458 5453 tertio
2509 5393 2769 5462 inaquosa
2812 5355 2903 5453 lit,
2953 5355 3210 5441 calcath
3251 5355 3520 5436 immunda
3561 5355 3775 5424 W‘
3856 5374 3857 5453 ξ

2298 5600 2524 5660 victorii
2540 5615 2555 5665 ;
2571 5607 2629 5654 et
2648 5596 2812 5670 Grgs-
2833 5590 3130 5670 Masnzlib-
3154 5604 3227 5670 νιρ
3251 5562 3781 5670 ίηηνιζίὲιξφηίέῗίέεῑξέἓ

2299 5640 2629 5739 ;.
2651 5640 3289 5739 assesasses,
3307 5640 3765 5739 Momm:

2301 5698 2361 5739 ll,
2388 5698 2536 5728 Ilum.
2558 5698 2624 5737 οφ
2651 5698 2706 5725 cs
2724 5698 2936 5722 utcvnas
2952 5703 2966 5716 .
2996 5698 3289 5723 "mgnum,
3308 5698 3528 5711 ..η-...ην

2301 5738 2842 5815 Quadragesimaead
2866 5734 3106 5815 Tertiam
3134 5746 3150 5785 :
3187 5740 3441 5815 quorum-

2301 5768 2517 5814 “Isaura
2554 5768 2738 5797 curua:
2758 5768 2827 5794 au
2876 5768 2963 5791 ιυι
2976 5768 3106 5789 ιιι-ιιι
3134 5771 3150 5785 .
3187 5768 3314 5800 ιιι-ν.
3327 5768 3415 5780 ...κ
3458 5768 3550 5775 ---η

2280 5815 2486 5874 -monio
2504 5768 2697 5869 [genus
2719 5806 3003 5867 Sabbatier
3027 5806 3163 5859 bene
3208 5799 3514 5874 utiposset,
3546 5768 3730 5874 agnem:

2305 5845 2697 5874 ιιιυωυιι-ιιιω
2720 5845 2993 5867 υιιυυσι-ινι
3027 5845 3163 5859 ..νην
3211 5845 3286 5853 ..--
3323 5845 3466 5866 ..ν-ν
3502 5845 3514 5858 ,
3609 5845 3624 5849 _

2305 5892 2520 5948 lectioni
2548 5892 2724 5946 locum
2747 5883 2876 5939 dare
2902 5879 2957 5933 in
2982 5874 3215 5931 editione
3240 5866 3526 5925 Biblion
3563 5845 3783 5912 53W“

3858 3928 3869 4101 1

3856 2436 3867 2467 ἰ
