3974 6306
238 323 346 385 753

1271 333 1622 395 COMMENT.
1664 337 1728 392 IN
1765 308 2488 407 Νζὶἶῑιῖῐίρῐιορυετω.

2821 281 2916 297 ’Ἶεθ
2945 288 2986 300 “0
3029 297 3034 302 .

3381 361 3486 426 τδι

233 449 366 497 tunc
397 441 612 500 videtur
632 445 804 504 virtus
853 447 966 516 Dei,
1003 458 1058 504 et
1076 450 1266 522 gloria.
1310 454 1492 510 Virtus
1539 471 1607 514 ex
1630 455 1811 525 subje-
1835 455 1891 516 Α
1912 453 2102 525 claras,
2131 464 2205 516 ait
2231 463 2486 523 Dominus
2529 474 2846 530 exercituum
2896 474 3082 550 (laeti.
3106 497 3223 549 vm,
3263 483 3375 558 19).
3408 487 3489 544 Ex

231 536 416 592 ctione
443 537 700 604 hostium,
725 540 891 610 gloria
917 541 970 597 in
1000 543 1281 613 splendore
1303 562 1605 602 munerum.
1630 549 1816 605 Virtus

231 624 329 680 Dei
347 628 646 683 ostenditur
666 630 720 683 in
734 631 858 685 odio
877 632 1196 702 iniquitatis,
1211 636 1377 707 gloria
1401 639 1458 694 in
1481 641 1675 711 gaudio
1688 657 1816 697 con-

231 721 556 790 templandas
591 723 853 779 veritatis.
895 726 1076 782 Virtus
1124 729 1217 785 Dei
1255 732 1647 801 manifestatur,
1689 737 1814 792 dum

230 825 490 884 peccator
512 817 731 887 eligitur
751 818 815 873 de
870 819 1135 889 profundo
1171 824 1420 892 malitiae;
1470 827 1658 897 gloria,
1687 827 1815 883 dum

229 907 298 960 ad
337 914 537 962 statum
573 908 893 965 sublimatur
939 912 1189 981 perfecta:
1245 915 1580 974 innocentiae.
1634 909 1818 976 Virtus

232 997 327 1052 Dei
375 1005 698 1065 ostentatur,
747 999 875 1054 dum
915 1003 1138 1066 mundi.
1167 1007 1530 1062 contemnitur
1578 1009 1814 1073 vanitas;

229 1089 426 1157 gloria,
460 1090 587 1145 dum
613 1107 842 1161 superna
865 1093 1117 1164 utrinque
1142 1097 1372 1152 sentitur
1394 1098 1640 1155 felicitas.
1669 1101 1818 1156 Dicat

227 1196 364 1251 ergo
394 1196 410 1234 :
435 1179 628 1237 Sciens
669 1183 796 1252 quia
823 1192 1086 1240 creaturae
1139 1194 1242 1242 tute
1288 1188 1462 1256 diligis
1503 1191 1816 1258 puritatem,

227 1269 568 1338 puriﬁcando
593 1281 847 1338 mentem,
873 1281 928 1327 et
987 1275 1361 1332 mortificando
1409 1293 1644 1345 carnem,
1693 1297 1820 1337 mox

227 1378 320 1416 me
341 1364 544 1419 contuli
569 1366 638 1420 ad
656 1368 997 1424 sanctitatem
1028 1387 1043 1426 :
1074 1379 1134 1426 ut
1157 1371 1256 1446 his
1266 1375 1629 1430 conscendens
1643 1379 1820 1446 gradi-

229 1451 354 1516 bus,
415 1454 635 1510 tandem
684 1466 974 1527 utrumque
1036 1443 1258 1515 valeam.
1299 1463 1560 1533 attingere
1602 1443 1820 1522 virtutis

228 1553 284 1598 et
309 1544 501 1616 gloria:
551 1555 656 1604 tuae
705 1547 1036 1607 felicitatem.
1096 1552 1244 1610 Unde
1282 1569 1380 1624 per
1434 1555 1816 1615 Salomonem:

231 1634 494 1707 Cogitavi,
521 1639 714 1709 inquit,
743 1641 1042 1699 abstrahere
1075 1662 1284 1700 carnem
1310 1664 1496 1716 meam,
1528 1658 1586 1704 ut
1642 1661 1818 1706 trans-

231 1728 427 1798 ferrem
462 1748 578 1786 eam
606 1732 675 1786 ad
695 1735 1006 1806 sapientiam
1033 1736 1230 1810 (Eccle.
1257 1755 1319 1804 ll,
1347 1740 1424 1813 3).

1916 563 2146 624 quatuor
2175 556 2456 615 elementis
2505 565 2912 636 compaginatur
2936 569 3229 628 humanum
3270 556 3490 646 corpus.

1917 643 2104 700 Omnia
2133 651 2343 718 negotia
2374 652 2610 722 quinque
2653 667 2978 728 peraguntur
3012 663 3280 720 sensibus.
3323 643 3492 723 Deca-

1915 738 2020 809 logi
2043 740 2280 795 custodia
2325 743 2689 812 exstirpantur
2723 747 2872 802 vitia.
2925 749 2973 804 A
3018 755 3323 824 septenario
3363 773 3494 812 con-

1916 831 2225 902 templativa
2283 833 2595 904 designatur
2642 837 2921 906 perfectio.
2972 841 3077 898 Per
3121 844 3317 902 decimi
3361 864 3494 922 ergo

1909 920 2190 992 jejunium,
2231 925 2607 980 mandatorum
2655 932 2896 986 custodia
2926 934 3292 1004 exstirpantur
3335 920 3490 995 vitia.

1898 1014 2254 1083 .Quaternarii
2315 1018 2638 1074 abstinentia
2695 1022 2928 1079 ebrietas
2999 1030 3378 1096 pessumdatur
3435 1041 3496 1087 et

1917 1109 2156 1178 crapula.
2217 1109 2458 1176 Quinarii
2505 1109 2710 1180 jejunio
2757 1115 3094 1183 negotiorum
3137 1118 3494 1188 Singularium

1918 1199 1978 1254 ﬁt
1990 1201 2405 1257 abrenuntiatio.
2425 1200 2720 1271 Septenarii
2733 1204 2994 1274 parcitate
3006 1209 3202 1264 eximia
3219 1211 3498 1267 immunda

1916 1289 2167 1361 fugantur
2203 1292 2488 1359 desideria,
2512 1302 2566 1348 et
2589 1296 3055 1366 contemplationis
3077 1300 3380 1368 possidetur
3403 1303 3499 1358 lae-

1920 1383 2054 1437 titia.
2089 1384 2222 1439 item
2245 1393 2437 1454 quarto
2478 1385 2565 1441 die
2609 1388 2813 1442 creavit
2858 1388 3001 1443 Deus
3047 1390 3169 1444 coeli
3210 1390 3497 1448 luminaria

1918 1471 2074 1546 (Gen.
2123 1491 2161 1538 ι,
2189 1473 2254 1527 14
2276 1474 2428 1546 seq.).
2454 1473 2649 1542 Quinta
2672 1490 2739 1530 ex
2762 1477 2918 1547 aquis
2940 1479 3192 1549 produxit
3216 1481 3494 1537 animalia.

1915 1564 1998 1619 Ab
2022 1565 2272 1620 omnibus
2297 1567 2550 1634 operibus
2577 1568 2842 1637 requievit
2889 1569 2944 1622 in
2988 1569 3232 1638 septima.
3265 1570 3496 1626 Denario

1917 1655 2247 1712 felicitantur
2271 1658 2471 1712 omnia.
2502 1657 2689 1725 Quarti
2711 1674 2839 1730 ergo
2860 1658 3068 1729 jejunio
3117 1661 3296 1718 lumen
3340 1664 3499 1720 nobis

1919 1747 2257 1804 ministratur
2284 1749 2541 1815 scientiae,
2569 1749 2870 1807 intellectus
2890 1753 3134 1808 rationis.
3159 1752 3342 1820 Quinti
3373 1754 3499 1809 abs-

307 1824 398 1879 86.
460 1823 598 1880 Hinc
647 1805 845 1897 legitur
895 1829 951 1883 in
1003 1805 1141 1886 libro
1191 1805 1438 1887 Iudicum
1501 1805 1816 1892 Samsonem
1847 1810 1895 1871 Β
1922 1839 2146 1896 tinentia
2170 1855 2309 1896 nova
2335 1849 2390 1896 et
2413 1843 2612 1898 munda
2642 1844 2957 1912 producitur
2973 1852 3223 1901 creatura
3243 1860 3310 1901 ex
3343 1846 3500 1915 aquis

232 1917 583 1985 respondisse
605 1918 794 1974 solutae
830 1923 1114 1992 qumstioni
1140 1939 1362 1979 suorum
1403 1927 1765 1983 consodalium
1799 1948 1813 1984 :

236 2006 382 2070 Nisi,
427 2008 622 2078 inquit,
651 2011 704 2065 in
731 2012 891 2067 vitula
940 2030 1056 2070 mea
1095 2017 1371 2083 arassetis,
1417 2021 1819 2090 propositionem

233 2115 410 2152 meam
459 2119 562 2155 non
594 2103 912 2160 invenissetis
965 2105 1165 2179 (Judic.
1193 2122 1306 2172 x1v,
1350 2107 1460 2178 18).
1498 2109 1595 2164 Est
1639 2119 1818 2166 autem

233 2191 430 2254 vitula,
459 2207 586 2247 caro
615 2192 845 2260 lasciva;
891 2197 1207 2266 propositio,
1237 2198 1466 2254 obscura
1491 2199 1714 2256 locutio.
1743 2201 1820 2258 De

237 2285 420 2338 vitula
449 2286 636 2355 legitur
677 2287 732 2341 in
780 2287 920 2344 libro
961 2288 1208 2347 Jeremize
1249 2309 1262 2345 :
1303 2289 1480 2347 Vitula
1533 2292 1738 2365 elegans
1771 2304 1819 2350 et

234 2373 477 2442 formosa
514 2374 815 2446 [Egyptuu
845 2379 1142 2435 stimulator
1184 2383 1345 2436 veniet
1391 2383 1439 2436 ei
1481 2384 1544 2438 ab
1581 2385 1821 2456 aquilone

235 2463 375 2535 (Jer.
406 2482 545 2530 XLVI,
574 2467 686 2538 20).
730 2469 870 2525 Caro
901 2471 1044 2526 enim
1069 2473 1316 2543 petulans
1355 2475 1698 2545 intrinsecus,
1727 2494 1822 2534 vo-

230 2551 430 2623 luptati
472 2557 708 2612 exterius
751 2567 806 2612 et
844 2560 1005 2616 nitori
1049 2563 1310 2631 serviens,
1337 2565 1484 2631 dum,
1513 2575 1820 2637 contempto

230 2647 464 2701 rationis
495 2646 721 2716 judicio,
757 2649 1024 2706 ofﬁcinam
1067 2654 1184 2708 odit
1218 2655 1500 2723 lenocinii;
1552 2658 1820 2714 incentiva

229 2735 476 2792 libidinis
502 2752 562 2793 se
592 2739 840 2810 ingemat
866 2755 933 2795 ex
953 2752 1107 2811 parte
1131 2745 1351 2814 pessimi
1393 2746 1707 2803 adversarii.
1737 2749 1820 2806 Ab

228 2826 487 2895 aquilone
511 2829 659 2883 venit
698 2830 980 2887 simulator
1006 2833 1205 2899 vitulis,
1239 2836 1365 2906 quia
1412 2839 1561 2894 carni
1601 2853 1821 2912 pompa-

228 2918 339 2972 tice
365 2919 644 2988 saginatae,
683 2920 964 2992 diligenter
991 2925 1266 2994 appositae,
1316 2929 1499 2984 statim
1533 2931 1685 2987 adest
1723 2934 1821 2988 sti-

227 3008 482 3088 mulator
514 3010 680 3066 totius
713 3012 955 3080 malitiae,
993 3014 1262 3071 incentiva
1309 3033 1598 3090 suggerens
1643 3025 1819 3079 omnis

227 3101 610 3156 immunditiae.
646 3102 873 3158 Samson
911 3119 1057 3169 vero,
1089 3107 1181 3177 qui
1225 3109 1306 3163 sol
1357 3125 1543 3165 eorum
1594 3112 1810 3180 dicitur,

227 3199 421 3261 typum
476 3201 627 3248 tenet
676 3195 807 3250 solis
848 3161 1124 3264 justitiam.
1159 3205 1213 3254 et
1267 3200 1412 3255 illius
1467 3204 1812 3272 consodales,
1841 3161 1890 3226 α

226 3283 565 3338 studentium
621 3286 916 3355 sapientiae.
962 3287 1183 3344 Dicatur
1231 3305 1361 3360 ergo
1405 3310 1418 3345 :

226 3375 344 3429 tuta
373 3392 490 3430 mea
533 3381 798 3445 arassetis,
841 3384 1241 3452 propositionem
1265 3401 1435 3439 meam
1470 3402 1574 3441 non
1603 3389 1822 3444 invenis-

226 3468 378 3521 setis.
423 3466 551 3524 Kcsi
593 3471 838 3527 dicatur:
870 3475 973 3529 nisi
1029 3492 1156 3533 caro
1199 3479 1572 3549 restringatur,
1627 3492 1682 3537 et
1726 3482 1820 3537 ﬁat

228 3561 437 3626 sobria,
465 3577 620 3618 mens
658 3580 996 3636 nequaquam
1025 3583 1083 3624 se
1132 3570 1300 3626 libere
1331 3573 1539 3644 erigere
1580 3574 1722 3629 valet
1751 3576 1819 3631 ad

227 3649 500 3706 caelestia.
535 3653 714 3708 Vitula
746 3672 979 3728 namque
998 3668 1201 3726 aratur,
1226 3677 1346 3717 cum
1377 3679 1503 3720 caro
1528 3667 1820 3722 mortifica-

228 3749 343 3795 mr.
373 3741 650 3799 Invenitur
667 3749 981 3816 propositio,
1011 3766 1135 3806 cum
1170 3753 1468 3810 caelestium
1499 3744 1820 3815 arcanorum

227 3832 480 3900 aperitur
532 3838 932 3908 contemplatio.
997 3840 1108 3896 Nisi
1137 3858 1264 3915 ergo
1311 3845 1366 3900 in
1405 3847 1572 3903 vitula
1612 3860 1815 3918 aratur,

226 3927 536 3997 propositio
572 3931 879 3989 nullatenus
928 3935 1322 4003 manifestatur,
1379 3940 1504 4010 quia
1541 3941 1594 3996 ni
1641 3943 1819 3999 carnis

232 4028 507 4074 atteratnr
532 4021 850 4093 voluptuosa
880 4029 1107 4092 vanitas,
1141 4029 1426 4086 inefl'abilis
1459 4033 1636 4102 gaudii
1662 4033 1821 4088 mini-

234 4126 331 4166 me
381 4115 615 4182 aperitur
662 4118 921 4174 suavitas.
974 4119 1196 4177 Sodales
1246 4123 1414 4195 igitur
1447 4125 1724 4182 Samsonis
1765 4127 1820 4181 in

234 4200 413 4255 vitula
442 4203 721 4276 diligenter
759 4218 1002 4277 exarant,
1030 4215 1337 4283 utaenigma
1376 4219 1706 4286 propositum
1748 4219 1824 4274 in-

228 4293 498 4364 telligant,
549 4300 674 4368 quia
712 4302 960 4359 veritatis
983 4306 1142 4362 amici
1180 4305 1308 4363 Jesu
1349 4308 1550 4365 Christi
1575 4312 1819 4382 discipuli

228 4401 460 4442 carnem
487 4391 666 4445 sobrie
699 4404 994 4461 macerant,
1037 4412 1232 4468 corpus
1256 4415 1414 4456 suum
1457 4413 1823 4472 competenter

229 4486 536 4545 attenuant,
566 4481 754 4538 devote
787 4499 845 4540 se
869 4485 1130 4558 affligunt,
1153 4498 1208 4543 et
1235 4490 1475 4547 funditus
1501 4494 1817 4564 humiliant;

230 4577 292 4623 ut
346 4571 582 4627 obscura
629 4573 869 4632 scientiae
923 4579 1255 4652 intelligant,
1301 4599 1498 4638 arcana
1546 4585 1822 4655 sapientiae

229 4671 525 4734 penetrare
547 4665 778 4733 valeant,
809 4669 1026 4726 divitias
1049 4673 1382 4730 immortales
1411 4676 1644 4743 videant,
1673 4679 1821 4735 cella:

231 4758 467 4814 vinariae
481 4758 873 4829 jucundissima
903 4777 1110 4823 secreta
1140 4770 1428 4825 introeant.

1477 3292 1599 3347 Nisi
1652 3295 1706 3349 in
1745 3296 1820 3350 vi-

305 4850 401 4906 87.
425 4850 525 4907 Est
545 4852 706 4924 igitur
725 4857 904 4925 magni
926 4862 1183 4916 momenti
1205 4862 1548 4930 abstinentia,
1570 4880 1674 4935 qua
1695 4881 1824 4936 pur-

227 4950 438 5010 gantur
480 4945 628 5008 vitia,
675 4945 996 5017 impetratur
1043 4951 1220 5018 venia,
1269 4954 1574 5023 possidetur
1627 4957 1819 5030 gratia,

228 5042 525 5104 reparatur
544 5035 1083 5123 innocentianarcana
1113 5044 1374 5114 pateﬁunt
1397 5047 1658 5104 ctelestia.
1682 5049 1824 5105 Abs-

229 5126 467 5181 tinentia
508 5142 639 5184 vero
666 5139 751 5185 est
788 5132 1138 5202 quadrifaria.
1170 5135 1350 5192 Prima
1378 5146 1463 5194 est
1488 5139 1632 5194 enim
1665 5141 1824 5196 vitio-

231 5235 359 5274 rum
376 5261 394 5286 ,
457 5221 690 5277 secunda
759 5225 1135 5283 alimentorum
1153 5269 1170 5295 ,
1215 5232 1376 5286 tertia
1445 5235 1784 5304 negotion
1805 5275 1822 5302 ,

229 5320 438 5380 quarta
484 5312 885 5372 immundorum
956 5318 1362 5378 desideriorum.
1434 5325 1511 5381 De
1564 5327 1648 5382 his
1694 5343 1825 5384 vero

231 5404 496 5459 omnibus
515 5405 590 5459 ita
620 5404 814 5476 legitur
839 5409 895 5463 in
925 5409 1184 5466 Zacharia
1209 5432 1222 5468 :
1255 5414 1526 5486 Jejunium
1553 5420 1745 5489 quarti,
1775 5429 1825 5475 et

229 5494 504 5566 jejunium
524 5498 712 5569 quinti,
727 5500 994 5571 jejunium
1013 5505 1238 5575 septimi,
1269 5516 1315 5561 et
1327 5507 1592 5578 jejunium
1615 5510 1822 5578 decimi,

231 5585 344 5642 ait
389 5588 534 5643 vobis
565 5589 624 5643 in
650 5591 902 5660 gaudium
926 5609 1195 5665 magnum,
1238 5606 1285 5652 et
1317 5597 1666 5654 solemnitates
1692 5618 1828 5671 prte-

314 5733 560 5811 ξᾼςεεπι
587 5732 922 5811 correximus
946 5749 1016 5791 ex
1047 5736 1178 5794 edit.
1209 5738 1478 5811 Chrysol.,
1511 5755 1634 5796 cum
1667 5749 1824 5801 antea

238 5797 522 5867 legeretur
539 5807 726 5854 armis.

1917 1934 2362 2005 compunctionis.
2412 1934 2518 1990 Per
2577 1935 2793 2004 septimi
2843 1935 3107 2005 jejunium
3157 1937 3212 1990 in
3262 1934 3501 1992 Sabbato

1917 2027 2242 2098 quiescimus
2265 2025 2639 2082 secretissimae
2663 2028 3151 2098 contemplationis.
3178 2027 3282 2082 Per
3305 2025 3502 2083 decimi

1910 2116 2193 2187 jejunium,
2241 2117 2519 2172 denarium
2557 2118 2849 2187 accipimus
2890 2119 3216 2174 beatissima:
3267 2118 3501 2174 retribu-

1919 2209 2101 2265 tionis.
2132 2209 2237 2264 Per
2263 2209 2442 2277 quarti
2467 2223 2597 2279 ergo
2632 2208 3017 2274 illuminamur,
3045 2223 3147 2278 per
3187 2208 3360 2278 quinti
3399 2223 3501 2276 pu-

1919 2300 2210 2364 rificamur,
2240 2314 2338 2369 per
2374 2299 2587 2369 septimi
2613 2300 2960 2364 honoramur,
2998 2314 3096 2370 per
3135 2299 3330 2354 decimi
3355 2298 3502 2369 jeju-

1918 2395 2066 2448 nium
2101 2391 2443 2447 felicitamur.
2473 2390 2712 2447 Primum
2763 2391 3105 2461 iniquitatem
3145 2390 3403 2453 excludit,
3444 2399 3502 2446 et

1918 2485 2314 2557 ignorantiam;
2354 2486 2666 2550 secundum,
2706 2485 3000 2540 vanitatem
3046 2484 3233 2540 mundi
3281 2491 3336 2540 et
3363 2498 3499 2540 con-

1918 2579 2330 2648 cupiscentiam;
2356 2579 2578 2634 tertium
2614 2579 2984 2634 inﬁrmitatem
3034 2579 3200 2634 animi
3232 2578 3406 2648 pellit,
3444 2585 3502 2636 et

1919 2671 2215 2740 ignaviam;
2243 2677 2517 2739 quartum,
2556 2669 2920 2726 calamitatem
2947 2677 3003 2725 et
3022 2669 3320 2725 miseriam.

1987 2763 2075 2819 88.
2139 2761 2311 2817 Erunt
2353 2761 2517 2833 igitur
2569 2761 2727 2816 nobis
2757 2760 3019 2832 praedicta
3058 2759 3281 2829 jejunia,
3339 2767 3401 2814 ut
3425 2758 3503 2815 ait

1917 2853 2224 2917 Zacharias,
2257 2853 2312 2906 in
2338 2852 2590 2923 gaudium
2630 2869 2878 2923 magnum
2907 2861 2955 2907 et
2982 2852 3334 2908 solemnitates
3365 2869 3504 2924 pra!-

1918 2945 2090 3000 claras
2115 2943 2240 3014 (Ubi
2273 2942 2485 3015 supra),
2514 2944 2639 3013 quia
2671 2941 2875 3012 jejunia
2896 2941 3120 3012 praefata
3162 2957 3192 2997 a
3215 2941 3372 2998 nobis
3398 2942 3504 2998 rite

1917 3027 2183 3093 celebrata
2230 3034 2408 3089 lumen
2459 3033 2616 3090 nobis
2667 3033 2861 3089 divina:
2907 3031 3194 3087 conferunt
3238 3031 3502 3097 scientiae,

1918 3126 2260 3183 serenitatem
2303 3124 2666 3188 conscientize,
2695 3122 2949 3193 perfectae
2982 3122 3233 3192 gaudium
3251 3120 3500 3190 justitiae,

1920 3226 1976 3272 et
2037 3218 2253 3286 insuper
2298 3216 2365 3270 ad
2411 3214 2807 3270 solemnitatem
2867 3227 3114 3284 superna:
3169 3212 3505 3268 transferunt

1920 3311 2138 3367 laetitiis.
2171 3309 2558 3377 Quaternarius
2593 3323 2850 3363 numerus
2885 3316 2970 3362 est
2997 3306 3318 3378 conjugatus
3342 3320 3506 3376 gene-

1919 3401 2080 3466 ralis;
2129 3399 2426 3470 quinarius,
2466 3397 2933 3466 conjugatus,.sed
2977 3395 3296 3466 singularis;
3326 3395 3502 3466 virgo,

1919 3492 2284 3562 septenarius;
2310 3489 2504 3546 caelebs
2543 3504 2673 3544 vero
2697 3487 2968 3542 denarius.
3008 3485 3222 3541 Primus
3269 3496 3506 3553 namque

1919 3594 2141 3656 generat
2189 3591 2243 3638 et
2292 3589 2612 3653 generatur;
2666 3580 2934 3635 secundus
2978 3582 3220 3648 generat,
3260 3575 3357 3631 sed
3393 3588 3507 3630 non

1918 3686 2237 3748 generatur;
2279 3676 2470 3730 tertius
2507 3689 2608 3730 nec
2643 3681 2951 3745 generatur,
3000 3686 3102 3726 nec
3141 3677 3384 3742 generat,
3409 3667 3504 3725 sed

1918 3777 2002 3825 est
2033 3769 2306 3833 subditus;
2344 3775 2570 3838 quartus
2596 3781 2810 3837 quoque
2849 3765 2990 3820 idem
3026 3773 3229 3830 manet,
3276 3763 3370 3819 sed
3415 3778 3510 3818 su-

1916 3861 2238 3934 perpositus.
2271 3860 2436 3915 Primi
2471 3874 2602 3931 ergo
2623 3857 2886 3929 jejunium
2932 3856 3234 3913 fmditatem
3261 3862 3508 3926 amputat

1920 3952 2121 4007 illicitae
2147 3949 2383 4006 libidinis
2409 3967 2423 4016 ;
2456 3949 2698 4014 secundi,
2721 3947 3097 4004 necessitatem
3120 3947 3352 4017 imperat
3377 3962 3509 4016 pro-

1917 4041 2175 4114 pagandaa
2203 4040 2434 4106 sobolis;
2471 4040 2640 4106 tertii,
2679 4046 2901 4109 praestat
2929 4038 3191 4093 honorem
3224 4036 3509 4108 virginita-

1919 4136 2017 4202 tit;
2046 4132 2247 4204 quarti,
2269 4132 2339 4187 ad
2365 4132 2675 4188 felicitatem
2698 4130 2954 4187 sublimat
2988 4129 3245 4202 angelicae
3275 4130 3510 4199 dignita-

1919 4229 2008 4284 tis.
2069 4227 2250 4283 Primo
2302 4226 2617 4298 conjugatus
2666 4226 2880 4296 ligatur,
2918 4239 2986 4279 ne
3026 4224 3228 4294 passim
3285 4221 3504 4289 efﬂuat;

1920 4319 2155 4376 secundo
2180 4320 2382 4375 arctius
2412 4319 2714 4391 stringitur,
2739 4331 2808 4372 ne
2837 4317 3143 4386 delinquat;
3167 4315 3328 4370 tertio
3351 4315 3506 4385 virgo

1923 4414 2225 4475 decoratur,
2254 4420 2315 4465 ut
2339 4410 2580 4481 placeat;
2625 4416 2819 4479 quarto
2853 4407 3175 4464 sublimatur
3199 4404 3394 4461 caelebs
3435 4403 3507 4459 ad

1925 4517 2152 4566 summa,
2189 4510 2248 4556 ut
2286 4515 2499 4570 semper
2527 4500 2776 4570 gaudeat.

1993 4591 2082 4647 89.
2109 4591 2264 4646 Tanti
2287 4590 2390 4646 fuit
2411 4591 2551 4660 apud
2575 4591 2827 4660 antiquos
2868 4586 3125 4644 momenti
3155 4587 3503 4651 abstinentia,

1920 4692 2070 4738 tanta
2104 4683 2221 4752 ejus
2255 4682 2576 4748 reverentia,
2625 4690 2778 4736 tanta
2822 4680 2992 4750 ipsius
3035 4678 3396 4741 observantia,
3446 4685 3507 4732 ut
3556 4765 3558 4767 Ι

1919 4777 2082 4832 etiam
2130 4775 2269 4845 apud
2317 4773 2601 4845 Egyptios
2655 4772 2914 4844 religione
2973 4771 3161 4844 gentili
3202 4769 3570 4857 praecipuus

1920 4867 2100 4924 nullus
2126 4867 2210 4922 sui
2247 4873 2452 4937 mystes
2493 4864 2666 4930 ﬁeret,
2704 4863 2790 4918 vel
2819 4863 3050 4935 mystica
3095 4870 3352 4920 tractaret
3382 4878 3505 4934 my-
3535 4877 3556 4956 ἰ

1921 4960 2108 5025 steria,
2135 4960 2238 5015 nisi
2263 4974 2423 5030 quem
2447 4961 2716 5031 praecipue
2736 4959 2978 5014 omnium
3006 4959 3334 5030 pmipuum
3356 4975 3508 5016 com-

1922 5051 2201 5107 mendaret
2221 5050 2564 5106 abstinentia.
2587 5050 2929 5106 Abstinentia
2946 5049 3274 5107 Christiana:
3298 5051 3507 5108 militia:
3531 5110 3534 5112 ,

1922 5142 2076 5197 firma
2103 5143 2366 5208 custodia,
2401 5141 2662 5198 virtutum
2687 5157 2825 5207 sera,
2849 5144 3105 5201 vitiorum
3131 5145 3509 5202 crudelissima

1922 5232 2037 5290 fera
2053 5276 2070 5304 ,
2120 5236 2503 5291 charismatum
2556 5234 2814 5304 apotheca
2829 5276 2845 5302 ,
2915 5238 3208 5308 gratiarum
3249 5237 3462 5309 hospita
3485 5276 3505 5305 ,

1924 5328 2395 5397 contemplationis
2463 5327 2722 5383 ﬁdissima
2787 5331 2996 5385 nuntia.
3060 5328 3333 5399 Jejunium
3395 5331 3506 5387 sci-

1925 5437 2047 5478 mus
2083 5435 2205 5477 esse
2260 5421 2356 5476 Dei
2400 5435 2579 5476 arcem
2602 5434 2629 5463 ι
2668 5421 2779 5493 (Ea:
2825 5439 2981 5477 serm.
3027 5438 3106 5478 xu
3137 5422 3504 5494 Chrysolog.),

1924 5516 2126 5572 Christi
2171 5525 2372 5583 castra,
2415 5531 2629 5570 murum
2674 5516 2949 5590 spiritibus
2977 5517 3026 5583 ι),
3065 5516 3319 5572 vexillum
3355 5515 3503 5583 ﬁdei,

1926 5607 2191 5663 castitatis
2235 5607 2468 5679 signum,
2516 5608 2819 5663 sanctitatis
2851 5617 3132 5679 tropaeum.
3177 5605 3292 5663 Hoc
3331 5606 3506 5664 Adam

1998 5745 2027 5785 δ
2061 5743 2207 5799 Edit.
2233 5742 2501 5815 Chrysol.,
2527 5745 2762 5816 spiritus.
