3974 6306
177 368 281 426 761

176 485 478 546 lectionum
508 482 779 556 farragine
801 483 1072 556 margines
1095 497 1467 556 oneraremus,
1492 491 1603 537 tum
1629 493 1687 538 ut
1707 482 1783 538 fa-
1811 492 1862 552 Α

174 559 287 616 cile
312 558 545 629 quisque
561 554 683 629 'uno
708 556 818 629 ictu
859 555 998 629 oculi
1033 554 1280 629 judicare
1305 554 1476 629 possit
1522 563 1782 629 quannnn

175 625 719 687 'l‘udensis’narratio
740 625 1054 682 a'Julianaea
1077 626 1363 694 discrepet.
1405 626 1516 680 lloc
1529 642 1651 680 cum
1668 625 1789 680 Flo-

177 701 334 757 rezio
365 701 420 754 in
461 707 698 754 mentem
744 699 995 763 venisset,
1044 697 1304 751 abstinuit
1343 698 1608 759 consulto,
1660 715 1727 752 ne
1757 713 1788 751 a

175 771 462 844 proposito
504 785 632 844 _suo
676 769 984 844 discedere
1021 769 1293 844 videretur
1336 786 1347 821 :
1393 771 1557 844 quod
1585 785 1708 824 cum
1757 785 1788 822 a

175 839 371 899 nostro
409 841 637 897 multum
661 841 840 906 distet,
864 841 1020 896 nobis
1043 855 1149 894 non
1195 839 1337 894 idem
1363 839 1654 896 verendum
1682 850 1785 895 est.

252 915 458 969 Verum
516 928 584 966 ex
605 913 914 982 apographo
970 909 1264 966 Pereziano
1309 926 1416 964 non
1454 911 1540 966 hic
1581 920 1787 982 tantum

173 1003 311 1041 usus
337 986 406 1040 ad
431 1000 532 1039 nos
554 981 820 1054 pervenit,
863 991 924 1037 ut
961 983 1295 1054 emendatior
1330 982 1569 1054 prodiret
1591 981 1788 1036 Juliani

173 1057 476 1126 scriptura,
509 1053 605 1110 sed
628 1055 792 1126 etiam
819 1062 878 1109 ut
905 1054 1132 1126 auctior.
1172 1053 1242 1126 lu
1264 1066 1330 1107 eo
1380 1053 1646 1122 siquidem
1670 1060 1790 1126 post

172 1124 498 1184 historicam
521 1125 886 1180 narrationem
910 1124 1216 1180 rebellionis
1233 1133 1452 1188 exortus,
1471 1125 1791 1194 tyrannique

173 1199 399 1262 devicti,
454 1207 582 1250 ante
603 1197 890 1251 sententia:
923 1211 1052 1250 vero
1087 1196 1141 1249 in
1190 1210 1314 1248 eum
1359 1194 1580 1265 ejusque
1614 1196 1792 1250 socios

173 1268 300 1323 latze
350 1268 773 1337 expositionem,
813 1267 1115 1324 orationem
1162 1265 1463 1320 invenimus
1512 1266 1787 1330 insertam,

172 1355 342 1410 quam
371 1346 565 1394 auctor
586 1338 988 1393 insultationem
1013 1345 1188 1410 vocat,
1221 1351 1319 1390 nos
1344 1337 1791 1410 declamationem

173 1407 517 1464 diceremus:
567 1424 730 1481 quam
755 1410 972 1478 quidem
1011 1409 1314 1481 exscriptor
1335 1409 1568 1481 exempli
1606 1407 1792 1481 Matri-

175 1482 352 1535 tensis
377 1479 949 1550 quareftranscribere
976 1480 1228 1541 noluerit,
1275 1495 1380 1532 non
1427 1480 1559 1534 satis
1602 1479 1793 1550 intelli-

175 1547 523 1622 gimusfnisi
546 1549 730 1605 forsan
759 1552 828 1606 ab
881 1551 986 1606 alio
1029 1551 1289 1622 insertam
1339 1547 1784 1622 suspicatusl‘nit,

173 1620 285 1678 non
317 1639 352 1677 a
371 1622 588 1677 Iuliano
609 1622 990 1691 conscriptam.
1070 1620 1177 1676 Sed
1198 1636 1325 1676 vero
1348 1637 1446 1675 nos
1468 1621 1792 1691 suspicionis

175 1709 376 1750 causas
396 1693 574 1748 nullas
596 1683 860 1748 videmus.
911 1692 1005 1747 Est
1029 1694 1174 1747 enim
1199 1683 1504 1760 hujusmodi
1527 1683 1792 1747 declama-

59 1785 80 1808 ο
175 1765 275 1829 tio,
324 1765 374 1820 si
408 1773 556 1819 recte
591 1764 947 1834 expendatur,
997 1763 1208 1834 ueteris
1256 1763 1685 1834 praecedentibus
1737 1773 1791 1816 et

174 1835 639 1922 subsequentibus
665 1833 1072 1922 c'haractereac
1098 1833 1238 1904 stylo
1280 1849 1441 1917 quam
1465 1833 1782 1922 "simillima,
1819 1864 1864 1922 Β

175 1908 313 1970 acri,
344 1906 546 1970 vivido,
586 1907 854 1970 aculeato,
888 1905 1160 1975 variisque
1188 1907 1356 1974 tropis
1385 1915 1442 1959 et
1465 1905 1652 1975 ﬁguris
1671 1912 1786 1958 tum

175 1979 492 2040 verborum,
527 1987 641 2032 tum
668 1977 1082 2039 sententiarum,
1111 1976 1338 2030 intexto.
1385 1976 1535 2030 Adeo
1568 1984 1625 2029 ut
1656 1975 1790 2029 mihi

175 2063 301 2104 eam
324 2047 586 2103 attentius
599 2046 916 2118 perlegenti,
947 2048 991 2100 si
1016 2056 1280 2118 tumorem
1304 2047 1452 2100 illum
1479 2047 1789 2118 verborum,

175 2119 548 2188 duritiemque
570 2116 716 2190 styli,
741 2128 1060 2190 temporum
1075 2117 1288 2190 illorum
1313 2118 1525 2181 vitium,
1547 2116 1791 2190 Gothicae

173 2191 364 2260 gentis
408 2189 560 2259 quasi
601 2188 914 2260 proprium,
947 2188 1208 2260 excipias,
1248 2199 1453 2260 cetera
1475 2197 1662 2244 orator
1692 2188 1793 2242 mi-

173 2258 333 2316 nime
375 2258 616 2330 vulgaris
645 2258 921 2330 appareat,
972 2260 1101 2314 dum
1136 2259 1192 2313 in
1230 2258 1420 2330 Galliae
1455 2260 1792 2328 provinciam

174 2329 492 2396 invehitur,
532 2329 694 2401 atque
719 2329 927 2401 pnnter
964 2345 1176 2385 morum
1215 2329 1446 2400 ﬁdeique
1492 2331 1795 2399 corruptio-

172 2417 334 2466 nem,
375 2401 742 2456 inﬁdelitatem
779 2401 853 2455 illi
887 2417 1040 2455 suam
1063 2401 1372 2471 exprobrat,
1416 2417 1522 2470 qua
1550 2401 1694 2455 velut
1715 2401 1796 2454 vi-

171 2473 247 2527 lis
273 2472 520 2527 adultera
567 2473 787 2543 legitimi
833 2473 937 2526 tori
982 2481 1232 2540 pertaesa,
1284 2472 1491 2526 alienos
1515 2471 1796 2540 amplexus

173 2551 440 2614 expetere
459 2558 567 2598 non
589 2543 838 2598 erubuit:
890 2559 1074 2614 quam
1104 2543 1473 2611 metaphoram
1518 2543 1796 2613 eleganter

173 2613 502 2685 pertractat.
567 2615 767 2669 Deinde
815 2622 973 2685 caute
1002 2613 1338 2682 solerterque
1369 2623 1597 2683 occupat
1629 2629 1796 2668 vanos

245 2694 504 2751 :etextus,
531 2701 668 2754 quos
693 2684 884 2740 sceleri
913 2700 1010 2739 suo
1025 2685 1318 2739 obtendere
1341 2685 1520 2750 vellet,
1553 2695 1715 2754 atque
1737 2693 1797 2738 ut

197 2755 444 2811 'acinoris
481 2758 565 2810 sui
591 2756 980 2825 turpitudinem
1005 2757 1058 2810 in
1090 2755 1206 2810 luce
1229 2755 1525 2810 meridiana
1548 2755 1791 2820 collocet,

173 2826 590 2898 elegantissima
617 2826 874 2881 antithesi
903 2825 1229 2898 singularem
1265 2826 1525 2898 principis
1562 2827 1798 2898 clemen-

174 2896 338 2962 tiam,
369 2905 533 2966 atque
566 2897 621 2952 in
637 2898 815 2952 media
845 2897 1071 2952 victoria
1088 2896 1459 2952 admirabilem
1495 2897 1660 2952 animi
1682 2912 1796 2951 mo—

173 2967 521 3023 derationem
558 2968 904 3037 impudentia:
925 2983 1036 3022 suae
1061 2976 1224 3037 atque
1265 2968 1596 3038 procacitate
1631 2983 1798 3038 oppoe

174 3039 290 3094 nit:
327 3039 384 3094 id
410 3054 580 3092 unum
613 3039 715 3093 hac
739 3053 836 3093 sua
863 3039 1188 3102 vehementi,
1227 3047 1287 3091 ut
1321 3037 1579 3108 loquitur,
1627 3037 1796 3093 inSul-

175 3111 394 3164 tatione
414 3110 598 3164 animo
623 3109 925 3176 intendens,
953 3119 1012 3164 ut
1035 3109 1260 3164 salutari
1286 3111 1483 3166 rubore
1506 3108 1729 3174 suﬁ‘usa,
1765 3125 1818 3172 ag

177 3189 296 3236 tam
331 3180 566 3252 perditis
617 3180 859 3236 consiliis
883 3181 1160 3251 deinceps
1196 3181 1509 3248 abstineat,
1577 3196 1797 3252 suaeque

194 3327 1271 3358 ,_.___.__._...______

1071 366 1248 424 HlST.
1289 367 1740 424 REBELLIONIS
1775 367 1979 424 PAULI
2017 368 2176 424 ΜΝ.
2216 367 2548 424 WAMBAM.

3350 373 3456 432 763

1886 484 2026 608 pani;
2056 492 2218 554 atque
2239 483 2538 549 securitati,
2569 491 2684 539 tum
2724 498 2853 540 ama:
2873 499 2936 542 ac
2959 485 3149 541 nonori
3175 486 3456 544 consulere

1891 571 1956 608 ve
1983 573 1996 608 I
2030 596 2043 608 .

1891 555 2043 611 velit.

1960 627 2340 701 Verumtamen
2361 635 2574 701 praeter
2606 627 2764 683 hasce
2791 644 2926 701 quas
2963 629 3310 701 exposuimus
3334 645 3460 685 ora-

1889 700 2023 752 toris
2050 699 2278 753 virtutes
2302 699 2522 754 minime
2549 698 2980 766 contemnendas,
3010 698 3250 755 animum
3271 711 3461 757 auctor

1889 769 2069 838 prodit
2111 771 2200 839 pio
2226 770 2342 824 zelo
2367 785 2708 836 succensum,
2749 775 2834 839 qui
2865 771 2965 826 sibi
3000 780 3304 840 temperare
3351 787 3460 828 non

1889 841 2084 964 potuit,
2128 842 2257 911 quin
2284 841 2497 896 scelesti
2532 841 2764 896 hominis
2789 840 2992 898 facinus
3015 842 3260 898 subditos
3288 859 3459 913 popu-

1908 928 1970 964 os
1999 913 2066 964 ad
2097 907 2440 964 rebellionem
2468 913 2802 964 provocantis
2848 915 2930 964 sin
2975 915 3153 964 minus
3187 916 3458 964 manibus.

1908 928 1970 965 os
1999 913 2066 965 ad
2097 911 2440 966 rebellionem
2468 913 2802 981 provocantis
2848 915 2930 967 sin
2975 915 3153 968 minus
3187 911 3458 978 manibus,

1889 983 2098 1055 calamo
2134 983 2331 1055 saltem
2367 983 2740 1055 insectaretur,
2791 983 2901 1054 ejus
2929 985 3314 1055 turpitudinem
3349 994 3460 1039 tam

1890 1053 2026 1108 atris
2066 1053 2338 1110 coloribus
2377 1053 2692 1125 depingens,
2739 1053 3116 1110 utomnes‘ad
3150 1071 3270 1109 eam
3313 1056 3465 1112 dete-

1890 1125 2136 1179 standam
2179 1125 2487 1196 adduceret.
2523 1125 2743 1181 Scilicet
2770 1142 2824 1182 ea
2854 1126 2951 1181 fuit
2981 1142 3194 1196 semper
3223 1128 3292 1181 ab
3324 1127 3466 1181 anti~

1891 1197 2011 1269 quis
2038 1195 2378 1269 temporibus
2395 1195 2754 1267 Hispanorum
2775 1197 3053 1268 pmsulum
3076 1195 3294 1269 propria
3323 1197 3462 1263 laus,

1892 1267 2109 1335 regibus
2149 1268 2260 1321 suis
2310 1266 2467 1320 ﬁdem
2494 1266 2683 1337 ’atque
2728 1266 3094 1323 obedientiam
3128 1266 3276 1322 omni
3325 1269 3462 1332 loco,

1891 1337 2147 1407 omnique
2171 1337 2551 1410 obsequiorum
2579 1353 2779 1410 genere
2807 1349 3095 1410 praestare;
3123 1354 3314 1410 eorum
3343 1352 3465 1408 per-

1892 1423 2056 1480 sonas
2086 1423 2272 1463 sacras
2297 1409 2526 1480 habere;
2555 1408 2740 1465 eorum
2756 1408 2892 1478 jura,
2923 1419 3083 1480 atque
3109 1410 3162 1464 in
3194 1408 3466 1478 subjectos

1891 1478 2530 1551 populosauctoritatem
2579 1491 2633 1536 et
2681 1483 2836 1536 verbo
2892 1489 2946 1536 et
2989 1478 3203 1551 Scriptis
3253 1496 3468 1549 semper

1893 1550 2029 1622 tueri
2048 1550 2147 1622 ;id
2179 1551 2373 1622 ipsum,
2400 1558 2454 1604 et
2480 1567 2578 1606 suo
2604 1553 2842 1622 exemplo
2869 1560 2923 1607 et
2951 1550 3226 1622 perpetuis
3271 1552 3468 1606 adhor-

1895 1620 2190 1675 tationibus
2218 1621 2444 1692 p0pulos
2474 1623 2688 1687 docere,
2718 1620 2960 1686 suadere,
2985 1620 3301 1692 priedicare,
3325 1637 3468 1677 sem-

1893 1704 1990 1764 per
2019 1707 2142 1746 cum
2170 1691 2534 1762 apostolorum
2563 1695 2888 1764 principibus
2912 1691 3208 1749 clamantes
3233 1707 3247 1747 :
3280 1692 3469 1762 Subje-

1894 1762 1961 1837 cti
1981 1771 2140 1837 estote
2168 1763 2308 1837 omni
2337 1762 2592 1819 creature:
2620 1762 2824 1837 propter
2855 1764 3043 1837 Deum,
3082 1765 3187 1837 sive
3212 1764 3344 1837 regi,
3366 1764 3471 1837 sive

1894 1832 2133 1906 dncibus.
2167 1832 2269 1899 Qui
2301 1836 2490 1890 resistit
2511 1832 2772 1906 potestati,
2787 1835 2884 1890 Dei
2903 1836 3221 1906 ordinationi
3246 1832 3468 1888 resistit:

1893 1901 2008 1976 ideo
2039 1906 2338 1958 necessitate
2349 1901 2541 1960 subditi
2570 1915 2746 1969 estote,
2770 1923 2874 1960 non
2897 1905 3067 1961 solum
3086 1914 3294 1976 propter
3311 1906 3469 1968 iram,

1893 1972 1998 2046 sed_
2007 1975 2164 2028 etiam
2175 1985 2394 2046 propter
2418 1978 2805 2032 conscientiam.

1966 2043 2145 2110 Quare
2172 2043 2474 2113 hujusmodi
2497 2051 2791 2103 orationem
2814 2049 3075 2104 hactenus
3098 2046 3354 2101 ineditam
3374 2060 3474 2101 nos

1894 2115 2136 2187 omnium
2181 2119 2340 2184 primi
2392 2120 2445 2173 in
2477 2119 2669 2174 lucem'
2697 2118 3038 2186 proferimus,
3087 2128 3139 2172 et
3167 2117 3382 2187 quidem
3409 2131 3475 2172 eo

1897 2185 2014 2254 ipso
2055 2186 2176 2241 loco
2221 2203 2384 2257 quem
2429 2199 2574 2245 tenet
2602 2190 2654 2243 in
2686 2185 2787 2243 ms.
2823 2189 3133 2251 Pereziano,
3182 2185 3307 2242 ante
3347 2201 3473 2240 sen-

1897 2257 2080 2312 tentiae
2104 2258 2157 2312 in
2195 2260 2422 2317 rebelles
2456 2261 2579 2315 latze
2605 2260 2989 2315 narrationem.
3018 2259 3218 2313 Deinde
3258 2257 3474 2312 varian-

1895 2335 1980 2411 tes
2015 2328 2275 2411 lectiones
2319 2330 3092 2411 annotavirpus_,_designantes
3124 2344 3218 2411 per
3258 2329 3321 2382 D.
3369 2327 3474 2381 Du-

1895 2399 2102 2453 chesnii
2130 2401 2438 2467 editionem,
2467 2416 2564 2470 per
2589 2401 2650 2456 Γ.
2679 2398 2928 2465 Florezii,
2957 2409 3012 2455 et
3031 2398 3135 2470 per
3156 2398 3253 2453 Ms.
3286 2413 3476 2470 manu-

1896 2470 2157 2538 scriptum
2183 2473 2419 2528 codicem
2446 2469 2647 2528 sancta:
2671 2471 2912 2527 ecclesia
2930 2469 3202 2526 Toletana:
3228 2469 3477 2538 superius

1898 2540 2172 2613 laudatum
2205 2560 2217 2594 :
2251 2551 2303 2598 et
2329 2544 2442 2599 hac
2471 2544 2525 2598 in
2557 2551 2709 2598 textu
2737 2544 2999 2613 genuino;
3030 2557 3156 2596 nam
3182 2541 3237 2595 in
3261 2541 3476 2613 Tudert—

1897 2611 1974 2665 sis
2000 2619 2147 2684 testu
2175 2615 2443 2670 variantes
2480 2630 2614 2684 quas
2658 2611 3054 2684 subjunximus,
3097 2614 3182 2666 vel
3224 2611 3478 2684 editionis

1897 2691 2024 2753 sunt
2049 2681 2278 2750 Schotti,
2311 2685 2393 2740 vel
2439 2681 2540 2740 ms.
2573 2685 2690 2740 Tol.
2738 2681 2892 2753 Cujus
2927 2694 3084 2738 antea
3113 2682 3476 2753 meminimus.

1896 2751 2120 2822 Insuper
2168 2754 2422 2810 lectorem
2467 2771 2766 2818 monemus,
2803 2751 3024 2809 'Lucam
3067 2754 3371 2809 Tudensem
3425 2752 3478 2805 in

1897 2825 2306 2882 transcribenda
2342 2824 2537 2881 Iuliani
2561 2827 2786 2881 historia
2805 2825 2909 2880 alia
2947 2824 3244 2880 inseruisse
3269 2824 3336 2878 de
3358 2837 3478 2888 suo,

1899 2894 2003 2977 alia
2032 2911 2178 2977 vero,
2202 2913 2323 2968 qute
2349 2905 2502 2952 erant
2526 2898 2582 2952 in
2608 2895 2839 2977 Jnliano,
2870 2895 3235 2977 suppressisse
3261 2909 3278 2947 :
3303 2901 3478 2977 utau-

1899 2973 2009 3039 tem
2035 2965 2324 3039 utrumque
2345 2977 2626 3039 appareret
2653 2969 2709 3022 in
2745 2965 2997 3038 praesenti
3024 2966 3281 3039 editione,
3313 2965 3479 3039 inter-

1898 3038 2074 3105 posita
2103 3033 2302 3109 italico,
2331 3033 2393 3094 ut
2415 3033 2713 3109 appellant,
2741 3033 3059 3093 charactere
3089 3036 3380 3109 scribimus
3425 3033 3479 3088 in

1903 3116 2050 3181 testu
2099 3108 2394 3181 Tudensis;
2449 3105 2737 3181 suppressa
2782 3125 2910 3165 vero
2953 3107 3233 3165 asteriscis
3270 3105 3477 3161 inclusa

1897 3179 2215 3235 exhibemus
2238 3182 2295 3236 in
2321 3179 2533 3237 Iuliano
2551 3179 2810 3254 genuino.

2275 3321 3475 3350 Μ

1092 3442 1621 3518 EPISTOLA
1696 3443 2016 3517 PAULI
2089 3443 2535 3517 PERFIDI

1306 3629 1396 3681 QUI
1436 3629 1806 3672 BBBELLIONBI
1848 3631 2001 3672 FECIT
2041 3631 2097 3671 IN
2133 3632 2348 3674 GALLIA.

783 3788 1306 3870 WAMBANO
1365 3783 1831 3866 PRINCIPI

1893 3787 2252 3868 MAGNO
2308 3784 2888 3864 TOLETANO.

1555 3959 2072 3986 _——

253 4067 274 4087 ‘
303 4063 368 4119 In
396 4064 613 4119 nomine
637 4063 872 4120 Domini.
915 4063 1137 4119 Flavius
1179 4063 1381 4118 Paulus
1409 4071 1606 4119 unctus
1629 4075 1655 4104 ι
1685 4078 1781 4118 rex
1809 4071 1856 4135 ο

175 4156 505 4222 Orientalis,
533 4156 778 4214 Wanibte
807 4157 835 4196 ιι
864 4157 978 4228 regi
1003 4155 1209 4212 Austri.

249 4249 322 4305 Si
367 4247 483 4319 jam
530 4263 751 4320 asperas
780 4257 836 4304 et
871 4250 1257 4304 inhabitabiles
1307 4249 1574 4306 montium
1619 4264 1782 4319 rupes

173 4342 532 4414 percircuisti
561 4353 609 4405 ε,
641 4342 686 4397 si
707 4339 822 4409 jam
848 4340 1050 4396 fretosa
1071 4341 1098 4381 ά
1140 4342 1400 4397 silvarum
1439 4357 1691 4403 nemora,
1723 4352 1784 4396 ut

176 4435 265 4490 leo
293 4433 650 4499 fortissimus,
689 4442 908 4502 pectore
961 4433 1294 4502 confregisti,
1330 4433 1375 4488 si
1416 4430 1530 4500 jam
1559 4449 1784 4503 caprea-

177 4545 307 4585 rum
345 4545 592 4593 cursum,
638 4543 1031 4598 cervorumque
1064 4527 1292 4590 saltum,
1330 4541 1583 4596 aprorum
1627 4541 1784 4580 urso—

177 4635 421 4690 rumque
467 4620 764 4674 edacitates
794 4619 1054 4674 radicitus
1078 4615 1370 4672 edomuisti
1399 4633 1412 4669 :
1441 4615 1486 4670 si
1507 4613 1622 4684 jam
1668 4629 1786 4670 ser-

173 4723 413 4786 pentum
462 4714 548 4768 vel
589 4713 896 4784 viperarum
945 4727 1152 4767 venena
1178 4723 1202 4750 ε
1247 4709 1567 4777 evomuisti;
1601 4709 1781 4764 indica

251 4845 281 4872 ι
315 4830 406 4893 1³η
430 4845 690 4883 summus.

252 4904 282 4943 δ
313 4901 448 4964 Μεη
489 4899 792 4954 Wambani.

251 4986 277 5013 ε
313 4971 404 5036 F.,
439 4970 764 5042 percurristi.

248 5043 280 5083 ἀ
314 5043 422 5106 ld.,
459 5042 678 5111 fartam.

255 5126 282 5153 ⁸
315 5114 424 5178 ld.,
453 5127 723 5166 venenum.

256 5185 278 5224 ί
306 5185 419 5253 ld.,
449 5181 594 5239 Nam
622 5182 666 5237 si
701 5183 814 5237 hcc
839 5179 1018 5235 omnia

1888 4061 2044 4116 nobis
2082 4058 2335 4129 armiger,
2380 4055 2558 4112 indica
2606 4053 2783 4118 nobis,
2833 4050 3076 4114 domine,
3123 4046 3383 4104 silvarum
3423 4053 3482 4102 et

1887 4163 2165 4224 petrarum
2194 4151 2388 4206 amice.
2417 4146 2555 4203 Nam
2579 4153 2635 4202 et
2659 4143 2842 4200 omnia
2883 4143 2986 4197 ista
3016 4141 3034 4180 ί
3083 4140 3477 4203 accubuerunt,

1887 4255 1944 4300 et
1972 4254 2030 4298 tu
2060 4243 2286 4299 festinas
2329 4241 2395 4296 ad
2435 4256 2534 4296 nos
2563 4239 2770 4303 venire,
2798 4243 2858 4291 ut
2886 4237 2911 4274 ε
2956 4234 3113 4289 nobis
3141 4228 3482 4286 abundanter

1887 4337 2190 4410 philomela:
2239 4350 2428 4392 vocem
2483 4341 2715 4388 retexas.
2765 4330 2833 4384 Et
2864 4328 3005 4392 ideo,
3055 4323 3340 4396 magniﬁce
3376 4322 3478 4386 vir,

1891 4431 2149 4485 ascendat
2177 4444 2274 4485 cor
2308 4438 2458 4482 tuum
2512 4426 2580 4481 ad
2608 4421 3086 4482 confortationem,
3132 4425 3188 4472 et
3213 4415 3481 4470 descende

1892 4523 2115 4592 usqueh
2164 4523 2230 4576 ad
2259 4519 2568 4584 Clausuras,
2623 4532 2746 4572 nam
2796 4515 2868 4570 ibi
2917 4511 3156 4568 invenies
3207 4506 3482 4578 Opopum-

1887 4630 2049 4686 peum
2081 4617 2098 4656 ί
2134 4615 2412 4684 grandem,
2459 4627 2583 4667 cum
2625 4626 2731 4666 ouo
2757 4607 2934 4680 possis
2971 4605 3208 4674 legitime
3249 4615 3477 4657 concer-

1890 4718 2006 4763 tare
2021 4759 2023 4761 .

1970 4826 1994 4864 ⁸
2024 4822 2102 4878 lta
2128 4821 2200 4876 id.
2227 4821 2322 4874 sed
2347 4834 2449 4873 ms.
2482 4829 2552 4871 et.

1965 4896 1992 4934 ιι
2025 4876 2086 4946 F.
2115 4911 2128 4946 :
2157 4891 2458 4946 ascendit...
2502 4887 2571 4942 ad
2599 4883 3058 4955 ronfortationem.
3085 4876 3353 4934 Descende
3390 4892 3480 4931 us-

1892 4972 2144 5098 quf’lﬁltf.
2179 5029 2622 5104 Oppopttmbeuttt,
2669 5023 2926 5095 additque
2967 5022 3024 5078 in
3059 5029 3174 5079 not.
3223 5019 3476 5076 Castrum

1891 5123 2012 5164 esse
2039 5107 2096 5162 in
2121 5099 2395 5178 syrenen
2422 5099 2720 5156 montibus.
