3974 6306
526 331 648 411 775'

1613 348 1671 403 S.
1710 343 1968 404 JULlANl
2007 347 2308 404 EPISCOPI
2346 343 2688 402 TOLETANI
3669 347 3759 407 ’ΠΟ

1797 460 2074 517 TEXTUS
2109 459 2509 516 LEGITIMUS.

601 558 664 614 il
735 574 756 609 ι
785 555 976 613 Audivi
1017 568 1044 597 ι
1080 557 1223 626 quod
1250 554 1470 612 Wamba
1493 570 1590 610 rex
1614 569 1737 610 cum
1763 554 1998 608 exercitu
2026 554 2095 608 ad
2120 571 2175 629 Α
2201 553 2334 610 ratis
2355 554 2410 608 in
2435 552 2703 608 Sordonia
2724 551 3051 608 constitutus
3070 551 3250 609 fuerat
3279 568 3424 626 :qua
3448 567 3664 613 nostros
3700 558 3763 613 ir-

528 667 631 708 nos
665 649 849 706 venire
876 649 1143 719 disponat,
1169 647 1258 704 sed
1282 663 1374 703 eor
1397 655 1550 702 tuum
1576 661 1644 700 ex
1693 645 1792 700 hoc
1819 661 1927 699 non
1971 661 2098 700 eon-

530 744 799 799 turbetur.
828 740 1013 810 Neque
1054 739 1198 794 enim
1246 738 1346 793 hoc
1398 737 1517 793 fieri
1562 737 1592 777 δ
1622 744 1772 806 puto.
1817 736 1885 790 Et
1915 744 2096 791 tamen

521 813 690 908 quem
715 834 947 905 primum
970 832 1036 885 de
1059 831 1217 886 nobis
1236 830 1496 884 ambobus
1522 835 1613 883 tua
1636 837 1658 866 α
1691 826 1956 881 Sanctitas
1972 842 2096 882 cum

530 929 772 984 exercitu
799 921 1372 997 videritaccedeltem,
1403 919 1580 988 ipsum
1605 931 1666 972 se
1688 916 1956 972 dominum
1980 931 2097 971 cre-

531 1026 624 1079 dat
649 1023 867 1084 habere,
913 1025 966 1072 et
989 1017 1042 1070 in
1073 1013 1190 1084 ejus
1219 1015 1404 1069 debeat
1438 1013 1703 1068 charitate
1732 1011 2036 1081 persistere.
2069 1030 2089 1063 υ

532 1114 656 1169 llaec
705 1111 870 1165 miser
918 1108 1032 1176 ipse
1081 1105 1305 1174 scripsit,
1370 1104 1619 1159 nesciens
1648 1101 1674 1141 ἀ
1703 1117 1857 1171 quam
1887 1099 2096 1170 justum

531 1213 720 1261 contra
764 1217 824 1257 se
861 1198 1128 1268 judicium
1175 1195 1409 1266 protulit.
1443 1194 1595 1250 Unde
1627 1195 1815 1250 horum
1859 1193 2095 1263 scripto-

531 1312 650 1350 rum
676 1294 840 1349 verba
867 1290 1154 1361 religiosus
1197 1287 1445 1356 princeps
1489 1285 1760 1354 sapienter
1785 1283 2094 1352 conjiciens,

530 1386 730 1440 dixisse
757 1381 947 1438 fertur.
992 1399 1010 1432 ι
1055 1379 1173 1434 Non
1202 1376 1316 1448 (ait)
1351 1375 1549 1430 Paulus
1599 1376 1655 1430 in
1705 1376 1788 1430 bis
1815 1376 2098 1444 scripturis

530 1477 655 1531 suis.-
679 1487 701 1514 θ
729 1491 761 1527 a
789 1471 1079 1541 semetipso
1106 1470 1312 1524 locutus
1336 1475 1437 1523 est.
1480 1466 1586 1522 Sed
1614 1467 1739 1522 licet
1767 1467 2094 1535 ignoranter,

534 1579 714 1624 tamen
745 1565 1098 1636 prophetasse
1122 1561 1263 1617 illum
1283 1560 1372 1616 hic
1400 1575 1614 1616 censeo.
1650 1581 1669 1612 ι
1705 1559 1964 1630 Egressus
1994 1557 2099 1630 igi-

533 1671 619 1716 tur
636 1668 757 1732 post
780 1661 897 1714 hinc
924 1657 1177 1726 princeps
1199 1653 1266 1708 de
1282 1651 1533 1707 Gerunda
1555 1651 1793 1714 civitate,
1819 1651 2099 1722 belligero-

531 1757 609 1812 sis
635 1751 943 1810 incursibus
967 1747 1174 1823 [Fors.,
1199 1747 1252 1802 in
1272 1746 1538 1810 curribus,
1569 1754 1623 1798 ut
1644 1743 1806 1813 infra,
1829 1761 1973 1798 num.
2003 1743 2096 1816 27]

535 1847 828 1921 gradiens,
871 1845 938 1898 ad
984 1840 1223 1913 Pyrenmi
1265 1837 1462 1893 montis
1505 1836 1635 1908 juga
1681 1835 1935 1906 pervenit.
1997 1834 2100 1892 Ubi

2197 646 2408 716 rupisse
2437 643 2453 684 ι
2486 645 2843 715 persentiens,
2871 643 3054 700 statim
3077 647 3314 717 aufugit,
3340 656 3397 704 et
3422 658 3592 704 tanta:
3615 649 3766 706 cladis

2139 780 2152 796 .
2197 738 2446 793 nuntium
2469 736 2636 792 Paulo
2656 736 2711 792 in
2732 736 3038 792 Narbonam
3053 738 3361 808 perlaturus
3382 743 3613 798 accessit
3629 742 3768 810 .Quc

2197 829 2578 902 res'granditer
2595 840 2635 868 ιιι
2650 837 2941 900 tyrannum
2966 830 3222 900 pavidum
3246 833 3502 888 reddidit.
3526 833 3770 907 Princeps

2196 938 2326 980 vero
2385 922 2670 994 religiosus
2706 921 3088 992 prtedictorum
3137 933 3441 978 castrorum
3497 924 3771 996 subjugato

2197 1015 2468 1079 exercitu,
2503 1015 2559 1070 in
2606 1014 2764 1084 plana
2798 1023 2920 1085 post
2969 1015 3261 1072 transitum
3297 1016 3550 1087 Pyrenei
3591 1022 3773 1076 montis

2199 1107 2528 1162 descendens
2549 1146 2563 1170 ,
2624 1105 2833 1160 duobus
2879 1113 3104 1160 tantum
3137 1106 3331 1163 diebus
3377 1109 3686 1165 exercitum
3728 1110 3774 1164 in

2199 1212 2368 1252 unum
2391 1206 2421 1234 η
2447 1205 2879 1268 congregaturus
2913 1206 3214 1266 exspectat.

2276 1289 2361 1343 12.
2393 1286 2463 1342 At
2488 1288 2637 1344 ubie
2663 1288 2892 1344 diversis
2941 1289 3188 1358 partibus
3231 1291 3458 1346 collecta
3520 1292 3578 1346 in
3625 1309 3778 1348 unum

2199 1381 2537 1436 exercituum
2563 1388 2588 1415 °
2603 1381 2891 1436 multitudo
2905 1383 3236 1451 percrebuit,
3258 1385 3438 1438 standi
3463 1400 3622 1439 mora
3647 1387 3778 1442 nulla

2201 1477 2322 1533 fuit.
2352 1477 2460 1533 Sed
2492 1477 2680 1532 statim
2707 1491 2806 1546 per
2833 1485 3068 1547 quatuor
3089 1479 3256 1534 duces
3277 1479 3477 1533 lectum
3505 1496 3784 1535 numerum

2201 1569 2525 1626 bellatorum
2553 1568 2622 1623 ad
2642 1570 3096 1640 expugnationem
3128 1569 3394 1625 Narbona:
3439 1581 3574 1625 ante
3603 1570 3782 1626 faciem

2203 1677 2356 1717 suam
2382 1661 2570 1716 mittit.
2592 1659 2774 1715 Alium
2797 1661 3097 1716 exercitum
3143 1662 3424 1716 destinans
3442 1703 3457 1726 ,
3489 1663 3591 1732 qui
3620 1663 3783 1718 nauli

2202 1751 2389 1822 praelio
2407 1752 2703 1807 bellaturus
2729 1751 3030 1806 accederet.
3085 1751 3154 1807 Et
3199 1753 3424 1822 quidem
3471 1751 3595 1822 jam
3641 1761 3785 1808 erant

2205 1847 2356 1917 parvi
2375 1847 2666 1903 admodum
2690 1846 2805 1901 dies
2820 1885 2836 1912 ,
2863 1857 2931 1900 ex
2951 1860 3059 1914 quo
3081 1844 3333 1901 Narbona
3357 1856 3386 1896 ι’
3407 1845 3636 1901 rebellis
3657 1845 3786 1900 Pan.

535 1939 746 1996 duobus
793 1936 982 1991 diebus
1031 1931 1266 1988 exercitu
1296 1937 1616 1999 repausante
1669 1927 1724 1992 ί,
1761 1943 1853 1996 per
1878 1935 2008 1992 tres,
2041 1933 2101 1981 ut

2209 1938 2291 1994 lus
2338 1937 2608 1994 serviliter
2664 1937 2920 2009 fugiendo
2947 1945 3276 2004 excesserat,
3329 1947 3620 2007 comperto
3655 1941 3787 2010 quod

536 2035 740 2090 dictum
761 2038 862 2095 est,
913 2027 1206 2083 divisiones
1246 2026 1271 2066 ⁸
1311 2022 1582 2079 exercitus
1636 2019 1872 2092 Pyrenaei
1899 2020 2101 2075 montis

537 2125 696 2181 dorsa
722 2120 1010 2183 ordinavit,
1041 2127 1322 2185 castraque
1347 2113 1675 2185 Pyrenaeica,
1705 2128 1824 2181 qua:
1837 2120 2100 2167 vocantur

536 2213 895 2277 Caucoliberi,
930 2209 1252 2272 Vulturaria,
1289 2214 1344 2262 et
1368 2205 1616 2262 Castrum
1649 2203 1830 2274 Libyae
1865 2203 2099 2258 mirabili

533 2306 776 2363 victoriae
803 2304 1077 2373 triumpho
1116 2301 1257 2371 cepit
1278 2301 1328 2367 h,
1361 2309 1525 2368 atque
1551 2297 1869 2367 perdomuit.
1902 2296 2101 2351 Multa-

533 2415 641 2471 que
661 2400 728 2454 iis
751 2399 808 2452 in
834 2397 1028 2453 castris
1056 2393 1173 2450 auri
1194 2391 1504 2464 argentique
1527 2390 1738 2445 inventa
1759 2389 1914 2458 copia
1942 2404 2100 2444 exer-

537 2493 734 2548 citibus
767 2491 782 2530 ἓ
818 2490 872 2544 ἱιι
911 2487 1148 2558 praedam
1189 2484 1368 2540 cessit.
1410 2481 1546 2537 Nam
1577 2482 1628 2536 in
1674 2488 1907 2535 castrum
1954 2479 2101 2549 quod

539 2590 763 2638 vocatur
782 2580 1092 2642 Clausuras,
1123 2577 1302 2632 missis
1338 2584 1462 2630 ante
1514 2589 1573 2630 se
1615 2572 1971 2636 exercitibus,
2003 2585 2104 2640 per

538 2679 703 2747 duces
729 2677 862 2731 duos
892 2673 1120 2742 irruptio
1147 2671 1286 2726 facta
1312 2678 1411 2724 est.
1441 2669 1518 2724 lbi
1551 2667 1564 2718 i
1599 2683 1804 2738 quoque
1835 2665 2101 2720 Ranosin-

541 2770 642 2824 dus
667 2775 722 2823 et
745 2766 1039 2837 Hildigisus
1083 2778 1206 2819 cum
1251 2771 1442 2818 caetero
1482 2760 1689 2832 agmine
1742 2757 2099 2828 perfidorum,

540 2861 632 2932 qui
655 2861 722 2917 ad
747 2859 1110 2916 defensionem
1137 2856 1312 2912 Castri
1347 2855 1510 2925 ipsius
1533 2852 1889 2909 conﬂuxerant
1921 2852 1947 2891 ¹ι
1967 2892 1982 2916 ,
2014 2868 2106 2908 ca-

540 2956 781 3026 piuntur.
815 2953 1012 3023 Sicque
1039 2951 1302 3008 devinctis
1330 2959 1448 3020 post
1469 2957 1669 3018 tergum
1692 2947 1936 3001 manibus
1953 2947 2104 3016 prin-

541 3047 646 3119 cipi
673 3053 1086 3117 przesentantur.
1117 3041 1444 3098 Wittimirus
1473 3049 1646 3095 tamen
1660 3055 1796 3094 unus
1824 3055 1887 3096 ex
1917 3037 2105 3107 conju-

2208 2040 2321 2086 tam
2345 2029 2627 2085 felicioris
2657 2038 2922 2100 proventu
2943 2045 3069 2100 pars
3090 2029 3328 2100 religiosi
3364 2029 3632 2101 principis
3673 2046 3763 2100 pro

2174 2129 2444 2192 -peraret.
2476 2119 2650 2188 Quam
2677 2119 2955 2176 civitatem
2985 2119 3184 2176 Paulus
3210 2121 3324 2190 ipse
3346 2121 3433 2175 ευί
3483 2119 3628 2189 luris
3647 2132 3784 2192 Ροίθ·

2208 2213 2337 2269 stati
2361 2211 2681 2282 astipulans,
2716 2211 3002 2282 multiplici
3047 2212 3378 2282 perﬁdorum
3421 2214 3678 2283 praesidio
3704 2231 3785 2270 se-

2208 2305 2336 2373 psit,
2352 2318 2725 2373 summamque
2741 2302 2911 2372 prtelii
2934 2301 3207 2359 Witimiro
3231 2303 3355 2359 duci
3377 2320 3481 2359 suo
3501 2306 3784 2360 mmmisit.

2209 2395 2380 2463 Quem
2402 2411 2525 2450 cum
2545 2404 2856 2451 nostrorum
2875 2395 3146 2451 exercitus
3170 2395 3443 2451 blanditer
3469 2406 3720 2452 exoraret
3744 2407 3787 2463 τ,

2208 2497 2269 2541 ut
2303 2487 2577 2542 civitatem
2605 2486 2722 2542 sine
2772 2486 3050 2557 sanguinis
3089 2485 3354 2544 eﬁ'usione
3405 2487 3786 2549 contraderet.

2207 2592 2432 2648 prorsus
2449 2579 2664 2643 abnuit;
2705 2577 3080 2647 obseratisque
3111 2578 3347 2633 civitatis
3363 2579 3537 2650 ipsius
3557 2580 3730 2649 portis
3745 2590 3788 2645 ι,

2210 2687 2241 2726 e
2267 2686 2425 2726 muro
2458 2670 2761 2726 exercitum
2810 2670 3047 2740 religiosi
3072 2671 3331 2742 principis
3383 2673 3710 2728 detestatur.
3737 2672 3790 2727 In

2208 2763 2508 2832 principem
2536 2775 2750 2832 quoque
2773 2760 2947 2830 ipsum
2974 2762 3260 2818 maledicta
3280 2765 3658 2834 congeminat,
3696 2764 3791 2818 mi-

2213 2855 2404 2924 nisque
2424 2854 2720 2909 exercitum
2755 2855 3079 2926 proturbare
3107 2857 3126 2893 ι
3160 2865 3407 2912 conatur.
3424 2856 3584 2924 Quod
3596 2864 3794 2911 nostra

2210 2947 2383 3016 partis
2409 2946 2696 3003 multitudo
2720 2963 2825 3003 non
2852 2947 3052 3013 ferens,
3099 2948 3278 3004 subita
3303 2949 3553 3003 cordium
3605 2963 3794 3003 acmu-

2209 3043 2363 3098 sione
2385 3055 2411 3082 ιι
2442 3043 2740 3109 incanduit,
2764 3052 2820 3098 et
2861 3041 3093 3098 telorum
3134 3041 3285 3113 jactu
3319 3042 3652 3114 perﬁdorum
3700 3058 3792 3098 ora

1795 3131 2072 3189 TEXTUS
2111 3133 2475 3190 TUDENSIS.

618 3252 637 3284 ι
663 3231 750 3286 il.
775 3230 969 3285 Audivi
999 3229 1142 3303 quod
1172 3229 1372 3283 Bamba
1397 3243 1486 3284 rex
1506 3244 1629 3284 cum
1650 3225 1887 3303 exercitu
1913 3225 1980 3279 ad
2004 3241 2104 3303 nos
2133 3229 2178 3291 C
2209 3235 2433 3303 vocatur
2454 3225 2743 3303 Clausuras
2762 3269 2778 3295 ,
2817 3229 2996 3303 missis
3021 3239 3147 3303 ante
3172 3244 3236 3303 se
3250 3230 3609 3303 exercitibus
3630 3272 3647 3298 ,
3700 3247 3795 3303 per

543 3304 729 3360 venire
743 3297 1148 3371 disponatISed
1167 3315 1264 3356 cor
1276 3308 1424 3354 tuum
1445 3316 1550 3356 non
1573 3299 1812 3371 turbetur,
1843 3313 1939 3371 nec
1958 3297 2103 3350 enim

541 3377 653 3430 hcce
685 3375 800 3429 lieri
829 3367 979 3443 puto.
1006 3373 1073 3427 Et
1098 3380 1277 3426 tamen
1303 3384 1458 3441 quem
1484 3371 1710 3443 primurn
1727 3369 1789 3443 de
1821 3367 1974 3421 nobis
1997 3381 2107 3443 am-

543 3447 717 3518 bobus
743 3439 848 3498 tua'
867 3454 888 3480 δ’
919 3443 1194 3518 Sanctitas
1217 3439 1340 3518 eum
1371 3439 1608 3518 exercitu
1635 3439 1814 3495 viderit
1849 3439 2107 3518 acceden-

548 3527 676 3581 tem,
707 3516 880 3586 ipsum
904 3531 962 3570 se
985 3515 1173 3571 credat
1212 3514 1418 3586 habere
1445 3513 1725 3586 dominam
1750 3525 1768 3550 ι
1787 3550 1801 3575 ,
1829 3519 1883 3586 et
1908 3509 1961 3586 i_n
1989 3509 2106 3578 ejus

547 3581 741 3643 debeat
751 3587 1044 3656 persistere
1071 3585 1356 3640 cliaritate.
1391 3602 1408 3634 ι
1444 3581 2104 3656 Hiec_miserscripsit,ne-

546 3659 725 3713 sciens
751 3650 904 3726 'quod
949 3656 1157 3724 justum
1211 3664 1400 3710 contra
1457 3670 1514 3709 se
1567 3653 1807 3726 judicium
1863 3650 2102 3726 protulit.

550 3729 703 3784 Unde
728 3723 921 3781 horum
951 3723 1275 3796 scriptorum
1306 3727 1469 3780 verba
1511 3740 1604 3796 rex,
1625 3723 1808 3796 Bamba
1837 3723 2108 3796 sapienter

547 3797 872 3864 conjicieas,
904 3797 1036 3851 dixit
1062 3792 1082 3850 Ξ
1121 3815 1137 3846 ε
1168 3795 1285 3851 Non
1314 3796 1367 3848 in
1394 3796 1479 3850 his
1507 3795 1700 3864 scriptas
1747 3792 1930 3848 Paulus
1965 3809 1996 3847 a
2023 3809 2108 3848 se—

548 3869 781 3936 metipso
805 3867 1015 3922 locutus
1040 3875 1138 3927 est,
1186 3867 1280 3920 sed
1319 3865 1445 3920 licet
1479 3866 1794 3936 ignoranter,
1836 3873 2015 3936 tamen
2043 3864 2107 3917 il-

551 3939 660 4018 lum
688 3935 886 4018 censeo
913 3939 1282 4018 prophetasse.
1317 3955 1335 3988 ι
1373 3937 1634 4018 _Eg_re_s_s_us
1673 3935 1818 4017 igizur
1846 3945 1967 4004 post
1987 3935 2107 4018 base

549 4009 801 4079 princeps
827 4010 893 4079 de
913 4005 1144 4079 :civitate
1168 4005 1763 4079 Gerundaibelligerasis
1801 4005 2107 4079 incursibus

550 4076 802 4150 gradiens
818 4078 884 4133 ad
919 4078 1159 4150 Pyrenaei
1197 4077 1397 4132 montis
1420 4076 1548 4147 juga
1577 4077 1831 4150 pervertit,
1858 4077 1947 4150 ubi
1975 4077 2106 4131 duo-

552 4147 652 4204 bus
689 4150 879 4205 diebus
900 4147 1138 4205 exercitu
1168 4157 1444 4220 repausato
1464 4189 1477 4212 ,
1507 4162 1606 4220 per
1641 4157 1740 4204 tres
1775 4147 2103 4220 divisiones,

552 4229 610 4275 ut
641 4221 843 4276 dictum
866 4229 982 4283 est,
1020 4217 1292 4276 exercitus
1319 4217 1561 4290 Pyrenazi
1589 4220 1761 4274 mmtis
1809 4218 2106 4290 dorsaﬂad-

549 4293 639 4346 irit
666 4299 711 4356 Υ,
740 4300 806 4372 e_t'
825 4301 1004 4372 castra
1025 4288 1505 4372 .Pyi'enaicaOLqum
1530 4288 2109 4372 vocaiturﬁaucolibe-

553 4378 706 4426 rum,
763 4360 1161 4427 Vulturariam,
1210 4371 1265 4417 et
1303 4360 1510 4415 Libiam
1563 4370 1586 4397 ι
1618 4361 1830 4416 n‘irabili
1869 4360 2106 4415 victoria:

552 4434 827 4503 triumpho
854 4435 1024 4503 cepit,
1072 4444 1234 4503 atque
1272 4432 1604 4502 perdomuit.
1651 4434 1854 4486 nultum
1902 4432 2104 4503 copiam

554 4504 607 4558 in
641 4502 735 4560 bis
757 4502 951 4560 castris
982 4504 1100 4558 auri
1135 4502 1190 4558 et
1216 4503 1429 4574 argenti
1458 4504 1671 4575 reperit,
1718 4521 1834 4575 quae
1881 4502 2104 4572 copiosis

2209 3298 2372 3372 duces
2398 3299 2532 3372 duos
2558 3300 3002 3372 factairruptione
3023 3302 3194 3372 cepit:
3219 3301 3392 3370 ibique
3406 3298 3793 3368 Ranosindiut,

2211 3367 2538 3445 l_liidigisum
2561 3367 2691 3424 eum
2730 3367 2929 3445 caat'ero
2972 3367 3186 3443 agmine
3209 3367 3576 3445 perfidorum,
3610 3376 3707 3445 qui
3735 3367 3797 3431 ad

2208 3439 2576 3517 defensionem
2598 3441 2763 3495 castri
2784 3439 3148 3517 convenerant,
3176 3439 3436 3517 eiercitus
3456 3439 3797 3517 capia-atqu

2207 3509 2471 3587 devinctis
2500 3521 2620 3587 post
2643 3521 2850 3581 tergum
2877 3513 3126 3587 manibus
3149 3529 3237 3587 eos
3262 3509 3798 3587 principireprws'en-

2208 3590 2304 3654 tat.
2336 3581 2642 3654 Witimirus
2668 3598 2807 3638 unus
2829 3599 2892 3638 ex
2935 3581 3373 3654 conjuratis,’qui
3417 3581 3477 3638 se
3503 3581 3797 3642 in'Sordo-

2209 3652 2352 3724 niam
2375 3651 2656 3715 clauserat,
2690 3662 2904 3709 nostros
2927 3651 3188 3724 irrupisse
3214 3651 3581 3724 per3entiens,
3617 3660 3793 3714 statim

2209 3722 2362 3792 fugit,
2396 3732 2449 3777 et
2469 3732 2633 3800 tantae
2647 3724 2816 3800 cladis
2835 3722 3083 3780 nuntium
3107 3722 3274 3800 Paulo
3288 3722 3606 3800 _Narbonam
3627 3729 3798 3800 perla-

2210 3802 2363 3849 turus
2395 3795 2648 3870 accessit.
2705 3793 2834 3862 Quae
2867 3811 2956 3851 res
3012 3795 3203 3870 grandi
3259 3796 3447 3850 timore
3504 3793 3794 3870 tyrannum

2207 3867 2488 3919 concussit.
2555 3865 2811 3935 Princeps
2856 3882 2984 3938 vero
3017 3865 3358 3938 religiosus,
3411 3865 3795 3938 pneiiictomm

2208 3945 2512 4010 castrorum
2563 3939 2806 4010 exercitu
2849 3935 3166 4010 subjugato;
3190 3938 3243 4010 in
3272 3935 3430 4007 plana
3471 3951 3598 4010 post
3623 3953 3795 3998 trans-

2209 4005 2342 4060 itum
2395 4005 2663 4078 rPyrenmi
2732 4005 2957 4063 montis,
2993 4005 3363 4072 descendens,
3424 4005 3644 4068 duobus
3681 4023 3797 4068 tan-

2208 4085 2321 4131 tum
2373 4077 2564 4133 diebus
2596 4080 2894 4134 exercitum
2929 4079 3000 4134 ad
3029 4094 3196 4134 unum
3240 4092 3679 4153 cougregaturus
3707 4101 3799 4140 ex-

2207 4157 2438 4223 spectat.
2552 4221 2564 4223 _
2592 4220 2601 4223 Α
2710 4222 2738 4223 Π
2879 4221 2885 4223 _
3136 4202 3150 4223 δ

2281 4219 2366 4293 1-2,
2409 4220 2479 4293 At
2512 4220 2605 4275 ubi
2633 4236 2663 4275 e
2691 4221 2921 4278 diversis
2962 4219 3210 4293 partibus
3245 4223 3473 4281 collecta
3523 4225 3582 4279 in
3637 4240 3796 4280 unum

2207 4290 2495 4366 multitudo
2554 4294 2902 4360 percrebuit,
2962 4290 3146 4348 statim
3201 4310 3300 4366 per
3343 4305 3584 4366 quatuor
3639 4296 3798 4351 duces

2207 4359 2426 4438 eiectum
2484 4359 2769 4438 nuinerum
2830 4373 3155 4438 armatorum
3187 4359 3278 4438 i'ad
3337 4359 3795 4438 expugnationem

2207 4430 2473 4486 Narbona:
2505 4442 2627 4487 ante
2655 4434 2845 4489 faciem
2877 4451 3028 4490 suam
3060 4436 3262 4502 mittit,
3299 4430 3468 4492 aliuin
3488 4430 3797 4494 Exercitum

2208 4502 2508 4576 destinans,
2530 4504 2622 4574 qui
2649 4506 2828 4560 navali
2855 4506 3041 4576 praelio
3077 4510 3361 4564 accederet
3383 4509 3703 4564 bellaturus.
3732 4507 3801 4564 Ει

551 4577 878 4662 exercitibus
897 4577 949 4629 in
975 4576 1210 4662 praedam
1455 4573 1749 4662 Exeussera't
1769 4589 1959 4628 manus
1980 4587 2106 4662 suas
2136 4604 2183 4662 ο
2209 4573 2437 4662 quidem
2453 4573 2562 4662 iam
2581 4585 2737 4630 erant
2761 4573 2916 4647 pauci
2942 4577 3158 4662 diesnex
3195 4595 3302 4662 quo
3425 4579 3678 4662 _Narbona
3714 4596 3799 4634 rev

555 4647 624 4699 ab
650 4647 795 4702 omni
820 4643 1062 4710 munere,
1095 4647 1236 4701 unde
1255 4645 1604 4716 praeliantium
1631 4645 1824 4699 :nimos
1847 4643 2107 4716 accendet

553 4717 646 4773 bat
677 4719 746 4773 ad
785 4718 1062 4774 victoriam
1098 4713 1468 4773 obtinendam.
1523 4714 1747 4771 Cast'um
1775 4717 1928 4770 etiam
1964 4713 2106 4784 quod

2212 4643 2367 4721 bellis
2397 4643 2607 4721 Paulus
2629 4643 2910 4721 recesserat
2932 4643 3498 4721 serviliter-fugiendo,
3524 4659 3803 4721 comperto

2211 4717 2355 4784 quod
2387 4727 2496 4770 tam
2522 4715 2749 4774 feliciori
2796 4730 3061 4790 proventu
3090 4734 3220 4790 pars
3273 4715 3516 4792 religiosi
3541 4715 3801 4796 principis

2044 4805 2272 4862 NOTAE.

627 4914 652 4973 ξ
685 4900 786 4973 l_d.,
811 4901 999 4973 Audivi
1023 4917 1137 4973 ego.

627 4970 655 5010 ι)
695 4971 854 5041 ρθεεῐ
873 4971 990 5041 ﬁeri
1026 4970 1081 5026 in
1118 4973 1180 5028 D.

629 5051 652 5079 ε
694 5039 780 5106 F.,
811 5039 882 5095 ibi
917 5053 1030 5097 tua.
1719 5059 1746 5088 ο

627 5110 654 5150 ἀ
811 5115 1162 5184 nesciensque.

634 5194 657 5258 ξ
826 5181 948 5237 Non
979 5181 1182 5238 Paulus
1214 5185 1272 5238 in
1302 5185 1383 5240 his
1407 5187 1606 5258 scriptis
1628 5187 1756 5250 suis,
1784 5194 1888 5242 etc.

633 5253 654 5292 τ
695 5253 796 5319 ld.,
831 5265 1127 5321 repausato.

633 5327 658 5365 ⁸
697 5323 798 5391 ld.,
834 5334 1058 5378 turmas.

630 5396 658 5436 Ιι
688 5394 773 5466 id.
789 5393 952 5466 finale
973 5397 1142 5466 coepit.

633 5465 651 5507 ἰ
777 5464 1005 5542 Multum
1033 5464 1088 5519 in
1109 5467 1392 5542 hiscastris
1407 5469 1524 5526 attri
1539 5468 2109 5542 argmtiqtteinveniens,

556 5535 696 5610 quod
728 5535 950 5606 copiosis
972 5538 1305 5594 exercitibus.

634 5605 648 5656 ἱ
699 5605 786 5660 F..
821 5607 929 5660 ubi.

634 5617 648 5656 ι
699 5617 786 5672 ru,
821 5617 929 5660 th.

635 5678 659 5717 ιι
701 5677 764 5732 D.
793 5678 1160 5748 conﬂixerant.

637 5748 656 5789 ι
699 5748 782 5832 ἢ,
807 5754 894 5832 qui
925 5765 980 5804 se
1001 5750 1394 5832 inSordoniam
1410 5757 1694 5812 constituas
1719 5754 1998 5823 clauserat,
2025 5770 2118 5811 ηο-

559 5830 703 5884 atros
725 5830 997 5896 irrupisse,
1025 5831 1132 5881 etc.

2283 4909 2325 4937 ω
2351 4897 2474 4972 ᾉίβη
2500 4903 2746 4972 graviter.

2288 4979 2316 5007 ⁸³
2354 4969 2455 5036 ld.,
2484 4969 2554 5025 ad
2581 4989 2762 5026 unum.

2289 5047 2314 5075 °
2355 5041 2430 5095 Id.
2469 5043 2724 5099 mendose
2754 5045 3028 5101 collectum
3055 5065 3109 5103 in
3141 5065 3306 5104 unum
3347 5052 3651 5108 exercitum.

2288 5121 2316 5162 P
2356 5112 2442 5177 F.,
2467 5113 2531 5167 de
2552 5113 2828 5170 Narbona.

2283 5193 2309 5232 ιι
2345 5183 2445 5248 Ι‹,1.,
2475 5183 2634 5252 felici.

2288 5264 2310 5292 τ
2350 5255 2436 5320 F.,
2476 5256 2868 5312 exhortaretur.

2287 5337 2308 5364 ³
2352 5325 2474 5390 Ms.,
2501 5327 2674 5381 tartis.

2289 5399 2309 5434 ι
2353 5397 2436 5462 F.,
2477 5398 2800 5467 perturbare.

2287 5479 2313 5507 ιι
2354 5469 2416 5522 D.
2447 5471 2762 5524 accessione.

2286 5548 2313 5574 "
2357 5539 2474 5603 Ms.,
2505 5539 2576 5593 ibi
2606 5551 2729 5606 tua;
2758 5549 2870 5606 aut,
2897 5543 2972 5598 ita
2991 5554 3106 5601 tua.

2292 5623 2316 5651 ι
2348 5611 2456 5694 Ἰψ,
2489 5625 2586 5696 pro
2618 5613 2881 5696 ipsum...
2924 5616 3230 5684 dominum,
3275 5618 3438 5678 habet
3483 5624 3800 5696 spiritu...

2218 5683 2446 5748 domini,
2485 5689 2577 5735 aut
2612 5683 2903 5738 dominum.

2292 5763 2316 5799 ιν
2360 5753 2462 5817 Ι(Ι.,
2491 5754 2699 5808 ordiut't.

2294 5834 2312 5860 ⁷
2358 5825 2455 5893 ld.,
2499 5825 2847 5897 Caucoliberi,
2900 5827 3276 5890 l'ulturaria...
3315 5834 3488 5893 Libia.
