3974 6306
175 279 268 342 m

995 275 1171 332 lilS'l‘.
1212 272 1667 354 REBELLIONIS
1696 275 1908 338 PAULI
1943 279 2102 337 ADV.
2145 227 2475 340 WAM'BAM:

3254 283 3370 354 πε

1489 390 1677 444 XTUS
1714 391 1991 444 LEGITIM
2001 391 2106 444 US.

1489 390 1582 444 XT
1875 391 1916 444 T
2029 391 2042 404 '
2091 430 2106 444 .
2297 407 2302 410 '

175 481 350 558 μαίνει,
371 475 498 547 Quid
536 473 734 568 multa?
786 475 1041 568 immanis
1079 477 1158 532 ab
1214 390 1484 549 utrisqifeE
1504 389 1682 551 pugni
1712 391 2277 551 iﬁfictltigsondcre
2293 484 2627 541 vinculorum
2649 493 2912 556 arctatur,
2947 452 3372 568 verberibusque

173 573 464 635 conseritur,
499 573 552 624 et
583 566 700 623 vice
744 566 1066 638 sagittarum
1123 569 1432 626 alternatim
1472 571 1692 628 sibimet

174 679 375 734 namque
390 669 558 732 partes
580 659 868 716 obsistunt.
898 659 1006 716 Sed
1043 661 1136 718 ubi
1156 675 1188 716 a
1208 662 1412 718 nostris
1439 663 1692 734 despera-

172 768 264 814 tum
301 762 390 821 est,
415 769 515 810 non
541 751 712 808 solum
759 751 815 807 in
845 767 1004 808 muro
1052 759 1357 824 pugnantes
1407 755 1692 812 seditiosos

170 845 649 919 sagittisconfigunt,
685 843 781 900 sed
806 851 990 899 tantos
1030 844 1234 900 imbres
1265 845 1503 915 lapidum
1549 847 1690 902 intra

168 941 322 996 urbem
349 936 683 1001 concutiunt,
722 943 784 990 ut
824 935 1062 992 clamore
1107 951 1301 992 vocum
1347 945 1404 992 et
1458 939 1690 994 stridore

165 1039 395 1101 petrarum
429 1027 611 1084 civitas
649 1027 766 1098 ipsa
799 1027 1074 1098 submergi
1123 1027 1503 1084 aestimaretur.
1537 1029 1690 1086 Unde

163 1126 220 1180 ab
239 1125 351 1178 hora
369 1119 474 1176 fere
499 1119 686 1190 quinta
721 1119 827 1176 diei
865 1135 1037 1190 usque
1066 1120 1134 1174 ad
1163 1119 1356 1176 horam
1379 1121 1550 1192 ipsius
1579 1121 1688 1177 diei

165 1222 369 1267 octavam
408 1209 600 1264 acriter
625 1209 696 1264 ab
732 1209 976 1278 utrisque
1013 1216 1314 1280 pugnatum
1341 1216 1443 1265 est.
1483 1208 1556 1264 At
1596 1210 1691 1266 ubi

163 1300 346 1356 incaluit
369 1305 664 1354 nostrorum
709 1297 925 1352 animus
956 1309 1005 1362 ιι,
1052 1297 1294 1354 victoria:
1344 1299 1688 1355 dilectionem

165 1386 470 1460 [dilationem]
483 1385 632 1441 ferre
651 1402 759 1442 non
773 1387 952 1456 potuit
973 1387 1023 1452 ι’,
1065 1387 1164 1442 sed
1177 1387 1245 1442 ad
1257 1395 1446 1458 portas
1465 1389 1691 1460 propius

161 1485 446 1547 pugnaturus
467 1477 694 1532 accessit
717 1488 765 1529 ε.
781 1474 932 1531 Tunc
958 1469 1245 1532 victoriosa
1277 1491 1376 1546 per
1401 1477 1688 1532 Dominum

163 1583 292 1621 manu
320 1575 489 1636 portas
531 1566 846 1630 incendunt,
900 1565 1071 1621 muris
1119 1565 1381 1630 insiliunt,
1415 1566 1690 1622 civitatem

161 1659 353 1714 victores
370 1658 752 1729 ingrediuntur,
789 1658 846 1712 in
869 1673 976 1727 qua
1003 1657 1221 1714 sibimet
1245 1657 1530 1714 seditiosos
1557 1658 1689 1714 sub-

153 1749 326 1818 jiciunt.
355 1751 447 1808 Ubi
491 1751 620 1806 dum
669 1750 1004 1806 Wittimirus
1051 1759 1264 1806 armata
1309 1750 1487 1807 adhuc
1525 1766 1686 1807 manu

1792 587 1899 627 una
1929 587 2053 627 cum
2074 573 2256 639 sociis,
2301 589 2426 630 cum
2451 576 2649 646 quibus
2677 578 2873 634 urbem
2894 580 3168 640 nitebatur
3193 587 3372 644 vindi-

1792 675 1940 726 care,
1975 660 2224 718 afﬁcitur.

1862 750 1948 806 15.
1979 751 2108 806 Post
2145 755 2260 808 haec
2295 753 2503 810 devicta
2545 755 2934 830 subjugataque
2979 759 3197 822 civitate
3231 765 3372 823 Nar-

1790 844 1951 909 bona,
1975 845 2042 900 ad
2077 845 2465 916 insequendum
2491 847 2735 912 Paulum,
2767 851 2860 920 qui
2885 866 2943 906 se
2964 852 3017 906 in
3043 853 3374 912 Nemausum

1789 935 2158 992 vindicaturus
2198 938 2526 1004 contulerat,
2561 939 2666 996 iter
2687 941 2937 1013 dirigitur
2969 947 3014 998 ε.
3042 945 3243 1004 Deinde
3278 949 3373 1006 Bi-

1790 1025 1952 1081 tcrris
1980 1026 2010 1066 ιι
2039 1034 2094 1082 et
2113 1026 2324 1098 Agathe
2349 1023 2592 1084 civitates
2617 1029 2761 1086 illico
2783 1029 3154 1104 subjugantur.
3181 1037 3240 1091 ln
3264 1037 3392 1092 Μαι.

1791 1116 2069 1186 galonensi
2115 1131 2244 1174 vero
2291 1120 2423 1176 urbe
2457 1119 2742 1176 Gumildus
2765 1120 2870 1177 loci
2911 1121 3080 1192 ipsius
3121 1127 3369 1192 antistes,

1790 1221 1917 1262 cum
1943 1207 2011 1262 ad
2046 1207 2384 1264 obsidionem
2421 1209 2503 1264 sui
2528 1209 2915 1286 circumfusum
2935 1213 3140 1270 videret
3162 1218 3374 1272 exerci~

1789 1305 1924 1363 tum,
1942 1297 2238 1369 urbemque
2259 1299 2428 1370 ipsam
2449 1316 2558 1356 non
2577 1310 2688 1356 tam
2709 1303 2778 1360 ab
2795 1303 2881 1360 bis
2899 1304 2991 1375 qui
3011 1321 3108 1376 per
3127 1314 3328 1363 terram
3346 1311 3362 1349 ί

1788 1387 2076 1458 pugnaturi
2099 1396 2458 1456 accesserant,
2489 1405 2648 1460 quam
2671 1391 2738 1447 ab
2761 1391 2847 1446 bis
2871 1393 3034 1463 cingi,
3066 1395 3157 1465 qui
3183 1395 3373 1472 navale

1788 1477 2035 1547 praelium
2062 1478 2239 1534 acturi
2265 1493 2364 1548 per
2397 1479 2569 1534 maria
2597 1491 3046 1548 commeaverant,
3093 1483 3252 1554 hujus
3290 1485 3370 1540 rei

1790 1566 1940 1624 clade
1973 1569 2296 1639 perterritus
2341 1563 2642 1640 compendii
2667 1564 2825 1626 'viam
2864 1573 3108 1642 arripuit,
3141 1575 3373 1631 Nemau-

1789 1671 2015 1727 sumque
2035 1672 2094 1714 se
2115 1673 2238 1714 cum
2251 1657 2419 1715 Paulo
2442 1660 2648 1716 socium
2677 1660 2861 1716 intulit
2878 1661 2892 1712 i
2909 1701 2922 1715 .
2939 1661 3046 1719 Sed
3069 1679 3192 1719 cum
3215 1679 3372 1720 exer-

1790 1744 1930 1804 citus
1975 1747 2248 1818 Hispaniae
2276 1750 2584 1806 Gumildum
2623 1749 2876 1824 effugisse
2926 1755 3210 1824 persensit,
3239 1749 3372 1810 civi-

157 1842 391 1898 ecclesiam
408 1850 636 1912 peteret,
667 1856 888 1898 accessu
917 1853 1226 1900 nostrorum
1248 1845 1525 1911 turbatus,
1565 1853 1687 1914 post
1716 1823 1762 1885 Β
1789 1845 1956 1893 tatem
1982 1853 2108 1894 mox
2133 1826 2564 1911 Magalonens'cm
2604 1857 2712 1898 non
2741 1823 2994 1899 dissimili
3025 1845 3250 1902 victoria
3283 1857 3372 1902 cc‘

155 1949 275 1988 aram
302 1935 459 1990 beata:
494 1935 726 2006 virginis
747 1935 927 1990 Maria:
953 1951 1012 1990 se
1046 1935 1449 1992 vindicaturum
1469 1950 1578 1990 non
1603 1948 1690 1990 re-

154 2026 351 2080 verentia
371 2027 394 2066 δ
418 2025 516 2082 1οεί
536 2026 736 2092 miser,
771 2027 865 2081 sed
891 2026 1064 2082 ultore
1100 2026 1311 2097 gladio,
1344 2028 1644 2083 testabatur
1671 2045 1684 2082 :

153 2114 305 2170 dextra
330 2124 505 2170 tenens
529 2106 802 2186 gladium,
827 2123 882 2171 et
907 2123 1136 2172 mortem
1165 2116 1425 2172 minitans
1447 2117 1686 2188 singulo-

155 2204 360 2260 ωσι.Λὰ
409 2205 564 2275 hujus
631 2221 762 2277 ergo
813 2206 1038 2262 insaniae
1083 2215 1353 2264 tumorem
1381 2219 1406 2248 θ
1439 2209 1688 2278 protinus

150 2297 578 2366 comprimendum,
611 2313 753 2352 unus
781 2311 814 2352 e
837 2297 1038 2353 nostris
1059 2297 1202 2353 inter
1221 2305 1446 2354 czeteros
1469 2295 1684 2368 rejectis

151 2385 285 2440 armis
313 2387 536 2442 tabulam
581 2401 751 2441 manu
796 2386 1058 2456 arripuit,
1103 2396 1158 2441 et
1191 2384 1527 2444 ferocissimo
1573 2388 1683 2444 ictu

148 2475 316 2530 sesead
355 2472 498 2530 illum
519 2475 744 2532 direxit.
773 2475 844 2530 At
882 2477 975 2532 ubi
1039 2476 1222 2532 tabula
1271 2477 1472 2533 acriter
1533 2479 1684 2535 nisus

148 2575 213 2620 est
242 2583 382 2636 super
436 2583 560 2625 eum
632 2567 837 2640 ingenti
888 2567 1043 2638 jactu
1074 2577 1398 2640 percutere,
1437 2585 1562 2625 mox
1626 2571 1682 2626 in

150 2663 310 2711 terram
336 2658 720 2714 tremebundus
755 2658 1140 2728 prosternitur,
1173 2659 1422 2728 protinus
1449 2659 1678 2728 capitur,

146 2741 407 2821 ferrumque
435 2749 516 2806 illi
535 2749 612 2806 de
649 2764 812 2806 manu
833 2749 1159 2806 extrahitur.
1195 2749 1423 2822 Moxque
1445 2751 1626 2806 viliter
1657 2751 1678 2791 ί

1785 1926 1868 1998 pit
1893 1926 1944 1982 ιι.
1964 1925 2036 1981 At
2059 1929 2152 1984 ubi
2175 1929 2348 1984 nostri
2375 1931 2577 1986 directa
2601 1931 2717 1988 acie
2734 1930 3154 1990 Nemausensem
3180 1935 3372 1990 urbem

1789 2018 2059 2076 debellare
2090 2020 2440 2086 contendunt,
2478 2021 2652 2092 prima
2675 2037 2775 2093 per
2793 2031 3026 2093 quatuor
3049 2025 3213 2081 duces
3230 2039 3372 2096 pra:-

1761 2108 1954 2165 'liandi
1979 2108 2145 2166 facies
2161 2126 2282 2166 cum
2297 2110 2472 2168 electo
2495 2120 2851 2184 pugnatorum
2871 2114 3084 2185 agmine
3103 2116 3371 2172 destinata

1787 2206 1888 2256 est.
1929 2198 2168 2268 Quorum
2213 2199 2353 2257 lecta
2373 2199 2629 2270 juventus
2671 2201 2890 2274 triginta
2929 2203 3098 2260 ferme
3130 2205 3368 2261 millibus

1788 2291 2086 2362 principem
2114 2291 2364 2347 anteiret.
2390 2290 2454 2346 Hi
2482 2301 2660 2347 tamen
2694 2291 2714 2331 ι
2746 2293 2913 2348 nobili
2946 2295 3293 2365 procursionc
3313 2295 3370 2350 in

1788 2381 2137 2447 Nemausum,
2164 2381 2257 2438 ubi
2279 2381 2473 2438 Paulus
2498 2397 2620 2438 cum
2643 2381 2936 2438 Galliarum
2974 2383 3215 2440 exercitu
3233 2423 3249 2450 ,
3285 2381 3371 2439 vel

1787 2471 2119 2530 Francorum
2140 2481 2404 2530 conventu
2439 2487 2500 2530 se
2534 2474 2603 2530 ad
2643 2473 3005 2531 dimicandum
3044 2477 3369 2542 contulerat,

1788 2555 2166 2625 seditiosorum
2185 2567 2578 2638 prtevenientes
2598 2575 2638 2598 "'
2661 2567 2904 2633 insidias,
2921 2583 3043 2625 cum
3069 2577 3228 2624 nocte
3251 2577 3370 2624 tota

1789 2675 2007 2716 cursum
2056 2655 2298 2716 festinati
2347 2659 2556 2716 itineris
2593 2660 2969 2726 confecissent,
3017 2661 3198 2718 subito
3243 2676 3370 2717 cum

1786 2752 2058 2822 vergentis
2076 2749 2182 2808 diei
2210 2750 2300 2806 lux
2325 2758 2444 2806 orta
2457 2749 2725 2820 prodiret,
2755 2759 3121 2822 apparuerunt
3147 2760 3174 2790 ιι
3203 2746 3370 2806 simul

1416 2837 1694 2899 TEXTUS
1731 2838 2092 2900 TUDENSIS.

143 2942 430 3002 properaret.
450 2934 630 3003 Quam
665 2934 937 2992 civitatem
963 2930 1162 2990 Paulus
1185 2935 1402 2990 munivit
1431 2933 1684 3004 prmsidio
1709 2937 1756 2999 (ζ
1788 2934 1926 3004 puit,
1950 2942 2007 2989 et
2033 2931 2366 2990 ferocissimo
2388 2933 2494 2990 ictu
2524 2945 2583 2988 se
2609 2932 2678 3004 ad
2707 2931 2858 3004 illum
2912 2933 3128 2990 direxit.
3181 2933 3253 2990 At
3277 2933 3373 2992 ubi

146 3005 380 3075 multiplici
404 3007 759 3075 perfidorum,
783 3014 839 3060 et
867 3005 1138 3074 Witimiro
1180 3005 1304 3060 du'ci
1337 3020 1436 3064 suo
1457 3005 1680 3075 commi-

145 3073 215 3127 sit.
239 3074 389 3140 Quem
405 3073 536 3132 cum
569 3085 888 3131 nostrorum
922 3077 1193 3132 exercitus
1215 3075 1482 3130 blanditer
1505 3074 1684 3128 horta-

146 3153 284 3207 retur,
305 3153 360 3198 ut
383 3146 662 3218 civitatem
689 3147 805 3201 sine
833 3147 1117 3218 sanguinis
1137 3144 1395 3218 effusione
1420 3143 1680 3218 traderet,

143 3226 327 3293 prorsus
355 3217 517 3299 renuit
545 3235 564 3270 :
616 3213 990 3299 obseratisque
1018 3213 1488 3299 civitatisuporti‘s,
1514 3229 1685 3299 muro

143 3285 231 3336 rira
257 3301 362 3338 roce
395 3293 699 3340 nostrorum
737 3285 1034 3341 exercitum
1071 3285 1310 3340 conritiis
1360 3285 1678 3340 detestatur.

144 3351 188 3403 lu
209 3353 478 3427 principem
499 3370 726 3426 quoque
763 3355 1064 3427 religiosum
1097 3355 1380 3427 maledicta
1407 3353 1684 3427 congemit

148 3429 236 3485 nat,
270 3422 537 3495 minisque
569 3422 808 3482 conatur
839 3422 1133 3495 exercitum
1169 3423 1494 3495 perturbare.
1531 3422 1685 3495 Quod

141 3502 305 3548 nostra:
335 3493 500 3563 partis
525 3497 841 3550 animositas
865 3511 972 3551 non
999 3493 1198 3557 ferens,
1227 3494 1406 3550 subita
1441 3493 1683 3563 cordium

141 3562 414 3618 ascensione
449 3565 736 3621 incanduit
775 3580 790 3618 :
819 3576 876 3620 et
917 3565 1147 3620 telorum
1172 3563 1320 3633 jactu
1350 3562 1682 3633 perfidorum

139 3644 210 3683 om
238 3633 424 3702 petivit.
452 3635 720 3690 Immanis
756 3636 824 3690 ab
845 3637 1092 3705 utrisque
1126 3649 1304 3705 pugna
1330 3633 1678 3705 conseritur;

138 3709 178 3774 et
197 3701 382 3774 sagittis
413 3705 731 3774 alternatim
777 3701 1545 3774 sibimet'partcs'robsistunt.
1572 3701 1683 3774 Sed

140 3770 209 3823 ubi
229 3769 283 3847 al:
299 3775 534 3847 atrisque
560 3769 776 3847 fortiter
797 3777 991 3847 agitur,
1021 3769 1202 3847 tantos
1219 3773 1424 3829 imbres
1444 3772 1682 3842 lapidum

139 3844 270 3915 nostri
296 3843 426 3899 intra
445 3843 652 3902 'u‘rbem
695 3843 1022 3915 conjiciunt,
1060 3851 1121 3898 ut
1155 3844 1393 3915 clamore
1415 3858 1608 3898 vocum
1633 3851 1682 3896 et

137 3910 362 3984 collisione
389 3925 676 3984 petrarum
723 3910 914 3970 civitas
939 3913 1164 3968 subverti
1193 3915 1584 3969 existimaretur
1607 3919 1632 3948 ο
1664 3928 1678 3964 :

137 3979 250 4054 {Inde
286 3984 350 4054 ab
385 3979 517 4040 hora
563 3986 683 4041 fere
715 3985 904 4054 quinta
932 3984 1037 4039 diei
1061 3998 1235 4054 usque
1283 3985 1352 4039 ad
1380 3984 1399 4004 '
1433 3991 1680 4038 octavam

141 4047 296 4105 horam
323 4047 999 4122 fundibulorum'instantia
1027 4047 1226 4109 acriter
1245 4054 1265 4075 ‘
1298 4071 1332 4107 a
1359 4053 1548 4108 nostris
1585 4065 1684 4121 pu-

135 4128 319 4195 gnatum
369 4133 470 4195 est.
515 4124 807 4180 [recanduit
868 4125 1044 4195 itaque
1080 4132 1388 4195 nostrorum
1437 4123 1679 4195 animus,

137 4188 337 4265 Victoria:
368 4193 682 4250 dilationem
734 4195 878 4249 ferre
928 4188 1032 4265 non
1048 4194 1356 4265 _t'alcus,get
1394 4193 1462 4265 ad
1496 4200 1682 4265 portas

133 4261 317 4337 propius
347 4263 992 4337 pugnaturusacccssit.
1045 4263 1197 4337 Tunc
1221 4261 1533 4337 _victoriosa
1584 4277 1684 4332 per

1786 3001 1969 3059 tabula
2005 3004 2158 3059 nisus
2195 3013 2276 3060 est
2296 3019 2420 3060 eum
2461 3001 2662 3073 ingenti
2703 3001 2853 3070 jactu
2893 3013 3206 3072 percutere,
3239 3021 3370 3062 mox

1785 3073 1842 3129 in
1879 3081 2082 3147 terram
2117 3075 2505 3147 tremebundus
2555 3074 2972 3147 prosternitur_,_
3022 3075 3371 3147 protinusque

1785 3145 2018 3213 capitur,
2053 3151 2102 3198 et
2131 3143 2335 3198 ferrum
2369 3143 2540 3213 illide
2563 3157 2724 3197 manu
2765 3143 3070 3198 extrahitur
3111 3157 3127 3197 :
3182 3143 3370 3200 viliter

1783 3212 1992 3269 tractus
2019 3213 2258 3284 pondere
2284 3212 2621 3284 vinculorum
2647 3220 2904 3284 arctatur,
2939 3213 3368 3284 verberibusque

1783 3298 1890 3407 usa
1912 3279 2038 3407 clum
2058 3279 2236 3348 sociis,
2267 3283 2464 3352 quibus
2489 3291 2512 3320 ι’
2539 3283 2728 3337 urbem
2755 3282 3028 3338 nitebatur
3053 3279 3360 3348 vendicare.

1786 3369 1817 3407 a
1861 3367 1926 3407 ici
1955 3368 2042 3407 ur.

1786 3353 2042 3408 allicitur.

1854 3423 1942 3477 15.
1971 3423 2100 3478 Post
2119 3422 2234 3494 lucc
2258 3421 2465 3494 devicta
2491 3418 2878 3494 subjugataque
2899 3419 3170 3486 Narbona,
3187 3424 3255 3494 ad
3282 3421 3366 3478 in-

1784 3495 2114 3564 sequendum
2143 3493 2380 3564 Paulum,
2396 3493 2506 3564 qui
2529 3505 2588 3546 se
2613 3491 2675 3564 in,
2691 3491 3362 3564 Nemausumpontulerat,

1784 3559 1890 3618 iter
1923 3563 2192 3634 dirigitur.
2240 3559 2444 3634 Deinde
2476 3561 2744 3634 Beterrisj
2772 3559 3045 3634 [Biterris]
3071 3569 3126 3617 et
3153 3562 3367 3634 Agathe

1783 3630 2191 3704 civitates'illico
2211 3631 2582 3704 subiugantur.
2597 3630 2656 3686 In
2685 3630 3050 3704 Magaloue‘nsi
3068 3630 3366 3704 rvero'urbe

1783 3703 2064 3772 Gumildus
2092 3703 2194 3758 loci
2214 3701 2393 3772 ipsius
2407 3703 2652 3767 antistes,
2683 3701 2804 3758 cum
2829 3702 2897 3756 ad
2925 3701 3259 3757 obsidionem
3279 3703 3364 3758 sui

1785 3771 2168 3828 circumfusum
2188 3771 2391 3827 videret
2413 3773 3040 3841 exercitum,urbemque
3061 3773 3232 3843 ipsam
3255 3789 3366 3828 non

1783 3850 1894 3897 tam
1940 3843 2133 3916 abiis
2169 3844 2259 3916 qui
2289 3857 2388 3916 per
2421 3851 2620 3916 terram
2660 3843 2951 3916 pugnaturi
2995 3851 3365 3916 accesserant,

1783 3928 1946 3984 quam
1995 3914 2064 3968 ab
2101 3913 2166 3967 iis
2187 3912 2344 3983 'cingi
2378 3912 2468 3983 qui
2512 3912 2710 3985 navale
2745 3912 2995 3985 praelium
3041 3915 3215 3969 acturi
3267 3929 3369 3985 per

1783 3981 1934 4038 mare
1977 3981 2452 4054 commeaveranti:
2511 3981 2792 4054 hujusgrei
2841 3984 2993 4038 clade
3041 3981 3366 4054 perterritus

1783 4053 2084 4122 compendii
2138 4054 2280 4123 viam
2331 4053 2598 4123 arripuit,
2651 4052 3088 4122 Nemausumquc
3136 4069 3194 4108 se
3240 4069 3367 4108 cum

1783 4121 1957 4192 Paulo
1975 4121 2213 4176 contulit.
2245 4122 2352 4180 Sed
2380 4121 2502 4178 cum
2531 4124 2804 4179 exercitus
2847 4121 3116 4192 Hispania:
3157 4123 3366 4177 Gumil~

1785 4195 1912 4248 dum
1937 4191 2446 4274 fugissepcrsensit,
2477 4193 2748 4274 civitatem
2772 4193 3366 4274 moxdlagalonensem
3461 4210 3468 4218 ·
3519 4205 3524 4215 ·

1784 4279 1892 4317 ιιοη
1929 4262 2178 4317 dissimili
2211 4263 2438 4318 victoria
2465 4264 2635 4332 cepit:
2679 4273 2728 4317 et
2755 4262 2961 4318 directa
2991 4262 3107 4318 acie
3133 4262 3364 4316 Nemau-

135 4325 452 4406 Pctimmanu'
471 4345 693 4406 portas,
713 4335 1025 4406 incendunt,
1048 4341 1107 4406 et
1131 4333 1405 4406 civitatem
1447 4325 1682 4387 victores
1713 4341 1762 4400 Ι)
1783 4346 1995 4406 sensem
2033 4333 2218 4387 urbem
2238 4325 2545 4406 debellare:
2569 4331 2852 4406 contendit.
2883 4333 3060 4387 Prima
3097 4345 3194 4402 per
3231 4347 3366 4401 qua-

135 4395 493 4468 ingrediuntur:
531 4405 638 4461 Ubi
663 4405 790 4459 dum
822 4395 1158 4458 Wictimirus
1195 4414 1222 4454 Ρ
1269 4403 1445 4458 adhuc
1471 4411 1680 4456 armata

133 4482 266 4524 manu
277 4475 560 4530 ecclesiam
581 4481 816 4543 peteret,
837 4487 1058 4528 accessu
1081 4482 1388 4528 nostrorum
1413 4472 1678 4536 turbatus,

133 4549 230 4602 post
256 4556 394 4598 aram
429 4545 529 4600 Dei
563 4545 849 4600 Genitricis
873 4557 932 4598 se
965 4543 1309 4598 vindicatum
1334 4561 1362 4595 η
1393 4556 1496 4596 non
1531 4556 1683 4597 reve-

131 4609 274 4684 rentia
330 4612 434 4670 loci
471 4613 666 4684 miser,
701 4614 796 4668 sed
821 4624 850 4664 ιι
887 4612 1060 4668 ultore
1115 4614 1290 4684 gladio
1330 4612 1642 4684 testabatur
1665 4652 1680 4674 ,

131 4675 318 4755 dextera
362 4692 572 4755 tenens
594 4683 852 4755 gladium,
883 4690 939 4736 et
959 4675 1188 4755 mortevm
1213 4683 1470 4737 minitans
1497 4681 1684 4755 singu-

134 4743 302 4824 lorum.
345 4753 427 4809 Ad
482 4743 644 4824 cujus
695 4743 850 4824 ergo'
877 4753 1100 4824 insania:
1135 4763 1401 4824 tumorem
1437 4743 1682 4822 protinus

128 4821 588 4890 comprimendum,
619 4821 854 4878 unus'ex
877 4823 1080 4879 nostris
1103 4823 1338 4880 tabulam
1359 4838 1523 4878 manu
1545 4824 1682 4876 arri-

1784 4403 2094 4483 tuorzduces
2123 4402 2402 4483 prmliandi
2443 4402 2612 4458 facies
2652 4417 2774 4458 cum
2799 4403 2972 4483 electo
2997 4409 3364 4483 pugnatorprn

1784 4473 2004 4554 agmine
2022 4473 2446 4554 destinataest:
2487 4487 2715 4554 quorum
2757 4473 2968 4554 robusta
2988 4472 3242 4554 juv'eetus
3266 4472 3367 4554 tri-

1783 4540 1930 4613 ginta
1978 4542 2148 4597 ferme
2180 4543 2416 4598 millibus
2461 4540 2756 4613 principem
2785 4541 3177 4613 anteibat._llig
3222 4540 3363 4594 idem

1785 4609 1950 4667 nobili
1973 4627 2242 4682 prmcursu
2267 4609 2613 4675 Nemausum,
2636 4609 2733 4667 ubi
2775 4626 2896 4665 cum
2927 4610 3098 4682 Paulo
3129 4609 3378 4682 Francof

1786 4698 1901 4736 rum
1929 4679 2186 4736 exercitus
2209 4698 2269 4738 se
2294 4683 2361 4737 ad
2387 4683 2755 4738 vindicandum
2790 4680 3092 4735 contulerat
3134 4682 3152 4716 ί
3198 4679 3364 4732 nostri

1783 4753 2069 4816 tendentes,
2105 4767 2229 4807 cum
2259 4762 2418 4808 nocte
2455 4761 2566 4807 tota
2606 4767 2820 4807 cursum
2867 4749 3107 4803 festinati
3155 4748 3365 4804 itineris

1784 4821 2163 4888 confecissent,
2195 4823 2374 4878 subito
2409 4839 2534 4877 cum
2560 4823 2664 4876 diei
2696 4821 2784 4875 lux
2823 4827 2941 4873 orta
2966 4819 3227 4890 prodiret,
3265 4834 3364 4890 ap-

1589 4912 1819 4970 NOTAE.

227 4999 309 5070 Ρ..
337 5005 668 5063 incalescunt
701 5045 717 5060 .
747 5045 762 5059 .
794 5045 810 5059 .
844 5044 857 5058 .
885 5004 1070 5060 animi.

231 5071 327 5147 Id,
357 5086 666 5147 potuerunt.

186 5151 206 5216 °_
235 5142 332 5216 Νι,
356 5142 651 5216 pugnaturi
676 5143 978 5200 accedunt.‘

183 5208 206 5249 θ
234 5212 327 5280 ld.,
351 5208 408 5269 in
429 5208 750 5270 reverentia.

189 5292 212 5318 ε
236 5282 332 5348 ld.,
357 5301 654 5338 rumorem.

191 5349 208 5388 ί
235 5351 328 5417 Id.,
357 5353 608 5408 viriliter.

188 5422 212 5494 ἔ
235 5421 332 5494 ig"
355 5423 570 5494 dirigi"
604 5427 634 5493 ,Ι

184 5490 208 5527 1³
239 5491 359 5554 Mt...
387 5490 606 5548 Botere.

189 5561 202 5636 ᾗ
235 5560 316 5636 lj‘.,
341 5573 540 5636 terras.

187 5632 198 5676 ἱ
242 5632 326 5692 υ..
351 5633 606 5686 contulit.

186 5701 208 5736 ι
235 5701 292 5753 l-‘.
327 5703 495 5766 male,
524 5703 674 5772 carpit

556 5794 822 5857 Paeon.
854 5796 1074 5860 XCVI.

1869 5001 1883 5041 ¹
1918 5004 2019 5070 ld.,
2055 5012 2184 5060 tam.

1775 5111 1786 5122 .
1862 5086 1902 5113 ω
1918 5075 2015 5146 9.,
2041 5076 2375 5146 prmveniens.

1862 5154 1889 5180 η
1917 5143 2003 5207 F.,
2033 5143 2338 5216 apparuere.

1865 5221 1890 5245 °
1929 5213 2052 5279 Ms.,
2073 5215 2432 5268 extimaretur.

1828 5285 1881 5368 ν·
1923 5283 2080 5340 Deest
2113 5297 2395 5354 perperam
2452 5286 2508 5339 in
2569 5284 2667 5340 Ms.
2709 5285 2851 5354 quod
2907 5283 3136 5343 stellulis
3183 5279 3358 5344 inclu-

1787 5353 2218 5494 dllgug'erpcram
2253 5423 2537 5478 Witericus
2577 5425 2629 5479 in
2671 5423 2823 5494 llisp.
2849 5425 3046 5484 illustr.

1861 5503 1888 5542 (ι
1919 5493 2049 5557 Ms;
2069 5511 2142 5548 se.

1869 5573 1890 5600 τ
1921 5563 2018 5628 ld.,
2053 5579 2171 5617 cum
2196 5564 2400 5634 quibus.
2474 5629 2478 5632 ,

1866 5645 1888 5706 '_
1921 5633 2463 5706 Perperam’Beterius
2489 5636 2542 5690 in
2570 5636 2719 5706 llisp.
2751 5637 2949 5692 illustr.

1872 5704 1893 5742 ί
1923 5703 2075 5772 Hisp.
2104 5703 2292 5772 illust.,
2317 5706 2654 5778 compulerat.

2843 5797 2924 5856 25
