3974 6306
571 296 684 370 πε

1704 293 1760 349 s.
1797 281 2066 351 'JULIANI
2103 273 2410 352 uersae”
2445 243 2790 352 τοιέτΑΝῐ
3652 289 3726 357 tu

1873 408 2151 468 TEXTUS
2188 407 2583 464 LEGITIMUS.

570 495 747 566 virtus
799 499 976 578 patuit
1025 501 1324 574 prailiandi.
1405 496 1540 556 Cum
1591 497 1736 554 enim
1781 499 1908 556 tatis
1965 499 2170 554 viribus
2197 504 2244 559 Α
2273 498 2523 554 claustris
2541 497 2721 570 (Fors.
2735 494 3262 568 castris)’Arenarum
3279 495 3344 552 ob
3361 497 3734 570 praedampropin.

573 600 931 661 decertarent,
958 601 1014 650 et
1059 600 1267 650 uestem
1303 591 1444 646 intra
1480 590 1670 646 urbem
1718 588 1932 645 diverso
1976 603 2170 660 genere

571 703 850 747 armorum
901 684 1269 748 confoderent,
1328 681 1576 752 plerique
1607 681 1676 737 de
1719 687 1959 737 externa:
1994 680 2170 751 gentis

571 779 880 837 hominibus
939 776 1140 832 acriter
1193 772 1485 838 vulnerati,
1531 779 1842 827 nostrorum
1913 771 2168 826 virtutem

568 869 774 940 pariter
797 873 853 923 et
899 863 1260 922 constantiam
1306 863 1656 927 admirantes,
1710 861 1937 917 Paulum
1987 859 2166 917 adorsi

569 965 715 1014 sunt.
759 977 781 1010 ς
811 955 928 1013 Non
949 955 1097 1010 iliam
1124 967 1286 1024 quam
1315 951 1534 1008 dicebas
1564 953 1618 1008 in
1663 952 1856 1010 Gothis
1886 952 2167 1023 proeliandi

567 1049 851 1121 segnitiem
873 1046 1164 1102 cernimus.
1189 1043 1407 1099 Multam
1456 1045 1600 1100 enim
1636 1044 1691 1100 in
1717 1044 1822 1101 illis
1863 1043 2163 1108 audaciam,

563 1148 620 1196 et
646 1137 902 1196 .vincendi
924 1135 1287 1192 constantiam
1309 1134 1573 1191 videmus.
1613 1134 1740 1191 Haec
1784 1147 1904 1205 qua:
1948 1133 2165 1202 excepi-

564 1245 684 1286 mus
707 1229 932 1285 vulnera
953 1228 1151 1283 docent
1175 1244 1187 1280 :
1220 1226 1363 1281 inter
1387 1234 1584 1281 czetera
1619 1233 1732 1280 tam
1759 1225 1966 1280 validos
1983 1223 2165 1293 jactus

563 1323 856 1377 in-hostem
891 1317 1202 1390 proiiciunt,
1236 1326 1299 1373 ut
1332 1325 1461 1373 ante
1507 1315 1690 1388 fragor
1716 1317 1832 1388 ipse
1871 1316 2162 1381 deterreat,

560 1427 722 1479 quam
743 1411 1026 1482 percussio
1072 1409 1240 1466 vitam
1283 1409 1611 1476 exstinguat.
1646 1428 1665 1461 ι
1692 1407 1933 1475 Quorum
1964 1407 2164 1463 Paulus

558 1505 852 1559 deterritus
877 1501 1080 1564 verbis,
1106 1499 1389 1571 multiplici
1415 1498 1746 1570 iamiamque
1771 1499 2166 1569 desperationis

557 1595 736 1665 iaculo
772 1593 1146 1666 frangebatur.

629 1687 719 1741 {8.
742 1686 849 1742 Sed
871 1686 999 1741 dum
1025 1682 1200 1740 nostri
1229 1682 1567 1739 constantius
1595 1680 1933 1739 dominantes
1953 1695 2002 1749 ι,
2057 1683 2163 1744 vic.

557 1775 802 1833 toriamb
831 1789 986 1831 suam
1027 1773 1378 1830 recrastinari
1399 1772 1663 1838 dolerent,
1687 1773 1884 1828 acriori
1904 1773 2161 1828 animosi-

2269 601 2464 658 quasse
2486 595 2880 660 cognoverant,
2913 600 2979 642 eo
3003 585 3120 642 illos
3159 585 3356 642 facilius
3395 595 3730 656 prosternerent,

2267 693 2402 750 quos
2425 679 2624 736 divisos
2648 691 2750 734 nec
2773 677 2906 737 duos
2926 677 2982 733 in
3018 693 3178 734 unum
3204 677 3392 748 pariter
3435 677 3733 734 invenissent.‘

2337 771 2424 827 l9.
2475 769 2660 842 Surgit
2699 771 2864 826 etiam
2933 787 3072 826 nova
3112 773 3138 812 ε
3191 771 3328 826 inter
3364 771 3606 827 seditiosos
3637 773 3739 842 ipsos

2265 863 2476 929 seditio,
2504 871 2558 920 et
2580 865 2705 920 dum
2751 864 3054 934 suspicione
3094 862 3396 933 proditionis
3432 862 3556 919 cives
3579 863 3660 934 ipsi
3681 867 3738 921 vel

2266 955 2457 1012 incola:
2475 957 2544 1012 ad
2571 969 2790 1012 suorum
2817 953 3027 1026 aliquos
3053 952 3370 1026 refugerunt,
3399 950 3552 1020 gladio
3573 955 3740 1020 vindice,

2266 1047 2366 1104 hos
2395 1048 2448 1103 in
2478 1048 2676 1118 quibus
2709 1047 2944 1118 suspicio
2984 1047 3308 1109 vertebatur,
3335 1045 3607 1100 interimunt
3646 1060 3660 1100 :
3692 1047 3742 1100 ita

2265 1144 2325 1192 ut
2353 1136 2550 1192 Paulus
2577 1136 2691 1207 ipse
2723 1137 3000 1208 proprium
3021 1137 3298 1207 quemdam
3320 1150 3349 1189 e
3374 1135 3474 1190 suis
3497 1136 3742 1190 ethsuonun

2265 1229 2516 1282 manibus
2540 1235 2668 1282 ante
2692 1242 2751 1282 se
2767 1225 3004 1298 iugulari
3026 1226 3368 1296 proSpiciens,
3390 1235 3526 1280 seum
3551 1239 3646 1280 esse
3663 1239 3744 1277 ver-

2263 1318 2449 1374 nulum
2481 1316 2498 1356 ¹
2530 1317 2859 1372 lamentabili
2892 1331 3025 1372 voce
3048 1317 3322 1381 clamaret,
3353 1331 3446 1370 nec
3482 1316 3550 1370 sic
3590 1317 3747 1370 morim-

2263 1423 2326 1464 ro
2353 1407 2408 1464 in
2435 1407 2616 1477 aliquo
2660 1407 2993 1464 subveniret.
3033 1403 3152 1460 Jam
3186 1413 3357 1484 tamen
3400 1412 3449 1459 et
3480 1404 3577 1474 ipse
3613 1418 3747 1458 exsan-

2263 1501 2383 1571 guis
2406 1515 2472 1556 ac
2495 1501 2879 1556 tremebundus
2903 1499 3146 1565 cﬂ‘ectus,
3184 1514 3215 1553 a
3235 1498 3342 1553 suis
3383 1497 3498 1568 ipsis
3531 1496 3748 1553 contemni:

2261 1600 2371 1659 tur,
2394 1593 2427 1628 "
2462 1600 2524 1648 ut
2554 1595 2843 1649 obsecrare
2872 1593 3022 1648 illum
3048 1591 3229 1662 potius
3249 1606 3401 1662 quam
3439 1590 3654 1660 imperare
3678 1603 3747 1642 cr-

2227 1673 2236 1680 ’
2261 1685 2395 1740 teris
2424 1685 2716 1742 extimares
2745 1683 2790 1739 i.
2816 1683 3001 1738 *Nam
3029 1692 3308 1754 suspectus
3340 1680 3443 1750 iam
3465 1682 3562 1752 ipse
3581 1681 3633 1735 ab
3651 1681 3751 1734 inco-

2261 1775 2329 1831 lis
2355 1791 2478 1832 cum
2515 1777 2726 1832 castoris
2750 1775 2842 1846 qui
2877 1776 2944 1831 de
2969 1775 3227 1845 Hispania
3253 1790 3370 1829 cum
3399 1773 3482 1827 illo
3505 1783 3751 1826 commeave-

561 1875 673 1922 tate
695 1864 1204 1938 insurgunttvictos
1224 1879 1284 1920 se
1303 1879 1402 1935 per
1421 1863 1602 1918 omnia
1623 1863 1962 1934 deputantes,
1985 1865 2032 1920 si
2053 1865 2160 1920 cito
2191 1856 2238 1918 Β
2264 1875 2404 1932 rant,
2434 1866 2752 1932 habebatur,
2781 1880 2850 1920 ne
2879 1865 2970 1920 ille
2999 1865 3065 1920 ad
3094 1865 3452 1920 liberationem
3477 1865 3547 1917 sui
3567 1861 3748 1916 traditio-

557 1972 670 2012 non
696 1957 994 2012 vincerent.
1024 1954 1178 2013 Unde
1223 1953 1472 2010 ferociori
1517 1967 1679 2024 quam
1720 1952 1934 2009 fuerant
1982 1954 2165 2010 incen-

557 2049 715 2104 sione
747 2047 1024 2112 commoti,
1055 2060 1229 2117 usque
1259 2045 1316 2100 in
1341 2045 1534 2100 horam
1591 2044 1704 2101 fere
1759 2045 1864 2101 diei
1921 2046 2167 2115 quintam

555 2137 834 2196 continuis
851 2136 1164 2208 praeliorum
1202 2134 1400 2191 ictibus
1443 2135 1642 2190 mmuia
1673 2133 1906 2190 civitatis
1930 2133 2161 2199 illidunt,

559 2230 766 2286 imbres
782 2227 1022 2300 lapidum
1043 2241 1166 2282 cum
1188 2223 1396 2295 ingenti
1417 2222 1630 2295 fragore
1651 2224 1947 2290 dimittunt,
1970 2239 2167 2294 suppo-

558 2321 667 2377 sito
690 2319 813 2389 igne
833 2325 1022 2388 portas
1044 2316 1360 2381 incendunt,
1377 2329 1655 2370 murorum
1678 2314 1912 2371 aditibus
1942 2315 2166 2370 minutis

561 2411 886 2480 irrumpunt.
910 2408 1115 2465 Deinde
1145 2407 1421 2463 civitatem
1444 2407 1678 2478 gloriose
1705 2405 1990 2473 intrantes,
2019 2407 2163 2461 viam

560 2503 664 2559 sibi
693 2501 837 2558 ferro
870 2499 1139 2573 aperiunt.
1169 2498 1239 2554 At
1265 2498 1359 2553 ubi
1389 2496 1600 2554 feroces
1623 2505 1929 2554 nostrorum
1955 2497 2166 2554 animos

561 2595 833 2650 sustinere
855 2607 964 2647 non
983 2597 1235 2662 possunt,
1259 2589 1402 2644 intra
1412 2587 1640 2656 Arenas,
1655 2603 1775 2660 quae
1785 2587 2033 2644 validiori
2050 2604 2165 2643 mu-

558 2699 624 2738 ro
648 2681 972 2752 antiquioris
992 2679 1205 2736 :edilicii
1220 2679 1644 2750 scingebantur,
1669 2693 1727 2734 se
1742 2677 2061 2734 muniendos
2083 2679 2166 2733 in-

501 2823 508 2831 ,
559 2766 804 2822 cludunt.
820 2763 926 2820 Sed
941 2764 1034 2820 ubi
1054 2764 1230 2819 visum
1245 2771 1330 2818 est
1348 2761 1456 2817 illis
1476 2761 1738 2832 quosdam
1756 2777 1788 2816 a
1805 2761 2008 2817 nostris
2027 2760 2055 2801 ἀ
2083 2762 2167 2816 in-

561 2855 736 2927 sequi,
780 2855 874 2927 qui
906 2869 966 2912 se
995 2854 1050 2910 in
1081 2853 1320 2924 praedam
1339 2852 1699 2920 involveram,
1736 2852 1880 2910 illico
1905 2862 2165 2926 praeventi

562 2956 854 3018 antequam
881 2961 940 3003 se
962 2947 1018 3002 in
1043 2954 1222 3004 castro
1246 2947 1337 3004 illo
1357 2945 1658 3003 Arenarum
1676 2947 2001 3019 reciperent,
2009 2947 2168 3020 jugu-

561 3041 658 3098 lati
683 3047 830 3098 sunt.
879 3039 1131 3110 Plerique
1178 3046 1360 3096 tamen
1411 3047 1720 3096 nostrorum
1764 3053 1797 3095 e
1840 3039 2017 3111 vulgo,
2073 3042 2167 3110 qui

566 3133 760 3204 prada;
787 3132 1062 3189 inhiantes
1099 3131 1441 3198 exstiterant,
1475 3129 1637 3202 gladii
1665 3132 2015 3204 perventione
2033 3147 2163 3188 con-

563 3229 664 3287 cisi
703 3241 726 3268 θ
759 3237 904 3286 sunt.
938 3233 957 3253 ⁶
977 3228 1094 3286 Non
1117 3243 1224 3299 quo
1248 3227 1454 3300 patenti
1475 3227 1494 3266 ί
1513 3227 1713 3283 virtute
1736 3227 1877 3282 inter
1897 3226 2158 3299 plurimos
2185 3209 2232 3274 (ἶ

563 3321 668 3378 hoc
689 3331 984 3392 patrarent,
1009 3323 1104 3378 sed
1145 3321 1298 3392 quasi
1329 3320 1770 3378 latrocinantium
1798 3337 1970 3387 more,
2021 3336 2162 3392 quos

2269 1971 2394 2013 nem
2419 1973 2610 2016 eorum
2653 1958 3014 2029 excogitaret;
3071 1957 3295 2026 Hispani
3342 1971 3460 2010 vero
3501 1970 3557 2008 ne
3585 1955 3752 2023 irrogata

2267 2044 2457 2105 incolis
2478 2056 2652 2105 morte
2671 2049 2966 2107 transirent
2978 2048 3046 2103 ad
3066 2047 3380 2118 principem.
3407 2045 3529 2113 Quid
3546 2043 3700 2100 multa?
3715 2042 3754 2096 [ll

2269 2147 2409 2212 intra
2431 2139 2620 2196 urbem
2659 2138 2968 2197 miserabile
2990 2139 3353 2208 spectaculum
3381 2135 3634 2207 przeliandi.
3649 2134 3755 2190 Utro-

2266 2231 2581 2302 biquecadit
2597 2231 3030 2302 pestilentiorum
3051 2239 3290 2295 caterva,
3317 2228 3572 2298 utrobique
3588 2235 3757 2297 prosta-

2266 2323 2434 2390 nitur,
2459 2323 2747 2392 utrobique
2774 2323 2938 2377 etiam
2965 2320 3246 2392 iugulatur
3263 2336 3278 2376 :
3295 2321 3493 2392 quando
3513 2318 3596 2388 ipsi
3609 2317 3676 2387 qui
3689 2330 3753 2368 ao.

2266 2420 2501 2469 strorum
2521 2411 2728 2484 gladios
2753 2411 3101 2483 effugiebant,
3134 2426 3353 2467 suorum
3377 2409 3534 2481 gladio
3555 2406 3752 2478 peribant.

2266 2504 2524 2575 Replctur
2548 2505 2730 2575 itaque
2753 2504 2946 2559 civitas
2963 2504 3230 2573 permisto
3255 2503 3452 2567 funere,
3495 2509 3542 2556 et
3571 2498 3756 2553 mortium

2265 2594 2618 2652 cadaveribus
2639 2595 2997 2650 humanorum
3013 2595 3060 2647 ι.
3085 2593 3450 2665 "Quocunque
3470 2592 3693 2648 oculorum
3709 2588 3761 2640 vi-

2267 2699 2361 2740 sus
2377 2689 2709 2748 excurreret,
2734 2685 2808 2738 ita
2823 2685 3070 2739 humana:
3093 2694 3322 2756 strages,
3337 2693 3395 2740 ut
3411 2683 3558 2739 occisi
3582 2680 3762 2751 patebant

2268 2773 2581 2828 animalium
2600 2788 2794 2845 greges
2822 2772 2866 2826 ι.
2888 2773 3132 2844 Compita
3153 2775 3363 2830 viarum
3387 2775 3527 2844 plena
3550 2771 3759 2826 cadavere.

2267 2864 2532 2936 reliquum
2550 2873 2708 2922 teme
2732 2875 3045 2922 concretum
3067 2868 3328 2938 sanguine
3351 2874 3481 2922 erat.
3503 2869 3520 2888 ⁹
3542 2860 3766 2918 Miscrabilc

2267 2957 2429 3023 funus
2468 2959 2688 3028 patebat
2737 2958 2793 3013 in
2837 2959 3106 3023 domibus,
3138 2968 3196 3015 et
3242 2960 3332 3015 ubi
3371 2959 3617 3014 domorum
3641 2951 3764 3006 abdita

2265 3046 2670 3116 perlastrasses,
2690 3045 2934 3116 iacentes
2954 3059 2994 3086 ω
3017 3056 3264 3104 mortuos
3288 3047 3554 3118 reperires.
3597 3045 3678 3099 Per
3693 3041 3770 3091 vias

2269 3151 2483 3208 quoque
2501 3136 2652 3192 urbis
2671 3136 2856 3206 jacere
2881 3137 3158 3194 hominum
3181 3138 3436 3194 cadavera
3457 3148 3682 3195 cerneres,
3699 3129 3765 3182 πηί-

2262 3227 2384 3282 naci
2402 3228 2636 3298 quodam
2658 3228 2830 3292 vultu,
2847 3239 2903 3282 et
2929 3227 3213 3285 ferocitate
3234 3230 3460 3301 quadam
3479 3225 3678 3288 immani,
3691 3231 3769 3276 tan-

2259 3335 2424 3389 quam
2457 3319 2632 3376 adhuc
2655 3320 2711 3374 in
2738 3319 2852 3389 ipsa
2887 3319 3148 3377 bellorum
3179 3323 3301 3377 acie
3341 3320 3513 3392 positi.
3559 3318 3754 3373 Erat'la

1877 3414 2157 3471 TEXTUS
2193 3413 2556 3471 TUDENSlS.

563 3521 667 3575 tes,
696 3507 923 3565 Paulum
959 3505 1138 3562 adorsi
1174 3513 1300 3563 sunt
1336 3507 1561 3562 dicentes
1586 3523 1605 3560 :
1657 3504 1778 3562 Non
1817 3503 1963 3562 illam
1998 3520 2162 3575 quam

563 3581 800 3643 dicebas,
859 3579 916 3632 in
959 3575 1176 3633 Gotthis
1225 3575 1452 3647 bellandi
1499 3576 1781 3647 segnitiem
1827 3577 2159 3647 cernimus:

563 3649 790 3706 multam
811 3648 955 3702 enim
981 3647 1036 3702 in
1063 3647 1171 3701 illis
1197 3646 1476 3702 audaciam
1527 3645 1582 3702 et
1615 3645 1862 3701 vincendi
1915 3646 2162 3700 videmus

566 3718 950 3775 constantiam.
1003 3716 1130 3771 Htcc
1168 3731 1290 3786 qua:
1337 3716 1636 3786 excipimus
1666 3716 1888 3786 vulnera
1939 3715 2159 3780 docent,

563 3788 703 3858 quod
730 3794 840 3858 tam
877 3785 1084 3858 validos
1115 3787 1249 3840 ictus
1273 3785 1326 3840 in
1351 3785 1901 3858 hostemiproiiciunt,
1943 3794 1990 3858 et
2035 3793 2162 3839 ante

564 3854 748 3928 fragor
772 3856 887 3928 ipse
905 3855 1146 3928 deterret,
1163 3869 1323 3928 quam
1339 3854 1615 3928 percussio
1635 3857 1819 3928 vitam
1832 3854 2158 3928 castiugnat.

566 3924 834 3996 Quoruur
864 3924 1062 3996 Paulus
1115 3925 1411 3996 deterritus
1444 3925 1644 3992 verbis,
1671 3924 1952 3996 multiplici
1976 3925 2164 3993 despc-

566 3993 794 4052 rationis
815 3993 994 4063 iaculo
1017 3993 1362 4065 frangebatur
1384 4000 1432 4065 (ξ.

643 4067 731 4122 18.
768 4061 943 4121 Gotthi
997 4081 1114 4120 vero
1142 4061 1482 4120 constantius
1509 4063 1840 4129 dimicantes,
1877 4061 2162 4120 victoriam

567 4151 722 4194 suam
805 4134 1152 4191 recrastinari
1224 4132 1474 4198 dolentes,
1557 4133 1750 4188 acriori
1820 4134 2164 4190 animositate

566 4211 855 4278 insurgunt
885 4207 1058 4278 victos
1083 4219 1140 4278 se
1162 4219 1258 4278 per
1277 4203 1458 4278 omnia
1495 4212 1812 4278 reputantes,
1837 4205 1883 4278 si
1919 4207 2028 4260 cito
2046 4221 2160 4278 non

565 4273 866 4334 vincerent.
891 4273 1046 4332 Unde
1089 4273 1340 4331 ferociori
1389 4273 1559 4344 quam
1599 4273 1811 4329 fuerant
1855 4275 2164 4331 incensione

568 4346 848 4410 commoti,
869 4359 1041 4415 usque
1078 4346 1132 4400 in
1192 4345 1380 4401 horam
1434 4344 1540 4400 diei
1593 4344 1837 4415 quintam
1892 4346 2164 4401 continuis

606 4418 876 4474 rteliorum
913 4414 1110 4470 ictibus
1141 4430 1326 4471 muros
1383 4415 1620 4470 civitatis
1665 4414 1875 4471 illidunt
1907 4430 1922 4470 :
1958 4416 2163 4471 imbres

589 4485 1176 4559 apidumfundibularii
1211 4501 1344 4559 cum
1364 4484 1565 4559 ingenti
1620 4483 1832 4556 fragore
1863 4487 2160 4559 dimittunt,

506 4566 518 4582 ‘
567 4556 951 4628 suppositoque
985 4556 1106 4628 igne
1127 4563 1313 4625 portas
1334 4556 1625 4628 incendunt
1643 4565 1692 4609 et
1718 4572 1894 4610 muros
1919 4567 1944 4628 ξ’
1967 4557 2164 4610 irrum-

542 4625 718 4696 'pu—n't.
753 4625 957 4682 Deinde
989 4625 1266 4696 civitatem
1301 4626 1530 4696 gloriose
1566 4627 1848 4688 intrantes,
1889 4626 2031 4680 viam
2058 4628 2161 4681 sibi

589 4699 714 4754 'crro
737 4696 1005 4766 aperiunt.
1027 4695 1098 4749 At
1122 4696 1213 4766 ubi
1227 4695 1434 4752 feroces
1468 4702 1776 4750 nostrorum
1801 4697 2010 4766 animos
2045 4712 2164 4751 sus-

565 4769 738 4823 tinere
767 4765 873 4822 non
893 4774 1140 4835 possunt,
1167 4765 1309 4820 intra
1337 4767 1560 4828 Arenas,
1588 4780 1709 4834 quas
1736 4765 1979 4821 validiori
2007 4774 2239 4834 mum'D

566 4835 890 4906 antiquioris
913 4836 1125 4906 aedificii
1154 4837 1528 4906 cingebantur,
1559 4850 1620 4890 se
1644 4835 1962 4891 muniendas
1992 4836 2159 4891 inclu-

2261 3505 2607 3577 i_nsequentes,
2657 3503 2834 3575 plures
2899 3521 3076 3577 eorum
3136 3514 3430 3577 antequam
3474 3520 3527 3561 se
3573 3503 3617 3558 in
3649 3502 3771 3556 casti0

2260 3574 2561 3648 grenarum
2619 3574 2954 3648 reciperent,
3021 3574 3202 3646 gladio
3256 3574 3465 3648 ancipiti
3509 3577 3770 3648 permensi!-

2262 3641 2512 3718 Plerique
2538 3652 2714 3718 tamen
2732 3640 2787 3718 e
2805 3645 2964 3718 vulgo
2995 3640 3330 3716 nostrorum,
3358 3640 3446 3718 qui
3469 3640 3636 3717 picda:
3655 3640 3774 3694 inhie-

2263 3715 2406 3779 bant,
2427 3713 2612 3784 gladio
2639 3716 2843 3771 concisi
2879 3713 3024 3770 sunt.

2333 3778 2708 3855 19.'Surgitet
2742 3802 2881 3842 nova
2917 3789 3058 3841 inter
3079 3787 3372 3844 seditiosos
3396 3786 3573 3844 seditio
3597 3797 3610 3838 :
3630 3789 3673 3855 et
3688 3778 3771 3834 dum

2261 3853 2609 3930 suspicionem
2635 3856 2956 3930 proditionis
2980 3857 3132 3930 eivcs
3167 3859 3388 3930 ipsivcl
3413 3857 3584 3930 iucol:_c
3624 3853 3676 3906 ad
3692 3863 3774 3930 ξξεοέ

2261 3919 2383 3979 runt
2407 3925 2618 3997 aliquos
2636 3919 2902 3996 'rcferunt,
2943 3927 3122 3997 gladio
3167 3919 3384 3984 vindice
3429 3929 3522 3982 hos
3557 3927 3604 3997 in
3639 3919 3775 3997 quibus

2263 3986 2850 4070 suspicio-vertebatur,
2880 3986 3217 4070 interimunt.
3245 3999 3380 4053 Erat
3407 3996 3634 4070 siquidm}
3652 3986 3775 4070 validi}

2261 4063 2600 4139 perturbatio,
2620 4067 2691 4121 ita
2713 4075 2772 4121 ut
2787 4067 2982 4121 Paulus
3001 4070 3279 4139 proprium
3307 4063 3578 4139 quemdam
3599 4064 3653 4118 de
3669 4063 3774 4114 suist

2263 4135 2511 4189 manibus
2553 4152 2772 4210 suorum
2800 4145 2924 4192 ante
3054 4135 3294 4210 iugulari
3321 4135 3774 4210 prospiciens,_sunm

2263 4219 2382 4257 esse
2410 4205 2676 4260 vernulam
2699 4208 3028 4264 lamentabili
3049 4203 3182 4264 voce
3207 4203 3489 4273 clamaret,
3515 4221 3602 4262 nec
3621 4203 3682 4258 sic
3701 4212 3776 4276 n19-

2264 4290 2438 4328 rnuro
2473 4275 2526 4350 in
2551 4277 2735 4350 aliquo
2783 4279 3111 4350 subveniret,
3146 4280 3288 4335 unde
3332 4281 3536 4350 eiectus
3562 4275 3776 4350 exsangui?

2261 4339 2733 4420 ettrcmebundits,
2757 4365 2787 4402 a
2805 4349 2917 4403 suis
2936 4349 3066 4420 ipsis
3079 4339 3292 4404 omnino
3315 4339 3776 4420 co'titeutttitttr_._i\'am

2262 4426 2545 4497 suspectus
2558 4427 2612 4497 et
2642 4417 2752 4487 ipse
2775 4421 2844 4474 ab
2870 4412 3058 4475 incolis
3084 4436 3204 4497 cum
3230 4421 3446 4497 caeteris
3462 4418 3548 4490 qui
3567 4417 3624 4471 dc
3643 4412 3779 4497 mall};

2263 4473 2517 4540 nia’culn
2557 4473 3144 4553 illo‘comincaverant,
3183 4473 3514 4553 habebatur';
3545 4501 3604 4542 ne
3650 4473 3780 4536 illr'ml

2261 4555 2636 4631 liberationem
2689 4561 2782 4631 sui
2818 4575 3006 4614 eorum
3066 4562 3404 4631 excogitaret
3461 4555 3778 4631 traditionem?

2265 4626 2487 4700 lli-pani
2511 4643 2640 4682 vero
2666 4645 2734 4685 ne
2771 4629 3009 4700 irrogata
3037 4624 3231 4700 incolis
3252 4639 3429 4686 morte
3455 4629 3537 4700 ad,
3555 4624 3781 4698 religiosi”

2265 4697 2560 4770 transirent
2585 4715 2774 4770 regem.
2803 4697 2940 4766 Quid
2963 4700 3163 4754 multa?
3183 4698 3274 4755 Fit
3298 4701 3441 4756 intra
3465 4699 3650 4770 urbem,
3669 4697 3780 4770 111189·

2266 4766 2434 4840 rabile
2461 4753 2850 4838 spectaculum"
2862 4753 3180 4839 prensat:
3215 4753 3504 4840 iussique
3525 4753 3650 4824 cadit
3671 4753 3783 4840 pfle

2261 4836 2451 4911 derunt
2489 4833 2743 4904 ’caterva,
2788 4833 3073 4910 utrobique
3125 4833 3533 4911 prosternit-ora
3563 4833 3782 4911 utrobiquf

567 4905 719 4962 dunt.
754 4905 863 4961 Sed
885 4905 978 4960 ubi
998 4907 1163 4961 nostri
1191 4905 1288 4960 hoc
1311 4913 1696 4976 persenserunt,
1711 4915 1824 4976 post
1848 4922 1934 4960 eos
1963 4907 2167 4977 fortiter
2257 4905 2570 4978 iugulatur;
2600 4919 2648 4964 ct
2671 4912 2760 4982 qui
2791 4905 3101 4966 nostrorum
3127 4905 3336 4982 gladios
3360 4907 3644 4970 evadebant,
3666 4907 3780 4954 απιιε

2122 4993 2352 5051 NOTAE.

645 5098 671 5126 ι
711 5083 796 5148 F.,
821 5084 1146 5140 dimicantes.

646 5154 676 5194 δ
712 5154 835 5220 Ms.,
863 5170 983 5207 cum
1009 5154 1296 5219 victoriam,
1321 5162 1426 5211 etc.

644 5236 669 5262 ε
714 5224 798 5290 F.,
827 5224 1206 5294 antiquioribus
1227 5225 1488 5294 aediﬁciis,

641 5293 668 5335 ιι
710 5295 809 5360 ld.,
841 5309 868 5347 ε
898 5293 1107 5348 uestris.

645 5376 673 5404 ε
713 5364 814 5434 ld.,
846 5363 1192 5434 prtet'entione
1213 5364 1392 5419 occisi.

647 5435 668 5474 ἲ
709 5433 807 5504 ld.,
837 5433 1076 5504 patienti.

643 5507 672 5545 8
707 5503 770 5558 lu
807 5503 912 5558 ms.
952 5503 1104 5558 deest
1135 5519 1290 5559 nova.

639 5575 670 5614 δ
709 5574 873 5628 Deest
900 5573 1025 5628 etin
1054 5572 1116 5626 Ρ.

645 5647 659 5686 ί
707 5645 793 5716 1),,
817 5641 1108 5716 aemulam.

646 5727 658 5766 ι
710 5715 795 5782 F.,
818 5715 1226 5770 existimaretur.

2345 5085 2375 5126 ἱ
2416 5087 2514 5144 Ms.
2541 5087 2906 5163 :‘Replctur...
2933 5093 3112 5146 civitas
3135 5093 3384 5163 permisto
3413 5090 3584 5162 {unm
3605 5078 3784 5139 morti”

2271 5166 2324 5212 et
2347 5159 2685 5214 cadaveribus
2721 5161 3092 5216 humanorum.

2352 5227 2371 5310 ξ
2413 5228 2512 5310 ld_.;
2545 5239 2637 5283 aut
2660 5230 2906 5286 humanae
2931 5234 3152 5304 strages,
3175 5243 3266 5289 aut
3305 5232 3572 5305 subjiciat:
3603 5217 3784 5298 Ραωδαιί

2262 5299 2528 5370 animalia
2555 5315 2753 5370 greges.

2337 5379 2387 5407 ἰιι
2417 5367 2520 5440 l_d.,
2541 5367 2792 5440 patentes.

2349 5447 2379 5475 ιι
2416 5437 2503 5511 ξε,
2538 5437 2693 5511 positi
2713 5450 2901 5496 essent.
2932 5439 3088 5511 Erat,
3109 5451 3220 5503 etc.

2348 5514 2379 5542 ο
2418 5507 2569 5583 ﬂisp.
2598 5508 2786 5576 illust.,
2817 5507 3122 5583 angebatur.

2353 5587 2383 5628 P
2415 5578 2494 5632 lbi
2518 5579 2668 5634 deest
2691 5597 2886 5636 muros.

2353 5657 2382 5699 (ι
2421 5647 2543 5716 Ms,
2568 5668 2600 5704 a
2619 5651 2748 5705 suis.
