3974 6306
197 431 312 496 783

1092 429 1271 488 HIST.
1311 421 1760 487 BEBELLIONIS
1797 428 2004 487 PAULI
2040 426 2201 485 ADV.
2245 425 2580 482 WAMBAM.

3367 427 3470 486 ’186

1400 582 1408 587 -
1478 537 1756 596 TEXTUS
1792 536 2171 596 LEGITIMUS

193 649 324 693 men
351 632 507 693 color
528 631 808 701 deformis,
843 631 1018 689 lurida
1062 634 1239 705 pellis,
1268 634 1464 690 horror
1517 633 1790 700 immanis,
1821 637 1874 696 Α
1895 631 2040 688 nidis
2069 629 2361 686 ambitione
2380 627 2561 699 potius
2585 642 2750 700 quam
2774 627 2964 686 ordine
2986 637 3261 702 praeeunte
3286 645 3477 704 peree-

193 727 344 785 fetor
386 726 762 785 intolerabilis.
795 725 1026 794 Quidam
1057 728 1220 783 etiam
1251 727 1320 784 de
1342 727 1472 800 ipsis
1491 723 1800 796 jacentibus

194 817 455 883 mortuis,
513 817 606 887 qui
661 815 897 872 lartbalia
955 825 1282 887 exceperant
1333 816 1558 872 vulnera
1608 815 1800 872 mortis

193 907 439 976 speciem
461 905 805 972 simulabant,
834 914 894 961 ut
924 906 1115 962 mortis
1158 907 1446 964 evaderent
1488 922 1706 962 causam
1726 921 1744 960 :
1767 905 1802 942 ¥

193 1010 326 1051 cum
348 1005 532 1052 tamen
581 1002 636 1050 et
694 994 934 1051 vulneris
977 995 1167 1066 jugulo
1187 1037 1202 1062 ,
1250 1003 1306 1052 et
1354 995 1514 1052 famis
1567 994 1802 1054 confecti

191 1085 356 1142 clade
391 1103 493 1143 nec
531 1086 640 1158 ipsi
668 1095 898 1142 mortem
928 1086 1242 1155 evaderent,
1279 1095 1504 1159 excepto
1547 1104 1676 1155 uno,
1712 1087 1802 1146 cui

192 1177 461 1234 simulare
484 1185 736 1243 mortem,
779 1177 947 1232 vitam
999 1193 1275 1235 mercasse
1321 1180 1606 1250 probatum
1639 1187 1742 1236 est.
1766 1181 1801 1218 ³⁸

267 1271 364 1325 20.
404 1269 511 1326 Sed
545 1271 662 1326 luce
685 1276 739 1324 et
765 1269 852 1325 his
884 1269 1081 1325 similia
1117 1269 1314 1326 Paulus
1335 1269 1450 1339 jam
1479 1271 1786 1342 tyrannidis

192 1362 544 1418 immanitate
571 1361 813 1431 deposita
844 1377 966 1416 cum
993 1375 1190 1432 magno
1209 1362 1390 1418 cordis
1417 1362 1650 1432 suspirio
1677 1363 1798 1419 fieri

192 1451 540 1520 deplorabat,
571 1465 696 1506 cum
733 1465 833 1506 nec
859 1445 1003 1504 hosti
1033 1451 1310 1516 resistere,
1345 1465 1447 1507 nec
1469 1451 1583 1506 suis
1609 1460 1799 1522 posset

193 1541 314 1596 ullo
344 1540 507 1595 modo
539 1540 847 1596 subvenire.
895 1539 1137 1596 Accessit
1175 1548 1358 1596 tamen
1391 1539 1461 1596 ad
1489 1556 1610 1597 eum
1633 1540 1802 1596 insul-

197 1642 420 1688 taturus
442 1630 520 1686 illi
543 1631 629 1685 vir
651 1631 873 1700 quidam
899 1647 930 1686 e
957 1647 1055 1685 sua
1088 1639 1241 1686 ortus
1266 1630 1490 1685 familia.
1522 1629 1662 1698 Quid
1689 1631 1795 1696 hic,

195 1723 302 1786 ait,
339 1720 587 1777 assistis?
616 1720 720 1778 Ubi
746 1729 872 1776 sunt
895 1720 1194 1776 consiliarii
1216 1721 1314 1786 tui,
1354 1721 1447 1790 qui
1476 1727 1533 1776 te
1563 1720 1631 1776 ad
1657 1720 1802 1775 istud

195 1813 577 1884 perduxerunt
601 1824 629 1852 ι
657 1811 981 1866 calamitatis
1022 1811 1350 1868 ludibrium?
1381 1811 1521 1879 Quid
1555 1811 1650 1867 tibi
1675 1827 1800 1882 pro—

197 1903 308 1960 fuit
331 1911 524 1959 contra
558 1913 682 1959 tuos
728 1904 1030 1974 insurgere,
1081 1919 1209 1960 cum
1252 1920 1354 1960 nec
1399 1904 1516 1971 tibi,
1563 1919 1665 1960 nec
1694 1905 1802 1960 tuis

1899 727 2137 790 ceperat,
2183 717 2484 776 tabefactus
2529 718 2796 789 deposuit.
2845 718 2980 776 Miro
3021 721 3343 792 occultoque
3384 723 3481 781 Dei

1891 807 2096 880 judicio
2129 810 2185 866 id
2221 814 2434 882 agente,
2463 815 2524 864 ut
2549 809 2738 866 eodem
2761 809 2852 864 die
2877 813 3192 881 perceptam
3218 819 3482 884 tyrannus

1898 919 2123 976 regnum
2159 903 2468 973 deponeret,
2499 917 2608 974 quo
2636 903 2920 974 religiosus
2943 904 3195 976 princeps
3224 907 3485 978 regnandi

1897 1005 2170 1068 sceptrum
2199 1013 2231 1052 a
2255 997 2484 1053 Domino
2523 996 2872 1067 percepisset.
2911 995 3042 1053 Erat
3079 999 3224 1054 enim
3253 999 3369 1056 dies
3396 999 3486 1056 illa

1898 1088 2260 1144 Kalendarum
2281 1088 2697 1160 Septembrium,
2722 1089 2776 1144 in
2797 1104 2901 1160 qua
2919 1090 3220 1161 principem
3240 1101 3487 1148 nostrum

1897 1179 2108 1250 pridem
2148 1179 2177 1220 (ι
2229 1180 2512 1236 constabat
2559 1178 2740 1250 regale
2783 1180 3139 1251 assumpsisse
3186 1180 3486 1254 fastigium.

1899 1267 2028 1325 Haec
2063 1283 2194 1341 ergo
2224 1276 2309 1325 est
2342 1267 2479 1334 dies,
2519 1267 2576 1323 in
2604 1283 2710 1338 qua
2735 1267 2965 1324 revoluti
2994 1269 3121 1324 anui
3155 1269 3332 1326 orbita
3367 1269 3491 1328 red.

1898 1367 2080 1424 eunte,
2127 1359 2355 1430 irruptio
2395 1358 2573 1431 patuit
2615 1359 2785 1414 urbis.
2817 1359 2875 1414 In
2903 1359 3006 1414 hac
3049 1368 3378 1430 praesumpta
3406 1371 3431 1401 ο
3457 1376 3490 1416 a

1899 1459 2132 1522 tyranno
2175 1450 2373 1521 regalis
2418 1449 2709 1521 deponitur
2736 1449 2941 1516 vestis;
2975 1450 3030 1505 in
3057 1451 3160 1507 bac
3196 1451 3491 1522 sanguinea

1901 1539 2131 1596 infertur
2157 1535 2291 1598 ultio
2314 1541 2571 1597 inimicis.

1969 1630 2058 1684 21.
2095 1629 2281 1686 Tertia
2331 1631 2498 1703 igitur
2537 1639 2663 1702 post
2707 1630 2826 1686 haec
2865 1631 2980 1702 jam
3023 1630 3140 1686 dies
3178 1632 3491 1699 advenerat,

1901 1738 2025 1779 cum
2055 1721 2252 1779 Paulus
2292 1722 2406 1794 ipse
2450 1730 2575 1793 post
2613 1721 2790 1778 noctis
2825 1721 2935 1777 alta
2981 1723 3212 1794 suspiria
3244 1723 3495 1780 ultimum

1901 1813 1985 1869 sui
2032 1811 2194 1868 funus
2243 1819 2520 1884 exspectat
2551 1812 2596 1867 ί.
2629 1811 2798 1869 Facto
2828 1812 2976 1869 enim
3009 1828 3188 1879 mane,
3237 1829 3360 1870 cum
3410 1813 3496 1869 bis

1902 1917 2040 1972 quos
2089 1901 2327 1960 asseclas
2365 1901 2688 1972 proditionis
2717 1904 2742 1942 ⁸
2776 1917 2889 1959 sua:
2937 1901 3221 1971 habuerat,
3269 1902 3498 1959 verbum

198 2011 354 2052 nunc
373 1986 569 2050 'valeas
593 1996 646 2050 in
670 2001 820 2049 tanta
849 1995 1046 2050 mortis
1077 1993 1228 2050 clade
1257 1994 1546 2066 prodesse?
1568 1993 1694 2050 Haec
1717 1994 1800 2049 di-
1833 2001 1878 2063 Β
1903 1993 2104 2048 habere
2139 1991 2336 2062 etrapit;
2361 1999 2422 2046 ut
2450 1998 2543 2047 aut
2566 1991 2686 2047 vale
2710 1991 2958 2048 ultimum
2988 1993 3092 2049 sibi
3117 1993 3376 2059 dicerent,
3407 2001 3500 2048 aut

198 2101 338 2143 cens
365 2085 656 2142 insultabat
681 2085 776 2150 illi,
817 2101 928 2141 non
955 2093 1068 2140 tam
1095 2085 1434 2141 conviciandi
1463 2093 1606 2151 voto,
1635 2097 1799 2155 Quam

198 2177 590 2233 amaritudinis
635 2185 964 2246 provocatus
1001 2177 1200 2233 studio.
1231 2176 1340 2232 Sed
1382 2191 1506 2233 cum
1555 2178 1624 2234 ab
1665 2177 1801 2232 illob

199 2269 432 2324 blandis
448 2270 756 2324 hortaretur
769 2269 1132 2336 sermonibus,
1148 2275 1207 2324 ut
1219 2267 1390 2324 dolori
1406 2267 1522 2337 ejus
1533 2275 1801 2339 parceret,

199 2368 266 2416 et
288 2359 588 2415 confusioni
605 2357 978 2414 confusionem
991 2375 1099 2414 non
1116 2359 1368 2426 adderet;
1389 2367 1604 2414 tandem
1623 2365 1678 2415 et
1692 2359 1806 2430 ipse

202 2451 264 2507 in
291 2449 556 2521 gradibus
583 2450 906 2505 marmoreis
932 2449 1253 2516 consistens,
1291 2449 1346 2504 in
1377 2448 1570 2518 quibus
1595 2449 1697 2503 ista
1732 2449 1809 2504 illi

203 2541 572 2597 insultaturus
614 2541 930 2607 advenerat,
968 2540 1288 2596 descensum
1334 2540 1606 2596 concitum
1648 2537 1805 2606 fecit,

203 2634 404 2705 sicque
452 2634 505 2689 in
543 2633 718 2690 oculis
759 2633 930 2704 ipsius
975 2632 1128 2688 Pauli
1171 2634 1571 2689 circumventus
1606 2649 1638 2688 a
1675 2633 1805 2701 suis,

195 2726 486 2798 jugulatus
507 2727 781 2782 occubuit.
805 2726 1015 2793 Quibus
1040 2725 1236 2781 Paulus
1262 2743 1274 2780 :
1302 2725 1442 2794 Quid
1465 2727 1591 2784 huic
1614 2740 1636 2767 ο
1663 2743 1810 2798 qua:-

205 2819 377 2873 ritis?
418 2817 614 2873 aiebat.
667 2816 815 2872 Meus
861 2825 964 2882 est,
1014 2817 1208 2888 inquit,
1254 2833 1359 2872 non
1396 2827 1604 2889 pereat.
1649 2819 1716 2872 Et
1753 2827 1811 2872 ut

207 2916 612 2971 reservaretur,
657 2907 925 2977 frequenti
961 2921 1156 2962 vocum
1194 2907 1578 2965 lamentatione
1599 2909 1809 2965 orabat.

206 2999 320 3055 Sed
340 2997 458 3068 jam
483 2999 817 3069 contemptui
859 2999 1096 3065 habitus,
1125 3000 1282 3069 quasi
1322 3007 1376 3055 et
1409 3001 1523 3070 ipse
1559 3003 1814 3057 continuo

205 3091 534 3158 moriturus,
570 3089 750 3145 audiri
776 3105 882 3144 non
909 3098 1136 3159 poterat.
1175 3091 1326 3146 Tunc
1365 3093 1681 3148 omnimoda
1725 3093 1817 3148 de-

204 3184 524 3254 speratione
548 3191 843 3254 permotus,
872 3183 1074 3254 regalia
1105 3182 1431 3249 indumenta,
1464 3199 1586 3256 quae
1619 3193 1816 3255 tyran-

1904 2085 1949 2141 si
1995 2092 2235 2154 possent,
2287 2083 2480 2140 salutis
2503 2099 2615 2140 sum
2641 2083 2818 2140 adhuc
2840 2085 2896 2140 in
2921 2083 3104 2155 aliquo
3127 2084 3494 2141 consulerent.

1905 2177 2057 2234 Tunc
2078 2176 2390 2248 Argebadus
2409 2177 2438 2217 ιι
2461 2175 2828 2232 Narbonensis
2856 2175 3100 2234 ecclesiae
3117 2176 3336 2246 praesul,
3354 2191 3500 2232 eom-

1907 2269 2057 2324 muni
2085 2266 2315 2324 consilio
2353 2267 2422 2323 ad
2462 2267 2762 2338 principem
2789 2267 3041 2333 mittitur,
3081 2267 3173 2337 qui
3205 2267 3374 2322 vitam
3405 2281 3500 2322 ro-

1909 2369 2081 2433 garet,
2098 2361 2192 2433 qui
2207 2359 2428 2417 oﬂ’ensis
2449 2360 2662 2415 veniam
2679 2367 3014 2432 precaretur.
3032 2359 3167 2416 Nam
3185 2358 3380 2416 oblatis
3390 2359 3503 2415 Deo

1914 2453 2123 2518 hostiis,
2143 2450 2259 2522 jam
2281 2451 2337 2507 in
2357 2451 2490 2522 ipsis
2511 2450 2866 2518 vestimentis,
2891 2465 3016 2506 cum
3037 2451 3234 2521 quibus
3246 2449 3504 2508 dominici

1914 2543 2159 2614 corporis
2191 2551 2244 2598 et
2269 2543 2550 2615 sanguinis
2593 2543 2826 2617 gratiam
2870 2543 3264 2601 communionis
3303 2551 3508 2600 sancta:

1913 2641 2266 2708 perceperat,
2319 2637 2336 2655 '
2373 2635 2428 2690 in
2473 2635 2669 2706 quibus
2715 2650 2824 2691 non
2869 2644 2982 2691 tam
3030 2637 3223 2692 mortis
3261 2645 3508 2692 extrema

1915 2727 2112 2782 damna
2133 2727 2382 2796 excipere
2408 2742 2570 2797 quam
2593 2727 2918 2797 insepultum
2944 2739 3003 2783 se
3027 2727 3239 2784 obvolvi
3266 2733 3504 2784 curaret.

1916 2819 2124 2888 Quippe
2162 2819 2250 2874 cui
2296 2819 2570 2888 sepultura
2606 2833 2708 2888 pro
2739 2819 2933 2874 merito
2959 2827 3268 2890 negaretur,
3317 2819 3366 2876 si
3395 2833 3510 2876 sua:

1918 2911 2240 2982 patrationis
2268 2911 2543 2982 exciperet
2573 2908 2821 2983 jugulum
2854 2912 2898 2964 ί.
2924 2910 3044 2967 Jam
3068 2911 3386 2983 Argebadus
3410 2927 3508 2967 an-

1921 3002 2076 3056 tistes
2119 3009 2410 3072 rogaturus
2457 3000 2693 3067 veniam,
2733 3001 2802 3057 ab
2843 3000 2925 3057 eis
2966 3001 3193 3057 exierat.
3219 3003 3236 3022 ⁴
3268 3001 3338 3057 Et
3381 3015 3511 3058 ecce

1920 3105 2266 3163 progressum
2310 3091 2542 3147 celerem
2584 3091 2846 3162 principis
2883 3107 3006 3149 cum
3029 3092 3336 3149 aestimabili
3365 3091 3380 3144 i
3417 3107 3511 3164 ag-

1923 3184 2067 3240 mine
2103 3189 2462 3253 pugnatorum
2499 3189 2692 3252 quarto
2730 3180 2844 3239 fere
2880 3181 2950 3238 ab
2981 3197 3117 3238 uroe
3149 3181 3406 3240 milliario
3429 3183 3512 3238 vi-

1530 3277 1810 3336 TEXTUS
1850 3276 2214 3334 TUDENSIS.

203 3384 439 3442 suorum
469 3368 736 3439 peribant.
776 3369 1048 3442 llepleturi
1083 3369 1264 3442 itaque
1295 3369 1486 3424 civitas
1544 3370 1806 3442 permisto
1835 3379 1880 3442 ρ
1913 3368 2108 3442 quibus
2130 3366 2234 3442 ista
2255 3365 2333 3420 illi
2355 3365 2712 3442 insultaturus
2727 3365 3040 3442 advenerat,
3066 3365 3122 3422 in
3143 3366 3318 3442 oculis
3339 3368 3512 3442 ipsius

205 3439 406 3498 funere
429 3449 764 3495 mortuorum
787 3439 1138 3495 cadaveribus
1165 3441 1541 3494 humanorum.
1573 3439 1800 3494 Misera-

201 3511 319 3566 bile
345 3511 504 3564 etiam
531 3510 690 3565 funus
713 3520 824 3564 erat
860 3510 914 3564 in
952 3511 1202 3565 domibus
1235 3527 1247 3562 :
1287 3519 1342 3564 ct
1382 3509 1471 3565 ubi
1524 3511 1809 3566 domorum

203 3581 399 3634 abdita
450 3581 859 3650 perlustrasses,
899 3590 1133 3650 patentes
1187 3589 1428 3635 mortuos
1500 3581 1810 3650 rcperires:

200 3666 309 3720 per
363 3650 480 3704 vias
504 3653 530 3691 ιι
559 3667 772 3720 quoque
794 3661 842 3704 et
875 3651 1076 3721 plateas
1119 3651 1268 3705 urbis
1293 3650 1477 3719 jacere
1534 3651 1810 3721 botninum

203 3719 483 3776 i'adavera
507 3719 757 3776 cerneres
779 3719 976 3776 minaci
1007 3721 1241 3790 quodam
1268 3721 1418 3775 vultu
1447 3728 1502 3776 et
1532 3719 1814 3777 ferocntate

202 3791 462 3855 immani,
487 3802 745 3861 tanquam
779 3801 943 3846 essent
964 3793 1142 3846 adhuc
1171 3791 1226 3845 in
1261 3791 1375 3860 ipsa
1405 3790 1668 3848 bellorum
1698 3793 1814 3848 acie

201 3861 400 3934 positi.
425 3861 554 3934 Erat
573 3873 752 3916 tamen
775 3861 1228 3934 colordeforntis,
1248 3863 1381 3916 cutis
1402 3861 1594 3934 lurida,
1622 3862 1816 3934 hortor

205 3931 490 3996 immanis,
521 3931 662 3987 fetor
698 3932 1070 3988 intolerabilis.
1097 3931 1328 3998 Quidam
1356 3933 1521 3987 etiam
1571 3933 1638 3988 de
1679 3933 1814 3998 ipsis

192 4001 520 4072 iacentibus
541 4003 714 4058 adhuc
739 4003 882 4067 ciris,
907 4003 1000 4073 qui
1025 4013 1350 4070 exceperant
1384 4003 1600 4057 letltalia
1622 4001 1812 4059 vulne-

205 4091 278 4127 ra
304 4073 506 4138 mortis,
530 4074 763 4142 speciem
787 4083 1111 4129 mortuorum
1137 4073 1482 4139 simulabant,
1513 4081 1570 4128 ut
1595 4084 1813 4128 mortem

201 4143 438 4202 evadere
463 4153 687 4211 possent.

285 4211 381 4285 20.
409 4211 536 4285 llaec
559 4222 612 4266 et
638 4214 724 4270 bis
765 4212 962 4285 similia
1003 4212 1202 4268 Paulus
1232 4213 1348 4269 fieri
1377 4213 1572 4278 videns,
1627 4222 1815 4285 tyran-

201 4283 360 4363 nidis
385 4283 954 4364 ferocitatedeposita,
1001 4301 1192 4364 magna
1231 4285 1411 4364 cordis
1453 4283 1722 4364 aitxietate
1749 4303 1812 4339 ac

199 4354 430 4408 miseria
459 4354 996 4424 stringebatarmum
1035 4370 1135 4409 nec
1179 4355 1319 4410 hosti
1365 4354 1620 4410 resistere
1645 4394 1660 4420 ,
1713 4371 1815 4411 nec

199 4425 328 4481 Suis
377 4434 560 4494 posset
604 4427 659 4478 in
704 4424 880 4494 aliqua
916 4425 1220 4478 subvenire.
1253 4425 1498 4481 Accessit
1533 4435 1713 4479 tamen
1743 4427 1814 4482 ad

199 4509 337 4548 cum
363 4493 720 4550 insultaturus
739 4493 814 4550 illi
839 4495 920 4550 vir
947 4495 1166 4563 quidam
1189 4505 1341 4552 ortus
1365 4513 1432 4551 ex
1456 4494 1663 4549 familia
1689 4511 1806 4551 sua.

202 4564 356 4637 Quid
385 4563 622 4637 bic,_ait,
657 4565 912 4622 assistis?
954 4565 1052 4637 Ubi
1083 4575 1209 4620 sunt
1235 4565 1529 4637 consiliarii
1571 4567 1668 4632 tui,
1717 4568 1810 4637 qui

203 4647 266 4708 te
287 4635 358 4708 ad
383 4633 529 4708 istud
569 4639 939 4704 perduxerunt
971 4635 1294 4708 calamitatis
1318 4636 1643 4708 ludibrium?
1670 4633 1811 4708 Quid

203 4705 312 4778 tibi
353 4705 562 4778 proluit
599 4714 789 4762 contra
831 4716 951 4778 tuos
976 4707 1271 4778 insurgere,
1301 4723 1424 4762 cum
1452 4721 1553 4763 nec
1583 4707 1684 4763 tibi
1702 4705 1809 4765 nec

141 4809 150 4817 -
202 4775 321 4852 tuis
346 4775 562 4852 minime
591 4793 732 4852 nunc
759 4777 952 4852 valeas
977 4776 1030 4852 in
1061 4775 1219 4852 tanta
1255 4779 1445 4835 mortis
1492 4779 1643 4852 clade
1682 4795 1808 4852 pro-

201 4846 408 4903 desse?
442 4844 571 4902 llzec
595 4847 782 4902 dicens
814 4847 1105 4901 insultabat
1149 4847 1243 4914 illi,
1287 4865 1394 4905 non
1437 4859 1548 4906 tam
1584 4844 1807 4904 lco‘nvi-

200 4915 398 4992 ciandi
444 4925 588 4992 voto,
614 4917 1191 4992 quanramaritudinis
1233 4921 1410 4974 studio
1456 4929 1801 4992 provocatus.

202 4987 321 5042 Sed
364 5002 489 5040 cum
519 4988 587 5042 ab
613 4987 705 5042 illo
749 4987 960 5042 blandis
998 4989 1302 5044 hortaretur
1346 4987 1705 5056 sermonibus,
1747 4999 1806 5045 ut

199 5057 392 5112 dolori
417 5057 534 5125 ejus
552 5066 820 5127 parceret,
868 5065 923 5112 et
969 5057 1338 5114 confusionem
1365 5061 1666 5115 confusioni
1694 5077 1801 5116 non

200 5129 473 5193 adderet;
518 5129 574 5183 in
605 5129 731 5199 ipsis
761 5129 1015 5200 gradibus
1041 5131 1361 5187 marmoreis
1382 5130 1705 5197 consistens,
1746 5133 1803 5186 in

1837 4741 1885 4802 υ

1871 4773 2065 4848 Linque
2089 4792 2211 4832 eum
2239 4775 2325 4848 iis,
2352 4773 2470 4848 cum
2489 4776 2676 4848 quibus
2697 4775 2916 4848 consilia
2941 4790 3053 4831 sua:
3075 4773 3383 4848 perditionis
3405 4775 3505 4848 ba-

1917 3435 2066 3492 Pauli
2097 3436 2498 3492 circumventus
2520 3453 2551 3491 a
2585 3436 2718 3502 suis,
2738 3435 3017 3506 jugulatus
3051 3439 3322 3493 occubuit.
3357 3435 3511 3496 Pau-

1917 3509 2000 3564 lus
2025 3515 2241 3563 autem:
2274 3507 2417 3574 Quid
2449 3507 2572 3578 huic
2598 3507 2886 3578 quaeritis?
2915 3506 3284 3562 tremebundus
3307 3508 3507 3564 clama-

1916 3579 2001 3634 but
2028 3595 2047 3634 :
2075 3593 2228 3633 meus
2277 3585 2382 3642 est,
2431 3577 2630 3646 dicens,
2674 3594 2738 3632 ne
2780 3583 2966 3646 pereat
2993 3595 3007 3631 :
3035 3584 3092 3631 et
3115 3585 3175 3632 ut
3202 3593 3509 3636 reservare-

1917 3658 2024 3712 tur,
2066 3647 2336 3718 frequenti
2371 3663 2566 3702 vocum
2609 3645 2996 3718 lamentatione
3021 3648 3234 3703 orabat.
3265 3648 3372 3704 Sed
3388 3646 3508 3717 jam

1915 3717 2246 3788 contemptui
2287 3718 2520 3781 habitus,
2553 3717 2792 3788 quasiet
2818 3718 2934 3788 ipse
2971 3718 3230 3788 continuo
3277 3721 3509 3777 moritu-

1917 3807 2029 3856 rus,
2075 3787 2247 3844 audiri
2286 3804 2393 3843 non
2428 3797 2664 3860 poterat.
2707 3787 2858 3860 Tunc
2894 3787 3204 3844 omnimoda
3251 3788 3510 3860 desperas

1917 3861 2064 3932 tione
2107 3867 2404 3932 permotus,
2455 3858 2658 3930 regalia
2707 3858 3050 3932 indumenta,
3071 3874 3192 3929 qua:
3211 3858 3395 3930 potius
3423 3867 3510 3932 ty.-

1916 3928 2160 3986 rannidis
2183 3930 2509 4002 ambitione,
2525 3928 2718 4002 ‘quam
2727 3928 2928 4002 ordine
2955 3928 3230 4002 praeeunte
3255 3928 3508 4002 percepe-

1917 4011 2020 4072 rat,
2047 4001 2346 4057 tabefaetus
2374 4001 2640 4072 deposuit.
2668 3999 2805 4056 Miro
2833 3999 3154 4071 occultoque
3178 3999 3280 4072 Dei
3295 3999 3507 4072 judicio

1916 4068 1970 4127 iJ
2011 4081 2223 4144 agente,
2262 4079 2321 4125 ut
2362 4087 2424 4125 ea
2443 4068 2543 4144 “die
2577 4081 2890 4144 perceptum
2935 4068 3233 4142 tyrannidis
3280 4068 3508 4144 regnum

1915 4140 2228 4215 deponeret,
2281 4159 2386 4212 qua
2449 4140 2756 4215 religiosus
2775 4140 3038 4215 princeps
3055 4143 3327 4215 regnandi
3345 4140 3506 4215 scep-

1915 4221 2059 4266 trum
2096 4229 2127 4267 a
2158 4214 2386 4268 Domino
2419 4212 2769 4282 percepisset.
2797 4212 2931 4272 Erat
2953 4212 3102 4267 enim
3127 4212 3244 4268 dies
3273 4213 3364 4270 illa
3397 4212 3505 4273 Ka-

1915 4283 2057 4355 lend.
2106 4282 2388 4355 Septemb.
2411 4282 2464 4335 in
2492 4297 2597 4355 qua
2622 4282 2919 4355 principem
2947 4291 3192 4355 nostrum
3218 4283 3506 4355 constabat

1916 4353 2094 4424 regale
2123 4349 2481 4424 as'suiltpsisse
2512 4349 2826 4424 l'astigium'.
2877 4351 2945 4424 In
2993 4353 3092 4424 liae
3133 4365 3264 4424 ergo
3288 4353 3391 4424 pdie
3426 4354 3501 4424 ir-

1913 4421 2094 4495 ruptio
2139 4421 2323 4495 patuit
2359 4423 2528 4487 urbis,
2579 4421 2834 4495 tyrannus,
2890 4421 3353 4495 Paulusure'galia
3402 4423 3509 4495 Ade.

1911 4490 2083 4576 possit
2120 4490 2444 4556 indumenta,
2495 4502 2540 4547 et
2573 4490 2870 4564 sanguinea
2909 4493 3042 4551 ultio
3089 4490 3235 4547 illata
3278 4501 3354 4548 est
3399 4493 3510 4550 ini-

1914 4580 2094 4621 llllClS.

1982 4635 2072 4690 21.
2104 4633 2288 4690 Tertia
2315 4642 2438 4705 post
2477 4635 2592 4692 haec
2619 4633 2752 4705 dies
2785 4633 3111 4705 advenerat,
3147 4648 3270 4694 cum
3303 4632 3502 4690 Paulus

1912 4715 2031 4776 post
2083 4705 2267 4776 noctis
2298 4703 2534 4776 suspiria
2578 4703 2828 4760 ultimum
2855 4704 2961 4776 sui
2989 4703 3152 4762 funus
3178 4711 3498 4776 exspectat:

1912 4844 2141 4916 bu'erat,
2162 4847 2384 4902 verbum
2416 4844 2616 4908 habere
2658 4845 2825 4915 co'pit
2852 4859 2868 4898 :
2899 4853 3082 4916 utaut
3108 4844 3232 4905 vale
3246 4845 3506 4916 rsibiulti:

1913 4935 2061 4972 mum
2087 4913 2362 4988 dicerent;
2405 4924 2518 4979 aut,
2536 4985 2544 4988 _
2562 4916 2608 4972 si
2637 4913 2877 4988 possent,
2903 4913 3065 4988 _s_alu_ti
3101 4915 3298 4988 suntin
3322 4915 3506 4988 aliquo

1911 4989 2274 5049 consulerent.
2314 4987 2476 5058 ,Tunc
2508 4983 2876 5058 Argebaudus
2901 4983 3268 5058 Narbonensis
3302 4983 3510 5058 episco-

1909 5075 2012 5128 pus
2053 5057 2328 5116 communi
2370 5056 2711 5128 consilioad
2756 5056 3058 5128 principem
3111 5056 3366 5124 mittitur,
3410 5062 3508 5128 qui

1912 5126 2080 5185 vitam
2126 5136 2346 5200 rogaret
2383 5126 2623 5192 offensis,
2668 5134 2723 5180 et
2766 5127 2978 5182 veniam
3016 5136 3357 5195 precaretur.
3398 5126 3505 5199 QUl

1737 5219 1974 5280 NOT/E.

282 5323 310 5382 ἒ
341 5309 432 5378 F.,
453 5313 767 5382 perduxere.

285 5381 316 5423 ι’
339 5381 646 5448 Μηίὲιιωη.

345 5451 413 5506 ιε’.
439 5453 602 5518 male,
625 5455 766 5509 hinc.

277 5524 312 5562 ά
346 5521 432 5587 F.,
463 5525 795 5594 prmdictum,

285 5604 314 5666 αξ
342 5594 436 5666 l)_.,
462 5597 790 5666 pra'scripta.

291 5663 314 5702 τ
348 5662 441 5734 l“_.,
463 5662 818 5734 exspectabat.

289 5732 450 5805 ‘1th
477 5732 806 5805 perditionis.

285 5805 315 5844 δ
346 5803 426 5858 Id.
457 5803 545 5858 liic
573 5813 625 5858 et
649 5804 809 5871 infra,
838 5805 1171 5874 Argabadus.

295 5877 314 5918 ί
348 5875 453 5932 Ms.
478 5885 764 5947 corrupte:
793 5875 935 5932 Nunt
977 5875 1164 5933 ablatis
1207 5878 1271 5933 de
1295 5879 1476 5950 hostis,
1518 5895 1637 5935 nam
1681 5880 1806 5951 ipsis

1916 5313 2229 5386 vestimentis
2257 5309 2474 5382 quidam
2499 5312 2640 5382 quod
2664 5311 2928 5386 Dominici
2952 5314 3186 5386 corporis
3214 5322 3263 5368 et
3290 5315 3507 5386 sangui-

1918 5386 1999 5439 nis
2027 5383 2320 5456 gratiam...
2345 5393 2702 5456 perceperunt,
2728 5384 2783 5456 iu
2808 5385 2996 5456 quibus
3019 5383 3134 5456 non
3151 5394 3330 5439 tam...
3356 5383 3505 5439 dam-

1918 5471 1987 5510 na
2028 5452 2340 5526 exciperent,
2381 5467 2539 5526 quam
2573 5452 2854 5526 insepultos
2883 5473 2941 5518 se
2967 5455 3170 5512 obtvolvi
3217 5464 3504 5526 curarent:

1914 5526 2102 5596 quippe
2138 5521 2326 5597 quibus
2361 5521 2698 5597 sepultura";
2733 5537 3030 5596 negaretur,
3063 5527 3170 5580 sive
3192 5525 3508 5597 patrationt's

1916 5589 2500 5666 excipereutjuguluut,
2521 5591 2629 5650 Sed
2651 5610 2753 5655 nec
2777 5589 2955 5652 textus
2978 5589 3163 5654 uester
3187 5589 3507 5666 perspicuus

1917 5661 2441 5742 appagetaplanior,‘
2608 5666 2824 5722 brevior
2846 5667 3021 5724 Lucas
3050 5661 3336 5724 Tudénsis'.

1987 5727 2006 5786 ἶ
2047 5734 2133 5800 F.,
2161 5727 2533 5789 incestimarbili.

1987 5807 2010 5845 κ
2055 5805 2292 5874 Ms.,pro
2309 5804 2436 5867 vias,
2461 5805 2621 5862 habet
2638 5806 2793 5863 duas.
2895 5845 2916 5867 .

1995 5877 2010 5916 ι
2048 5877 2146 5942 ld.,
2173 5875 2376 5930 tantum
2402 5890 2502 5946 pro
2526 5885 2654 5932 tant.
