3974 6306
213 372 332 434 ’189

1121 367 1298 425 HIST.
1336 362 1790 425 REBELLIONIS
1826 359 2032 421 PAULI
2065 359 2226 420 ADV.
2264 358 2621 420 WAMBALL

3392 365 3503 425 790

1536 476 1814 534 TEXTUS
1848 474 2129 531 LEGITIM
2136 475 2245 535 US.

215 596 488 672 principis
509 593 786 652 exercitus
805 605 955 660 esse,
974 593 1302 666 angelosque
1330 593 1477 663 ipsos
1518 605 1682 661 super
1719 603 1812 645 ca-
1835 570 1885 629 Α
1911 588 2119 658 capillis
2136 587 2255 659 ejus
2273 604 2467 646 manus
2494 589 2516 629 τ
2559 595 2825 657 tenentes,
2851 588 3149 663 pedisequa
3196 588 3348 653 mum
3369 602 3495 668 pro.

215 701 339 747 stra
353 689 525 760 ipsius
542 686 815 743 exercitus
834 682 1149 741 volitatione
1160 699 1273 739 sum
1280 682 1634 753 protectiouis
1657 680 1811 751 signa

217 779 570 852 portendere.
612 776 720 833 Sed
747 776 1020 849 paulisper
1055 777 1172 833 haec
1198 784 1255 831 et
1277 776 1406 831 talia
1449 776 1549 831 sub
1594 772 1812 830 silentio

220 872 619 940 neliuquentes,
646 870 884 938 suscepti
908 866 1089 938 operis
1108 867 1352 923 ordinem
1375 879 1753 935 exsequamur.

292 961 387 1016 24.
419 960 557 1015 Cum
579 960 727 1015 enim
751 960 806 1014 in
833 975 1000 1014 unum
1025 966 1408 1029 congregatum
1428 956 1541 1026 jam
1560 956 1813 1027 princeps

218 1052 490 1109 sensisset
516 1051 838 1115 exercitum,
878 1050 1090 1105 eminus
1114 1050 1182 1104 ab
1202 1050 1339 1105 urbe
1351 1049 1472 1104 fere
1496 1064 1615 1103 uno
1638 1047 1814 1104 stadio

220 1144 457 1217 positus,
485 1142 788 1198 incredibili
818 1142 985 1196 animi
1017 1142 1335 1198 accensione
1358 1150 1677 1211 permotus,
1705 1140 1815 1196 dis-

219 1239 380 1310 ponit
400 1237 590 1302 duces,
619 1235 1075 1307 subtegitplebes,
1101 1234 1294 1290 dividit
1318 1234 1484 1299 acies,
1527 1242 1582 1288 et
1619 1231 1831 1303 quibus

221 1328 409 1385 modis
424 1343 659 1400 pugnam
672 1328 999 1383 conficerent
1023 1339 1050 1368 ι
1074 1327 1375 1383 instruebat
1401 1328 1442 1380 ε’
1462 1326 1611 1396 prius
1633 1334 1840 1382 tamen:-

222 1421 492 1492 disposita
533 1428 595 1474 ut
631 1420 841 1489 pridem
870 1416 1064 1485 fuerat,
1101 1419 1343 1474 virorum
1396 1416 1616 1471 fortium
1674 1417 1813 1483 acie,

219 1525 326 1580 per
333 1508 467 1580 iuga
489 1508 757 1563 montium
771 1518 826 1562 et
845 1522 997 1563 oram
1019 1508 1347 1562 maritimam
1370 1508 1419 1572 ι’,
1443 1522 1563 1577 qua:
1576 1508 1815 1563 Francius

219 1601 479 1671 partibus
497 1597 916 1669 coniunguntur,
950 1606 1011 1652 ut
1037 1597 1206 1653 libera
1232 1606 1288 1653 et
1313 1598 1563 1666 expedita
1617 1598 1817 1652 bellan-

223 1690 365 1743 tium
392 1703 589 1746 manus
609 1690 762 1744 ocius
785 1686 1095 1744 decertandi
1126 1696 1396 1757 praecepta
1433 1698 1456 1725 ο
1506 1685 1811 1756 perliceret,

220 1780 376 1850 quod
405 1778 436 1819 ἀ
474 1779 611 1834 nihil
649 1779 935 1834 adversum
956 1780 1026 1834 ab
1050 1779 1290 1835 externis
1328 1779 1576 1849 gentibus
1600 1791 1817 1848 persen-

222 1872 411 1926 sisset.
442 1872 461 1891 ‘
490 1869 644 1925 Tunc
668 1869 872 1925 electos
895 1884 1139 1939 quosque
1159 1869 1225 1924 de
1262 1868 1487 1923 ducibus
1512 1868 1697 1933 mittit,
1724 1867 1813 1937 qui

223 1970 284 2016 et
306 1960 515 2016 viribus
539 1969 594 2015 et
620 1960 815 2040 animis
836 1960 1239 2030 prmstantiores
1268 1967 1469 2025 essent,
1501 1966 1562 2014 ut
1592 1959 1815 2013 Paulum

1908 678 2144 736 lectione
2164 679 2399 736 oblaturi
2439 683 2465 722 8
2495 681 2727 752 principi
2753 681 3023 739 deferunt.

1978 770 2069 825 25.
2102 769 2220 837 Quo
2250 771 2381 835 viso,
2412 772 2664 841 princeps
2689 774 2963 842 protensis
2986 789 3112 831 cum
3132 774 3393 849 lacrymis
3424 775 3497 835 ad

1908 860 2107 917 coelum
2130 861 2380 916 manibus
2398 861 2509 916 ait:
2543 861 2639 925 Te,
2686 862 2847 929 Deus,
2877 864 3125 922 collaudo
3154 865 3358 938 Regem
3382 882 3500 924 om-

1911 952 2061 1007 nium
2102 965 2312 1019 regum,
2344 950 2434 1021 qui
2485 951 2775 1006 humiliasti
2805 954 2939 1008 sicut
2969 954 3298 1010 vulneratum
3326 970 3501 1027 sup»

1912 1043 2053 1109 bum,
2067 1046 2182 1099 etin
2196 1044 2381 1098 virtute
2394 1043 2592 1098 brachii
2609 1044 2685 1100 tui
2697 1044 2983 1098 contrivisti
3003 1044 3073 1099 ad
3077 1045 3330 1101 versarios
3349 1059 3501 1102 meos

1913 1136 2030 1208 (Ps.
2072 1152 2333 1203 cxxxvm,
2366 1134 2477 1206 ll).
2524 1135 2650 1191 Htec
2681 1143 2736 1189 et
2756 1134 2842 1190 his
2863 1134 3061 1191 similia
3091 1134 3306 1193 ﬂetibus
3331 1137 3500 1193 inter-

1913 1228 2095 1283 clusus
2114 1227 2143 1268 ιι
2170 1226 2420 1297 princeps
2449 1225 2628 1282 aiebat
2668 1228 2712 1280 ί.
2751 1224 2860 1282 Sed
2894 1216 3019 1282 mo'x
3046 1234 3310 1298 tyrannus
3356 1227 3502 1285 idem

1913 1317 2111 1372 erectis
2144 1315 2316 1371 oculis
2370 1323 2430 1370 ut
2464 1312 2659 1369 faciem
2710 1313 2974 1384 principis
3015 1314 3181 1381 vidit,
3222 1316 3409 1372 statim
3441 1331 3503 1373 se

1916 1407 2081 1461 humo
2117 1403 2428 1474 prostravit,
2457 1403 2669 1472 sibique
2701 1402 2977 1473 cingulum
3007 1403 3168 1459 solvit
3191 1417 3219 1457 τ
3233 1402 3350 1472 jam
3379 1403 3515 1474 qui-

1916 1496 2035 1552 dem
2062 1496 2345 1562 exanimis,
2367 1504 2423 1552 et
2444 1494 2613 1549 nimio
2626 1508 2825 1565 pavore
2843 1495 3112 1562 turbatus,
3137 1494 3267 1565 quid
3285 1494 3389 1550 sibi
3410 1510 3502 1551 ac-

1916 1588 2241 1644 cideretnon
2253 1586 2883 1656 attendens.-Spectabile
2895 1588 3151 1657 quiddam
3171 1587 3341 1643 oculis
3360 1594 3502 1652 erat,

1917 1681 2186 1751 quomodo
2206 1679 2275 1735 de
2298 1679 2639 1735 tam‘sublimi
2654 1679 3043 1751 licetpmrepti
3054 1680 3261 1735 ordinis
3272 1679 3508 1735 culmine

1919 1775 1973 1828 in
2003 1774 2105 1830 hac
2123 1774 2300 1829 subita
2321 1772 2715 1828 bumiliatione'
2736 1780 2796 1829 et
2830 1773 3010 1843 plena,
3024 1772 3140 1842 jam
3167 1772 3497 1830 contumelia

1920 1865 2157 1920 venisset
2184 1862 2231 1919 i.
2259 1862 2495 1919 Cernere
2518 1872 2637 1918 erat
2655 1878 2910 1935 magnum
2931 1863 3152 1934 aliquid,
3180 1878 3344 1934 quam
3368 1861 3500 1918 ﬁci-

1922 1957 1988 2012 lis
2008 1957 2035 1997 ιι
2058 1957 2431 2013 fueratrerum
2446 1955 2564 2025 ipsa
2588 1955 2815 2011 mutatio
2837 1972 2850 2008 :
2876 1962 2986 2010 tam
3005 1956 3114 2011 cito
3135 1952 3385 2010 videres1
3410 1954 3506 2010 de-

223 2064 566 2123 cuterosque
590 2054 898 2108 incentores
944 2054 1266 2137 seditionum
1320 2051 1437 2121 ejus
1487 2068 1519 2106 a
1572 2054 1820 2108 cavernis
1912 2046 2139 2117 jectum,
2176 2063 2336 2118 quem
2374 2048 2584 2117 pridem
2622 2047 2875 2103 audieras
2913 2046 3237 2116 gloriosum;
3266 2052 3322 2100 et
3343 2058 3507 2114 quem

224 2144 535 2200 Arenarum
552 2145 948 2209 abstraherent,
972 2144 1028 2198 in
1060 2145 1256 2215 quibus
1276 2159 1335 2199 se
1360 2152 1588 2199 mortem
1611 2143 1822 2215 fugien-

226 2241 321 2289 tes
375 2228 791 2289 absconderallt.
845 2233 958 2289 Nec
990 2248 1142 2288 mora
1169 2251 1183 2287 :
1209 2249 1332 2289 cum
1355 2232 1505 2303 jussa
1533 2232 1691 2289 factis
1735 2242 1825 2290 ex-

224 2326 472 2395 plerent,
518 2325 820 2380 extrahitur
844 2326 1025 2382 subito
1070 2325 1269 2380 Paulus
1322 2326 1437 2395 ipse
1462 2340 1586 2381 cum
1633 2325 1746 2381 suis
1797 2336 1821 2367 ο

228 2414 308 2469 de
347 2412 544 2468 abditis
580 2413 913 2480 Arenarum;
935 2414 1120 2483 sicque
1151 2429 1250 2484 per
1277 2429 1491 2468 murum
1516 2415 1822 2485 depositus,

233 2503 423 2558 viliter
440 2512 830 2559 contrectatur.
862 2505 996 2560 Dein
1059 2505 1237 2559 omnis
1260 2504 1349 2558 illa
1375 2504 1612 2560 insolens
1651 2504 1827 2559 multi-

232 2596 371 2650 tudo
404 2593 698 2650 Galliarum
747 2594 1069 2667 [Gallorum]
1116 2603 1278 2665 atque
1317 2594 1671 2660 Francorum,
1707 2610 1828 2665 quas

232 2685 370 2739 hinc
396 2685 522 2740 inde
544 2694 734 2740 contra
754 2695 970 2741 nostros
994 2694 1294 2756 pugnatura
1319 2685 1673 2753 conﬂuxerat,
1703 2702 1829 2743 cum

239 2774 537 2831 immensis
558 2777 828 2832 thesauris
867 2787 1025 2847 capta
1065 2785 1223 2833 estet
1266 2777 1504 2833 detenta.
1534 2780 1553 2801 ¹
1586 2780 1830 2851 Cumque

237 2874 463 2920 caterva
491 2865 581 2920 illa
607 2866 811 2936 perfida
838 2883 962 2922 cum
993 2883 1121 2937 rege
1150 2883 1251 2924 suo
1272 2876 1429 2938 capta
1444 2868 1557 2937 jam
1580 2869 1635 2924 in
1663 2886 1829 2926 unum

237 2956 587 3021 consisteret,
612 2956 831 3011 dextera
858 2956 1098 3026 laevaque
1123 2965 1334 3013 astante
1368 2958 1631 3025 exercitu,
1659 2960 1676 2979 ⁶
1725 2960 1831 3015 duo

238 3060 275 3100 e
304 3046 535 3101 ducibus
556 3048 758 3102 nostris
774 3048 928 3117 equis
941 3047 1254 3115 insidentes,
1285 3052 1555 3120 protensis
1582 3052 1831 3109 manibus

240 3138 377 3193 hinc
408 3137 539 3194 inde
558 3137 783 3194 Paulum
818 3140 874 3195 iu
897 3140 1075 3195 medio
1098 3141 1182 3195 sui
1210 3142 1563 3198 constitutum
1606 3143 1831 3199 innexas

1921 2141 2194 2210 praeterita
2231 2140 2347 2195 dies
2383 2139 2559 2194 adhuc
2578 2153 2764 2209 regem
2788 2144 3058 2201 tenuerat,
3089 2146 3199 2192 tam
3239 2134 3507 2206 praecipiti

1924 2231 2072 2302 lapsu
2101 2230 2390 2287 concidere
2420 2230 2477 2285 in
2504 2230 2738 2285 ruinam.
2765 2230 2988 2300 lmpleta
3015 2228 3317 2297 satisplene
3346 2233 3430 2281 est
3451 2224 3507 2280 in

1923 2326 2029 2379 isto
2046 2321 2378 2392 prophetalis
2389 2320 2477 2376 illa
2491 2320 2778 2377 sententia.
2816 2317 2953 2383 Vidi,
2970 2318 3163 2388 inquit,
3179 2317 3397 2387 impium
3416 2331 3510 2370 su-

1924 2411 2323 2485 percxaltatum,
2337 2420 2387 2466 et
2396 2410 2650 2467 eleuatum
2661 2426 2817 2481 super
2828 2408 3010 2464 cedros
3026 2404 3317 2463 Libani.Et
3332 2415 3511 2461 trans-

1926 2506 1996 2560 iri
2029 2517 2089 2570 ω,
2124 2513 2173 2559 et
2198 2519 2313 2559 ecce
2338 2520 2442 2558 non
2463 2510 2576 2557 erat
2599 2518 2617 2557 :
2646 2511 2693 2558 et
2726 2501 2940 2574 quasivi
2963 2515 3103 2567 eum,
3125 2507 3173 2554 et
3191 2514 3296 2553 non
3323 2506 3398 2554 est
3416 2497 3507 2552 in-

1924 2602 2106 2649 ventus
2132 2594 2275 2649 locus
2297 2593 2431 2663 ejus.
2475 2591 2616 2658 Quid
2636 2591 2806 2646 multa
2818 2590 2849 2644 ἓν
2863 2587 3134 2657 Cumjam
3157 2594 3284 2643 ante
3305 2601 3519 2657 equum.

1926 2686 2186 2758 principis
2211 2683 2407 2740 Paulus
2434 2684 2568 2755 ipse,
2606 2681 2703 2737 vel
2719 2681 2902 2738 σείειιί
2927 2678 3237 2749 huiusmodi
3255 2677 3519 2735 factionis

1929 2777 2099 2847 capti,
2119 2775 2469 2847 perductique
2490 2784 2519 2812 ιι
2546 2774 2943 2831 consisterent:
2974 2772 3084 2829 Cur
3105 2773 3161 2827 in
3192 2779 3361 2838 tanto,
3409 2771 3506 2837 ait,

1930 2870 2073 2925 malo
2103 2868 2335 2924 vesania:
2384 2867 2739 2938 prorupistis,
2767 2875 2827 2922 ut
2873 2880 2972 2937 pro
3026 2865 3185 2921 bonis
3210 2862 3351 2919 mala
3379 2860 3513 2917 mibi

1932 2958 2362 3030 responderetis?
2384 2959 2492 3014 Sed
2512 2959 2643 3029 quid
2669 2958 3034 3015 immorabor?
3050 2957 3128 3013 lte
3144 2965 3199 3013 et
3220 2963 3393 3013 estote
3415 2955 3523 3011 sub

1933 3053 2195 3109 custodiis
2220 3052 2477 3122 deputati,
2508 3067 2790 3123 quousque
2814 3067 3043 3110 censura
3073 3052 3139 3109 de
3160 3051 3313 3107 vobis
3344 3050 3516 3123 agite-

1933 3150 2021 3198 tur
2049 3141 2262 3212 judicii.
2297 3143 2492 3199 Vivere
2516 3143 2662 3198 enim
2688 3143 2842 3200 vobis
2868 3142 3099 3208 donabo,
3143 3140 3359 3197 etiamsi
3395 3155 3536 3200 non,

1561 3274 1841 3333 TEXTUS
1875 3274 2239 3333 TUDENSIS.

227 3385 455 3470 lcs_tibus
484 3385 696 3470 indiciis
707 3386 886 3470 patuit
910 3386 1186 3470 evidenter.
1220 3382 1381 3442 Visus
1424 3395 1508 3470 est
1550 3387 1694 3470 enim
1728 3404 1824 3442 au—
1847 3390 1894 3451 C
1926 3389 2050 3470 inde
2080 3389 2250 3470 ipsum
2271 3404 2365 3458 per
2386 3387 2609 3470 capillos
2629 3396 2883 3454 tenentes,
2906 3386 3070 3441 donec
3090 3385 3529 3458 illum~religiosaz

228 3455 486 3526 gelorum
508 3455 751 3511 excubiis
773 3465 1049 3525 pratcctus
1075 3466 1248 3510 noster
1282 3458 1573 3522 exercitus,
1602 3466 1655 3511 et
1677 3458 1823 3526 ipsos

229 3525 462 3596 angelos
487 3540 648 3594 super
672 3536 850 3581 castra
882 3544 1097 3581 corusca
1133 3527 1444 3582 volitatione
1478 3525 1826 3596 protectionis

226 3594 363 3666 suae,
401 3594 553 3666 signa
586 3596 924 3665 praztendere.
979 3596 1084 3651 Sed
1118 3596 1390 3666 paulisper
1435 3594 1561 3651 talia
1618 3599 1718 3652 sub
1752 3598 1824 3653 si-

229 3665 407 3720 lentio
462 3665 848 3736 relinquentes,
889 3665 1134 3738 suscepti
1157 3665 1338 3737 operis
1371 3667 1615 3722 ordinem
1640 3682 1826 3737 prose-

274 3751 493 3790 uamur.

230 3752 691 3878 quﬂuaumque
733 3806 787 3861 in
821 3820 987 3878 unum
1026 3815 1406 3878 congregatum
1435 3807 1549 3877 jam
1576 3807 1828 3878 princeps

228 3876 503 3930 sensisset
532 3877 848 3940 exercitum,
875 3876 1085 3932 eminus
1110 3876 1177 3932 ab
1199 3876 1332 3932 urbe
1359 3876 1471 3933 fere
1499 3876 1607 3932 uno
1654 3876 1827 3934 stadio

228 3946 468 4018 positus,
498 3944 798 4001 incredibili
827 3947 989 4018 animi
1012 3949 1305 4018 accessione
1329 3956 1625 4017 permotus,
1651 3949 1830 4018 dispo«

232 4016 323 4070 nit
361 4016 542 4087 duces,
589 4018 799 4071 ordinat
846 4017 1052 4086 plebes,
1093 4017 1284 4071 dividit
1329 4016 1493 4084 acies,
1537 4026 1591 4072 et
1632 4016 1828 4087 quibus

233 4085 445 4159 modis
473 4100 704 4159 pugnam
759 4085 1116 4159 conficerent,
1178 4088 1500 4159 instruebat.
1542 4085 1827 4159 Siquidem

234 4154 398 4226 fama
412 4154 685 4226 detulerat,
711 4156 850 4226 quod
874 4155 1069 4211 Franci
1095 4157 1460 4212 conveniebant
1481 4158 1549 4211 ad
1569 4154 1828 4212 auxilium

230 4223 586 4296 perﬁdorum.
621 4223 772 4280 Tunc
792 4226 994 4282 electos
1028 4242 1270 4296 quosqne
1298 4227 1364 4281 de
1401 4228 1627 4282 ducibus
1664 4228 1829 4283 mittit

232 4294 451 4367 viribus
471 4303 523 4348 et
535 4296 728 4351 animis
746 4294 1168 4365 pmstantiores,
1184 4294 1243 4350 ut
1256 4295 1481 4367 Paulum
1497 4305 1829 4367 czcterosque

232 4365 555 4421 iucentores
583 4366 909 4421 seditionum
935 4384 963 4421 a
992 4367 1238 4422 cavernis
1278 4366 1581 4423 Arenarum
1618 4365 1829 4422 abstra-

232 4436 460 4507 berent,
485 4435 540 4490 in
573 4435 768 4507 quibus
791 4453 850 4507 se
872 4446 1103 4507 mortem
1125 4436 1390 4507 fugientes
1412 4438 1827 4492 absconderant.

232 4504 360 4576 Nec
380 4519 529 4576 mora
564 4504 739 4562 {cum
780 4506 932 4576 jussa
968 4506 1131 4563 factis
1168 4504 1468 4575 explerent,
1523 4509 1830 4563 extrahitur

232 4575 427 4630 subito
460 4574 665 4649 Paulus
691 4574 990 4649 cumisociis
1016 4578 1083 4632 de
1104 4574 1300 4633 abditis
1318 4576 1640 4649 Areparum,
1666 4588 1713 4632 et
1732 4594 1830 4649 per

234 4660 470 4716 murum
487 4645 761 4716 depositus
782 4648 960 4703 viliter
992 4652 1379 4704 coutrectatur.
1418 4647 1621 4703 Deinde
1654 4645 1837 4705 omnis

235 4715 336 4803 illa
350 4715 652 4803 multitudo
676 4716 950 4803 Gallorum
983 4726 1143 4803 atque
1165 4717 1527 4803 Francorum,
1553 4734 1675 4788 qua:
1699 4719 1828 4801 hinc
1856 4738 1903 4798 υ
1931 4720 2154 4803 impleta
2200 4721 2332 4775 satis
2364 4715 2449 4803 est
2481 4715 2680 4803 in'ipso
2725 4715 2789 4788 pr

1924 3460 2153 3529 principi
2178 3467 2572 3529 prtesentarent.

1996 3526 2234 3595 25.’Quo
2267 3528 2384 3581 viso
2412 3527 2725 3597 mqgniﬁcus
2761 3526 3021 3597 princeps
3064 3527 3334 3597 protensis
3383 3542 3510 3583 cum

1925 3599 2180 3668 lacrymis
2217 3598 2272 3652 in
2318 3597 2521 3668 caelum
2557 3596 2821 3668 manibus
2842 3598 2952 3651 ait:
2983 3596 3059 3668 Te
3103 3596 3272 3668 Deum
3326 3612 3515 3668 regem

1926 3666 2167 3725 omnium
2203 3684 2383 3738 regum
2416 3666 2682 3732 collaudo,
2735 3666 2828 3736 qui
2874 3666 3168 3738 humiliasti
3206 3668 3347 3738 sicut
3396 3666 3515 3721 vui.

1928 3748 2179 3793 neratum
2204 3732 2516 3807 superbum,
2555 3745 2611 3793 et
2649 3738 2703 3792 in
2734 3732 2933 3792 virtute
2954 3737 3163 3792 brachii
3199 3732 3515 3807 tui'eontri-

1926 3809 2051 3863 visti
2084 3806 2424 3863 adversarios
2458 3823 2627 3862 meos.
2652 3807 2779 3863 Haac
2826 3816 2882 3863 et
2928 3808 3012 3862 bis
3057 3808 3254 3862 similia
3299 3806 3518 3864 ﬂetibus

1928 3878 2267 3942 interclusus,
2294 3879 2553 3947 princeps
2565 3879 2761 3932 aiebat.
2790 3877 2896 3932 Sed
2917 3892 3043 3933 mox
3077 3885 3343 3947 tyrannus
3365 3878 3511 3932 idem

1927 3950 2127 4005 erectis
2155 3948 2328 4004 oculis
2370 3957 2434 4002 ut
2490 3948 2684 4003 faciem
2730 3947 2990 4016 principis
3039 3948 3195 4012 vidit,
3227 3949 3412 4004 statim
3453 3962 3517 4003 se

1927 4019 2093 4074 humo
2125 4019 2440 4089 prostravit,
2475 4018 3006 4089 sibique‘cingulum
3053 4018 3235 4083 solvit,
3285 4027 3334 4074 et
3379 4017 3515 4073 collo

1926 4106 2026 4144 suo
2048 4088 2227 4159 ligavit
2248 4106 2267 4143 :
2292 4088 2658 4159 jamgquidem
2695 4088 2982 4151 exanimis,
3013 4096 3067 4143 et
3116 4089 3285 4159 nimio
3300 4101 3543 4159 pavore.

1928 4157 2197 4222 turbaius,
2234 4160 2362 4228 quid
2386 4157 2468 4213 illi
2501 4158 2772 4213 accideret
2815 4173 2924 4213 non
2949 4158 3256 4213 attendens.
3292 4157 3519 4228 Specta:-

1929 4229 2046 4310 bile
2083 4226 2472 4310 quidet—inerat.
2503 4228 2695 4310 oculis,
2720 4229 3000 4310 quomodo
3036 4229 3102 4283 de
3296 4226 3515 4310 sublimi

1929 4299 2055 4369 licet
2079 4296 2563 4369 puereptiordinis
2597 4296 2851 4369 culmine,
2895 4298 2949 4351 in
2985 4297 3089 4353 hac
3113 4298 3294 4369 subito
3338 4296 3519 4352 humi.

1929 4367 2150 4425 liatione
2201 4368 2431 4422 Paulum
2486 4367 2761 4438 reprobum
2794 4367 3078 4423 deuenisse.
3112 4367 3244 4423 Erat
3290 4380 3525 4438 cernere.

1928 4454 2204 4509 magnum,
2233 4453 2397 4508 quam
2442 4436 2616 4509 facilis
2654 4437 2829 4493 fuerat
2861 4453 3044 4493 rerum
3079 4438 3193 4509 ipsa
3244 4436 3472 4509 mutatio
3494 4450 3514 4491 :

1930 4507 2048 4564 tani
2077 4509 2187 4564 cito
2239 4507 2412 4564 uidere
2456 4507 2723 4577 dejeclum
2744 4522 2907 4578 quem
2948 4516 2973 4578 (ξ
3015 4507 3225 4577 pridem
3277 4507 3515 4560 siderant

1930 4579 2291 4659 gloriosum:
2342 4587 2396 4635 et
2429 4580 2902 4659 quemprmterita
2945 4577 3064 4659 dies
3111 4578 3288 4659 adbuc
3328 4589 3515 4657 regem

1931 4647 2195 4714 tenuerat,
2229 4657 2341 4705 tam
2379 4647 2642 4719 praecipiti
2674 4649 2824 4718 lapsu
2864 4647 3154 4719 concideret
3185 4648 3240 4719 in
3272 4647 3515 4719 ruinam.

2855 4718 2996 4798 hetia
3020 4732 3151 4798 qum
3181 4716 3314 4798 dicit
3338 4730 3353 4769 :
3392 4713 3547 4798 vidi?

234 4785 376 4840 inde
407 4795 598 4872 contra
633 4795 850 4869 nostros
875 4783 1177 4872 pugnatura
1200 4783 1702 4872 modunn-ticum
1729 4789 1828 4844 im-
1857 4783 1900 4798 “’
1928 4783 2147 4872 impium
2180 4783 2598 4872 superelevatnm'
2623 4798 2672 4844 et
2709 4783 2992 4872 exaltatum
3021 4783 3155 4869 sicut
3203 4786 3385 4872 cedrus
3424 4783 3517 4839 Li-

233 4855 761 4929 mensisgthesapris
796 4855 976 4927 capta'
999 4866 1081 4915 est
1119 4865 1173 4929 et
1214 4858 1449 4929 detenta.
1484 4857 1835 4929 Deferebatur

233 4925 597 4997 nequissimus
623 4925 825 4982 Paulus
847 4925 879 4982 ἀ
900 4929 1102 4983 duobus
1127 4927 1353 4984 ducibus
1372 4925 1573 4984 nostris
1590 4928 1830 4984 insedcn-

230 4997 385 5051 tibus
413 4997 586 5067 equis,
611 5013 677 5052 ea:
701 5007 917 5069 utraque
939 5008 1088 5071 parte
1115 5000 1386 5069 protensis
1408 4999 1830 5068 manibus,binc

1935 4858 2077 4915 bani.
2105 4858 2363 4925 Transivi,
2391 4869 2440 4914 et
2464 4875 2579 4913 ecce
2610 4875 2712 4912 non
2734 4867 2844 4911 erat
2872 4873 2892 4911 :
2917 4858 3135 4925 quaesivi
3164 4873 3309 4920 eum,
3333 4864 3382 4910 et
3405 4871 3511 4909 non

1931 4940 2006 4985 est
2030 4931 2265 4984 inventus
2311 4929 2622 4999 locusejus.
2662 4927 2799 4994 Quid
2834 4925 3197 4999 mult_a?_cum
3228 4925 3345 4999 jam
3387 4933 3516 4999 ante

1930 4999 2195 5070 principis
2231 5014 2429 5070 equum
2453 4993 2741 5065 Paulus,et
2766 4997 2949 5053 caeteri
2970 4993 3275 5067 bujusmodi
3319 4993 3484 5054 factio
3500 5022 3519 5050 ς.

1794 5111 2031 5170 NOTAE.

312 5211 341 5274 ξ
380 5199 471 5274 ᾗ,
508 5219 685 5274 pugna
712 5202 1077 5272 conﬁceretur.

314 5269 347 5310 ¹²
386 5270 488 5337 ltl.,
509 5269 610 5327 ὀνὶι
649 5269 936 5328 maritima.

315 5351 345 5379 ⁸
388 5340 488 5406 ld.,
511 5360 573 5396 co
604 5343 903 5399 decertandi
940 5341 1113 5414 prmlii
1128 5352 1410 5415 pracepta.

312 5408 343 5449 δ
374 5409 483 5465 ιιι..
510 5428 634 5465 auo.

441 5450 483 5476 .,
510 5428 634 5483 quo.

317 5493 345 5518 ε
376 5479 485 5548 ld.,
512 5479 622 5536 suis
648 5485 827 5538 sociis.

320 5549 344 5589 ί
380 5552 466 5615 D.,
498 5552 683 5607 inexis.
726 5590 741 5604 .
787 5593 801 5606 .
829 5552 1089 5612 manibus.

321 5623 351 5661 ⁸
382 5621 509 5686 bis»,
541 5623 860 5677 oblaturum.

316 5690 348 5730 ιι
386 5690 478 5756 F.,
514 5691 831 5749 interclusis.

326 5763 349 5803 λ
389 5760 517 5829 Im,
544 5761 751 5833 agebat.

2016 5206 2031 5254 '1
2066 5202 2145 5259 Id.
2166 5212 2419 5273 cerruptc
2448 5221 2461 5256 :
2491 5202 2633 5273 quod
2667 5202 2766 5257 sibi
2787 5201 3054 5257 accederet
3081 5219 3185 5257 non
3213 5202 3514 5270 attendens,

1938 5273 2235 5355 spectabilis
2258 5271 2846 5355 quidamoﬁoculliserat,
2882 5273 3237 5355 quamdam:-
3257 5282 3385 5355 μιᾳ
3427 5288 3521 5355 ειε-

1937 5342 2085 5398 blimi
2110 5343 2228 5397 licet
2252 5342 2493 5413 prteccpti
2523 5342 2724 5396 ordinis
2760 5342 2985 5413 culmine
3010 5342 3326 5397 in'adsubito
3343 5342 3519 5398 huius}

1938 5412 2441 5552 liaiigg:6;a];li72.em
2458 5412 2579 5483 jam
2606 5412 2974 5468 contumeliam
2999 5414 3298 5471 inuenisset.

2123 5521 2161 5548 .,
2200 5498 2376 5548 tacite.

2014 5551 2033 5591 ι
2066 5551 2150 5616 F.,
2184 5552 2376 5607 videre.

2006 5634 2049 5663 ιι
2064 5622 2138 5694 Et
2159 5623 2546 5694 transiri,etc.,
2572 5621 2866 5694 adiecimus
2894 5639 2962 5682 ex
2995 5638 3101 5683 ms.

2009 5703 2038 5733 ιι
2060 5693 2149 5765 9.,
2199 5692 2559 5765 productique.

2012 5770 2038 5799 °
2062 5761 2386 5833 Ms.,‘quam.
2431 5761 2461 5819 .“
2491 5803 2507 5818 .
2550 5802 2568 5822 .
2602 5764 2863 5821 riderent-
