3974 6306
584 331 691 395 Ἰπ

1684 335 1745 391 S.
1784 334 2050 393 JULIANI
2084 332 2390 392 EPISGOPI
2425 332 2771 391 TOLETANI
3348 344 3353 351 ‘

1834 447 2112 505 TEXTUS
2146 446 2543 505 LEGITIMUS.

576 550 805 632 purgata
825 541 1537 618 remittereturadvemam.
1560 560 1580 581 ‘
1616 560 1753 616 Nam
1804 562 1867 616 in
1901 576 1969 617 eo
2015 560 2157 630 quod
2185 562 2236 621 Δ
2260 529 2475 633 signum
2531 561 2728 619 secula
2792 567 3045 619 secutura
3096 562 3420 633 clamabunt,
3468 566 3531 625 ita
3569 575 3731 631 seditio-

576 661 759 709 erecta
783 651 1079 709 Galliarum
1109 661 1254 709 terra
1298 652 1458 708 solito
1491 652 1757 722 superbia:
1800 653 1972 708 fastus
1992 664 2020 692 ι
2068 667 2161 708 co-

578 745 777 801 thurno
798 759 922 801 sese
942 745 971 785 δ
998 742 1269 798 attollerat
1293 752 1347 809 ο,
1384 742 1461 797 ita
1512 741 1909 798 inclementiori
1954 742 2163 812 deprae-

576 837 796 897 datione
817 835 1014 892 detrita
1031 834 1059 876 ει
1078 840 1177 900 est,
1204 843 1260 889 et
1303 849 1461 889 erasa
1488 833 1751 900 nummis,
1786 841 1950 903 atque
1992 834 2158 903 depa-

575 937 662 987 sta
683 929 1016 995 substantiis,
1044 936 1104 983 ut
1128 927 1325 984 merito
1341 942 1440 998 per
1462 927 1566 984 hoc
1592 928 1865 993 credatur.
1901 926 2160 996 quidquid

576 1019 843 1091 rubiginis
865 1035 959 1073 seu
983 1018 1342 1087 nequitiarum
1375 1026 1745 1084 contraxerat,
1789 1017 2034 1076 amisisse
2064 1029 2089 1058 ο
2112 1018 2153 1071 ⁸.

643 1109 735 1165 29.
759 1108 1046 1164 Exhaustis
1076 1108 1269 1164 deinde
1312 1108 1560 1179 princeps
1596 1107 1805 1174 Galliis,
1841 1116 2002 1178 atque
2029 1107 2159 1164 edo-

572 1203 723 1258 mitis
783 1201 829 1268 ί,
887 1217 1114 1258 securus
1152 1202 1360 1258 directo
1414 1204 1439 1244 3
1488 1201 1557 1256 ad
1598 1200 1911 1271 Hispaniam
1962 1199 2156 1255 itinere

570 1295 915 1362 commeavit,
962 1294 1139 1351 nullos
1189 1301 1313 1366 post
1346 1310 1405 1351 se
1439 1294 1717 1351 Gallorum
1750 1302 1929 1351 motus
1968 1292 2158 1350 formi-

572 1388 728 1453 dans,
765 1386 943 1443 nullas
986 1388 1154 1444 etiam
1199 1386 1532 1442 Francorum
1575 1386 1966 1456 pertimescens
2027 1385 2159 1440 insi-

569 1475 725 1532 dias:
754 1484 903 1532 certa
935 1476 965 1516 ιι
993 1475 1171 1532 sciens
1196 1474 1469 1531 neminem
1504 1487 1644 1539 esse,
1691 1473 1785 1543 qui
1817 1480 1912 1528 aut
1941 1473 2008 1529 de
2043 1474 2157 1529 suis

566 1584 775 1639 pugnas
808 1570 853 1635 ί,
883 1576 976 1624 aut
1000 1570 1066 1626 de
1089 1569 1331 1625 externis
1356 1567 1605 1639 gentibus
1631 1573 1873 1637 patraret
1908 1567 2153 1623 insidias.

569 1659 742 1714 Tanta
765 1659 910 1715 enim
934 1660 1135 1715 virtute
1159 1658 1325 1713 animi
1347 1666 1507 1727 atque
1530 1658 1830 1713 constantia
1859 1658 2159 1728 circumpo-

565 1749 703 1804 sitas
741 1748 757 1800 i
796 1751 1152 1806 barbarorum
1181 1756 1368 1820 gentes
1394 1764 1499 1804 non
1548 1748 1722 1804 solum
1747 1763 1856 1804 non
1884 1750 2151 1816 extimuit,

564 1841 664 1897 sed
687 1841 1041 1910 contempsit;
1066 1848 1125 1896 ut
1146 1841 1308 1896 etiam
1333 1840 1508 1895 adhuc
1535 1839 1679 1895 intra
1703 1839 1907 1895 Gallias
1918 1841 2148 1912 positus,

2258 666 2445 709 serum
2502 653 2802 725 ignominia
2861 669 2970 711 non
3029 656 3237 712 excidat
3289 672 3320 712 a
3361 661 3586 716 memoria
3626 661 3730 720 luta-

2257 760 2464 800 torum.
2528 756 2533 759 ’

2327 834 2417 889 50.
2465 836 2676 893 Etenim
2729 845 2923 907 quarto
2973 837 3086 894 fere
3117 839 3184 894 ab
3218 841 3346 896 urbe
3374 843 3502 913 regia
3545 845 3732 902 milliaria

2257 925 2456 982 Paulus
2474 929 2728 999 princeps
2753 930 3076 1000 tyrannidis,
3119 930 3200 986 vel
3222 934 3390 989 exteri
3413 935 3733 992 incentoresse-

2256 1017 2522 1073 ditionum
2561 1016 2678 1088 ejus
2734 1018 3047 1075 decalvatis’
3077 1021 3351 1091 capitibus,
3386 1024 3567 1079 abrasis
3584 1024 3730 1088 barbis,

2254 1113 2588 1182 pedibusque
2611 1111 2845 1177 nudatis,
2881 1114 2982 1168 sub
3023 1114 3382 1184 squalentibus
3421 1114 3734 1172 veste‘velln-

2255 1202 2371 1267 bitu
2393 1202 2585 1267 induti,
2611 1202 2941 1258 camelorum
2971 1203 3229 1260 vehiculis
3266 1215 3296 1243 ιι
3326 1204 3732 1274 imponuntur.llex

2254 1293 2371 1364 ipse
2401 1293 2724 1364 proditionis
2752 1301 2778 1330 ο
2802 1293 3027 1364 ιιι-ωηιξη
3049 1294 3106 1348 in
3128 1294 3299 1364 capite
3329 1294 3461 1349 omni
3483 1294 3735 1350 confusionis

2256 1384 2566 1453 ignominia.
2589 1384 2803 1456 dignus,
2846 1393 2902 1439 et
2928 1384 3082 1454 picea
3120 1400 3188 1440 ex
3227 1385 3382 1440 coriis
3402 1395 3428 1435 ιι
3454 1384 3605 1439 laurea
3625 1401 3736 1440 coro-

2256 1483 2436 1531 natus.
2471 1474 2811 1544 Sequebatur
2861 1475 3054 1531 deinde
3089 1475 3233 1531 hunc
3272 1490 3439 1545 regem
3466 1490 3597 1531 suum
3626 1474 3736 1548 longa

2256 1571 2577 1628 deductione
2627 1570 2763 1627 ordo
2825 1585 3043 1626 suorum
3096 1570 3379 1640 dispositus
3420 1570 3731 1635 ministrorum,

2255 1661 2460 1717 eisdem
2504 1676 2692 1717 omnes
2735 1662 2932 1731 quibus
2975 1660 3207 1717 relatum
3259 1669 3341 1717 est
3379 1661 3600 1718 vehiculis
3639 1661 3732 1715 inse

2257 1752 2447 1808 dentes
2477 1793 2492 1817 ,
2548 1753 2857 1822 eisdemque
2903 1752 3292 1808 inclusionibus
3325 1763 3354 1804 ει
3385 1753 3483 1808 acti
3516 1751 3618 1807 hinc
3652 1752 3735 1805 inde

2258 1844 2560 1899 astantibus
2592 1844 2805 1913 populis
2834 1844 3022 1899 urbem
3068 1843 3348 1898 intrantes.
3397 1841 3496 1897 Nec
3522 1841 3636 1897 enim
3667 1841 3735 1895 ista

566 1929 624 1985 in
649 1928 828 1985 locum
867 1929 961 2000 qui
994 1930 1211 1985 Canaba
1245 1931 1652 1999 nuncupabatur
1689 1930 1738 1996 ι,
1776 1910 1972 1986 cuncto
1997 1946 2153 1986 exer-
2183 1910 2230 1970 Β
2256 1938 2372 1995 sine
2399 1910 2799 2005 dispensatione
2826 1933 2957 2003 justi
2978 1932 3168 2004 iudicii
3196 1935 3290 1990 Dei
3315 1935 3501 1990 eisdem
3520 1933 3737 1989 accessisse

564 2019 719 2083 citui,
749 2021 893 2089 quod
918 2018 1147 2075 feliciter
1163 2019 1416 2084 exissent,
1449 2018 1711 2075 relatione
1724 2020 1968 2089 gratiﬁca
1993 2021 2153 2076 satis-

562 2105 799 2174 faceret;
827 2122 1122 2178 omnesque
1148 2109 1219 2165 ab
1245 2124 1315 2165 eo
1328 2110 1510 2165 statim
1530 2109 1651 2165 loco
1685 2109 2009 2166 absolveret.
2034 2111 2153 2181 ipse

562 2211 780 2268 quoque
823 2198 1014 2253 Elnam
1068 2197 1086 2239 ι
1127 2199 1446 2269 perveniens
1472 2240 1488 2265 ,
1529 2199 1758 2256 duorum
1814 2200 1890 2257 ibi
1940 2201 2152 2258 dierum

560 2288 944 2347 immoratione
970 2292 1219 2348 detentus
1244 2299 1348 2348 est.
1382 2291 1582 2362 Sicque
1616 2293 1812 2349 exinde
1851 2294 2148 2365 profectus,

559 2382 816 2439 secundis
864 2381 1069 2453 potitus
1105 2382 1446 2438 successibus
1483 2382 1796 2453 Hispaniam
1840 2384 2018 2450 rediit,
2065 2400 2151 2440 se-

560 2467 792 2541 demque
817 2473 901 2528 sui
925 2473 1043 2528 solii
1067 2480 1220 2528 sexto
1243 2480 1528 2543 postquam
1552 2472 1675 2529 inde
1701 2473 2149 2544 commigraverat

558 2579 748 2621 mense
783 2567 1017 2636 repetiit.
1049 2567 1118 2625 Et
1143 2575 1328 2622 tamen
1349 2567 1452 2622 sub
1477 2580 1637 2638 quam
1659 2577 1701 2606 ιιι
1722 2565 1923 2622 celebri
1954 2567 2149 2622 trium-

557 2656 668 2727 pho
703 2656 908 2725 regiam
933 2659 1124 2714 urbem
1164 2658 1468 2724 intraverit,
1493 2658 1561 2714 de
1590 2658 1822 2715 inimicis
1847 2659 2141 2726 exsultans,

559 2745 838 2817 explicare
887 2762 1109 2804 necesse
1154 2756 1267 2805 est:
1297 2757 1360 2804 ut
1383 2749 1524 2805 sicut
1552 2749 1785 2822 ingentis
1808 2748 1926 2820 ejus
1958 2750 2142 2820 gloriae

2254 2028 2577 2084 credendum
2622 2034 2726 2083 est.
2775 2025 2995 2082 Scilicet
3033 2035 3093 2081 ut
3133 2027 3244 2081 alta
3275 2042 3337 2081 ac
3363 2025 3583 2081 sublimia
3609 2022 3740 2079 conlu-

2254 2116 2423 2172 sionis
2446 2132 2634 2173 eorum
2684 2115 2898 2188 fastigia
2936 2117 3307 2173 vehiculorum
3335 2117 3561 2172 edoceret
3583 2124 3600 2152 τ
3622 2115 3739 2169 sessio

2248 2221 2364 2278 prae
2383 2208 2632 2264 omnibus
2656 2206 2896 2277 subjecta
2910 2247 2926 2275 ,
2954 2215 3009 2263 et
3029 2208 3121 2278 qui
3143 2208 3284 2263 ultra
3311 2207 3576 2263 humanum
3594 2217 3741 2258 morem

2255 2309 2374 2358 astu
2404 2301 2602 2356 mentis
2628 2299 2841 2355 excelsa
2869 2299 3143 2370 petierant
3172 2312 3219 2366 ι,
3249 2298 3573 2356 excelsiorem
3593 2297 3742 2351 luerent

2250 2392 2620 2451 consensionis
2654 2393 2672 2428 ι
2695 2406 2808 2447 suae
2830 2391 3102 2460 iniuriam.
3131 2390 3255 2446 Sint
3279 2402 3306 2430 ιι
3329 2405 3453 2461 ergo
3477 2390 3576 2445 11le
3592 2387 3741 2441 inseca-

2250 2483 2388 2538 turis
2425 2480 2662 2551 reposita
2697 2489 2724 2518 τ
2751 2479 2979 2545 saeculis,
3013 2481 3200 2551 probis
3238 2481 3306 2536 ad
3337 2490 3524 2539 votum,
3555 2475 3742 2546 improbis

2248 2572 2317 2627 ad
2365 2571 2669 2642 exemplum
2700 2610 2716 2637 ,
2763 2570 3009 2626 fidelibus
3053 2571 3121 2625 ad
3177 2572 3426 2642 gaudium
3454 2610 3469 2636 ,
3521 2566 3662 2622 inﬁdis
3697 2564 3740 2616 ad

2246 2672 2574 2721 tormentum
2602 2682 2617 2719 :
2644 2670 2704 2718 ut
2737 2671 2967 2733 utraque
3010 2678 3137 2734 pars
3169 2664 3225 2718 in
3256 2663 3487 2719 contuitu
3520 2675 3544 2703 ι
3577 2657 3741 2729 quodam

2246 2771 2366 2812 sese
2394 2755 2641 2812 lectionis
2660 2754 2821 2826 hujus
2842 2756 3152 2827 inspiciens,
3171 2765 3229 2811 et
3253 2772 3371 2827 qua:
3390 2764 3416 2805 γ
3441 2754 3582 2811 rectis
3594 2748 3741 2807 semitis

1812 2884 2092 2942 TEXTUS
2130 2889 2495 2961 TUDENSIS.

554 2990 656 3047 per
676 2988 813 3047 quos
842 2975 980 3031 tanti
1012 2974 1141 3030 mali
1161 2975 1465 3047 placaretur
1482 2975 1703 3047 oli'ensa,
1724 2983 1778 3031 et
1825 2982 2143 3047 constupra-

558 3045 614 3102 ta
639 3046 804 3100 tantis
824 3046 1075 3102 sordibus
1104 3045 1251 3101 terra
1284 3062 1423 3102 novo
1444 3045 1724 3102 caelestium
1744 3045 2137 3104 institutionum

555 3116 880 3186 baptismate
899 3116 1155 3187 depurata
1175 3118 1245 3172 ad
1283 3117 1495 3172 veniam
1545 3117 1876 3171 admittatur.
1922 3117 2136 3176 Statum

556 3188 791 3258 omnium
816 3202 998 3258 rerum
1022 3188 1159 3243 mira
1186 3203 1321 3258 pace
1356 3188 1680 3258 composuit,
1719 3196 1770 3242 et
1816 3188 2026 3244 radices
2067 3191 2137 3245 ab

555 3271 621 3315 ea
643 3257 819 3314 omnis
840 3257 1147 3329 rebellionis
1168 3257 1393 3314 detersit
1421 3273 1436 3313 :
1462 3257 1624 3329 atque
1658 3257 1879 3314 fortium
1912 3259 2139 3317 bellato-

554 3343 676 3385 rum
698 3345 886 3383 manus
906 3328 979 3382 ibi
997 3329 1216 3384 dimisit.

2242 3000 2465 3061 necesse
2486 2993 2586 3049 est,
2619 2992 2681 3039 ut
2707 2985 2848 3061 sicut
2877 2984 3120 3061 ingentis
3150 2982 3270 3061 eius
3284 2984 3461 3061 gloriae
3487 2982 3742 3061 signumse-

2240 3056 2362 3110 cula
2384 3063 2635 3111 secutura
2645 3068 2702 3097 ιιι
2717 3051 3030 3119 laudabunt,
3044 3055 3117 3109 ita
3138 3051 3504 3112 seditiosorum
3524 3051 3742 3125 ignominia

2240 3141 2348 3181 non
2374 3126 2589 3182 excidat
2611 3141 2642 3181 a
2665 3126 2929 3181 memoria
2961 3125 3294 3181 futurorum.

2308 3196 2398 3252 50.
2445 3197 2656 3252 Etenim
2692 3205 2889 3267 quarto
2938 3194 3051 3251 fere
3102 3196 3173 3267 ab
3206 3199 3342 3252 urbe
3385 3196 3519 3266 regia
3558 3191 3743 3248 milliaria

2237 3266 2436 3343 Paulus
2461 3266 3047 3343 princepsltyrannidis
3078 3266 3166 3343 vel
3184 3267 3373 3343 cmteri
3398 3267 3745 3343 incentoresse-

2237 3333 2501 3393 ditionufn
2548 3333 2667 3407 ejus
2707 3333 3003 3394 decalvatis
3034 3338 3323 3407 capitibus,
3367 3337 3558 3391 abrasis
3597 3333 3740 3407 barbis,

624 3399 715 3453 29.
744 3397 1036 3478 Exhaustis
1052 3400 1177 3478 dein
1196 3397 1656 3478 princep_s__Gallii_s
1679 3405 1841 3470 atque
1860 3399 2131 3478 edomitis,
2161 3396 2208 3460 C
2235 3396 2841 3478 pedibusque'nudatis,
2875 3407 3047 3462 induti
3078 3396 3345 3478 uilissimi:
3377 3407 3547 3478 saccis,
3580 3402 3747 3460 camelo-

462 3460 471 3467 ’
553 3484 779 3541 securus
815 3469 1023 3526 directo
1058 3460 1251 3541 itinere
1303 3460 1729 3541 ad-Hispaniam
1753 3460 2130 3526 'commcaviti

549 3539 730 3596 nullos
774 3548 898 3608 post
942 3556 1003 3597 se
1049 3540 1325 3597 Gallorum
1360 3539 1537 3597 motus
1584 3539 1920 3607 formidans,
1962 3541 2137 3598 nullas

548 3609 884 3665 Francorum
911 3611 1299 3679 pertimescens
1334 3611 1597 3667 insidias:
1628 3619 1776 3666 certo
1800 3612 1996 3675 sciens,
2042 3628 2138 3668 ne-

497 3680 502 3686 ’
549 3680 753 3751 minem
798 3695 919 3751 esse
954 3681 1246 3751 principum
1288 3682 1595 3746 vicinorum,
1639 3682 1731 3751 qui
1751 3698 1925 3736 secum
1946 3683 2137 3738 audeat

546 3749 746 3804 uiribus
773 3748 1081 3822 decertare._
1120 3748 1291 3806 Tanta
1336 3752 1481 3806 enim
1526 3748 1726 3807 virtute
1771 3752 1935 3807 animi
1976 3764 2138 3822 atque

547 3817 857 3874 constantia
897 3828 1010 3889 erat
1054 3820 1234 3889 fretus,
1260 3829 1318 3874 ut
1345 3822 1754 3889 circumpositas
1780 3817 2136 3880 barbarorum

548 3895 736 3958 gentes
758 3903 865 3958 non
895 3888 1070 3958 solum
1092 3906 1201 3945 non
1221 3892 1440 3956 timeret,
1467 3888 1569 3949 sed
1582 3901 1926 3946 contemneret
1950 3908 1969 3947 :
1997 3895 2135 3949 unde

548 3957 730 4013 adhuc
754 3957 895 4012 intra
919 3957 1123 4014 Gallias
1144 3960 1352 4029 positus
1379 3962 1434 4016 in
1457 3962 1578 4018 loco
1612 3963 1703 4031 qui
1730 3962 1970 4017 Canabat
1997 3978 2135 4018 nun-

547 4035 798 4110 cupatur,
827 4036 1024 4110 cuncto
1064 4031 1347 4110 exercitui,
1398 4034 1540 4110 quod
1562 4032 1787 4110 fortiter
1822 4039 1876 4087 et
1905 4032 2136 4110 feliciter

547 4098 766 4174 egisset,
791 4098 1053 4174 relatione
1076 4100 1319 4174 gratilica
1343 4098 1615 4172 satisfecit,
1643 4118 1939 4174 omnesque
1972 4105 2040 4159 ab
2066 4120 2132 4161 eo

547 4167 670 4250 loco
715 4168 900 4250 statim
948 4167 1197 4250 absoluit._
1225 4173 1341 4250 ipse
1375 4167 1609 4243 quoque
1644 4167 1867 4250 Heliani
1894 4173 2131 4250 [Elnam]

545 4239 790 4315 veniens,
842 4239 1079 4315 duorum
1127 4239 1456 4315 ibi__dieru_m
1502 4239 1703 4298 inoram
1747 4239 1912 4314 fecit,
1946 4239 2132 4315 sicqué

549 4309 746 4386 exinde
768 4309 1043 4380 profectus
1067 4311 1124 4367 in
1147 4322 1170 4350 ι
1202 4312 1515 4386 Hispaniam
1538 4315 1714 4379 rediit,
1737 4309 2026 4386 sedemque
2043 4309 2129 4371 sui

547 4378 696 4461 _
721 4378 874 4461 sexto
926 4388 1211 4461 postquam
1242 4378 1368 4461 inde
1391 4378 1796 4461 _com_meaverat
1832 4378 2018 4461 mense
2042 4402 2131 4461 re-

548 4451 919 4524 petiit._Quam
945 4452 1142 4524 celebri
1188 4454 1461 4524 triumpho
1500 4453 1805 4510 Toletanam
1832 4458 2019 4511 urbem
2047 4457 2131 4511 in—

548 4522 773 4579 traverit
795 4523 865 4580 de
891 4522 1129 4580 inimicis
1157 4522 1452 4591 exsultans,
1481 4525 1752 4595 explicare
1776 4527 1860 4581 vel
1885 4527 1942 4581 in
1973 4534 2131 4596 parte

2240 3477 2360 3554 rum
2383 3479 2646 3554 vehiculis
2668 3481 3036 3554 imponuntur.
3054 3477 3365 3554 bfprteibat
3381 3495 3411 3532 a
3428 3477 3747 3554 capitefﬁpelj-

2242 3549 2469 3621 ﬁdorum
2487 3565 2599 3621 rex
2619 3550 2734 3620 ipse
2746 3544 3055 3621 perditionis
3077 3548 3308 3613 Paulus,
3331 3549 3472 3604 omni
3489 3544 3747 3621 confusionis

2242 3620 2260 3674 i
2335 3619 2535 3675 ominia
2555 3614 2766 3691 dignus,
2782 3636 2975 3674 corona
2990 3620 3141 3688 picea
3164 3627 3472 3675 coronatus.
3486 3614 3747 3687 Sequebatur

2243 3635 2437 3745 dignde
2485 3690 2629 3745 hunc
2679 3705 2860 3745 regem
2914 3704 3071 3743 suum
3122 3689 3286 3745 longa
3330 3689 3621 3745 deductione
3656 3680 3747 3736 ordo

2278 3680 2437 3745 einde
2485 3680 2641 3745 bunc'
2679 3680 2860 3765 regem
2914 3680 3071 3765 suum
3122 3689 3286 3762 longa
3330 3680 3621 3765 deductione
3656 3680 3749 3765 επ(ξο

2244 3775 2485 3826 suorum,
2535 3775 2725 3816 omnes
2745 3757 2945 3829 quibus
2975 3757 3246 3813 relatum'
3266 3767 3351 3816 est
3397 3757 3628 3829 vehiculis
3659 3757 3749 3806 insi.

2243 3830 2452 3896 dentes,
2480 3828 2790 3901 eisdemque
2812 3829 3143 3901 illusionibus
3170 3831 3299 3893 acti,
3334 3830 3460 3885 hinc
3486 3828 3596 3901 inde
3625 3832 3752 3901 astan-

2240 3901 2384 3976 tibus
2408 3890 2456 3976 e_t
2499 3890 2827 3976 sibilantibus
2868 3899 3079 3976 populis
3114 3890 3314 3976 urbem
3344 3899 3655 3976 intrantibus.
3677 3890 3752 3976 Net

2237 3972 2382 4047 enim
2423 3972 2526 4027 ista
2547 3972 2662 4047 sine
2688 3965 3244 4047 dispensaiionejusti
3260 3970 3451 4047 iudicii
3473 3967 3560 4024 Dei
3595 3965 3752 4047 illisae

2237 4043 2469 4097 cessisse
2499 4035 2825 4097 credendum
2855 4049 2966 4095 est:
2994 4035 3217 4105 scilicet,
3256 4035 3319 4096 ut
3346 4041 3453 4096 alta
3487 4047 3537 4096 et
3570 4035 3754 4093 sublimia

2237 4111 2568 4168 confusionis
2593 4128 2780 4167 eorum
2808 4112 3019 4180 fastigia
3069 4112 3443 4168 vehiculorum
3493 4108 3755 4180 edocerentlr

2236 4181 2456 4254 laesione
2481 4180 2765 4254 [sessione]
2816 4173 3041 4237 nimium
3067 4181 3126 4222 ἀεὶ
3152 4181 3419 4254 proiecta.
3454 4182 3518 4237 Et
3558 4175 3636 4254 qui
3654 4173 3754 4254 ultr:

2236 4248 2546 4324 humanum
2576 4248 2783 4324 morem
2816 4262 2937 4307 astu
2963 4264 3020 4292 σο
3049 4248 3479 4324 ωθιὶιῖέθιεθιδςι

2236 4330 2380 4388 rant,
2405 4322 2711 4378 excelsiores
2736 4323 2947 4378 luerent
2967 4339 3080 4379 sute
3094 4322 3421 4392 confusionis
3446 4314 3756 4392 injuriatLSinl

2234 4406 2367 4470 ergo
2379 4395 2495 4470 haec
2510 4394 2564 4447 in
2573 4402 2764 4470 secutu
2771 4394 2846 4470 ris
2865 4394 3102 4470 reposita
3109 4390 3333 4470 saeculis
3346 4390 3524 4470 probis
3536 4390 3596 4444 ad
3606 4393 3758 4470 rotati}.

2236 4454 2496 4534 improbis
2520 4467 2586 4518 ad
2611 4454 2941 4533 exemplum:
2963 4464 3210 4520 ﬁdelibus
3253 4465 3325 4519 ad
3349 4454 3605 4534 gaudium,
3622 4454 3760 4534 inlicit?

2236 4528 2379 4590 libus
2423 4535 2494 4590 ad
2542 4528 2872 4591 tormentum
2903 4552 2918 4590 :
2948 4542 3014 4590 ut
3058 4543 3293 4607 utraque
3326 4528 3451 4607 p'ars
3481 4534 3533 4589 in
3573 4528 3761 4585 contuitu

2082 4638 2291 4699 NOTAE
2302 4683 2317 4697 .

617 4743 645 4775 α
670 4729 759 4802 F.,
785 4730 946 4802 fastu.

617 4802 648 4842 ι)
678 4801 763 4865 Ι).,
796 4804 1127 4858 cothurnose.

619 4881 643 4910 ο
676 4870 798 4935 Ms.,
825 4871 1093 4927 attulerat.

617 4939 645 4979 ιι
671 4939 770 5005 ld.,
806 4943 1074 4997 deterrita.

620 5009 1054 5074 'MqMMM&
1159 5060 1163 5064 .

622 5079 644 5119 ί
676 5078 764 5146 F.,
786 5079 1017 5136 domitis.

620 5149 647 5193 ε
667 5150 726 5204 In
753 5166 853 5205 ms.
886 5151 1035 5207 deest
1056 5152 1270 5208 directo.

617 5218 645 5261 δ
668 5219 755 5285 F.,
789 5229 950 5277 certo.

627 5291 644 5361 ᾖ
669 5291 770 5353 ld.,
794 5308 1039 5361 pugnam.

618 5357 634 5432 _i
666 5361 745 5432 id.
777 5357 919 5417 haud
940 5364 1094 5425 bene,
1116 5363 1313 5432 positas
1339 5364 1554 5423 circum.

615 5429 647 5503 ξ
670 5431 771 5503 l_d.,
803 5429 1151 5503 nuncupatur.
1528 5456 1535 5463 -

621 5498 643 5539 1
678 5501 755 5556 ld.
774 5509 830 5558 et
865 5502 951 5567 D.,
977 5498 1270 5559 Helenam:
1297 5520 1422 5563 ωε..
1460 5503 1747 5564 Herenam.

612 5582 656 5613 ³³³
678 5572 785 5643 ld.,
820 5572 915 5628 sub
941 5589 1063 5643 quo.
1638 5610 1643 5619 .

614 5652 645 5714 ιξ
671 5642 774 5699 F.:
809 5643 885 5699 vel
906 5642 1298 5714 squallentibus,
1329 5656 1462 5701 veste
1488 5646 1562 5703 vel
1594 5649 1775 5706 habitu
1813 5648 2133 5705 camelorum

546 5713 737 5777 induti,
766 5713 1033 5777 vehiculis,
1055 5722 1161 5769 etc.

620 5791 647 5822 °
672 5781 772 5840 Ms.
797 5792 1074 5858 corrupte,
1093 5786 1364 5857 pet-dictio.

2308 4748 2337 4790 Ρ
2358 4739 2458 4804 ld.,
2481 4742 2666 4795 cereis.

2304 4819 2331 4859 ιι
2355 4810 2452 4873 ld.,
2483 4809 2837 4866 illusionibus.

2309 4888 2332 4917 τ
2371 4879 2456 4943 F.,
2487 4879 2713 4937 doceret.

2307 4960 2330 4989 ⁸
2362 4950 2483 5017 Ms.,
2512 4960 2806 5021 penetrant.

2312 5022 2331 5057 ί
2357 5021 2456 5086 1(1.,
2481 5023 2884 5076 conscensionis.

2303 5101 2332 5129 ιι
2356 5091 2440 5155 D.,
2474 5100 2615 5146 sunt.

2304 5169 2331 5195 τ
2361 5161 2480 5234 δίδη
2509 5162 2817 5234 insecutoris
2837 5164 3027 5234 posita.

2306 5242 2334 5270 ι
2366 5231 2451 5297 F.,
2470 5233 2714 5297 circuitu,
2742 5231 2845 5288 ms.
2877 5242 2937 5288 ut
2965 5249 3083 5288 nos.

2308 5309 2336 5349 γ
2370 5302 2457 5368 Ι).,
2485 5311 2532 5356 et
2560 5304 2720 5373 quod.

2308 5380 2330 5407 ι
2359 5373 2545 5444 ln_rns.
2570 5372 2718 5444 deest
2745 5376 2817 5435 in,
2847 5382 2908 5429 ut
2934 5374 2987 5428 in
3017 5372 3231 5427 Iuliano
3260 5376 3494 5444 genuino

2307 5453 2362 5514 ea
2392 5442 2542 5514 Hisp.
2570 5443 2764 5514 illustr.
2792 5460 3093 5514 perperam,
3121 5442 3419 5501 subsecuta.

2309 5510 2369 5553 Μ’
2393 5513 2468 5586 ibi
2491 5510 2641 5586 haud
2675 5510 2836 5586 recte,
2862 5510 3163 5586 imponitur.

2308 5593 2363 5655 (ξεῖ
2394 5583 2514 5655 Ms.,
2536 5584 2593 5638 in
2615 5585 2800 5655 capite.

2303 5652 2361 5693 (ω
2392 5654 2493 5718 ld.,
2522 5655 2577 5708 in
2604 5652 2728 5709 imo.

2309 5735 2365 5764 0°
2400 5724 2549 5797 llisp.
2575 5725 2764 5793 illust.,
2796 5726 2957 5798 fastu.
