3974 6306
189 385 304 447 ’19⁸1

787 385 964 444 HlST.
1005 385 1294 442 REBELL.
1333 385 1536 442 PAULI
1570 384 1730 441 ADV.
1769 383 2106 443 WAMBAM.
2137 419 2208 428 —
2242 389 2678 458 INSULTATIO,
2717 391 2870 450 ETC.

1475 497 1753 554 TEXTUS
1788 500 2180 559 L‘EGITIMUS.

187 593 454 665 graditur,
478 592 838 664 prolapsionis
865 610 1023 651 casus
1043 594 1294 667 eﬂ‘ugiat;
1317 602 1372 650 et
1396 608 1516 664 quae
1545 593 1657 663 iam
1689 609 1777 650 ce—
1802 610 1853 670 Α
1876 604 2189 666 cognoscat.

184 689 341 752 cidit,
379 688 438 743 in
483 687 680 742 horum
727 701 786 742 se
815 687 904 744 hic
931 702 1142 758 semper
1170 689 1652 759 proscriptionibus
1686 703 1772 744 re-

2311 700 2340 730 ιι
2377 685 2526 743 Finit
2546 690 2611 744 de
2634 688 2806 745 Paulo
2827 693 3012 748 ston'a.

1510 803 1788 858 TEXTUS
1825 801 2186 857 TUDENSIS.

1510 803 1694 858 TEXT
1727 803 1743 824 τ
1825 803 2186 857 TUDENSIS.

179 893 421 972 quodam
451 909 572 972 sese
593 893 839 972 lectionis
866 894 1361 972 hujusinspiciens,
1388 903 1442 972 et
1466 909 1586 962 qua:
1608 803 1788 947 rectli’sS
1865 890 1978 959 jam
2031 893 2238 972 cecidit,
2289 894 2597 952 damnatam
2636 911 2697 953 se
2729 899 2947 955 aeternis
2971 899 3459 972 proscriptionibus

179 965 396 1021 semitis
419 966 685 1036 graditur,
711 966 1075 1035 prolapsionis
1097 980 1256 1020 casus
1274 965 1532 1036 chugiat;
1574 972 1628 1019 et
1648 979 1769 1034 quae

1873 971 2242 1033 recognoscat.

2360 1033 2645 1108 ﬂuctuque
2677 1038 2946 1094 Julianus.

1703 1139 1920 1197 NOTJE

253 1248 280 1277 II
322 1234 414 1302 D.,
445 1231 594 1290 Finit
618 1233 891 1289 Historia:
918 1248 1021 1288 ms.
1046 1241 1106 1286 ut
1128 1247 1248 1287 nos.
1742 1297 1775 1330 ο

857 1483 1261 1563 INCIPIT
1336 1483 1977 1561 INSULTATIO
2037 1484 2321 1562 VILIS
2383 1486 2794 1565 STORICI

1303 1635 1386 1697 ΙΝ
1431 1634 1967 1696 TYRANNIDEM
2008 1635 2356 1701 GALLIJE.

250 1881 308 1939 1.
332 1880 490 1937 Libet
521 1876 644 1940 tuis,
683 1872 880 1937 Gallia,
895 1871 1171 1927 erroribus
1206 1869 1463 1924 insultare
1503 1869 1765 1932 victores,
1801 1870 1848 1930 B
1947 1873 2000 1926 3.
2030 1871 2155 1926 Haec
2175 1871 2320 1925 enim
2347 1877 2460 1925 tota
2485 1885 2550 1925 ex
2572 1869 2680 1925 tuis
2703 1858 2962 1925 uberibus
2976 1883 3326 1940 promanasse
3347 1885 3457 1927 non

176 1975 382 2047 quibus
410 1977 575 2024 tanta:
600 1964 958 2037 prolapsionis
993 1962 1198 2017 cladem
1235 1961 1433 2014 misera
1475 1960 1767 2028 pertulisti.

178 2066 289 2123 Ubi
317 2073 400 2118 est
425 2061 516 2115 illa
544 2059 766 2112 libertas
794 2063 904 2118 tua,
932 2054 987 2107 in
1010 2068 1116 2121 qua
1143 2052 1282 2106 male
1306 2051 1474 2105 libera
1507 2051 1572 2105 de
1592 2057 1776 2105 erecto

175 2158 282 2214 tibi
313 2155 487 2210 fastus
513 2148 800 2222 supercilio
835 2146 1229 2216 applaudebas?
1263 2144 1363 2199 Ubi
1396 2144 1554 2198 elata:
1589 2159 1770 2210 voces,

171 2252 387 2322 quibus
433 2246 734 2315 Spanorum
774 2241 919 2295 vires
965 2237 1236 2292 molliores
1264 2252 1383 2292 esse
1425 2236 1533 2291 tuis
1559 2235 1773 2291 feminis

169 2337 564 2398 detractabas?
595 2334 699 2391 Ubi
726 2331 937 2388 motus?
966 2329 1362 2385 Ubivtumentes
1384 2327 1577 2397 quibus
1601 2339 1627 2367 ιι
1651 2341 1771 2382 cer-

169 2436 421 2492 vicicum
445 2431 653 2485 ratione
679 2427 982 2496 Spanorum
1014 2422 1286 2479 consortia
1318 2421 1644 2490 respuehas?
1669 2419 1770 2476 Ubi

167 2541 378 2599 sponsa
403 2523 515 2579 oris
535 2521 611 2575 tui
637 2518 870 2587 fastigia,
894 2531 1015 2584 qua:
1050 2515 1115 2570 de
1142 2514 1362 2569 incertis
1385 2528 1526 2582 saepe
1568 2511 1773 2566 divitiis

168 2613 554 2675 tumescebas?
574 2610 678 2668 Ubi
697 2609 839 2663 elata
867 2606 1004 2662 colla
1037 2613 1198 2673 atque
1227 2603 1471 2667 consilia,
1497 2617 1616 2671 qua:
1646 2617 1773 2655 suo-

171 2726 305 2768 rum
350 2720 562 2775 semper
614 2703 811 2756 ducum
859 2713 1072 2766 semper
1133 2695 1396 2766 regimina
1461 2695 1773 2762 prreberunt

165 2798 596 2878 [praebuerunt]?
609 2796 749 2865 Quid
770 2794 1008 2851 futurum
1031 2809 1149 2849 esse
1169 2793 1419 2863 putabas,
1441 2805 1562 2845 cum
1588 2789 1697 2843 tuis
1719 2797 1772 2844 te

166 2893 437 2966 operibus
490 2891 606 2960 ipsa
637 2887 974 2950 confoderes,
1014 2885 1262 2939 manibus
1305 2883 1599 2947 lacerares,
1642 2895 1772 2935 con-

168 2989 318 3045 siliis
338 2992 632 3048 everteres,
659 2981 936 3035 fraudibus
958 2975 1280 3033 addicares?
1305 2974 1438 3029 Tuis
1467 2973 1613 3028 enim
1642 2987 1771 3040 ope-

166 3087 333 3141 ribus
350 3081 584 3152 jaeulata
609 3093 686 3143 es,
705 3075 920 3147 quando
941 3074 1259 3130 criminibus
1281 3072 1488 3127 crimen
1508 3069 1769 3134 addebas,

166 3178 519 3249 negotiorum
545 3172 733 3227 fraude
763 3171 1052 3241 implicata,
1073 3166 1387 3238 prostibulis
1427 3164 1625 3229 dedita,
1652 3180 1770 3232 per-

160 3269 337 3340 iuriis
365 3265 692 3334 mancipata,
723 3278 842 3332 qua:
871 3260 1179 3316 Iudaeorum
1206 3261 1386 3328 potius
1430 3273 1590 3328 quam
1639 3256 1771 3310 [ide-
1795 3250 1813 3280 ‘

163 3361 307 3416 lium
334 3356 536 3413 Christi
574 3354 826 3408 amicitiis
857 3352 1172 3406 insudabas.
1201 3349 1292 3405 Sic
1326 3349 1468 3404 enim
1520 3346 1770 3401 adulterii

161 3464 367 3510 tenens
394 3449 590 3518 legem,
619 3448 902 3502 honestum
927 3444 1157 3514 putabas
1177 3457 1336 3496 omne
1369 3441 1511 3510 quod
1530 3439 1765 3495 feceras:

162 3550 314 3602 inter
348 3551 652 3599 scortorum
677 3553 865 3609 greges
883 3550 1034 3592 more
1052 3535 1315 3606 pecudum
1338 3533 1607 3596 lascivire,
1628 3531 1772 3585 inter

160 3636 360 3708 epulas
380 3633 584 3688 amicos
607 3629 893 3699 perimere,
926 3627 1240 3681 innocentes
1262 3625 1470 3678 animas
1484 3621 1764 3692 jugulare;

159 3727 469 3785 simulahas
501 3723 646 3780 enim
676 3730 728 3777 te
754 3719 1163 3776 advenientibus
1198 3718 1369 3790 gratia
1397 3715 1607 3788 [Fors.,
1645 3730 1772 3785 gra-

160 3821 306 3894 tam]
332 3839 346 3874 :
383 3831 616 3886 cumque
655 3815 828 3869 virum
859 3811 1166 3882 quempiam
1192 3826 1315 3864 cum
1343 3807 1567 3877 conjuge
1595 3815 1650 3862 et
1697 3807 1767 3861 li-

158 3912 318 3968 beris
339 3907 582 3978 hospitio
601 3904 916 3973 recepisses,
941 3902 1082 3955 inter
1102 3900 1226 3954 vina
1251 3899 1564 3970 sanguinem
1590 3897 1771 3966 propi-

157 3997 673 4070 nabas,jugulando
697 3997 893 4058 virum,
922 3992 1062 4047 filios
1078 3991 1404 4054 abnecando,
1422 3988 1766 4058 superstitem

157 4102 411 4150 matrem
432 4089 744 4145 assumebas
770 4086 825 4140 in
853 4084 1138 4154 pellicatus
1168 4083 1244 4137 tui
1263 4079 1517 4137 ludibrio.

240 4186 302 4240 2.
335 4183 447 4239 Nec
475 4191 652 4236 tamen
693 4181 799 4234 ista
841 4177 1062 4240 faciens,
1094 4173 1230 4228 tanti
1256 4172 1592 4228 immanitate
1635 4169 1767 4226 faci-

153 4278 325 4336 noris
349 4292 458 4331 non
485 4270 784 4335 trcmescis,
801 4267 892 4324 sed
923 4282 1082 4337 super
1110 4267 1226 4320 hzcc
1253 4263 1432 4318 omnia
1457 4261 1763 4316 Judmorum

155 4367 464 4426 consortiis
488 4364 765 4426 animaris,
797 4375 1024 4429 quorum
1055 4357 1218 4412 etiam
1264 4353 1658 4418 infidelitatem,
1717 4355 1762 4408 si

161 4462 353 4516 libens
380 4457 635 4520 attendis,
656 4452 770 4522 jam
791 4452 847 4505 in
869 4451 977 4505 tuis
989 4448 1250 4504 transisse
1264 4445 1388 4499 filiis
1401 4443 1759 4513 recognoscis,

161 4556 301 4610 dum
326 4551 385 4605 hi
413 4551 506 4620 qui
553 4549 608 4602 in
634 4554 688 4602 te
731 4541 1142 4600 Christianitatis
1168 4538 1324 4592 titulo
1352 4534 1759 4606 prmfulgebant,

159 4646 239 4701 ad
302 4642 653 4697 Hebrmorum
702 4635 914 4707 probati
975 4638 1102 4686 sunt
1146 4628 1406 4683 transisse
1447 4624 1758 4696 perfidiam;

158 4751 366 4793 eorum
391 4733 536 4788 enim
568 4739 619 4784 te
641 4741 852 4796 semper
873 4722 1092 4794 judiei-is
1116 4718 1513 4799 committebas,
1533 4730 1762 4785 quorum

151 4830 287 4900 jam
316 4843 347 4881 a
385 4825 500 4880 Deo
541 4820 826 4890 reprobata
860 4817 1022 4872 corda
1064 4825 1412 4882 coguoveras.
1436 4807 1502 4862 Et
1535 4807 1766 4878 qualiter

155 4899 488 4977 dudaeorum
511 4931 542 4971 a
568 4923 622 4970 te
647 4918 902 4984 poterunt
928 4907 1159 4963 infausta
1174 4903 1417 4959 venerari
1433 4901 1686 4964 sacraria,
1708 4899 1761 4953 in

155 5013 376 5085 quibus
403 5017 513 5063 tam
534 5007 798 5061 instanter
823 4999 1012 5057 salutis
1032 5006 1136 5052 tua:
1162 4993 1523 5051 collocaveras
1546 4990 1764 5046 curam?

152 5080 430 5178 ignosce
462 5099 677 5161 misera,
719 5106 949 5165 agnosce
971 5089 1098 5178 quid
1124 5085 1337 5178 feceris.
1382 5081 1622 5178 Suﬂieiat
1667 5080 1763 5178 tibi

156 5168 321 5251 inter
351 5189 532 5245 febres
556 5185 800 5242 amisisse
826 5177 1162 5235 memoriam.
1202 5174 1358 5230 Nunc
1386 5171 1499 5240 jam
1544 5168 1763 5239 depulsa

153 5284 416 5344 febrium
441 5281 582 5344 labe,
619 5275 884 5331 nutricem
915 5280 970 5326 te
995 5267 1236 5326 scandali
1286 5275 1631 5334 rec0gnosce,
1680 5259 1762 5315 fo-

155 5376 369 5434 mitem
397 5371 546 5436 mali,
584 5376 810 5423 matrem
831 5358 1342 5432 blasphemantium,
1373 5366 1660 5408 novercam
1683 5349 1766 5404 in-

153 5449 445 5528 ﬁdelium,
475 5459 813 5531 negotiorum
854 5453 1176 5525 privignam,
1206 5443 1628 5518 prostibulorum
1653 5455 1763 5494 ma-

151 5561 411 5622 teriam,
466 5553 860 5626 proditionibus
923 5547 1204 5620 Spelzeum,
1258 5542 1461 5600 fontem
1502 5537 1759 5611 perfidiae,

155 5655 489 5712 animarum
515 5643 992 5715 interemptricem.

247 5779 277 5807 ι
300 5764 482 5818 Locus
502 5765 805 5828 corruptus.
887 5827 892 5828 ί
1695 5814 1727 5828 -.

247 5837 278 5877 ι’
307 5835 492 5900 Fors,
517 5849 586 5887 an
603 5819 828 5885 aliorum
852 5827 916 5883 sit
940 5833 1206 5900 patratum
1223 5819 1474 5890 consiliis,
1500 5819 1760 5887 conceptio

1871 1963 2139 2017 sufﬁciat:
2160 1978 2282 2016 nam
2314 1961 2534 2030 insuper
2577 1977 2650 2016 ne
2688 1969 2852 2016 tanta:
2896 1962 3218 2016 calamitatis
3259 1961 3462 2032 ﬂagitio

1872 2043 2074 2120 aliquid
2110 2051 2381 2122 videretur
2426 2050 2634 2114 deesse,
2694 2066 2876 2120 regem
2904 2052 3126 2114 habens,
3157 2052 3321 2105 alium
3360 2051 3459 2106 tibi

1873 2157 2053 2212 regem
2075 2141 2288 2206 statuis,
2319 2149 2460 2205 astu,
2491 2156 2597 2195 non
2623 2141 2812 2195 ordine
2837 2158 2849 2206 ;
2880 2139 3179 2205 fraudibus,
3205 2156 3314 2194 non
3346 2140 3460 2194 vir-

1874 2239 2007 2286 tute.
2059 2229 2189 2296 Quaa
2221 2229 2364 2285 enim
2395 2245 2461 2285 ex
2492 2228 2708 2284 feminis
2757 2228 3045 2298 aliquando
3086 2237 3299 2296 reperta
3352 2235 3455 2291 est,

1871 2339 1991 2393 quae
2017 2322 2194 2376 virum
2227 2321 2451 2387 habens,
2477 2321 2701 2375 alterius
2734 2320 2836 2374 viri
2883 2320 3156 2374 consortia
3213 2322 3331 2374 sine
3373 2319 3462 2374 sui

1869 2417 2110 2486 periculo
2134 2415 2512 2484 concupiscat?
2553 2413 2632 2468 Tu
2681 2413 2802 2469 sola
2830 2421 2982 2467 tuum
3005 2413 3288 2482 postponis
3307 2413 3459 2482 peri-

1871 2507 2011 2573 culo,
2027 2515 2080 2562 et
2100 2507 2364 2577 perﬁdare
2384 2523 2492 2561 non
2515 2514 2776 2571 metuens,
2804 2505 3044 2574 perfidiae
3069 2504 3165 2560 tibi
3192 2506 3465 2560 subornas

1873 2608 2164 2667 sceptrum.
2193 2598 2325 2666 Quis
2348 2599 2449 2653 ista
2475 2614 2595 2668 quae
2622 2598 2766 2654 dicta
2802 2607 2946 2664 sunt,
2980 2598 3149 2653 fecit?
3173 2599 3230 2652 In
3259 2599 3463 2668 quibus

1871 2692 2240 2761 hoc-primum
2289 2691 2450 2747 terris
2498 2691 2760 2746 famosum
2793 2691 2993 2746 malum
3028 2690 3304 2761 apparuit,
3350 2689 3461 2743 nisi

1871 2784 2012 2838 inte'r
2059 2785 2236 2840 media
2260 2785 2489 2839 uberum
2521 2784 2777 2838 tuorum?
2800 2782 3163 2839 Admirandus
3202 2788 3285 2836 est
3327 2796 3463 2850 ergo

1871 2885 2058 2930 uterus
2090 2875 2285 2930 mentis
2317 2883 2442 2938 tum,
2495 2890 2614 2944 quae
2654 2875 2754 2929 sub
2800 2882 2948 2928 tanta
2993 2873 3282 2928 criminum
3329 2883 3461 2926 con-

1870 2968 2116 3036 ceptione
2141 2983 2250 3022 non
2279 2967 2509 3036 crepuit,
2539 2966 2631 3022 sed
2660 2973 2808 3020 tanta
2836 2965 3191 3020 admiratione
3211 2963 3458 3032 concepit

1870 3059 2130 3122 dolorem,
2162 3067 2223 3113 ut
2243 3066 2450 3113 tantam
2484 3059 2570 3113 his
2599 3059 2802 3114 nostris
2836 3057 3169 3125 temporibus
3205 3055 3456 3111 dolorum

1868 3151 2136 3222 pepererit
2148 3152 2447 3206 ubertatem
2455 3189 2470 3204 .

1943 3241 1997 3294 4.
2031 3241 2184 3308 Quod
2214 3241 2258 3294 si
2285 3256 2496 3296 asseras
2525 3239 2740 3294 aliunde
2773 3238 2985 3294 venisse
3015 3237 3158 3306 quod
3190 3236 3305 3305 ipsa
3335 3250 3458 3290 sus-

1872 3333 2102 3402 ceperis,
2149 3331 2273 3385 audi
2316 3344 2383 3384 an
2414 3331 2522 3384 tuis
2549 3345 2616 3382 an
2642 3330 2868 3383 aliorum
2895 3329 2941 3383 si
2979 3336 3253 3399 patratum
3279 3325 3464 3382 consi-

1871 3423 1994 3478 liis:
2041 3423 2389 3492 conceptione
2420 3430 2598 3475 tamen
2628 3419 2770 3475 fetus
2798 3421 2871 3474 tui
2921 3434 3120 3490 negare
3164 3435 3270 3472 non
3305 3428 3460 3487 pote-

1871 3523 1955 3570 rat
1982 3515 2031 3567 b.
2076 3514 2133 3568 Si
2161 3514 2305 3569 enim
2331 3513 2543 3568 aliunde
2582 3511 2685 3567 hoc
2732 3511 3003 3580 accepisti,
3036 3526 3204 3580 quare
3253 3509 3465 3577 fovisti,

1871 3621 1936 3661 ac
1965 3621 2070 3660 non
2111 3605 2292 3675 potius
2321 3611 2382 3658 ut
2414 3606 2780 3659 membrorum
2809 3603 3056 3674 putribus
3079 3617 3108 3656 a
3134 3602 3240 3656 tuis
3261 3600 3470 3658 ﬁnibus.

1869 3698 2155 3767 repulisti?
2193 3696 2249 3752 Si
2286 3705 2466 3752 autem
2503 3707 2558 3752 tu
2587 3699 2837 3768 genuisti,
2883 3711 3053 3767 quare
3093 3697 3270 3766 genita
3302 3711 3458 3750 mon-

1869 3799 2082 3846 struosa
2118 3791 2432 3860 priusquam
2466 3789 2854 3853 adolescerent,
2879 3805 2986 3844 non
3015 3788 3212 3844 secasti
3245 3786 3456 3860 [Fors.,

1869 3880 2140 3953 necasti}?
2187 3880 2270 3934 An
2307 3895 2413 3935 non
2454 3879 2634 3949 potius
2673 3879 2926 3934 mulieres
2966 3878 3184 3933 idoneas
3216 3887 3458 3932 monstra

1867 3989 1935 4029 ex
1957 3989 2015 4028 sc
2042 3973 2222 4043 genita
2253 3972 2565 4033 abnecasse,
2623 3969 2839 4024 virtutis
2873 3969 2976 4024 erit
3007 3968 3263 4024 indicium
3288 3984 3303 4034 ;
3352 3968 3460 4022 cri-

1867 4066 2026 4120 minis
2049 4065 2286 4134 quidem,
2338 4063 2384 4118 si
2407 4063 2683 4118 ordinatos
2725 4060 2868 4116 fetus
2909 4061 3260 4129 perimercnt,
3308 4060 3458 4116 ordi-

1865 4158 1972 4220 nis,
1996 4158 2040 4212 si
2073 4155 2328 4211 informes
2353 4154 2654 4209 necarent?
2696 4151 2849 4220 Quod
2895 4153 2939 4207 si
2967 4153 3208 4208 causeris
3229 4167 3336 4207 non
3363 4167 3460 4220 po-

1864 4249 2035 4302 tuisse
2059 4258 2112 4303 te
2137 4246 2324 4300 virtuti
2348 4244 2464 4313 ejus
2491 4245 2763 4306 resistere,
2803 4243 2888 4297 vel
2910 4252 3170 4312 concepto
3214 4241 3348 4296 fetui
3372 4255 3459 4295 re-

1863 4351 2133 4406 pugnare,
2177 4335 2270 4388 ubi
2301 4341 2425 4389 sunt
2467 4333 2558 4386 illa
2585 4333 2696 4386 oris
2720 4332 2797 4385 tui
2829 4333 3058 4402 superba
3086 4330 3320 4401 fastigia,
3361 4331 3454 4386 ubi

1863 4433 2133 4481 tumentes
2155 4439 2336 4488 voces,
2362 4423 2454 4477 ubi
2482 4421 2608 4476 elati
2651 4428 2846 4485 motus,
2880 4420 3260 4489 superciliosus
3281 4419 3460 4475 inces-

1864 4535 1974 4582 sus,
2012 4519 2298 4572 verborum
2331 4514 2419 4568 ille
2442 4515 2759 4579 cothurnus,
2796 4513 2992 4582 quibus
3039 4527 3147 4566 non
3179 4518 3288 4564 tam
3328 4523 3462 4580 par-

1792 4584 1840 4642 D
1866 4622 1974 4666 tcm
2017 4610 2231 4680 Spanite
2265 4609 2360 4664 sed
2397 4615 2570 4663 totam
2610 4606 2864 4676 Spaniam
2893 4605 2986 4659 uni
3017 4602 3217 4673 pugillo
3259 4612 3350 4657 tuo
3387 4601 3460 4658 ad

1866 4700 2227 4756 resistendum
2261 4697 2410 4753 nullo
2451 4698 2612 4752 modo
2646 4695 2993 4751 suffecturam
3026 4709 3144 4749 esse
3172 4694 3455 4758 censebas,

1865 4803 1920 4848 et
1945 4793 2124 4849 verbis
2159 4791 2470 4847 tonantibus
2512 4787 2845 4845 insonabas?
2889 4785 2989 4840 llic
3022 4799 3157 4855 ergo
3207 4783 3368 4838 nullis
3399 4791 3457 4840 te

1859 4885 2021 4956 justis
2050 4886 2274 4942 vocibus
2318 4881 2647 4945 excusabas,
2701 4892 2824 4934 cum
2877 4875 3092 4932 etiamsi
3136 4875 3300 4929 armis
3343 4889 3453 4931 non

1865 4993 2070 5049 posses,
2113 4976 2217 5031 fide
2247 4975 2426 5045 potius
2462 4981 2671 5026 armata
2695 4969 3034 5039 persisteres,
3076 4974 3132 5023 et
3160 4980 3347 5022 necem
3371 4965 3456 5020 ul-

1865 5074 2055 5128 timam
2085 5073 2224 5126 inter
2256 5068 2549 5124 infidelium
2583 5065 2848 5137 procellas
2892 5064 3102 5119 fidelior
3130 5061 3452 5119 sustineres.

1866 5164 2170 5219 Devoveras
2203 5161 2348 5216 enim
2388 5167 2537 5213 tuam
2583 5156 2886 5214 voluntarie
2929 5156 3181 5228 religioso
3222 5154 3453 5226 principi

1867 5253 2048 5318 fidem,
2081 5253 2180 5307 sub
2206 5249 2370 5305 divini
2393 5247 2626 5302 nominis
2655 5245 3042 5316 pollicitatione
3075 5245 3344 5316 spondens
3391 5250 3454 5298 ut

1866 5351 2074 5405 hostem
2105 5354 2157 5401 te
2187 5345 2300 5401 suis
2329 5342 2577 5399 hostibus
2605 5341 2912 5407 exhiberes,
2949 5349 3004 5396 et
3038 5356 3159 5396 cum
3197 5340 3454 5395 adversa-

1865 5440 1963 5495 riis
1987 5437 2176 5494 salutis
2207 5434 2323 5505 ejus
2342 5448 2515 5505 usque
2540 5433 2608 5489 ad
2631 5431 2947 5490 effusionem
2969 5433 3245 5505 sanguinis
3267 5433 3455 5488 decer-

1863 5540 1916 5588 ta
1923 5546 2028 5587 res.

1935 5623 1989 5678 5.
2021 5623 2120 5678 Dic
2145 5635 2295 5693 ergo,
2331 5620 2452 5692 quis
2481 5628 2697 5676 tuorum
2727 5633 2827 5690 pro
2868 5619 2972 5675 fide
3003 5625 3151 5674 recta
3173 5613 3450 5683 occubuit,

1865 5751 2040 5795 tamen
2082 5737 2214 5808 fetus
2247 5738 2324 5791 tui
2348 5737 2528 5808 negari
2556 5752 2661 5790 non
2686 5745 2886 5807 poterat
2914 5754 2934 5803 ;
2984 5742 3108 5804 aut,
3154 5728 3449 5802 conceptio-

1866 5829 2048 5869 nem...
2073 5809 2210 5880 fetus
2233 5809 2309 5864 tui
2334 5824 2522 5880 negare
2552 5823 2654 5865 non
2679 5817 2911 5878 poteras.
