3974 6306
200 297 306 354 8“!

836 296 1013 354 HIST.
1054 297 1344 357 REBELL.
1385 299 1593 358 PAULI
1634 301 1798 358 ADV.
1832 300 2168 360 WAMBAM.
2198 331 2271 348 -—
2299 303 2635 371 JUDICIUM,
2685 306 2837 363 ETC.

200 433 3443 463 *Ἦ

401 534 880 666 illlllﬂlliil
961 537 1069 665 IN
1153 537 1846 670 TYRANNORUM
1905 542 2409 674 PERFIDIA
2469 543 3276 677 PliilMULGATUM.

1461 740 1738 798 TEXTUS
1769 741 2163 804 LEGITIMUS.

271 835 328 890 Ι.
364 833 704 890 Perﬁdorum
749 831 999 886 denotata
1042 833 1400 904 transgressio
1435 832 1555 889 ideo
1577 847 1602 875 ι
1625 835 1785 892 debet
1815 843 1863 900 Α
1893 847 2108 894 taneum
2151 840 2295 898 enim
2333 843 2706 911 promissionis
2746 845 2920 902 foedus
2951 845 3144 916 irrupit
3169 843 3214 911 ι,
3245 860 3477 904 novum-

188 928 380 984 acrius
405 924 637 996 percuti,
667 939 774 993 quo
809 923 1012 978 iliicitis
1038 923 1250 978 videtur
1291 925 1513 981 ausibus
1537 927 1790 996 quaedam

187 1027 536 1091 perpetrare.
560 1014 809 1069 Habeant
827 1013 856 1052 ιι
878 1029 1008 1084 ergo
1044 1011 1378 1070 confusionis
1427 1016 1659 1086 proprim
1686 1017 1793 1087 sig-

189 1123 349 1166 num,
374 1105 574 1176 quibus
598 1101 826 1174 contigit
852 1112 874 1140 ο
904 1101 1032 1156 ﬁdei
1059 1101 1264 1157 violare
1289 1101 1636 1172 promissum.
1687 1103 1792 1158 Re-

188 1206 418 1270 l-ortent
439 1212 636 1250 nomen
658 1192 983 1265 proditionis
1017 1191 1042 1231 ιι
1080 1191 1148 1248 ad
1175 1204 1198 1231 θ
1230 1200 1495 1264 posteros,
1541 1209 1677 1264 quos
1709 1194 1793 1248 in-

188 1285 474 1359 dulgentia
496 1281 808 1357 principalis
841 1279 969 1338 fecit
1001 1298 1121 1338 esse
1149 1283 1408 1354 ingratos.
1457 1284 1794 1340 Renotentur

191 1381 344 1435 inter
371 1393 574 1435 cuneos
595 1375 925 1448 perﬁdorum
961 1373 1006 1441 τ,
1057 1376 1147 1446 qui
1176 1377 1320 1448 genti
1345 1393 1454 1432 sua:
1479 1393 1738 1450 paravere
1764 1379 1792 1420 ε

185 1473 490 1535 excidium,
528 1479 588 1525 ut
616 1474 891 1539 reportent
927 1467 979 1522 in
1008 1468 1294 1539 progenies
1319 1469 1638 1524 sreculorum
1667 1470 1794 1524 titu-

187 1563 275 1618 los
304 1561 547 1617 infamiae
595 1575 726 1624 sum,
765 1557 859 1629 qui
910 1572 1190 1612 eversores
1227 1555 1354 1612 facti
1399 1569 1524 1613 sunt
1563 1560 1790 1628 patriae:

186 1653 395 1724 quibus
427 1669 491 1706 ex
531 1649 818 1706 clementia
845 1647 1094 1718 princeps
1133 1648 1341 1704 dederit
1382 1650 1584 1714 vivere,
1635 1650 1795 1705 ell'os-

187 1739 409 1800 sionem
440 1741 703 1796 luminum
727 1755 838 1794 non
874 1742 1138 1804 evadant;
1172 1739 1263 1808 qui
1292 1739 1482 1810 patri-.1:
1508 1740 1534 1779 ιι
1569 1741 1794 1811 gloriam

191 1836 530 1896 minuentcs,
577 1831 905 1902 proditionis
940 1839 1121 1886 notam
1166 1830 1510 1885 incurrerant
1566 1832 1608 1883 ί.
1661 1831 1795 1886 Nam

189 1940 326 1980 ecce
363 1923 599 1994 prodidit
639 1935 759 1977 sese
805 1919 818 1971 i
879 1920 934 1974 in
981 1929 1228 1990 apertum
1276 1936 1524 1990 campum
1561 1920 1795 1976 infausta

187 2018 446 2089 perﬁdia,
492 2031 613 2087 qua:
643 2014 997 2070 nefandorum
1045 2014 1361 2068 societatem
1397 2014 1638 2068 cruentis
1667 2013 1798 2068 sibi-

191 2117 315 2163 met
341 2107 678 2178 amplexibus
702 2105 936 2170 socians,
985 2104 1276 2159 commovit
1298 2103 1366 2158 ad
1388 2103 1697 2158 scandalum
1721 2105 1798 2159 ci-

1892 945 1998 999 que
2041 930 2346 1000 sponsionis
2384 929 2764 1001 jusjurandum
2795 934 3116 992 constituit:
3161 949 3270 1005 quo
3291 936 3482 993 volun-

1892 1019 2030 1074 taria
2086 1019 2210 1076 ﬁdei
2239 1021 2602 1089 promissione
2641 1025 2886 1089 discissa,
2909 1024 3140 1082 electum
3175 1040 3211 1081 a
3247 1026 3358 1081 Deo
3395 1041 3481 1083 re-

1891 1125 2012 1179 gem
2035 1121 2073 1148 ω
2099 1117 2339 1164 nostrum
2362 1110 2641 1180 abjiceret,
2655 1122 2709 1170 et
2744 1123 3071 1170 maturatum
3092 1116 3168 1171 illi
3190 1117 3276 1171 vel
3293 1119 3482 1188 patria:

1890 1201 2184 1269 perniciem
2231 1203 2530 1259 exhiberet.
2589 1205 2723 1260 Nam
2763 1221 2904 1262 novo
2949 1207 3056 1261 ritu
3099 1206 3328 1277 periurii
3372 1225 3482 1264 non

1893 1288 2066 1342 solum
2103 1304 2278 1356 suam,
2325 1291 2421 1346 sed
2470 1299 2524 1346 et
2557 1293 2852 1348 multorum
2901 1295 3110 1352 animas
3163 1296 3482 1366 populorum

1893 1380 2102 1449 decepit
2127 1398 2140 1434 :
2185 1381 2256 1435 ita
2285 1389 2342 1435 ut
2369 1382 2454 1437 bis
2481 1393 2509 1420 ιι
2537 1383 2668 1439 illud
2696 1385 3012 1454 prophetale
3042 1386 3354 1442 vaticinium
3381 1387 3482 1444 itu-

1893 1471 2149 1542 pleretur,
2171 1486 2278 1540 quo
2300 1471 2496 1528 dicitur
2519 1487 2534 1526 :
2563 1472 2760 1528 Cadent
2783 1475 2840 1528 in
2865 1476 2999 1530 retia
3021 1476 3280 1547 principes
3300 1493 3482 1531 eorum

1894 1581 1926 1617 α
1949 1563 2127 1632 furore
2153 1563 2246 1616 ira:
2283 1561 2398 1628 Dei,
2445 1573 2492 1618 et
2521 1566 2618 1618 erit
2646 1565 2986 1620 subsannatio
3013 1573 3037 1601 ο
3063 1567 3116 1620 in
3145 1583 3348 1622 omnem
3379 1578 3485 1621 ter-

1896 1671 2053 1719 ram;
2105 1669 2313 1710 necnon
2345 1664 2399 1710 et
2434 1655 2584 1723 illud,
2634 1658 2778 1728 quod
2801 1658 2967 1714 lsaias
2999 1657 3054 1713 in
3079 1659 3266 1714 talium
3299 1667 3485 1714 narrat

1895 1745 2315 1809 cxcessionibus,
2361 1745 2584 1803 dicens:
2623 1747 2826 1802 Inventi
2856 1759 2976 1802 sunt
3025 1749 3080 1804 in
3129 1749 3321 1821 populo
3371 1767 3486 1806 meo

1895 1836 2040 1907 impii
2067 1837 2372 1893 insidiantes
2416 1840 2570 1910 quasi
2599 1857 2846 1911 aucupes,
2893 1839 3106 1912 laqueos
3144 1851 3390 1912 ponentes
3436 1850 3487 1896 et

1895 1926 2104 1995 pedicas
2131 1927 2200 1980 ad
2223 1929 2500 1998 capiendos
2527 1930 2682 1984 viros.
2714 1929 2861 1986 Sicut
2890 1941 2916 1980 Ρ
2937 1931 3177 2002 decipula
3199 1931 3353 2003 plena
3379 1933 3491 1986 ari-

1899 2017 2012 2082 bus,
2049 2020 2124 2072 sic
2147 2019 2332 2074 domus
2356 2039 2536 2076 eorum
2559 2023 2713 2094 plena
2739 2023 2882 2079 dolo.

1967 2110 2022 2164 2.
2063 2111 2130 2164 Et
2159 2122 2185 2161 ιι
2215 2112 2330 2167 haec
2367 2113 2584 2182 quidem
2627 2117 2934 2171 necessario
2964 2117 3249 2186 prmmissa
3281 2127 3304 2155 ν
3329 2115 3478 2172 suﬁi-

189 2223 319 2270 ves,
348 2208 416 2261 ad
439 2221 658 2261 suorum
683 2203 978 2276 perniciem
1004 2203 1212 2273 plebes,
1249 2203 1317 2257 ad
1348 2203 1684 2258 eversionem
1707 2220 1796 2274 pa-
1829 2214 1869 2272 B
1897 2201 2062 2257 ciant.
2115 2202 2252 2257 Nam
2289 2219 2412 2258 cum
2454 2203 2897 2260 nefandissimum
2939 2205 3162 2260 Paulum
3205 2206 3490 2261 serenissi-

187 2299 330 2352 triae
355 2305 541 2368 gentes
563 2297 611 2362 li,
645 2295 712 2349 ad
744 2295 1020 2350 interitum
1047 2293 1304 2364 principis
1336 2310 1440 2350 non
1473 2295 1646 2349 solum
1675 2311 1798 2364 pro-

186 2387 376 2458 prias,
425 2387 518 2440 sed
549 2393 895 2439 externarum
922 2383 1160 2452 plebium
1193 2381 1457 2437 nationes.
1507 2383 1686 2438 Testis
1713 2393 1798 2438 est

189 2479 400 2532 horum
429 2491 549 2546 qua:
591 2475 820 2531 dicimus
847 2481 1012 2538 terra,
1067 2489 1188 2543 qua:
1233 2473 1470 2544 ipsorum
1501 2482 1584 2529 est
1617 2483 1800 2529 exter—

193 2569 504 2622 minatione
542 2567 758 2622 detrita.
795 2564 975 2620 Testis
1017 2565 1178 2618 etiam
1201 2564 1415 2628 cmlum,
1449 2565 1548 2620 sub
1571 2581 1680 2636 quo
1703 2559 1800 2621 no?

187 2659 283 2714 bis
305 2667 392 2714 est
425 2674 458 2713 a
491 2657 604 2714 Deo
627 2657 947 2712 attributum
976 2656 1298 2726 triumphale
1321 2656 1596 2712 vexillum.
1629 2657 1803 2728 Spon-

1901 2309 2020 2348 mus
2063 2293 2312 2350 dominus
2351 2304 2536 2350 noster
2573 2294 2800 2350 Wamba
2836 2309 2931 2350 rex
2971 2296 3041 2351 ad
3069 2295 3489 2352 vindicationem

1899 2385 2085 2441 Gallizc
2113 2386 2424 2448 destinaret,
2447 2393 2502 2440 et
2527 2394 2586 2441 ut
2607 2385 2928 2442 dissidentes
2953 2388 3214 2456 quosdam
3235 2387 3305 2442 ad
3328 2386 3488 2442 ﬁdem

1900 2493 2011 2532 sua:
2037 2477 2220 2548 gloriae
2249 2484 2458 2531 matura
2485 2477 2836 2546 dispositione
2861 2476 3168 2546 colligeret,
3205 2477 3384 2532 subito
3408 2477 3492 2530 in-

1898 2567 2148 2638 junctum
2191 2569 2410 2623 sibimet
2454 2569 2728 2638 negotium
2774 2567 2830 2622 in
2868 2567 3200 2622 contrarium
3247 2576 3487 2632 mutans,

1906 2675 2012 2714 non
2049 2659 2223 2716 solum
2257 2659 2642 2714 dissidentibus
2674 2657 2730 2712 in
2766 2657 2871 2714 ﬁde
2898 2657 3236 2728 persistcudo
3259 2673 3370 2714 non
3393 2659 3494 2714 ob-

1549 2753 1782 2810 EXTUS
1825 2753 2184 2810 TUDENSIS.

269 2849 322 2902 1.
359 2845 699 2902 Perﬁdorum
753 2846 1003 2902 denotata
1053 2852 1410 2912 transgressm
1459 2843 1580 2898 ideo
1635 2845 1795 2901 debet

185 2919 383 2974 acrius
413 2917 647 2986 percuti,
685 2931 792 2986 quo
829 2917 882 2971 iu
918 2915 1116 2970 illicitis
1161 2915 1374 2986 videtur
1421 2915 1642 2986 ausibus
1675 2931 1798 2986 per-

181 2985 430 3061 petrari.
476 2985 722 3061 Habeant
747 3002 877 3057 ergo
913 2985 1247 3061 confusionis
1271 2985 1504 3061 propria:
1556 2985 1792 3061 signum,

186 3056 402 3130 ignibus
431 3059 662 3128 contigit
699 3056 1040 3130 sacramentis
1065 3056 1269 3130 violare
1292 3056 1642 3130 promissum.
1693 3056 1796 3130 iic-

184 3127 418 3202 portent
453 3127 648 3184 nomen
687 3127 994 3250 perditionis
1025 3127 1093 3182 ad
1121 3134 1398 3195 posteros,
1445 3141 1581 3194 quos
1624 3127 1799 3182 indul-

185 3201 384 3250 zamia
438 3199 681 3250 nrincina
707 3199 755 3250 is
806 3197 932 3250 fecit
989 3211 1110 3250 esse
1157 3196 1416 3250 ingratos.
1473 3195 1798 3250 Denatentur

185 3195 384 3270 gentia
438 3195 776 3270 principalis,
806 3197 932 3252 fecit
989 3211 1110 3270 esse
1157 3196 1416 3270 ingratos.
1473 3195 1798 3270 Denotentur

1898 2855 2075 2900 toi-um
2111 2845 2322 2915 decepit
2347 2861 2559 2899 annuas
2582 2833 2941 2915 populorum;
2981 2843 3057 2898 ita
3083 2851 3143 2898 ut
3171 2843 3228 2898 in
3265 2844 3332 2900 iis
3357 2847 3491 2904 illud

1897 2916 2172 2998 propheta:
2195 2916 2505 2998 vaticinium
2531 2915 2861 2998 impleretur,
2893 2929 3000 2998 qup
3025 2915 3260 2998 dicitur:
3289 2915 3488 2998 Cedent

1895 2983 1952 3040 in
1985 2983 2114 3040 retia
2155 2987 2414 3056 principes
2443 2983 2623 3039 eorum
2659 3002 2692 3038 a
2713 2983 2922 3054 'furore’
2958 2985 3060 3056 ira;
3097 2983 3194 3038 Dei
3217 2996 3273 3050 ³,
3301 2995 3350 3040 et
3391 2989 3491 3040 erit

1897 3054 2238 3111 subsannatio
2265 3054 2444 3109 eorum
2468 3057 2524 3109 in
2546 3071 2750 3109 omnem
2777 3065 2992 3108 terram.
3016 3054 3251 3120 Necnon,
3285 3065 3342 3111 et
3361 3057 3492 3112 illud

1899 3128 2040 3196 quod
2066 3125 2231 3180 Isaias
2278 3128 2328 3180 in
2359 3126 2543 3178 talium
2573 3125 3104 3196 narratexcessibus,
3137 3126 3322 3182 dicens
3344 3143 3364 3182 :
3395 3127 3492 3182 ln—

1899 3195 2033 3252 renti
2059 3207 2177 3266 sunt
2204 3197 2258 3249 in
2283 3197 2472 3266 populo
2495 3211 2608 3248 meo
2634 3195 2780 3266 impii
2807 3195 3116 3266 insidiantes
3129 3197 3289 3266 quasi
3325 3213 3496 3252 aucu-

187 3263 346 3326 ivuter
379 3263 582 3326 cu'ueos
609 3263 960 3338 perﬁdorum,
1003 3267 1098 3338 qui
1145 3263 1320 3338 gentis
1364 3282 1476 3322 sua:
1525 3267 1794 3338 excidium
1825 3263 1870 3325 C
1899 3283 2008 3338 pes,
2049 3263 2548 3338 laqueos_'pon_entes
2568 3263 2848 3338 δρυμά-σας
2875 3268 2893 3299 ι
2920 3264 2992 3338 ad
3019 3263 3300 3335 capiendos
3330 3268 3489 3338 viros.

182 3350 516 3414 paraverunt
539 3356 560 3414 ς
589 3336 648 3394 ut
678 3346 953 3414 reportent
980 3336 1038 3392 in
1073 3337 1365 3414 progenies
1385 3337 1705 3414 stecttlorum
1730 3336 1798 3391 ti-

185 3406 344 3466 inlos
368 3409 602 3464 infamia:
629 3406 761 3474 sum,
799 3408 889 3478 qui
936 3406 1367 3478 everSoresifacti
1401 3413 1528 3461 sunt
1570 3407 1792 3478 patgrim:

185 3483 402 3552 quibus
437 3495 504 3552 ex
536 3477 830 3552 clementia
848 3479 1100 3552 princeps
1135 3477 1583 3552 dederit_vivere_.
1627 3477 1797 3552 Elius-

185 3547 413 3608 éionem
436 3550 700 3604 luminum
724 3565 828 3604 non
841 3547 1089 3614 ev'adant,
1113 3547 1206 3617 qui
1229 3547 1418 3617 patria:
1443 3547 1666 3615 gloriam
1698 3547 1797 3601 ini-

186 3629 450 3690 nucntes,
511 3619 836 3690 proditionis
885 3626 1068 3674 notam
1121 3619 1792 3690 temerarieincurrerunt.

191 3689 342 3764 Ecce
367 3688 604 3762 prodidit
635 3690 829 3764 sesein
851 3697 1096 3764 apertum
1139 3688 1646 3764 campum‘infansta
1669 3703 1797 3764 per-

189 3757 523 3830 ﬁdiafqute
563 3757 914 3816 nefandorum
962 3757 1557 3830 soeieuttenircrtfentis
1581 3757 1796 3830 sibimet

183 3828 542 3901 amplexibus
566 3831 800 3895 socians,
841 3831 907 3901 a.l
937 3829 1251 3901 scandalum
1277 3828 1481 3901 impulit
1513 3828 1677 3888 cives,
1727 3829 1794 3901 ad

184 3897 427 3957 suorum
475 3901 768 3970 perniciem
817 3900 1057 3970 plebem,
1089 3899 1173 3970 ad
1223 3897 1557 3970 eversionem
1601 3897 1795 3970 patria:

179 3979 413 4054 gentes,
455 3968 521 4025 ad
561 3968 837 4026 interitum
875 3969 1281 4054 principisnon
1306 3969 1479 4054 solum
1523 3968 1788 4054 proprias,

184 4038 296 4096 sed
327 4048 674 4095 externarum
722 4038 989 4094 commovit
1020 4039 1256 4108 plebium
1295 4041 1562 4092 nationes.
1618 4038 1794 4092 Testis

180 4119 284 4166 est
324 4112 516 4164 horum
550 4126 669 4180 qua:
701 4111 930 4165 dicimus
958 4119 1122 4172 terra,
1154 4125 1274 4180 qua:
1321 4110 1556 4177 ipsorum
1591 4117 1672 4162 est
1702 4124 1795 4162 ex-

185 4179 583 4236 lerminatione
622 4182 838 4236 detrita.
892 4180 1070 4234 Testis
1103 4179 1266 4234 etiam
1295 4189 1378 4233 est
1418 4180 1634 4242 cmlum,
1694 4179 1794 4234 sub

181 4266 310 4318 quo
343 4251 499 4305 nobis
524 4259 606 4305 est
634 4252 950 4305 attributum
976 4265 1006 4302 a
1031 4250 1139 4304 Deo
1165 4249 1488 4318 triumphale
1517 4249 1790 4303 vexillum.

186 4323 506 4392 Spontnnco
530 4322 673 4376 enim
703 4318 1299 4392 premissionisfmdere
1320 4319 1552 4392 per/idus
1591 4318 1792 4392 Paulus

181 4388 444 4462 irrupto,
500 4388 732 4462 novum—7
747 4390 1054 4462 sponsionis
1081 4388 1455 4462 jusjurandum
1489 4390 1788 4462 constituit,

184 4457 639 4532 qno'voluntaria
667 4457 793 4516 ﬁde—
809 4460 1181 4529 promissionis
1207 4461 1432 4532 discissa
1455 4457 1694 4532 electum
1713 4459 1794 4514 di-

181 4528 406 4584 ﬁnitus
428 4532 704 4585 dominum
733 4528 976 4584 DOStl'lllll
1019 4544 1197 4600 regem
1233 4529 1557 4600 Bambanem
1591 4528 1794 4600 abjiee-

183 4610 302 4664 nt,
333 4610 393 4655 et
415 4609 736 4655 maturatum
761 4602 834 4655 illi
860 4602 938 4654 vel
963 4610 1148 4670 patria:
1173 4599 1463 4668 perniciem
1487 4599 1785 4654 exhiberet.

183 4671 336 4725 Nam
361 4686 502 4727 novo
526 4672 634 4726 ritu
667 4670 890 4743 pcrjurii
913 4687 1018 4725 non
1048 4671 1222 4725 solum
1253 4685 1426 4734 suam,
1453 4676 1544 4724 sed
1572 4678 1627 4723 et
1655 4670 1792 4723 mul-

1896 3331 2049 3460 ἒὶῖιιι
2073 3331 2312 3407 decipqu
2354 3334 2510 3406 plena
2549 3331 2749 3399 avibus,
2796 3335 2872 3387 sic
2895 3331 3092 3389 domus
3120 3351 3300 3390 eorum
3323 3337 3492 3407 plenis

1935 3425 1964 3460 ο
1988 3423 2038 3459 o.

1935 3423 2038 3460 οιο.

1966 3476 2021 3530 2.
2057 3475 2126 3530 Et
2156 3475 2273 3530 lucc
2298 3474 2513 3544 quidem
2545 3473 2852 3544 necessario
2878 3473 3155 3543 prannissa
3192 3473 3485 3529 suilieiant.

1896 3545 2032 3600 Nam
2069 3563 2192 3600 eum
2232 3543 2676 3600 nelinndissimum
2710 3543 2936 3598 Paulum
2969 3545 3356 3600 serenissimus
3389 3547 3488 3600 do-

1895 3617 2076 3672 minus
2111 3625 2294 3671 noster
2329 3616 2530 3669 Bantba
2564 3631 2659 3669 rex
2694 3615 2761 3670 ad
2785 3613 3214 3669 vendicationem
3245 3627 3272 3653 ιι
3298 3615 3490 3670 Gallia:

1897 3687 2212 3748 destinaret,
2257 3696 2318 3740 ut
2365 3685 2689 3740 dissidentes
2738 3684 3000 3754 quosdam
3045 3687 3113 3738 ad
3161 3683 3326 3740 ﬁdem
3371 3702 3484 3754 sum

1897 3757 2080 3827 gloria:
2115 3765 2324 3810 matura
2364 3756 2716 3827 dispositione
2757 3753 3058 3827 Colligeret,
3089 3755 3270 3811 subito
3307 3753 3487 3822 injun-

1895 3824 2041 3884 etum
2071 3829 2286 3882 sibimet
2331 3826 2692 3896 nt‘golitttniin
2733 3824 3066 3896 contrarium
3112 3833 3353 3891 mutans,
3382 3843 3488 3880 non

1897 3900 2068 3953 solum
2105 3895 2490 3952 dissidentibus
2529 3896 2581 3950 in
2609 3895 2713 3950 ﬁde
2735 3895 3079 3965 persistendo
3115 3910 3221 3950 non
3248 3897 3484 3960 obstitit,

1896 3971 1990 4023 sed
2027 3969 2138 4040 ipse
2169 3968 2480 4023 dissidentia
2515 3967 2597 4022 sui
2631 3967 2890 4040 plurimos
2922 3965 3176 4040 inﬁdeles
3199 3966 3396 4022 eﬁ‘ecit.
3431 3967 3489 4032 In

1897 4036 2236 4109 tyrannidem
2276 4040 2421 4094 cutim
2447 4049 2634 4093 contra
2665 4037 2982 4109 prtedictum
3005 4036 3326 4109 principem,
3356 4053 3482 4106 gen-

1899 4106 2025 4187 tem,
2062 4120 2115 4164 et
2151 4111 2380 4187 patriam
2415 4124 2622 4187 versus,
2655 4108 2906 4187 spoliavit
2943 4106 3202 4187 septimo
3233 4107 3334 4187 iide
3359 4123 3489 4187 pro-

1897 4180 2080 4241 missa,
2122 4175 2177 4235 et
2215 4180 2485 4250 prauitatis
2527 4175 2768 4250 textrinii
2803 4177 2884 4250 sui
2917 4175 3137 4250 ordiens
3159 4175 3374 4250 telam,
3406 4177 3490 4250 in—

1897 4251 2010 4304 duit
2037 4246 2344 4320 proditionis
2369 4257 2422 4302 et
2442 4248 2662 4320 perjurii
2687 4246 2970 4320 maculam.
3005 4246 3206 4301 Deinde
3237 4246 3342 4320 in}r
3369 4247 3486 4320 glo-

1899 4315 2102 4374 riosum
2139 4315 2758 4389 principem—maledicta
2799 4319 3042 4389 conjecta
3073 4325 3127 4370 et
3168 4315 3487 4389 multimoda

1899 4384 2491 4458 deti-actionumatque
2518 4389 2838 4458 injuriaruni
2874 4384 2939 4458 de
2982 4384 3074 4439 illo
3105 4387 3330 4458 convitia
3365 4403 3489 4454 pro-

1897 4470 2155 4514 testantur
2180 4475 2225 4514 x.
2271 4455 2585 4524 Post—hinc,
2613 4459 2754 4527 quod
2795 4455 2946 4511 nefas
2971 4463 3056 4509 est
3095 4456 3221 4527 dici,
3255 4470 3486 4527 regnum

1899 4539 2084 4586 contra
2117 4531 2210 4584 Dei
2243 4529 2570 4584 voluntatem
2613 4525 2869 4597 arripuit,
2919 4535 2974 4582 et
3011 4526 3236 4597 populos
3285 4525 3338 4578 in
3383 4525 3487 4578 hac

1898 4601 2105 4656 nefaria
2133 4601 2516 4671 conspiratione
2539 4596 2753 4654 sibimet
2781 4607 2806 4646 Υ
2825 4599 3012 4671 jurare
3053 4596 3238 4665 coegit,
3266 4602 3326 4648 ut
3355 4609 3487 4648 con-

1899 4681 1980 4726 tra
2009 4672 2165 4726 ﬁdem
2219 4667 2445 4742 glorioso
2483 4671 2704 4742 principi
2737 4667 3000 4723 redditam
3036 4673 3276 4733 agerent,
3306 4673 3361 4720 et
3389 4679 3486 4718 ne-

1722 4781 1926 4836 ΝΟΤΑΞ
1942 4821 1958 4836 .

407 4891 432 4916 \

409 4919 426 4944 9

410 4989 426 5014 ἱ

450 4895 530 4934 ιο.

459 4949 684 5005 Habeat.

404 5059 418 5082 ,
445 5020 716 5089 contingit.

271 5087 300 5128 δ
332 5089 438 5153 ld.,
468 5087 796 5158 perditionis.

275 5171 302 5197 ε
329 5159 434 5222 1(1.,
471 5159 548 5212 in.

277 5229 299 5268 ί
335 5228 464 5298 Msa,
493 5229 630 5284 inter
648 5237 859 5283 cunctos
879 5227 1199 5298 perﬁdorum
1224 5226 1449 5280 nomine.

273 5301 303 5370 Ρ
331 5297 440 5370 ζόη
461 5309 797 5370 paraverant.

269 5368 300 5440 lt
329 5367 420 5440 ξιζ,
445 5367 732 5440 propriam.

276 5439 293 5478 ἱ
327 5435 737 5504 1ά.,’ἱηὸιιηαηι
759 5454 778 5493 :
820 5447 875 5494 et
915 5446 1066 5493 notat
1090 5438 1276 5494 deesse
1312 5435 1364 5490 in
1391 5435 1696 5496 Duchesaio
1723 5439 1792 5493 ab

415 5525 480 5563 ea:
502 5507 772 5563 clementia
800 5510 1037 5578 adusque
1062 5513 1356 5564 incurrant.

387 5615 428 5632 ..
457 5593 534 5631 se.

273 5591 289 5630 ι
337 5591 428 5642 ι··.,
457 5593 534 5631 se.

278 5649 436 5720 ξιιμ,
467 5656 688 5720 gentem.

283 5717 302 5758 ¹
334 5717 755 5786 Μεηῖνναηιρὶι.

267 4877 401 4934 δι’.

267 4949 401 5002 ι³1).

269 5017 397 5073 οἳ.

1820 4881 1870 4938 Ι)
1966 4876 2124 4940 mld.,
2159 4893 2395 4945 regnum.

1971 4956 2000 4984 η
2036 4946 2122 5011 F.,
2155 4947 2220 5000 In
2249 4948 2350 5000 llis.

1974 5024 2000 5051 °
2039 5017 2161 5082 Ms.,
2193 5015 2496 5071 subsanatio
2527 5025 2725 5068 eorum.

1975 5097 2002 5136 Ρ
2039 5088 2125 5150 1)..
2163 5087 2273 5142 Sic.

1969 5167 1998 5206 ιι
2037 5157 2094 5211 1η
2124 5157 2185 5210 l".
2213 5157 2366 5212 deest
2391 5166 2459 5210 et.

1975 5236 1997 5264 ι’
2039 5228 2159 5290 Ms.,
2188 5227 2494 5298 prtemissis.

1974 5307 1994 5333 ⁴¹
2026 5299 2146 5362 Ms.,
2177 5298 2301 5351 diei.

1977 5368 1995 5403 ²
2025 5369 2147 5432 Ms.,
2171 5367 2418 5438 peducas.

1966 5449 1992 5476 υ
2035 5439 2134 5502 ld.,
2163 5437 2580 5492 vindicationem.

1970 5517 1993 5544 ν
2037 5509 2112 5564 Ibi
2139 5509 2290 5564 deest
2319 5507 2394 5562 in.

1972 5592 1997 5620 ι
2037 5579 2156 5642 Με..
2182 5587 2517 5649 protestatur.

1968 5657 1996 5697 ἵ
2038 5648 2189 5705 llisn.
2223 5648 2407 5714 illust.,
2438 5650 2624 5704 civium
2649 5665 2746 5706 oro
2771 5650 2994 5706 sibimet.
