3974 6306
1564 284 1629 343 S.
1667 283 1931 343 JULIANI
1965 281 2270 341 EPISCOPI
2305 280 2649 340 TOLETANI
2694 304 2697 305 ν

3634 273 3745 333 θοι

996 434 1001 439 ~
1772 397 2050 452 TEXTUS
2086 396 2479 452 LEGITIMUS.

996 434 1001 439 ~
1772 397 1910 452 TEX
1962 398 1985 419 '
2086 397 2175 452 LE
2199 426 2220 450 ι
2247 398 2364 452 TIM
2420 396 2479 452 S.

488 499 650 565 stitit,
665 496 762 554 sed
783 495 947 551 etiam
972 494 1089 566 ipse
1107 491 1418 552 dissidentia
1440 491 1524 548 sui
1544 491 1807 562 plurimos
1829 397 2071 547 iuliae};
2098 494 2147 552 Α
2174 396 2320 558 ἓως
2355 397 2615 543 ἓωιϋιεε
2647 486 3066 558 defensoresque
3100 487 3382 542 civitatum
3420 492 3747 541 castrorum-

491 590 673 648 eﬁ‘ecit
714 602 767 643 ι.
833 587 891 644 ιη
941 585 1276 659 tyrannidem
1329 584 1477 639 enim
1522 591 1710 640 contra
1755 583 2070 654 praedictum

491 682 812 754 principem,
851 685 1086 750 gentem,
1130 686 1187 732 et
1229 676 1463 746 patriam
1508 690 1700 730 versus
1739 674 1791 741 b,
1823 672 2073 746 spoliavit

493 788 554 828 se
577 772 812 842 primum
847 785 878 823 a
905 769 1009 824 ﬁde
1040 768 1305 837 promissa
1332 784 1346 821 :
1375 776 1430 823 et
1464 767 1706 822 textrinii
1742 767 1826 822 sui
1856 765 2071 824 ordiens

493 859 676 924 telam,
704 858 875 914 induit
902 874 961 925 se
984 856 1205 927 periurii
1232 856 1443 911 macula
1471 867 1518 910 ο.
1557 857 1761 912 Deinde
1790 856 1844 911 in
1874 857 2074 928 glorio-

494 964 615 1004 sum
648 947 946 1019 principem
983 945 1267 1001 maledicta
1306 943 1603 1014 conjectat,
1663 953 1718 1000 et
1752 945 2072 1000 multimoda

492 1037 886 1093 detractionum
934 1045 1097 1105 atque
1138 1033 1459 1104 injuriarum
1501 1035 1567 1089 de
1616 1049 1682 1089 eo
1738 1040 2073 1105 protestatur

494 1127 757 1183 convicia.
784 1125 913 1181 Post
937 1126 1073 1192 haec,
1101 1127 1243 1195 quod
1267 1124 1422 1181 nefas
1446 1132 1530 1180 est
1551 1124 1678 1191 dici,
1694 1140 1920 1196 regnum
1945 1141 2075 1181 con-

492 1231 579 1277 tra
606 1219 701 1276 Dei
730 1219 1061 1275 voluntatem
1092 1217 1339 1288 arripuit,
1364 1226 1419 1271 et
1439 1217 1664 1287 populos
1694 1216 1754 1272 in
1787 1217 1889 1272 hac
1923 1215 2073 1270 nefa-

492 1315 574 1370 ria
613 1314 878 1370 electione
919 1314 1136 1369 sibimet
1176 1311 1363 1383 iurare
1409 1312 1624 1384 coegit:
1653 1327 1761 1384 quo
1803 1319 1858 1366 et
1884 1320 2075 1367 contra

492 1404 954 1475 ﬁdem,redditam
987 1402 1014 1442 ὅ
1046 1410 1267 1474 agerent
1304 1414 1358 1469 ε,
1393 1411 1449 1457 et
1481 1417 1669 1458 necem
1703 1401 1788 1457 vel
1821 1399 2062 1470 dejectio

492 1511 615 1551 nem
639 1495 870 1567 principi
900 1494 1240 1549 exhiberem.
1281 1493 1436 1549 Hunc
1460 1494 1728 1564 prazcipue
1751 1494 1994 1549 ordinem
2020 1494 2076 1547 in

490 1584 609 1654 ipsa
659 1597 1037 1655 perversurum
1084 1582 1454 1638 conditionum
1514 1583 1655 1638 serie
1708 1596 1958 1647 servans,
2018 1591 2078 1638 ut

489 1673 789 1745 gloriosum
817 1685 1072 1727 uomnum
1118 1679 1363 1727 nostrum
1384 1672 1739 1728 Wambanem
1777 1672 2076 1742 principem

491 1761 789 1817 infaustum
826 1775 1014 1832 regem
1059 1762 1337 1817 nominare
1379 1762 1622 1818 auderet.
1682 1762 1837 1829 Quod
1879 1780 2075 1820 nomen

490 1854 681 1923 utique
702 1851 857 1922 juxta
895 1853 1393 1924 interpretationem
1423 1855 1505 1910 sui
1544 1854 1589 1921 ί,
1616 1855 1883 1911 infelicem
1912 1857 2078 1927 signi-
2108 1840 2152 1901 Β

493 1943 622 1997 ﬁcat
644 1957 783 1999 esse.
817 1943 919 2011 Qui
946 1952 1126 2001 tamen
1157 1945 1331 2000 adhuc
1354 1960 1516 2016 super
1544 1948 1569 1987 ε
1596 1948 1890 2018 tyrannica:
1915 1949 2078 2005 sortis

492 2033 649 2104 apice
683 2043 1027 2104 provocatus,
1072 2034 1405 2105 provinciam
1459 2050 1675 2090 omnem
1717 2036 1746 2077 ιι
1773 2036 1977 2102 Gallias,
2024 2045 2079 2092 et

490 2130 701 2193 partem
725 2122 957 2192 aliquam
986 2122 1405 2179 Tarraconensis
1432 2124 1722 2194 provincia:
1747 2125 2077 2182 tumultuoso

490 2212 578 2266 sui
608 2210 748 2280 juris
777 2213 1004 2284 imperio
1039 2214 1309 2281 subdens;
1335 2214 1598 2285 speciales
1631 2216 1873 2270 omnium
1901 2216 2078 2270 muni-

492 2302 673 2357 tiones
719 2316 819 2372 per
870 2303 1112 2374 singulas
1162 2319 1406 2375 quasque
1456 2304 1705 2361 civitates
1764 2306 2075 2372 constituit,

492 2389 913 2463 defensoresque
951 2393 1005 2448 in
1038 2409 1131 2449 cas
1157 2395 1406 2465 proprios
1432 2396 1719 2451 ordinavit.

561 2484 617 2538 5.
659 2482 829 2554 Hujus
867 2484 943 2539 rei
985 2483 1206 2540 nefariae
1246 2485 1548 2541 temeritate
1586 2485 1847 2556 compulsi
1889 2502 2078 2543 sumus

491 2589 646 2629 arma
670 2576 925 2644 arripere,
956 2585 1011 2631 et
1044 2585 1122 2631 tot
1156 2575 1601 2645 interjacentibus
1630 2576 1790 2631 terris
1814 2575 2076 2633 nefando-

494 2680 617 2719 rum
650 2666 933 2735 perﬁdiam
964 2668 1250 2723 insectare.
1290 2668 1445 2724 Unde
1478 2676 1533 2723 et
1566 2669 1634 2723 ad
1662 2669 1853 2724 horum
1889 2668 2077 2739 conju-

493 2764 737 2812 ratorum
802 2758 1141 2829 tyrannidem
1185 2759 1432 2828 protinus
1485 2759 1962 2831 exstinguendam,
2020 2762 2075 2818 in

493 2844 958 2908 Tarraconensem
996 2851 1333 2922 provinciam
1368 2858 1426 2907 et
1461 2850 1514 2906 in
1539 2851 1740 2911 Gallias
1776 2864 2079 2925 pugnantes

491 2944 821 2999 accessimus
852 2961 867 2997 :
897 2952 952 2998 et
977 2944 1155 2999 divina
1193 2944 1474 3001 nobiscum
1498 2945 1789 3001 comitante
1817 2962 1980 3002 manu
2012 2948 2081 3004 ad

494 3051 641 3107 ipsas
676 3051 850 3108 usque
889 3037 1139 3093 civitates
1178 3045 1344 3109 atque
1379 3037 1601 3094 castella
1637 3038 1934 3106 venientes,
1980 3039 2080 3097 hos

2172 594 2277 651 que
2314 580 2543 637 feliciter
2578 580 2821 650 wpimus
2854 582 2898 634 ί.
2937 578 3073 634 Nam
3107 580 3341 650 primum
3386 578 3457 633 ad
3490 576 3747 632 Barcino-

2171 687 2299 727 nam
2335 687 2460 728 cum
2497 674 2741 728 exercitu
2783 672 3129 737 accedentes,
3183 667 3490 734 Euredum,
3518 667 3751 737 Pompe-

2172 765 2352 832 dium,
2396 764 2814 831 Guntefredum,
2858 762 3151 820 ﬂunulfum
3195 763 3501 827 diaconum,
3532 768 3591 815 et
3616 760 3752 815 Neu-

2173 860 2381 918 fredum
2410 856 2654 912 eamdem
2675 854 3013 910 vindicantes
3045 854 3320 909 civitatem
3342 850 3754 921 comprehcndi-

2173 966 2315 1006 mus.
2348 946 2553 1005 Deinde
2581 945 2651 1001 ad
2674 944 2963 1001 Clausuras
3000 944 3395 1015 pervenientes,
3421 948 3605 997 castra
3643 939 3755 1010 ipsa

2172 1039 2435 1110 disposito
2469 1036 2711 1091 exercitu
2731 1050 2834 1105 per
2856 1032 2987 1104 juga
3013 1032 3254 1104 Pyrenzei
3291 1031 3494 1086 montis
3532 1029 3757 1085 intravi-

2174 1148 2315 1198 mus,
2348 1140 2403 1187 et
2430 1129 2793 1185 vindicatores
2828 1125 3142 1182 eorumdem
3177 1134 3485 1180 castrorum
3511 1136 3756 1191 compre

2174 1224 2479 1299 bendimus,
2506 1222 2561 1278 id
2579 1219 2692 1278 esti
2710 1260 2725 1286 ,
2750 1218 3137 1278 Ranosindum.
3154 1215 3507 1286 Hildegisum,
3529 1214 3754 1278 Heliam,

2175 1302 2535 1370 Carmennum
2558 1350 2573 1375 ,
2617 1308 3024 1372 Maureconem,
3063 1305 3472 1361 Wandemirum
3499 1305 3547 1368 ι,
3591 1304 3759 1374 Daga-

2177 1417 2327 1467 rum,
2382 1400 2650 1455 Xixanem
2698 1406 2754 1454 et
2788 1397 3130 1453 Luibitanem
3173 1393 3219 1449 ι.
3255 1392 3370 1450 Hoc
3402 1395 3567 1449 etiam
3611 1407 3759 1447 more

2176 1492 2511 1563 belligerosis
2558 1489 2866 1547 incursibus
2898 1494 3280 1559 properantes,
3325 1501 3426 1556 per
3466 1485 3760 1540 divisiones

2174 1582 2510 1637 exercituum
2550 1578 3059 1651 comprehendimus
3110 1578 3169 1633 in
3198 1584 3386 1633 castro
3420 1574 3761 1631 Caucoliberi

2177 1674 2501 1734 Leofredum
2548 1683 2604 1730 et
2641 1672 3017 1744 Gudrigildum
3062 1683 3123 1735 ιιι,
3166 1679 3330 1742 atque
3376 1669 3760 1741 praedictorum

2178 1768 2456 1839 conjuges.
2487 1766 2737 1823 Castrum
2768 1780 2983 1836 quoque
3007 1764 3221 1836 Lybize,
3249 1763 3393 1833 quod
3421 1770 3507 1818 est
3535 1771 3707 1832 caput
3737 1771 3760 1799 ι

2179 1859 2513 1924 Cirritanize,
2555 1856 2716 1914 simili
2757 1857 2946 1913 ordine
2982 1863 3357 1927 properantes,
3392 1855 3639 1927 ingressi
3681 1871 3766 1909 su-

2179 1965 2320 2005 mus.
2339 1948 2510 2017 Quem
2535 1948 2808 2004 lacinthus
2843 1948 3129 2017 episcopus
3157 1961 3281 2002 cum
3306 1944 3636 2016 Arangisclo
3665 1953 3689 1979 ο
3715 1946 3765 1999 in

2177 2056 2284 2096 una
2321 2038 2713 2096 concordantes
2746 2036 2972 2108 perﬁdia
2997 2044 3120 2107 post
3139 2035 3232 2105 jus
3254 2035 3405 2090 Pauli
3430 2034 3635 2106 perﬁdi
3660 2034 3767 2088 vin-

2175 2131 2448 2188 dicabant.
2478 2130 2585 2186 Sed
2612 2130 2738 2201 quia
2768 2130 2907 2186 idem
2936 2129 3210 2185 lacinthus
3235 2128 3482 2184 eumdem
3520 2136 3765 2183 castrum

2176 2223 2359 2296 Lybiae
2401 2221 2676 2278 vindicare
2713 2236 2823 2277 non
2864 2220 3070 2291 potuit,
3113 2235 3213 2276 nec
3254 2219 3368 2289 ipse
3400 2218 3514 2274 Deo
3546 2216 3766 2273 fautore

2180 2328 2373 2369 manus
2397 2321 2611 2368 nostras
2636 2312 2827 2366 evasit.
2868 2310 3106 2378 Quorum
3132 2309 3373 2364 omnium
3405 2309 3768 2379 comprehen-

2122 2462 2127 2467 ,
2178 2394 2388 2458 sionem
2433 2401 2547 2457 sive
2581 2411 2608 2451 P
2648 2401 2951 2472 ingressum
2980 2398 3168 2455 Galliae
3216 2412 3338 2453 cum
3380 2395 3522 2452 idem
3559 2395 3767 2451 Paulus

2177 2495 2414 2568 perfidus
2436 2509 2534 2565 per
2566 2492 2749 2564 fugam
2774 2492 3126 2558 Francorum,
3155 2506 3292 2562 quos
3316 2492 3384 2545 ad
3405 2487 3765 2545 vindicandas

2176 2587 2468 2644 Clausuras
2510 2586 2809 2650 direxerat,
2857 2584 3237 2655 comperisset;
3313 2581 3497 2637 relicta
3543 2589 3605 2635 et
3657 2581 3766 2650 ipse

2178 2678 2323 2735 illico
2361 2688 2389 2728 (ι
2427 2676 2647 2733 civitate
2689 2674 2959 2741 Narbona,
3013 2671 3152 2744 fugae
3191 2686 3252 2728 se
3292 2672 3544 2743 prmsidio
3590 2670 3766 2725 dedit.

2179 2769 2283 2826 Ubi
2334 2768 2499 2825 etiam
2553 2774 2964 2823 conservatores
3018 2764 3188 2835 ipsius
3235 2762 3466 2819 civitatis
3510 2762 3765 2834 reliquit:

2179 2859 2515 2916 Ranimirum
2558 2856 3107 2927 pseudoepiscopum,
3150 2854 3551 2922 Wittimirum,
3604 2853 3769 2925 Arge-

2180 2952 2461 3017 mundum,
2487 2958 2544 3005 et
2569 2948 2958 3005 Gultricianem
2991 2946 3358 3018 primiclcrum
3387 2956 3432 3000 τ.
3462 2946 3578 3013 Qui
3605 2946 3769 3003 etiam

2179 3041 2490 3098 Ranimirus
2514 3040 2631 3129 viso
2647 3039 2913 3107 exercitu,
2933 3046 3225 3111 antequam
3242 3037 3437 3095 civitas
3453 3036 3583 3107 ipsa
3604 3050 3773 3107 capa-

1770 3152 1956 3208 TEXT
1965 3152 2050 3210 US
2088 3153 2451 3211 TUDENSIS.

491 3282 634 3350 cem,
661 3267 745 3322 vel
772 3266 1081 3352 {factionem
1102 3268 1336 3352 principi
1376 3270 1715 3326 exhiberem.
1761 3268 1915 3352 nunc
1939 3285 2079 3341 prm-
2104 3270 2151 3335 C
2182 3265 2703 3352 comprehendimus.
2740 3264 2943 3352 Deinde
2972 3277 3003 3307 υ
3033 3263 3108 3352 ad
3133 3247 3769 3352 Clausurasqvc'nientes,

493 3338 654 3411 cipue
695 3338 938 3393 ordinem
984 3339 1039 3393 in
1100 3338 1217 3410 ipsa
1273 3338 1652 3411 perversurum
1710 3338 2078 3397 conditionum

495 3409 638 3481 serie
664 3424 903 3481 servans,
939 3418 998 3463 ut
1026 3409 1318 3481 gloriosum
1340 3411 1617 3466 dominum
1645 3418 1886 3466 nostrum
1917 3411 2075 3465 Bam-

493 3480 688 3552 bancm
740 3479 1046 3552 infaustum
1089 3496 1273 3552 regem
1322 3482 1601 3536 nominare
1642 3482 1891 3552 auderet.
1925 3482 2080 3548 Quod

492 3551 682 3622 utique
711 3565 907 3605 nomen
936 3549 1095 3622 jnata
1136 3549 1637 3622 interpretationem
1673 3553 1777 3616 sui,
1809 3550 2075 3606 infelicem

492 3621 764 3693 signiﬁcat
798 3634 939 3675 esse.
980 3620 1085 3686 Qui
1121 3620 1295 3675 adhuc
1327 3623 1545 3693 insuper
1582 3623 1875 3693 tyrannicrc
1915 3623 2079 3677 sortis

493 3691 647 3759 apice
677 3700 1019 3762 provocatus,
1048 3693 1256 3759 provim
1274 3694 1378 3747 iam
1404 3691 1618 3747 omnem
1646 3691 1852 3757 Gallize,
1878 3701 1931 3745 et
1955 3708 2080 3762 par-

493 3758 621 3832 tem
650 3758 886 3832 aliquam
927 3758 1346 3832 Tarraconensis
1396 3761 1691 3832 provinciae
1750 3758 2080 3817 tumultuoso

493 3829 577 3884 sui
600 3826 743 3896 juris
766 3829 992 3902 imperio
1018 3832 1271 3895 subdens,
1293 3826 1550 3902 speciales
1563 3832 1804 3885 omnium
1828 3833 2080 3887 munitio-

495 3914 595 3953 nes
619 3912 717 3967 per
740 3898 977 3971 singulas
1007 3916 1248 3971 quasque
1286 3898 1533 3958 civitates
1558 3902 1855 3968 constituit,
1897 3902 2081 3958 defen-

495 3982 763 4041 soresque
782 3969 839 4022 in
859 3970 942 4041 eis
956 3969 1207 4041 praprios
1231 3973 1516 4027 ordinavit.

567 4040 621 4112 ἦ.
664 4036 834 4105 Hujus
870 4036 1550 4112 rei’nefarimtemeritate
1591 4042 1850 4112 compulsi
1894 4059 2080 4099 sumus

494 4109 737 4178 arripere
783 4124 964 4181 arma,
1003 4120 1057 4165 et
1095 4119 1174 4164 tot
1214 4110 1658 4181 inlcrjacentibus
1695 4109 1859 4168 terris
1895 4113 2081 4169 nefan-

494 4181 687 4253 dorum
726 4179 1011 4253 perfidiam
1059 4179 1364 4237 insectere.
1393 4181 1545 4238 Unde
1580 4183 1645 4238 ad
1672 4184 1861 4237 horum
1895 4184 2080 4253 conju-

494 4251 741 4336 i'matorum
797 4252 1147 4334 tyrannidem.
1182 4254 1430 4336 protinus
1477 4251 2077 4336 .exls‘tingucmlani,'in

495 4319 959 4395 Tarraconensem
998 4319 1239 4395 provinci
1262 4339 1350 4395 jm,
1383 4331 1437 4378 et
1475 4322 1530 4377 in
1553 4319 1753 4378 Gallias
1777 4332 2081 4395 pugnantes

494 4390 856 4470 accessimus,
889 4399 943 4445 et
978 4392 1154 4447 divina
1191 4394 1469 4449 nobiscum
1500 4390 1795 4470 comitante
1818 4390 2081 4470 m'anuaJ

496 4461 645 4533 ipsas
688 4461 936 4533 civitates
976 4478 1145 4532 usque
1191 4473 1351 4533 atque
1392 4465 1612 4519 castella
1656 4466 1949 4529 venientes,
1981 4466 2080 4523 hos

495 4529 642 4652 ipsos
673 4531 933 4587 satellites
954 4529 1367 4603 defensoresque
1388 4536 1667 4589 civitatum
1695 4544 1748 4589 et
1776 4545 2077 4591 castrorum

518 4602 727 4652 eliciler
773 4603 1030 4652 canimus.
1085 4603 1216 4652 Nam
1264 4604 1497 4652 nrimnm
1529 4605 1598 4652 ad
1630 4606 1877 4652 satellites
1927 4623 2077 4652 mm-

518 4616 548 4654 θ

2181 3335 2359 3397 castra
2434 3339 2547 3409 ipsa
2601 3338 2862 3408 disposito
2910 3336 3151 3409 exercitu
3193 3351 3293 3407 per
3334 3335 3461 3406 juga
3516 3335 3769 3409 Pyrum

2179 3410 2381 3466 montis
2432 3408 2769 3474 intravimus,
2815 3418 2869 3464 et
2902 3408 3275 3463 vendicatorcs
3317 3408 3640 3462 earumdem
3685 3425 3772 3464 ca-

2180 3490 2416 3538 strorum
2457 3480 2982 3549 comprehendimus,
3010 3479 3063 3533 id
3093 3486 3193 3549 est,
3224 3477 3617 3541 Ranosindum,
3656 3479 3772 3534 Hil-

2180 3552 2457 3622 dcgisum,_
2482 3547 2712 3617 Heliam,
2748 3550 3095 3622 Qarmenum,
3125 3547 3519 3622 hiaureconem!
3559 3549 3773 3622 Vadde-

2179 3617 2397 3687 mirum,
2426 3620 2731 3691 Diagerum,
2758 3619 3029 3684 Cixanem,
3060 3628 3106 3672 et
3132 3617 3436 3672 Liubanem.
3462 3617 3581 3691 llos
3605 3620 3767 3675 etiam

2179 3691 2517 3762 belligerosis
2538 3689 2851 3762 incursibus
2870 3697 3221 3762 properantes
3257 3689 3770 3762 comprehepdimus

2181 3762 2237 3818 in
2263 3757 2442 3819 castro
2466 3761 2822 3827 Caucolihcri,
2864 3757 2917 3816 id
2953 3757 3393 3831 estLeufredum
3421 3765 3477 3812 et
3522 3758 3771 3831 Gugidil-

2180 3832 2311 3899 lum,
2336 3842 2499 3902 atque
2528 3831 2917 3903 praedictorum
2936 3830 3212 3899 conjuges.
3258 3828 3513 3903 Castrum
3550 3828 3770 3901 quoque

2181 3903 2375 3969 Libiaa;
2397 3899 2547 3972 quod
2576 3910 2660 3957 est
2692 3911 2851 3971 caput
2879 3901 3195 3964 Ceretaniw,
3230 3899 3390 3972 simili
3419 3899 3618 3956 ordine
3645 3899 3770 3972 pro-

2180 3971 2431 4043 perantes
2464 3974 2693 4043 ingressi
2729 3987 2936 4037 sumus,
2971 3972 3219 4042 quoniam
3260 3971 3534 4026 lacinthus
3559 3971 3771 4042 episco-

2180 4059 2281 4113 pus
2305 4055 2328 4082 ν
2353 4060 2475 4099 cum
2509 4043 2826 4113 Arangisclo
2864 4044 2920 4097 in
2962 4057 3068 4095 una
3108 4043 3501 4097 concordantes
3540 4044 3769 4113 perﬁdia

2179 4110 2301 4183 post
2328 4115 2477 4168 Pauli
2499 4110 2686 4184 perﬁdi
2710 4113 3084 4169 vcmlicabant.
3125 4114 3230 4168 Sed
3264 4114 3389 4182 quia
3419 4110 3565 4168 idem
3592 4114 3772 4169 lacin-

2184 4186 2306 4240 tltus
2335 4185 2471 4239 idem
2512 4193 2748 4240 castrum
2775 4184 2943 4238 Libia:
2972 4184 3260 4239 ven'licarc
3298 4200 3401 4239 non
3425 4184 3621 4253 potuit,
3671 4201 3768 4239 nec

2182 4256 2297 4325 ipse
2336 4256 2446 4309 Dco
2494 4254 2704 4309 fautore
2762 4269 2955 4309 manus
3006 4264 3224 4310 nostras
3283 4255 3472 4308 evasit.
3521 4255 3771 4322 Quorum

2180 4327 2420 4381 omnium
2457 4325 3013 4396 comprehensionem,
3042 4325 3155 4396 sive
3197 4327 3497 4396 ingressum
3524 4337 3767 4380 nasum

2180 4395 2393 4462 Gallim,
2430 4412 2553 4451 cum
2586 4395 2726 4468 idem
2751 4395 2951 4468 Paulus
2982 4394 3221 4468 perfidus
3252 4411 3350 4466 per
3380 4394 3561 4468 fugam
3592 4396 3769 4451 Fran-

2178 4483 2365 4522 corum
2393 4507 2407 4531 ,
2445 4482 2581 4537 quos
2634 4467 2701 4521 ad
2740 4466 3089 4521 vindicandas
3129 4466 3419 4522 Clausuras
3467 4467 3766 4530 direxerat,

2180 4536 2549 4607 comperisset,
2595 4537 2780 4592 relicta
2826 4544 2879 4591 et
2909 4538 3021 4606 ipse
3063 4536 3284 4592 civitate
3324 4537 3596 4602 Narbona,
3628 4537 3770 4607 fuga:

552 4602 727 4689 liciter
770 4603 1030 4689 cepimus.
1084 4603 1216 4658 Nam
1264 4602 1503 4689 primum
1529 4605 1598 4659 ad
1630 4606 1877 4689 satellites
1927 4623 2078 4689 τειρα-
2108 4628 2153 4688 D
2181 4622 2239 4689 se
2272 4602 2544 4689 p-rtesidio.’
2568 4602 2975 4689 dedit,mrelict_is
3012 4608 3083 4689 ibi
3124 4609 3279 4661 etiam
3316 4602 3769 4689 conservatos-ibis

494 4682 747 4742 gnantes,
769 4672 1120 4729 Barcinonam
1153 4672 1281 4729 cum
1306 4675 1548 4729 exercitu
1588 4676 1927 4742 accedentes,
1969 4672 2076 4731 Eu-

497 4743 704 4807 redum,
733 4741 1100 4810 Pompedium,
1124 4744 1518 4810 Guntifredum,
1548 4745 1803 4802 Unulfum
1840 4757 1861 4785 ·
1896 4741 2077 4803 diaco-

496 4824 646 4879 num,
674 4820 727 4868 et
750 4812 1075 4871 Neufredum
1114 4816 1358 4872 eamdem
1382 4816 1655 4872 civitatem
1693 4818 2025 4875 vindicantes
2055 4821 2072 4856 ι

2182 4677 2418 4733 civitatis
2448 4678 2643 4749 ipsius,
2674 4677 2883 4733 scilicet
2911 4677 3188 4749 Ramirum
3220 4677 3766 4749 pseudoepiscupum,

2182 4746 2544 4814 Victimirum,
2590 4749 3005 4819 rArgcmundum
3044 4756 3099 4819 et
3131 4746 3501 4803 Galtritionent
3529 4746 3770 4818 primice-

2185 4820 2341 4873 aiunt.
2384 4819 2487 4886 Qui
2529 4817 2700 4874 etiam
2724 4818 2976 4875 [laminis
3008 4817 3125 4875 viso
3168 4819 3434 4887 exercitu,
3474 4817 3767 4890 antequam

2015 4932 2247 4992 NOTAE.

575 5031 601 5100 ει
636 5018 725 5100 ξε,
751 5022 1061 5083 dissidentes
1082 5013 1333 5100 plurimos
1354 5028 1455 5085 sibi
1472 5026 1655 5100 ﬁdeles
1675 5026 1863 5098 eﬂ'ecit.

572 5089 602 5129 δ
641 5089 742 5155 ld.,
769 5106 984 5152 certem.

576 5169 599 5198 ε
642 5160 740 5226 ld.,
774 5166 1054 5221 maculam.

572 5227 602 5269 ἀ
641 5230 729 5297 D.,
757 5233 858 5286 sibi
884 5237 1161 5292 redditam.

575 5310 601 5372 ξ
640 5301 722 5372 ll,
752 5313 949 5372 gerent.

577 5367 603 5447 ξ
637 5370 728 5447 D.,
753 5367 915 5447 juxta
941 5376 1295 5447 interpretatio
1321 5379 1425 5435 sui.

577 5440 603 5479 ⁸
638 5440 739 5507 ld.,
756 5440 999 5507 insuper.

574 5509 603 5550 δ
642 5512 699 5565 In
730 5528 833 5568 ms.
866 5509 1016 5570 deest
1038 5532 1262 5573 omnem.

582 5579 601 5658 ξ
644 5581 729 5658 l_".,
767 5583 905 5658 male
929 5586 1194 5656 carpimus.

580 5651 594 5700 i
646 5651 733 5717 D.,
760 5655 959 5709 itidem.

580 5722 609 5764 κ
647 5722 732 5793 F.,
766 5724 1191 5782 Wandamirum.

2261 5023 2280 5064 ι
2322 5024 2445 5089 Ms.,
2476 5024 2780 5078 Liut'anem.

2250 5109 2289 5136 ιιι
2328 5095 2414 5161 F.,
2447 5094 2843 5164 Guidrigildum

2256 5176 2285 5204 ιι
2320 5165 2444 5237 ἕδη
2463 5173 2624 5237 aput.

2256 5243 2282 5271 ο
2319 5235 2405 5301 F.,
2436 5234 2764 5304 Araugisclo.

2255 5317 2284 5358 P
2321 5305 2444 5371 Ms.,
2476 5322 2607 5359 sum.
3068 5354 3095 5366 -

2252 5387 2280 5427 σι
2319 5375 2377 5430 In
2402 5375 2523 5431 eod.
2553 5376 2705 5429 deest
2731 5372 2892 5428 illico.
3643 5383 3671 5401 λ

2259 5456 2283 5484 τ
2325 5445 2444 5509 Ms.,
2472 5443 2877 5515 primiclericum
3681 5464 3707 5489 .-

2256 5526 2280 5590 ξ
2321 5513 2482 5590 ilisp.
2509 5514 2701 5590 illust.,
2726 5513 3105 5584 Gutrifredum,
3135 5517 3440 5590 Amulium.

2259 5586 2281 5623 ί
2322 5585 2812 5650 Ms.,vendicanles.
3306 5585 3316 5590 '
3594 5622 3621 5640 ,
3664 5621 3694 5630 _

2254 5666 2285 5696 ιι
2324 5656 2473 5725 Hisp.
2506 5655 2691 5719 illust.,
2717 5654 2869 5708 Dein.

2258 5735 2282 5765 '
2321 5726 2477 5793 Ibid.,
2504 5726 2611 5795 ipse
2639 5742 2738 5796 pro
2762 5726 3046 5796 cpiscomts.
