3974 6306
795 257 974 316 HIST.
1014 257 1304 316 REBELL.
1341 255 1550 314 PAULI
1584 255 1746 314 ADV.
1785 252 2123 312 WAIBAII.
2161 250 2568 312 -—JUD‘ICIUM
2597 295 2613 320 ,
2653 253 2808 310 ETC.

3348 255 3458 314 806

207 473 466 539 gnaretur,
487 462 668 536 fugam
689 464 849 536 petiit
870 477 922 520 ι.
953 463 1062 522 Sed
1087 479 1214 520 mox
1247 463 1303 520 in
1329 371 1636 520 Baeti-1:;
1644 369 1794 518 liful

1902 369 2380 532 ιέιὲὃέθτίίἀίω
2415 460 2808 517 instantissime
2836 460 3198 531 adbmsernnt,
3224 469 3458 538 quandiu

208 556 379 612 ritorio
420 555 866 626 comprehensus,
910 564 1126 612 nostras
1167 570 1276 611 non
1317 553 1506 627 effugit
1551 569 1766 611 manus.

209 645 348 704 Unde
383 660 508 702 cum
554 645 844 715 praedictos
884 645 1244 701 Wittimirum
1287 651 1343 700 et
1367 645 1772 717 Argemundum

208 737 396 804 Iaicos,
448 735 562 792 sive
601 734 991 792 Gultricianem
1049 735 1420 806 primiclernm
1463 735 1773 792 Narbonam

209 827 546 894 vindicantes,
573 834 628 882 et
653 835 846 883 contra
880 843 981 884 nos
1017 828 1218 883 acriter
1252 827 1574 884 dimicantes
1601 827 1776 897 cepis-

207 933 373 974 scmus
394 916 444 982 b;
471 915 797 988 Agatensem
823 917 1100 972 civitatem
1131 917 1359 986 imperio
1381 916 1600 985 gloriosi
1627 927 1651 956 ο
1679 931 1780 972 no-

209 1011 300 1065 stri
341 1008 544 1065 domini
591 1008 904 1079 subegimus
943 1007 992 1074 δ,
1052 1008 1570 1078 comprehendentes
1615 1007 1670 1062 in
1713 1021 1777 1061 ea

210 1102 551 1158 Wilesindum
583 1102 601 1122 ⁶
637 1101 946 1172 episcopum
965 1141 980 1166 ,
1025 1100 1363 1171 Aragisclum
1380 1141 1396 1166 ,
1427 1108 1488 1156 et
1514 1100 1778 1156 Ranosin-

209 1193 326 1250 dum
346 1193 363 1211 ⁴
391 1203 415 1230 ο
440 1206 762 1260 germanum
783 1190 1065 1246 Wilesindi
1099 1191 1358 1260 episcopi.

273 1282 325 1339 4.
363 1282 604 1353 Cumque
637 1291 758 1352 post
783 1282 901 1337 hmo
924 1279 1125 1337 divinis
1151 1279 1372 1350 iudiciis
1401 1280 1783 1350 adjuvantibus

209 1375 272 1430 ad
296 1373 705 1444 expugnandam
730 1372 1162 1444 Magalonensem
1195 1373 1472 1428 civitatem
1502 1371 1785 1428 accedew

208 1481 342 1530 mus,
365 1463 526 1520 simul
551 1465 781 1520 duorum
816 1463 1152 1520 exercituum
1181 1465 1394 1529 navale,
1425 1473 1481 1519 et
1509 1472 1784 1519 terrenum

210 1554 400 1618 bellum
451 1553 472 1596 ι
510 1553 796 1611 Gumildus
850 1553 1136 1624 episcopus
1187 1569 1311 1610 cum
1357 1557 1383 1596 ε
1418 1553 1783 1624 prmvidisset,

209 1646 383 1702 statim
419 1647 667 1706 eamdem
702 1647 978 1702 civitatem
1015 1647 1268 1716 reliquit,
1314 1655 1368 1703 et
1397 1645 1587 1718 fugam
1627 1661 1789 1716 appe-

210 1743 360 1802 tens,
404 1734 736 1791 Nemausum
785 1749 844 1791 se
891 1751 1014 1791 cum
1055 1735 1221 1790 Paulo
1266 1736 1475 1806 perﬁdo
1535 1736 1783 1792 contulit.

1876 567 1998 607 cum
2027 552 2142 622 ipso
2167 549 2554 607 nefandissimo
2577 560 2902 622 caperentur
2927 570 2941 606 :
2971 552 3026 609 id
3061 563 3145 610 est
3168 556 3217 625 ιι,
3248 556 3462 614 ϐιιηιίιο

1874 639 1978 696 dus
2006 641 2312 711 episcopus,
2338 639 2616 696 Friusclus
2655 639 2697 706 ι,
2727 640 3031 710 Flodarius,
3068 643 3456 712 Wistrimirus,

1876 734 2279 798 Ranemundus,
2298 734 2660 800 Andosindus,
2692 734 2940 802 Adulfus,
2960 736 3244 806 Maximus,
3265 741 3283 759 ‘
3298 740 3464 796 Joan-

1877 839 2014 890 nes,
2063 825 2330 891 Clerium,
2377 824 2693 892 Anvarnus,
2739 825 3066 896 Aquilinus,
3119 828 3460 900 Odofredus,

1877 916 2100 982 lberius,
2149 915 2404 982 Joannes,
2433 916 2724 972 Mosamius
2772 929 2833 982 ιη,
2875 917 3156 988 Amiugus,
3203 921 3460 990 Virimar,

1879 1005 2217 1072 Eumericus,
2247 1006 2628 1061 Transer'nirus
2661 1017 2708 1072 ιι,
2746 1006 2900 1072 Bera,
2932 1007 3202 1076 Ebrulfus,
3236 1010 3467 1067 Recaul-

1879 1095 1985 1162 fus,
2011 1096 2209 1152 Cottila
2239 1104 2286 1162 ο,
2321 1095 2647 1152 Guldramus
2685 1109 2732 1164 P,
2764 1097 2956 1164 Liuba,
2987 1100 3200 1166 Ranila,
3246 1110 3300 1156 et
3324 1103 3466 1160 llde-

1881 1189 2098 1245 ricellus
2121 1199 2172 1256 ιι,
2208 1193 2226 1210 ‘
2252 1198 2478 1260 excepta
2509 1189 2654 1262 vulgi
2695 1191 3063 1258 multitudine,
3101 1193 3185 1248 vel
3222 1195 3461 1252 Franco-

1883 1295 2025 1346 rum,
2055 1295 2174 1350 qua:
2199 1279 2480 1350 multiplex
2516 1278 2572 1334 in
2607 1281 2798 1337 eadem
2831 1280 3050 1338 civitate
3079 1283 3468 1355 comprehensa

1883 1377 1988 1426 est.

1950 1462 2009 1518 5.
2038 1461 2138 1518 llic
2183 1462 2346 1533 igitur
2381 1461 2831 1520 sceleratissimus
2869 1462 3084 1532 Paulus,
3120 1465 3248 1522 dum
3265 1481 3470 1524 convo-

1881 1559 2022 1616 catis
2053 1559 2408 1630 adunatisque
2445 1560 2697 1615 omnibus
2734 1559 2911 1626 nobis,
2953 1561 3008 1616 id
3041 1569 3126 1616 est
3168 1572 3214 1631 τ,
3239 1565 3468 1620 seniori-

1885 1653 1988 1708 bus
2010 1653 2221 1710 cunctis
2250 1653 2454 1724 palatii,
2483 1655 2758 1728 gardingis
2783 1657 3053 1722 omnibus,
3091 1659 3344 1730 omnique
3376 1675 3474 1730 pa-

1887 1741 2056 1798 latino
2085 1742 2282 1808 officio,
2313 1759 2410 1800 seu
2431 1745 2598 1801 etiam
2631 1754 2843 1802 astante
2860 1744 3106 1802 exercitu
3139 1749 3390 1805 universo
3419 1751 3474 1805 in

207 1825 444 1898 Cumque
469 1829 612 1883 hanc
637 1827 1270 1900 ipsamMagalonensem
1301 1828 1577 1884 civitatem
1601 1826 1786 1884 defcn-
1816 1844 1860 1904 Β
1886 1839 2176 1903 conspectu
2229 1834 2449 1905 gloriosi
2479 1847 2500 1875 ι
2535 1837 2708 1891 nostri
2762 1837 2987 1904 domini,
3033 1854 3157 1894 cum
3201 1840 3476 1911 praedictis

209 1935 460 1992 soresque
486 1918 604 1988 ejus
629 1919 917 1991 gloriosius
946 1919 1294 1990 cepissemus,
1324 1919 1508 1976 statim
1533 1933 1704 1988 usque
1731 1918 1786 1973 in

207 2013 527 2069 Nemausum
579 2022 700 2083 post
733 2012 996 2082 perﬁdum
1051 2011 1278 2066 Paulum
1336 2011 1618 2082 sociosque
1659 2025 1788 2065 suos

206 2105 492 2177 pugnaturi
514 2105 877 2175 pervenimus.
907 2103 984 2160 Ibi
1006 2118 1066 2160 se
1093 2103 1232 2160 idem
1256 2101 1455 2158 Paulus
1477 2117 1584 2157 non
1609 2101 1785 2157 solum

210 2215 431 2254 suorum
475 2197 808 2269 perfidorum
864 2196 1037 2252 fretus
1091 2197 1348 2262 audacia,
1409 2195 1504 2251 sed
1552 2195 1715 2250 etiam
1752 2193 1784 2238 ιι

208 2289 542 2347 Francorum
580 2289 782 2346 auxilio
818 2289 1079 2355 munitus,
1109 2289 1177 2344 ad
1205 2288 1569 2344 dimicandum
1597 2293 1787 2342 contu-

207 2383 369 2438 lerat.
406 2381 522 2450 Quo
547 2381 603 2437 in
634 2381 754 2438 loco
785 2379 1180 2437 instantissime
1205 2394 1471 2451 pugnans,
1500 2385 1556 2433 et
1585 2379 1640 2433 in
1664 2393 1788 2448 per-

205 2471 350 2529 ﬁdiae
384 2472 690 2528 temeritate
718 2472 1051 2542 perdurans,
1092 2471 1310 2526 tandem
1349 2469 1544 2525 divinis
1572 2466 1791 2537 judiciis

207 2564 512 2634 nostrisque
541 2565 708 2620 armis
739 2563 929 2619 eadem
961 2562 1182 2618 civitate
1217 2562 1456 2632 irrupta,
1491 2561 1669 2618 victus
1699 2576 1794 2617 ca-

206 2664 440 2726 ptusque
465 2656 717 2711 detentus
744 2662 829 2711 est
855 2653 1072 2709 Paulus.
1110 2652 1242 2722 Ejus
1265 2654 1430 2709 etiam
1450 2654 1628 2710 socios
1647 2669 1795 2710 eom-

199 2749 496 2804 snemorari
546 2763 768 2805 necesse
805 2757 908 2814 est,
953 2763 1090 2818 quos
1133 2759 1188 2803 et
1217 2756 1526 2819 pugnantes
1556 2749 1573 2788 ί
1603 2757 1793 2804 contra

205 2853 310 2896 nos
329 2839 388 2895 in
414 2839 604 2895 eadem
633 2833 856 2896 civitate
881 2838 897 2890 ἱ
929 2839 1062 2895 dure
1086 2838 1428 2910 pertulimus,
1464 2847 1520 2893 et
1553 2839 1644 2909 qui
1676 2847 1793 2894 tan-

1890 1924 2051 1980 sociis
2071 1925 2184 1981 suis
2207 1924 2530 1996 iudicandus
2554 1927 2832 1983 assisteret
2847 1970 2862 1993 ,
2912 1929 2990 1985 sic
3011 1930 3304 1999 prmdictus
3328 1931 3477 2001 priu-

1889 2030 2017 2085 ceps
2046 2017 2145 2070 sub
2169 2016 2446 2095 praemissa
2481 2015 2870 2084 conjurationis
2917 2018 3326 2090 interpositione
3352 2036 3476 2076 eum

1889 2106 2156 2162 allocutus
2197 2114 2312 2173 est,
2358 2108 2543 2163 dicens
2573 2125 2587 2160 :
2615 2097 2850 2177 Coniuro
2873 2116 2925 2166 te
2952 2125 3050 2180 per
3080 2126 3275 2166 nomen
3301 2113 3478 2168 omni-

1887 2197 2124 2266 potentis
2163 2197 2279 2264 Dei,
2328 2199 2474 2254 utin
2514 2199 2617 2254 hoc
2647 2208 2914 2255 conventu
2961 2200 3187 2256 fratrum
3231 2217 3478 2258 meorum

1883 2288 2186 2345 contendas
2207 2305 2416 2346 mecum
2433 2289 2658 2360 judicio,
2687 2292 2734 2347 si
2757 2299 2850 2346 aut
2879 2301 2930 2348 te
2948 2293 3002 2347 in
3024 2293 3204 2364 aliquo
3224 2293 3358 2360 laesi,
3387 2303 3481 2350 aut

1891 2384 2178 2439 occasione
2206 2383 2444 2453 qualibet
2479 2384 2700 2440 malitiae
2733 2384 2934 2440 nutrivi
2969 2387 3008 2453 ι,
3037 2400 3132 2456 per
3155 2388 3300 2456 quod
3330 2386 3480 2442 exci-

1889 2480 2039 2529 tatus
2064 2473 2204 2529 hanc
2239 2475 2580 2546 tyrannidem
2607 2489 2870 2542 sumeres,
2898 2475 2982 2530 vel
3007 2473 3168 2546 hujus
3192 2477 3342 2548 regni
3366 2477 3483 2548 api-

1890 2579 2012 2620 cem
2041 2563 2316 2634 suscipere
2340 2571 2660 2620 attentares.

1966 2655 2022 2710 6.
2049 2655 2172 2711 Mox
2204 2656 2347 2711 idem
2384 2655 2801 2712 nefandissimus
2840 2654 3042 2712 Paulus
3069 2669 3201 2711 voce
3227 2655 3374 2711 clara
3405 2663 3484 2710 tc—

1893 2755 2070 2803 status
2097 2754 2202 2812 est,
2252 2747 2438 2802 dicens
2469 2762 2482 2800 :
2515 2746 2620 2802 Per
2652 2746 2840 2813 Deum,
2884 2745 3012 2816 quia
3047 2760 3222 2816 neque
3253 2761 3285 2800 a
3310 2745 3484 2818 gloria

1898 2846 1992 2892 tua
2021 2837 2210 2893 laesum
2240 2851 2328 2892 me
2356 2851 2477 2893 esse
2498 2835 2664 2903 sensi,
2697 2849 2872 2908 neque
2900 2851 2932 2890 a
2953 2834 3104 2892 vobis
3125 2835 3330 2908 aliquid
3357 2837 3486 2892 mali

1493 2948 1775 3006 TEXTUS
1815 2949 2182 3006 TUDENSIS.

187 3041 402 3100 civitas
430 3043 547 3116 ipsa
575 3049 996 3116 expugnaretur,
1024 3041 1180 3116 petiit
1211 3041 1412 3114 fugam.
1445 3041 1554 3098 Sed
1579 3045 1793 3116 moxrin
1821 3047 1870 3110 ο
1898 3044 2090 3116 eadem
2123 3043 2342 3116 civitate
2383 3041 2518 3116 dure
2553 3040 2894 3116 pertulimus,
2932 3049 2990 3098 et
3017 3041 3110 3113 qui
3146 3043 3338 3116 tandiu
3366 3043 3490 3116 ejus

203 3115 516 3170 Beterreusi
544 3114 818 3170 territorio
844 3115 1282 3184 comprehensus,
1298 3122 1512 3169 nostras
1537 3129 1646 3168 non
1671 3114 1799 3168 cll‘u-

207 3185 288 3257 git
323 3200 538 3257 manus.
573 3185 726 3257 Unde
755 3201 877 3240 cum
903 3185 1200 3257 praedictos
1219 3184 1599 3257 Yictimirum,
1619 3193 1674 3238 et
1698 3185 1802 3257 Ar-

200 3253 536 3380 gemundum
604 3255 790 3321 Iaicos,
862 3253 978 3312 sive
1033 3253 1398 3310 Galtritionem
1443 3254 1802 3326 primicerius:

255 3327 517 3380 arbonam
549 3327 914 3380 vindicantes.
955 3333 1012 3380 et
1047 3333 1237 3380 contra
1273 3340 1373 3379 nos
1411 3325 1612 3380 acriter
1639 3324 1799 3378 dimi-

255 3327 517 3380 arbonam
549 3327 914 3392 vindicantes,
955 3333 1012 3381 et
1047 3333 1237 3381 contra
1273 3340 1373 3379 nos
1411 3324 1612 3380 acriter
1639 3324 1799 3378 dimi-

97 3403 115 3414 ‘
185 3404 426 3469 cantes,
451 3396 784 3469 cepissemus
805 3437 820 3459 ,
863 3401 1196 3469 Agaitensem
1247 3395 1522 3469 civitatem
1574 3393 1804 3469 imperio

239 3465 430 3521 loriosi
467 3464 668 3522 domini
707 3467 876 3524 nostri
914 3464 1245 3538 subegimus,
1285 3464 1804 3535 comprehendentcs

200 3483 266 3593 fa
303 3551 372 3591 ea
415 3535 807 3592 Vilesmuudum
849 3539 1190 3593 euiscenum.
1233 3544 1288 3592 et
1317 3534 1712 3593 Arannisclum.
1749 3543 1804 3590 et

303 3551 372 3591 ea
415 3535 807 3592 Vilesmuudum
849 3534 1190 3608 episcopum,
1233 3544 1288 3608 et
1317 3534 1712 3608 Arangisclum,
1749 3543 1806 3590 et

198 3605 586 3663 Ranosindum
617 3605 933 3677 germanum
975 3605 1292 3662 Vilesmuudi
1320 3605 1582 3676 episcopi.

278 3677 337 3732 4.
383 3677 514 3748 Post
539 3675 650 3748 lure
672 3695 788 3732 tum
816 3678 992 3733 divino
1005 3678 1214 3748 judicio
1235 3675 1519 3748 adjuvaute
1537 3675 1611 3730 ad
1635 3690 1806 3746 expu-

324 3747 489 3803 ndam
513 3747 943 3818 Magalonensem
959 3747 1233 3818 civitatem
1259 3747 1659 3818 accederemus,
1684 3763 1802 3800 cum

248 3818 421 3872 uo'bus
445 3815 784 3882 exercitibus,
813 3817 986 3874 navali
1015 3818 1208 3872 scilicet
1239 3827 1288 3871 et
1320 3817 1572 3881 terrestri,
1597 3815 1806 3870 Gumil-

198 3887 312 3960 4a
349 3889 618 3960 episcopus
652 3891 828 3960 statim
871 3889 1116 3944 eamdem
1159 3887 1434 3960 civitatem
1481 3887 1715 3960 reliquit,
1751 3893 1810 3941 et

195 3958 400 4027 fugam
427 3957 634 4027 petens,
660 3959 987 4015 Nemausum
1016 3974 1074 4014 se
1105 3975 1227 4013 cum
1251 3957 1418 4012 Paulo
1444 3957 1650 4027 perlido
1676 3973 1808 4012 con-

199 3975 634 4082 rugamcpctens,
660 3975 987 4015 uemansum
1016 3975 1074 4014 se
1105 3975 1227 4013 cum
1251 3975 1418 4012 ramo
1444 3975 1650 4027 perqu
1676 3975 1805 4012 con-

199 4039 270 4101 tu
295 4029 368 4101 it.
448 4045 642 4098 umque
679 4029 818 4101 lianc
855 4031 1030 4101 ipsam
1063 4028 1494 4101 Magal‘oneusem
1528 4028 1805 4101 civitatem

207 4097 657 4171 defensoremue'
671 4098 785 4168 ejus
813 4097 1105 4171 gloriosius
1129 4097 1478 4171 cepissemus,
1510 4099 1691 4171 statim
1718 4112 1809 4152 us-

197 4183 328 4239 que
366 4169 423 4222 in
445 4167 765 4225 Nemausum
792 4167 914 4241 post
935 4167 1244 4241 praedictum
1274 4168 1497 4241 Paulum
1525 4169 1808 4241 sociosque

198 4238 350 4312 suos
373 4241 662 4309 pugnaturi
698 4238 1064 4312 perit-'enimust
1095 4240 1171 4294 lbi
1204 4254 1263 4295 se
1288 4239 1433 4312 idem
1455 4238 1673 4312 Paulus,
1699 4254 1808 4312 non

195 4309 398 4381 splum
428 4325 649 4366 suorum
685 4309 1009 4381 perﬁdorum
1043 4310 1214 4366 fretus
1248 4310 1494 4373 audacia,
1519 4310 1612 4365 sed
1643 4309 1808 4381 etiam

1905 3113 2147 3196 perfidia}
2195 3113 2588 3196 instantissime
2643 3113 3022 3196 adlimserunt‘,

1904 3183 2022 3254 ipso
2050 3183 2436 3256 nefandissimo
2462 3192 2787 3256 caperentur
2811 3183 2911 3256 :_i‘d_
2934 3191 3038 3256 est,
3067 3183 3352 3256 Gumildus
3381 3186 3492 3256 epi-

1904 3252 2118 3324 scopus,
2157 3252 2435 3324 Friuscus,
2485 3253 3153 3324 Frodaiius,_witimirus,
3177 3252 3494 3324 Banemuu-

1904 3321 2039 3388 dus,
2081 3323 2423 3390 Adosindus,
2474 3321 2722 3387 Adulfus,
2775 3322 3039 3378 Maximus
3071 3332 3126 3379 et
3159 3321 3369 3389 Gatila;
3403 3340 3496 3378 ex-

1904 3403 2059 3464 cepta
2107 3393 2250 3466 vulgi
2305 3393 2651 3466 multitudine
2693 3393 3026 3466 Francorum
3080 3392 3158 3448 vel
3195 3392 3489 3458 Saxonum,

1905 3482 2026 3536 qua:
2053 3465 2109 3536 in
2137 3464 2328 3536 eadem
2353 3465 2573 3536 civitate
2609 3464 3132 3536 comprehensae“.
3158 3533 3173 3536 _
3375 3469 3384 3478 '

1975 3535 2030 3590 5.
2067 3535 2167 3590 ilic
2202 3534 2368 3606 igitur
2407 3532 3100 3606 sceleratissiiuus_Paulus,
3141 3533 3267 3589 dum
3295 3548 3496 3590 convo-

1905 3613 2041 3662 catis
2073 3603 2429 3674 adunatisque
2466 3605 2717 3659 omnibus
2754 3604 2940 3670 nobis,
2977 3603 3029 3658 id
3083 3613 3166 3660 est
3201 3613 3227 3642 ν
3262 3606 3496 3660 senio:i-

1905 3677 2008 3732 bus
2043 3677 2282 3740 cunctis,
2315 3685 2370 3730 et
2407 3675 2590 3744 palatii
2635 3674 2911 3744 gardingis
2955 3675 3207 3729 omnibus
3241 3675 3498 3745 omnique

1905 3747 2143 3816 palatino
2162 3745 2357 3812 olIicio,
2392 3761 2485 3801 seu
2523 3745 2684 3816 etiam
2731 3753 2942 3800 astante
2975 3745 3215 3816 exercitu
3243 3745 3498 3801 universo

1908 3815 1962 3872 in
1989 3824 2278 3886 conspectu
2328 3817 2462 3888 regis
2492 3815 2730 3888 gloriosi
2761 3817 2939 3888 nostri!
2970 3815 3172 3870 domini
3207 3831 3328 3888 cum
3359 3831 3500 3888 pne-

1908 3888 2072 3944 dictis
2105 3884 2136 3929 ί
2159 3887 2322 3943 sociis
2354 3884 2466 3942 suis
2483 3884 2809 3954 judicandus
2836 3886 3133 3946 assisteret,
3181 3886 3261 3941 sic
3304 3887 3500 3956 pruuli-

1907 3967 2027 4014 ctus
2047 3959 2296 4028 princeps
2343 3973 2500 4028 super
2527 3957 2807 4028 praemissa
2846 3957 3234 4028 conjut‘ationis
3263 3957 3501 4026 interpo-

1907 4027 2102 4084 sitione
2143 4045 2268 4084 eum
2321 4027 2584 4096 allocutus
2627 4037 2712 4082 est
2759 4027 2946 4082 dicens
2989 4041 3004 4080 :
3044 4027 3250 4096 Adjuro
3281 4036 3350 4096 ite
3401 4041 3502 4096 per

1909 4115 2106 4155 nomen
2131 4095 2518 4168 omnipotentis
2547 4097 2662 4160 Dei,
2696 4099 2828 4150 utin
2853 4097 2956 4168 boc
2976 4095 3241 4168 conventu
3269 4095 3500 4168 fratrum

1909 4179 2206 4224 nostrorum
2263 4166 2557 4224 contendas
2601 4183 2811 4223 mecum
2853 4166 3057 4234 judicio
3091 4183 3104 4220 :
3140 4167 3186 4220 si
3223 4173 3315 4220 aut
3359 4173 3408 4218 te
3446 4166 3500 4219 in

1911 4239 2092 4307 aliquo
2135 4239 2268 4304 laesi,
2315 4247 2410 4292 aut
2456 4239 2742 4294 occasione
2791 4233 3067 4307 cujuslibet
3113 4235 3368 4307 malitiae,
3398 4233 3501 4307 tibi

1913 4305 2112 4363 malum
2135 4309 2352 4374 nutrivi,
2387 4323 2486 4378 per
2515 4323 2676 4377 quem
2707 4305 2974 4378 excitatus
3000 4308 3138 4361 hanc
3161 4305 3501 4376 tyrannidem

198 4380 556 4460 Francorum
591 4377 830 4460 munitus
858 4381 1058 4460 auxilio
1091 4382 1160 4436 ad
1182 4381 1545 4460 dimicandum
1571 4379 1812 4460 conzule-
1840 4401 1887 4460 υ
1912 4397 2142 4460 sumens,
2183 4379 2342 4460 hujus
2373 4377 2520 4460 regni
2547 4379 2752 4460 apicem
2791 4377 3062 4460 suscipere
3092 4383 3404 4460 attentalres.

201 4458 326 4522 rat.
367 4449 490 4516 Quo
520 4451 574 4506 in
604 4452 725 4508 loco
759 4452 1149 4508 instantissime
1179 4465 1451 4522 pugnans,
1476 4459 1531 4522 et
1573 4449 1626 4522 in
1656 4449 1812 4522 perli-

199 4521 320 4576 dim
367 4524 675 4592 temeritate
714 4525 1012 4592 perdurans
1037 4562 1051 4586 ,
1091 4519 1307 4576 tandem
1351 4521 1546 4592 divinis
1592 4519 1812 4589 iudiciis

195 4591 536 4662 nostrisque
567 4591 734 4648 armis
772 4593 960 4648 eadem
997 4592 1214 4648 civitate
1254 4592 1460 4660 irrupta
1501 4591 1678 4645 victus
1721 4606 1812 4645 ca-

191 4670 460 4732 ptusque
491 4672 577 4719 est
609 4663 824 4718 Paulus.
861 4662 986 4732 Ejus
1023 4663 1184 4717 etiam
1209 4675 1236 4701 ιι
1257 4663 1436 4718 socios
1477 4675 1812 4717 conimemo—

194 4748 342 4788 rare
387 4749 615 4790 necesse
654 4743 758 4800 est,
783 4750 920 4805 quos
963 4741 1018 4788 ει
1061 4740 1366 4804 pugnantes
1409 4742 1600 4788 contra
1629 4747 1728 4786 llOS
1755 4732 1806 4786 in

1985 4451 2040 4504 6.
2091 4449 2210 4505 Mox
2248 4445 2387 4504 idem
2412 4445 2828 4504 n'efandissimus
2865 4445 3062 4502 Paulus
3086 4462 3218 4501 voce
3247 4445 3393 4500 clara
3423 4451 3504 4498 te-

1913 4528 2088 4576 status
2129 4529 2214 4574 est
2261 4521 2482 4576 dicens:
2514 4518 2618 4574 Per
2659 4520 2849 4583 Deum,
2900 4515 3024 4587 quia
3070 4531 3246 4585 neque
3276 4532 3306 4570 a
3331 4514 3504 4587 gloria

1911 4601 2078 4646 vestra
2110 4592 2251 4646 sensi
2284 4606 2368 4646 me
2404 4605 2524 4646 esse
2563 4591 2767 4652 liesum,
2806 4583 2978 4656 neque
3007 4601 3036 4640 a
3063 4583 3216 4641 vobis
3248 4583 3376 4656 mali
3407 4583 3508 4656 ali-

1911 4661 2040 4730 quid
2061 4662 2280 4731 pertuli,
2321 4661 2414 4716 sed
2450 4669 2658 4715 tantum
2695 4658 2819 4731 boni
2851 4653 2908 4711 iu
2943 4671 3029 4711 me
3043 4656 3308 4731 impertiri
3341 4653 3506 4731 jussit

1911 4725 2198 4787 clementia
2238 4739 2438 4798 vestra,
2477 4731 2621 4802 quod
2655 4729 2934 4798 percipere
2963 4725 3261 4781 nullatenus
3307 4725 3504 4782 merui.

1745 4845 1976 4903 ΝΟΤΔΕ.

285 4973 319 5004 ι
355 4960 452 5028 ῐ·’.,
490 4963 722 5028 appetiit.

283 5032 320 5117 ξ
361 5033 448 5117 u-

287 5112 316 5174 ξ
363 5103 472 5174 ld.,
509 5103 895 5174 gloriosissimi.

286 5171 316 5212 ⁸
361 5173 472 5240 ld.,
507 5171 922 5240 iubjugarimus.

287 5252 318 5282 ⁸
363 5244 438 5299 Ι).
461 5259 571 5300 non
593 5241 756 5300 habet
782 5243 1058 5299 asteriscis
1093 5241 1320 5298 inclusa.

287 5311 316 5352 ί
363 5315 432 5372 In
456 5330 560 5369 ms.
587 5317 738 5371 deest
763 5314 972 5370 bellum.

287 5385 321 5424 ⁸
363 5385 432 5440 In
459 5386 583 5440 eod.
613 5383 768 5441 deest
793 5401 934 5440 cum.

281 5453 320 5494 ³
363 5454 462 5520 F.,
491 5455 650 5510 etiam
676 5465 745 5510 et.

291 5525 315 5596 ξ
351 5525 451 5596 D.,
472 5535 846 5596 expugnant“.

291 5593 312 5646 ἱ
344 5595 460 5661 ld.,
481 5593 717 5650 eamdem
747 5596 1028 5654 civitatem.

292 5666 327 5706 ¹ι
356 5666 472 5732 ld.,
494 5663 678 5719 itidem

305 5735 329 5777 ι
362 5735 498 5804 ιιι,
524 5732 834 5805 Frugisclus

1989 4975 2032 5004 ω
2061 4963 2150 5032 F.,
2173 4963 2451 5020 Hosimus.

1991 5043 2022 5072 ¹³
2053 5030 2179 5102 Ms},
2207 5034 2502 5101 Wazimar,
2528 5033 2854 5100 Cuniericus,
2889 5030 3215 5087 Trasericus.

1996 5111 2021 5140 °
2045 5105 2131 5172 F.,
2155 5115 2204 5160 et
2229 5103 2442 5160 Cottila.

1995 5185 2024 5224 Ρ
2045 5175 2168 5242 Ms.,
2187 5173 2578 5230 Guldramirus.

1995 5255 2022 5295 ιι
2053 5244 2140 5311 F.,
2167 5244 2497 5299 Idericellus.

2003 5325 2025 5353 ι’
2049 5315 2134 5381 1).,
2164 5315 2366 5368 itidem.

2001 5396 2024 5425 ³
2050 5385 2138 5451 F.,
2163 5384 2546 5456 gloriosissimi.

2005 5456 2027 5495 ί
2052 5454 2176 5528 Ms,
2204 5457 2526 5528 occasionem
2554 5456 2898 5528 quamlibet...
2937 5457 3032 5512 tibi
3066 5454 3280 5512 nutn'vl.

2001 5539 2030 5570 ιι
2060 5527 2220 5598 ίΗὶερ.
2260 5526 2476 5592 illustr.,
2501 5538 2548 5582 et
2566 5526 2668 5598 pro
2691 5531 2867 5584 etiam.

1999 5604 2028 5635 ν
2054 5597 2133 5672 ibi
2162 5597 2316 5653 deest
2349 5598 2518 5672 nobis,
2543 5597 2598 5656 et
2625 5615 2724 5672 pro
2753 5601 2807 5656 id
2843 5610 2944 5666 est,
2980 5599 3128 5670 legit.
3159 5597 3374 5654 ibidem.

2003 5679 2033 5710 κ
2051 5667 2151 5734 lbi,
2174 5685 2202 5722 e
2229 5670 2512 5739 pra’dictis.

3109 3115 3312 3169 uandiu
3365 3131 3490 3170 cum
3575 3159 3584 3168 .
