3974 6306
507 308 608 368 807

1571 294 1630 349 s.
1669 281 1932 350 JULIANI
1966 287 2268 345 EPISCOPI
2303 287 2646 345 reuma:

1776 401 2054 458 TEXTUS
2092 399 2484 456 LEGITIMUS.

507 509 738 586 pertuli:
766 495 862 566 scd
893 511 1102 562 tantum
1143 501 1276 558 boni
1307 501 1362 555 in
1391 513 1478 554 me
1512 495 1775 567 impertiri
1798 507 1824 536 ι
1847 494 2078 586 jussisti,
2112 501 2157 560 Α
2184 494 2342 586 totius
2375 490 2645 563 Hispania:
2665 491 2871 586 populis
2903 493 3139 586 qualibet
3169 496 3540 568 conjuratione
3559 498 3766 556 κιαι-

509 583 654 674 quod
685 599 960 672 percipere
985 593 1204 650 omnino
1233 606 1340 645 non
1373 588 1566 642 merui.
1613 586 1726 655 Ego
1763 593 1946 674 tamen
1975 583 2088 674 diaf

508 673 619 748 boli
645 689 899 746 instinctu
920 690 1243 754 provocatus
1265 679 1315 734 id
1351 676 1474 733 feci.
1521 676 1782 730 Similiter
1815 673 1929 744 jam
1959 673 2086 729 dicti

510 780 645 837 socii
681 777 764 834 sui
794 771 1003 845 qumsiti
1044 776 1188 832 sunt,
1222 775 1276 822 et
1298 779 1485 821 omnes
1518 762 1768 818 similiter
1801 761 2090 829 responde-

512 876 657 926 runt.
708 866 860 922 Unde
903 861 1125 932 prolata
1151 858 1179 897 δ
1209 863 1333 911 sunt
1361 853 1716 918 conditiones,
1740 851 1832 906 ubi
1869 861 2089 920 spon'a-

510 975 614 1016 nea
645 951 1000 1027 promissione
1033 950 1088 1003 in
1119 945 1382 1001 electione
1419 942 1638 1014 gloriosi
1682 941 1854 996 nostri
1885 940 2088 995 domini

509 1045 792 1105 Wambani
817 1043 960 1114 regis
982 1042 1096 1110 ipse
1119 1036 1534 1094 nefandissimus
1574 1034 1792 1098 Paulus,
1838 1034 1922 1089 vel
1955 1033 2088 1088 socii

507 1141 592 1196 sui
617 1153 722 1194 una
745 1135 950 1207 pariter
971 1130 1251 1186 nobiscum
1281 1132 1690 1191 consenserunt,
1720 1131 1775 1178 ct
1800 1123 2085 1180 inviolabi-

508 1231 633 1285 liter
657 1242 716 1283 se
747 1225 798 1281 ei
831 1223 914 1278 vel
959 1219 1146 1291 patriae
1173 1217 1335 1273 ﬁdem
1369 1215 1748 1272 observaturos
1785 1213 1886 1268 sub
1921 1212 2087 1268 divini

507 1298 744 1376 numinis
771 1315 1060 1386 sponsione
1089 1322 1110 1351 ο
1138 1310 1320 1365 testati
1354 1314 1500 1372 sunt,
1537 1321 1672 1376 quas
1700 1306 1865 1360 etiam
1895 1321 2088 1361 manus

505 1427 616 1466 sua:
644 1405 1128 1476 subscriptionibus
1152 1405 1493 1456 notaverunt.
1539 1396 1744 1464 Quibus
1770 1395 2088 1450 conditioni—

503 1503 604 1558 bus
633 1497 894 1556 reseratis
922 1504 1083 1564 atque
1115 1491 1384 1562 perlectis,
1416 1489 1484 1544 ad
1521 1487 1891 1544 confusionem
1929 1485 2088 1554 perﬁ-

503 1593 607 1648 diae
652 1593 892 1662 ipsorum
944 1583 1270 1652 subscriptio
1326 1596 1518 1636 manus
1557 1579 1585 1620 ἀ
1627 1595 1813 1635 eorum
1855 1578 1910 1634 in
1957 1577 2087 1647 ipsis

502 1679 901 1737 conditionibus
945 1675 1025 1730 eis
1073 1673 1382 1744 aspicienda
1425 1671 1746 1728 ostenditur.
1793 1668 1922 1724 Post
1973 1669 2088 1724 lucc

501 1771 622 1825 alia:
653 1766 990 1824 conditiones
1029 1764 1097 1818 ad
1141 1778 1277 1834 quas
1311 1763 1426 1832 ipse
1463 1760 1700 1831 perﬁdus
1748 1759 1946 1814 Paulus
1985 1773 2084 1828 po-

2183 584 2271 638 dio
2297 595 2680 640 sacramentum
2702 584 2828 654 ﬁdei
2851 600 2982 650 sum,
3002 585 3144 656 quod
3180 603 3275 658 pro
3292 589 3484 658 patric
3501 591 3767 662 gentisque

2185 673 2474 730 Gothorum
2490 683 2633 730 statu
2679 674 2758 729 vel
2789 677 3178 732 commaticus
3219 678 3372 749 regia:
3390 679 3583 736 salutis
3612 682 3768 752 polli-

2185 763 2318 818 citus
2343 775 2436 829 est,
2464 764 2806 830 temeraverit,
2834 771 2940 820 etc.
2972 765 3174 822 Deinde
3193 766 3326 839 legis
3349 777 3435 825 est
3459 769 3630 826 relata
3649 786 3771 827 sen-

2184 855 2371 920 tentia,
2395 855 2448 910 in
2493 855 2636 911 libro
2656 870 2718 920 tt,
2748 855 2834 910 tit.
2865 855 2916 922 l,
2967 871 3079 912 tera
3126 873 3204 921 vi,
3231 859 3322 914 ubi
3349 859 3420 914 ad
3465 859 3644 916 locum
3691 863 3770 919 sic

2186 945 2317 1000 dicit
2343 963 2357 998 :
2392 945 2420 985 ιι
2446 943 2754 1016 Quicunque
2789 961 2856 1000 ea:
2900 935 3130 1018 tempore
3170 949 3462 1003 reverendae
3500 953 3771 1006 memorie

2187 1033 2471 1090 Chintilani
2501 1036 2750 1108 principis
2771 1053 2932 1106 usque
2945 1037 3014 1090 ad
3037 1053 3233 1091 annum
3252 1037 3362 1092 Deo
3399 1037 3608 1107 fauente
3625 1040 3771 1108 regni

2186 1127 2350 1180 nostri
2374 1126 2679 1192 secundum,
2710 1125 2788 1182 rei
2811 1126 3000 1180 amodo
3033 1137 3082 1181 et
3111 1126 3272 1194 ultra,
3298 1136 3406 1184 etc.
3433 1127 3606 1198 Cujus
3629 1131 3770 1186 sacri

2185 1217 2407 1272 canonis
2431 1217 2790 1286 prteceptione
2831 1216 3103 1283 instructi,
3129 1232 3240 1273 non
3285 1217 3430 1272 ultra
3480 1219 3646 1274 nobis
3689 1227 3770 1274 est

2186 1308 2556 1373 dubitandum,
2589 1315 2652 1362 ut
2667 1307 2790 1362 illos
2808 1322 3102 1377 paveamus
3117 1305 3271 1376 juxta
3292 1307 3429 1380 legis
3452 1307 3619 1379 hujus
3641 1325 3766 1364 sen-

2186 1399 2432 1464 tentiam,
2462 1399 2596 1454 etin
2616 1413 2843 1468 corpore
2873 1407 2930 1452 et
2954 1398 3010 1454 in
3052 1399 3216 1454 rebus
3253 1399 3540 1468 temporali
3573 1401 3768 1470 punire

2184 1507 2432 1558 censura,
2459 1505 2596 1561 quos
2623 1489 2738 1558 jam
2777 1489 2968 1546 Patres
3006 1487 3084 1545 illi
3107 1499 3370 1560 perpetuo
3415 1491 3765 1546 anathemate

2186 1591 2296 1638 tam
2321 1579 2546 1636 terribili
2565 1577 2768 1648 judicio
2793 1579 3180 1634 damnaverunt
3206 1578 3225 1618 1
3257 1578 3313 1633 in
3335 1579 3541 1633 anima.
3564 1579 3650 1634 0b
3671 1580 3770 1634 hoc

2185 1671 2478 1728 secundum
2524 1669 2648 1725 lata:
2674 1669 2810 1740 legis
2855 1669 3076 1734 editam,
3114 1671 3219 1726 hoc
3261 1685 3454 1726 omnes
3491 1669 3768 1726 communi
3799 1671 3845 1739 ᾖ.

2187 1762 2526 1823 deﬁnivimus
2545 1761 2831 1826 sententia,
2867 1769 2927 1816 ut
2964 1759 3104 1816 idem
3145 1761 3385 1830 perﬁdus
3413 1760 3616 1817 Paulus
3648 1775 3770 1817 arm
3811 1746 3816 1756 ’

501 1861 687 1931 pulum
729 1857 830 1913 sibi
861 1855 1046 1925 iurare
1077 1853 1300 1918 fecerat.
1341 1853 1555 1909 reiecta:
1601 1860 1745 1916 sunt,
1797 1851 1855 1906 in
1890 1850 2083 1920 quibus
2118 1859 2162 1920 Β
2187 1856 2347 1912 dictis
2375 1866 2404 1894 ιι
2433 1855 2597 1911 sociis
2621 1855 2733 1910 suis
2759 1862 2932 1910 morte
2973 1853 3284 1922 turpissima
3316 1853 3670 1909 condemnati
3693 1854 3770 1908 in-

503 1951 604 2006 iste
637 1961 660 1988 °
690 1945 978 2016 impietatis
1027 1954 1082 2001 et
1136 1944 1468 2001 crudelitatis
1509 1943 1642 1999 ordo
1686 1949 1931 1997 servatus
1978 1948 2082 2006 est,

502 2039 596 2094 ubi
631 2036 733 2108 ipsi
763 2035 928 2092 Paulo
953 2050 1140 2090 omnes
1176 2035 1308 2090 socii
1344 2033 1427 2089 sui
1455 2033 1555 2089 sub
1589 2033 1695 2088 isto
1725 2031 1912 2087 ordine
1933 2029 2087 2099 jura-

503 2136 714 2194 verunt,
751 2134 811 2181 ut
845 2135 900 2180 et
941 2125 1126 2180 ﬁdeles
1150 2125 1466 2189 illi'essent,
1507 2133 1562 2179 et
1595 2122 1924 2178 unanimiter
1963 2135 2086 2176 cum

499 2233 566 2276 eo
598 2219 619 2258 τ
643 2227 832 2274 contra
865 2217 1156 2289 gloriosum
1187 2218 1212 2257 Β
1242 2215 1517 2272 dominum
1559 2221 1805 2270 nostrum
1830 2211 2087 2266 Wamba-

501 2327 626 2368 nem
661 2326 844 2382 regem
870 2311 898 2350 ιι
921 2315 1246 2382 pugnarent,
1293 2316 1453 2377 atque
1477 2306 1532 2360 in
1578 2305 1933 2374 dejectionem
1971 2302 2088 2372 ejus

500 2401 584 2456 vel
618 2401 917 2472 periculum
952 2415 1122 2470 usque
1161 2398 1229 2454 ad
1272 2396 1585 2454 eﬁ‘usionem
1623 2395 1900 2467 sanguinis
1927 2393 2088 2450 dimi-

501 2502 718 2557 carent,
766 2491 850 2546 vel
895 2498 1083 2546 contra
1119 2505 1213 2546 eos
1250 2489 1342 2560 qui
1382 2489 1631 2544 eumdem
1675 2487 1932 2543 domuum
1975 2501 2073 2541 no-

501 2589 675 2636 strum
723 2579 1008 2636 defendere
1060 2579 1374 2634 voluissent.
1401 2576 1696 2632 lnfaustum
1750 2591 1930 2646 regem
1973 2575 2088 2646 jam

501 2671 706 2725 dictum
743 2670 1034 2740 gloriosum
1061 2670 1318 2724 domuum
1351 2677 1594 2724 nostrum
1629 2665 2004 2733 Wambanem,
2032 2677 2091 2723 ut

501 2774 665 2831 supra
707 2759 1045 2830 prmmissum
1079 2766 1182 2823 est,
1215 2759 1270 2813 in
1311 2757 1442 2827 ipsis
1477 2756 1874 2813 conditionibus
1919 2759 2092 2812 nomi-

502 2859 710 2917 nantes,
737 2860 793 2906 et
823 2859 1016 2907 caetera
1055 2850 1400 2916 detestanda,
1429 2865 1548 2920 qute
1583 2849 1636 2904 in
1668 2848 1798 2919 ipsis
1829 2849 2091 2906 conditio-

503 2943 664 2999 nibus
685 2943 1028 3012 reperiuntur
1051 2941 1272 3011 scripta.

574 3035 628 3089 7.
661 3034 758 3089 llis
786 3033 1032 3090 excursis
1073 3039 1232 3102 atque
1261 3031 1533 3104 perlectis,
1558 3047 1823 3090 canonum
1861 3041 1942 3089 est
1966 3048 2092 3103 pro-

506 3124 612 3179 lata
650 3124 919 3180 sententia
945 3138 1011 3178 ex
1053 3122 1282 3178 concilio
1322 3122 1582 3179 Toletano
1615 3139 1722 3179 tera
1756 3141 1896 3180 Lxxv
1930 3127 1970 3190 ί,
1999 3124 2091 3181 ubi

504 3217 573 3272 ad
599 3217 778 3273 locum
806 3216 886 3274 sic
909 3215 1082 3272 dicit:
1123 3213 1430 3287 Quicunque
1465 3215 1655 3271 amodo
1686 3213 1700 3268 i
1739 3233 1806 3272 ex
1849 3217 1996 3278 nobis
2016 3215 2092 3272 uel
2115 3213 2165 3277 C

2186 1948 2432 2004 terirent.
2459 1945 2700 2014 Qualiter
2727 1961 2914 2002 casum
2947 1953 3218 2014 perpetuae
3249 1943 3570 2014 perditionis
3585 1944 3772 1999 viden-

2186 2048 2276 2095 tur
2301 2045 2326 2074 °
2353 2037 2623 2106 excipere,
2655 2036 2822 2106 quiet
2857 2035 3190 2090 eversionem
3235 2035 3479 2090 meditati
3514 2044 3646 2090 sunt
3681 2049 3774 2104 pa-

2187 2131 2324 2195 trias,
2354 2137 2409 2184 et
2465 2128 2724 2197 principis
2775 2127 3052 2182 interitum
3109 2126 3288 2182 conati
3335 2135 3464 2181 sunt
3505 2127 3770 2181 eximere.

2186 2217 2338 2286 Quod
2382 2219 2428 2274 si
2473 2217 2701 2272 forsitan
2729 2227 2758 2268 ι’
2782 2217 2862 2273 eis
2898 2231 2928 2271 a
2968 2216 3210 2287 principe
3257 2219 3561 2273 condonata
3605 2216 3775 2272 fuerit

2185 2315 2314 2380 vita,
2348 2330 2456 2370 non
2485 2313 2832 2384 aliter.quam
2853 2311 3072 2369 'evulsis
3106 2313 3398 2369 luminibus
3421 2323 3774 2370 reserventur

2189 2415 2248 2462 ut
2273 2407 2476 2462 .vivant.
2499 2405 2608 2461 Res
2635 2415 2820 2461 tamen
2839 2419 3029 2462 omnes
3043 2404 3284 2474 ejusdem
3305 2404 3453 2460 Pauli
3471 2407 3775 2462 sociorum-

2187 2512 2294 2568 que
2319 2494 2437 2565 ejus
2465 2495 2522 2550 in
2542 2503 2812 2565 potestate
2851 2493 3071 2565 gloriosi
3118 2495 3289 2549 nostri
3321 2495 3511 2549 Domni
3565 2495 3775 2564 persis-

2190 2588 2376 2642 tendas
2405 2601 2528 2643 esse
2571 2585 2931 2642 decernimus.
2989 2584 3230 2652 Qualiter
3262 2585 3519 2655 quidquid
3565 2585 3638 2640 de
3695 2585 3776 2642 his

2189 2695 2368 2752 agere,
2392 2679 2478 2736 vel
2495 2678 2741 2749 judicare
2772 2675 2996 2748 elegerit
3041 2675 3347 2732 serenitatis
3374 2691 3483 2731 sine
3530 2675 3778 2732 demen—

2188 2772 2284 2836 tia,
2311 2778 2552 2840 potestas
2594 2769 2671 2824 illi
2712 2768 3014 2824 indubitata
3060 2774 3371 2838 permaneat
3407 2783 3422 2820 :
3451 2775 3514 2821 ut
3546 2767 3778 2822 seditio-

2188 2877 2373 2919 sorum
2392 2876 2586 2918 nomen
2609 2861 2850 2916 funditus
2872 2875 2904 2916 a
2932 2867 3074 2914 terra
3097 2857 3380 2928 dispereat,
3402 2865 3458 2912 et
3483 2857 3775 2928 lugubrem

2189 2968 2376 3010 eorum
2417 2950 2732 3008 memoriam
2777 2949 2865 3005 his
2915 2947 3087 3004 titulis
3128 2949 3434 3004 denotatam
3461 2957 3488 2998 ιι
3511 2956 3775 3002 secutura

2189 3045 2385 3104 smcula
2408 3045 2610 3107 imitari
2633 3043 2921 3116 refugiant.
2944 3043 2978 3078 "

2729 3133 2961 3206 Explicit
2987 3132 3225 3204 feliciter.

1781 3331 2062 3390 TEXTUS
2099 3333 2464 3392 TUDENSIS.

500 3443 815 3524 Ego‘tamcn
857 3440 1052 3524 diaboli
1077 3441 1334 3524 instinctu
1368 3450 1692 3524 provocatus
1736 3441 1792 3524 id
1827 3441 1949 3498 feci.
1995 3441 2081 3524 Si-

499 3509 700 3568 militer
719 3509 834 3580 jam
861 3511 988 3576 dicti
1023 3512 1156 3567 socii
1191 3511 1273 3566 sui
1299 3509 1510 3580 (ιιιὼεὶιί
1537 3520 1679 3576 sunt,
1709 3520 1765 3566 et
1787 3527 1976 3566 omnes
2009 3514 2082 3566 si-

500 3583 700 3638 militer
742 3583 1133 3651 responderunt
1164 3599 1176 3634 :
1214 3585 1357 3635 unde
1391 3582 1614 3650 prolata:
1661 3591 1788 3638 sunt
1819 3583 2082 3638 conditio-

497 3667 615 3715 nes,
630 3652 735 3722 ubi
769 3661 1063 3720 spontanea
1094 3651 1450 3720 promissione
1485 3653 1537 3706 in
1575 3652 1837 3708 electione
1863 3652 2081 3722 gloriosi

499 3721 702 3792 domini
728 3723 897 3792 nostri
921 3722 1133 3792 Banibae
1169 3721 1312 3792 regis
1347 3723 1461 3791 ipse
1493 3721 1908 3778 nefandissimu’s
1945 3724 2081 3777 Pau-

497 3791 583 3844 lus
605 3806 724 3842 cum
763 3791 919 3843 sociis
955 3791 1067 3844 suis
1115 3791 1460 3858 una'pariler
1496 3792 1772 3846 nobiscum
1797 3807 2080 3848 consense-

499 3865 648 3924 runt,
677 3868 731 3912 et
754 3859 1128 3913 inviolabiliter
1153 3876 1211 3914 se
1238 3861 1312 3914 illi
1339 3870 1394 3914 et
1425 3861 1614 3929 patriae
1639 3860 1798 3916 ﬁdem
1827 3863 2080 3918 observa-

501 3935 654 3984 turos
678 3943 799 4000 cssc
823 3931 922 3982 sub
953 3929 1119 3983 divini
1146 3931 1378 3984 numinis
1401 3932 1687 4000 sponsione
1717 3932 1895 3985 testati
1931 3943 2074 3997 sunt,

501 4013 638 4068 quas
679 3999 841 4052 etiam
883 4000 1183 4070 sponsiones
1231 3999 1564 4056 manussuae
1599 4001 2078 4070 subscriptionibus

504 4067 848 4143 notaverunt.
903 4067 1107 4134 Quibus
1168 4069 1574 4143 conditionibus
1607 4067 1857 4143 perlectis
1881 4111 1896 4136 ,
1946 4087 2078 4143 quas

504 4138 606 4212 ipsi
653 4137 877 4212 maligne
924 4147 1282 4212 resecuerunt,
1331 4139 1399 4193 ad
1445 4137 1812 4212 confusionem
1845 4137 2082 4212 perﬁdia:

505 4207 746 4280 ipsorum
789 4207 1110 4280 subscriptio
1145 4223 1336 4280 manus
1352 4224 1546 4280 eorum
1577 4211 1628 4264 in
1659 4211 1786 4280 ipsis
1819 4207 2082 4267 conditio-

509 4278 670 4348 nibus
695 4278 776 4331 cis
807 4277 1112 4348 aspicienda
1154 4279 1474 4334 ostenditur.
1509 4280 1636 4334 Post
1672 4277 1786 4336 bzec
1813 4282 1931 4337 alite
1957 4298 2088 4336 con-

507 4347 739 4402 ditiones
775 4349 844 4402 ad
867 4362 1001 4418 quas
1041 4348 1154 4417 ipse
1182 4349 1417 4418 perﬁdus
1461 4349 1654 4407 Paulus
1695 4353 1947 4422 populum
1984 4353 2088 4407 sibi

2179 3441 2366 3513 iurare
2392 3441 2610 3520 fecerat,
2639 3442 2858 3520 relectte
2877 3451 3021 3498 sunt.
3062 3442 3120 3499 ln
3155 3443 3348 3516 quibus
3378 3446 3482 3520 iste
3512 3446 3774 3520 impieta.

2185 3523 2273 3579 tis,
2313 3520 2370 3568 et
2402 3515 2736 3587 crudelitatis
2761 3515 2894 3587 ordo
2922 3515 3308 3587 servatusest,
3357 3518 3444 3572 ubi
3471 3519 3574 3587 ipsi
3590 3515 3777 3581 'Paulo

2183 3599 2372 3638 omnes
2418 3584 2551 3638 socii
2588 3583 2670 3638 sui
2703 3585 2804 3639 sub
2842 3585 2948 3638 isto
2989 3586 3176 3640 ordine
3211 3583 3548 3653 juraverutit,
3611 3603 3679 3648 ut
3724 3605 3776 3651 et

2183 3654 2369 3735 fideles
2398 3654 2472 3735 illi
2501 3661 2700 3735 essent,
2726 3663 2774 3708 et
2799 3656 3070 3735 unanimes
3091 3656 3411 3735 cumﬁeodem
3437 3669 3636 3716 contra
3667 3665 3775 3735 glo-

2181 3725 2383 3805 riosum
2401 3724 2678 3805 dominum
2707 3733 2962 3805 pos-trum
2995 3739 3172 3805 regem
3203 3725 3526 3805 [lambanem
3565 3724 3774 3805 pug‘m.

2182 3802 2522 3876 rept,__atque
2553 3795 2605 3848 in
2637 3793 2988 3876 dejectionem
3021 3793 3136 3876 ejus
3161 3799 3244 3852 vel
3273 3793 3586 3876 perieulum-
3607 3793 3774 3876 usque

2185 3867 2253 3918 ad
2280 3863 2595 3934 ell‘usionem
2621 3866 2898 3934 sanguinis
2931 3863 3291 3932 dimicarentf
3331 3870 3413 3924 vel
3447 3880 3644 3928 contra
3684 3863 3775 3932 eos

2185 3935 2274 4005 qui
2314 3933 2550 3988 eumdem
2583 3933 2752 4005 regem
2791 3935 3076 3991 defendere
3115 3937 3426 3994 voluissent.
3471 3941 3773 4002 Infaustutn

2177 4004 2292 4085 jam
2335 4005 2556 4085 dictum
2591 4004 2786 4085 regem
2813 4005 3476 4085 gloriosumnBambancm
3501 4015 3603 4085 _(ut
3639 4031 3775 4085 pm-

2186 4075 2409 4157 missum
2447 4077 2563 4157 est)
2593 4075 2650 4130 in
2689 4075 3240 4145 ipsis'conditionibus
3269 4075 3546 4136 temerarie
3583 4075 3774 4157 reperi-

2186 4155 2274 4198 tur
2299 4155 2579 4200 SCl'lDlllﬂl.

2260 4162 2274 4186 ν
2299 4161 2402 4200 scr:
2446 4160 2579 4200 tum.

2260 4213 2310 4268 7.
2347 4160 2684 4294 lispexcursis
2721 4216 3200 4294 atqueupellectis,
3233 4234 3499 4294 canonum
3529 4231 3618 4278 est
3647 4239 3773 4294 pro-

2196 4285 2595 4362 latasententia
2624 4302 2701 4362 ett
2727 4285 2956 4340 concilio
2991 4287 3270 4356 Toletano,
3300 4291 3527 4362 qualiter
3551 4285 3771 4350 debeant

2195 4355 2373 4425 puniri
2401 4355 2704 4426 hujusmodi
2735 4365 3184 4424 transgressores.

2021 4441 2252 4498 NOTAE.

583 4540 608 4598 μ
635 4525 722 4591 F.,
757 4527 1040 4598 impertire.

585 4597 610 4639 δ
637 4597 738 4668 Id.,
759 4597 991 4668 periture.

587 4677 610 4737 ίῗ
641 4667 767 4733 Ms.,
789 4676 1040 4736 corrupte
1062 4676 1262 4737 sponte.

587 4735 612 4777 ⁸
634 4737 732 4802 Id.,
763 4735 1020 4792 manibus.

588 4817 614 4846 θ
635 4807 722 4872 F.,
757 4807 931 4861 istius.

589 4875 610 4916 ι
635 4877 736 4942 Id.,
763 4893 882 4930 cum
907 4876 1107 4932 eodem.

589 4946 712 5017 Fid.
743 4962 850 5001 non
875 4947 1038 5002 habet
1061 4946 1369 5017 gloriosum.

590 5013 617 5056 ιι
635 5015 710 5070 Id.
735 5027 856 5084 post
884 5013 1079 5086 regem,
1095 5017 1246 5072 addit
1274 5034 1395 5072 cum
1418 5035 1498 5074 eo.

589 5085 606 5125 ί
639 5086 726 5152 D.,
747 5101 854 5140 arra
881 5085 1018 5157 xxv;
1057 5087 1153 5157 sed
1193 5094 1302 5142 tam
1333 5088 1422 5142 hic
1465 5104 1626 5157 quam
1657 5088 1840 5142 (πειθτί
1893 5103 2080 5146 errore

509 5153 932 5226 laborant,cum
961 5155 1434 5226 legendumresset,
1483 5153 1594 5212 ivra
1646 5174 1795 5212 uxr.
1851 5157 2082 5216 Sanctus

508 5221 752 5278 Julianus
777 5225 890 5279 haec
915 5221 1154 5280 scribens
1181 5225 1346 5281 refert
1372 5242 1490 5283 sese
1535 5229 1601 5282 ad
1621 5244 1740 5282 ean.
1768 5227 1838 5282 75
1869 5230 2083 5285 concilii

513 5293 755 5367 Toletani
781 5310 854 5361 tv,
871 5309 1020 5367 anno
1044 5293 1149 5367 63;
1171 5295 1356 5356 habiti~
1375 5314 1469 5354 seu
1489 5314 1596 5354 tura
1611 5299 1734 5365 671,
1751 5297 1906 5367 cujus
1923 5313 2084 5356 cano-

509 5364 597 5419 nis
621 5373 748 5420 sunt
773 5364 938 5419 verba
959 5363 1047 5418 hic
1073 5363 1254 5418 allata.

583 5432 598 5484 ἰ
636 5434 694 5490 In
715 5432 778 5488 F.
807 5434 956 5490 deest
977 5433 1186 5486 amodo.

582 5503 611 5582 ιξ
642 5505 892 5582 Leuth
912 5511 995 5582 est
1021 5517 1095 5582 vn
1113 5501 1214 5582 lib.
1230 5521 1292 5567 ιι,
1317 5505 1401 5560 tit.
1419 5508 1468 5572 l,
1496 5509 1671 5580 legum
1689 5510 2042 5582 Wisigothor.
2065 5529 2080 5578 ;

511 5573 608 5631 sed
648 5575 777 5647 quid
811 5573 1077 5646 signiﬁcet
1105 5570 1348 5629 Julianus
1371 5570 1468 5645 per
1492 5570 1598 5635 atra
1624 5597 1698 5649 vr,
1729 5570 1873 5637 haud
1897 5570 2080 5636 mente

2121 4537 2171 4596 ι)
2199 4535 2647 4617 ξρςῃρμροιὶιηυιχ
2671 4537 2773 4617 nisi
2817 4537 2952 4617 velit
2969 4538 3267 4617 intelligere
3284 4557 3459 4617 geram
3483 4543 3590 4600 676
3617 4546 3764 4617 (ann.

2200 4603 2405 4686 in
2433 4623 2539 4676 qua
2569 4607 2838 4686 celebrata
2877 4607 2980 4664 fuit
3005 4603 3240 4686 synodus
3267 4612 3542 4686 _'l‘oletana
3567 4603 3640 4681 vi,
3669 4622 3770 4672 sub

2197 4674 2503 4756 Chintilane
2533 4693 2680 4749 rege,
2710 4680 2801 4756 ubi
2827 4674 3048 4756 canone
3071 4680 3140 4733 l2
3169 4691 3229 4756 et
3259 4683 3326 4756 l8
3369 4683 3424 4737 in
3461 4674 3772 4756 confugien-

2196 4755 2290 4821 tes
2305 4747 2372 4800 ad
2406 4747 2616 4813 hostes,
2634 4759 2690 4821 et
2735 4749 3060 4821 inﬂsalutcm
3101 4751 3361 4821 principis
3399 4747 3772 4813 machinarum:

2191 4817 2380 4891 eadem
2423 4819 2692 4873 sententia
2731 4819 2994 4891 indicitur
3013 4835 3077 4875 ac
3102 4817 3171 4874 ea
3195 4817 3357 4890 quam
3402 4825 3615 4880 intimat
3659 4827 3766 4891 lex,

2191 4886 2454 4959 nimirum
2495 4891 2760 4944 sententia
2803 4889 3068 4959 capitalis,
3105 4893 3191 4946 vel
3212 4886 3510 4950 _oculorum
3531 4886 3765 4952 ell'ossio;

2186 4953 2574 5036 AuctoArhlegis
2621 4953 2996 5036 videturA'csse
3048 4953 3494 5036 Reccesvintlpus,
3549 4967 3637 5036 qui
3697 4969 3768 5022 ab

2187 5041 2329 5080 anno
2351 5026 2650 5107 64_9_u'sque
2676 5031 2744 5086 ad
2770 5029 2877 5086 672
2898 5031 3046 5087 solus
3082 5042 3138 5088 et
3170 5049 3296 5089 cum
3349 5026 3490 5106 ejus'
3508 5026 3657 5107 pa'tre
3681 5051 3767 5092 ne-

2185 5109 2347 5164 gnum
2370 5099 2626 5154 obtinuit.

2264 5165 2280 5205 ¹
2308 5167 2394 5232 F.,
2430 5169 2762 5224 damnavere.

2257 5247 2299 5276 ιη
2322 5238 2421 5303 Id.,
2449 5239 2639 5293 edicta.

2259 5317 2287 5344 ιι
2312 5307 2412 5380 ω..
2437 5325 2554 5362 cum
2573 5310 2692 5380 jam
2713 5309 2887 5366 dictis.

2261 5383 2287 5410 ο
2309 5379 2410 5441 Id.,
2441 5379 2734 5434 rideantur.

2262 5457 2291 5498 Ρ
2321 5449 2418 5512 Id.,
2443 5448 2644 5516 forsan.

2261 5527 2288 5568 ει
2315 5519 2402 5582 D.,
2429 5517 2744 5575 devotatam.
