3952 6318
507 327 678 441 χ8115

635 444 714 501 Te
740 441 1002 499 Toletano
1041 442 1221 513 pietas
1251 443 1494 514 praefecit
1525 446 1688 501 ovili:

707 515 920 571 Divisae
949 514 1330 586 sedesprazsul
1360 531 1655 586 amansque
1688 518 1862 576 vides.

633 585 722 642 Nil
749 602 860 643 uno
883 585 1074 642 melius
1102 585 1222 651 fuit,
1253 594 1345 640 aut
1373 595 1424 641 te
1452 585 1691 644 sanctius
1713 605 1854 645 uno:

706 659 775 714 Et
803 659 1112 714 dementato
1141 673 1266 729 rege
1295 658 1481 715 dolens
1513 663 1764 716 moreris.

637 730 946 802 TeAsocium
975 729 1111 784 laetis
1140 728 1405 785 Leucadia
1431 731 1661 802 suscipit
1687 732 1848 799 ulnis,

705 800 914 880 corpus
939 802 1123 880 humo,
1151 807 1388 880 mentem
1429 800 1551 856 laeta
1580 800 1679 880 sub
1706 803 1812 880 alta
1837 803 2048 880 locans.

634 871 828 928 Gaude'
842 881 986 928 sorte
1018 879 1128 938 tua,
1155 871 1346 940 praesul
1374 875 1679 928 venerande
1700 873 1950 941 Quirice;

709 943 801 1000 Sic
826 943 1088 1001 Dominus
1115 944 1274 998 terris
1301 957 1379 1008 es,
1406 944 1772 1016 Dominusque
1798 946 1943 1016 polo.

1313 1037 1381 1093 IIl

729 1133 798 1188 In
827 1129 1066 1204 sepulcro
1089 1129 1302 1187 Gudilte
1337 1132 1701 1188 archidiaconi
1732 1132 1988 1189 Toletani.

636 1226 817 1284 Gloria
844 1227 1018 1299 Toleti
1043 1226 1188 1295 jacet
1231 1227 1334 1282 hac
1357 1227 1469 1299 sub
1496 1227 1637 1283 mole
1667 1228 1906 1299 sepultus

703 1298 916 1364 Gudila,
953 1313 1082 1368 pars
1112 1299 1276 1352 animi
1316 1297 1707 1368 dimidiumque
1725 1297 1871 1354 ‘mei.

635 1371 738 1439 Qui
763 1369 909 1426 senis
930 1385 961 1423 a
993 1376 1178 1424 tenera
1202 1383 1382 1424 mores
1405 1376 1564 1423 aetate
1591 1371 1826 1432 tenebat,

705 1443 774 1496 Et
800 1455 824 1482 ει
844 1439 1062 1510 juvenis
1085 1440 1214 1495 fecit
1239 1441 1328 1495 hic
1346 1439 1588 1508 juvenile
1609 1440 1766 1495 nihil.

637 1510 869 1582 Spiritus
894 1513 949 1566 in
980 1527 1138 1567 sacro
1168 1511 1438 1566 residebat
1462 1520 1682 1580 pectore
1716 1510 1939 1576 Christi,

705 1583 972 1653 Exprimit
999 1584 1143 1637 hunc
1173 1591 1364 1646 totum,
1393 1583 1655 1648 moribus,
1689 1598 1802 1648 ore,
1832 1599 2012 1637 manu.

629 1654 972 1726 Pauperibus
992 1654 1144 1709 cibus
1174 1662 1291 1726 est,
1309 1653 1774 1726 viduissolamen,
1806 1663 1868 1707 ut
1891 1655 2050 1726 aegris

695 1726 871 1782 .Grata
899 1724 1080 1780 Salus:
1115 1725 1330 1780 miseris
1357 1724 1609 1780 omnibus
1635 1741 1773 1780 unus
1801 1735 1936 1780 erat.

631 1796 891 1853 Mercaris
919 1796 1130 1850 meritis
1165 1795 1370 1860 multis,
1405 1797 1544 1851 bone
1574 1795 1786 1862 Gudila,
1815 1797 2042 1853 caelum:

701 1867 811 1924 Nos
836 1867 1161 1923 desiderium
1193 1867 1431 1921 lancinat
1454 1883 1624 1937 usque
1651 1867 1749 1922 tui.

631 1939 1030 2008 Mterentesque
1049 1953 1305 1993 vocamus
1333 1953 1477 2008 cum,
1511 1954 1673 2007 quem
1702 1939 1919 1995 sustulit
1949 1942 2148 1997 aether:

706 2007 1200 2080 Prosequimurque
1237 2009 1342 2079 piis
1376 2007 1568 2064 funera
1602 2010 1936 2081 lacrymulis.

629 2081 747 2137 Non
773 2081 962 2147 violas,
995 2089 1315 2149 tenerasque
1343 2096 1516 2147 rosas,
1549 2097 1656 2136 non
1700 2081 1810 2137 lilia
1839 2098 1975 2138 cana

701 2152 1016 2223 Spargimus
1045 2152 1114 2207 ad
1135 2152 1420 2218 tumulum,
1450 2153 1545 2208 sed
1570 2154 1710 2208 bona
1734 2162 1879 2220 vota,
1908 2163 2078 2209 tuum.

627 2223 737 2280 Nos
761 2230 889 2296 ergo
909 2239 940 2279 e
965 2237 1160 2295 supera
1189 2231 1478 2294 prospecta
1499 2224 1762 2282 candidus
1789 2241 1946 2291 arce;

590 2431 601 2443 .
627 2357 868 2487 alld.tad
896 2359 1042 2416 diem
1070 2365 1321 2415 octavam
1351 2357 1532 2416 Martii
1569 2360 1715 2418 hunc
1756 2368 2156 2432 pentametrum

590 2446 639 2487 ιο
687 2445 774 2487 ein
823 2448 837 2486 :

779 2445 799 2486 t
823 2448 837 2486 :

558 2446 639 2488 sm
666 2445 849 2585 legillul,
871 2523 964 2574 nisi
980 2521 1286 2588 simplicitas,
1313 2522 1380 2574 ull
1402 2521 1621 2587 iuvenile
1638 2522 1749 2575 fuit.

2182 1833 2232 1896 B

1305 331 1400 388 AD
1427 333 1486 389 S.
1527 330 1794 392 JULIANI
1833 324 2078 391 TOLET.
2122 331 2338 393 EPISC.
2380 330 2610 393 OPERA
2647 331 3099 392 APPENDICES.
3652 347 3725 404 816

2186 451 2238 513 Α

2401 448 2586 518 Teque
2626 462 2799 514 amor,
2829 457 2886 502 et
2922 457 3151 516 moveat,
3179 446 3374 516 Gudila,
3397 468 3510 510 cura
3528 455 3630 512 mei.

2330 520 2596 597 menibus
2626 533 2658 573 a
2699 519 2888 597 patriis
2912 521 3128 597 morbos
3155 533 3344 597 averte,
3367 522 3634 597 famemque,

2400 591 2743 660 Hostilesque
2782 591 2978 656 minas,
3005 591 3246 662 dogmata
3269 592 3407 661 falsa,
3433 591 3574 651 dolos'.

2329 662 2507 736 Toleti
2528 679 2596 736 ne
2612 670 2806 736 temne
2843 678 3050 732 preces,
3074 664 3376 736 cornitisque
3401 674 3600 736 rogatus,

2400 733 2503 800 Qui
2529 733 2625 788 tibi
2648 732 2740 787 dat
2767 748 2988 788 carmen
3019 742 3102 788 sat
3126 732 3355 792 Julianus
3373 732 3558 792 amans:

2334 801 2580 886 Ossaque
2602 803 2799 859 Felicis
2824 813 2915 858 tua
2933 820 3098 886 sacra
3126 807 3298 886 condit
3317 808 3501 886 ininde.

2399 873 2565 946 Cujus
2588 890 2742 932 mens
2764 876 2977 946 superis
3002 885 3085 932 est
3121 877 3323 934 sociata
3336 879 3515 935 choris.

3010 1008 3079 1065 IV

2662 1121 2732 1177 In
2757 1121 2996 1194 sepulcro
3027 1125 3162 1194 regis
3188 1122 3428 1182 Wantbte.

2331 1233 2756 1310 Wamba_prius,
2773 1235 2867 1306 qui
2891 1234 3086 1310 Petrus
3108 1251 3248 1310 eras,
3262 1237 3517 1310 missasque
3541 1242 3731 1308 minister,

2347 1303 2364 1379 ξ
2403 1306 2520 1361 Rex
2546 1303 2814 1362 G'otthica—a
2843 1309 3022 1379 gentis
3047 1307 3299 1379 religione
3330 1303 3494 1367 micas.

2333 1376 2540 1450 Sponte
2563 1387 2785 1450 tuainon
2807 1376 3028 1434 allectas
3051 1376 3228 1450 regale
3258 1395 3508 1450 cacumen,

2409 1447 2516 1504 Sed
2551 1449 2702 1505 subis
2723 1449 2936 1518 imperii
2965 1447 3169 1519 grande
3193 1461 3398 1507 coactus
3431 1447 3562 1510 onus.

2333 1518 2470 1594 Spes
2493 1527 2604 1587 tua,
2628 1518 3139 1594 conatusque’tuus,
3181 1521 3373 1578 virtute
3401 1527 3596 1594 potentis

2406 1589 2618 1663 Eretus,
2651 1589 2921 1647 inauditas
2950 1608 3039 1648 res
3070 1602 3319 1663 operatus
3348 1589 3479 1650 ades.

2332 1660 2488 1736 Nulla
2515 1663 2739 1736 perinde
2766 1663 2858 1716 tali
2881 1678 2976 1736 res
3000 1660 3210 1736 gratior
3229 1681 3391 1736 usque
3415 1667 3566 1736 quiete
3585 1673 3664 1720 est:

2406 1731 2727 1808 Ctenobium
2752 1735 2994 1804 gaudens
3005 1731 3144 1806 'post
3175 1731 3326 1792 sacra
3350 1731 3536 1807 sceptra
3559 1739 3670 1808 petis.

2335 1802 2555 1874 Septem
2613 1805 2691 1861 ibi
2743 1802 3038 1876 perpetuos
3081 1808 3371 1864 monachus
3414 1802 3534 1865 bene
3559 1802 3737 1882 Tprateris

3608 1895 3735 1941 3111105,

2407 1946 2438 1986 b
2460 1946 2586 2002 lnde
2611 1945 2792 2002 oblata
2819 1947 2986 2003 caelos
3014 1959 3188 2004 morte
3220 1950 3400 2005 beatus
3423 1951 3537 2005 adis.
3590 1879 3605 1953 ι

2332 2016 2486 2073 Felix
2515 2016 2748 2074 Wamba
2771 2026 2863 2074 tua
2891 2022 3134 2076 censeris
3159 2031 3301 2076 sorte
3329 2022 3512 2078 fuisse:

2407 2089 2541 2143 Tam
2561 2090 2699 2146 bene
2727 2089 2822 2160 qui
2847 2091 3016 2146 calcat
3042 2102 3276 2162 sceptra,
3299 2109 3390 2163 per
3411 2104 3538 2150 astra
3554 2093 3669 2149 volet.

2336 2158 2556 2232 Septem
2582 2158 2796 2232 sceptra
2823 2170 2929 2218 tua;
2949 2158 3438 2232 gentis—moderans
3464 2167 3511 2219 in
3533 2179 3672 2228 annos,

2404 2231 2537 2298 Quae
2565 2231 2702 2288 sinis
2727 2232 2874 2289 haud
2899 2231 3078 2292 morbi
3103 2235 3264 2298 mole,
3293 2235 3383 2293 sed
3405 2237 3506 2308 ipse
3529 2237 3672 2293 libens.

2335 2363 2364 2403 ι’
2397 2363 2474 2420 Id.
2501 2365 2633 2422 ibid.

2444 2455 2625 2511 Oblata
2644 2460 2764 2515 inde
2780 2461 2920 2528 polos
2940 2470 3100 2516 morte
3124 2465 3304 2518 beatus
3325 2463 3440 2518 adis.

581 2657 3734 2691 mw

1658 2777 2185 2857 APPENDIX
2241 2778 2736 2863 SECUNDA.

1088 2952 1447 3032 IDALII
1497 2951 2154 3029 BARCINONE

2256 2952 2396 3029 ilS
2453 2954 3004 3032 ΕΡιεΤοιλΕ
3069 2957 3336 3036 DUE.

1835 3110 1933 3175 (Kx
1953 3109 2220 3178 Dacherto,
2242 3113 2609 3181 Splcilegiutn.)

1085 3301 1422 3360 EPISTOLA
1449 3301 1687 3359 PRIMA.

628 3391 988 3459 Sanctissimo
1016 3405 1073 3453 et
1098 3397 1234 3453 mihi
1270 3412 1383 3467 prae
1408 3397 1623 3452 caeteris
1648 3395 1908 3466 peculiari
1935 3398 2155 3456 domino

557 3475 772 3532 Juliano
821 3469 1099 3527 Toletanze
1144 3469 1336 3539 primae
1391 3468 1537 3524 sedis
1579 3468 1834 3538 episcopo
1875 3483 1899 3510 α
1954 3469 2156 3528 ldalius

558 3542 977 3602 Barcinonensis
1005 3541 1148 3595 sedis
1169 3541 1473 3610 episcopus.

628 3613 1026 3671 Recordatione
1077 3626 1322 3666 meorum
1390 3610 1766 3680 peccaminum
1811 3611 2060 3681 pavidus,
2101 3621 2158 3668 et

558 3686 821 3743 memoria
851 3683 1149 3753 ingentium
1205 3682 1494 3737 criminum
1528 3696 1916 3751 usquequaque
1952 3693 2154 3753 perter-

557 3760 716 3822 ritus,
748 3765 1061 3826 putaveram
1091 3752 1305 3826 divinas
1331 3768 1489 3808 aures
1517 3753 1572 3806 in
1605 3753 1738 3826 meis
1757 3752 1973 3826 penitus
1993 3756 2157 3810 obdu-

558 3840 712 3884 ratas
750 3823 927 3880 fuisse
969 3823 1316 3889 clamoribus,
1368 3839 1491 3878 cum
1538 3825 1914 3894 promissionis
1959 3837 2155 3882 vestra:

558 3899 782 3955 minime
806 3897 1141 3967 perciperem
1172 3909 1325 3967 opus.
1369 3895 1435 3949 Et
1462 3896 1586 3951 licet
1639 3896 1948 3964 hujusmodi
1987 3913 2154 3954 causa

558 3979 706 4026 nunc
733 3966 960 4022 diVersis
985 3966 1482 4037 perturbationibus
1527 3967 1785 4037 agitatus,
1826 3984 1966 4024 nunc
1988 3968 2153 4024 etiam

557 4048 756 4113 optata:
783 4038 1203 4113 opportunitatis
1251 4049 1446 4093 eventu
1468 4039 1732 4113 privatus,
1767 4047 1879 4102 aut,
1911 4049 1972 4113 ut
2001 4056 2153 4113 asso-

558 4109 654 4178 let,
684 4109 954 4170 oblivione
1002 4111 1271 4174 detentus,
1329 4109 1764 4181 suggestionibus
1819 4111 1954 4164 meis
2006 4112 2154 4166 vale-

558 4184 852 4241 factionem
908 4181 1182 4236 alternans
1224 4181 1250 4220 δ
1291 4182 1566 4236 sanctitati
1625 4189 1820 4235 vestrae
1879 4181 2153 4236 intulerim

559 4257 784 4312 minime
836 4268 1045 4323 preces,
1083 4251 1250 4307 fretus
1285 4259 1465 4307 tamen
1521 4250 1820 4323 Salvatoris
1856 4263 1909 4306 et
1933 4253 2156 4308 Redem-

557 4327 734 4398 ptoris
763 4321 1206 4398 nostrioraculo,
1244 4339 1360 4398 quo
1407 4321 1720 4398 discipulos,
1769 4325 2040 4378 securavit
2073 4325 2155 4379 di-

560 4394 733 4454 cendo
762 4412 776 4450 :
828 4395 889 4452 Si
917 4395 1024 4450 duo
1052 4411 1117 4449 ea:
1173 4395 1312 4449 vobis
1370 4394 1722 4448 consenserint
1752 4411 1908 4465 super
1935 4406 2150 4461 terram,

561 4470 626 4525 de
659 4468 800 4524 omni
850 4483 905 4521 re
953 4482 1314 4536 quamcunque
1358 4465 1636 4534 petierunt,
1668 4465 1758 4532 ﬁet
1797 4465 1903 4519 illis
1934 4484 1965 4518 a
1994 4465 2156 4520 Patre

560 4557 674 4596 meo
721 4539 892 4611 quiin
953 4537 1106 4611 caelis
1142 4546 1257 4600 est;
1298 4545 1492 4611 vestrae
1527 4550 1743 4611 quoque
1781 4537 2155 4611 promissionis

514 4596 528 4642 "
559 4596 757 4667 fiducia
785 4609 1058 4664 uberrime
1089 4596 1278 4668 fretus,
1322 4607 1487 4660 ﬁxum
1522 4596 1685 4661 corde
1713 4596 1984 4674 tenebam,
2010 4608 2157 4677 quod

523 4710 526 4712 -
562 4698 737 4752 neque
762 4681 964 4735 veritas
992 4678 1212 4752 mentiri
1245 4677 1516 4752 ullatenus
1561 4686 1762 4752 posset,
1817 4693 1992 4752 neque
2022 4679 2157 4752 veri-
2185 4693 2234 4752 ο
2261 4677 2450 4752 contra
2495 4677 2822 4752 suspiciens
2843 4680 2869 4719 ἀ

561 4747 693 4808 tatis
724 4752 904 4808 cultor
950 4759 1112 4819 atque
1165 4747 1459 4817 discipulus
1499 4748 1798 4802 mendaciis
1834 4750 2153 4803 deserviret.

561 4824 958 4894 Exspectabam
996 4835 1126 4890 ergo
1176 4819 1553 4894 sanctitudinis
1581 4831 1797 4894 vestrae
1811 4821 2155 4894 promissum,

562 4890 714 4966 spem
763 4907 1016 4966 magnam
1077 4891 1367 4960 repositam
1425 4891 1630 4966 habens
1682 4891 1737 4944 in
1771 4891 1998 4966 Domino
2029 4890 2158 4946 Jesu

562 4911 590 4951 s
661 4911 714 4949 ΠΙ
763 4911 1016 4966 magnam
1077 4911 1367 4960 reposuam
1425 4911 1630 4944 ηειυεῐιδ
1683 4911 1737 4944 111
1771 4911 1998 4946 1101111110
2029 4911 2158 4946 JeSll

562 4911 823 5022 (ﬁlerism:
865 4965 1089 5020 orabam
1147 4970 1350 5029 tamen,
1396 4969 1452 5016 et
1485 4962 1530 5017 si
1564 4978 1672 5017 non
1703 4963 1963 5031 quotidie,
2010 4971 2158 5018 certe

635 5090 662 5119 ι
697 5075 851 5148 Sedis
883 5077 1142 5148 episcopo.
1191 5075 1364 5130 Antea
1397 5074 1698 5148 legebatur
1739 5075 1993 5148 apostolo.
2032 5077 2159 5148 Haec

559 5147 794 5277 eﬂgla
827 5155 883 5204 et
911 5145 1158 5217 sequens
1209 5148 1366 5202 editae
1391 5145 1502 5216 jam
1559 5155 1713 5202 erant
1737 5145 2006 5203 a'Joanne
2052 5147 2157 5205 Co-

559 5238 592 5277 c
763 5219 821 5274 in
863 5217 1013 5276 calce
1072 5219 1333 5274 librorum
1366 5219 1572 5274 Juliani
1634 5218 1897 5277 Toletani.
1957 5220 2147 5277 Lipsiae

559 5217 734 5278 oblato
763 5219 821 5274 in
863 5217 1013 5276 calce
1072 5219 1333 5274 librorum
1366 5219 1572 5274 Juliani
1634 5218 1897 5284 Toletani,
1957 5220 2147 5284 Lipsiae

559 5309 704 5350 anno
727 5289 885 5359 1556,
921 5300 982 5346 ut
1015 5290 1234 5362 quidem
1286 5298 1470 5347 monet
1517 5290 1805 5357 Baluzius;
1839 5307 1965 5345 nam
2003 5289 2148 5346 illam

559 5366 854 5423 editionem
898 5361 1055 5420 nobis
1085 5361 1270 5417 videre
1298 5377 1406 5417 non
1452 5362 1717 5427 contigit;
1755 5377 1854 5417 nec
1897 5362 1962 5416 de
1986 5378 2048 5416 ea
2071 5377 2153 5417 re-

559 5435 818 5509 perienda
854 5433 1082 5490 multum
1114 5433 1443 5497 curavimus,
1468 5431 1624 5509 quod
1649 5432 1796 5486 nullo
1815 5433 1976 5509 nobis
1999 5431 2152 5509 adju-

559 5502 746 5564 inento
790 5521 911 5562 esse
940 5512 1153 5576 poterat
1200 5510 1487 5576 postquam
1536 5502 1652 5556 sine
1679 5517 1743 5558 ea
1774 5502 1909 5558 nihil
1947 5511 2066 5559 erat
2096 5503 2151 5558 in

560 5579 647 5638 his
671 5577 916 5646 epistolis
941 5572 1092 5646 quod
1121 5575 1395 5646 negotium
1418 5572 1686 5646 facessere
1719 5583 1922 5646 posset.

632 5649 664 5691 δ
691 5643 991 5704 Auernum}
1031 5644 1168 5701 Cum
1200 5643 1433 5714 plurima
1456 5651 1637 5699 essent
1659 5643 1902 5715 inpriori
1923 5647 2160 5704 editione

562 5720 716 5785 vitia,
762 5733 886 5790 qua:
948 5715 1405 5790 apographi__ope
1487 5715 1847 5790 sustulimus,
1884 5717 2158 5776 levissima

564 5786 801 5862 quasque
818 5786 1234 5862 praetermittere
1260 5786 1416 5862 libuit
1436 5801 1510 5862 ne
1529 5786 1787 5862 lectorem
1826 5789 2115 5862 fatigarent
2139 5808 2152 5856 ;

567 5859 667 5920 sed
698 5859 1058 5920 omittendum
1083 5875 1191 5921 non
1245 5868 1363 5918 erat
1394 5859 1484 5919 hic
1527 5869 1687 5918 antea
1742 5859 1946 5920 lectum
1987 5862 2155 5925 fuisse

2183 3310 2234 3378 α
2262 3308 2350 3365 vel
2393 3321 2558 3378 saepe,
2608 3312 2671 3378 ut
2700 3305 2844 3362 idem
2890 3307 2983 3376 qui
3019 3306 3225 3376 ubique
3274 3316 3549 3378 praesensc
3572 3311 3641 3378 est
3656 3298 3750 3356 coni

2262 3386 2446 3436 vestro
2470 3371 2800 3448 'inspirator
2837 3371 3073 3445 adesset,
3114 3371 3172 3435 et
3205 3371 3345 3436 voiis
3377 3374 3557 3434 nostris
3581 3371 3751 3430 eiectum

2261 3451 2484 3507 tandem
2518 3456 2824 3520 praestaret.

2330 3541 2485 3596 Nunc
2513 3555 2643 3611 ergo
2679 3541 2804 3611 quia
2847 3541 3108 3598 Dominus
3159 3559 3372 3600 memor
3398 3540 3490 3596 fuit
3517 3537 3618 3601 mei,
3643 3542 3754 3590 etio-

2260 3620 2441 3684 torum
2470 3627 2715 3668 meorum
2744 3627 2830 3684 me
2856 3623 3160 3684 compotem
3198 3615 3348 3680 fecit,
3377 3611 3552 3684 gaudio
3571 3625 3619 3664 os
3641 3619 3755 3684 meum

2261 3693 2331 3762 et_
2345 3683 2583 3755 linguam
2619 3675 2994 3762 exsultatione
3028 3686 3278 3762 replevit,
3317 3675 3516 3762 cumet
3539 3696 3615 3762 vos
3642 3675 3755 3762 perit:

2261 3745 2453 3812 ctione
2469 3754 2642 3810 sancti
2673 3755 2853 3824 operis
2887 3745 3206 3822 cumulavit,
3238 3745 3293 3813 et
3321 3774 3404 3812 me
3448 3754 3621 3824 laboris
3644 3745 3754 3824 vestri
3854 3755 3855 3762 ‘

2261 3825 2457 3883 effectu
2521 3818 2731 3881 ditavit:
2781 3826 2966 3881 Dicam
3020 3843 3151 3897 ergo
3194 3818 3281 3883 illi
3339 3843 3455 3883 cum
3494 3818 3757 3897 egsultatioae

2260 3897 2459 3952 mentis
2486 3897 2762 3966 propheta:
2792 3897 2873 3951 sui
2921 3891 3143 3952 verbis:
3178 3899 3483 3954 Benedictus
3516 3891 3757 3954 [lentalent-
3854 3901 3855 3944 ξ

2510 3969 2716 4022 ominus
2765 3968 2830 4022 de
2859 3967 2944 4022 die
2973 3970 3026 4022 in
3065 3970 3228 4022 diem.
3275 3968 3565 4025 Adveniens
3603 3970 3757 4026 nataliue
3854 3975 3855 3980 “

2259 3969 2431 4023 dictus

2259 4039 2477 4110 quidam
2493 4037 2730 4110 Judaeus,
2748 4039 2968 4094 nomine
3007 4039 3334 4105 Restitutus,
3352 4039 3497 4110 quasi
3513 4039 3696 4090 brutum.
3723 4035 3757 4080 ut

2259 4109 2598 4172 itadixerim,
2637 4109 2858 4175 animal,
2907 4111 3192 4164 materiam
3234 4109 3423 4166 lumini
3469 4110 3757 4177 wiigruetltem

2259 4182 2566 4252 deportans,
2585 4180 2804 4246 librum,
2824 4172 2981 4251 quem
3001 4180 3243 4238 studiosa
3261 4183 3516 4239 brevitate
3544 4172 3630 4252 non
3648 4172 3761 4228 solum

2257 4251 2341 4308 exi
2360 4251 2705 4322 antiquorum
2735 4261 3042 4309 sanctorum
3070 4252 3299 4310 Patrum
3337 4251 3613 4313 sententiis,
3638 4253 3760 4322 Venti"

2257 4325 2422 4379 etiam
2450 4320 2752 4394 inspirante
2774 4332 2830 4378 et
2882 4324 3111 4380 docente
3163 4324 3410 4390 Christo,
3441 4324 3602 4394 labore
3624 4331 3671 4370 ac
3697 4320 3762 4394 δεῖς·

2259 4395 2347 4450 dio
2375 4391 2594 4465 proprio
2630 4411 3031 4461 consummare,
3069 4403 3123 4451 et
3169 4405 3374 4452 nostrae
3424 4392 3614 4465 ineptiae
3633 4391 3765 4465 sana?

2259 4452 2700 4539 tudinisfvestra:
2724 4452 3263 4539 prudentia'mittere
3299 4452 3608 4539 procuravi},
3631 4452 3764 4539 semel

2258 4537 2325 4593 lis
2350 4538 2601 4594 manibus
2622 4535 2833 4598 obtulit,
2862 4553 3024 4607 quem
3052 4535 3317 4594 aviditate
3339 4535 3579 4594 noscendi
3598 4535 3760 4607 rapiens.

2258 4609 2442 4678 potius
2476 4625 2640 4678 quam
2683 4603 2986 4681 accipiens,
3027 4609 3294 4665 citissime
3322 4609 3501 4681 pandi,
3528 4603 3765 4681 titulumquf

2917 4680 3172 4753 miratum
3223 4677 3348 4738 esse
3405 4695 3488 4736 me
3520 4678 3674 4753 fateor3

2264 4734 2404 4804 tanti
2440 4734 2640 4825 ettam
2665 4734 2907 4825 prmcla_ri
2948 4734 3533 4808 mercimonii—cansam
3555 4734 3766 4825 tamjlfﬁqf’

2262 4830 2316 4875 et
2345 4837 2374 4875 a
2421 4822 2565 4876 cultu
2617 4812 2738 4876 ﬁdei
2802 4821 2978 4877 alieno
3032 4832 3212 4877 vestra
3281 4825 3534 4880 sanctitas
3556 4812 3763 4877 crediderit

2258 4891 2462 4960 bajulo.
2510 4893 2616 4948 Sed
2645 4892 2790 4947 illico
2825 4892 2916 4946 illa
2955 4893 3167 4948 ratione
3211 4895 3473 4960 imbutus,
3502 4907 3594 4963 qua
3618 4889 3766 4963 thesau'

2260 4959 2382 5019 rum
2410 4963 2666 5020 fictilibus
2703 4964 2850 5019 vasis
2881 4965 3262 5032 committitur,
3304 4959 3533 5038 praefato
3546 4959 3769 5019 ludam!"

2259 5075 2519 5131 alternam
2544 5093 2562 5142 ;
2601 5084 2656 5130 et
2679 5092 2804 5130 mox
2837 5076 2928 5130 ubi
2958 5077 3091 5148 legis
3113 5081 3396 5144 accuravit,
3425 5093 3537 5134 eam
3565 5071 3768 5148 lectione“!

2258 5130 2368 5223 nos
2389 5130 2597 5223 eruisse
2632 5163 2698 5201 ex
2727 5130 3123 5223 apographorin
3148 5130 3406 5223 quaerat
3430 5130 3768 5223 iacraoiwl‘ilil

2257 5229 2317 5273 ut
2341 5217 2473 5273 ferri
2505 5233 2610 5273 non
2639 5216 2868 5287 poterat,
2910 5216 2985 5273 ita
3012 5216 3234 5288 propius
3250 5220 3322 5274 ad
3354 5234 3533 5276 veram
3563 5216 3770 5270 lectionem

2258 5234 2473 5273 utrem
2505 5234 2610 5273 non
2639 5234 2868 5287 poterat,
2910 5234 2985 5273 ita
3007 5234 3234 5346 propius
3250 5234 3322 5274 an
3354 5234 3533 5276 veram
3563 5234 3770 5270 leCttuuw

2258 5290 2568 5356 accedebat,
2601 5305 2764 5361 quam
2813 5303 2964 5360 quoa
3057 5290 3274 5347 cherius
3304 5292 3545 5346 ediderat
3576 5298 3691 5341 tam
3711 5291 3772 5330 αι·

2257 5370 2381 5416 tem.

2331 5442 2354 5471 ο
2389 5429 2592 5504 Ubique
2617 5448 2868 5504 praesens
2925 5442 3020 5504 est.
3058 5432 3115 5486 In
3151 5432 3340 5504 priori
3389 5432 3611 5490 editione
3643 5423 3772 5504 HW

2258 5499 2522 5576 armenti.
2546 5499 2689 5558 Infra
2729 5503 2783 5558 in
2810 5503 2979 5560 veteri
3009 5499 3322 5576 apogi‘apho
3349 5504 3434 5560 hae
3468 5515 3612 5558 voces
3628 5499 3772 5552 non!“

2265 5571 2572 5648 Restitutus,
2599 5576 2840 5648 desunt.
3030 5571 3060 5648 ξ
3095 5571 3140 5648 μ’
3198 5571 3227 5648 ί
3667 5638 3676 5648 ,
3706 5634 3714 5644 .

2334 5643 2361 5683 τι
2401 5643 2596 5700 Contra
2648 5647 2957 5717 suspiciens.
3013 5643 3278 5717 Acherius
3335 5643 3774 5717 contrafﬂdﬁf'?’

2265 5716 2483 5771 miratae
2512 5733 2612 5783 me,
2642 5702 2865 5790 sed'hoc
2910 5717 3047 5790 leve,
3076 5702 3391 5790 sicuti—[uad
3435 5702 3773 5790 edidit_qttt‘}*ﬁ

2263 5804 2544 5859 caurum.
2587 5779 2606 5842 ζ
2641 5789 2955 5844 committit:
2996 5779 3128 5846 illud
3154 5779 3276 5846 non.
3301 5789 3420 5846 leve
3472 5785 3603 5859 quod
3620 5779 3775 5846 ὲεήιηιί

2267 5876 2298 5915 a
2344 5857 2489 5916 cultu
2524 5858 2644 5927 Dei,
2672 5860 2765 5919 ubi
2789 5877 2934 5920 nunc
2959 5869 3041 5920 est
3066 5879 3100 5918 a
3120 5860 3262 5919 cultu
3290 5862 3438 5934 ﬁdei.
