3952 6318
495 315 600 374 823

1599 317 1660 376 S.
1699 314 1908 376 LULLI
1945 310 2328 372 MOGUNTINI
2364 313 2674 374 EPISCOPI

491 430 664 486 verim
686 429 972 487 occasione
991 428 1378 487 lucrandarum
1399 429 1724 496 animarum,
1751 437 1807 486 et
1851 443 1952 500 pro
1966 437 2081 486 stu-
2106 435 2160 494 Α
2257 427 2470 501 Scripta
2511 429 2864 488 beatitudinis
2915 437 3020 488 una
3067 431 3226 488 simul
3265 448 3381 492 cum
3427 441 3682 501 muneribus

493 521 582 580 dio
610 521 962 593 multiplicius
981 521 1251 580 serviendi
1279 523 1407 590 Deo,
1437 531 1621 578 tamen
1651 527 1924 577 memento
1958 519 2085 590 quia

491 615 712 674 mollem
735 632 955 672 manum
971 617 1140 673 durus
1151 615 1374 688 capulus
1391 623 1698 686 exasperat.
1723 613 2084 686 Quapropter,

491 705 660 762 cbare
681 705 904 779 collega,
923 705 1039 778 jam
1077 705 1304 775 dudum,
1361 714 1416 762 et
1451 721 1596 762 nunc
1619 707 1706 777 pie
1743 713 2050 778 praeceptor
2071 747 2086 776 ,

491 797 550 852 in
597 797 838 855 omnibus
878 799 1119 872 operibus
1161 801 1266 855 tuis
1311 815 1604 854 memorare
1637 799 1919 854 novissima
1971 808 2086 867 tua,

492 889 622 944 etin
649 900 901 966 internum
939 907 1044 945 non
1074 889 1331 962 peccabis.
1373 889 1675 946 Festinatio
1705 897 1888 946 autem
1923 889 1991 946 ad
2037 897 2092 946 te

493 983 764 1051 veniendi,
792 992 1014 1054 propter
1037 983 1386 1056 multiplicem
1433 986 1840 1042 tribulationem
1864 1027 1880 1052 ,
1925 1000 2092 1058 quam

489 1078 712 1154 iugiter,
735 1081 844 1136 Deo
869 1082 1094 1152 gratias,
1121 1084 1471 1150 sustinemus,
1495 1085 1630 1142 mihi
1654 1085 1896 1158 undique
1926 1085 2093 1142 dene-

493 1183 619 1244 gata
649 1181 750 1229 est.
801 1173 972 1244 Hujus
1005 1178 1246 1234 muneris
1293 1178 1722 1250 magnitudinem
1767 1179 1879 1235 noli
1917 1179 2096 1235 inten-

496 1265 644 1330 dere,
673 1265 765 1320 sed
805 1265 1054 1322 devotam
1083 1277 1320 1326 mentem
1348 1271 1632 1342 dirigentis
1659 1273 1890 1327 intuere.
1944 1271 2098 1328 Anti-

495 1369 618 1428 qua:
653 1353 1043 1414 familiaritatis
1097 1359 1293 1416 fiducia
1323 1359 1464 1418 freto
1490 1361 1622 1418 libet
1660 1362 1792 1417 mihi
1827 1363 1946 1419 htec
1987 1362 2098 1433 epi-

496 1449 765 1507 stiuncula
805 1455 1096 1524 quamdam
1126 1458 1450 1514 sententiam
1491 1458 1806 1531 frequenter
1832 1461 1970 1532 apud
1997 1477 2097 1518 nos

499 1541 763 1610 habitam,
786 1547 1003 1615 quando
1026 1546 1244 1618 limpida
1268 1550 1414 1605 dicta
1433 1550 1528 1606 Dei
1553 1553 1914 1607 communiter
1934 1552 2098 1608 rima-

413 1676 425 1688 .
499 1633 712 1698 bamur,
747 1637 986 1694 breviter
1013 1648 1254 1712 tangere,
1273 1657 1616 1714 nequaquam
1667 1651 1850 1700 tamen
1876 1645 1943 1700 ad
1991 1654 2097 1701 tua:

497 1742 650 1798 purae
673 1731 952 1802 religionis
987 1749 1273 1804 personam
1312 1737 1674 1808 pertinentem
1695 1777 1712 1804 ,
1766 1736 1922 1806 cujus
1957 1737 2097 1793 bene

2191 521 2386 579 litteris
2450 523 2740 594 assignatis
2808 522 2986 580 debita
3043 523 3397 596 gratulationis
3446 534 3682 589 reverentia

2191 617 2527 688 suscepimus
2545 659 2562 686 ,
2595 617 2964 688 maximasque
3002 619 3350 690 omnipotenti
3397 620 3498 678 Deo
3527 625 3686 695 egimus

2190 710 2414 782 gratias,
2444 709 2587 780 quod
2613 719 2668 766 te
2692 709 2748 766 in
2769 717 2884 766 tam
2933 710 3091 783 longa
3137 713 3536 784 peregrinatione
3571 719 3686 775 desu-

2193 803 2435 871 dantem,
2483 811 2539 860 et
2563 803 2619 860 in
2645 802 2845 860 Christi
2880 805 3141 876 agonibus
3169 806 3519 874 decertantem,
3541 816 3690 879 optata

2192 896 2533 954 conservavit
2575 895 2856 968 sospitati;
2897 903 2952 952 et
2976 897 3097 953 ideo
3123 899 3491 956 revertentibus
3521 916 3690 958 venera-

2192 985 2394 1043 bilibus
2430 985 2584 1054 viris,
2619 987 2876 1060 gaudium
2923 994 3190 1053 nostrum,
3236 1003 3492 1046 sacrorum
3529 991 3691 1060 apium

2195 1080 2564 1148 attestatione,
2611 1073 2908 1152 signamus,
2955 1095 3021 1136 ac
3047 1081 3278 1152 petimus
3315 1081 3389 1138 uti
3431 1084 3691 1153 quotidianit

2195 1174 2534 1231 orationibus
2595 1175 2939 1248 episcopatus
3000 1185 3128 1232 tuus
3176 1177 3400 1233 studium
3449 1193 3507 1235 ac
3557 1189 3690 1238 votum

2197 1281 2355 1324 suum
2397 1267 2541 1323 circa
2577 1266 2808 1322 salutem
2855 1276 3104 1324 nostram
3153 1269 3392 1340 dignetur
3433 1270 3690 1342 impendere.

2197 1361 2310 1418 Nos
2343 1375 2560 1432 quoque
2587 1359 2750 1418 simul
2786 1375 2912 1416 cum
2949 1361 3259 1418 nominibus
3295 1373 3570 1420 nostrorum
3594 1367 3692 1420 ami-

2197 1469 2405 1519 corum,
2439 1459 2494 1508 et
2516 1453 2966 1525 propinquorum,
2997 1469 3120 1524 qua:
3155 1453 3244 1510 hic
3287 1455 3556 1526 subscripta
3589 1468 3692 1524 sunt,

2197 1547 2506 1602 litterarum
2545 1547 2792 1603 custodia
2829 1547 3000 1604 facias
3032 1548 3318 1614 contineri,
3341 1551 3696 1621 orationibusque

2199 1646 2254 1695 et
2298 1637 2588 1693 missarum
2629 1636 3089 1694 celebrationibus
3123 1639 3389 1710 perpetuis
3421 1639 3504 1694 Dei
3526 1641 3695 1710 palmei-

2198 1730 2306 1786 niis
2329 1733 2790 1788 commendemur.
2829 1731 3144 1803 Eodemque
3171 1734 3328 1790 modo
3348 1733 3410 1790 de
3431 1735 3572 1800 vobis,
3590 1743 3630 1788 et
3647 1735 3694 1790 de

503 1827 808 1882 recordaris
829 1829 956 1884 dum
980 1831 1196 1900 legitur,
1223 1833 1316 1888 sed
1349 1835 1416 1888 ad
1445 1833 1734 1903 quemdam
1785 1833 2096 1890 schismati-
2128 1821 2176 1884 B
2202 1823 2514 1880 nominibus
2549 1824 2617 1881 ad
2661 1840 2762 1882 nos
2792 1825 3006 1894 delatis,
3042 1827 3337 1884 secundum
3375 1839 3576 1884 vestram
3601 1829 3695 1900 peti-

499 1935 620 1975 cum
644 1920 802 1976 nefan
829 1923 1090 1980 lissimum
1131 1927 1476 1997 pertinebat,
1526 1929 1618 1999 qui
1659 1945 1875 2000 semper
1910 1928 2099 1999 jurare

499 2011 704 2068 solebat
730 2015 862 2070 nihil
898 2031 958 2072 se
987 2019 1192 2074 terreni
1219 2030 1590 2092 accepturum.
1640 2021 1774 2079 Cum
1808 2023 1988 2080 subito
2031 2039 2100 2079 ex

501 2101 812 2178 improviso,
847 2107 992 2162 velut
1029 2124 1223 2166 novum
1255 2113 1596 2183 phantasma,
1621 2115 1906 2187 episcopus
1935 2130 2100 2185 appa—

501 2193 632 2261 ruit,
659 2195 762 2251 hoc
786 2197 901 2268 jam
938 2202 1174 2258 maxima
1205 2220 1272 2259 ex
1308 2214 1465 2276 parte
1492 2205 1735 2263 futurum
1761 2221 1881 2264 esse
1905 2207 2098 2264 formi-

501 2288 660 2344 dabo.
693 2290 978 2362 Longioris
999 2299 1265 2354 sermonis
1287 2300 1570 2370 prolixitas
1595 2301 1797 2371 legenti
1818 2301 2099 2358 fastidium

500 2397 572 2437 ne
597 2383 780 2455 gignat
799 2387 946 2458 (nam
984 2391 1199 2460 sapiens
1218 2393 1407 2464 paucis
1440 2395 1616 2450 utitur
1664 2397 1866 2462 verbis,
1899 2397 2100 2453 stultus

501 2483 682 2529 autem
718 2478 904 2534 multis
924 2479 1202 2550 fatigatur,
1231 2484 1372 2540 sicut
1395 2495 1451 2541 et
1467 2486 1589 2560 ego)
1614 2527 1630 2553 ,
1671 2488 1919 2553 obsecro,
1940 2487 2101 2544 istius

502 2567 743 2636 epistolae
768 2573 1072 2646 rubiginem
1109 2579 1448 2636 emendando
1475 2581 1749 2654 absterge,
1775 2582 1992 2652 meique
2019 2597 2100 2636 er—

498 2661 644 2716 roris
679 2662 1011 2734 indulgentia
1039 2669 1217 2724 detur.
1245 2670 1390 2727 Deus
1419 2671 1551 2739 tibi,
1592 2673 1740 2744 quod
1762 2674 1832 2730 ad
1871 2674 2100 2730 salutem

503 2760 653 2808 tuam
696 2757 1002 2826 pertineat,
1058 2762 1352 2820 clementer
1406 2767 1673 2838 inspirare
1715 2767 1997 2839 dignetur;
2045 2777 2101 2825 et

505 2861 628 2922 eum
657 2864 820 2922 grege
859 2852 956 2908 tibi
981 2857 1274 2914 commisso
1313 2859 1640 2917 incolumem
1661 2861 1856 2918 Pastor
1909 2869 2090 2932 pasto-

504 2955 624 2998 rum
660 2950 715 2998 te
770 2948 1058 3005 custodiat.
1092 2949 1320 3023 Propria
1360 2969 1524 3010 manu
1576 2955 1768 3028 scripsi
1815 2957 1949 3014 haec.
1994 2956 2102 3014 0b-

505 3046 661 3088 serva
696 3051 819 3106 quae
841 3039 1228 3111 praecipiuntur
1251 3051 1306 3098 et
1325 3043 1506 3100 salvus
1526 3045 1656 3103 eris.

1073 3130 1412 3191 EPISTOLA
1466 3135 1533 3192 ν.

893 3237 1092 3278 LULLUS
1125 3240 1405 3282 DENEARDO
1441 3242 1512 3282 ET
1550 3243 1712 3284 ALIIS.

996 3313 1171 3384 (Anno
1213 3317 1428 3374 Domini
1459 3319 1609 3395 755.)

577 3397 928 3460 Charissimis
941 3404 1066 3463 ﬁliis
1087 3407 1425 3478 Denehardo,
1447 3411 1778 3481 Eanbertho,
1799 3412 2104 3483 Winberto,

510 3489 816 3641 Sifeherio,
862 3496 1190 3573 Sigewaldo,
1241 3501 1429 3560 Lullus
1492 3505 1722 3563 antistes
1768 3506 1824 3564 in
1875 3507 2107 3565 Domino

509 3600 572 3646 Sa
594 3596 761 3644 utem.

583 3678 954 3742 Admonemus
997 3702 1096 3744 vos
1146 3697 1208 3744 ut
1255 3690 1457 3763 rogetis
1509 3707 1700 3750 omnes
1749 3693 1951 3766 ubique
1995 3695 2108 3752 Deo

513 3771 834 3840 servientes,
865 3784 976 3831 tam
1007 3792 1192 3834 servos
1221 3781 1318 3837 Dei
1355 3797 1518 3852 quam
1551 3785 1776 3843 ancillas
1809 3787 2013 3844 Christi
2051 3789 2108 3846 in

512 3863 796 3935 provincia
819 3865 1236 3940 Thuringorum,
1261 3875 1680 3948 universamque
1702 3877 1936 3948 plebem,
1967 3890 2028 3937 ut
2051 3882 2109 3941 in

515 3958 788 4014 communi
832 3959 1260 4019 misericordiam
1310 3965 1522 4024 Domini
1569 3971 1945 4041 deprecentur,
1973 3951 2104 4045 qua-

517 4053 675 4104 tenus
701 4048 770 4104 ah
796 4049 1098 4108 imminenti
1135 4055 1435 4126 pluviarum
1465 4057 1674 4132 ﬂagello
1700 4062 2026 4136 liberemur;
2053 4069 2110 4126 id

513 4149 620 4210 est,
650 4153 710 4198 ut
732 4160 899 4202 unam
947 4149 1340 4209 hebdomadam
1388 4155 1698 4214 abstineant
1738 4175 1798 4216 se
1844 4161 1912 4215 ab
1961 4162 2109 4218 omni

515 4247 704 4305 carne,
745 4247 802 4295 et
839 4241 908 4298 ab
953 4245 1102 4298 omni
1129 4255 1261 4314 potu
1289 4247 1346 4302 in
1367 4263 1474 4318 quo
1500 4250 1608 4306 mel
1629 4251 1731 4319 sit;
1765 4251 2002 4310 secunda
2025 4253 2108 4311 fe-

515 4328 616 4394 ria,
649 4341 844 4400 quarta
874 4331 1032 4400 feria,
1069 4345 1124 4392 et
1153 4345 1306 4394 sexta
1353 4338 1488 4396 feria
1527 4340 1782 4412 jejunetis
1824 4361 1996 4416 usque
2041 4347 2110 4402 ad

513 4437 833 4495 vesperum;
871 4435 926 4483 et
961 4432 1332 4503 unusquisque
1360 4449 1643 4492 servorum
1683 4437 1780 4494 Dei
1815 4447 1873 4495 et
1901 4440 2108 4496 sancti-

511 4515 830 4598 monialium
858 4519 1252 4594 quinquaginta
1283 4525 1522 4598 psalmos
1549 4537 1734 4586 cantet
1757 4531 1905 4586 omni
1940 4532 2026 4588 die
2051 4531 2108 4587 in

514 4605 606 4662 illa
649 4609 974 4680 septimana,
1005 4622 1061 4668 et
1089 4614 1212 4674 illas
1238 4617 1454 4686 missas,
1495 4636 1615 4691 quae
1643 4637 1742 4692 pro
1772 4624 2109 4694 tempestati-

510 4701 614 4758 bus
657 4703 778 4761 ﬁeri
817 4707 1045 4776 soleant,
1099 4710 1377 4768 celebrare
1414 4729 1530 4782 vos,
1559 4717 1880 4788 presbyteri,
1919 4733 2104 4774 recor-

511 4793 737 4854 damini.
768 4799 1014 4858 Misimus
1038 4803 1193 4861 vobis
1233 4807 1453 4862 nomina
1491 4807 1693 4864 domini
1739 4808 1969 4864 Romani
1993 4809 2108 4880 epi-

513 4890 694 4960 scopi,
747 4908 847 4964 pro
890 4912 998 4968 quo
1043 4900 1416 4973 unusquisque
1475 4909 1715 4958 vestrum
1757 4918 1864 4958 xxx
1909 4903 2108 4960 missas

512 4991 698 5040 cantet
732 4996 790 5042 et
822 4987 944 5046 illos
971 4992 1230 5062 psalmos,
1280 5001 1336 5050 et
1366 4993 1632 5066 jejunium
1655 4995 1810 5066 juxta
1836 4997 2106 5053 constitu-

516 5074 718 5132 tionem
744 5088 1010 5136 nostram.
1046 5084 1312 5140 Similiter
1336 5101 1436 5156 pro
1462 5087 1670 5143 duobus
1704 5087 1859 5144 laicis
1887 5088 2108 5144 nomine

514 5165 866 5238 Megenfrido,
882 5181 938 5228 et
953 5172 1178 5232 Bahano
1200 5193 1234 5232 x
1253 5179 1451 5235 missas
1470 5181 1842 5253 unusquisque
1863 5191 2106 5238 vestrum

516 5268 719 5318 cantet.
747 5261 936 5320 Valete
954 5265 1012 5322 in
1037 5267 1265 5326 Domino
1293 5286 1524 5342 semper.

1077 5380 1410 5440 EPISTOLA
1453 5385 1538 5441 Vl.

905 5487 1146 5532 ωευυε
1187 5493 1258 5534 E'l‘
1295 5495 1482 5537 OSGIVA
1518 5494 1712 5536 LULLO.

1003 5565 1177 5639 (Anno
1214 5569 1427 5625 Domini
1469 5571 1618 5642 755.)

583 5654 812 5714 Alredus
834 5674 934 5716 rex
957 5669 1014 5716 et
1038 5661 1236 5734 Osgiva
1269 5664 1454 5734 regina
1485 5662 1640 5718 Lnllo
1664 5663 1958 5720 venerabili
1992 5664 2106 5736 epi-

523 5766 674 5822 scopo
697 5753 854 5811 nobis
887 5755 1186 5826 perpetuali
1229 5757 1469 5812 amicitia
1514 5757 1766 5828 copulato
1799 5757 1857 5814 in
1885 5756 2105 5816 Christo

539 5841 761 5902 altilem.

2201 1913 2424 1980 tionem,
2459 1913 2640 1972 facere
2669 1917 3002 1984 curabimus,
3032 1929 3095 1974 ut
3129 1919 3186 1976 in
3215 1919 3416 1976 cunctis
3438 1920 3696 1976 monasteriis

2199 2007 2402 2063 nostris
2453 2007 2747 2065 ditionibus
2809 2009 3116 2080 subjunctis
3170 2011 3432 2082 perpetuis
3475 2011 3696 2066 litterarum

2199 2099 2568 2156 monumentis
2606 2102 3080 2168 commendentur,
3117 2112 3174 2158 et
3200 2101 3485 2158 orationum
3515 2101 3697 2157 subsidiis

2198 2189 2311 2245 Deo
2348 2191 2588 2261 quotidie
2628 2201 3048 2264 prmsententur.
3101 2193 3342 2264 llludque
3375 2192 3539 2264 pietati
3559 2200 3697 2248 nostra

2199 2283 2336 2340 satis
2382 2283 2650 2354 placuisse
2693 2299 2978 2354 cognosce,
3027 2285 3175 2356 quod
3213 2283 3537 2340 sanctimonia
3564 2283 3695 2338 made

2199 2375 2566 2432 Ecclesiarum
2615 2385 2710 2432 aut
2737 2378 2920 2449 populi
2959 2378 3367 2448 perturbatione
3405 2375 3596 2430 sollicita
3625 2385 3694 2442 est,

2199 2483 2320 2540 quae
2345 2468 2509 2523 etiam
2537 2477 2596 2524 ut
2619 2467 2830 2536 ﬁerent,
2869 2469 2966 2525 Dei
2997 2470 3184 2541 aliquo
3218 2467 3593 2540 dispensationis
3613 2482 3698 2522 eoa-

2199 2561 2324 2618 silio
2344 2560 2616 2618 credimus
2642 2577 2764 2618 esse
2787 2563 3026 2634 provisa.
3052 2563 3266 2620 Nostris
3286 2577 3498 2634 quoque,
3522 2557 3694 2616 dilectis-

2199 2652 2336 2708 sime
2360 2651 2545 2719 frater,
2593 2653 2952 2726 legationibus
2979 2655 3048 2710 ad
3086 2655 3360 2712 dominum
3398 2661 3596 2710 vestrum
3617 2649 3695 2722 glo-

2199 2745 2560 2802 riosissimum
2607 2762 2794 2819 regem
2837 2746 2984 2805 Car].
3033 2749 3410 2815 obsecramus,
3453 2741 3696 2802 consulendo

2199 2840 2524 2905 subvenias,
2575 2846 2636 2895 ut
2685 2855 2791 2910 pax
2827 2848 2881 2896 et
2916 2840 3177 2907 amicitia,
3221 2856 3339 2913 quae
3368 2840 3582 2897 omnibus
3615 2851 3700 2893 con-

2199 2933 2444 2999 veniunt,
2463 2933 2632 2988 facias
2656 2934 2925 2991 stabiliter
2947 2935 3092 2991 inter
3117 2952 3220 2993 nos
3249 2934 3548 2992 conﬁrmari.

2273 3023 2467 3080 Divina
2510 3023 2765 3094 majestas
2805 3025 3076 3083 indefesso
3129 3028 3416 3084 certamine
3448 3042 3532 3099 pro
3561 3019 3702 3079 Cbrisﬁ

2200 3117 2443 3174 Ecclesia
2470 3118 2824 3176 desudantem
2845 3129 2899 3176 te
2921 3137 3248 3178 conservare
3266 3124 3511 3194 dignetur.

2133 3197 2180 3262 C
2279 3207 2454 3266 Parva
2499 3212 2820 3268 munuscula
2853 3221 2962 3270 tuae
2988 3215 3240 3288 dignitati
3277 3213 3571 3276 admisimus,
3591 3209 3633 3264 id
3649 3213 3705 3261 at

2209 3305 2494 3360 duodecim
2537 3321 2716 3380 sagos,
2745 3321 2870 3364 cum
2897 3309 3098 3366 annulo
3139 3325 3306 3368 aureo
3344 3305 3520 3380 maiori
3540 3297 3708 3362 donoad

2208 3397 2410 3454 dotem.

2752 3494 3093 3552 EPISTOLA
3126 3495 3243 3554 VII.

2773 3607 3014 3648 PIPPINUS
3049 3605 3226 3649 LUL'LO

2705 3680 2880 3754 (Anno
2913 3681 3127 3737 Domini
3153 3681 3262 3738 755
3287 3680 3306 3748 )

2279 3769 2540 3844 Pippinus
2565 3772 2740 3844 gratia
2791 3773 2887 3829 Dei
2937 3790 3035 3832 rex
3081 3773 3418 3832 Francorum
3457 3771 3531 3829 vir
3564 3765 3710 3824 illuster

2209 3865 2431 3923 domino
2460 3875 2648 3924 sancto
2674 3867 2823 3924 Patri
2855 3867 3012 3924 Lullo
3041 3870 3321 3942 episcopo.

2281 3959 2570 4032 Cognitum
2599 3960 2802 4016 scimus
2841 3962 3116 4018 sanctitati
3152 3972 3346 4019 vestrm
3377 3958 3563 4032 qualem
3591 3953 3710 4025 Pim‘

2211 4059 2322 4108 tem
2355 4061 2410 4107 et
2435 4052 2863 4109 misericordiam
2911 4053 3055 4110 Deus
3095 4053 3229 4113 fecit
3274 4051 3512 4126 praesenti
3545 4061 3654 4103 anno
3676 4041 3712 4096 in

2211 4153 2358 4202 terra
2399 4145 2523 4201 ista.
2569 4146 2730 4202 Dedit
2765 4147 3167 4205 tribulationem
3195 4163 3298 4220 pro
3324 4144 3516 4204 delictis
3536 4135 3710 4198 nostris;

2210 4247 2333 4310 post
2367 4237 2774 4294 tribulationem
2813 4249 2995 4295 autem
3031 4255 3286 4312 magnam
3313 4247 3466 4309 atque
3487 4227 3710 4291 mirabilem

2212 4331 2635 4388 consolationem
2659 4371 2675 4399 ,
2731 4331 2843 4386 sive
2895 4331 3284 4388 abundantiam
3333 4329 3524 4386 fructus
3572 4333 3711 4381 terra,

2212 4438 2374 4494 quem
2423 4423 2584 4479 modo
2623 4422 2909 4480 habemus.
2956 4423 3054 4480 Est
3088 4425 3160 4481 ob
3201 4425 3326 4492 hoc,
3365 4432 3513 4492 atque
3533 4431 3614 4490 pro
3632 4410 3712 4466 aliis

2213 4515 2393 4571 causis
2411 4514 2615 4572 nostris
2644 4530 2781 4586 opus
2809 4523 2894 4570 est
2928 4515 3084 4572 nobis
3111 4514 3192 4572 illi
3219 4515 3418 4588 gratias
3447 4501 3710 4602 agere-(lui.a

2211 4606 2464 4678 dignatus
2491 4615 2578 4663 est
2603 4622 2790 4664 servos
2824 4623 2954 4665 suos
2986 4607 3261 4665 consolari
3295 4623 3390 4681 per
3420 4604 3526 4676 ejus
3558 4598 3712 4656 miseri-

2209 4699 2472 4757 cordiam.
2522 4700 2614 4757 Sic
2662 4700 2820 4758 nobis
2862 4701 3077 4758 videtur
3111 4709 3192 4770 ut,
3239 4702 3436 4772 absque
3471 4691 3639 4768 jejunio
3659 4686 3714 4740 in-

2207 4793 2374 4858 dicto,
2420 4793 2794 4864 unusquisque
2835 4794 3122 4865 episcopus
3155 4793 3210 4849 in
3246 4808 3341 4851 sua
3366 4785 3600 4864 fparochla
3623 4779 3710 4835 Ιίιι·

2208 4886 2329 4944 nias
2359 4883 2542 4952 faciat,
2580 4901 2690 4941 non
2725 4902 2849 4942 cum
2865 4884 3094 4956 jejunio,
3140 4887 3246 4943 nisi
3288 4893 3487 4942 tantum
3522 4880 3572 4937 in
3603 4867 3715 4930 1³πά

2210 4983 2326 5051 Dei,
2361 4983 2454 5053 qui
2499 4981 2659 5037 talem
2695 4981 2853 5038 nobis
2890 4981 3275 5038 abundantiam
3323 4978 3476 5043 dedit,
3516 4980 3564 5030 et
3600 4964 3714 5024 faciat

2209 5081 2580 5151 unusquisque
2629 5075 2795 5134 homo
2843 5092 2972 5133 suas
3023 5076 3391 5150 eleemosynas
3435 5079 3486 5130 et
3517 5069 3716 5151 paupﬂﬁ

2207 5183 2415 5248 pascat.
2462 5173 2530 5228 Et
2575 5173 2657 5228 sic
2702 5172 3001 5244 praevidere
3053 5171 3288 5237 faciatis,
3335 5176 3390 5226 et
3430 5163 3643 5225 ordinare
3669 5150 3714 5205 de

2209 5267 2375 5322 verbo
2408 5275 2614 5331 nostro,
2666 5273 2728 5320 ut
2769 5265 3144 5336 unusquisque
3177 5265 3357 5330 homo,
3387 5268 3474 5318 aut
3504 5251 3635 5311 vellet
3652 5249 3713 5300 aut

2209 5361 2395 5428 nollet,
2427 5375 2582 5416 suam
2612 5359 2880 5416 decimam
2909 5359 3094 5416 donet.
3121 5359 3307 5416 Valete
3329 5358 3383 5414 in
3409 5351 3614 5412 Christo.

2743 5471 3080 5528 EPISTOLA
3128 5472 3262 5528 Vlll.

2739 5580 3006 5623 IAGlNGOZ
3053 5580 3245 5623 LULLO.

2700 5661 2874 5733 (Anno
2904 5659 3121 5715 Domini
3151 5656 3296 5730 755.)

2285 5754 2563 5811 Sacerdoti
2611 5730 2813 5810 Christi
2848 5753 3156 5826 magniﬁco,
3188 5748 3476 5810 reverentia
3496 5730 3714 5816 parite?“

2211 5862 2394 5906 amore
2421 5863 2528 5903 non
2561 5847 2909 5904 mediocriter
2942 5846 3332 5916 amplectendo,
3361 5840 3502 5900 Luﬂo
3522 5831 3715 5904 ενίεουυο

2135 4567 2185 4628 D
