3952 6318
202 363 312 422 825

1665 366 2024 427 EPISTOLzE
2035 411 2050 426 .

3378 388 3484 449 828

203 483 509 555 Magingoa,
556 496 744 538 servus
783 495 1063 540 servorum
1092 483 1206 552 Dei,
1244 497 1536 555 perennem
1580 484 1635 540 in
1681 486 1788 541 Do-
1814 483 1871 547 Δ
1892 482 2190 554 dignationi
2223 483 2591 543 desideramus
2633 489 2759 560 quia
2790 493 2995 552 exitum
3033 500 3242 558 sororis
3279 515 3484 564 nostras

199 579 354 633 mino
381 576 636 632 salutem.

274 673 476 741 Aperto
527 668 930 740 Scripturarum
957 669 1279 741 {divinarum
1335 672 1648 730 testimonio
1696 672 1794 729 de-

197 765 442 821 claratur
470 763 754 818 veritatem
776 777 898 820 esse
927 763 1214 820 Dominum
1242 764 1600 833 Salvatorem,
1634 781 1697 822 ac
1727 767 1793 822 de

195 859 315 928 ipso
372 857 578 913 dictum
632 872 754 912 esse
802 872 904 928 per
948 858 1304 928 prophetam:
1332 857 1563 924 Quaerite
1601 859 1790 929 faciem

190 955 310 1023 ejus
358 970 578 1024 semper,
632 969 797 1024 quam
841 956 911 1009 ob
956 967 1070 1008 rem
1115 955 1436 1011 solutionem
1476 958 1789 1026 quaestionis

189 1043 426 1112 alicujus
462 1059 581 1114 quae
623 1044 873 1101 videlicet
907 1044 1236 1101 inﬁrmitatis
1264 1057 1462 1103 nostra:
1492 1049 1784 1119 cognitioni

189 1135 368 1191 facilis
399 1151 508 1190 non
548 1143 650 1199 est,
686 1151 716 1190 a
747 1135 1072 1207 dignationis
1102 1146 1295 1193 vestrae
1342 1138 1592 1210 largitate
1628 1139 1680 1194 id
1707 1139 1786 1210 ip-

161 1241 308 1281 'sum
355 1225 662 1297 ﬂagitantes
710 1226 937 1282 multum
981 1228 1351 1284 desideramus
1377 1231 1644 1300 accipere.
1673 1231 1782 1285 Ita-

185 1336 294 1390 que
339 1320 654 1374 constitutio
694 1321 1026 1375 matrimonii
1069 1320 1502 1377 Christianorum
1552 1325 1606 1377 in
1651 1323 1781 1392 iun-

185 1413 385 1483 gendo,
424 1413 507 1468 vel
543 1413 863 1482 separando,
901 1428 932 1466 a
967 1413 1218 1470 Patribus
1267 1423 1413 1470 tanta
1462 1415 1780 1470 diversitate

184 1513 343 1566 nobis
397 1512 611 1566 videtur
655 1511 886 1580 disponi,
937 1520 996 1565 ut
1041 1512 1127 1566 vix
1160 1527 1267 1566 una
1305 1520 1358 1566 et
1396 1527 1618 1582 compar
1663 1526 1782 1567 sen-

182 1605 356 1659 tentia
407 1605 669 1676 ipsorum,
725 1613 926 1660 nostra:
973 1613 1154 1675 pateat
1203 1605 1481 1675 parvitati.
1517 1605 1779 1660 Videntur

182 1714 422 1770 namque
465 1697 811 1754 concorditer
855 1698 1094 1754 lsidorus
1130 1715 1193 1754 ac
1229 1699 1589 1769 Hieronymus
1634 1696 1777 1752 alIir-

179 1809 334 1848 mare
387 1809 495 1848 non
539 1793 736 1848 debere
779 1792 1076 1847 adulteram
1123 1791 1293 1847 teneri
1329 1807 1360 1846 a
1390 1791 1528 1855 viro,
1567 1789 1652 1845 cui
1689 1805 1775 1845 so-

177 1885 345 1949 ciala,
400 1883 557 1938 alteri
607 1898 685 1950 se,
732 1898 884 1938 more
909 1883 1232 1950 meretricis,
1281 1882 1557 1953 adiungat,
1587 1890 1774 1953 utpote

176 1994 300 2049 qua:
338 1992 503 2031 unam
535 1991 756 2031 carnem
795 1974 999 2031 nefarie
1027 1976 1292 2042 dividens,
1329 1976 1602 2048 indignam
1635 1994 1692 2032 se
1720 1986 1776 2033 et

174 2071 412 2126 alienam
444 2073 511 2126 ab
537 2073 744 2126 honore
785 2071 1040 2126 connubii
1085 2072 1342 2126 divinitus
1392 2072 1625 2126 instituti
1655 2074 1775 2127 red-

173 2166 402 2231 diderit,
434 2173 490 2221 et
515 2165 619 2220 hoc
645 2179 764 2220 esse
790 2175 1123 2236 praeceptum
1149 2173 1205 2219 et
1233 2165 1558 2234 permissum
1591 2181 1619 2219 a
1654 2164 1774 2220 Sal-

172 2270 395 2324 vatore,
433 2276 554 2314 cum
581 2275 799 2316 uxorem
827 2275 936 2314 non
965 2260 1340 2315 dimittendam
1370 2260 1574 2330 absque
1601 2257 1774 2314 forni-

168 2353 420 2408 cationis
473 2367 629 2406 causa
677 2353 1017 2422 przeciperet.
1078 2353 1409 2424 Augustinus
1471 2367 1599 2407 vero
1647 2368 1771 2408 cum

165 2444 504 2498 sententiam
547 2446 788 2500 eamdem
832 2444 1130 2500 Salvatoris
1167 2445 1420 2500 diuturna
1448 2445 1772 2501 tractatione

166 2536 510 2600 ventilasset,
552 2536 687 2591 nihil
723 2537 899 2606 plana:
926 2537 1322 2601 elucidationis,
1381 2546 1530 2593 certe
1570 2544 1769 2593 nostra

164 2633 394 2685 omnino
440 2631 789 2686 teneritudini
835 2631 1130 2701 captabile,
1178 2629 1421 2700 profert;
1461 2631 1556 2686 sed
1584 2629 1686 2686 hoc
1712 2631 1768 2685 in

161 2735 418 2782 extremo
461 2727 714 2792 dicebat,
779 2727 905 2796 quia
960 2725 1230 2796 quomodo
1276 2735 1609 2796 prazceptum
1665 2725 1768 2781 hoc

161 2821 473 2877 Salvatoris
503 2821 674 2892 accipi
704 2821 997 2886 debuisset,
1045 2819 1152 2875 late
1194 2818 1634 2890 operosissimam
1671 2817 1768 2872 ad-

163 2918 278 2971 huc
304 2928 587 2985 superesse
625 2915 998 2985 quiestionem,
1031 2928 1463 2971 commemorans
1486 2927 1616 2968 vero
1647 2927 1768 2966 mu-

159 3007 356 3064 lierem
381 3009 449 3063 ab
471 3008 816 3063 accusatione
835 3005 1146 3063 Iudaeorum
1173 3022 1202 3060 a
1228 3006 1458 3062 Domino
1477 3005 1764 3060 liberatam

157 3104 296 3160 dicit
331 3119 345 3158 :
377 3101 496 3158 Non
525 3103 666 3158 male
701 3102 778 3156 illi
811 3103 896 3156 vir
936 3100 1150 3156 mulieri
1197 3100 1322 3155 licet
1351 3099 1405 3154 in
1434 3099 1762 3154 adulterium

1895 585 2196 631 extremum
2223 577 2473 648 spiritum
2493 582 2720 652 agentis,
2753 589 3081 647 maeroribus
3106 608 3170 650 ac
3198 594 3483 660 timoribus

1894 667 2131 737 undique
2184 668 2444 739 depressi,
2505 675 2901 744 praestolamur,
2954 692 3185 741 mortem
3233 688 3482 749 videlicet

1892 761 2071 816 armis
2115 761 2279 828 illius,
2315 764 2574 822 instinctu
2615 772 2896 830 naturalis"
2927 775 3271 846 conditionis,
3334 784 3483 843 velut

1889 852 2106 944 propria
2135 852 2394 922 delentes,
2423 866 2478 912 et
2507 875 2606 930 pro
2641 861 2836 918 animm
2861 865 3004 924 illius
3029 880 3227 927 eventu
3253 873 3477 944 incerto,

1889 950 1944 997 et
1990 943 2090 999 soli
2124 944 2295 1014 iudici
2336 949 2580 1019 piissimo
2607 960 2756 1021 noto,
2794 965 2849 1011 et
2876 957 3095 1030 insuper
3123 961 3344 1022 familia:
3373 943 3479 1025 loci

1888 1037 2032 1094 illius
2061 1041 2400 1105 tenerrima},
2428 1053 2482 1098 et
2509 1049 2918 1116 propemodum,
2963 1053 3082 1107 sine
3117 1055 3226 1111 ulla
3264 1061 3477 1119 consilii

1886 1128 2162 1198 ﬁrmitate,
2215 1133 2613 1205 discissionem,
2655 1139 2740 1194 vel
2772 1140 2937 1212 (quod
2966 1147 3344 1214 gravissimum
3372 1153 3475 1227 est)

1886 1223 2192 1280 animarum
2262 1226 2546 1284 interitum
2605 1234 3076 1302 pertimescentes.
3138 1223 3475 1318 Quapropter

1883 1317 2272 1389 magnitudinis
2303 1331 2496 1378 vestra:
2517 1324 2705 1394 pietati
2731 1327 2919 1386 humili
2945 1331 3244 1390 intentione
3273 1317 3477 1408 suppli-

1882 1427 2067 1472 cantes
2095 1417 2446 1475 obsecramus
2475 1437 2574 1491 per
2600 1422 2876 1478 Christum
2910 1425 3243 1486 Salvatorem
3286 1448 3474 1488 resur-

1880 1509 2287 1579 rectionemque
2313 1522 2668 1580 mortuorum,
2707 1518 2785 1571 uti
2812 1519 2969 1575 nobis
3001 1524 3325 1592 supradictis
3352 1542 3475 1582 cru-

1879 1599 2113 1655 ciatibus
2142 1600 2358 1658 afllictis
2391 1605 2522 1674 quid
2561 1615 2684 1678 post
2722 1609 2930 1665 obitum
2971 1613 3114 1670 illius
3143 1615 3214 1670 sit
3242 1633 3341 1687 pro
3364 1627 3475 1674 sta-

1878 1692 2089 1749 bilitate
2131 1695 2356 1750 salutari
2401 1702 2771 1758 monasterioli
2805 1703 3127 1771 faciendum,
3157 1718 3334 1779 prout,
3369 1711 3474 1767 Βοι-

1880 1786 2030 1840 mino
2061 1785 2300 1856 iuvante,
2333 1789 2584 1861 colligere
2612 1793 2852 1857 valeatis,
2891 1795 3085 1852 litteris
3114 1798 3351 1854 indicare
3376 1816 3474 1871 per

1804 1855 1851 1916 Β
1881 1877 2024 1933 hunc
2065 1855 2317 1934 nuntium
2361 1855 2486 1936 noni
2507 1855 2888 1954 dedignemini.
2939 1887 3077 1943 Sunt
3119 1891 3284 1958 enim,

1877 1969 2048 2035 scitis,
2101 1971 2209 2026 illic
2256 1971 2400 2042 ﬁlim-
2425 1973 2612 2030 fratris
2659 1979 2830 2032 nostri
2877 1979 3086 2044 velataa,
3123 1982 3175 2035 in
3203 1998 3338 2051 quas
3363 1985 3473 2040 for-

1875 2069 2020 2117 tasse
2069 2063 2296 2119 intentio
2343 2065 2707 2135 ignorantium
2749 2085 3010 2125 conversa
3046 2080 3159 2137 est;
3193 2074 3286 2128 sed
3324 2075 3470 2131 nulla

1872 2170 1937 2211 ex
1993 2156 2078 2211 his
2122 2157 2298 2212 adhuc
2356 2159 2437 2212 vel
2473 2168 2654 2226 aetate,
2705 2161 2788 2216 vel
2823 2177 3013 2218 sensus
3075 2164 3255 2235 aliqua
3302 2166 3470 2222 firmi-

1875 2255 2002 2313 tate,
2031 2249 2098 2304 ad
2141 2250 2544 2322 suscipiendum
2575 2253 2680 2309 tale
2727 2256 2934 2324 pondus
2980 2271 3217 2329 congrua
3268 2261 3468 2328 poterit

1864 2334 2118 2404 iudicari.
2167 2338 2235 2392 Et
2261 2337 2618 2396 formidamus
2667 2342 3058 2414 dispersionem
3107 2347 3465 2405 inconsultam

1869 2427 2106 2496 familiae,
2161 2431 2265 2486 nisi
2312 2431 2564 2487 celeriter
2607 2434 2741 2490 ordo
2777 2450 2842 2490 ac
2877 2437 3145 2492 stabilitas
3173 2453 3268 2509 per
3297 2439 3464 2495 abba-

1871 2522 2062 2578 tissam
2086 2525 2404 2582 collocetur.
2432 2525 2543 2581 Nec
2568 2535 2750 2583 tamen
2781 2529 2868 2584 vel
2897 2530 3040 2584 intra
3072 2531 3341 2599 cellulam,
3379 2533 3464 2589 vel

1870 2615 2200 2674 intrinsecus
2242 2636 2342 2675 nos
2383 2635 2543 2690 posse
2583 2621 2825 2691 reperire
2871 2623 3143 2678 credimus
3172 2639 3268 2695 per
3299 2641 3462 2696 quam

1867 2713 1952 2768 vel
1982 2713 2147 2769 verbo
2188 2728 2253 2770 ac
2300 2713 2483 2785 specie
2528 2722 2686 2770 tenus
2723 2715 2901 2770 valeat
2931 2717 3226 2784 cohaerere,
3265 2728 3464 2789 praeter

1865 2802 2129 2876 puellulas
2178 2819 2315 2874 quas
2349 2804 2604 2871 diximus,
2657 2806 2854 2876 quibus
2901 2807 3197 2863 maximum
3247 2811 3463 2880 pericu-

1865 2895 1978 2950 lum
2001 2895 2441 2964 suscipientibus,
2466 2905 2522 2952 et
2549 2897 2707 2953 nobis
2731 2896 2962 2954 fortasse
2985 2903 3458 2970 persuadentibus,

1864 2987 2240 3044 formidamus.
2285 2987 2628 3061 Quapropter
2675 2990 2870 3045 iterata
2919 2992 3310 3063 supplicatione
3363 3009 3461 3066 per

1863 3079 2139 3137 Christum
2187 3081 2523 3137 Salvatorem
2565 3082 2936 3149 obsecramus,
3005 3092 3064 3138 ut
3107 3085 3265 3140 nobis
3317 3089 3460 3157 quod

156 3201 330 3270 lapsa
362 3197 765 3254 conciliaretur.
799 3197 994 3250 Beatus
1026 3209 1154 3250 vero
1177 3193 1286 3249 Leo
1314 3208 1450 3264 papa
1480 3191 1757 3257 feminam,

1868 3173 2283 3229 saluberrimum
2314 3174 2456 3228 inter
2490 3171 2797 3242 huiusmodi
2826 3176 3176 3232 necessitates
3197 3176 3316 3233 ﬁeri
3341 3193 3460 3234 cre-

157 3300 324 3362 capto
353 3291 424 3344 ab
458 3290 706 3344 hostibus
747 3287 963 3353 marito,
997 3294 1222 3355 cogente
1243 3283 1554 3348 solitudine,
1587 3282 1759 3338 incul-

155 3383 420 3456 pabiliter
477 3381 633 3436 alteri
694 3395 852 3452 posse
907 3379 1149 3452 copulari
1203 3393 1328 3434 cum
1377 3377 1759 3448 desperaretur

157 3487 354 3549 captus
375 3516 392 3541 ,
434 3484 493 3531 et
531 3489 747 3529 reverso
779 3473 917 3529 forte
955 3475 1155 3544 priore,
1186 3479 1489 3544 separatam
1517 3488 1548 3526 a
1575 3479 1760 3542 poste-

155 3573 325 3636 riore,
356 3568 643 3642 principali
667 3568 880 3623 restitui
907 3567 1068 3633 dicit;
1100 3567 1189 3621 ubi
1219 3567 1514 3622 notandum
1542 3566 1759 3621 videtur

154 3661 302 3731 quod
333 3660 521 3715 statim
546 3660 814 3715 destitute
838 3657 1053 3728 coniugi
1088 3657 1322 3713 nubendi
1352 3658 1623 3712 licentiam
1658 3657 1757 3711 tri-

154 3753 296 3806 buit.
336 3753 496 3822 Apud
533 3751 797 3806 lsidorum
837 3767 967 3807 vero
990 3749 1076 3804 vel
1104 3749 1489 3820 Hieronymum
1519 3748 1755 3820 proditio

154 3845 382 3902 foederis
422 3845 721 3918 coniugalis
765 3845 1171 3901 matrimonium
1199 3851 1431 3915 separat.
1465 3842 1606 3909 Quid
1624 3856 1755 3913 ergo

151 3937 400 4007 supersit
429 3935 642 4008 coniugi
668 3952 849 4008 quem,
877 3937 964 3992 vel
999 3952 1179 4008 quam,
1209 3933 1441 3991 solitudo
1471 3943 1750 4006 perurget,

149 4030 201 4086 si
231 4037 291 4084 et
318 4027 508 4084 lsidori
541 4031 623 4084 vel
650 4030 963 4103 Hieronymi
1003 4046 1066 4090 ac
1091 4029 1285 4085 Leonis
1314 4029 1588 4084 decretum
1606 4026 1754 4096 iuste

151 4120 409 4174 creditur
436 4137 549 4176 esse
591 4123 904 4189 tenendum,
937 4123 1041 4177 nisi
1072 4129 1131 4176 ut
1160 4136 1218 4176 se
1247 4121 1593 4177 matrimonio
1621 4137 1769 4176 con--

146 4215 350 4286 iungat
386 4215 622 4284 alterius,
653 4232 740 4272 me
771 4216 947 4274 fateor
980 4217 1250 4289 ignorare.
1291 4216 1557 4272 Bonitatis
1589 4215 1752 4286 igitur

150 4320 354 4365 vestrae
396 4311 778 4380 dignationem,
837 4326 933 4380 per
976 4309 1297 4364 charitatem
1351 4323 1456 4379 qua
1500 4307 1750 4363 Christus

149 4402 420 4456 Dominus
466 4418 680 4473 semper
732 4401 933 4470 ubique
990 4402 1232 4456 membra
1289 4414 1386 4455 sua
1431 4398 1532 4454 sibi
1583 4413 1749 4469 copu-

150 4494 264 4547 lare
297 4492 563 4564 probatur
595 4493 962 4556 obsecramus,
1003 4499 1060 4546 ut
1094 4491 1455 4563 ignorantiam
1501 4498 1745 4546 nostram

1865 3267 2010 3322 datis
2032 3268 2190 3323 nobis
2215 3267 2455 3322 revelare
2481 3267 2760 3324 celeritate
2787 3284 2892 3339 qua
2918 3263 3154 3328 diximus
3181 3288 3281 3329 nec
3309 3273 3459 3330 dedi-

1862 3359 2100 3429 gnemini
2127 3374 2227 3416 nec
2245 3359 2562 3431 gravemini.

1935 3451 2126 3508 Valere
2152 3451 2542 3508 beatitudinem
2567 3461 2822 3520 vestram,
2856 3462 2910 3508 et
2937 3453 2993 3508 in
3023 3453 3242 3512 Christo
3281 3457 3457 3529 magis

1860 3562 1925 3603 ac
1961 3547 2134 3616 magis
2170 3561 2268 3616 pro
2313 3546 2470 3602 nobis
2497 3547 2895 3603 intercedentes
2920 3547 3186 3617 proﬁcere
3229 3549 3456 3621 integris

1858 3641 2131 3711 certisque
2159 3639 2366 3697 nisibus
2395 3640 2575 3695 cordis
2596 3648 2865 3710 optamus,
2895 3639 3072 3698 olllcio
3087 3638 3300 3700 Lulloni
3339 3643 3454 3706 eoi-

1858 3748 2042 3804 mw
2425 3802 2763 3860 EPISTOLA
2799 3803 2871 3859 Χ.

2446 3933 2650 3974 ιυιιυδ
2680 3933 2850 3974 ΡΔΡΕ.

2245 4008 2422 4081 (Circa
2448 4026 2646 4064 annum
2676 4008 2889 4064 Domini
2926 4008 3072 4084 755.)

1921 4103 2151 4170 Sancta,
2181 4111 2236 4158 et
2263 4103 2533 4172 regularia
2569 4103 2818 4158 instituta
2839 4103 3099 4158 canonica
3128 4105 3449 4162 auctoritate

1855 4195 2173 4253 conﬁrmata
2192 4203 2302 4250 tam
2314 4195 2691 4265 episcoporum
2710 4203 3021 4250 nostrorum
3033 4195 3440 4261 venerabilium,

1853 4305 2016 4360 quam
2045 4291 2211 4344 etiam
2239 4288 2438 4343 domini
2478 4287 2649 4342 nostri
2688 4287 2835 4360 regis
2867 4285 3102 4359 Pippini,
3132 4288 3444 4344 consiliato-

1855 4393 2084 4448 rumque
2110 4376 2249 4447 eius,
2277 4378 2563 4434 manifesta
2585 4379 2796 4435 ratione
2820 4378 3023 4435 scimus
3047 4380 3441 4436 conservanda.

1851 4472 2189 4542 Quapropter
2238 4471 2494 4527 charitati
2524 4480 2719 4527 vestrae
2760 4472 2991 4528 reticere
3036 4487 3141 4528 non
3181 4473 3443 4532 audemus

148 4606 219 4641 ac
261 4562 659 4640 dubitationem
685 4625 699 4648 ,
751 4584 830 4638 sic
882 4562 1134 4637 Domino
1167 4583 1580 4654 possibilitatem
1637 4583 1746 4637 lar-
1773 4591 1826 4653 ι)
1851 4564 1994 4634 (11³οά
2024 4563 2079 4617 in
2110 4562 2422 4633 Pamhiam
2457 4573 2702 4619 “051mm
2721 4603 2735 4628 ν
2766 4572 2952 4619 contra
2977 4562 3069 4632 jus
3099 4563 3438 4634 canonicum:

145 4680 373 4751 giente,
440 4675 746 4731 illuminare
798 4675 1124 4748 dignemini,
1197 4685 1257 4730 ut
1317 4676 1504 4730 audire
1563 4691 1596 4729 a
1658 4691 1746 4730 re-

145 4778 502 4826 muneratore
547 4777 808 4840 perpetuo
864 4767 1180 4824 mereamini
1215 4786 1227 4822 :
1271 4767 1438 4840 Euge,
1481 4785 1626 4836 serve
1657 4767 1749 4823 bo-

147 4881 234 4927 ne,
263 4871 373 4917 etc.

717 4951 1052 5010 EPISTOLA
1091 4954 1183 5009 IK.

695 5068 973 5135 {nacmcoz
1008 5084 1197 5125 LULLO.

537 5183 716 5258 (Circa
750 5201 948 5240 annum
970 5183 1182 5240 Domini
1204 5183 1352 5255 755.)

220 5303 457 5359 Domino
493 5304 550 5358 in
587 5302 804 5359 Christo
839 5316 1178 5372 summopere
1233 5300 1542 5357 venerando
1589 5299 1746 5356 Lullo

134 5398 409 5470 episcopo
459 5397 744 5471 Magingoz
793 5398 1084 5470 optabilem
1136 5396 1359 5468 supplex
1404 5395 1459 5450 in
1514 5397 1745 5453 Domino

130 5491 502 5563 sempiterna!
524 5491 874 5546 beatitudinis
902 5491 1150 5546 salutem.

221 5584 344 5640 Scit
370 5585 527 5656 plane
548 5586 892 5641 sublimitatis
917 5595 1110 5641 vestra:
1136 5571 1419 5656 prudentia
1459 5586 1584 5656 quia
1609 5602 1742 5641 con-

127 5689 234 5736 tra
265 5679 584 5734 discrimina
615 5681 848 5736 maxima
880 5679 1229 5737 consiliorum
1270 5679 1553 5749 adiutoriis
1581 5690 1636 5736 et
1662 5683 1746 5737 in-

127 5776 320 5847 tegris
341 5783 396 5829 et
418 5790 486 5829 ex
513 5776 658 5830 omni
687 5785 841 5846 parte
873 5777 1115 5833 solidatis
1143 5777 1315 5832 modis
1337 5777 1587 5833 omnibus
1608 5791 1743 5846 opus

127 5884 251 5929 est.
302 5871 500 5929 Notum
543 5890 672 5931 vero
709 5873 827 5930 ﬁeri
860 5874 1179 5931 veneranda:
1223 5872 1504 5928 charitatis
1546 5878 1746 5930 vestra

1850 4674 1880 4713 a
1909 4655 2212 4713 Willefrido
2237 4659 2555 4730 presbytero
2576 4658 2797 4729 quidam
2818 4657 3081 4712 adductus
3108 4665 3191 4713 est
3216 4660 3443 4732 presby-

1851 4759 1933 4806 ter
1956 4750 2010 4805 in
2040 4750 2143 4804 alia
2172 4749 2455 4806 ordinatus
2496 4750 2774 4820 parochia,
2804 4764 2909 4804 non
2937 4750 3310 4805 consentiente
3337 4767 3438 4806 an-

1849 4851 2120 4900 tecessore
2146 4859 2268 4900 meo
2293 4852 2481 4898 sancto
2509 4841 2785 4899 Bonifacio
2808 4842 3236 4914 archiepiscopo,
3265 4859 3440 4915 neque

1847 4954 1934 4993 me
1967 4951 2280 4994 successore
2331 4935 2467 5006 eius,
2497 4936 2678 5006 quiet
2715 4934 3071 4991 institutionis
3107 4943 3305 4992 vestras
3346 4935 3440 4992 de-

1848 5040 1995 5087 creta
2019 5038 2392 5095 contemnens,
2431 5038 2487 5084 et
2523 5029 2578 5083 in
2606 5027 2866 5099 parochia
2897 5036 3082 5083 nostra
3111 5029 3438 5086 constitutus

1847 5133 2092 5178 nostrum
2143 5123 2345 5194 sprevit
2381 5121 2772 5191 magisterium.
2813 5117 3045 5190 Cognita
3086 5119 3233 5174 enim
3271 5135 3436 5177 cano—

1845 5234 1976 5273 num
2001 5218 2346 5283 auctoritate,
2377 5214 2695 5271 decrevistis
2718 5223 2779 5269 ut
2801 5228 2990 5269 omnes
3015 5213 3316 5286 presbyteri
3341 5213 3436 5284 qui

1847 5311 1901 5366 in
1922 5311 2178 5381 parochia
2205 5317 2329 5365 sunt
2351 5309 2452 5364 sub
2477 5315 2746 5378 potestate
2763 5305 3003 5377 episcopi
3036 5321 3158 5362 csse
3176 5306 3431 5373 debeant,

1845 5411 1900 5460 et
1925 5412 1986 5457 ut
2015 5403 2194 5458 nullus
2223 5417 2412 5458 eorum
2448 5408 2740 5472 praesumat
2788 5400 2843 5456 in
2887 5399 3005 5470 eius
3039 5401 3296 5472 parochia
3339 5408 3436 5457 aut

1845 5499 2136 5569 baptizare,
2183 5505 2277 5552 aut
2303 5496 2498 5552 missas
2531 5495 2826 5561 celebrare,
2869 5495 2987 5552 sine
3021 5493 3267 5566 iussione
3311 5495 3432 5564 epi-

1845 5593 2012 5664 scopi,
2051 5600 2107 5647 et
2134 5601 2194 5648 ut
2223 5607 2412 5647 omnes
2441 5590 2744 5662 presbyteri
2781 5591 2850 5646 ad
2880 5590 3169 5647 concilium
3194 5587 3433 5660 episcopi

1845 5685 2167 5743 conveniant
2195 5703 2208 5739 :
2239 5699 2359 5754 qua:
2384 5683 2565 5739 omnia
2590 5681 2769 5738 facere
2798 5681 3123 5752 contempsit
3144 5679 3434 5751 praedictus

1844 5779 1932 5835 ille
1954 5759 2237 5851 presbyter
2260 5776 2478 5833 nomine
2503 5775 2712 5844 Enred;
2745 5782 2801 5830 et
2820 5774 2944 5832 ideo
2965 5772 3260 5830 secundum
3285 5768 3434 5841 quod

1843 5870 2126 5944 deﬁnistis,
2157 5869 2540 5942 increpationis
2568 5884 2600 5926 a
2621 5883 2711 5925 me
2731 5867 3056 5926 sententiam
3079 5863 3304 5922 sortitus
3321 5869 3428 5920 est.
