3952 6318
1719 141 1761 171 λ

575 337 670 396 851

1687 336 1744 392 S.
1789 336 1997 394 LULLI
2035 336 2423 398 MOGUNTINI
2460 336 2770 396 EPISCOPI
3651 365 3722 420 ω

576 463 746 521 usque
774 448 842 505 ad
876 448 1050 522 ipsam
1075 457 1327 515 mortem,
1369 449 1602 506 libenter
1625 449 1891 505 tolerarit.
1935 450 2003 504 Et
2038 453 2167 521 quia
2196 455 2251 517 Α
2275 465 2490 522 quoque
2519 465 2630 506 non
2660 452 2954 520 immerito,
2985 454 3054 510 ob
3099 459 3402 528 cognationis
3449 476 3607 525 nostra
3627 489 3722 530 sem.

575 540 974 612 Omnipotentis
1034 540 1196 596 modo
1253 540 1538 597 familiaris
1609 540 1783 597 factus
1855 551 1942 598 est
1967 583 1984 611 ,
2045 559 2169 613 pru-

576 633 756 689 dentia
789 640 969 688 vestra
991 632 1220 688 solerter
1248 634 1517 701 attendat,
1549 635 1597 690 si
1645 634 1762 704 ejus
1788 651 1886 691 vos
1916 645 2169 708 oporteat

576 728 746 784 sacris
785 727 1241 783 admonitionibus
1270 729 1602 794 consentire,
1657 737 1712 784 et
1755 730 1976 800 pietatis
2020 731 2169 787 illius

575 821 822 893 exempla
850 837 950 892 pro
977 820 1184 876 viribus
1219 822 1392 891 sequi.
1433 822 1528 877 Ille
1571 822 1715 878 enim
1740 833 2002 893 quantum
2023 824 2168 882 illius

575 913 906 969 domesticus
948 912 1124 968 factus
1163 920 1246 968 est
1296 929 1461 984 quem
1521 915 1726 970 amavit
1781 925 1908 972 ante
1957 918 2164 985 omnia,

577 1015 785 1061 tantum
844 1005 1048 1076 majora
1099 1005 1239 1077 apud
1287 1021 1410 1060 eum
1455 1006 1655 1076 poterit
1694 1007 1959 1063 obtinere.
2015 1009 2169 1065 Unde

574 1098 771 1169 quippe
817 1097 861 1152 si
923 1096 1087 1167 aliqui
1145 1097 1515 1167 subiectorum
1572 1100 1736 1164 illius,
1787 1102 1984 1170 quibus
2042 1117 2169 1159 eum

573 1191 843 1261 quondam
880 1190 1060 1246 divina
1088 1192 1420 1262 diSpensatio
1440 1193 1740 1264 magisterii
1767 1195 1885 1250 loco
1910 1196 2163 1266 profecit,

572 1283 641 1337 ab
675 1280 789 1350 ejus
849 1283 1186 1341 documentis
1247 1285 1622 1354 spiritualibus
1685 1287 2028 1355 dissentiunt,
2084 1291 2169 1346 vel

572 1389 737 1445 prava
768 1376 1180 1430 conversatione
1224 1374 1503 1440 recedunt,
1537 1379 1628 1448 qui
1674 1379 1924 1435 defensor
1950 1381 2168 1440 illorum

571 1465 628 1520 in
677 1474 885 1522 aeterno
928 1465 1136 1536 judicio
1188 1482 1309 1523 esse
1336 1469 1534 1538 potuit,
1587 1470 1660 1524 sit
1704 1471 1884 1541 potius
1945 1489 2170 1529 accusa-

571 1567 678 1624 tor,
722 1566 777 1613 et
815 1559 1056 1614 rationes
1089 1559 1158 1615 ab
1191 1559 1271 1614 eis
1315 1576 1439 1615 cum
1478 1561 1595 1631 ipso
1636 1561 1822 1631 judice
1867 1565 2170 1623 districtius

573 1649 822 1719 requirit.
864 1649 938 1704 At
965 1665 1116 1714 vero,
1165 1665 1195 1704 e
1221 1650 1454 1716 diverso,
1485 1653 1793 1725 quicunque
1831 1655 1976 1712 illius
1997 1671 2172 1714 sacras

573 1741 933 1797 institutionis
959 1757 1024 1796 ac
1053 1741 1314 1797 doctrinae
1361 1745 1665 1800 normulam
1696 1745 1799 1801 rite
1824 1762 2168 1818 consequun-

2273 558 2371 614 per
2411 542 2776 600 memorandis
2813 547 3270 617 necessitudinem,
3297 554 3584 627 charissima,
3605 563 3722 625 bulla

2273 637 2548 705 episcopo,
2584 635 2957 694 Cinebeardus
3008 641 3262 714 indignus,
3290 653 3346 702 ut
3375 663 3550 718 vereor,
3579 659 3724 727 episco-

2271 745 2372 801 pus
2424 729 2707 787 Wentana:
2766 731 3024 800 civitatis,
3057 750 3119 790 ex
3155 736 3326 793 intima
3354 740 3632 803 visceralium
3652 767 3724 807 me-

2274 820 2540 877 dullarum
2587 821 2888 888 affectione,
2950 828 3268 885 aeternaIiter
3315 832 3367 888 in
3400 833 3580 894 Christo
3628 844 3723 900 salu-

2275 919 2403 966 tan

2345 1005 2604 1061 Perlectis
2655 1008 2958 1065 litterarum
2984 1028 3014 1066 a
3063 1022 3150 1069 tua
3190 1018 3448 1075 sanctitate
3488 1022 3722 1084 directam

2275 1099 2603 1156 dulcissimis
2667 1118 2732 1158 ac
2787 1104 3013 1159 nimium
3082 1107 3409 1177 placabilibus
3462 1115 3658 1183 periodis,
3691 1121 3725 1173 in

2275 1192 2471 1260 quibus
2519 1194 2878 1250 amicabiliter
2939 1209 3176 1254 nostram
3217 1204 3501 1272 parvitatem
3543 1213 3724 1280 comperi-

2275 1297 2397 1337 mus
2456 1284 2745 1340 salutatam
2809 1287 3280 1361 admonitamque,
3326 1304 3378 1350 ut
3423 1299 3618 1354 eamdem
3652 1302 3726 1355 uni-

2278 1375 2405 1429 tatis
2446 1378 2847 1434 observantiam
2911 1385 3223 1451 custodiret,
3273 1403 3418 1457 quam
3459 1401 3725 1449 antecessores

2276 1468 2451 1521 nostri
2512 1469 2741 1524 ﬁdeliter
2800 1473 2906 1527 fine
2962 1485 3119 1531 tenus
3165 1477 3504 1545 observarunt,
3551 1482 3726 1539 Dominus

2276 1557 2584 1615 Bonifacius
2609 1564 3072 1636 archiepiscopus,
3103 1568 3395 1642 Christique
3416 1573 3633 1630 confessor
3648 1577 3726 1630 bea-

2275 1650 2581 1718 tifrwndus,
2612 1664 2667 1708 et
2715 1656 2902 1711 Daniel
2957 1660 3294 1718 doctissimus
3341 1665 3425 1719 Dei
3451 1666 3584 1735 plebis
3613 1666 3726 1722 lamu-

2277 1739 2378 1807 lus,
2433 1743 2592 1797 simul
2635 1753 2689 1799 et
2727 1761 3011 1803 successor
3048 1749 3164 1819 ejus
3214 1752 3502 1810 Hunfrithus
3539 1756 3728 1824 episcopo-

573 1842 682 1897 tur,
729 1847 828 1903 pro
871 1842 1024 1888 certo
1063 1849 1123 1888 se
1174 1833 1367 1900 sciant,
1401 1843 1455 1890 et
1501 1836 1671 1905 ipsius
1710 1838 1966 1894 Romanae
2001 1851 2165 1911 atque
2196 1819 2246 1880 Β
2277 1851 2394 1890 rum
2455 1837 2792 1906 mitissimus},
2861 1849 2966 1898 etc.
2991 1883 3008 1908 ,
3061 1860 3182 1915 qua!
3244 1854 3295 1901 te
3328 1846 3496 1900 melius
3532 1819 3727 1901 retinuisse

571 1923 883 1994 apostolicae
939 1924 1216 1989 Ecclesiae,
1274 1941 1303 1978 a
1346 1941 1453 1996 qua
1503 1925 1712 1997 legatus
1760 1929 1841 1983 eis
1867 1937 1922 1984 et
1979 1931 2172 1986 doctor

573 2018 810 2072 directus
859 2025 964 2084 est,
1012 2034 1077 2073 ac
1130 2018 1339 2082 deinde,
1384 2017 1590 2088 pariter
1639 2036 1763 2076 cum
1791 2036 1874 2087 ea,
1923 2023 2170 2080 omnium

571 2125 819 2172 nostrum
849 2115 1052 2170 habere
1075 2122 1131 2168 et
1165 2114 1411 2169 viventes
1433 2122 1489 2169 et
1511 2114 1804 2170 morientes
1836 2115 1888 2170 in
1920 2117 2172 2173 oratione

572 2219 628 2266 et
679 2209 968 2265 missarum
1022 2207 1406 2273 celebratione,
1444 2213 1506 2261 ut
1538 2221 1700 2276 supra
1740 2206 1996 2273 diximus,
2045 2223 2171 2279 per-

573 2309 790 2372 petuam
843 2299 1302 2364 communionem,
1343 2297 1391 2353 si
1433 2306 1614 2352 tamen
1661 2313 1832 2368 usque
1883 2299 1952 2353 ad
2005 2297 2171 2356 finem

574 2394 784 2448 firmam
831 2393 985 2448 vobis
1031 2390 1229 2447 dehinc
1285 2391 1600 2447 doctoribus
1625 2399 1681 2446 et
1715 2391 2020 2447 rectoribus
2055 2407 2167 2448 sua:

573 2485 783 2551 salutis,
859 2483 1138 2539 humiliter
1215 2491 1379 2554 atque
1445 2483 1770 2548 amabiliter,
1821 2499 1920 2554 pro
1974 2485 2085 2540 Deo
2113 2493 2172 2540 et

572 2589 775 2635 aeterna
819 2577 1088 2641 mercede,
1165 2591 1274 2632 non
1345 2576 1704 2645 dedignantur
1771 2577 2014 2642 obedire,
2059 2592 2170 2632 non

576 2673 886 2729 delicientes
930 2671 1241 2741 aliquando,
1288 2679 1347 2725 ut
1405 2671 1642 2726 indevoti
1696 2670 1781 2724 vel
1817 2669 2049 2738 subdoli,
2073 2651 2173 2728 sed

576 2781 790 2836 semper
841 2773 903 2821 ut
950 2765 1107 2821 bona:
1164 2763 1361 2820 indolis
1416 2765 1664 2835 discipuli
1717 2765 2083 2836 proficientes,
2113 2774 2172 2821 et

577 2859 808 2916 fideliter
844 2858 1183 2914 adhaerentes
1229 2872 1342 2912 sua:
1401 2856 1608 2912 militiae
1638 2857 1694 2911 in
1728 2856 1945 2912 Christo
2000 2857 2171 2927 magi-

575 2952 725 3017 stris,
755 2951 824 3006 ad
847 2950 1088 3022 palmam
1115 2966 1363 3021 supernae
1398 2949 1696 3006 vocationis
1728 2949 1823 3004 Dei
1852 2959 1906 3004 et
1933 2949 2161 3021 gloriam

487 3109 490 3112 1
577 3042 727 3114 regni
775 3040 1030 3098 caelestis.
1096 3039 1225 3095 Haec
1269 3038 1588 3094 salutatoria
1635 3047 1829 3110 vestrae
1886 3038 2160 3094 sanctitati

577 3134 895 3206 scripsimus
929 3133 1116 3200 verba,
1143 3149 1250 3188 non
1275 3133 1430 3204 quasi
1457 3133 1660 3203 ignaris
1685 3140 1778 3187 aut
1800 3133 2167 3204 indigentibus

577 3236 776 3283 nostra:
797 3225 1120 3282 rusticitatis
1136 3226 1399 3291 normula,
1425 3226 1520 3281 sed
1545 3221 1824 3280 charitatis
1841 3234 2004 3294 atque
2018 3241 2170 3281 com-

575 3319 895 3377 munitionis
919 3317 1367 3394 [communionis]
1399 3327 1599 3374 mutua-3
1626 3318 1798 3388 gratia
1814 3358 1828 3384 ,
1853 3325 2166 3373 contestan-

575 3420 657 3468 tes
678 3421 734 3467 et
753 3412 1106 3467 obsecrantes
1136 3426 1235 3482 per
1253 3410 1677 3481 omnipotentem
1704 3410 1871 3464 Deum
1890 3417 1944 3464 et
1969 3408 2170 3465 Filium

574 3504 691 3574 ejus
711 3504 898 3561 Jesum
919 3503 1217 3572 Christum,
1247 3513 1303 3559 et
1324 3505 1615 3560 adventum
1643 3503 1831 3574 ipsius,
1863 3511 1917 3558 et
1939 3518 2170 3574 regnum

576 3594 713 3666 ejus,
747 3606 807 3652 ut
846 3613 962 3662 vos,
1011 3614 1044 3653 ο
1073 3597 1401 3665 cbarissimi,
1443 3597 1625 3652 cuncti
1676 3596 2002 3666 generaliter
2042 3612 2169 3653 cum

577 3686 836 3756 subjectis
889 3689 1042 3743 vobis
1078 3688 1134 3742 in
1181 3687 1398 3744 Christo
1425 3704 1524 3759 per
1571 3689 1753 3743 omnia
1791 3689 1913 3745 sitis
1955 3704 2171 3761 semper

579 3778 648 3835 ad
686 3780 916 3835 invicem
956 3780 1140 3837 ﬁdeles
1177 3780 1471 3849 adjutores,
1501 3788 1557 3836 et
1595 3781 1878 3836 unanimes
1912 3797 2169 3852 coopera-

577 3881 748 3940 tores,
784 3881 974 3929 contra
1017 3890 1206 3930 omnes
1229 3874 1544 3930 orthodoxa:
1569 3873 1694 3929 fidei
1723 3874 1971 3930 inimicos
2006 3883 2170 3946 atque

578 3965 867 4021 haereticos
893 3973 950 4022 et
987 3965 1386 4032 schismaticos,
1435 3979 1500 4021 ac
1548 3964 1892 4035 nequissima:
1943 3981 2171 4022 conver-

577 4057 804 4113 sationis
848 4057 1120 4113 homines.
1165 4056 1265 4111 Per
1295 4058 1398 4112 hoc
1434 4056 1581 4112 enim
1617 4055 1773 4113 eritis
1814 4057 1970 4114 bonis
1996 4058 2172 4115 homi-

579 4155 738 4210 nibus
776 4153 1036 4210 amabiles
1065 4168 1160 4208 seu
1201 4151 1516 4218 laudabiles,
1559 4161 1614 4209 et
1647 4152 1756 4209 Deo
1813 4154 2169 4224 omnipotenti

578 4247 941 4319 acceptabiles
971 4254 1134 4317 atque
1163 4245 1358 4312 chari;
1399 4253 1455 4301 et
1498 4245 1592 4312 ita,
1643 4261 1768 4300 cum
1794 4246 1908 4316 ipso
1942 4245 2169 4316 praefato

579 4343 741 4398 beato
799 4339 982 4406 Patre,
1035 4347 1091 4394 et
1134 4339 1534 4409 praedecessore
1604 4347 1805 4407 vestro,
1868 4337 2080 4396 felicem
2111 4340 2166 4396 in

578 4433 760 4489 futuro
812 4446 1050 4488 vocema
1091 4430 1273 4501 judice
1318 4438 1633 4488 cunctorum
1703 4431 1922 4488 Christo
1970 4431 2170 4504 singuli

579 4529 832 4584 mereatis
868 4526 1092 4582 audire:
1132 4525 1301 4598 Euge,
1333 4525 1559 4595 inquiet,
1579 4543 1721 4581 serve
1753 4525 1882 4580 bone
1901 4535 1950 4581 et
1974 4525 2167 4596 ﬁdelis,
2193 4562 2251 4624 υ

578 4623 704 4695 quia
733 4638 889 4692 super
936 4637 1107 4692 pauca
1134 4620 1281 4690 fuisti
1320 4619 1515 4688 ﬁdelis,
1573 4637 1733 4691 supra
1768 4620 1934 4675 multa
1967 4630 2015 4675 te
2043 4637 2172 4676 cort-

577 4718 834 4780 stituam;
859 4715 1001 4768 intra
1026 4714 1082 4768 in
1109 4712 1362 4784 gaudium
1395 4711 1606 4766 Domini
1626 4713 1723 4765 tui.
1801 4712 1984 4766 Amen.

651 4807 1004 4879 Omnipotens
1061 4807 1203 4864 Deus
1263 4821 1358 4862 vos
1401 4820 1590 4862 omnes
1654 4805 1746 4861 diu
1794 4805 2092 4861 incolumes
2113 4807 2171 4862 in

580 4910 678 4958 suo
705 4909 894 4957 sancto
917 4913 1103 4956 amore
1125 4905 1182 4955 et
1206 4898 1404 4954 timore
1431 4897 1704 4953 custodire
1726 4897 1998 4968 dignetur.

1405 4989 1672 5046 Dilectiss.
1714 4988 1820 5044 FF.
1860 5005 1923 5045 ac
1949 4989 2098 5056 ﬁliis,

1319 5086 1715 5143 Cuthberchtus
1750 5086 2166 5158 archiepiscop.,

1569 5179 1723 5236 Lullo
1749 5181 1981 5252 coepise.

1093 5271 1428 5328 EPISTOLA
1466 5271 1602 5330 XIII.

1054 5381 1395 5424 CYNEIIARDUS
1431 5381 1619 5423 LULLO.

1085 5457 1257 5532 (Anno
1288 5457 1500 5513 Domini
1540 5457 1661 5512 756.
1669 5483 1689 5530 ,

653 5553 880 5610 Domino
931 5551 1272 5624 dignissimo,
1312 5549 1619 5604 venerando
1639 5588 1654 5615 ,
1689 5558 1746 5604 et
1791 5549 1990 5604 merito
2038 5549 2172 5605 insi-

580 5646 669 5716 gni
699 5660 763 5701 ac
783 5643 1252 5715 praestantissimo,
1291 5640 1450 5712 longe
1471 5641 1687 5710 lateque
1718 5655 1818 5711 pro
1843 5640 2171 5698 Christianae

582 5737 859 5810 religionis
906 5735 1251 5808 praedicanda
1306 5734 1556 5789 doctrina
1601 5732 1895 5800 dill'amato,
1949 5742 2005 5790 et
2067 5748 2172 5804 pro

582 5828 994 5887 conversatione
1034 5827 1161 5882 vitae
1185 5825 1582 5896 probatissima:
1611 5825 1984 5895 celeberrimo,
2013 5825 2172 5886 nobis

2194 3185 2248 3254 α

2273 1929 2566 1996 credimus,
2615 1933 2670 1987 in
2706 1935 2978 1990 caraxatis
3031 1938 3414 2001 commendata,
3464 1938 3613 1991 mentis
3647 1937 3726 1991 dili-

2273 2023 2590 2092 gentissima
2660 2026 2912 2097 indagine
2975 2028 3230 2084 didicisse
3272 2030 3558 2094 curavimus,
3591 2040 3729 2100 etgn-

2274 2119 2473 2174 tiarum
2519 2120 2760 2175 actiones
2806 2121 3103 2194 condignas
3146 2123 3200 2177 in
3238 2134 3474 2193 quantum
3530 2121 3729 2177 sufﬁciam

2272 2210 2629 2281 persolvendo
2675 2213 2933 2282 gerimus,
2973 2215 3121 2283 quod
3178 2216 3342 2270 nostri
3391 2215 3656 2278 memoriam,
3681 2214 3730 2266 in-

2275 2302 2554 2371 terpositis
2637 2310 2905 2358 tantarum
2973 2306 3167 2374 spatiis
3235 2317 3496 2372 terrarum,
3548 2305 3728 2372 marisque

2274 2393 2456 2462 magni
2526 2394 2851 2449 interluente
2937 2395 3240 2463 latitudine,
3299 2397 3463 2452 facere
3515 2397 3728 2467 dignemini.

2273 2483 2342 2538 Et
2394 2487 2496 2539 hoc
2527 2483 2866 2553 profitemur,
2916 2487 3059 2556 quod
3103 2489 3278 2544 omnia
3333 2504 3460 2558 quae,
3504 2498 3576 2542 tua
3607 2488 3732 2542 sancti-

2276 2584 2386 2631 tate
2415 2586 2755 2648 suggerente,
2798 2581 3054 2635 mandata
3110 2590 3256 2647 sunt,
3309 2580 3733 2645 studiosissime,Do-

2275 2669 2422 2723 mino
2461 2667 2696 2734 favente,
2743 2671 3014 2740 complere
3065 2673 3373 2744 satagimus,
3421 2688 3512 2727 nou
3541 2668 3734 2725 tantumin

2275 2759 2543 2830 sp'rrituali
2593 2762 2902 2816 orationum
2964 2763 3163 2820 solatio
3212 2765 3509 2827 exhibendo,
3543 2770 3584 2816 et
3613 2762 3735 2814 missa-

2276 2869 2397 2908 rum
2428 2854 2770 2910 solemnitate
2810 2855 3135 2912 celebranda
3186 2873 3282 2929 pro
3308 2857 3466 2923 vobis,
3513 2862 3557 2910 et
3588 2851 3737 2925 proillis

2275 2945 2368 3015 qui
2417 2946 2473 3000 in
2517 2947 2713 3004 vestris
2775 2948 3088 3018 regionibus
3149 2950 3205 3004 in
3253 2948 3442 3005 Christi
3499 2943 3737 3003 consessione

2276 3037 2496 3102 Obeunt,
2563 3039 2657 3094 sed
2683 3039 2848 3094 etiam
2875 3039 2919 3094 si
2952 3055 3057 3110 qua
3111 3041 3382 3097 sacularis
3428 3036 3738 3096 substantias)-

2276 3127 2404 3183 latia
2463 3130 2659 3186 vestris
2722 3131 2912 3187 usibus
2976 3131 3260 3202 profutura
3309 3135 3363 3188 in
3401 3133 3475 3189 his
3529 3126 3738 3200 regionibus

2277 3220 2502 3291 adipisci
2563 3222 2880 3292 poterimus,
2959 3233 3157 3281 vestne
3222 3221 3576 3298 participationi
3620 3225 3740 3289 parata

2276 3322 2456 3370 erunt.
2500 3315 2568 3370 Et
2597 3317 2700 3371 hoc
2749 3318 3000 3386 petimus,
3051 3320 3099 3374 si
3126 3313 3234 3390 qua
3275 3320 3408 3391 apud
3452 3334 3530 3373 vos
3567 3313 3740 3370 solamina

2276 3405 2432 3460 nobis
2493 3409 2820 3475 necessaria,
2885 3410 2969 3466 vel
3016 3411 3222 3482 ignota,
3293 3411 3555 3484 spiritualis
3601 3405 3740 3478 quidem

2275 3499 2536 3568 scientiae,
2588 3502 2702 3558 sive
2745 3503 2799 3556 in
2849 3503 3002 3559 libris
3052 3507 3312 3578 antiquis,
3371 3507 3457 3577 qui
3485 3499 3648 3558 anobis
3677 3509 3740 3550 non

2276 3595 2566 3661 habentur,
2631 3595 2746 3649 sive
2785 3595 2840 3649 in
2897 3595 3018 3652 aliis
3067 3599 3442 3654 ecclesiasticis
3503 3589 3740 3650 administri.

2275 3688 2530 3754 tionibus,
2584 3696 2643 3742 ut
2687 3690 2843 3744 nobis
2869 3689 3102 3746 libenter
3127 3693 3446 3763 participare
3468 3705 3558 3745 non
3595 3680 3741 3753 negetis.

2275 3781 2496 3838 Necnon
2534 3790 2589 3838 et
2634 3783 2679 3838 si
2728 3799 2864 3854 quos
2922 3785 3204 3842 sazcularis
3261 3786 3485 3842 scientia:
3527 3782 3652 3836 libros
3685 3787 3743 3826 BO-

2273 3873 2359 3930 bis
2389 3875 2604 3944 ignotos
2631 3874 2878 3944 adepturi
2908 3877 3048 3938 sitis,
3079 3886 3140 3932 ut
3173 3887 3298 3933 sunt
3331 3879 3394 3933 de
3421 3867 3742 3930 medicinalibus.

2274 3983 2505 4038 quorum
2581 3969 2735 4038 copia
2791 3977 2876 4023 est
2922 3969 3101 4039 aliqua
3164 3970 3306 4042 apud
3377 3983 3482 4031 nos,
3520 3963 3596 4021 sed
3629 3967 3744 4013 tamen
3846 4031 3847 4036 η

2274 4067 2551 4132 segmenta
2600 4059 2743 4115 ultra
2797 4061 3026 4128 marina,
3075 4078 3198 4132 quae
3251 4064 3304 4118 in
3353 4063 3428 4118 eis
3469 4058 3746 4127 scriplacom-

2271 4154 2532 4224 perimus,
2579 4154 2763 4225 ignota
2805 4155 2961 4210 nobis
3007 4165 3134 4210 sunt
3179 4165 3236 4212 et
3287 4154 3510 4212 difficilia
3554 4147 3607 4204 ad
3643 4139 3746 4210 alipi-

2273 4248 2572 4312 scendum;
2634 4247 2716 4301 vel
2765 4247 2810 4302 si
2843 4263 2946 4316 qua
2979 4247 3035 4302 in
3077 4249 3204 4305 aliis
3239 4248 3545 4320 quibuslibet
3572 4237 3746 4310 negotiis.

2272 4337 2358 4394 vel
2402 4337 2684 4407 speciebus
2726 4337 2881 4392 nobis
2907 4340 3234 4395 necessariis
3273 4337 3562 4410 providetis,
3592 4341 3749 4386 commn-

2272 4430 2457 4487 nicare
2537 4431 2854 4500 dignemini,
2888 4440 2949 4488 ut
2993 4433 3201 4490 fecistis
3265 4434 3496 4490 villosam
3555 4421 3749 4483 mittendo.

2274 4522 2503 4579 Nomina
2555 4539 2772 4595 quoque
2816 4525 3258 4597 presbyterorum
3323 4534 3592 4580 vestrorum
3633 4515 3750 4570 (11³00-

2276 4633 2600 4687 norumque,
2651 4633 2715 4673 ac
2742 4619 3156 4686 monachorum,
3187 4619 3274 4674 vel
3308 4617 3660 4674 monachamm,
3687 4604 3752 4657 si"

2273 4720 2616 4776 ceterorum,
2671 4726 2789 4779 qua:
2848 4710 3095 4776 misistis,
3145 4725 3247 4780 per
3305 4705 3603 4764 monasteria
3629 4707 3668 4753 et
3697 4704 3753 4762 ρετ

2273 4804 2532 4860 ecclesias
2563 4812 2764 4859 nostrae
2802 4803 3052 4859 dimcesis
3098 4803 3398 4858 direximus
3440 4800 3502 4855 ad
3529 4783 3754 4852 celebrandi

2271 4910 2371 4967 pro
2409 4896 2488 4951 eis
2538 4894 2828 4950 missarum
2875 4893 3158 4960 solemnia,
3205 4902 3262 4949 et
3310 4893 3596 4950 orationum
3633 4876 3754 4973 satiu-

2273 4988 2381 5062 Sia-
2431 4987 2489 5043 1d
2529 4987 2704 5058 ipsum
2751 4984 2930 5044 facere
2978 4993 3216 5042 vestram
3264 4985 3586 5043 sanctitatem
3622 4967 3756 5042 suppli-

2273 5082 2412 5139 citer
2446 5095 2736 5137 exoramus
2768 5095 2867 5151 pro
2892 5079 2994 5147 eis,
3035 5095 3269 5150 quorum
3309 5079 3517 5136 nomina
3563 5067 3678 5126 vobis

2272 5176 2465 5233 bemus
2515 5173 2817 5246 dirigenda,
2871 5181 2928 5228 et
2951 5173 3276 5228 nominatim
3324 5187 3447 5230 cum
3467 5160 3759 5241 personisslus

2273 5266 2580 5331 scribenda,
2609 5279 2798 5322 eorum
2843 5263 3053 5320 scilicet
3104 5263 3196 5334 qui
3248 5263 3384 5319 mihi
3427 5255 3618 5333 ιποιπίο

2271 5361 2400 5434 huic
2452 5359 2730 5425 Ecclesiae,
2785 5358 2875 5414 cui
2920 5357 3118 5424 servio,
3163 5354 3497 5420 amicissimi,
3529 5335 3761 5439 vel

2272 5456 2493 5522 ﬁebant,
2524 5454 2610 5511 vel
2662 5452 2892 5524 praelati.
2932 5453 3012 5508 De
3049 5461 3236 5509 nostro
3279 5463 3489 5522 quoque
3525 5441 3603 5498 vili
3628 5437 3762 5491 vesti!"

2270 5563 2437 5620 parva
2488 5547 2605 5603 haec
2653 5545 2868 5602 xeniola
2913 5545 3209 5602 direximus
3280 5553 3374 5599 tuo
3439 5535 3606 5600 cultui,

2271 5614 2434 5711 quam
2482 5637 2724 5707 indigna,
2797 5644 2980 5694 tamen
3027 5637 3283 5708 petimus,
3342 5623 3670 5690 accommoda.
3701 5614 3764 5668 δοί

2271 5710 2372 5797 est,
2455 5729 2637 5787 tunica
2688 5729 2866 5798 lanea,
2913 5729 3128 5800 aliaque
3173 5728 3334 5794 linea,
3393 5725 3526 5780 sicut
3580 5725 3691 5812 ιιιίιε⁸

2271 5827 2412 5898 aPuri
2441 5841 2541 5885 nos
2567 5826 2822 5893 habendi,
2858 5823 3063 5895 caligas
3085 5833 3143 5882 et
3180 5823 3551 5894 peripsemata.
3577 5809 3764 5868 orarium-
