3952 6318
193 342 304 399 833

1652 336 2034 398 EPISTOLE.

3367 334 3474 395 85.6

190 466 248 514 et
283 453 553 520 coculam,
592 459 645 509 et
689 467 925 525 gunnam
962 451 1182 509 brevem
1219 460 1406 509 nostro
1457 465 1608 507 more
1660 466 1792 508 con-
1821 457 1872 516 Α
1893 458 1949 506 et
1978 447 2103 504 inde
2141 453 2405 518 quantum
2434 444 2614 500 valeat
2658 453 2800 501 tuen
2835 460 2902 503 ac
2938 459 3260 518 prosperum
3299 445 3482 505 facere

194 559 402 615 sutam,
439 547 508 602 ad
540 547 798 602 indicium
842 545 1177 616 plenissimae
1199 544 1500 601 dilectionis
1553 551 1782 600 nostrae.

193 639 333 708 Qua
365 647 418 693 te
469 637 745 707 suscipere
795 651 894 707 pro
932 644 1025 690 tua
1071 635 1375 690 humilitate
1421 633 1618 690 obnixe
1662 645 1788 702 pre-

194 751 410 801 camur,
442 733 755 802 habereque
784 730 852 785 ad
893 730 1211 786 memoriam
1261 729 1366 784 mei
1394 727 1650 792 nominis,
1677 725 1788 781 sal-

195 835 310 883 tem
367 824 586 895 aliquod
635 823 869 894 spatium
897 865 904 868 .
932 822 1209 894 temporis.
1282 819 1551 877 Caeterum
1590 820 1635 874 si
1683 831 1790 889 qua

193 928 328 978 sunt
371 929 479 975 tua:
507 916 783 974 sanctitati
829 915 1172 983 insinuanda,
1208 914 1443 986 portitor
1493 913 1656 983 hujus
1679 911 1791 983 epi-

190 1013 484 1072 stiuncula:
508 1012 630 1068 viva
670 1025 804 1066 voce
831 1011 975 1066 valet
1016 1024 1291 1066 enarrare.

273 1105 418 1176 Opto
445 1112 518 1170 te,
569 1117 604 1158 o
652 1101 976 1157 charissime
1023 1100 1210 1167 frater,
1263 1093 1508 1154 oran'tem
1553 1113 1652 1168 pro
1708 1109 1796 1152 me

193 1207 395 1253 orante
424 1212 525 1268 pro
571 1203 644 1259 te,
694 1194 747 1248 in
779 1192 1009 1249 Domino
1057 1193 1196 1248 bene
1249 1191 1447 1255 valere,
1474 1188 1796 1258 felicemque

193 1305 316 1345 aevo
355 1287 600 1358 longiore
627 1285 918 1351 victurum,
969 1283 1038 1338 ad
1065 1297 1321 1338 coronam
1345 1281 1583 1338 celestis
1610 1280 1796 1350 gloriae

191 1387 386 1449 postea
410 1386 817 1448 perventurum,
845 1374 1070 1430 Domine
1096 1375 1339 1446 insignis,
1382 1382 1437 1430 et
1459 1375 1619 1430 Pater
1657 1388 1797 1442 prae-

196 1469 556 1525 stantissime.
632 1465 822 1521 Amen.

735 1579 1071 1636 EPlSTOLA
1107 1580 1246 1650 xm.

734 1690 1042 1731 EABDULFUS
1084 1691 1274 1731 LULLO.

609 1766 787 1838 (Circa
819 1783 1017 1821 annum
1042 1767 1255 1821 Domini
1284 1767 1431 1839 756.)

274 1863 752 1920 Reverendissimo
799 1864 1061 1933 nobisque
1116 1864 1358 1918 omnium
1420 1864 1798 1934 episcoporum

201 1956 534 2015 charissimo
595 1955 750 2010 Lullo
813 1955 1132 2024 coepiscopo
1175 1955 1494 2011 AEardulfus
1518 1957 1800 2014 Hrofensis

200 2049 456 2106 ecclesia:
500 2048 747 2111 antistes,
783 2061 904 2101 cum
950 2054 1150 2102 sanctae
1179 2048 1422 2104 ecclesia:
1451 2048 1562 2104 filio
1604 2049 1802 2106 (Ἐπά-

201 2139 361 2196 vulfo
403 2155 531 2211 rege
599 2138 825 2204 Cantiae,
887 2137 1155 2194 sinceram
1213 2140 1270 2195 in
1311 2139 1516 2198 Christi
1583 2141 1802 2199 nomine

204 2232 472 2288 salutem.

292 2324 580 2380 Veracium
615 2323 780 2395 igitur
817 2324 1091 2381 sociorum
1142 2327 1286 2383 inter
1340 2327 1444 2382 alia
1502 2329 1801 2386 amicabilis

206 2414 655 2485 memorialisque
717 2430 838 2471 mos
881 2431 1003 2472 esse
1072 2417 1425 2488 dignoscitur,
1482 2435 1604 2475 cum
1659 2436 1799 2489 sese,

205 2507 278 2562 ob
312 2504 754 2575 interjacentium
780 2513 1054 2562 terrarum
1099 2508 1292 2577 spatia,
1345 2523 1439 2564 seu
1491 2511 1803 2580 provincia-

208 2615 332 2654 rum
389 2608 698 2654 exterarum
744 2600 1011 2669 regiones,
1064 2603 1480 2672 praasentialiter
1530 2614 1805 2676 nequeunt

208 2690 453 2746 invisere
501 2706 566 2745 ac
613 2691 872 2758 salutare,
914 2700 1062 2748 certe
1104 2707 1202 2762 per
1251 2709 1378 2750 suos
1435 2695 1620 2751 ﬁdeles
1667 2713 1806 2751 nun-

209 2780 355 2845 tios,
414 2779 528 2835 sive
579 2779 745 2834 etiam
807 2795 907 2850 per
968 2780 1179 2837 litteras
1241 2783 1308 2837 ad
1369 2783 1596 2840 invicem
1668 2786 1807 2840 salu—

212 2871 435 2926 tationis
505 2871 740 2942 dirigere
807 2872 971 2926 verba
999 2911 1014 2934 ,
1069 2880 1125 2927 et
1171 2872 1238 2928 de
1276 2874 1436 2930 rebus
1489 2875 1668 2946 dignis
1724 2884 1806 2930 at-

207 2977 319 3032 que
360 2961 584 3018 utilibus
641 2969 895 3026 tractare,
951 2977 1019 3016 ne
1069 2978 1243 3030 mens,
1299 2965 1525 3030 scilicet,
1575 2966 1805 3022 sollicita

205 3054 341 3124 quid
370 3052 451 3109 de-
467 3062 611 3110 statu
658 3054 816 3112 amici
863 3054 1045 3109 divina
1075 3056 1478 3126 dispensatione
1506 3067 1560 3112 et
1599 3055 1807 3127 judicio

209 3154 430 3218 agatur,
467 3147 551 3200 vel
596 3147 754 3202 taadio
808 3147 1012 3202 diutius
1064 3147 1351 3213 afﬁciatur,
1399 3149 1484 3204 vel
1532 3151 1691 3204 anxia
1723 3166 1807 3206 re-

210 3255 337 3294 rum
409 3238 789 3294 incertitudine
852 3238 1090 3309 quotidie
1174 3245 1371 3309 gemat.
1435 3239 1698 3307 Quocirca
1752 3242 1805 3296 in

207 3329 410 3402 primis
465 3328 774 3400 diligentius
838 3329 1151 3394 salutantes,
1212 3345 1311 3400 per
1355 3331 1498 3386 hunc
1539 3332 1804 3402 gerulum,

213 3424 506 3478 visitantes
539 3422 890 3478 eminentiam
939 3429 1196 3487 vestram,
1239 3422 1566 3478 desiderium
1613 3424 1809 3494 quippe

215 3515 488 3570 habentes
542 3513 730 3569 audire
761 3521 816 3570 et
857 3529 1016 3569 nosse
1071 3515 1315 3569 eamdem
1363 3513 1808 3585 gloriosissimum

213 3621 651 3678 prosperumque
711 3621 809 3676 per
853 3607 1033 3661 omnia
1083 3605 1381 3675 profectum
1441 3607 1660 3672 habere,
1709 3606 1813 3660 hoc

216 3700 402 3757 modis
450 3701 700 3755 omnibus
753 3709 1023 3769 optantes,
1054 3707 1112 3753 ut
1153 3715 1252 3754 nos
1295 3699 1439 3769 ipsos
1491 3708 1812 3768 nostrosque

217 3790 576 3847 charissimos
604 3801 798 3847 vestrae
843 3791 1163 3847 beatitudini
1203 3791 1450 3848 subnixis
1478 3793 1817 3847 commende-

217 3899 349 3938 mus
385 3882 654 3954 precibus,
716 3893 774 3938 ut
804 3883 857 3937 in
887 3882 1084 3938 vestris
1124 3883 1294 3938 sacris
1343 3897 1408 3938 ac
1452 3883 1562 3938 Deo
1604 3882 1816 3951 placitis

219 3975 587 4043 orationibus,
641 3987 695 4031 et
747 3976 1003 4045 suffragio
1052 3983 1246 4031 vestra:
1317 3984 1558 4047 paterna:
1599 3979 1817 4048 pictatis

223 4068 492 4138 undique,
539 4068 831 4123 auxiliante
867 4069 997 4135 Deo,
1046 4069 1260 4133 muniti,
1312 4076 1474 4139 atque
1520 4086 1678 4125 muro
1697 4085 1818 4140 pro-

221 4161 490 4218 tectionis
534 4171 724 4217 vestrae
766 4162 1130 4227 circumdati,
1207 4170 1397 4217 contra
1442 4178 1631 4217 omnes
1675 4162 1816 4217 infc-

219 4254 494 4311 stationes
529 4255 730 4309 inimici
760 4254 815 4308 in
862 4254 965 4308 hac
991 4253 1118 4317 vita,
1163 4268 1282 4322 qua:
1329 4261 1438 4307 tota
1465 4253 1693 4308 tentatio
1716 4262 1814 4318 est,

222 4345 461 4412 defensi,
491 4354 546 4399 et
576 4347 643 4402 ad
687 4347 836 4400 illam
883 4361 1002 4416 qua:
1045 4354 1222 4401 morte
1251 4361 1447 4400 vacans
1489 4353 1545 4400 et
1585 4345 1691 4401 line
1729 4362 1819 4401 ca-

223 4453 378 4502 rens,
407 4437 608 4492 vestris
643 4437 799 4492 almis
845 4437 1343 4502 intercessionibus,
1395 4438 1678 4507 pervenire
1704 4454 1818 4492 me-

1892 541 2087 612 saapius
2124 539 2435 595 reminiscat
2475 553 2542 594 ac
2585 540 2822 607 studeat,
2871 541 3224 596 obsecrantes
3259 541 3480 611 onnixe,

1894 643 1956 688 ut
1983 649 2082 704 per
2116 632 2259 688 hunc
2296 630 2522 686 fratrem
2564 641 2812 688 nostrum
2844 631 3217 688 fidelissimum
3260 633 3484 705 presby-
3522 704 3530 711 .

1895 737 2093 795 terum,
2125 726 2341 782 nomine
2369 725 2774 792 Laearoredum,
2807 726 3008 796 scripta
3033 725 3250 796 pietatis
3285 733 3390 781 tuae
3414 725 3484 781 ad

1895 835 1996 876 nos
2035 819 2266 889 dirigere
2292 817 2549 888 digneris,
2571 823 2842 887 quatenus
2865 833 2964 887 per
3001 818 3119 873 haec
3141 831 3329 872 earum
3365 830 3486 887 quas

1897 908 1995 964 tibi
2032 907 2234 978 placita
2264 915 2390 962 sunt
2419 919 2598 961 rerum
2634 906 2872 977 cognitio
2902 905 3185 972 clarescat,
3238 906 3366 976 quia
3391 905 3487 960 ha-

1896 1000 2038 1058 betis
2072 1001 2190 1056 sine
2217 999 2380 1055 dubio
2404 998 2458 1052 in
2485 997 2672 1053 eodem
2712 996 2938 1068 praefato
2989 999 3308 1068 presbytero
3348 995 3490 1050 veri-

1899 1093 2078 1148 dicum
2106 1090 2428 1160 ﬁdelemque
2464 1089 2608 1144 inter
2651 1103 2750 1144 nos
2778 1088 3096 1159 legatarium
3123 1105 3139 1155 ;
3169 1097 3225 1143 et
3251 1087 3373 1143 ideo
3392 1101 3490 1156 per

1898 1169 2051 1238 illum
2094 1182 2297 1238 valebis
2341 1196 2698 1252 quaecunque,
2728 1180 2865 1235 vivas
2920 1179 3070 1236 vocis
3120 1179 3488 1245 attestatione,

1900 1277 2058 1332 nobis
2121 1274 2447 1346 patefacere.
2495 1272 2922 1330 Prtecedentium
2981 1267 3213 1343 quoque
3269 1271 3489 1326 nomina

1897 1367 2326 1437 propinquorum
2351 1372 2683 1432 nostrorum,
2732 1364 2786 1419 id
2806 1373 2909 1429 est,
2957 1364 3162 1434 lrmigi,
3194 1363 3488 1434 Noththry,

1902 1467 2064 1530 atque
2090 1459 2347 1526 Dulichze,
2396 1473 2585 1514 omnes
2630 1457 2742 1512 Deo
2779 1457 2970 1514 dicata:
3011 1457 3268 1528 virgines,
3297 1456 3392 1510 tibi
3419 1455 3492 1509 di-

1902 1558 2174 1620 reximus,
2205 1553 2542 1625 postulantes
2587 1560 2648 1606 ut
2687 1551 2743 1606 in
2786 1551 3151 1606 oblationibus
3204 1550 3494 1605 missarum

1903 1656 1959 1704 et
1986 1648 2292 1703 orationum
2323 1646 2593 1718 suffragiis
2635 1645 2898 1708 habeatis,
2931 1643 3294 1716 quia'similia
3337 1641 3495 1698 nobis

1906 1739 1975 1795 ad
2004 1740 2237 1795 invicem
2261 1737 2512 1794 beneﬁcii
2537 1738 2833 1807 rependere
2861 1738 3035 1807 parati
3067 1749 3273 1790 sumus.

1827 1827 1876 1888 Β
1976 1832 2118 1887 Deus
2147 1841 2198 1887 te
2228 1830 2556 1886 incolumem
2583 1827 2872 1893 custodiat,
2905 1825 3029 1882 etin
3051 1826 3168 1898 ejus
3193 1821 3498 1881 ministerio

1898 1927 2189 2000 pollentem
2220 1925 2378 1997 longa
2401 1939 2500 1995 per
2528 1930 2838 1995 temporum
2865 1921 3039 1993 spatia
3067 1920 3344 1977 custodire
3373 1917 3498 1992 dig-

1899 2029 2081 2076 netur.

2908 2121 3224 2179 Eardulfus
3251 2121 3426 2191 episc.

2945 2217 3102 2274 Lullo
3129 2215 3365 2288 coepisc.

2462 2348 2801 2408 EPISTOLA
2832 2349 2952 2408 XV.

2453 2480 2720 2523 IILREDUS
2747 2479 2937 2521 ιυιιο.

2284 2580 2463 2652 (Circa
2492 2596 2688 2635 armum
2722 2577 2934 2633 Domini
2957 2573 3106 2648 756.)

1979 2697 2206 2753 Domino
2253 2697 2628 2751 amantissimo
2689 2702 2744 2750 et
2796 2693 2852 2748 in
2912 2691 3130 2749 Christo
3178 2689 3502 2747 charissimo

1907 2789 2074 2847 Lullze
2099 2790 2350 2860 episcopo
2375 2788 2553 2843 Milret
2580 2802 2770 2844 servus
2803 2785 2914 2841 Deo
2952 2783 3328 2842 servientium.

1979 2883 2272 2953 Postquam
2297 2899 2327 2936 a
2349 2890 2439 2936 tua
2460 2881 2748 2953 praesentia
2769 2889 2886 2936 et'a
2915 2887 3207 2950 conspectu
3233 2875 3504 2948 corporali

1910 2973 2240 3032 sanctissimi
2284 2972 2532 3043 praesulis
2573 2980 2628 3026 et
2671 2970 2969 3027 beatissimi
3006 2971 3178 3041 patris
3218 2967 3501 3032 Bonifacii,

1911 3068 2122 3132 nolens,
2147 3065 2356 3132 volens,
2389 3065 2562 3120 tristis
2583 3063 2939 3120 abscedebam
2956 3104 2970 3127 ,
3003 3070 3057 3118 et
3093 3078 3191 3133 per
3215 3062 3394 3117 varios
3415 3076 3505 3116 ca-

1834 3187 1884 3252 ε
1913 3173 2025 3223 sus,
2056 3165 2112 3212 et
2139 3155 2307 3211 multa
2336 3154 2649 3210 discrimina
2676 3170 2881 3220 rerum,
2913 3153 3110 3208 vestris
3130 3153 3289 3207 almis
3311 3152 3508 3207 oratio-

1913 3249 2070 3303 nibus
2089 3287 2104 3312 ,
2148 3246 2214 3301 ad
2245 3253 2446 3300 terram
2473 3252 2672 3299 nostrze
2698 3243 3045 3314 pervenimus
3075 3242 3392 3298 nativitatis.
3429 3241 3507 3296 lbi

1910 3355 2012 3395 nec
2040 3339 2168 3394 dum
2199 3338 2411 3408 integro
2440 3335 2654 3405 expleto
2683 3335 2810 3390 anni
2840 3334 3030 3390 circuli
3051 3333 3341 3397 curriculo,
3372 3347 3509 3387 nun-

1909 3431 2045 3484 tium
2073 3431 2140 3484 ad
2170 3444 2268 3483 nos
2295 3427 2561 3497 perlatum
2582 3435 2665 3481 est
2688 3426 2861 3491 triste,
2893 3423 3265 3479 beatissimum
3287 3421 3508 3476 Patrem

1911 3523 1978 3578 de
2006 3520 2279 3593 ergastulo
2319 3518 2501 3574 carnis
2531 3517 2598 3572 ad
2628 3532 2861 3587 superna
2888 3503 3150 3585 migrasse
3175 3531 3190 3581 ;
3229 3514 3277 3568 si
3320 3521 3503 3567 tamen

1913 3616 1964 3670 id
1991 3615 2146 3670 triste
2167 3615 2347 3670 dicere
2375 3611 2459 3667 fas
2488 3620 2590 3677 est,
2643 3627 2764 3666 cum
2793 3610 2955 3664 talem
2986 3607 3054 3663 ad
3074 3608 3195 3664 οωΙί
3218 3616 3507 3678 patronum

1913 3707 2210 3762 meruimus
2236 3705 2568 3776 praemittere
2594 3717 2781 3773 regna,
2811 3701 2965 3771 cujus
2999 3716 3098 3756 nos
3131 3700 3304 3755 sacris
3341 3699 3512 3754 inter-

1915 3798 2270 3864 cessionibus,
2320 3798 2431 3852 Deo
2479 3795 2792 3861 auxiliante,
2846 3794 3046 3864 ubique
3089 3809 3210 3849 esse
3263 3790 3513 3848 suffultos

1916 3901 2064 3950 certa
2095 3891 2413 3948 credulitate
2453 3890 2792 3946 confidimus.
2839 3889 2906 3944 Et
2945 3888 3192 3959 quamvis
3230 3884 3514 3958 praesentis

1918 3987 2042 4040 vitae
2070 3984 2326 4039 amissum
2358 3982 2611 4038 solatium
2638 3981 2820 4035 multis
2843 3988 2899 4035 et
2938 3980 3140 4039 amaris
3167 3979 3401 4033 luximus
3432 3976 3512 4030 la-

1919 4077 2151 4148 crymis,
2186 4083 2367 4129 tamen
2409 4074 2500 4128 ille
2541 4073 2652 4142 qui,
2696 4088 2793 4128 suo
2831 4072 3092 4141 sanguine
3121 4069 3266 4133 fuso,
3298 4067 3514 4122 Christo

1920 4172 2267 4222 consecratus
2309 4171 2394 4218 est
2438 4169 2664 4233 martyr,
2697 4162 2858 4216 decus
2903 4168 2958 4216 et
2997 4159 3246 4215 columen
3270 4156 3513 4212 omnium

1921 4273 2057 4328 quos
2080 4271 2321 4328 praesens
2354 4255 2577 4326 protulit
2605 4255 2800 4324 patria,
2855 4268 2951 4308 suo
2978 4251 3290 4308 beatissimo
3321 4265 3511 4321 agone,

1923 4355 2127 4425 optimo
2164 4353 2348 4407 labore
2390 4359 2762 4406 consummato
2782 4391 2795 4415 ,
2841 4346 3232 4418 gloriosissimo
3261 4345 3366 4399 line
3390 4359 3516 4412 per-

1924 4453 2066 4510 acto,
2112 4451 2296 4498 nostra
2339 4441 2497 4496 valde
2534 4450 2726 4496 mmsta
2752 4438 2955 4509 majore
2994 4437 3178 4493 laetitia
3208 4437 3421 4506 mitigat
3461 4442 3516 4488 et

225 4547 470 4586 reamur.
507 4531 751 4586 Misimus
775 4531 930 4586 vobis
976 4547 1142 4600 parva
1169 4532 1356 4594 xenia,
1387 4531 1441 4585 id
1476 4540 1559 4586 est
1613 4539 1816 4600 reptem
1850 4553 1899 4611 ο
1925 4537 2194 4593 demulcet
2243 4543 2483 4607 pectora.
2537 4534 2645 4590 Nos
2685 4543 2926 4589 nostram
2965 4531 3209 4588 dolemus
3251 4529 3422 4583 vicem
3462 4528 3516 4581 in

224 4622 487 4692 ruptilem
569 4637 751 4688 unam,
805 4622 1156 4692 deprecantes
1218 4622 1416 4677 obnixe
1455 4630 1514 4676 ut
1579 4638 1820 4678 amorem

225 4713 504 4768 mittentis
526 4713 698 4785 magis
716 4730 878 4784 quam
926 4730 1148 4770 censum
1177 4716 1546 4784 perpendatis,
1573 4718 1642 4771 ob
1673 4732 1822 4786 spem

222 4804 540 4866 meliorum,
580 4805 723 4874 quod
755 4805 984 4860 celerius
1030 4805 1090 4860 fit
1139 4807 1421 4863 orantibus
1451 4809 1622 4874 vobis,
1653 4810 1698 4864 si
1721 4809 1826 4865 Do—

221 4896 418 4951 minus
471 4893 640 4948 vitam
667 4903 723 4950 et
769 4896 914 4951 vires
982 4898 1334 4952 concesserit.
1377 4898 1642 4955 Memores
1678 4900 1824 4956 enim

220 5002 427 5045 sumus
453 4988 744 5042 verborum
780 4989 1022 5043 omnium
1046 5005 1167 5060 qua:
1194 5005 1261 5044 ex
1284 4991 1613 5046 abundantia
1645 4993 1826 5048 cordis

220 5079 407 5135 vestri
435 5080 643 5150 prolata
689 5081 890 5136 nostris
938 5081 1158 5137 auribus
1201 5091 1498 5138 sonuerunt
1531 5083 1828 5153 adimplen-

220 5171 323 5237 da,
369 5185 494 5240 quae
540 5180 804 5241 quantum
843 5188 993 5228 ames
1029 5182 1272 5229 amantes
1307 5183 1359 5228 te
1383 5190 1448 5229 ex
1483 5177 1630 5230 omni
1676 5184 1830 5244 parte

219 5263 613 5319 declarabant.
654 5264 794 5333 Quid
835 5266 978 5320 enim
1031 5267 1178 5323 aliud
1229 5269 1384 5324 nobis
1425 5271 1689 5340 agendum
1725 5281 1826 5340 est,

218 5353 344 5409 nisi
374 5360 436 5408 ut
481 5353 805 5412 charitatem
857 5357 1054 5428 quoad,
1092 5358 1202 5412 Deo
1225 5359 1542 5428 disponente
1588 5367 1643 5414 et
1668 5360 1830 5416 finem

219 5457 568 5505 cunctorum
612 5450 1008 5519 considerante,
1050 5467 1240 5510 omnes
1280 5451 1663 5514 advixerimus.
1703 5451 1833 5508 fide—

217 5538 374 5594 liter
400 5538 468 5592 ad
489 5538 720 5595 invicem
747 5543 1134 5600 custodiamus.
1176 5543 1445 5599 Praeterea
1484 5544 1834 5602 nihilominus

221 5639 298 5689 et
339 5626 602 5703 deinceps
635 5635 760 5689 dum
811 5635 1003 5707 aliquis
1035 5652 1067 5693 e
1094 5638 1251 5694 nobis
1279 5638 1502 5696 alterius
1548 5641 1672 5696 vitae
1696 5641 1832 5709 vias,

219 5731 305 5780 ut
352 5731 506 5793 opto,
556 5724 741 5781 felices
779 5727 928 5798 prior
967 5730 1320 5801 ingrediatur,
1355 5744 1422 5786 en
1450 5731 1835 5802 superveniens

223 5814 371 5877 sine
411 5831 563 5874 mora
582 5857 598 5888 ,
620 5818 803 5876 missis
827 5829 882 5878 et
909 5821 1286 5895 eleemosynis,
1315 5823 1478 5882 itiner
1520 5824 1666 5883 illius
1708 5825 1838 5884 hinc

1927 4631 2066 4685 valle
2094 4629 2479 4700 lacrymarum,
2517 4635 2571 4682 et
2598 4627 2652 4681 in
2685 4628 2786 4682 hac
2812 4627 2942 4691 vita,
2973 4639 3093 4694 qua:
3122 4630 3232 4676 tota
3266 4619 3518 4675 tentatio-

1927 4738 2056 4778 num
2100 4720 2256 4792 plena
2315 4729 2432 4782 est,
2486 4726 2802 4783 manentes;
2850 4716 2959 4781 ille,
3004 4712 3292 4783 peregrino
3334 4709 3520 4764 labore

1928 4827 2125 4884 magno
2154 4827 2275 4868 cum
2299 4811 2494 4865 sudore
2517 4809 2730 4880 expleto
2747 4849 2762 4874 ,
2802 4809 2867 4863 ad
2893 4805 3337 4877 gloriosissimam
3356 4802 3542 4867 Chri-.

1933 4908 2002 4962 sti
2026 4913 2232 4976 martyr
2256 4904 2502 4974 pervenit
2533 4909 2781 4966 mortem,
2809 4911 2862 4956 et
2879 4915 2978 4969 pro
3005 4898 3224 4964 nostris,
3256 4905 3316 4952 ut
3335 4897 3513 4961 credo,

1928 4998 2259 5061 excessibus,
2292 4995 2336 5050 si
2366 4994 2579 5049 Domini
2610 4994 2738 5048 sinit
2765 4992 2958 5062 pietas,
2990 4989 3164 5046 ﬁdelis
3194 4989 3521 5044 intercessor

1930 5093 1986 5147 in
2013 5091 2220 5148 caelesti
2245 5089 2561 5153 Jerusalem,
2598 5103 2721 5142 cum
2742 5085 2980 5151 Christo,
3011 5083 3321 5140 beatissima
3351 5087 3518 5146 sorte,

1931 5185 2134 5240 sanctis
2159 5182 2478 5252 coniunctus
2500 5179 2728 5244 civibus,
2757 5192 2989 5247 superna
3011 5175 3166 5232 hctus
3192 5173 3439 5230 consistit
3467 5172 3522 5226 in

1933 5291 2079 5331 arce.
2118 5275 2245 5330 Haec
2274 5277 2339 5330 de
2363 5272 2735 5327 amantissimo
2758 5271 2938 5338 Patre,
2970 5268 3123 5340 cujus
3152 5266 3519 5324 venerabilem

1933 5368 2098 5422 vitam
2123 5374 2178 5422 et
2206 5363 2707 5435 gloriosumflnem,
2735 5370 2794 5418 ut
2821 5362 2950 5418 mihi
2982 5362 3036 5418 in
3063 5362 3311 5417 notitiam
3336 5357 3522 5414 venire

1933 5460 2121 5524 facias,
2150 5459 2278 5514 totis
2315 5458 2522 5514 viribus
2550 5466 2764 5530 exopto.
2791 5457 2952 5513 Aliud
2979 5473 3046 5513 ex
3074 5456 3243 5512 sodali
3295 5450 3522 5522 collegio

1935 5552 2117 5607 dicere
2146 5551 2311 5606 menti
2337 5551 2589 5615 occurrit,
2623 5559 2875 5622 tuamque
2898 5549 3265 5605 dulcissimam
3288 5543 3522 5600 charitao

1937 5651 2044 5700 tem
2076 5643 2282 5699 intimis
2313 5645 2542 5701 obsecro
2565 5643 2895 5715 praecordiis,
2935 5650 2991 5698 et
3017 5650 3271 5710 tanquam
3300 5635 3406 5691 tuis
3430 5649 3524 5705 pc—

1936 5735 2094 5793 dibus
2111 5735 2526 5808 praesentialiter
2551 5743 2856 5808 prostratus
2875 5731 3150 5790 humiliter
3176 5727 3421 5799 imploro,
3462 5731 3523 5778 ut

1941 5829 2237 5890 fraternam
2284 5830 2655 5893 dilectionem.
2691 5844 2854 5896 quam
2897 5828 3039 5887 inter
3075 5842 3175 5887 nos
3221 5815 3522 5881 communis
