  <div class='ocr_page' id='page_1' title='image "/cluster/home/n/w/nwhite01/storage/ocr_20150623/96/hvd.32044015471204/423.png"; bbox 0 0 3952 6318; ppageno 0'>
   <div class='ocr_carea' id='block_1_1' title="bbox 536 380 645 445">
    <p class='ocr_par' dir='ltr' id='par_1_1' title="bbox 536 380 645 445">
     <span class='ocr_line' id='line_1_1' title="bbox 536 380 645 445; baseline 0 0"><span class='ocrx_word' id='word_1_1' title='bbox 536 380 645 445; x_wconf 55' lang='lat'><strong><em>8%</em></strong></span> 
     </span>
    </p>
   </div>
   <div class='ocr_carea' id='block_1_2' title="bbox 1643 360 3697 448">
    <p class='ocr_par' dir='ltr' id='par_1_2' title="bbox 1643 360 3697 448">
     <span class='ocr_line' id='line_1_2' title="bbox 1643 360 3697 448; baseline 0.006 -13"><span class='ocrx_word' id='word_1_2' title='bbox 1643 374 1701 435; x_wconf 90' lang='lat' dir='ltr'><strong>s.</strong></span> <span class='ocrx_word' id='word_1_3' title='bbox 1738 360 1945 434; x_wconf 65' lang='lat' dir='ltr'><strong>Lu‘LLI</strong></span> <span class='ocrx_word' id='word_1_4' title='bbox 1983 368 2370 435; x_wconf 71' lang='lat' dir='ltr'><strong>nouorum</strong></span> <span class='ocrx_word' id='word_1_5' title='bbox 2402 374 2714 438; x_wconf 81' lang='lat' dir='ltr'><strong>EPISCOPI</strong></span> <span class='ocrx_word' id='word_1_6' title='bbox 3626 390 3697 448; x_wconf 72' lang='lat' dir='ltr'><strong>sse</strong></span> 
     </span>
    </p>
   </div>
   <div class='ocr_carea' id='block_1_3' title="bbox 536 490 3700 568">
    <p class='ocr_par' dir='ltr' id='par_1_3' title="bbox 536 490 3700 568">
     <span class='ocr_line' id='line_1_3' title="bbox 536 490 3700 568; baseline 0.003 -15"><span class='ocrx_word' id='word_1_7' title='bbox 536 493 700 559; x_wconf 59' lang='lat' dir='ltr'><strong>Palu</strong></span> <span class='ocrx_word' id='word_1_8' title='bbox 731 493 908 557; x_wconf 65' lang='lat' dir='ltr'><strong>beata</strong></span> <span class='ocrx_word' id='word_1_9' title='bbox 930 495 1324 557; x_wconf 69' lang='lat' dir='ltr'><strong>mrdationis</strong></span> <span class='ocrx_word' id='word_1_10' title='bbox 1347 500 1400 551; x_wconf 87' lang='lat' dir='ltr'><strong>et</strong></span> <span class='ocrx_word' id='word_1_11' title='bbox 1426 501 1631 551; x_wconf 64' lang='lat' dir='ltr'><strong>sanctus</strong></span> <span class='ocrx_word' id='word_1_12' title='bbox 1656 493 1930 551; x_wconf 68' lang='lat' dir='ltr'><strong>memorias</strong></span> <span class='ocrx_word' id='word_1_13' title='bbox 1962 491 2122 548; x_wconf 66' lang='grc' dir='ltr'>θοαί-</span> <span class='ocrx_word' id='word_1_14' title='bbox 2146 491 2203 553; x_wconf 83' lang='grc' dir='ltr'><strong>Δ</strong></span> <span class='ocrx_word' id='word_1_15' title='bbox 2223 499 2307 548; x_wconf 76' lang='lat' dir='ltr'><strong>est</strong></span> <span class='ocrx_word' id='word_1_16' title='bbox 2347 492 2602 550; x_wconf 84' lang='lat' dir='ltr'><strong>roborata</strong></span> <span class='ocrx_word' id='word_1_17' title='bbox 2656 493 2854 567; x_wconf 87' lang='lat' dir='ltr'><strong>oppido</strong></span> <span class='ocrx_word' id='word_1_18' title='bbox 2891 490 3218 564; x_wconf 71' lang='lat' dir='ltr'><strong>patrociniis.</strong></span> <span class='ocrx_word' id='word_1_19' title='bbox 3266 495 3454 556; x_wconf 75' lang='lat' dir='ltr'><strong>Idcirco</strong></span> <span class='ocrx_word' id='word_1_20' title='bbox 3493 500 3700 568; x_wconf 67' lang='lat' dir='ltr'><strong>audaciter</strong></span> 
     </span>
    </p>
   </div>
   <div class='ocr_carea' id='block_1_4' title="bbox 534 578 2126 655">
    <p class='ocr_par' dir='ltr' id='par_1_4' title="bbox 534 578 2126 655">
     <span class='ocr_line' id='line_1_4' title="bbox 534 578 2126 655; baseline -0.004 -10"><span class='ocrx_word' id='word_1_21' title='bbox 534 585 731 655; x_wconf 69' lang='lat' dir='ltr'><strong>lacius,</strong></span> <span class='ocrx_word' id='word_1_22' title='bbox 770 585 974 647; x_wconf 75' lang='lat' dir='ltr'><strong>Christi</strong></span> <span class='ocrx_word' id='word_1_23' title='bbox 999 596 1270 646; x_wconf 72' lang='lat' dir='ltr'><strong>annuente</strong></span> <span class='ocrx_word' id='word_1_24' title='bbox 1293 586 1577 651; x_wconf 81' lang='lat' dir='ltr'><strong>cbaritate,</strong></span> <span class='ocrx_word' id='word_1_25' title='bbox 1618 585 1791 640; x_wconf 76' lang='lat' dir='ltr'><strong>sacris</strong></span> <span class='ocrx_word' id='word_1_26' title='bbox 1819 578 2126 642; x_wconf 77' lang='lat' dir='ltr'><strong>conciliavit</strong></span> 
     </span>
    </p>
   </div>
   <div class='ocr_carea' id='block_1_5' title="bbox 538 675 2127 743">
    <p class='ocr_par' dir='ltr' id='par_1_5' title="bbox 538 675 2127 743">
     <span class='ocr_line' id='line_1_5' title="bbox 538 675 2127 743; baseline -0.006 -6"><span class='ocrx_word' id='word_1_27' title='bbox 538 676 752 743; x_wconf 78' lang='lat' dir='ltr'><strong>verbis,</strong></span> <span class='ocrx_word' id='word_1_28' title='bbox 793 676 951 743; x_wconf 79' lang='lat' dir='ltr'><strong>almis</strong></span> <span class='ocrx_word' id='word_1_29' title='bbox 985 676 1162 739; x_wconf 81' lang='lat' dir='ltr'><strong>univit</strong></span> <span class='ocrx_word' id='word_1_30' title='bbox 1200 675 1454 742; x_wconf 73' lang='lat' dir='ltr'><strong>oraculis,</strong></span> <span class='ocrx_word' id='word_1_31' title='bbox 1502 690 1614 732; x_wconf 86' lang='lat' dir='ltr'><strong>non</strong></span> <span class='ocrx_word' id='word_1_32' title='bbox 1656 675 1991 741; x_wconf 80' lang='lat' dir='ltr'><strong>transitoria,</strong></span> <span class='ocrx_word' id='word_1_33' title='bbox 2032 675 2127 730; x_wconf 83' lang='lat' dir='ltr'><strong>sed</strong></span> 
     </span>
    </p>
   </div>
   <div class='ocr_carea' id='block_1_6' title="bbox 535 766 2126 841">
    <p class='ocr_par' dir='ltr' id='par_1_6' title="bbox 535 766 2126 841">
     <span class='ocr_line' id='line_1_6' title="bbox 535 766 2126 841; baseline -0.006 -12"><span class='ocrx_word' id='word_1_34' title='bbox 535 766 649 841; x_wconf 67' lang='lat' dir='ltr'><strong>ﬁxa</strong></span> <span class='ocrx_word' id='word_1_35' title='bbox 670 769 1045 837; x_wconf 67' lang='lat' dir='ltr'><strong>recordatione</strong></span> <span class='ocrx_word' id='word_1_36' title='bbox 1085 777 1176 829; x_wconf 82' lang='lat' dir='ltr'><strong>tua</strong></span> <span class='ocrx_word' id='word_1_37' title='bbox 1200 767 1470 825; x_wconf 81' lang='lat' dir='ltr'><strong>recondas</strong></span> <span class='ocrx_word' id='word_1_38' title='bbox 1506 767 1565 823; x_wconf 86' lang='lat' dir='ltr'><strong>in</strong></span> <span class='ocrx_word' id='word_1_39' title='bbox 1600 768 1784 834; x_wconf 75' lang='lat' dir='ltr'><strong>cordo,</strong></span> <span class='ocrx_word' id='word_1_40' title='bbox 1828 768 1957 837; x_wconf 79' lang='lat' dir='ltr'><strong>quia</strong></span> <span class='ocrx_word' id='word_1_41' title='bbox 1993 766 2126 821; x_wconf 72' lang='lat' dir='ltr'><strong>mihi</strong></span> 
     </span>
    </p>
   </div>
   <div class='ocr_carea' id='block_1_7' title="bbox 534 859 2128 940">
    <p class='ocr_par' dir='ltr' id='par_1_7' title="bbox 534 859 2128 940">
     <span class='ocr_line' id='line_1_7' title="bbox 534 859 2128 940; baseline -0.004 -19"><span class='ocrx_word' id='word_1_42' title='bbox 534 870 594 921; x_wconf 77' lang='lat' dir='ltr'><strong>et</strong></span> <span class='ocrx_word' id='word_1_43' title='bbox 620 859 719 925; x_wconf 82' lang='lat' dir='ltr'><strong>tibi</strong></span> <span class='ocrx_word' id='word_1_44' title='bbox 746 861 901 925; x_wconf 80' lang='lat' dir='ltr'><strong>valde</strong></span> <span class='ocrx_word' id='word_1_45' title='bbox 936 859 1314 940; x_wconf 69' lang='lat' dir='ltr'><strong>profuturum,</strong></span> <span class='ocrx_word' id='word_1_46' title='bbox 1335 861 1486 921; x_wconf 86' lang='lat' dir='ltr'><strong>omni</strong></span> <span class='ocrx_word' id='word_1_47' title='bbox 1514 860 1867 932; x_wconf 68' lang='lat' dir='ltr'><strong>ambiguitate</strong></span> <span class='ocrx_word' id='word_1_48' title='bbox 1908 868 2128 932; x_wconf 83' lang='lat' dir='ltr'><strong>postpo-</strong></span> 
     </span>
    </p>
   </div>
   <div class='ocr_carea' id='block_1_8' title="bbox 534 954 2127 1027">
    <p class='ocr_par' dir='ltr' id='par_1_8' title="bbox 534 954 2127 1027">
     <span class='ocr_line' id='line_1_8' title="bbox 534 954 2127 1027; baseline -0.005 -10"><span class='ocrx_word' id='word_1_49' title='bbox 534 954 663 1021; x_wconf 67' lang='lat' dir='ltr'><strong>sita,</strong></span> <span class='ocrx_word' id='word_1_50' title='bbox 696 954 832 1026; x_wconf 82' lang='lat' dir='ltr'><strong>scio,</strong></span> <span class='ocrx_word' id='word_1_51' title='bbox 860 954 909 1014; x_wconf 81' lang='lat' dir='ltr'><strong>si</strong></span> <span class='ocrx_word' id='word_1_52' title='bbox 947 963 1058 1013; x_wconf 77' lang='lat' dir='ltr'><strong>tam</strong></span> <span class='ocrx_word' id='word_1_53' title='bbox 1092 955 1301 1027; x_wconf 67' lang='lat' dir='ltr'><strong>egregii</strong></span> <span class='ocrx_word' id='word_1_54' title='bbox 1333 954 1576 1012; x_wconf 82' lang='lat' dir='ltr'><strong>doctoris</strong></span> <span class='ocrx_word' id='word_1_55' title='bbox 1610 963 1879 1026; x_wconf 71' lang='lat' dir='ltr'><strong>prmeepta</strong></span> <span class='ocrx_word' id='word_1_56' title='bbox 1904 954 2127 1025; x_wconf 84' lang='lat' dir='ltr'><strong>implere</strong></span> 
     </span>
    </p>
   </div>
   <div class='ocr_carea' id='block_1_9' title="bbox 535 1048 2126 1119">
    <p class='ocr_par' dir='ltr' id='par_1_9' title="bbox 535 1048 2126 1119">
     <span class='ocr_line' id='line_1_9' title="bbox 535 1048 2126 1119; baseline -0.005 -8"><span class='ocrx_word' id='word_1_57' title='bbox 535 1063 819 1113; x_wconf 68' lang='lat' dir='ltr'><strong>conamur.</strong></span> <span class='ocrx_word' id='word_1_58' title='bbox 850 1063 1044 1119; x_wconf 73' lang='lat' dir='ltr'><strong>meque</strong></span> <span class='ocrx_word' id='word_1_59' title='bbox 1068 1050 1314 1109; x_wconf 75' lang='lat' dir='ltr'><strong>omnium</strong></span> <span class='ocrx_word' id='word_1_60' title='bbox 1341 1048 1573 1105; x_wconf 71' lang='lat' dir='ltr'><strong>fratrum</strong></span> <span class='ocrx_word' id='word_1_61' title='bbox 1596 1058 1814 1105; x_wconf 70' lang='lat' dir='ltr'><strong>tuorum</strong></span> <span class='ocrx_word' id='word_1_62' title='bbox 1840 1049 2126 1104; x_wconf 82' lang='lat' dir='ltr'><strong>minimum</strong></span> 
     </span>
    </p>
   </div>
   <div class='ocr_carea' id='block_1_10' title="bbox 535 1139 2128 1207">
    <p class='ocr_par' dir='ltr' id='par_1_10' title="bbox 535 1139 2128 1207">
     <span class='ocr_line' id='line_1_10' title="bbox 535 1139 2128 1207; baseline -0.004 -4"><span class='ocrx_word' id='word_1_63' title='bbox 535 1141 594 1203; x_wconf 78' lang='lat' dir='ltr'><strong>in</strong></span> <span class='ocrx_word' id='word_1_64' title='bbox 621 1139 830 1203; x_wconf 72' lang='lat' dir='ltr'><strong>meritis</strong></span> <span class='ocrx_word' id='word_1_65' title='bbox 847 1180 863 1206; x_wconf 84' lang='lat'><strong>,</strong></span> <span class='ocrx_word' id='word_1_66' title='bbox 907 1140 1151 1201; x_wconf 81' lang='lat' dir='ltr'><strong>fraterna</strong></span> <span class='ocrx_word' id='word_1_67' title='bbox 1180 1142 1451 1198; x_wconf 78' lang='lat' dir='ltr'><strong>cboritate</strong></span> <span class='ocrx_word' id='word_1_68' title='bbox 1476 1143 1773 1207; x_wconf 73' lang='lat' dir='ltr'><strong>iustniere,</strong></span> <span class='ocrx_word' id='word_1_69' title='bbox 1814 1143 1988 1198; x_wconf 83' lang='lat' dir='ltr'><strong>sacris</strong></span> <span class='ocrx_word' id='word_1_70' title='bbox 2008 1157 2128 1196; x_wconf 85' lang='lat' dir='ltr'><strong>mu-</strong></span> 
     </span>
    </p>
   </div>
   <div class='ocr_carea' id='block_1_11' title="bbox 535 1230 2128 1301">
    <p class='ocr_par' dir='ltr' id='par_1_11' title="bbox 535 1230 2128 1301">
     <span class='ocr_line' id='line_1_11' title="bbox 535 1230 2128 1301; baseline -0.001 -13"><span class='ocrx_word' id='word_1_71' title='bbox 535 1230 656 1289; x_wconf 84' lang='lat' dir='ltr'><strong>nire</strong></span> <span class='ocrx_word' id='word_1_72' title='bbox 682 1230 985 1301; x_wconf 68' lang='lat' dir='ltr'><strong>praeceptis,</strong></span> <span class='ocrx_word' id='word_1_73' title='bbox 1016 1231 1178 1288; x_wconf 76' lang='lat' dir='ltr'><strong>almis</strong></span> <span class='ocrx_word' id='word_1_74' title='bbox 1196 1232 1537 1293; x_wconf 76' lang='lat' dir='ltr'><strong>orationibus</strong></span> <span class='ocrx_word' id='word_1_75' title='bbox 1559 1232 1772 1297; x_wconf 69' lang='lat' dir='ltr'><strong>fulcire,</strong></span> <span class='ocrx_word' id='word_1_76' title='bbox 1801 1246 1838 1287; x_wconf 90' lang='lat' dir='ltr'><strong>o</strong></span> <span class='ocrx_word' id='word_1_77' title='bbox 1864 1231 2128 1288; x_wconf 83' lang='lat' dir='ltr'><strong>amantis-</strong></span> 
     </span>
    </p>
   </div>
   <div class='ocr_carea' id='block_1_12' title="bbox 534 1321 2130 1397">
    <p class='ocr_par' dir='ltr' id='par_1_12' title="bbox 534 1321 2130 1397">
     <span class='ocr_line' id='line_1_12' title="bbox 534 1321 2130 1397; baseline 0.001 -18"><span class='ocrx_word' id='word_1_78' title='bbox 534 1321 671 1383; x_wconf 78' lang='lat' dir='ltr'><strong>sime</strong></span> <span class='ocrx_word' id='word_1_79' title='bbox 682 1323 907 1394; x_wconf 71' lang='lat' dir='ltr'><strong>praesul,</strong></span> <span class='ocrx_word' id='word_1_80' title='bbox 933 1339 1044 1391; x_wconf 82' lang='lat' dir='ltr'><strong>non</strong></span> <span class='ocrx_word' id='word_1_81' title='bbox 1074 1326 1276 1397; x_wconf 69' lang='lat' dir='ltr'><strong>pigeat,</strong></span> <span class='ocrx_word' id='word_1_82' title='bbox 1309 1328 1454 1382; x_wconf 84' lang='lat' dir='ltr'><strong>unde</strong></span> <span class='ocrx_word' id='word_1_83' title='bbox 1474 1324 1653 1383; x_wconf 75' lang='lat' dir='ltr'><strong>fateor</strong></span> <span class='ocrx_word' id='word_1_84' title='bbox 1676 1333 1734 1382; x_wconf 84' lang='lat' dir='ltr'><strong>et</strong></span> <span class='ocrx_word' id='word_1_85' title='bbox 1759 1326 1865 1381; x_wconf 82' lang='lat' dir='ltr'><strong>tida</strong></span> <span class='ocrx_word' id='word_1_86' title='bbox 1899 1326 2130 1397; x_wconf 84' lang='lat' dir='ltr'><strong>promis-</strong></span> 
     </span>
    </p>
   </div>
   <div class='ocr_carea' id='block_1_13' title="bbox 533 1414 2121 1487">
    <p class='ocr_par' dir='ltr' id='par_1_13' title="bbox 533 1414 2121 1487">
     <span class='ocr_line' id='line_1_13' title="bbox 533 1414 2121 1487; baseline -0.001 -14"><span class='ocrx_word' id='word_1_87' title='bbox 533 1414 686 1473; x_wconf 76' lang='lat' dir='ltr'><strong>sione</strong></span> <span class='ocrx_word' id='word_1_88' title='bbox 737 1416 977 1487; x_wconf 74' lang='lat' dir='ltr'><strong>spondeo</strong></span> <span class='ocrx_word' id='word_1_89' title='bbox 999 1456 1016 1482; x_wconf 91' lang='lat'><strong>,</strong></span> <span class='ocrx_word' id='word_1_90' title='bbox 1074 1417 1272 1473; x_wconf 80' lang='lat' dir='ltr'><strong>vestris</strong></span> <span class='ocrx_word' id='word_1_91' title='bbox 1325 1417 1712 1474; x_wconf 82' lang='lat' dir='ltr'><strong>sincerissimis</strong></span> <span class='ocrx_word' id='word_1_92' title='bbox 1766 1415 2121 1486; x_wconf 72' lang='lat' dir='ltr'><strong>jussionihus,</strong></span> 
     </span>
    </p>
   </div>
   <div class='ocr_carea' id='block_1_14' title="bbox 526 1500 2128 1577">
    <p class='ocr_par' dir='ltr' id='par_1_14' title="bbox 526 1500 2128 1577">
     <span class='ocr_line' id='line_1_14' title="bbox 526 1500 2128 1577; baseline 0 -15"><span class='ocrx_word' id='word_1_93' title='bbox 526 1500 685 1575; x_wconf 75' lang='lat' dir='ltr'><strong>iuxta</strong></span> <span class='ocrx_word' id='word_1_94' title='bbox 699 1506 1021 1577; x_wconf 73' lang='lat' dir='ltr'><strong>qualitatem</strong></span> <span class='ocrx_word' id='word_1_95' title='bbox 1045 1507 1264 1575; x_wconf 78' lang='lat' dir='ltr'><strong>virium,</strong></span> <span class='ocrx_word' id='word_1_96' title='bbox 1287 1509 1343 1563; x_wconf 90' lang='lat' dir='ltr'><strong>in</strong></span> <span class='ocrx_word' id='word_1_97' title='bbox 1366 1509 1623 1565; x_wconf 79' lang='lat' dir='ltr'><strong>omnibus</strong></span> <span class='ocrx_word' id='word_1_98' title='bbox 1642 1509 1876 1564; x_wconf 77' lang='lat' dir='ltr'><strong>libenter</strong></span> <span class='ocrx_word' id='word_1_99' title='bbox 1899 1521 1986 1562; x_wconf 86' lang='lat' dir='ltr'><strong>me</strong></span> <span class='ocrx_word' id='word_1_100' title='bbox 2005 1520 2128 1562; x_wconf 83' lang='lat' dir='ltr'><strong>esse</strong></span> 
     </span>
    </p>
   </div>
   <div class='ocr_carea' id='block_1_15' title="bbox 500 1599 2125 1666">
    <p class='ocr_par' dir='ltr' id='par_1_15' title="bbox 500 1599 2125 1666">
     <span class='ocr_line' id='line_1_15' title="bbox 500 1599 2125 1666; baseline -0.007 -3"><span class='ocrx_word' id='word_1_101' title='bbox 500 1608 880 1666; x_wconf 59' lang='grc' dir='ltr'><strong>ρεθωιιιιιιω,</strong></span> <span class='ocrx_word' id='word_1_102' title='bbox 944 1608 1001 1657; x_wconf 88' lang='lat' dir='ltr'><strong>et</strong></span> <span class='ocrx_word' id='word_1_103' title='bbox 1050 1600 1209 1656; x_wconf 71' lang='lat' dir='ltr'><strong>ﬁrma</strong></span> <span class='ocrx_word' id='word_1_104' title='bbox 1257 1600 1546 1657; x_wconf 78' lang='lat' dir='ltr'><strong>dilectione</strong></span> <span class='ocrx_word' id='word_1_105' title='bbox 1591 1600 1752 1656; x_wconf 75' lang='lat' dir='ltr'><strong>Idam</strong></span> <span class='ocrx_word' id='word_1_106' title='bbox 1810 1599 2125 1665; x_wconf 75' lang='lat' dir='ltr'><strong>amicitiam,</strong></span> 
     </span>
    </p>
   </div>
   <div class='ocr_carea' id='block_1_16' title="bbox 409 1691 2129 1763">
    <p class='ocr_par' dir='ltr' id='par_1_16' title="bbox 409 1691 2129 1763">
     <span class='ocr_line' id='line_1_16' title="bbox 409 1691 2129 1763; baseline -0.006 -9"><span class='ocrx_word' id='word_1_107' title='bbox 409 1722 414 1727; x_wconf 63' lang='grc' dir='ltr'><strong>ε</strong></span> <span class='ocrx_word' id='word_1_108' title='bbox 524 1691 772 1762; x_wconf 59' lang='lat' dir='ltr'><strong>mandit!</strong></span> <span class='ocrx_word' id='word_1_109' title='bbox 803 1691 1029 1760; x_wconf 73' lang='lat' dir='ltr'><strong>spiritus</strong></span> <span class='ocrx_word' id='word_1_110' title='bbox 1064 1692 1167 1749; x_wconf 81' lang='lat' dir='ltr'><strong>hos</strong></span> <span class='ocrx_word' id='word_1_111' title='bbox 1203 1691 1345 1763; x_wconf 65' lang='lat' dir='ltr'><strong>regit</strong></span> <span class='ocrx_word' id='word_1_112' title='bbox 1387 1699 1576 1759; x_wconf 81' lang='lat' dir='ltr'><strong>artus,</strong></span> <span class='ocrx_word' id='word_1_113' title='bbox 1620 1692 1910 1761; x_wconf 79' lang='lat' dir='ltr'><strong>vitalisque</strong></span> <span class='ocrx_word' id='word_1_114' title='bbox 1955 1696 2129 1745; x_wconf 86' lang='lat' dir='ltr'><strong>status</strong></span> 
     </span>
    </p>
   </div>
   <div class='ocr_carea' id='block_1_17' title="bbox 2226 586 3701 661">
    <p class='ocr_par' dir='ltr' id='par_1_17' title="bbox 2226 586 3701 661">
     <span class='ocr_line' id='line_1_17' title="bbox 2226 586 3701 661; baseline 0.007 -21"><span class='ocrx_word' id='word_1_115' title='bbox 2226 599 2421 656; x_wconf 77' lang='lat' dir='ltr'><strong>rogare</strong></span> <span class='ocrx_word' id='word_1_116' title='bbox 2443 586 2823 661; x_wconf 69' lang='lat' dir='ltr'><strong>praesumimus</strong></span> <span class='ocrx_word' id='word_1_117' title='bbox 2847 592 3083 641; x_wconf 84' lang='lat' dir='ltr'><strong>vestram</strong></span> <span class='ocrx_word' id='word_1_118' title='bbox 3102 586 3306 642; x_wconf 79' lang='lat' dir='ltr'><strong>beatam</strong></span> <span class='ocrx_word' id='word_1_119' title='bbox 3327 605 3384 647; x_wconf 88' lang='lat' dir='ltr'><strong>ac</strong></span> <span class='ocrx_word' id='word_1_120' title='bbox 3408 606 3518 646; x_wconf 82' lang='lat' dir='ltr'><strong>vere</strong></span> <span class='ocrx_word' id='word_1_121' title='bbox 3540 595 3701 655; x_wconf 76' lang='lat' dir='ltr'><strong>benedi-</strong></span> 
     </span>
    </p>
   </div>
   <div class='ocr_carea' id='block_1_18' title="bbox 2227 675 3702 763">
    <p class='ocr_par' dir='ltr' id='par_1_18' title="bbox 2227 675 3702 763">
     <span class='ocr_line' id='line_1_18' title="bbox 2227 675 3702 763; baseline 0.007 -31"><span class='ocrx_word' id='word_1_122' title='bbox 2227 685 2370 733; x_wconf 84' lang='lat' dir='ltr'><strong>ctam</strong></span> <span class='ocrx_word' id='word_1_123' title='bbox 2396 675 2714 744; x_wconf 87' lang='lat' dir='ltr'><strong>almitatem,</strong></span> <span class='ocrx_word' id='word_1_124' title='bbox 2745 686 2807 733; x_wconf 88' lang='lat' dir='ltr'><strong>ut</strong></span> <span class='ocrx_word' id='word_1_125' title='bbox 2832 686 3093 745; x_wconf 88' lang='lat' dir='ltr'><strong>nostram,</strong></span> <span class='ocrx_word' id='word_1_126' title='bbox 3139 679 3365 736; x_wconf 81' lang='lat' dir='ltr'><strong>viventes</strong></span> <span class='ocrx_word' id='word_1_127' title='bbox 3401 682 3449 739; x_wconf 91' lang='lat' dir='ltr'><strong>in</strong></span> <span class='ocrx_word' id='word_1_128' title='bbox 3470 684 3555 741; x_wconf 86' lang='lat' dir='ltr'><strong>hac</strong></span> <span class='ocrx_word' id='word_1_129' title='bbox 3582 687 3702 763; x_wconf 73' lang='lat' dir='ltr'><strong>lacry-</strong></span> 
     </span>
    </p>
   </div>
   <div class='ocr_carea' id='block_1_19' title="bbox 2226 768 3703 846">
    <p class='ocr_par' dir='ltr' id='par_1_19' title="bbox 2226 768 3703 846">
     <span class='ocr_line' id='line_1_19' title="bbox 2226 768 3703 846; baseline 0.01 -24"><span class='ocrx_word' id='word_1_130' title='bbox 2226 782 2439 824; x_wconf 86' lang='lat' dir='ltr'><strong>marum</strong></span> <span class='ocrx_word' id='word_1_131' title='bbox 2466 768 2623 830; x_wconf 66' lang='lat' dir='ltr'><strong>Valle,</strong></span> <span class='ocrx_word' id='word_1_132' title='bbox 2654 776 2769 823; x_wconf 89' lang='lat' dir='ltr'><strong>tum</strong></span> <span class='ocrx_word' id='word_1_133' title='bbox 2791 768 2951 825; x_wconf 89' lang='lat' dir='ltr'><strong>etiam</strong></span> <span class='ocrx_word' id='word_1_134' title='bbox 2980 769 3037 824; x_wconf 89' lang='lat' dir='ltr'><strong>in</strong></span> <span class='ocrx_word' id='word_1_135' title='bbox 3061 769 3423 841; x_wconf 81' lang='lat' dir='ltr'><strong>gloriosissima</strong></span> <span class='ocrx_word' id='word_1_136' title='bbox 3446 778 3703 846; x_wconf 66' lang='lat' dir='ltr'><strong>pmscientia</strong></span> 
     </span>
    </p>
   </div>
   <div class='ocr_carea' id='block_1_20' title="bbox 2225 861 3704 933">
    <p class='ocr_par' dir='ltr' id='par_1_20' title="bbox 2225 861 3704 933">
     <span class='ocr_line' id='line_1_20' title="bbox 2225 861 3704 933; baseline 0.005 -15"><span class='ocrx_word' id='word_1_137' title='bbox 2225 861 2323 918; x_wconf 82' lang='lat' dir='ltr'><strong>Dei</strong></span> <span class='ocrx_word' id='word_1_138' title='bbox 2354 863 2412 917; x_wconf 89' lang='lat' dir='ltr'><strong>in</strong></span> <span class='ocrx_word' id='word_1_139' title='bbox 2440 861 2656 919; x_wconf 81' lang='lat' dir='ltr'><strong>Christo</strong></span> <span class='ocrx_word' id='word_1_140' title='bbox 2685 871 2997 933; x_wconf 85' lang='lat' dir='ltr'><strong>pausantes,</strong></span> <span class='ocrx_word' id='word_1_141' title='bbox 3033 861 3259 918; x_wconf 84' lang='lat' dir='ltr'><strong>assiduis</strong></span> <span class='ocrx_word' id='word_1_142' title='bbox 3292 878 3351 918; x_wconf 91' lang='lat' dir='ltr'><strong>ac</strong></span> <span class='ocrx_word' id='word_1_143' title='bbox 3389 867 3534 922; x_wconf 87' lang='lat' dir='ltr'><strong>sacris</strong></span> <span class='ocrx_word' id='word_1_144' title='bbox 3564 872 3704 926; x_wconf 84' lang='lat' dir='ltr'><strong>oratio-</strong></span> 
     </span>
    </p>
   </div>
   <div class='ocr_carea' id='block_1_21' title="bbox 2224 956 3705 1025">
    <p class='ocr_par' dir='ltr' id='par_1_21' title="bbox 2224 956 3705 1025">
     <span class='ocr_line' id='line_1_21' title="bbox 2224 956 3705 1025; baseline 0.006 -15"><span class='ocrx_word' id='word_1_145' title='bbox 2224 956 2386 1012; x_wconf 85' lang='lat' dir='ltr'><strong>nibus</strong></span> <span class='ocrx_word' id='word_1_146' title='bbox 2431 964 2735 1013; x_wconf 90' lang='lat' dir='ltr'><strong>vestrarum</strong></span> <span class='ocrx_word' id='word_1_147' title='bbox 2775 957 2970 1014; x_wconf 88' lang='lat' dir='ltr'><strong>studiis</strong></span> <span class='ocrx_word' id='word_1_148' title='bbox 3007 957 3232 1014; x_wconf 85' lang='lat' dir='ltr'><strong>Domino</strong></span> <span class='ocrx_word' id='word_1_149' title='bbox 3273 959 3376 1016; x_wconf 89' lang='lat' dir='ltr'><strong>Deo</strong></span> <span class='ocrx_word' id='word_1_150' title='bbox 3417 964 3705 1025; x_wconf 77' lang='lat' dir='ltr'><strong>commendare</strong></span> 
     </span>
    </p>
   </div>
   <div class='ocr_carea' id='block_1_22' title="bbox 2226 1046 3706 1126">
    <p class='ocr_par' dir='ltr' id='par_1_22' title="bbox 2226 1046 3706 1126">
     <span class='ocr_line' id='line_1_22' title="bbox 2226 1046 3706 1126; baseline 0.006 -25"><span class='ocrx_word' id='word_1_151' title='bbox 2226 1046 2543 1126; x_wconf 80' lang='lat' dir='ltr'><strong>dignemini.</strong></span> <span class='ocrx_word' id='word_1_152' title='bbox 2568 1048 2681 1120; x_wconf 80' lang='lat' dir='ltr'><strong>Ego</strong></span> <span class='ocrx_word' id='word_1_153' title='bbox 2706 1063 2919 1121; x_wconf 86' lang='lat' dir='ltr'><strong>quoque</strong></span> <span class='ocrx_word' id='word_1_154' title='bbox 2939 1050 3195 1105; x_wconf 89' lang='lat' dir='ltr'><strong>minimus</strong></span> <span class='ocrx_word' id='word_1_155' title='bbox 3206 1048 3439 1107; x_wconf 80' lang='lat' dir='ltr'><strong>Ecclech</strong></span> <span class='ocrx_word' id='word_1_156' title='bbox 3457 1068 3611 1109; x_wconf 85' lang='lat' dir='ltr'><strong>servus</strong></span> <span class='ocrx_word' id='word_1_157' title='bbox 3627 1071 3706 1125; x_wconf 73' lang='lat' dir='ltr'><strong>sup</strong></span> 
     </span>
    </p>
   </div>
   <div class='ocr_carea' id='block_1_23' title="bbox 2223 1136 3705 1213">
    <p class='ocr_par' dir='ltr' id='par_1_23' title="bbox 2223 1136 3705 1213">
     <span class='ocr_line' id='line_1_23' title="bbox 2223 1136 3705 1213; baseline 0.007 -23"><span class='ocrx_word' id='word_1_158' title='bbox 2223 1136 2352 1208; x_wconf 88' lang='lat' dir='ltr'><strong>plici</strong></span> <span class='ocrx_word' id='word_1_159' title='bbox 2389 1152 2489 1212; x_wconf 83' lang='lat' dir='ltr'><strong>per</strong></span> <span class='ocrx_word' id='word_1_160' title='bbox 2522 1138 2811 1194; x_wconf 85' lang='lat' dir='ltr'><strong>Dominum</strong></span> <span class='ocrx_word' id='word_1_161' title='bbox 2852 1140 3228 1211; x_wconf 84' lang='lat' dir='ltr'><strong>deprecatione</strong></span> <span class='ocrx_word' id='word_1_162' title='bbox 3256 1142 3432 1213; x_wconf 79' lang='lat' dir='ltr'><strong>rogito,</strong></span> <span class='ocrx_word' id='word_1_163' title='bbox 3467 1150 3516 1198; x_wconf 88' lang='lat' dir='ltr'><strong>ut</strong></span> <span class='ocrx_word' id='word_1_164' title='bbox 3537 1160 3604 1199; x_wconf 89' lang='lat' dir='ltr'><strong>me</strong></span> <span class='ocrx_word' id='word_1_165' title='bbox 3626 1162 3705 1200; x_wconf 86' lang='lat' dir='ltr'><strong>cum</strong></span> 
     </span>
    </p>
   </div>
   <div class='ocr_carea' id='block_1_24' title="bbox 2224 1231 3706 1309">
    <p class='ocr_par' dir='ltr' id='par_1_24' title="bbox 2224 1231 3706 1309">
     <span class='ocr_line' id='line_1_24' title="bbox 2224 1231 3706 1309; baseline 0.004 -22"><span class='ocrx_word' id='word_1_166' title='bbox 2224 1246 2347 1288; x_wconf 86' lang='lat' dir='ltr'><strong>mea</strong></span> <span class='ocrx_word' id='word_1_167' title='bbox 2371 1231 2592 1297; x_wconf 83' lang='lat' dir='ltr'><strong>familia,</strong></span> <span class='ocrx_word' id='word_1_168' title='bbox 2631 1232 2862 1288; x_wconf 87' lang='lat' dir='ltr'><strong>Domino</strong></span> <span class='ocrx_word' id='word_1_169' title='bbox 2885 1233 2997 1289; x_wconf 87' lang='lat' dir='ltr'><strong>Deo</strong></span> <span class='ocrx_word' id='word_1_170' title='bbox 3027 1244 3220 1290; x_wconf 91' lang='lat' dir='ltr'><strong>cuncta</strong></span> <span class='ocrx_word' id='word_1_171' title='bbox 3245 1235 3549 1309; x_wconf 85' lang='lat' dir='ltr'><strong>dispensante</strong></span> <span class='ocrx_word' id='word_1_172' title='bbox 3571 1254 3618 1293; x_wconf 83' lang='lat' dir='ltr'><strong>ac</strong></span> <span class='ocrx_word' id='word_1_173' title='bbox 3641 1238 3706 1293; x_wconf 80' lang='lat' dir='ltr'><strong>rite</strong></span> 
     </span>
    </p>
   </div>
   <div class='ocr_carea' id='block_1_25' title="bbox 2225 1324 3707 1395">
    <p class='ocr_par' dir='ltr' id='par_1_25' title="bbox 2225 1324 3707 1395">
     <span class='ocr_line' id='line_1_25' title="bbox 2225 1324 3707 1395; baseline 0.003 -17"><span class='ocrx_word' id='word_1_174' title='bbox 2225 1332 2465 1395; x_wconf 82' lang='lat' dir='ltr'><strong>regente,</strong></span> <span class='ocrx_word' id='word_1_175' title='bbox 2496 1324 2638 1379; x_wconf 90' lang='lat' dir='ltr'><strong>inter</strong></span> <span class='ocrx_word' id='word_1_176' title='bbox 2664 1333 2889 1381; x_wconf 72' lang='lat' dir='ltr'><strong>caeteros</strong></span> <span class='ocrx_word' id='word_1_177' title='bbox 2914 1324 3102 1381; x_wconf 77' lang='lat' dir='ltr'><strong>ﬁdeles</strong></span> <span class='ocrx_word' id='word_1_178' title='bbox 3127 1334 3332 1381; x_wconf 90' lang='lat' dir='ltr'><strong>vestros</strong></span> <span class='ocrx_word' id='word_1_179' title='bbox 3356 1328 3531 1382; x_wconf 86' lang='lat' dir='ltr'><strong>amicos</strong></span> <span class='ocrx_word' id='word_1_180' title='bbox 3552 1328 3594 1382; x_wconf 93' lang='lat' dir='ltr'><strong>in</strong></span> <span class='ocrx_word' id='word_1_181' title='bbox 3609 1330 3707 1383; x_wconf 79' lang='lat' dir='ltr'><strong>com-</strong></span> 
     </span>
    </p>
   </div>
   <div class='ocr_carea' id='block_1_26' title="bbox 2225 1417 3706 1491">
    <p class='ocr_par' dir='ltr' id='par_1_26' title="bbox 2225 1417 3706 1491">
     <span class='ocr_line' id='line_1_26' title="bbox 2225 1417 3706 1491; baseline 0.002 -19"><span class='ocrx_word' id='word_1_182' title='bbox 2225 1432 2389 1473; x_wconf 84' lang='lat' dir='ltr'><strong>mune</strong></span> <span class='ocrx_word' id='word_1_183' title='bbox 2414 1417 2648 1489; x_wconf 84' lang='lat' dir='ltr'><strong>benigne</strong></span> <span class='ocrx_word' id='word_1_184' title='bbox 2683 1417 3018 1488; x_wconf 86' lang='lat' dir='ltr'><strong>suscipiatis,</strong></span> <span class='ocrx_word' id='word_1_185' title='bbox 3061 1419 3153 1489; x_wconf 90' lang='lat' dir='ltr'><strong>qui</strong></span> <span class='ocrx_word' id='word_1_186' title='bbox 3180 1419 3389 1491; x_wconf 89' lang='lat' dir='ltr'><strong>proprio</strong></span> <span class='ocrx_word' id='word_1_187' title='bbox 3416 1420 3542 1477; x_wconf 87' lang='lat' dir='ltr'><strong>dicor</strong></span> <span class='ocrx_word' id='word_1_188' title='bbox 3558 1421 3706 1475; x_wconf 86' lang='lat' dir='ltr'><strong>nomine</strong></span> 
     </span>
    </p>
   </div>
   <div class='ocr_carea' id='block_1_27' title="bbox 2225 1510 3704 1583">
    <p class='ocr_par' dir='ltr' id='par_1_27' title="bbox 2225 1510 3704 1583">
     <span class='ocr_line' id='line_1_27' title="bbox 2225 1510 3704 1583; baseline -0.001 -17"><span class='ocrx_word' id='word_1_189' title='bbox 2225 1511 2538 1576; x_wconf 86' lang='lat' dir='ltr'><strong>Aldbertus,</strong></span> <span class='ocrx_word' id='word_1_190' title='bbox 2568 1511 2884 1566; x_wconf 88' lang='lat' dir='ltr'><strong>diaconatus</strong></span> <span class='ocrx_word' id='word_1_191' title='bbox 2908 1510 3084 1567; x_wconf 83' lang='lat' dir='ltr'><strong>ofﬁcio</strong></span> <span class='ocrx_word' id='word_1_192' title='bbox 3113 1510 3353 1583; x_wconf 80' lang='lat' dir='ltr'><strong>fungens,</strong></span> <span class='ocrx_word' id='word_1_193' title='bbox 3383 1511 3491 1567; x_wconf 86' lang='lat' dir='ltr'><strong>licet</strong></span> <span class='ocrx_word' id='word_1_194' title='bbox 3511 1511 3704 1582; x_wconf 76' lang='lat' dir='ltr'><strong>indignus,</strong></span> 
     </span>
    </p>
   </div>
   <div class='ocr_carea' id='block_1_28' title="bbox 2226 1603 3706 1677">
    <p class='ocr_par' dir='ltr' id='par_1_28' title="bbox 2226 1603 3706 1677">
     <span class='ocr_line' id='line_1_28' title="bbox 2226 1603 3706 1677; baseline 0.001 -20"><span class='ocrx_word' id='word_1_195' title='bbox 2226 1610 2307 1669; x_wconf 92' lang='lat' dir='ltr'><strong>ut,</strong></span> <span class='ocrx_word' id='word_1_196' title='bbox 2338 1603 2511 1659; x_wconf 88' lang='lat' dir='ltr'><strong>sancti</strong></span> <span class='ocrx_word' id='word_1_197' title='bbox 2538 1604 2739 1675; x_wconf 80' lang='lat' dir='ltr'><strong>gradus</strong></span> <span class='ocrx_word' id='word_1_198' title='bbox 2759 1603 3122 1660; x_wconf 70' lang='lat' dir='ltr'><strong>ministerium</strong></span> <span class='ocrx_word' id='word_1_199' title='bbox 3154 1604 3283 1659; x_wconf 81' lang='lat' dir='ltr'><strong>olim</strong></span> <span class='ocrx_word' id='word_1_200' title='bbox 3310 1614 3550 1677; x_wconf 89' lang='lat' dir='ltr'><strong>acceptum</strong></span> <span class='ocrx_word' id='word_1_201' title='bbox 3572 1607 3706 1660; x_wconf 76' lang='lat' dir='ltr'><strong>vestris</strong></span> 
     </span>
    </p>
   </div>
   <div class='ocr_carea' id='block_1_29' title="bbox 2226 1696 3704 1762">
    <p class='ocr_par' dir='ltr' id='par_1_29' title="bbox 2226 1696 3704 1762">
     <span class='ocr_line' id='line_1_29' title="bbox 2226 1696 3704 1762; baseline -0.001 -10"><span class='ocrx_word' id='word_1_202' title='bbox 2226 1696 2600 1752; x_wconf 87' lang='lat' dir='ltr'><strong>saluberrimis</strong></span> <span class='ocrx_word' id='word_1_203' title='bbox 2630 1697 3112 1752; x_wconf 82' lang='lat' dir='ltr'><strong>intercessionibus</strong></span> <span class='ocrx_word' id='word_1_204' title='bbox 3146 1697 3453 1753; x_wconf 71' lang='lat' dir='ltr'><strong>meliorandc</strong></span> <span class='ocrx_word' id='word_1_205' title='bbox 3472 1738 3485 1762; x_wconf 93' lang='lat'><strong>,</strong></span> <span class='ocrx_word' id='word_1_206' title='bbox 3513 1698 3560 1753; x_wconf 84' lang='lat' dir='ltr'><strong>de</strong></span> <span class='ocrx_word' id='word_1_207' title='bbox 3580 1697 3641 1752; x_wconf 82' lang='lat' dir='ltr'><strong>die</strong></span> <span class='ocrx_word' id='word_1_208' title='bbox 3666 1696 3704 1751; x_wconf 91' lang='lat' dir='ltr'><strong>in</strong></span> 
     </span>
    </p>
   </div>
   <div class='ocr_carea' id='block_1_30' title="bbox 532 1782 3705 1861">
    <p class='ocr_par' dir='ltr' id='par_1_30' title="bbox 532 1782 3705 1861">
     <span class='ocr_line' id='line_1_30' title="bbox 532 1782 3705 1861; baseline 0.002 -24"><span class='ocrx_word' id='word_1_209' title='bbox 532 1782 620 1837; x_wconf 90' lang='lat' dir='ltr'><strong>his</strong></span> <span class='ocrx_word' id='word_1_210' title='bbox 641 1782 978 1843; x_wconf 69' lang='lat' dir='ltr'><strong>moribundis</strong></span> <span class='ocrx_word' id='word_1_211' title='bbox 1001 1782 1269 1847; x_wconf 70' lang='lat' dir='ltr'><strong>inhabitat</strong></span> <span class='ocrx_word' id='word_1_212' title='bbox 1286 1784 1569 1850; x_wconf 69' lang='lat' dir='ltr'><strong>membris,</strong></span> <span class='ocrx_word' id='word_1_213' title='bbox 1596 1791 1773 1840; x_wconf 72' lang='lat' dir='ltr'><strong>tecum</strong></span> <span class='ocrx_word' id='word_1_214' title='bbox 1801 1797 2017 1839; x_wconf 67' lang='lat' dir='ltr'><strong>servare</strong></span> <span class='ocrx_word' id='word_1_215' title='bbox 2047 1782 2131 1837; x_wconf 75' lang='lat' dir='ltr'><strong>ill-</strong></span> <span class='ocrx_word' id='word_1_216' title='bbox 2154 1853 2199 1861; x_wconf 83' lang='lat'><em>_</em></span> <span class='ocrx_word' id='word_1_217' title='bbox 2232 1788 2371 1843; x_wconf 87' lang='lat' dir='ltr'><strong>diem</strong></span> <span class='ocrx_word' id='word_1_218' title='bbox 2401 1788 2699 1859; x_wconf 83' lang='lat' dir='ltr'><strong>proﬁciam.</strong></span> <span class='ocrx_word' id='word_1_219' title='bbox 2730 1787 3045 1845; x_wconf 85' lang='lat' dir='ltr'><strong>Almitatem</strong></span> <span class='ocrx_word' id='word_1_220' title='bbox 3071 1798 3303 1845; x_wconf 81' lang='lat' dir='ltr'><strong>vestram</strong></span> <span class='ocrx_word' id='word_1_221' title='bbox 3330 1806 3422 1861; x_wconf 87' lang='lat' dir='ltr'><strong>pro</strong></span> <span class='ocrx_word' id='word_1_222' title='bbox 3447 1790 3567 1844; x_wconf 91' lang='lat' dir='ltr'><strong>nobis</strong></span> <span class='ocrx_word' id='word_1_223' title='bbox 3593 1804 3705 1844; x_wconf 82' lang='lat' dir='ltr'><strong>oran-</strong></span> 
     </span>
    </p>
   </div>
   <div class='ocr_carea' id='block_1_31' title="bbox 528 1853 3706 1946">
    <p class='ocr_par' dir='ltr' id='par_1_31' title="bbox 528 1853 3706 1946">
     <span class='ocr_line' id='line_1_31' title="bbox 528 1853 3706 1946; baseline -0.001 -7"><span class='ocrx_word' id='word_1_224' title='bbox 528 1871 667 1939; x_wconf 67' lang='grc' dir='ltr'><strong>ιὶω</strong></span> <span class='ocrx_word' id='word_1_225' title='bbox 701 1872 993 1939; x_wconf 60' lang='lat' dir='ltr'><strong>etanta»,</strong></span> <span class='ocrx_word' id='word_1_226' title='bbox 1021 1873 1134 1930; x_wconf 84' lang='lat' dir='ltr'><strong>Deo</strong></span> <span class='ocrx_word' id='word_1_227' title='bbox 1162 1882 1325 1941; x_wconf 63' lang='lat' dir='ltr'><strong>leue.</strong></span> <span class='ocrx_word' id='word_1_228' title='bbox 1364 1876 1644 1946; x_wconf 67' lang='lat' dir='ltr'><strong>proﬁteor.</strong></span> <span class='ocrx_word' id='word_1_229' title='bbox 1684 1885 1743 1932; x_wconf 76' lang='lat' dir='ltr'><strong>et</strong></span> <span class='ocrx_word' id='word_1_230' title='bbox 1771 1877 1898 1933; x_wconf 73' lang='lat' dir='ltr'><strong>totis</strong></span> <span class='ocrx_word' id='word_1_231' title='bbox 1917 1876 2125 1932; x_wconf 70' lang='lat' dir='ltr'><strong>viribus</strong></span> <span class='ocrx_word' id='word_1_232' title='bbox 2150 1853 2203 1915; x_wconf 62' lang='grc' dir='ltr'><strong>Β</strong></span> <span class='ocrx_word' id='word_1_233' title='bbox 2232 1892 2345 1941; x_wconf 85' lang='lat' dir='ltr'><strong>tem</strong></span> <span class='ocrx_word' id='word_1_234' title='bbox 2367 1853 2613 1943; x_wconf 72' lang='lat' dir='ltr'><strong>summus</strong></span> <span class='ocrx_word' id='word_1_235' title='bbox 2637 1881 2841 1935; x_wconf 85' lang='lat' dir='ltr'><strong>arbiter</strong></span> <span class='ocrx_word' id='word_1_236' title='bbox 2855 1882 3006 1937; x_wconf 84' lang='lat' dir='ltr'><strong>orbis</strong></span> <span class='ocrx_word' id='word_1_237' title='bbox 3024 1884 3096 1938; x_wconf 87' lang='lat' dir='ltr'><strong>ab</strong></span> <span class='ocrx_word' id='word_1_238' title='bbox 3118 1882 3226 1937; x_wconf 85' lang='lat' dir='ltr'><strong>alta</strong></span> <span class='ocrx_word' id='word_1_239' title='bbox 3251 1853 3489 1939; x_wconf 66' lang='lat' dir='ltr'><strong>caelorum</strong></span> <span class='ocrx_word' id='word_1_240' title='bbox 3505 1896 3601 1938; x_wconf 89' lang='lat' dir='ltr'><strong>arce</strong></span> <span class='ocrx_word' id='word_1_241' title='bbox 3613 1879 3706 1935; x_wconf 86' lang='lat' dir='ltr'><strong>tueri</strong></span> 
     </span>
    </p>
   </div>
   <div class='ocr_carea' id='block_1_32' title="bbox 475 1965 2131 2039">
    <p class='ocr_par' dir='ltr' id='par_1_32' title="bbox 475 1965 2131 2039">
     <span class='ocr_line' id='line_1_32' title="bbox 475 1965 2131 2039; baseline -0.005 -8"><span class='ocrx_word' id='word_1_242' title='bbox 475 2000 479 2005; x_wconf 91' lang='grc'><strong>·</strong></span> <span class='ocrx_word' id='word_1_243' title='bbox 530 1965 851 2031; x_wconf 75' lang='lat' dir='ltr'><strong>medullitus</strong></span> <span class='ocrx_word' id='word_1_244' title='bbox 884 1967 1173 2028; x_wconf 72' lang='lat' dir='ltr'><strong>admodum</strong></span> <span class='ocrx_word' id='word_1_245' title='bbox 1210 1977 1412 2039; x_wconf 70' lang='lat' dir='ltr'><strong>exopto</strong></span> <span class='ocrx_word' id='word_1_246' title='bbox 1432 2011 1449 2036; x_wconf 92' lang='lat'><strong>,</strong></span> <span class='ocrx_word' id='word_1_247' title='bbox 1488 1978 1552 2024; x_wconf 85' lang='lat' dir='ltr'><strong>ut</strong></span> <span class='ocrx_word' id='word_1_248' title='bbox 1588 1970 1684 2029; x_wconf 65' lang='lat' dir='ltr'><strong>Cat</strong></span> <span class='ocrx_word' id='word_1_249' title='bbox 1705 2010 1723 2037; x_wconf 91' lang='lat'><strong>,</strong></span> <span class='ocrx_word' id='word_1_250' title='bbox 1768 1970 1989 2030; x_wconf 83' lang='lat' dir='ltr'><strong>Christo</strong></span> <span class='ocrx_word' id='word_1_251' title='bbox 2032 1972 2131 2027; x_wconf 64' lang='lat' dir='ltr'><strong>tri.</strong></span> 
     </span>
    </p>
   </div>
   <div class='ocr_carea' id='block_1_33' title="bbox 532 2056 2129 2129">
    <p class='ocr_par' dir='ltr' id='par_1_33' title="bbox 532 2056 2129 2129">
     <span class='ocr_line' id='line_1_33' title="bbox 532 2056 2129 2129; baseline 0.006 -18"><span class='ocrx_word' id='word_1_252' title='bbox 532 2056 754 2123; x_wconf 84' lang='lat' dir='ltr'><strong>buente,</strong></span> <span class='ocrx_word' id='word_1_253' title='bbox 792 2057 935 2127; x_wconf 90' lang='lat' dir='ltr'><strong>quod</strong></span> <span class='ocrx_word' id='word_1_254' title='bbox 973 2060 1235 2129; x_wconf 87' lang='lat' dir='ltr'><strong>scriptum</strong></span> <span class='ocrx_word' id='word_1_255' title='bbox 1272 2074 1400 2116; x_wconf 84' lang='lat' dir='ltr'><strong>est:</strong></span> <span class='ocrx_word' id='word_1_256' title='bbox 1437 2062 1607 2118; x_wconf 86' lang='lat' dir='ltr'><strong>Erant</strong></span> <span class='ocrx_word' id='word_1_257' title='bbox 1647 2063 1754 2119; x_wconf 83' lang='lat' dir='ltr'><strong>illis</strong></span> <span class='ocrx_word' id='word_1_258' title='bbox 1782 2067 1960 2120; x_wconf 86' lang='lat' dir='ltr'><strong>omnia</strong></span> <span class='ocrx_word' id='word_1_259' title='bbox 1985 2082 2129 2120; x_wconf 82' lang='lat' dir='ltr'><strong>com-</strong></span> 
     </span>
    </p>
   </div>
   <div class='ocr_carea' id='block_1_34' title="bbox 532 2149 2125 2225">
    <p class='ocr_par' dir='ltr' id='par_1_34' title="bbox 532 2149 2125 2225">
     <span class='ocr_line' id='line_1_34' title="bbox 532 2149 2125 2225; baseline 0.008 -23"><span class='ocrx_word' id='word_1_260' title='bbox 532 2150 735 2219; x_wconf 68' lang='lat' dir='ltr'><strong>munia.</strong></span> <span class='ocrx_word' id='word_1_261' title='bbox 778 2149 885 2221; x_wconf 71' lang='lat' dir='ltr'><strong>Sed</strong></span> <span class='ocrx_word' id='word_1_262' title='bbox 917 2151 1033 2213; x_wconf 64' lang='lat' dir='ltr'><strong>lucc</strong></span> <span class='ocrx_word' id='word_1_263' title='bbox 1061 2153 1267 2225; x_wconf 73' lang='lat' dir='ltr'><strong>omnia,</strong></span> <span class='ocrx_word' id='word_1_264' title='bbox 1296 2170 1415 2224; x_wconf 83' lang='lat' dir='ltr'><strong>quae</strong></span> <span class='ocrx_word' id='word_1_265' title='bbox 1451 2155 1690 2211; x_wconf 84' lang='lat' dir='ltr'><strong>breviter</strong></span> <span class='ocrx_word' id='word_1_266' title='bbox 1732 2173 1764 2212; x_wconf 88' lang='lat' dir='ltr'><strong>a</strong></span> <span class='ocrx_word' id='word_1_267' title='bbox 1798 2158 1955 2214; x_wconf 89' lang='lat' dir='ltr'><strong>nobis</strong></span> <span class='ocrx_word' id='word_1_268' title='bbox 1980 2160 2125 2215; x_wconf 87' lang='lat' dir='ltr'><strong>dicta</strong></span> 
     </span>
    </p>
   </div>
   <div class='ocr_carea' id='block_1_35' title="bbox 531 2247 2123 2327">
    <p class='ocr_par' dir='ltr' id='par_1_35' title="bbox 531 2247 2123 2327">
     <span class='ocr_line' id='line_1_35' title="bbox 531 2247 2123 2327; baseline 0.006 -27"><span class='ocrx_word' id='word_1_269' title='bbox 531 2254 678 2327; x_wconf 73' lang='lat' dir='ltr'><strong>sum,</strong></span> <span class='ocrx_word' id='word_1_270' title='bbox 724 2247 771 2309; x_wconf 79' lang='lat' dir='ltr'><strong>si</strong></span> <span class='ocrx_word' id='word_1_271' title='bbox 812 2249 955 2311; x_wconf 80' lang='lat' dir='ltr'><strong>Dens</strong></span> <span class='ocrx_word' id='word_1_272' title='bbox 979 2251 1318 2319; x_wconf 77' lang='lat' dir='ltr'><strong>omipotens</strong></span> <span class='ocrx_word' id='word_1_273' title='bbox 1357 2267 1679 2323; x_wconf 89' lang='lat' dir='ltr'><strong>prosperum</strong></span> <span class='ocrx_word' id='word_1_274' title='bbox 1716 2254 1962 2309; x_wconf 88' lang='lat' dir='ltr'><strong>concedit</strong></span> <span class='ocrx_word' id='word_1_275' title='bbox 2000 2255 2123 2321; x_wconf 89' lang='lat' dir='ltr'><strong>iter,</strong></span> 
     </span>
    </p>
   </div>
   <div class='ocr_carea' id='block_1_36' title="bbox 530 2340 2129 2423">
    <p class='ocr_par' dir='ltr' id='par_1_36' title="bbox 530 2340 2129 2423">
     <span class='ocr_line' id='line_1_36' title="bbox 530 2340 2129 2423; baseline 0.006 -29"><span class='ocrx_word' id='word_1_276' title='bbox 530 2353 631 2410; x_wconf 89' lang='lat' dir='ltr'><strong>per</strong></span> <span class='ocrx_word' id='word_1_277' title='bbox 652 2340 867 2412; x_wconf 81' lang='lat' dir='ltr'><strong>gerulos</strong></span> <span class='ocrx_word' id='word_1_278' title='bbox 897 2342 1126 2398; x_wconf 88' lang='lat' dir='ltr'><strong>istarum</strong></span> <span class='ocrx_word' id='word_1_279' title='bbox 1164 2344 1470 2406; x_wconf 87' lang='lat' dir='ltr'><strong>litterarum</strong></span> <span class='ocrx_word' id='word_1_280' title='bbox 1494 2345 1709 2423; x_wconf 85' lang='lat' dir='ltr'><strong>plenius</strong></span> <span class='ocrx_word' id='word_1_281' title='bbox 1752 2354 1807 2402; x_wconf 89' lang='lat' dir='ltr'><strong>et</strong></span> <span class='ocrx_word' id='word_1_282' title='bbox 1833 2347 2129 2403; x_wconf 90' lang='lat' dir='ltr'><strong>verbaliter</strong></span> 
     </span>
    </p>
   </div>
   <div class='ocr_carea' id='block_1_37' title="bbox 531 2431 2128 2507">
    <p class='ocr_par' dir='ltr' id='par_1_37' title="bbox 531 2431 2128 2507">
     <span class='ocr_line' id='line_1_37' title="bbox 531 2431 2128 2507; baseline 0.003 -20"><span class='ocrx_word' id='word_1_283' title='bbox 531 2431 629 2487; x_wconf 91' lang='lat' dir='ltr'><strong>tibi</strong></span> <span class='ocrx_word' id='word_1_284' title='bbox 674 2432 916 2489; x_wconf 87' lang='lat' dir='ltr'><strong>indicare</strong></span> <span class='ocrx_word' id='word_1_285' title='bbox 954 2432 1161 2489; x_wconf 79' lang='lat' dir='ltr'><strong>curavi.</strong></span> <span class='ocrx_word' id='word_1_286' title='bbox 1214 2432 1458 2490; x_wconf 81' lang='lat' dir='ltr'><strong>Misimus</strong></span> <span class='ocrx_word' id='word_1_287' title='bbox 1500 2443 1765 2505; x_wconf 66' lang='lat' dir='ltr'><strong>praeterea</strong></span> <span class='ocrx_word' id='word_1_288' title='bbox 1802 2452 1969 2507; x_wconf 91' lang='lat' dir='ltr'><strong>parva</strong></span> <span class='ocrx_word' id='word_1_289' title='bbox 2010 2454 2128 2492; x_wconf 90' lang='lat' dir='ltr'><strong>mu-</strong></span> 
     </span>
    </p>
   </div>
   <div class='ocr_carea' id='block_1_38' title="bbox 530 2525 2123 2599">
    <p class='ocr_par' dir='ltr' id='par_1_38' title="bbox 530 2525 2123 2599">
     <span class='ocr_line' id='line_1_38' title="bbox 530 2525 2123 2599; baseline 0.003 -18"><span class='ocrx_word' id='word_1_290' title='bbox 530 2525 788 2592; x_wconf 88' lang='lat' dir='ltr'><strong>nuscula,</strong></span> <span class='ocrx_word' id='word_1_291' title='bbox 829 2542 950 2597; x_wconf 71' lang='lat' dir='ltr'><strong>qua:</strong></span> <span class='ocrx_word' id='word_1_292' title='bbox 976 2533 1245 2596; x_wconf 76' lang='lat' dir='ltr'><strong>optamus,</strong></span> <span class='ocrx_word' id='word_1_293' title='bbox 1286 2534 1346 2582; x_wconf 88' lang='lat' dir='ltr'><strong>ut</strong></span> <span class='ocrx_word' id='word_1_294' title='bbox 1386 2542 1452 2583; x_wconf 84' lang='lat' dir='ltr'><strong>ea</strong></span> <span class='ocrx_word' id='word_1_295' title='bbox 1494 2527 1787 2586; x_wconf 62' lang='lat' dir='ltr'><strong>tﬁiectione</strong></span> <span class='ocrx_word' id='word_1_296' title='bbox 1823 2529 2123 2599; x_wconf 89' lang='lat' dir='ltr'><strong>accipiatis,</strong></span> 
     </span>
    </p>
   </div>
   <div class='ocr_carea' id='block_1_39' title="bbox 532 2617 1699 2687">
    <p class='ocr_par' dir='ltr' id='par_1_39' title="bbox 532 2617 1699 2687">
     <span class='ocr_line' id='line_1_39' title="bbox 532 2617 1699 2687; baseline 0.003 -15"><span class='ocrx_word' id='word_1_297' title='bbox 532 2631 641 2687; x_wconf 86' lang='lat' dir='ltr'><strong>qua</strong></span> <span class='ocrx_word' id='word_1_298' title='bbox 665 2633 698 2671; x_wconf 89' lang='lat' dir='ltr'><strong>a</strong></span> <span class='ocrx_word' id='word_1_299' title='bbox 725 2617 903 2683; x_wconf 88' lang='lat' dir='ltr'><strong>nobis,</strong></span> <span class='ocrx_word' id='word_1_300' title='bbox 930 2618 1042 2683; x_wconf 77' lang='lat' dir='ltr'><strong>Deo</strong></span> <span class='ocrx_word' id='word_1_301' title='bbox 1062 2625 1224 2684; x_wconf 80' lang='lat' dir='ltr'><strong>teste.</strong></span> <span class='ocrx_word' id='word_1_302' title='bbox 1247 2618 1516 2676; x_wconf 76' lang='lat' dir='ltr'><strong>destinata</strong></span> <span class='ocrx_word' id='word_1_303' title='bbox 1549 2627 1699 2675; x_wconf 81' lang='lat' dir='ltr'><strong>sunt.</strong></span> 
     </span>
    </p>
   </div>
   <div class='ocr_carea' id='block_1_40' title="bbox 604 2708 2126 2780">
    <p class='ocr_par' dir='ltr' id='par_1_40' title="bbox 604 2708 2126 2780">
     <span class='ocr_line' id='line_1_40' title="bbox 604 2708 2126 2780; baseline 0.003 -15"><span class='ocrx_word' id='word_1_304' title='bbox 604 2710 856 2775; x_wconf 76' lang='lat' dir='ltr'><strong>Vestram</strong></span> <span class='ocrx_word' id='word_1_305' title='bbox 881 2708 1227 2771; x_wconf 84' lang='lat' dir='ltr'><strong>dilectionem</strong></span> <span class='ocrx_word' id='word_1_306' title='bbox 1254 2726 1352 2780; x_wconf 87' lang='lat' dir='ltr'><strong>pro</strong></span> <span class='ocrx_word' id='word_1_307' title='bbox 1387 2711 1589 2773; x_wconf 78' lang='lat' dir='ltr'><strong>nostris</strong></span> <span class='ocrx_word' id='word_1_308' title='bbox 1608 2711 1925 2777; x_wconf 77' lang='lat' dir='ltr'><strong>excessibus</strong></span> <span class='ocrx_word' id='word_1_309' title='bbox 1950 2713 2126 2773; x_wconf 81' lang='lat' dir='ltr'><strong>inter-</strong></span> 
     </span>
    </p>
   </div>
   <div class='ocr_carea' id='block_1_41' title="bbox 531 2801 1572 2873">
    <p class='ocr_par' dir='ltr' id='par_1_41' title="bbox 531 2801 1572 2873">
     <span class='ocr_line' id='line_1_41' title="bbox 531 2801 1572 2873; baseline 0.004 -16"><span class='ocrx_word' id='word_1_310' title='bbox 531 2801 813 2859; x_wconf 89' lang='lat' dir='ltr'><strong>cedentem</strong></span> <span class='ocrx_word' id='word_1_311' title='bbox 841 2801 1087 2861; x_wconf 87' lang='lat' dir='ltr'><strong>Christus</strong></span> <span class='ocrx_word' id='word_1_312' title='bbox 1127 2803 1265 2862; x_wconf 82' lang='lat' dir='ltr'><strong>tueri</strong></span> <span class='ocrx_word' id='word_1_313' title='bbox 1303 2804 1572 2873; x_wconf 79' lang='lat' dir='ltr'><strong>dignetur.</strong></span> 
     </span>
    </p>
   </div>
   <div class='ocr_carea' id='block_1_42' title="bbox 603 2893 2128 2967">
    <p class='ocr_par' dir='ltr' id='par_1_42' title="bbox 603 2893 2128 2967">
     <span class='ocr_line' id='line_1_42' title="bbox 603 2893 2128 2967; baseline 0.001 -18"><span class='ocrx_word' id='word_1_314' title='bbox 603 2893 828 2950; x_wconf 90' lang='lat' dir='ltr'><strong>Librum</strong></span> <span class='ocrx_word' id='word_1_315' title='bbox 858 2893 1087 2967; x_wconf 83' lang='lat' dir='ltr'><strong>Pyrpyri</strong></span> <span class='ocrx_word' id='word_1_316' title='bbox 1116 2894 1274 2953; x_wconf 86' lang='lat' dir='ltr'><strong>metri</strong></span> <span class='ocrx_word' id='word_1_317' title='bbox 1312 2893 1434 2955; x_wconf 86' lang='lat' dir='ltr'><strong>ideo</strong></span> <span class='ocrx_word' id='word_1_318' title='bbox 1462 2910 1573 2951; x_wconf 88' lang='lat' dir='ltr'><strong>non</strong></span> <span class='ocrx_word' id='word_1_319' title='bbox 1610 2894 1755 2964; x_wconf 86' lang='lat' dir='ltr'><strong>misi,</strong></span> <span class='ocrx_word' id='word_1_320' title='bbox 1801 2894 1928 2967; x_wconf 87' lang='lat' dir='ltr'><strong>quia</strong></span> <span class='ocrx_word' id='word_1_321' title='bbox 1955 2893 2128 2952; x_wconf 87' lang='lat' dir='ltr'><strong>Gnth-</strong></span> 
     </span>
    </p>
   </div>
   <div class='ocr_carea' id='block_1_43' title="bbox 530 2986 2130 3062">
    <p class='ocr_par' dir='ltr' id='par_1_43' title="bbox 530 2986 2130 3062">
     <span class='ocr_line' id='line_1_43' title="bbox 530 2986 2130 3062; baseline 0.001 -18"><span class='ocrx_word' id='word_1_322' title='bbox 530 2986 717 3051; x_wconf 83' lang='lat' dir='ltr'><strong>bertus</strong></span> <span class='ocrx_word' id='word_1_323' title='bbox 738 2987 907 3060; x_wconf 90' lang='lat' dir='ltr'><strong>episc.</strong></span> <span class='ocrx_word' id='word_1_324' title='bbox 938 2986 1117 3048; x_wconf 86' lang='lat' dir='ltr'><strong>adhuc</strong></span> <span class='ocrx_word' id='word_1_325' title='bbox 1143 2987 1369 3047; x_wconf 81' lang='lat' dir='ltr'><strong>reddere</strong></span> <span class='ocrx_word' id='word_1_326' title='bbox 1398 2988 1625 3047; x_wconf 84' lang='lat' dir='ltr'><strong>distulit.</strong></span> <span class='ocrx_word' id='word_1_327' title='bbox 1649 2988 1968 3051; x_wconf 84' lang='lat' dir='ltr'><strong>lmmanuel.</strong></span> <span class='ocrx_word' id='word_1_328' title='bbox 2002 2989 2130 3062; x_wconf 76' lang='lat' dir='ltr'><strong>Epi-</strong></span> 
     </span>
    </p>
   </div>
   <div class='ocr_carea' id='block_1_44' title="bbox 530 3076 1771 3154">
    <p class='ocr_par' dir='ltr' id='par_1_44' title="bbox 530 3076 1771 3154">
     <span class='ocr_line' id='line_1_44' title="bbox 530 3076 1771 3154; baseline 0.003 -21"><span class='ocrx_word' id='word_1_329' title='bbox 530 3076 667 3134; x_wconf 79' lang='lat' dir='ltr'><strong>stola</strong></span> <span class='ocrx_word' id='word_1_330' title='bbox 692 3076 907 3134; x_wconf 77' lang='lat' dir='ltr'><strong>Milredi</strong></span> <span class='ocrx_word' id='word_1_331' title='bbox 932 3078 1090 3150; x_wconf 76' lang='lat' dir='ltr'><strong>cpite.</strong></span> <span class='ocrx_word' id='word_1_332' title='bbox 1123 3077 1393 3150; x_wconf 69' lang='lat' dir='ltr'><strong>offerenda</strong></span> <span class='ocrx_word' id='word_1_333' title='bbox 1416 3078 1586 3137; x_wconf 73' lang='lat' dir='ltr'><strong>Lullw</strong></span> <span class='ocrx_word' id='word_1_334' title='bbox 1609 3080 1771 3154; x_wconf 66' lang='lat' dir='ltr'><strong>enisa.</strong></span> 
     </span>
    </p>
   </div>
   <div class='ocr_carea' id='block_1_45' title="bbox 1073 3169 1578 3235">
    <p class='ocr_par' dir='ltr' id='par_1_45' title="bbox 1073 3169 1578 3235">
     <span class='ocr_line' id='line_1_45' title="bbox 1073 3169 1578 3235; baseline -0.004 -3"><span class='ocrx_word' id='word_1_335' title='bbox 1073 3169 1415 3235; x_wconf 74' lang='lat' dir='ltr'><strong>EPISTULA</strong></span> <span class='ocrx_word' id='word_1_336' title='bbox 1439 3170 1578 3230; x_wconf 78' lang='lat' dir='ltr'><strong>XVI.</strong></span> 
     </span>
    </p>
   </div>
   <div class='ocr_carea' id='block_1_46' title="bbox 1116 3280 1548 3325">
    <p class='ocr_par' dir='ltr' id='par_1_46' title="bbox 1116 3280 1548 3325">
     <span class='ocr_line' id='line_1_46' title="bbox 1116 3280 1548 3325; baseline -0.005 -2"><span class='ocrx_word' id='word_1_337' title='bbox 1116 3281 1324 3325; x_wconf 72' lang='grc' dir='ltr'><strong>ΤΒΕΟΕΔ</strong></span> <span class='ocrx_word' id='word_1_338' title='bbox 1357 3280 1548 3324; x_wconf 62' lang='grc' dir='ltr'><strong>ιιῠιιο.</strong></span> 
     </span>
    </p>
   </div>
   <div class='ocr_carea' id='block_1_47' title="bbox 812 3353 1757 3431">
    <p class='ocr_par' dir='ltr' id='par_1_47' title="bbox 812 3353 1757 3431">
     <span class='ocr_line' id='line_1_47' title="bbox 812 3353 1757 3431; baseline 0 -18"><span class='ocrx_word' id='word_1_339' title='bbox 812 3374 821 3383; x_wconf 60' lang='grc' dir='ltr'><strong><em>ο</em></strong></span> <span class='ocrx_word' id='word_1_340' title='bbox 938 3353 1121 3428; x_wconf 82' lang='lat' dir='ltr'><strong>(Circa</strong></span> <span class='ocrx_word' id='word_1_341' title='bbox 1143 3373 1340 3423; x_wconf 77' lang='lat' dir='ltr'><strong>annum</strong></span> <span class='ocrx_word' id='word_1_342' title='bbox 1362 3355 1581 3414; x_wconf 83' lang='lat' dir='ltr'><strong>Domini</strong></span> <span class='ocrx_word' id='word_1_343' title='bbox 1607 3356 1757 3431; x_wconf 81' lang='lat'><strong>756.)</strong></span> 
     </span>
    </p>
   </div>
   <div class='ocr_carea' id='block_1_48' title="bbox 607 3446 2131 3520">
    <p class='ocr_par' dir='ltr' id='par_1_48' title="bbox 607 3446 2131 3520">
     <span class='ocr_line' id='line_1_48' title="bbox 607 3446 2131 3520; baseline -0.003 -8"><span class='ocrx_word' id='word_1_344' title='bbox 607 3451 837 3519; x_wconf 84' lang='lat' dir='ltr'><strong>Domino</strong></span> <span class='ocrx_word' id='word_1_345' title='bbox 865 3451 922 3517; x_wconf 87' lang='lat' dir='ltr'><strong>in</strong></span> <span class='ocrx_word' id='word_1_346' title='bbox 944 3450 1176 3519; x_wconf 86' lang='lat' dir='ltr'><strong>Domino</strong></span> <span class='ocrx_word' id='word_1_347' title='bbox 1201 3447 1586 3509; x_wconf 74' lang='lat' dir='ltr'><strong>venerabiliter</strong></span> <span class='ocrx_word' id='word_1_348' title='bbox 1608 3446 1882 3520; x_wconf 77' lang='lat' dir='ltr'><strong>diligendo</strong></span> <span class='ocrx_word' id='word_1_349' title='bbox 1907 3457 1959 3506; x_wconf 85' lang='lat' dir='ltr'><strong>et</strong></span> <span class='ocrx_word' id='word_1_350' title='bbox 1985 3450 2131 3508; x_wconf 82' lang='lat' dir='ltr'><strong>dele-</strong></span> 
     </span>
    </p>
   </div>
   <div class='ocr_carea' id='block_1_49' title="bbox 534 3539 2131 3613">
    <p class='ocr_par' dir='ltr' id='par_1_49' title="bbox 534 3539 2131 3613">
     <span class='ocr_line' id='line_1_49' title="bbox 534 3539 2131 3613; baseline -0.003 -12"><span class='ocrx_word' id='word_1_351' title='bbox 534 3544 806 3605; x_wconf 89' lang='lat' dir='ltr'><strong>ctabiliter</strong></span> <span class='ocrx_word' id='word_1_352' title='bbox 833 3542 1150 3607; x_wconf 84' lang='lat' dir='ltr'><strong>honorando</strong></span> <span class='ocrx_word' id='word_1_353' title='bbox 1190 3539 1378 3607; x_wconf 87' lang='lat' dir='ltr'><strong>Lullo,</strong></span> <span class='ocrx_word' id='word_1_354' title='bbox 1422 3541 1765 3613; x_wconf 85' lang='lat' dir='ltr'><strong>episcopatus</strong></span> <span class='ocrx_word' id='word_1_355' title='bbox 1801 3539 1969 3601; x_wconf 76' lang='lat' dir='ltr'><strong>infula</strong></span> <span class='ocrx_word' id='word_1_356' title='bbox 2008 3541 2131 3597; x_wconf 67' lang='lat' dir='ltr'><strong>funo</strong></span> 
     </span>
    </p>
   </div>
   <div class='ocr_carea' id='block_1_50' title="bbox 535 3634 2131 3715">
    <p class='ocr_par' dir='ltr' id='par_1_50' title="bbox 535 3634 2131 3715">
     <span class='ocr_line' id='line_1_50' title="bbox 535 3634 2131 3715; baseline -0.003 -18"><span class='ocrx_word' id='word_1_357' title='bbox 535 3639 705 3715; x_wconf 73' lang='lat' dir='ltr'><strong>genti,</strong></span> <span class='ocrx_word' id='word_1_358' title='bbox 748 3637 953 3695; x_wconf 84' lang='lat' dir='ltr'><strong>Trecea</strong></span> <span class='ocrx_word' id='word_1_359' title='bbox 987 3635 1210 3709; x_wconf 81' lang='lat' dir='ltr'><strong>supplex</strong></span> <span class='ocrx_word' id='word_1_360' title='bbox 1244 3634 1568 3695; x_wconf 81' lang='lat' dir='ltr'><strong>vernaculus</strong></span> <span class='ocrx_word' id='word_1_361' title='bbox 1608 3635 1667 3697; x_wconf 82' lang='lat' dir='ltr'><strong>in</strong></span> <span class='ocrx_word' id='word_1_362' title='bbox 1699 3634 1919 3695; x_wconf 82' lang='lat' dir='ltr'><strong>Christo</strong></span> <span class='ocrx_word' id='word_1_363' title='bbox 1936 3652 2131 3708; x_wconf 84' lang='lat' dir='ltr'><strong>peren-</strong></span> 
     </span>
    </p>
   </div>
   <div class='ocr_carea' id='block_1_51' title="bbox 536 3727 945 3787">
    <p class='ocr_par' dir='ltr' id='par_1_51' title="bbox 536 3727 945 3787">
     <span class='ocr_line' id='line_1_51' title="bbox 536 3727 945 3787; baseline -0.012 0"><span class='ocrx_word' id='word_1_364' title='bbox 536 3746 665 3787; x_wconf 85' lang='lat' dir='ltr'><strong>nem</strong></span> <span class='ocrx_word' id='word_1_365' title='bbox 693 3727 945 3786; x_wconf 86' lang='lat' dir='ltr'><strong>salutem.</strong></span> 
     </span>
    </p>
   </div>
   <div class='ocr_carea' id='block_1_52' title="bbox 609 3820 2132 3895">
    <p class='ocr_par' dir='ltr' id='par_1_52' title="bbox 609 3820 2132 3895">
     <span class='ocr_line' id='line_1_52' title="bbox 609 3820 2132 3895; baseline 0.003 -18"><span class='ocrx_word' id='word_1_366' title='bbox 609 3821 875 3895; x_wconf 81' lang='lat' dir='ltr'><strong>Tempore</strong></span> <span class='ocrx_word' id='word_1_367' title='bbox 893 3834 1066 3893; x_wconf 85' lang='lat' dir='ltr'><strong>nuper</strong></span> <span class='ocrx_word' id='word_1_368' title='bbox 1086 3827 1380 3887; x_wconf 82' lang='lat' dir='ltr'><strong>transacto,</strong></span> <span class='ocrx_word' id='word_1_369' title='bbox 1412 3826 1607 3883; x_wconf 65' lang='lat' dir='ltr'><strong>vatim</strong></span> <span class='ocrx_word' id='word_1_370' title='bbox 1634 3820 1894 3879; x_wconf 81' lang='lat' dir='ltr'><strong>almitatis</strong></span> <span class='ocrx_word' id='word_1_371' title='bbox 1922 3821 2132 3881; x_wconf 83' lang='lat' dir='ltr'><strong>littera-</strong></span> 
     </span>
    </p>
   </div>
   <div class='ocr_carea' id='block_1_53' title="bbox 538 3910 2130 3984">
    <p class='ocr_par' dir='ltr' id='par_1_53' title="bbox 538 3910 2130 3984">
     <span class='ocr_line' id='line_1_53' title="bbox 538 3910 2130 3984; baseline 0.005 -16"><span class='ocrx_word' id='word_1_372' title='bbox 538 3921 716 3969; x_wconf 89' lang='lat' dir='ltr'><strong>turam</strong></span> <span class='ocrx_word' id='word_1_373' title='bbox 744 3927 917 3982; x_wconf 86' lang='lat' dir='ltr'><strong>usque</strong></span> <span class='ocrx_word' id='word_1_374' title='bbox 941 3910 1008 3971; x_wconf 89' lang='lat' dir='ltr'><strong>ad</strong></span> <span class='ocrx_word' id='word_1_375' title='bbox 1029 3919 1227 3969; x_wconf 70' lang='lat' dir='ltr'><strong>nostra:</strong></span> <span class='ocrx_word' id='word_1_376' title='bbox 1249 3912 1637 3973; x_wconf 86' lang='lat' dir='ltr'><strong>mediocritatis</strong></span> <span class='ocrx_word' id='word_1_377' title='bbox 1652 3916 1995 3984; x_wconf 67' lang='lat' dir='ltr'><strong>praesentiam</strong></span> <span class='ocrx_word' id='word_1_378' title='bbox 2020 3917 2130 3975; x_wconf 73' lang='lat' dir='ltr'><strong>ﬁdo</strong></span> 
     </span>
    </p>
   </div>
   <div class='ocr_carea' id='block_1_54' title="bbox 538 4002 2130 4078">
    <p class='ocr_par' dir='ltr' id='par_1_54' title="bbox 538 4002 2130 4078">
     <span class='ocr_line' id='line_1_54' title="bbox 538 4002 2130 4078; baseline 0.006 -21"><span class='ocrx_word' id='word_1_379' title='bbox 538 4011 785 4075; x_wconf 77' lang='lat' dir='ltr'><strong>gestante</strong></span> <span class='ocrx_word' id='word_1_380' title='bbox 828 4002 1017 4074; x_wconf 75' lang='lat' dir='ltr'><strong>gerulo</strong></span> <span class='ocrx_word' id='word_1_381' title='bbox 1070 4002 1302 4061; x_wconf 87' lang='lat' dir='ltr'><strong>delatam</strong></span> <span class='ocrx_word' id='word_1_382' title='bbox 1322 4044 1337 4072; x_wconf 89' lang='lat'><strong>,</strong></span> <span class='ocrx_word' id='word_1_383' title='bbox 1405 4004 1802 4065; x_wconf 70' lang='lat' dir='ltr'><strong>exsultantibus</strong></span> <span class='ocrx_word' id='word_1_384' title='bbox 1849 4016 2130 4078; x_wconf 84' lang='lat' dir='ltr'><strong>pectorum</strong></span> 
     </span>
    </p>
   </div>
   <div class='ocr_carea' id='block_1_55' title="bbox 538 4093 2131 4169">
    <p class='ocr_par' dir='ltr' id='par_1_55' title="bbox 538 4093 2131 4169">
     <span class='ocr_line' id='line_1_55' title="bbox 538 4093 2131 4169; baseline 0.005 -19"><span class='ocrx_word' id='word_1_385' title='bbox 538 4094 874 4166; x_wconf 63' lang='lat' dir='ltr'><strong>praecordiis,</strong></span> <span class='ocrx_word' id='word_1_386' title='bbox 915 4102 969 4151; x_wconf 90' lang='lat' dir='ltr'><strong>et</strong></span> <span class='ocrx_word' id='word_1_387' title='bbox 991 4093 1129 4153; x_wconf 61' lang='lat' dir='ltr'><strong>lactis</strong></span> <span class='ocrx_word' id='word_1_388' title='bbox 1152 4095 1431 4155; x_wconf 82' lang='lat' dir='ltr'><strong>oculorum</strong></span> <span class='ocrx_word' id='word_1_389' title='bbox 1455 4096 1678 4154; x_wconf 87' lang='lat' dir='ltr'><strong>orbibus</strong></span> <span class='ocrx_word' id='word_1_390' title='bbox 1706 4100 2131 4169; x_wconf 82' lang='lat' dir='ltr'><strong>contemplantes</strong></span> 
     </span>
    </p>
   </div>
   <div class='ocr_carea' id='block_1_56' title="bbox 539 4186 2134 4260">
    <p class='ocr_par' dir='ltr' id='par_1_56' title="bbox 539 4186 2134 4260">
     <span class='ocr_line' id='line_1_56' title="bbox 539 4186 2134 4260; baseline 0.004 -17"><span class='ocrx_word' id='word_1_391' title='bbox 539 4187 673 4243; x_wconf 86' lang='lat' dir='ltr'><strong>satis</strong></span> <span class='ocrx_word' id='word_1_392' title='bbox 698 4187 932 4249; x_wconf 84' lang='lat' dir='ltr'><strong>libenter</strong></span> <span class='ocrx_word' id='word_1_393' title='bbox 970 4186 1312 4260; x_wconf 85' lang='lat' dir='ltr'><strong>suscipimus,</strong></span> <span class='ocrx_word' id='word_1_394' title='bbox 1352 4196 1409 4244; x_wconf 91' lang='lat' dir='ltr'><strong>et</strong></span> <span class='ocrx_word' id='word_1_395' title='bbox 1433 4189 1667 4255; x_wconf 65' lang='lat' dir='ltr'><strong>maxime</strong></span> <span class='ocrx_word' id='word_1_396' title='bbox 1706 4189 1762 4247; x_wconf 89' lang='lat' dir='ltr'><strong>in</strong></span> <span class='ocrx_word' id='word_1_397' title='bbox 1792 4201 1978 4249; x_wconf 84' lang='lat' dir='ltr'><strong>vestra</strong></span> <span class='ocrx_word' id='word_1_398' title='bbox 2006 4208 2134 4250; x_wconf 87' lang='lat' dir='ltr'><strong>san-</strong></span> 
     </span>
    </p>
   </div>
   <div class='ocr_carea' id='block_1_57' title="bbox 540 4276 2132 4351">
    <p class='ocr_par' dir='ltr' id='par_1_57' title="bbox 540 4276 2132 4351">
     <span class='ocr_line' id='line_1_57' title="bbox 540 4276 2132 4351; baseline 0.006 -18"><span class='ocrx_word' id='word_1_399' title='bbox 540 4285 628 4333; x_wconf 88' lang='lat' dir='ltr'><strong>cta</strong></span> <span class='ocrx_word' id='word_1_400' title='bbox 656 4276 1035 4349; x_wconf 87' lang='lat' dir='ltr'><strong>promissione,</strong></span> <span class='ocrx_word' id='word_1_401' title='bbox 1062 4293 1224 4350; x_wconf 89' lang='lat' dir='ltr'><strong>quam</strong></span> <span class='ocrx_word' id='word_1_402' title='bbox 1251 4278 1384 4335; x_wconf 90' lang='lat' dir='ltr'><strong>ordo</strong></span> <span class='ocrx_word' id='word_1_403' title='bbox 1410 4279 1621 4351; x_wconf 87' lang='lat' dir='ltr'><strong>apicum</strong></span> <span class='ocrx_word' id='word_1_404' title='bbox 1650 4289 1955 4341; x_wconf 84' lang='lat' dir='ltr'><strong>vestrorum</strong></span> <span class='ocrx_word' id='word_1_405' title='bbox 1977 4284 2132 4341; x_wconf 89' lang='lat' dir='ltr'><strong>inuo—</strong></span> 
     </span>
    </p>
   </div>
   <div class='ocr_carea' id='block_1_58' title="bbox 540 4370 2131 4437">
    <p class='ocr_par' dir='ltr' id='par_1_58' title="bbox 540 4370 2131 4437">
     <span class='ocr_line' id='line_1_58' title="bbox 540 4370 2131 4437; baseline 0.007 -13"><span class='ocrx_word' id='word_1_406' title='bbox 540 4371 663 4436; x_wconf 90' lang='lat' dir='ltr'><strong>tuit,</strong></span> <span class='ocrx_word' id='word_1_407' title='bbox 685 4380 744 4425; x_wconf 90' lang='lat' dir='ltr'><strong>ut</strong></span> <span class='ocrx_word' id='word_1_408' title='bbox 771 4370 968 4429; x_wconf 84' lang='lat' dir='ltr'><strong>vestris</strong></span> <span class='ocrx_word' id='word_1_409' title='bbox 998 4370 1229 4429; x_wconf 84' lang='lat' dir='ltr'><strong>assiduis</strong></span> <span class='ocrx_word' id='word_1_410' title='bbox 1246 4386 1311 4426; x_wconf 91' lang='lat' dir='ltr'><strong>ac</strong></span> <span class='ocrx_word' id='word_1_411' title='bbox 1335 4372 1506 4430; x_wconf 89' lang='lat' dir='ltr'><strong>sacris</strong></span> <span class='ocrx_word' id='word_1_412' title='bbox 1531 4375 1867 4435; x_wconf 81' lang='lat' dir='ltr'><strong>orationibus</strong></span> <span class='ocrx_word' id='word_1_413' title='bbox 1885 4388 2131 4437; x_wconf 84' lang='lat' dir='ltr'><strong>nostram</strong></span> 
     </span>
    </p>
   </div>
   <div class='ocr_carea' id='block_1_59' title="bbox 539 4460 2134 4540">
    <p class='ocr_par' dir='ltr' id='par_1_59' title="bbox 539 4460 2134 4540">
     <span class='ocr_line' id='line_1_59' title="bbox 539 4460 2134 4540; baseline 0.007 -26"><span class='ocrx_word' id='word_1_414' title='bbox 539 4460 889 4531; x_wconf 83' lang='lat' dir='ltr'><strong>fragilitatem</strong></span> <span class='ocrx_word' id='word_1_415' title='bbox 916 4460 1205 4523; x_wconf 79' lang='lat' dir='ltr'><strong>defendere</strong></span> <span class='ocrx_word' id='word_1_416' title='bbox 1234 4462 1433 4532; x_wconf 86' lang='lat' dir='ltr'><strong>vellet;</strong></span> <span class='ocrx_word' id='word_1_417' title='bbox 1470 4464 1542 4521; x_wconf 89' lang='lat' dir='ltr'><strong>ita</strong></span> <span class='ocrx_word' id='word_1_418' title='bbox 1580 4474 1634 4522; x_wconf 89' lang='lat' dir='ltr'><strong>et</strong></span> <span class='ocrx_word' id='word_1_419' title='bbox 1667 4474 1853 4524; x_wconf 85' lang='lat' dir='ltr'><strong>nostra</strong></span> <span class='ocrx_word' id='word_1_420' title='bbox 1880 4469 2134 4540; x_wconf 87' lang='lat' dir='ltr'><strong>imperfe-</strong></span> 
     </span>
    </p>
   </div>
   <div class='ocr_carea' id='block_1_60' title="bbox 541 4542 3714 4651">
    <p class='ocr_par' dir='ltr' id='par_1_60' title="bbox 541 4542 3714 4651">
     <span class='ocr_line' id='line_1_60' title="bbox 541 4542 3714 4651; baseline -0.001 -42"><span class='ocrx_word' id='word_1_421' title='bbox 541 4561 627 4609; x_wconf 89' lang='lat' dir='ltr'><strong>cta</strong></span> <span class='ocrx_word' id='word_1_422' title='bbox 656 4553 1000 4613; x_wconf 84' lang='lat' dir='ltr'><strong>mediocritas</strong></span> <span class='ocrx_word' id='word_1_423' title='bbox 1027 4554 1264 4637; x_wconf 84' lang='lat' dir='ltr'><strong>undique</strong></span> <span class='ocrx_word' id='word_1_424' title='bbox 1285 4571 1426 4627; x_wconf 90' lang='lat' dir='ltr'><strong>pene</strong></span> <span class='ocrx_word' id='word_1_425' title='bbox 1464 4558 1520 4617; x_wconf 91' lang='lat' dir='ltr'><strong>in</strong></span> <span class='ocrx_word' id='word_1_426' title='bbox 1557 4562 1808 4623; x_wconf 81' lang='lat' dir='ltr'><strong>omnibus</strong></span> <span class='ocrx_word' id='word_1_427' title='bbox 1847 4563 2004 4620; x_wconf 82' lang='lat' dir='ltr'><strong>bonis</strong></span> <span class='ocrx_word' id='word_1_428' title='bbox 2032 4579 2207 4651; x_wconf 77' lang='lat' dir='ltr'><strong>ve—D</strong></span> <span class='ocrx_word' id='word_1_429' title='bbox 2232 4574 2541 4630; x_wconf 83' lang='lat' dir='ltr'><strong>quanquam</strong></span> <span class='ocrx_word' id='word_1_430' title='bbox 2582 4559 2859 4630; x_wconf 79' lang='lat' dir='ltr'><strong>indignus,</strong></span> <span class='ocrx_word' id='word_1_431' title='bbox 2900 4562 3098 4627; x_wconf 87' lang='lat' dir='ltr'><strong>abbas,</strong></span> <span class='ocrx_word' id='word_1_432' title='bbox 3148 4569 3201 4616; x_wconf 88' lang='lat' dir='ltr'><strong>et</strong></span> <span class='ocrx_word' id='word_1_433' title='bbox 3249 4566 3421 4615; x_wconf 78' lang='lat' dir='ltr'><strong>vester</strong></span> <span class='ocrx_word' id='word_1_434' title='bbox 3462 4556 3507 4609; x_wconf 92' lang='lat' dir='ltr'><strong>in</strong></span> <span class='ocrx_word' id='word_1_435' title='bbox 3538 4542 3714 4651; x_wconf 54' lang='grc' dir='ltr'><strong>ριωξὶινιξε</strong></span> 
     </span>
    </p>
   </div>
   <div class='ocr_carea' id='block_1_61' title="bbox 541 4645 2130 4727">
    <p class='ocr_par' dir='ltr' id='par_1_61' title="bbox 541 4645 2130 4727">
     <span class='ocr_line' id='line_1_61' title="bbox 541 4645 2130 4727; baseline 0.009 -28"><span class='ocrx_word' id='word_1_436' title='bbox 541 4653 711 4700; x_wconf 88' lang='lat' dir='ltr'><strong>stram</strong></span> <span class='ocrx_word' id='word_1_437' title='bbox 738 4645 1128 4705; x_wconf 85' lang='lat' dir='ltr'><strong>beatitudinem</strong></span> <span class='ocrx_word' id='word_1_438' title='bbox 1156 4648 1490 4706; x_wconf 84' lang='lat' dir='ltr'><strong>orationibus</strong></span> <span class='ocrx_word' id='word_1_439' title='bbox 1519 4649 1741 4717; x_wconf 82' lang='lat' dir='ltr'><strong>intimis,</strong></span> <span class='ocrx_word' id='word_1_440' title='bbox 1784 4651 1897 4709; x_wconf 91' lang='lat' dir='ltr'><strong>Deo</strong></span> <span class='ocrx_word' id='word_1_441' title='bbox 1928 4655 2130 4727; x_wconf 84' lang='lat' dir='ltr'><strong>ubique</strong></span> 
     </span>
    </p>
   </div>
   <div class='ocr_carea' id='block_1_62' title="bbox 542 4735 2128 4819">
    <p class='ocr_par' dir='ltr' id='par_1_62' title="bbox 542 4735 2128 4819">
     <span class='ocr_line' id='line_1_62' title="bbox 542 4735 2128 4819; baseline 0.009 -28"><span class='ocrx_word' id='word_1_442' title='bbox 542 4735 856 4805; x_wconf 82' lang='lat' dir='ltr'><strong>auxiliante,</strong></span> <span class='ocrx_word' id='word_1_443' title='bbox 904 4738 1243 4811; x_wconf 86' lang='lat' dir='ltr'><strong>deprecando</strong></span> <span class='ocrx_word' id='word_1_444' title='bbox 1278 4756 1503 4815; x_wconf 79' lang='lat' dir='ltr'><strong>poscere</strong></span> <span class='ocrx_word' id='word_1_445' title='bbox 1531 4742 1703 4799; x_wconf 86' lang='lat' dir='ltr'><strong>Deum</strong></span> <span class='ocrx_word' id='word_1_446' title='bbox 1732 4756 1985 4819; x_wconf 83' lang='lat' dir='ltr'><strong>prompta</strong></span> <span class='ocrx_word' id='word_1_447' title='bbox 2022 4759 2128 4817; x_wconf 87' lang='lat' dir='ltr'><strong>est,</strong></span> 
     </span>
    </p>
   </div>
   <div class='ocr_carea' id='block_1_63' title="bbox 540 4828 2189 4909">
    <p class='ocr_par' dir='ltr' id='par_1_63' title="bbox 540 4828 2189 4909">
     <span class='ocr_line' id='line_1_63' title="bbox 540 4828 2189 4909; baseline 0.01 -25"><span class='ocrx_word' id='word_1_448' title='bbox 540 4840 752 4885; x_wconf 89' lang='lat' dir='ltr'><strong>necnon</strong></span> <span class='ocrx_word' id='word_1_449' title='bbox 812 4835 867 4884; x_wconf 91' lang='lat' dir='ltr'><strong>et</strong></span> <span class='ocrx_word' id='word_1_450' title='bbox 923 4828 1270 4889; x_wconf 84' lang='lat' dir='ltr'><strong>dilectionem</strong></span> <span class='ocrx_word' id='word_1_451' title='bbox 1310 4830 1671 4894; x_wconf 80' lang='lat' dir='ltr'><strong>fraternitatis</strong></span> <span class='ocrx_word' id='word_1_452' title='bbox 1714 4851 1847 4909; x_wconf 76' lang='lat' dir='ltr'><strong>erga</strong></span> <span class='ocrx_word' id='word_1_453' title='bbox 1890 4848 2130 4899; x_wconf 80' lang='lat' dir='ltr'><strong>vestram</strong></span> <span class='ocrx_word' id='word_1_454' title='bbox 2184 4895 2189 4899; x_wconf 87' lang='lat'><strong>.</strong></span> 
     </span>
    </p>
   </div>
   <div class='ocr_carea' id='block_1_64' title="bbox 543 4918 2134 4994">
    <p class='ocr_par' dir='ltr' id='par_1_64' title="bbox 543 4918 2134 4994">
     <span class='ocr_line' id='line_1_64' title="bbox 543 4918 2134 4994; baseline 0.011 -20"><span class='ocrx_word' id='word_1_455' title='bbox 543 4918 885 4974; x_wconf 88' lang='lat' dir='ltr'><strong>clementiam</strong></span> <span class='ocrx_word' id='word_1_456' title='bbox 916 4920 1221 4987; x_wconf 85' lang='lat' dir='ltr'><strong>observare,</strong></span> <span class='ocrx_word' id='word_1_457' title='bbox 1250 4921 1547 4983; x_wconf 83' lang='lat' dir='ltr'><strong>secundum</strong></span> <span class='ocrx_word' id='word_1_458' title='bbox 1566 4925 1729 4994; x_wconf 88' lang='lat' dir='ltr'><strong>vires,</strong></span> <span class='ocrx_word' id='word_1_459' title='bbox 1753 4927 1889 4989; x_wconf 80' lang='lat' dir='ltr'><strong>velle</strong></span> <span class='ocrx_word' id='word_1_460' title='bbox 1914 4932 2134 4989; x_wconf 78' lang='lat' dir='ltr'><strong>demon-</strong></span> 
     </span>
    </p>
   </div>
   <div class='ocr_carea' id='block_1_65' title="bbox 545 5011 2132 5083">
    <p class='ocr_par' dir='ltr' id='par_1_65' title="bbox 545 5011 2132 5083">
     <span class='ocr_line' id='line_1_65' title="bbox 545 5011 2132 5083; baseline 0.011 -16"><span class='ocrx_word' id='word_1_461' title='bbox 545 5019 800 5077; x_wconf 84' lang='lat' dir='ltr'><strong>stramus,</strong></span> <span class='ocrx_word' id='word_1_462' title='bbox 842 5011 1069 5079; x_wconf 87' lang='lat' dir='ltr'><strong>Domino</strong></span> <span class='ocrx_word' id='word_1_463' title='bbox 1092 5024 1285 5077; x_wconf 81' lang='lat' dir='ltr'><strong>nostro</strong></span> <span class='ocrx_word' id='word_1_464' title='bbox 1304 5014 1434 5077; x_wconf 81' lang='lat' dir='ltr'><strong>Jesu</strong></span> <span class='ocrx_word' id='word_1_465' title='bbox 1463 5015 1681 5076; x_wconf 85' lang='lat' dir='ltr'><strong>Christo</strong></span> <span class='ocrx_word' id='word_1_466' title='bbox 1703 5020 1933 5081; x_wconf 80' lang='lat' dir='ltr'><strong>docente</strong></span> <span class='ocrx_word' id='word_1_467' title='bbox 1958 5040 2027 5083; x_wconf 78' lang='lat' dir='ltr'><strong>ac</strong></span> <span class='ocrx_word' id='word_1_468' title='bbox 2049 5026 2132 5083; x_wconf 60' lang='lat' dir='ltr'><strong>di»-</strong></span> 
     </span>
    </p>
   </div>
   <div class='ocr_carea' id='block_1_66' title="bbox 545 5096 2128 5184">
    <p class='ocr_par' dir='ltr' id='par_1_66' title="bbox 545 5096 2128 5184">
     <span class='ocr_line' id='line_1_66' title="bbox 545 5096 2128 5184; baseline 0.012 -28"><span class='ocrx_word' id='word_1_469' title='bbox 545 5107 739 5156; x_wconf 88' lang='lat' dir='ltr'><strong>cente:</strong></span> <span class='ocrx_word' id='word_1_470' title='bbox 771 5096 887 5154; x_wconf 85' lang='lat' dir='ltr'><strong>Hoc</strong></span> <span class='ocrx_word' id='word_1_471' title='bbox 909 5109 983 5157; x_wconf 81' lang='lat' dir='ltr'><strong>est</strong></span> <span class='ocrx_word' id='word_1_472' title='bbox 1001 5114 1315 5177; x_wconf 61' lang='lat' dir='ltr'><strong>praeceptum</strong></span> <span class='ocrx_word' id='word_1_473' title='bbox 1340 5123 1532 5174; x_wconf 77' lang='lat' dir='ltr'><strong>meum,</strong></span> <span class='ocrx_word' id='word_1_474' title='bbox 1557 5118 1615 5169; x_wconf 82' lang='lat' dir='ltr'><strong>ut</strong></span> <span class='ocrx_word' id='word_1_475' title='bbox 1632 5109 1868 5184; x_wconf 69' lang='lat' dir='ltr'><strong>diligatis</strong></span> <span class='ocrx_word' id='word_1_476' title='bbox 1888 5116 2128 5174; x_wconf 74' lang='lat' dir='ltr'><strong>inuicem.</strong></span> 
     </span>
    </p>
   </div>
   <div class='ocr_carea' id='block_1_67' title="bbox 546 5192 2133 5276">
    <p class='ocr_par' dir='ltr' id='par_1_67' title="bbox 546 5192 2133 5276">
     <span class='ocr_line' id='line_1_67' title="bbox 546 5192 2133 5276; baseline 0.012 -26"><span class='ocrx_word' id='word_1_477' title='bbox 546 5194 615 5250; x_wconf 87' lang='lat' dir='ltr'><strong>Et</strong></span> <span class='ocrx_word' id='word_1_478' title='bbox 638 5194 767 5250; x_wconf 89' lang='lat' dir='ltr'><strong>item</strong></span> <span class='ocrx_word' id='word_1_479' title='bbox 792 5208 807 5249; x_wconf 89' lang='lat'><strong>:</strong></span> <span class='ocrx_word' id='word_1_480' title='bbox 844 5192 911 5251; x_wconf 88' lang='lat' dir='ltr'><strong>In</strong></span> <span class='ocrx_word' id='word_1_481' title='bbox 940 5196 1035 5250; x_wconf 85' lang='lat' dir='ltr'><strong>hoc</strong></span> <span class='ocrx_word' id='word_1_482' title='bbox 1064 5209 1371 5272; x_wconf 70' lang='lat' dir='ltr'><strong>cognoscent</strong></span> <span class='ocrx_word' id='word_1_483' title='bbox 1396 5218 1577 5259; x_wconf 78' lang='lat' dir='ltr'><strong>omnes</strong></span> <span class='ocrx_word' id='word_1_484' title='bbox 1600 5205 1726 5276; x_wconf 78' lang='lat' dir='ltr'><strong>quia</strong></span> <span class='ocrx_word' id='word_1_485' title='bbox 1748 5209 1851 5267; x_wconf 74' lang='lat' dir='ltr'><strong>mei</strong></span> <span class='ocrx_word' id='word_1_486' title='bbox 1878 5210 2003 5267; x_wconf 75' lang='lat' dir='ltr'><strong>suis</strong></span> <span class='ocrx_word' id='word_1_487' title='bbox 2020 5212 2133 5268; x_wconf 74' lang='lat' dir='ltr'><strong>dis-</strong></span> 
     </span>
    </p>
   </div>
   <div class='ocr_carea' id='block_1_68' title="bbox 548 5286 2130 5367">
    <p class='ocr_par' dir='ltr' id='par_1_68' title="bbox 548 5286 2130 5367">
     <span class='ocr_line' id='line_1_68' title="bbox 548 5286 2130 5367; baseline 0.012 -24"><span class='ocrx_word' id='word_1_488' title='bbox 548 5286 728 5360; x_wconf 85' lang='lat' dir='ltr'><strong>cipuli,</strong></span> <span class='ocrx_word' id='word_1_489' title='bbox 758 5287 802 5342; x_wconf 89' lang='lat' dir='ltr'><strong>si</strong></span> <span class='ocrx_word' id='word_1_490' title='bbox 832 5286 1159 5347; x_wconf 80' lang='lat' dir='ltr'><strong>dilectionem</strong></span> <span class='ocrx_word' id='word_1_491' title='bbox 1179 5291 1465 5351; x_wconf 75' lang='lat' dir='ltr'><strong>habueritis</strong></span> <span class='ocrx_word' id='word_1_492' title='bbox 1490 5294 1562 5355; x_wconf 75' lang='lat' dir='ltr'><strong>ad</strong></span> <span class='ocrx_word' id='word_1_493' title='bbox 1588 5296 1828 5367; x_wconf 75' lang='lat' dir='ltr'><strong>invicem.</strong></span> <span class='ocrx_word' id='word_1_494' title='bbox 1855 5310 1964 5361; x_wconf 78' lang='lat' dir='ltr'><strong>etc.</strong></span> <span class='ocrx_word' id='word_1_495' title='bbox 1997 5303 2130 5361; x_wconf 75' lang='lat' dir='ltr'><strong>item</strong></span> 
     </span>
    </p>
   </div>
   <div class='ocr_carea' id='block_1_69' title="bbox 549 5378 2133 5466">
    <p class='ocr_par' dir='ltr' id='par_1_69' title="bbox 549 5378 2133 5466">
     <span class='ocr_line' id='line_1_69' title="bbox 549 5378 2133 5466; baseline 0.013 -31"><span class='ocrx_word' id='word_1_496' title='bbox 549 5379 614 5435; x_wconf 92' lang='lat' dir='ltr'><strong>de</strong></span> <span class='ocrx_word' id='word_1_497' title='bbox 638 5378 825 5436; x_wconf 87' lang='lat' dir='ltr'><strong>eadem</strong></span> <span class='ocrx_word' id='word_1_498' title='bbox 869 5380 1060 5439; x_wconf 86' lang='lat' dir='ltr'><strong>beatus</strong></span> <span class='ocrx_word' id='word_1_499' title='bbox 1084 5380 1279 5453; x_wconf 75' lang='lat' dir='ltr'><strong>Petrus</strong></span> <span class='ocrx_word' id='word_1_500' title='bbox 1312 5387 1522 5461; x_wconf 83' lang='lat' dir='ltr'><strong>primus</strong></span> <span class='ocrx_word' id='word_1_501' title='bbox 1548 5398 1607 5445; x_wconf 84' lang='lat' dir='ltr'><strong>et</strong></span> <span class='ocrx_word' id='word_1_502' title='bbox 1640 5392 1893 5463; x_wconf 77' lang='lat' dir='ltr'><strong>princeps</strong></span> <span class='ocrx_word' id='word_1_503' title='bbox 1917 5407 2133 5466; x_wconf 71' lang='lat' dir='ltr'><strong>aposto-</strong></span> 
     </span>
    </p>
   </div>
   <div class='ocr_carea' id='block_1_70' title="bbox 548 5470 2133 5563">
    <p class='ocr_par' dir='ltr' id='par_1_70' title="bbox 548 5470 2133 5563">
     <span class='ocr_line' id='line_1_70' title="bbox 548 5470 2133 5563; baseline 0.013 -37"><span class='ocrx_word' id='word_1_504' title='bbox 548 5471 725 5563; x_wconf 89' lang='lat' dir='ltr'><strong>lorum</strong></span> <span class='ocrx_word' id='word_1_505' title='bbox 752 5470 1070 5529; x_wconf 82' lang='lat' dir='ltr'><strong>sententiam</strong></span> <span class='ocrx_word' id='word_1_506' title='bbox 1098 5477 1477 5549; x_wconf 77' lang='lat' dir='ltr'><strong>promulgavit,</strong></span> <span class='ocrx_word' id='word_1_507' title='bbox 1506 5479 1729 5539; x_wconf 78' lang='lat' dir='ltr'><strong>dicens:</strong></span> <span class='ocrx_word' id='word_1_508' title='bbox 1762 5485 2133 5563; x_wconf 65' lang='lat' dir='ltr'><strong>Extorsiqu</strong></span> 
     </span>
    </p>
   </div>
   <div class='ocr_carea' id='block_1_71' title="bbox 547 5562 2133 5638">
    <p class='ocr_par' dir='ltr' id='par_1_71' title="bbox 547 5562 2133 5638">
     <span class='ocr_line' id='line_1_71' title="bbox 547 5562 2133 5638; baseline 0.014 -23"><span class='ocrx_word' id='word_1_509' title='bbox 547 5562 848 5636; x_wconf 74' lang='lat' dir='ltr'><strong>prudentes,</strong></span> <span class='ocrx_word' id='word_1_510' title='bbox 882 5572 933 5617; x_wconf 84' lang='lat' dir='ltr'><strong>et</strong></span> <span class='ocrx_word' id='word_1_511' title='bbox 960 5564 1167 5636; x_wconf 78' lang='lat' dir='ltr'><strong>vigilate</strong></span> <span class='ocrx_word' id='word_1_512' title='bbox 1196 5567 1252 5627; x_wconf 83' lang='lat' dir='ltr'><strong>in</strong></span> <span class='ocrx_word' id='word_1_513' title='bbox 1282 5571 1627 5638; x_wconf 72' lang='lat' dir='ltr'><strong>orationibus,</strong></span> <span class='ocrx_word' id='word_1_514' title='bbox 1668 5586 1790 5637; x_wconf 77' lang='lat' dir='ltr'><strong>ante</strong></span> <span class='ocrx_word' id='word_1_515' title='bbox 1817 5581 1994 5635; x_wconf 81' lang='lat' dir='ltr'><strong>omnia</strong></span> <span class='ocrx_word' id='word_1_516' title='bbox 2014 5562 2133 5638; x_wconf 63' lang='lat' dir='ltr'><strong>ina.</strong></span> 
     </span>
    </p>
   </div>
   <div class='ocr_carea' id='block_1_72' title="bbox 548 5653 2127 5742">
    <p class='ocr_par' dir='ltr' id='par_1_72' title="bbox 548 5653 2127 5742">
     <span class='ocr_line' id='line_1_72' title="bbox 548 5653 2127 5742; baseline 0.013 -33"><span class='ocrx_word' id='word_1_517' title='bbox 548 5661 695 5709; x_wconf 87' lang='lat' dir='ltr'><strong>tuam</strong></span> <span class='ocrx_word' id='word_1_518' title='bbox 720 5655 775 5712; x_wconf 88' lang='lat' dir='ltr'><strong>in</strong></span> <span class='ocrx_word' id='word_1_519' title='bbox 811 5653 1180 5730; x_wconf 71' lang='lat' dir='ltr'><strong>nobismetipsis</strong></span> <span class='ocrx_word' id='word_1_520' title='bbox 1209 5659 1516 5717; x_wconf 78' lang='lat' dir='ltr'><strong>charitatem</strong></span> <span class='ocrx_word' id='word_1_521' title='bbox 1543 5665 1845 5729; x_wconf 72' lang='lat' dir='ltr'><strong>continuam</strong></span> <span class='ocrx_word' id='word_1_522' title='bbox 1862 5670 2127 5742; x_wconf 60' lang='lat' dir='ltr'><strong>habent“,</strong></span> 
     </span>
    </p>
   </div>
   <div class='ocr_carea' id='block_1_73' title="bbox 548 5748 2126 5831">
    <p class='ocr_par' dir='ltr' id='par_1_73' title="bbox 548 5748 2126 5831">
     <span class='ocr_line' id='line_1_73' title="bbox 548 5748 2126 5831; baseline 0.009 -29"><span class='ocrx_word' id='word_1_523' title='bbox 548 5748 677 5819; x_wconf 75' lang='lat' dir='ltr'><strong>quia</strong></span> <span class='ocrx_word' id='word_1_524' title='bbox 704 5749 933 5805; x_wconf 70' lang='lat' dir='ltr'><strong>Charitas</strong></span> <span class='ocrx_word' id='word_1_525' title='bbox 961 5751 1186 5829; x_wconf 67' lang='lat' dir='ltr'><strong>cooperit</strong></span> <span class='ocrx_word' id='word_1_526' title='bbox 1216 5750 1604 5817; x_wconf 78' lang='lat' dir='ltr'><strong>multitudinem</strong></span> <span class='ocrx_word' id='word_1_527' title='bbox 1638 5768 1992 5831; x_wconf 64' lang='lat' dir='ltr'><strong>malum,</strong></span> <span class='ocrx_word' id='word_1_528' title='bbox 2018 5772 2126 5822; x_wconf 62' lang='lat' dir='ltr'><strong>ac.</strong></span> 
     </span>
    </p>
   </div>
   <div class='ocr_carea' id='block_1_74' title="bbox 553 5839 2130 5924">
    <p class='ocr_par' dir='ltr' id='par_1_74' title="bbox 553 5839 2130 5924">
     <span class='ocr_line' id='line_1_74' title="bbox 553 5839 2130 5924; baseline 0.013 -26"><span class='ocrx_word' id='word_1_529' title='bbox 553 5839 747 5898; x_wconf 79' lang='lat' dir='ltr'><strong>Nostra</strong></span> <span class='ocrx_word' id='word_1_530' title='bbox 767 5857 916 5917; x_wconf 77' lang='lat' dir='ltr'><strong>ergo,</strong></span> <span class='ocrx_word' id='word_1_531' title='bbox 944 5844 1002 5900; x_wconf 89' lang='lat' dir='ltr'><strong>ni</strong></span> <span class='ocrx_word' id='word_1_532' title='bbox 1026 5842 1201 5915; x_wconf 78' lang='lat' dir='ltr'><strong>fallor,</strong></span> <span class='ocrx_word' id='word_1_533' title='bbox 1242 5845 1482 5919; x_wconf 75' lang='lat' dir='ltr'><strong>parvitas</strong></span> <span class='ocrx_word' id='word_1_534' title='bbox 1503 5864 1611 5919; x_wconf 77' lang='lat' dir='ltr'><strong>non</strong></span> <span class='ocrx_word' id='word_1_535' title='bbox 1636 5858 1909 5924; x_wconf 76' lang='lat' dir='ltr'><strong>utcunque</strong></span> <span class='ocrx_word' id='word_1_536' title='bbox 1934 5860 2130 5917; x_wconf 57' lang='lat' dir='ltr'><strong>vanas</strong></span> 
     </span>
    </p>
   </div>
   <div class='ocr_carea' id='block_1_75' title="bbox 2154 3218 2207 3289">
    <p class='ocr_par' dir='ltr' id='par_1_75' title="bbox 2154 3218 2207 3289">
     <span class='ocr_line' id='line_1_75' title="bbox 2154 3218 2207 3289; baseline 0 -2"><span class='ocrx_word' id='word_1_537' title='bbox 2154 3218 2207 3289; x_wconf 77' lang='grc' dir='ltr'><strong>ο</strong></span> 
     </span>
    </p>
   </div>
   <div class='ocr_carea' id='block_1_76' title="bbox 2227 1970 3076 2043">
    <p class='ocr_par' dir='ltr' id='par_1_76' title="bbox 2227 1970 3076 2043">
     <span class='ocr_line' id='line_1_76' title="bbox 2227 1970 3076 2043; baseline -0.005 -14"><span class='ocrx_word' id='word_1_538' title='bbox 2227 1971 2506 2043; x_wconf 66' lang='lat' dir='ltr'><strong>dignetur.</strong></span> <span class='ocrx_word' id='word_1_539' title='bbox 2535 1970 2723 2027; x_wconf 72' lang='lat' dir='ltr'><strong>Valete</strong></span> <span class='ocrx_word' id='word_1_540' title='bbox 2742 1971 2798 2025; x_wconf 87' lang='lat' dir='ltr'><strong>in</strong></span> <span class='ocrx_word' id='word_1_541' title='bbox 2826 1971 3076 2028; x_wconf 88' lang='lat' dir='ltr'><strong>Domino.</strong></span> 
     </span>
    </p>
   </div>
   <div class='ocr_carea' id='block_1_77' title="bbox 2685 2061 3355 2121">
    <p class='ocr_par' dir='ltr' id='par_1_77' title="bbox 2685 2061 3355 2121">
     <span class='ocr_line' id='line_1_77' title="bbox 2685 2061 3355 2121; baseline 0 -3"><span class='ocrx_word' id='word_1_542' title='bbox 2685 2061 3155 2119; x_wconf 77' lang='lat' dir='ltr'><strong>EPISTOLA</strong></span> <span class='ocrx_word' id='word_1_543' title='bbox 3199 2063 3355 2121; x_wconf 73' lang='lat' dir='ltr'><strong>XVII.</strong></span> 
     </span>
    </p>
   </div>
   <div class='ocr_carea' id='block_1_78' title="bbox 2760 2122 3842 2575">
    <p class='ocr_par' dir='ltr' id='par_1_78' title="bbox 2760 2171 3286 2213">
     <span class='ocr_line' id='line_1_78' title="bbox 2760 2171 3286 2213; baseline -0.004 -1"><span class='ocrx_word' id='word_1_544' title='bbox 2760 2171 3047 2213; x_wconf 76' lang='lat' dir='ltr'><strong>Iorwnms</strong></span> <span class='ocrx_word' id='word_1_545' title='bbox 3097 2172 3286 2213; x_wconf 77' lang='lat' dir='ltr'><strong>wuo.</strong></span> 
     </span>
    </p>

    <p class='ocr_par' dir='ltr' id='par_1_79' title="bbox 2760 2241 3425 2319">
     <span class='ocr_line' id='line_1_79' title="bbox 2760 2241 3425 2319; baseline -0.005 -18"><span class='ocrx_word' id='word_1_546' title='bbox 2760 2266 2784 2301; x_wconf 87' lang='lat' dir='ltr'><strong>a</strong></span> <span class='ocrx_word' id='word_1_547' title='bbox 2813 2264 3009 2302; x_wconf 84' lang='lat' dir='ltr'><strong>annum</strong></span> <span class='ocrx_word' id='word_1_548' title='bbox 3040 2247 3257 2302; x_wconf 85' lang='lat' dir='ltr'><strong>Domini</strong></span> <span class='ocrx_word' id='word_1_549' title='bbox 3287 2241 3425 2319; x_wconf 81' lang='lat'><strong>756.)</strong></span> 
     </span>
    </p>

    <p class='ocr_par' dir='ltr' id='par_1_80' title="bbox 2760 2333 3703 2489">
     <span class='ocr_line' id='line_1_80' title="bbox 2760 2333 3703 2409; baseline -0.006 -14"><span class='ocrx_word' id='word_1_550' title='bbox 2760 2341 2942 2395; x_wconf 82' lang='lat' dir='ltr'><strong>uitatis</strong></span> <span class='ocrx_word' id='word_1_551' title='bbox 2978 2339 3138 2395; x_wconf 89' lang='lat' dir='ltr'><strong>Lullo</strong></span> <span class='ocrx_word' id='word_1_552' title='bbox 3178 2338 3341 2409; x_wconf 77' lang='lat' dir='ltr'><strong>epiee.</strong></span> <span class='ocrx_word' id='word_1_553' title='bbox 3362 2335 3595 2393; x_wconf 67' lang='lat' dir='ltr'><strong>Botulus</strong></span> <span class='ocrx_word' id='word_1_554' title='bbox 3625 2333 3703 2388; x_wconf 70' lang='grc' dir='ltr'><strong>ιιι</strong></span> 
     </span>
     <span class='ocr_line' id='line_1_81' title="bbox 2760 2431 3119 2489; baseline -0.003 -2"><span class='ocrx_word' id='word_1_555' title='bbox 2760 2431 3119 2489; x_wconf 73' lang='lat' dir='ltr'><strong>stoualutem.</strong></span> 
     </span>
    </p>

    <p class='ocr_par' dir='ltr' id='par_1_81' title="bbox 2760 2516 3706 2575">
     <span class='ocr_line' id='line_1_82' title="bbox 2760 2516 3706 2575; baseline -0.004 0"><span class='ocrx_word' id='word_1_556' title='bbox 2760 2523 2884 2575; x_wconf 80' lang='lat' dir='ltr'><strong>tatis</strong></span> <span class='ocrx_word' id='word_1_557' title='bbox 2906 2530 3032 2575; x_wconf 72' lang='lat' dir='ltr'><strong>tum.</strong></span> <span class='ocrx_word' id='word_1_558' title='bbox 3064 2537 3204 2575; x_wconf 84' lang='lat' dir='ltr'><strong>uuas</strong></span> <span class='ocrx_word' id='word_1_559' title='bbox 3231 2536 3350 2575; x_wconf 83' lang='lat' dir='ltr'><strong>eum</strong></span> <span class='ocrx_word' id='word_1_560' title='bbox 3375 2520 3543 2575; x_wconf 69' lang='lat' dir='ltr'><strong>divina</strong></span> <span class='ocrx_word' id='word_1_561' title='bbox 3560 2516 3706 2575; x_wconf 73' lang='lat' dir='ltr'><strong>pietatis</strong></span> 
     </span>
    </p>
   </div>
   <div class='ocr_carea' id='block_1_79' title="bbox 2606 2241 3425 2320">
    <p class='ocr_par' dir='ltr' id='par_1_82' title="bbox 2606 2241 3425 2320">
     <span class='ocr_line' id='line_1_83' title="bbox 2606 2241 3425 2320; baseline -0.004 -19"><span class='ocrx_word' id='word_1_562' title='bbox 2606 2246 2784 2320; x_wconf 87' lang='lat' dir='ltr'><strong>(Circa</strong></span> <span class='ocrx_word' id='word_1_563' title='bbox 2813 2264 3009 2302; x_wconf 83' lang='lat' dir='ltr'><strong>annum</strong></span> <span class='ocrx_word' id='word_1_564' title='bbox 3040 2247 3257 2302; x_wconf 85' lang='lat' dir='ltr'><strong>Domini</strong></span> <span class='ocrx_word' id='word_1_565' title='bbox 3287 2241 3425 2319; x_wconf 81' lang='lat'><strong>756.)</strong></span> 
     </span>
    </p>
   </div>
   <div class='ocr_carea' id='block_1_80' title="bbox 2299 2333 3703 2412">
    <p class='ocr_par' dir='ltr' id='par_1_83' title="bbox 2299 2333 3703 2412">
     <span class='ocr_line' id='line_1_84' title="bbox 2299 2333 3703 2412; baseline -0.011 -9"><span class='ocrx_word' id='word_1_566' title='bbox 2299 2340 2634 2403; x_wconf 73' lang='lat' dir='ltr'><strong>Veneranda:</strong></span> <span class='ocrx_word' id='word_1_567' title='bbox 2660 2341 2942 2412; x_wconf 78' lang='lat' dir='ltr'><strong>dignitatis</strong></span> <span class='ocrx_word' id='word_1_568' title='bbox 2978 2339 3138 2395; x_wconf 89' lang='lat' dir='ltr'><strong>Lullo</strong></span> <span class='ocrx_word' id='word_1_569' title='bbox 3178 2338 3341 2409; x_wconf 72' lang='lat' dir='ltr'><strong>cpias.</strong></span> <span class='ocrx_word' id='word_1_570' title='bbox 3362 2335 3595 2393; x_wconf 65' lang='lat' dir='ltr'><strong>Botulus</strong></span> <span class='ocrx_word' id='word_1_571' title='bbox 3625 2333 3703 2388; x_wconf 70' lang='grc' dir='ltr'><strong>ιιι</strong></span> 
     </span>
    </p>
   </div>
   <div class='ocr_carea' id='block_1_81' title="bbox 2228 2431 3119 2505">
    <p class='ocr_par' dir='ltr' id='par_1_84' title="bbox 2228 2431 3119 2505">
     <span class='ocr_line' id='line_1_85' title="bbox 2228 2431 3119 2505; baseline -0.004 -15"><span class='ocrx_word' id='word_1_572' title='bbox 2228 2433 2521 2505; x_wconf 84' lang='lat' dir='ltr'><strong>optabilem</strong></span> <span class='ocrx_word' id='word_1_573' title='bbox 2547 2433 2602 2487; x_wconf 92' lang='lat' dir='ltr'><strong>in</strong></span> <span class='ocrx_word' id='word_1_574' title='bbox 2624 2431 2844 2489; x_wconf 80' lang='lat' dir='ltr'><strong>Christo</strong></span> <span class='ocrx_word' id='word_1_575' title='bbox 2860 2431 3119 2489; x_wconf 77' lang='lat' dir='ltr'><strong>salutem.</strong></span> 
     </span>
    </p>
   </div>
   <div class='ocr_carea' id='block_1_82' title="bbox 2298 2516 3706 2593">
    <p class='ocr_par' dir='ltr' id='par_1_85' title="bbox 2298 2516 3706 2593">
     <span class='ocr_line' id='line_1_86' title="bbox 2298 2516 3706 2593; baseline -0.01 -10"><span class='ocrx_word' id='word_1_576' title='bbox 2298 2524 2518 2583; x_wconf 67' lang='lat' dir='ltr'><strong>littera:</strong></span> <span class='ocrx_word' id='word_1_577' title='bbox 2543 2521 2884 2578; x_wconf 82' lang='lat' dir='ltr'><strong>auctoritatis</strong></span> <span class='ocrx_word' id='word_1_578' title='bbox 2906 2530 3032 2588; x_wconf 71' lang='lat' dir='ltr'><strong>tuas,</strong></span> <span class='ocrx_word' id='word_1_579' title='bbox 3064 2537 3204 2593; x_wconf 90' lang='lat' dir='ltr'><strong>quas</strong></span> <span class='ocrx_word' id='word_1_580' title='bbox 3231 2536 3350 2578; x_wconf 86' lang='lat' dir='ltr'><strong>eum</strong></span> <span class='ocrx_word' id='word_1_581' title='bbox 3375 2520 3543 2578; x_wconf 62' lang='lat' dir='ltr'><strong>divinat</strong></span> <span class='ocrx_word' id='word_1_582' title='bbox 3560 2516 3706 2590; x_wconf 80' lang='lat' dir='ltr'><strong>pietatis</strong></span> 
     </span>
    </p>
   </div>
   <div class='ocr_carea' id='block_1_83' title="bbox 2228 2608 3839 2685">
    <p class='ocr_par' dir='ltr' id='par_1_86' title="bbox 2228 2608 3839 2685">
     <span class='ocr_line' id='line_1_87' title="bbox 2228 2608 3839 2685; baseline -0.005 -13"><span class='ocrx_word' id='word_1_583' title='bbox 2228 2614 2409 2676; x_wconf 78' lang='lat' dir='ltr'><strong>studio</strong></span> <span class='ocrx_word' id='word_1_584' title='bbox 2428 2629 2602 2685; x_wconf 76' lang='lat' dir='ltr'><strong>usque</strong></span> <span class='ocrx_word' id='word_1_585' title='bbox 2620 2614 2690 2672; x_wconf 85' lang='lat' dir='ltr'><strong>ad</strong></span> <span class='ocrx_word' id='word_1_586' title='bbox 2710 2630 2811 2671; x_wconf 88' lang='lat' dir='ltr'><strong>nos</strong></span> <span class='ocrx_word' id='word_1_587' title='bbox 2829 2614 3101 2681; x_wconf 68' lang='lat' dir='ltr'><strong>direxisti,</strong></span> <span class='ocrx_word' id='word_1_588' title='bbox 3119 2608 3705 2675; x_wconf 69' lang='lat' dir='ltr'><strong>lustiﬁcaveruntmevaide,</strong></span> <span class='ocrx_word' id='word_1_589' title='bbox 3838 2608 3839 2685; x_wconf 49' lang='grc' dir='ltr'>ᾖ</span> 
     </span>
    </p>
   </div>
   <div class='ocr_carea' id='block_1_84' title="bbox 2228 2704 3708 2781">
    <p class='ocr_par' dir='ltr' id='par_1_87' title="bbox 2228 2704 3708 2781">
     <span class='ocr_line' id='line_1_88' title="bbox 2228 2704 3708 2781; baseline -0.01 -13"><span class='ocrx_word' id='word_1_590' title='bbox 2228 2710 2358 2781; x_wconf 81' lang='lat' dir='ltr'><strong>quia</strong></span> <span class='ocrx_word' id='word_1_591' title='bbox 2399 2717 2487 2775; x_wconf 84' lang='lat' dir='ltr'><strong>tu,</strong></span> <span class='ocrx_word' id='word_1_592' title='bbox 2528 2708 2701 2765; x_wconf 81' lang='lat' dir='ltr'><strong>imbre</strong></span> <span class='ocrx_word' id='word_1_593' title='bbox 2739 2706 2979 2762; x_wconf 75' lang='lat' dir='ltr'><strong>omlestis</strong></span> <span class='ocrx_word' id='word_1_594' title='bbox 3012 2707 3159 2762; x_wconf 86' lang='lat' dir='ltr'><strong>roris</strong></span> <span class='ocrx_word' id='word_1_595' title='bbox 3188 2707 3409 2773; x_wconf 77' lang='lat' dir='ltr'><strong>illectus,</strong></span> <span class='ocrx_word' id='word_1_596' title='bbox 3444 2704 3708 2759; x_wconf 82' lang='lat' dir='ltr'><strong>ultimommc</strong></span> 
     </span>
    </p>
   </div>
   <div class='ocr_carea' id='block_1_85' title="bbox 2228 2789 3708 2866">
    <p class='ocr_par' dir='ltr' id='par_1_88' title="bbox 2228 2789 3708 2866">
     <span class='ocr_line' id='line_1_89' title="bbox 2228 2789 3708 2866; baseline -0.008 -9"><span class='ocrx_word' id='word_1_597' title='bbox 2228 2799 2608 2860; x_wconf 79' lang='lat' dir='ltr'><strong>servunculum</strong></span> <span class='ocrx_word' id='word_1_598' title='bbox 2633 2814 2915 2855; x_wconf 79' lang='lat' dir='ltr'><strong>servorum</strong></span> <span class='ocrx_word' id='word_1_599' title='bbox 2948 2798 3048 2853; x_wconf 80' lang='lat' dir='ltr'><strong>Dei</strong></span> <span class='ocrx_word' id='word_1_600' title='bbox 3081 2814 3203 2855; x_wconf 85' lang='lat' dir='ltr'><strong>cum</strong></span> <span class='ocrx_word' id='word_1_601' title='bbox 3237 2808 3343 2854; x_wconf 84' lang='lat' dir='ltr'><strong>tam</strong></span> <span class='ocrx_word' id='word_1_602' title='bbox 3371 2810 3538 2866; x_wconf 78' lang='lat' dir='ltr'><strong>magna</strong></span> <span class='ocrx_word' id='word_1_603' title='bbox 3562 2793 3637 2848; x_wconf 83' lang='lat' dir='ltr'><strong>ﬁde</strong></span> <span class='ocrx_word' id='word_1_604' title='bbox 3654 2789 3708 2845; x_wconf 84' lang='lat' dir='ltr'><strong>di-</strong></span> 
     </span>
    </p>
   </div>
   <div class='ocr_carea' id='block_1_86' title="bbox 2226 2886 3709 2966">
    <p class='ocr_par' dir='ltr' id='par_1_89' title="bbox 2226 2886 3709 2966">
     <span class='ocr_line' id='line_1_90' title="bbox 2226 2886 3709 2966; baseline -0.007 -17"><span class='ocrx_word' id='word_1_605' title='bbox 2226 2893 2338 2951; x_wconf 88' lang='lat' dir='ltr'><strong>vini</strong></span> <span class='ocrx_word' id='word_1_606' title='bbox 2365 2892 2587 2959; x_wconf 84' lang='lat' dir='ltr'><strong>amoris,</strong></span> <span class='ocrx_word' id='word_1_607' title='bbox 2614 2891 3016 2963; x_wconf 71' lang='lat' dir='ltr'><strong>emanat-ineque</strong></span> <span class='ocrx_word' id='word_1_608' title='bbox 3044 2893 3325 2966; x_wconf 79' lang='lat' dir='ltr'><strong>dignitatis</strong></span> <span class='ocrx_word' id='word_1_609' title='bbox 3350 2905 3543 2947; x_wconf 87' lang='lat' dir='ltr'><strong>munere</strong></span> <span class='ocrx_word' id='word_1_610' title='bbox 3560 2886 3709 2943; x_wconf 80' lang='lat' dir='ltr'><strong>visitare</strong></span> 
     </span>
    </p>
   </div>
   <div class='ocr_carea' id='block_1_87' title="bbox 2229 2978 3708 3063">
    <p class='ocr_par' dir='ltr' id='par_1_90' title="bbox 2229 2978 3708 3063">
     <span class='ocr_line' id='line_1_91' title="bbox 2229 2978 3708 3063; baseline -0.007 -19"><span class='ocrx_word' id='word_1_611' title='bbox 2229 2986 2480 3058; x_wconf 75' lang='lat' dir='ltr'><strong>dignatus</strong></span> <span class='ocrx_word' id='word_1_612' title='bbox 2502 2985 2675 3041; x_wconf 85' lang='lat' dir='ltr'><strong>fuisti.</strong></span> <span class='ocrx_word' id='word_1_613' title='bbox 2704 2985 2923 3042; x_wconf 82' lang='lat' dir='ltr'><strong>Gratias</strong></span> <span class='ocrx_word' id='word_1_614' title='bbox 2952 2998 3055 3058; x_wconf 79' lang='lat' dir='ltr'><strong>ago</strong></span> <span class='ocrx_word' id='word_1_615' title='bbox 3080 2987 3213 3053; x_wconf 89' lang='lat' dir='ltr'><strong>Deo,</strong></span> <span class='ocrx_word' id='word_1_616' title='bbox 3234 2996 3430 3063; x_wconf 89' lang='lat' dir='ltr'><strong>petens,</strong></span> <span class='ocrx_word' id='word_1_617' title='bbox 3452 2996 3553 3039; x_wconf 85' lang='lat' dir='ltr'><strong>cum</strong></span> <span class='ocrx_word' id='word_1_618' title='bbox 3573 2978 3708 3036; x_wconf 69' lang='lat' dir='ltr'><strong>intima</strong></span> 
     </span>
    </p>
   </div>
   <div class='ocr_carea' id='block_1_88' title="bbox 2229 3069 3710 3147">
    <p class='ocr_par' dir='ltr' id='par_1_91' title="bbox 2229 3069 3710 3147">
     <span class='ocr_line' id='line_1_92' title="bbox 2229 3069 3710 3147; baseline -0.006 -13"><span class='ocrx_word' id='word_1_619' title='bbox 2229 3076 2513 3135; x_wconf 80' lang='lat' dir='ltr'><strong>ebaritatis</strong></span> <span class='ocrx_word' id='word_1_620' title='bbox 2530 3076 2817 3145; x_wconf 79' lang='lat' dir='ltr'><strong>desiderio,</strong></span> <span class='ocrx_word' id='word_1_621' title='bbox 2857 3084 2920 3133; x_wconf 88' lang='lat' dir='ltr'><strong>ut</strong></span> <span class='ocrx_word' id='word_1_622' title='bbox 2944 3077 3089 3134; x_wconf 72' lang='lat' dir='ltr'><strong>(idus</strong></span> <span class='ocrx_word' id='word_1_623' title='bbox 3122 3077 3300 3134; x_wconf 81' lang='lat' dir='ltr'><strong>fautor</strong></span> <span class='ocrx_word' id='word_1_624' title='bbox 3319 3075 3440 3133; x_wconf 86' lang='lat' dir='ltr'><strong>mihi</strong></span> <span class='ocrx_word' id='word_1_625' title='bbox 3462 3088 3544 3147; x_wconf 85' lang='lat' dir='ltr'><strong>per</strong></span> <span class='ocrx_word' id='word_1_626' title='bbox 3565 3069 3710 3128; x_wconf 77' lang='lat' dir='ltr'><strong>celsitu-</strong></span> 
     </span>
    </p>
   </div>
   <div class='ocr_carea' id='block_1_89' title="bbox 2236 3159 3711 3230">
    <p class='ocr_par' dir='ltr' id='par_1_92' title="bbox 2236 3159 3711 3230">
     <span class='ocr_line' id='line_1_93' title="bbox 2236 3159 3711 3230; baseline -0.001 -3"><span class='ocrx_word' id='word_1_627' title='bbox 2236 3169 2420 3227; x_wconf 88' lang='lat' dir='ltr'><strong>dinem</strong></span> <span class='ocrx_word' id='word_1_628' title='bbox 2438 3170 2744 3228; x_wconf 82' lang='lat' dir='ltr'><strong>sanctitatis</strong></span> <span class='ocrx_word' id='word_1_629' title='bbox 2771 3179 2877 3227; x_wconf 77' lang='lat' dir='ltr'><strong>tum</strong></span> <span class='ocrx_word' id='word_1_630' title='bbox 2902 3186 3092 3229; x_wconf 88' lang='lat' dir='ltr'><strong>coram</strong></span> <span class='ocrx_word' id='word_1_631' title='bbox 3116 3170 3332 3230; x_wconf 87' lang='lat' dir='ltr'><strong>Christo</strong></span> <span class='ocrx_word' id='word_1_632' title='bbox 3356 3169 3471 3226; x_wconf 86' lang='lat' dir='ltr'><strong>Jesu</strong></span> <span class='ocrx_word' id='word_1_633' title='bbox 3492 3167 3657 3226; x_wconf 61' lang='lat' dir='ltr'><strong>cristas,</strong></span> <span class='ocrx_word' id='word_1_634' title='bbox 3675 3159 3711 3214; x_wconf 72' lang='lat' dir='ltr'><strong>in</strong></span> 
     </span>
    </p>
   </div>
   <div class='ocr_carea' id='block_1_90' title="bbox 2236 3254 3713 3333">
    <p class='ocr_par' dir='ltr' id='par_1_93' title="bbox 2236 3254 3713 3333">
     <span class='ocr_line' id='line_1_94' title="bbox 2236 3254 3713 3333; baseline -0.003 -15"><span class='ocrx_word' id='word_1_635' title='bbox 2236 3262 2450 3333; x_wconf 81' lang='lat' dir='ltr'><strong>istoque</strong></span> <span class='ocrx_word' id='word_1_636' title='bbox 2494 3263 2694 3322; x_wconf 61' lang='lat' dir='ltr'><strong>saturio</strong></span> <span class='ocrx_word' id='word_1_637' title='bbox 2726 3254 2919 3320; x_wconf 76' lang='lat' dir='ltr'><strong>serena</strong></span> <span class='ocrx_word' id='word_1_638' title='bbox 2955 3273 3141 3321; x_wconf 81' lang='lat' dir='ltr'><strong>mente</strong></span> <span class='ocrx_word' id='word_1_639' title='bbox 3186 3264 3404 3329; x_wconf 84' lang='lat' dir='ltr'><strong>amicus,</strong></span> <span class='ocrx_word' id='word_1_640' title='bbox 3444 3261 3485 3316; x_wconf 85' lang='lat' dir='ltr'><strong>si</strong></span> <span class='ocrx_word' id='word_1_641' title='bbox 3507 3263 3640 3315; x_wconf 82' lang='lat' dir='ltr'><strong>rector</strong></span> <span class='ocrx_word' id='word_1_642' title='bbox 3659 3266 3713 3306; x_wconf 74' lang='lat' dir='ltr'><strong>re-</strong></span> 
     </span>
    </p>
   </div>
   <div class='ocr_carea' id='block_1_91' title="bbox 2233 3351 3716 3435">
    <p class='ocr_par' dir='ltr' id='par_1_94' title="bbox 2233 3351 3716 3435">
     <span class='ocr_line' id='line_1_95' title="bbox 2233 3351 3716 3435; baseline -0.004 -24"><span class='ocrx_word' id='word_1_643' title='bbox 2233 3370 2356 3411; x_wconf 79' lang='lat' dir='ltr'><strong>rum</strong></span> <span class='ocrx_word' id='word_1_644' title='bbox 2388 3356 2630 3411; x_wconf 85' lang='lat' dir='ltr'><strong>omnium</strong></span> <span class='ocrx_word' id='word_1_645' title='bbox 2658 3356 2817 3412; x_wconf 85' lang='lat' dir='ltr'><strong>istius</strong></span> <span class='ocrx_word' id='word_1_646' title='bbox 2844 3357 2971 3435; x_wconf 70' lang='lat' dir='ltr'><strong>vitae</strong></span> <span class='ocrx_word' id='word_1_647' title='bbox 2995 3357 3053 3412; x_wconf 91' lang='lat' dir='ltr'><strong>in</strong></span> <span class='ocrx_word' id='word_1_648' title='bbox 3078 3358 3274 3415; x_wconf 87' lang='lat' dir='ltr'><strong>itinere</strong></span> <span class='ocrx_word' id='word_1_649' title='bbox 3307 3372 3390 3413; x_wconf 90' lang='lat' dir='ltr'><strong>me</strong></span> <span class='ocrx_word' id='word_1_650' title='bbox 3412 3351 3589 3425; x_wconf 73' lang='lat' dir='ltr'><strong>longius</strong></span> <span class='ocrx_word' id='word_1_651' title='bbox 3610 3358 3716 3418; x_wconf 69' lang='lat' dir='ltr'><strong>super</strong></span> 
     </span>
    </p>
   </div>
   <div class='ocr_carea' id='block_1_92' title="bbox 2234 3447 3713 3522">
    <p class='ocr_par' dir='ltr' id='par_1_95' title="bbox 2234 3447 3713 3522">
     <span class='ocr_line' id='line_1_96' title="bbox 2234 3447 3713 3522; baseline 0.003 -18"><span class='ocrx_word' id='word_1_652' title='bbox 2234 3456 2290 3504; x_wconf 89' lang='lat' dir='ltr'><strong>te</strong></span> <span class='ocrx_word' id='word_1_653' title='bbox 2317 3449 2515 3504; x_wconf 86' lang='lat' dir='ltr'><strong>sudare</strong></span> <span class='ocrx_word' id='word_1_654' title='bbox 2547 3447 2825 3518; x_wconf 86' lang='lat' dir='ltr'><strong>dijudicat,</strong></span> <span class='ocrx_word' id='word_1_655' title='bbox 2855 3450 3009 3521; x_wconf 91' lang='lat' dir='ltr'><strong>ploro</strong></span> <span class='ocrx_word' id='word_1_656' title='bbox 3034 3448 3399 3508; x_wconf 87' lang='lat' dir='ltr'><strong>indesinenter</strong></span> <span class='ocrx_word' id='word_1_657' title='bbox 3417 3459 3614 3522; x_wconf 59' lang='lat' dir='ltr'><strong>precatus,</strong></span> <span class='ocrx_word' id='word_1_658' title='bbox 3634 3453 3713 3495; x_wconf 67' lang='grc' dir='ltr'>θείω</span> 
     </span>
    </p>
   </div>
   <div class='ocr_carea' id='block_1_93' title="bbox 2234 3528 3714 3613">
    <p class='ocr_par' dir='ltr' id='par_1_96' title="bbox 2234 3528 3714 3613">
     <span class='ocr_line' id='line_1_97' title="bbox 2234 3528 3714 3613; baseline -0.004 -18"><span class='ocrx_word' id='word_1_659' title='bbox 2234 3539 2382 3595; x_wconf 87' lang='lat' dir='ltr'><strong>omni</strong></span> <span class='ocrx_word' id='word_1_660' title='bbox 2420 3548 2638 3595; x_wconf 76' lang='lat' dir='ltr'><strong>caterva</strong></span> <span class='ocrx_word' id='word_1_661' title='bbox 2664 3554 2786 3613; x_wconf 81' lang='lat' dir='ltr'><strong>quae</strong></span> <span class='ocrx_word' id='word_1_662' title='bbox 2825 3541 3043 3599; x_wconf 84' lang='lat' dir='ltr'><strong>Christo</strong></span> <span class='ocrx_word' id='word_1_663' title='bbox 3078 3543 3306 3601; x_wconf 83' lang='lat' dir='ltr'><strong>Domino</strong></span> <span class='ocrx_word' id='word_1_664' title='bbox 3347 3541 3439 3598; x_wconf 90' lang='lat' dir='ltr'><strong>sub</strong></span> <span class='ocrx_word' id='word_1_665' title='bbox 3476 3552 3570 3594; x_wconf 80' lang='lat' dir='ltr'><strong>mea</strong></span> <span class='ocrx_word' id='word_1_666' title='bbox 3590 3528 3714 3589; x_wconf 61' lang='lat' dir='ltr'><strong>condi</strong></span> 
     </span>
    </p>
   </div>
   <div class='ocr_carea' id='block_1_94' title="bbox 2234 3623 3714 3699">
    <p class='ocr_par' dir='ltr' id='par_1_97' title="bbox 2234 3623 3714 3699">
     <span class='ocr_line' id='line_1_98' title="bbox 2234 3623 3714 3699; baseline -0.005 -14"><span class='ocrx_word' id='word_1_667' title='bbox 2234 3631 2382 3687; x_wconf 89' lang='lat' dir='ltr'><strong>tione</strong></span> <span class='ocrx_word' id='word_1_668' title='bbox 2427 3632 2690 3699; x_wconf 87' lang='lat' dir='ltr'><strong>deservit,</strong></span> <span class='ocrx_word' id='word_1_669' title='bbox 2743 3633 2939 3689; x_wconf 72' lang='lat' dir='ltr'><strong>divina:</strong></span> <span class='ocrx_word' id='word_1_670' title='bbox 2976 3635 3359 3692; x_wconf 66' lang='lat' dir='ltr'><strong>misericordiae</strong></span> <span class='ocrx_word' id='word_1_671' title='bbox 3398 3630 3559 3689; x_wconf 86' lang='lat' dir='ltr'><strong>solatia</strong></span> <span class='ocrx_word' id='word_1_672' title='bbox 3588 3623 3714 3680; x_wconf 64' lang='lat' dir='ltr'><strong>anima</strong></span> 
     </span>
    </p>
   </div>
   <div class='ocr_carea' id='block_1_95' title="bbox 2232 3724 3712 3796">
    <p class='ocr_par' dir='ltr' id='par_1_98' title="bbox 2232 3724 3712 3796">
     <span class='ocr_line' id='line_1_99' title="bbox 2232 3724 3712 3796; baseline -0.001 -18"><span class='ocrx_word' id='word_1_673' title='bbox 2232 3730 2340 3779; x_wconf 77' lang='lat' dir='ltr'><strong>tuae</strong></span> <span class='ocrx_word' id='word_1_674' title='bbox 2385 3724 2604 3796; x_wconf 73' lang='lat' dir='ltr'><strong>largiri,</strong></span> <span class='ocrx_word' id='word_1_675' title='bbox 2643 3733 2704 3780; x_wconf 88' lang='lat' dir='ltr'><strong>ut</strong></span> <span class='ocrx_word' id='word_1_676' title='bbox 2730 3732 2786 3781; x_wconf 92' lang='lat' dir='ltr'><strong>tu</strong></span> <span class='ocrx_word' id='word_1_677' title='bbox 2825 3727 2985 3782; x_wconf 89' lang='lat' dir='ltr'><strong>simili</strong></span> <span class='ocrx_word' id='word_1_678' title='bbox 3028 3730 3190 3786; x_wconf 87' lang='lat' dir='ltr'><strong>modo</strong></span> <span class='ocrx_word' id='word_1_679' title='bbox 3220 3727 3541 3785; x_wconf 85' lang='lat' dir='ltr'><strong>ecclesiarum</strong></span> <span class='ocrx_word' id='word_1_680' title='bbox 3570 3726 3712 3773; x_wconf 75' lang='lat' dir='ltr'><strong>tuarum</strong></span> 
     </span>
    </p>
   </div>
   <div class='ocr_carea' id='block_1_96' title="bbox 2234 3806 3713 3894">
    <p class='ocr_par' dir='ltr' id='par_1_99' title="bbox 2234 3806 3713 3894">
     <span class='ocr_line' id='line_1_100' title="bbox 2234 3806 3713 3894; baseline -0.002 -22"><span class='ocrx_word' id='word_1_681' title='bbox 2234 3817 2474 3873; x_wconf 87' lang='lat' dir='ltr'><strong>subsidia</strong></span> <span class='ocrx_word' id='word_1_682' title='bbox 2495 3819 2628 3873; x_wconf 84' lang='lat' dir='ltr'><strong>mihi</strong></span> <span class='ocrx_word' id='word_1_683' title='bbox 2656 3829 2916 3890; x_wconf 71' lang='lat' dir='ltr'><strong>praestare</strong></span> <span class='ocrx_word' id='word_1_684' title='bbox 2944 3820 3205 3894; x_wconf 82' lang='lat' dir='ltr'><strong>digneris.</strong></span> <span class='ocrx_word' id='word_1_685' title='bbox 3232 3810 3356 3878; x_wconf 58' lang='lat' dir='ltr'><strong>Haec</strong></span> <span class='ocrx_word' id='word_1_686' title='bbox 3377 3829 3557 3891; x_wconf 88' lang='lat' dir='ltr'><strong>quoque</strong></span> <span class='ocrx_word' id='word_1_687' title='bbox 3574 3806 3713 3867; x_wconf 72' lang='grc' dir='ltr'><strong>ωοάἱαιι</strong></span> 
     </span>
    </p>
   </div>
   <div class='ocr_carea' id='block_1_97' title="bbox 2233 3900 3714 3977">
    <p class='ocr_par' dir='ltr' id='par_1_100' title="bbox 2233 3900 3714 3977">
     <span class='ocr_line' id='line_1_101' title="bbox 2233 3900 3714 3977; baseline -0.001 -13"><span class='ocrx_word' id='word_1_688' title='bbox 2233 3910 2555 3965; x_wconf 85' lang='lat' dir='ltr'><strong>munuscula</strong></span> <span class='ocrx_word' id='word_1_689' title='bbox 2578 3952 2592 3976; x_wconf 94' lang='lat'><strong>,</strong></span> <span class='ocrx_word' id='word_1_690' title='bbox 2628 3910 2683 3965; x_wconf 91' lang='lat' dir='ltr'><strong>id</strong></span> <span class='ocrx_word' id='word_1_691' title='bbox 2706 3920 2822 3977; x_wconf 87' lang='lat' dir='ltr'><strong>est,</strong></span> <span class='ocrx_word' id='word_1_692' title='bbox 2872 3929 2936 3968; x_wconf 89' lang='grc' dir='ltr'><strong>ιιι</strong></span> <span class='ocrx_word' id='word_1_693' title='bbox 2973 3913 3222 3970; x_wconf 88' lang='lat' dir='ltr'><strong>lacernas</strong></span> <span class='ocrx_word' id='word_1_694' title='bbox 3262 3911 3475 3970; x_wconf 88' lang='lat' dir='ltr'><strong>almitati</strong></span> <span class='ocrx_word' id='word_1_695' title='bbox 3497 3915 3581 3964; x_wconf 65' lang='lat' dir='ltr'><strong>tum</strong></span> <span class='ocrx_word' id='word_1_696' title='bbox 3614 3900 3714 3957; x_wconf 78' lang='grc' dir='ltr'><strong>ωἰῑω</strong></span> 
     </span>
    </p>
   </div>
   <div class='ocr_carea' id='block_1_98' title="bbox 2233 4003 2913 4073">
    <p class='ocr_par' dir='ltr' id='par_1_101' title="bbox 2233 4003 2913 4073">
     <span class='ocr_line' id='line_1_102' title="bbox 2233 4003 2913 4073; baseline 0 -16"><span class='ocrx_word' id='word_1_697' title='bbox 2233 4009 2427 4073; x_wconf 87' lang='lat' dir='ltr'><strong>optans</strong></span> <span class='ocrx_word' id='word_1_698' title='bbox 2453 4009 2512 4058; x_wconf 90' lang='lat' dir='ltr'><strong>ut</strong></span> <span class='ocrx_word' id='word_1_699' title='bbox 2537 4010 2759 4073; x_wconf 80' lang='lat' dir='ltr'><strong>accepta</strong></span> <span class='ocrx_word' id='word_1_700' title='bbox 2788 4003 2913 4057; x_wconf 86' lang='lat' dir='ltr'><strong>sint.</strong></span> 
     </span>
    </p>
   </div>
   <div class='ocr_carea' id='block_1_99' title="bbox 2756 4093 3306 4154">
    <p class='ocr_par' dir='ltr' id='par_1_102' title="bbox 2756 4093 3306 4154">
     <span class='ocr_line' id='line_1_103' title="bbox 2756 4093 3306 4154; baseline 0.007 -4"><span class='ocrx_word' id='word_1_701' title='bbox 2756 4093 3090 4151; x_wconf 83' lang='lat' dir='ltr'><strong>EPISTOLA</strong></span> <span class='ocrx_word' id='word_1_702' title='bbox 3120 4097 3306 4154; x_wconf 65' lang='lat' dir='ltr'><strong>XVIII.</strong></span> 
     </span>
    </p>
   </div>
   <div class='ocr_carea' id='block_1_100' title="bbox 2748 4202 3292 4245">
    <p class='ocr_par' dir='ltr' id='par_1_103' title="bbox 2748 4202 3292 4245">
     <span class='ocr_line' id='line_1_104' title="bbox 2748 4202 3292 4245; baseline -0.002 -2"><span class='ocrx_word' id='word_1_703' title='bbox 2748 4202 3064 4244; x_wconf 76' lang='lat' dir='ltr'><strong>WICBERTUS</strong></span> <span class='ocrx_word' id='word_1_704' title='bbox 3101 4205 3292 4245; x_wconf 82' lang='lat' dir='ltr'><strong>LULLO.</strong></span> 
     </span>
    </p>
   </div>
   <div class='ocr_carea' id='block_1_101' title="bbox 2611 4270 3420 4355">
    <p class='ocr_par' dir='ltr' id='par_1_104' title="bbox 2611 4270 3420 4355">
     <span class='ocr_line' id='line_1_105' title="bbox 2611 4270 3420 4355; baseline -0.005 -16"><span class='ocrx_word' id='word_1_705' title='bbox 2611 4282 2788 4355; x_wconf 79' lang='lat' dir='ltr'><strong>(Circa</strong></span> <span class='ocrx_word' id='word_1_706' title='bbox 2817 4300 3014 4339; x_wconf 84' lang='lat' dir='ltr'><strong>annum</strong></span> <span class='ocrx_word' id='word_1_707' title='bbox 3043 4284 3258 4339; x_wconf 86' lang='lat' dir='ltr'><strong>Domini</strong></span> <span class='ocrx_word' id='word_1_708' title='bbox 3280 4270 3420 4353; x_wconf 80' lang='lat'><strong>756.)</strong></span> 
     </span>
    </p>
   </div>
   <div class='ocr_carea' id='block_1_102' title="bbox 2305 4357 3713 4446">
    <p class='ocr_par' dir='ltr' id='par_1_105' title="bbox 2305 4357 3713 4446">
     <span class='ocr_line' id='line_1_106' title="bbox 2305 4357 3713 4446; baseline -0.015 -15"><span class='ocrx_word' id='word_1_709' title='bbox 2305 4374 2662 4431; x_wconf 88' lang='lat' dir='ltr'><strong>Sanctissimo</strong></span> <span class='ocrx_word' id='word_1_710' title='bbox 2686 4383 2743 4431; x_wconf 89' lang='lat' dir='ltr'><strong>et</strong></span> <span class='ocrx_word' id='word_1_711' title='bbox 2775 4391 2806 4430; x_wconf 92' lang='lat' dir='ltr'><strong>a</strong></span> <span class='ocrx_word' id='word_1_712' title='bbox 2834 4376 2944 4431; x_wconf 89' lang='lat' dir='ltr'><strong>Deo</strong></span> <span class='ocrx_word' id='word_1_713' title='bbox 2984 4391 3200 4446; x_wconf 88' lang='lat' dir='ltr'><strong>semper</strong></span> <span class='ocrx_word' id='word_1_714' title='bbox 3232 4363 3526 4431; x_wconf 81' lang='lat' dir='ltr'><strong>conservato</strong></span> <span class='ocrx_word' id='word_1_715' title='bbox 3560 4357 3713 4419; x_wconf 83' lang='lat' dir='ltr'><strong>Domino</strong></span> 
     </span>
    </p>
   </div>
   <div class='ocr_carea' id='block_1_103' title="bbox 2231 4449 3713 4539">
    <p class='ocr_par' dir='ltr' id='par_1_106' title="bbox 2231 4449 3713 4539">
     <span class='ocr_line' id='line_1_107' title="bbox 2231 4449 3713 4539; baseline -0.009 -15"><span class='ocrx_word' id='word_1_716' title='bbox 2231 4468 2386 4524; x_wconf 89' lang='lat' dir='ltr'><strong>Lullo</strong></span> <span class='ocrx_word' id='word_1_717' title='bbox 2437 4470 2689 4539; x_wconf 73' lang='lat' dir='ltr'><strong>episcopo</strong></span> <span class='ocrx_word' id='word_1_718' title='bbox 2732 4468 3045 4525; x_wconf 79' lang='lat' dir='ltr'><strong>Wicbertus</strong></span> <span class='ocrx_word' id='word_1_719' title='bbox 3067 4512 3081 4535; x_wconf 91' lang='lat'><strong>,</strong></span> <span class='ocrx_word' id='word_1_720' title='bbox 3133 4485 3321 4526; x_wconf 84' lang='lat' dir='ltr'><strong>servus</strong></span> <span class='ocrx_word' id='word_1_721' title='bbox 3369 4474 3602 4523; x_wconf 83' lang='lat' dir='ltr'><strong>servorum</strong></span> <span class='ocrx_word' id='word_1_722' title='bbox 3641 4449 3713 4511; x_wconf 61' lang='lat' dir='ltr'><strong>Dei.</strong></span> 
     </span>
    </p>
   </div>
   <div class='ocr_carea' id='block_1_104' title="bbox 2235 4627 3715 4725">
    <p class='ocr_par' dir='ltr' id='par_1_107' title="bbox 2235 4627 3715 4725">
     <span class='ocr_line' id='line_1_108' title="bbox 2235 4627 3715 4725; baseline -0.028 5"><span class='ocrx_word' id='word_1_723' title='bbox 2235 4627 2550 4725; x_wconf 36' lang='lat' dir='ltr'><strong>(Deus-3°“)</strong></span> <span class='ocrx_word' id='word_1_724' title='bbox 2598 4627 2738 4706; x_wconf 57' lang='lat' dir='ltr'><strong>bene</strong></span> <span class='ocrx_word' id='word_1_725' title='bbox 2764 4652 2990 4721; x_wconf 87' lang='lat' dir='ltr'><strong>cupiens</strong></span> <span class='ocrx_word' id='word_1_726' title='bbox 3026 4659 3082 4707; x_wconf 91' lang='lat' dir='ltr'><strong>et</strong></span> <span class='ocrx_word' id='word_1_727' title='bbox 3108 4650 3285 4706; x_wconf 82' lang='lat' dir='ltr'><strong>ﬁdelis</strong></span> <span class='ocrx_word' id='word_1_728' title='bbox 3315 4649 3366 4704; x_wconf 86' lang='lat' dir='ltr'><strong>in</strong></span> <span class='ocrx_word' id='word_1_729' title='bbox 3395 4639 3579 4701; x_wconf 85' lang='lat' dir='ltr'><strong>vinculo</strong></span> <span class='ocrx_word' id='word_1_730' title='bbox 3597 4627 3715 4690; x_wconf 78' lang='lat' dir='ltr'><strong>chari—</strong></span> 
     </span>
    </p>
   </div>
   <div class='ocr_carea' id='block_1_105' title="bbox 2234 4744 2695 4816">
    <p class='ocr_par' dir='ltr' id='par_1_108' title="bbox 2234 4744 2695 4816">
     <span class='ocr_line' id='line_1_109' title="bbox 2234 4744 2695 4816; baseline -0.004 -17"><span class='ocrx_word' id='word_1_731' title='bbox 2234 4745 2365 4800; x_wconf 80' lang='lat' dir='ltr'><strong>tatis</strong></span> <span class='ocrx_word' id='word_1_732' title='bbox 2390 4744 2695 4816; x_wconf 81' lang='lat' dir='ltr'><strong>colligatus.</strong></span> 
     </span>
    </p>
   </div>
   <div class='ocr_carea' id='block_1_106' title="bbox 2305 4827 3716 4912">
    <p class='ocr_par' dir='ltr' id='par_1_109' title="bbox 2305 4827 3716 4912">
     <span class='ocr_line' id='line_1_110' title="bbox 2305 4827 3716 4912; baseline -0.01 -17"><span class='ocrx_word' id='word_1_733' title='bbox 2305 4839 2565 4912; x_wconf 78' lang='lat' dir='ltr'><strong>Suscepta</strong></span> <span class='ocrx_word' id='word_1_734' title='bbox 2590 4846 2771 4895; x_wconf 85' lang='lat' dir='ltr'><strong>vestra</strong></span> <span class='ocrx_word' id='word_1_735' title='bbox 2793 4838 3068 4907; x_wconf 88' lang='lat' dir='ltr'><strong>alimonia,</strong></span> <span class='ocrx_word' id='word_1_736' title='bbox 3099 4845 3284 4895; x_wconf 86' lang='lat' dir='ltr'><strong>sancta</strong></span> <span class='ocrx_word' id='word_1_737' title='bbox 3305 4839 3481 4891; x_wconf 88' lang='lat' dir='ltr'><strong>cuncta</strong></span> <span class='ocrx_word' id='word_1_738' title='bbox 3506 4827 3716 4912; x_wconf 48' lang='lat' dir='ltr'><strong>ocngfegi‘</strong></span> 
     </span>
    </p>
   </div>
   <div class='ocr_carea' id='block_1_107' title="bbox 2234 4904 3716 5012">
    <p class='ocr_par' dir='ltr' id='par_1_110' title="bbox 2234 4904 3716 5012">
     <span class='ocr_line' id='line_1_111' title="bbox 2234 4904 3716 5012; baseline -0.016 -23"><span class='ocrx_word' id='word_1_739' title='bbox 2234 4933 2312 4988; x_wconf 81' lang='lat' dir='ltr'><strong>tie</strong></span> <span class='ocrx_word' id='word_1_740' title='bbox 2337 4933 2729 4988; x_wconf 86' lang='lat' dir='ltr'><strong>monachorum</strong></span> <span class='ocrx_word' id='word_1_741' title='bbox 2754 4937 3066 4988; x_wconf 87' lang='lat' dir='ltr'><strong>nostrorum</strong></span> <span class='ocrx_word' id='word_1_742' title='bbox 3085 4946 3186 5002; x_wconf 93' lang='lat' dir='ltr'><strong>pro</strong></span> <span class='ocrx_word' id='word_1_743' title='bbox 3218 4930 3367 4987; x_wconf 85' lang='lat' dir='ltr'><strong>vobis</strong></span> <span class='ocrx_word' id='word_1_744' title='bbox 3403 4918 3605 4993; x_wconf 81' lang='lat' dir='ltr'><strong>singulos</strong></span> <span class='ocrx_word' id='word_1_745' title='bbox 3625 4904 3716 5012; x_wconf 26' lang='lat' dir='ltr'><strong>male</strong></span> 
     </span>
    </p>
   </div>
   <div class='ocr_carea' id='block_1_108' title="bbox 2233 5010 3715 5097">
    <p class='ocr_par' dir='ltr' id='par_1_111' title="bbox 2233 5010 3715 5097">
     <span class='ocr_line' id='line_1_112' title="bbox 2233 5010 3715 5097; baseline -0.012 -17"><span class='ocrx_word' id='word_1_746' title='bbox 2233 5025 2404 5081; x_wconf 88' lang='lat' dir='ltr'><strong>terios</strong></span> <span class='ocrx_word' id='word_1_747' title='bbox 2428 5024 2657 5080; x_wconf 80' lang='lat' dir='ltr'><strong>Domino</strong></span> <span class='ocrx_word' id='word_1_748' title='bbox 2697 5026 3121 5081; x_wconf 73' lang='lat' dir='ltr'><strong>decantaverunt</strong></span> <span class='ocrx_word' id='word_1_749' title='bbox 3142 5066 3156 5091; x_wconf 90' lang='lat'><strong>,</strong></span> <span class='ocrx_word' id='word_1_750' title='bbox 3191 5030 3245 5078; x_wconf 84' lang='lat' dir='ltr'><strong>et</strong></span> <span class='ocrx_word' id='word_1_751' title='bbox 3275 5017 3553 5077; x_wconf 82' lang='lat' dir='ltr'><strong>sacerdotes</strong></span> <span class='ocrx_word' id='word_1_752' title='bbox 3586 5010 3715 5097; x_wconf 46' lang='lat' dir='ltr'><strong>quinis</strong></span> 
     </span>
    </p>
   </div>
   <div class='ocr_carea' id='block_1_109' title="bbox 2233 5102 3715 5187">
    <p class='ocr_par' dir='ltr' id='par_1_112' title="bbox 2233 5102 3715 5187">
     <span class='ocr_line' id='line_1_113' title="bbox 2233 5102 3715 5187; baseline -0.006 -15"><span class='ocrx_word' id='word_1_753' title='bbox 2233 5117 2429 5174; x_wconf 79' lang='lat' dir='ltr'><strong>missas</strong></span> <span class='ocrx_word' id='word_1_754' title='bbox 2456 5114 2700 5173; x_wconf 86' lang='lat' dir='ltr'><strong>fecerunt</strong></span> <span class='ocrx_word' id='word_1_755' title='bbox 2725 5131 2825 5186; x_wconf 89' lang='lat' dir='ltr'><strong>per</strong></span> <span class='ocrx_word' id='word_1_756' title='bbox 2848 5115 3107 5187; x_wconf 79' lang='lat' dir='ltr'><strong>singulos,</strong></span> <span class='ocrx_word' id='word_1_757' title='bbox 3145 5124 3205 5170; x_wconf 90' lang='lat' dir='ltr'><strong>ut</strong></span> <span class='ocrx_word' id='word_1_758' title='bbox 3233 5113 3380 5169; x_wconf 88' lang='lat' dir='ltr'><strong>vobis</strong></span> <span class='ocrx_word' id='word_1_759' title='bbox 3400 5102 3619 5165; x_wconf 85' lang='lat' dir='ltr'><strong>Dominus</strong></span> <span class='ocrx_word' id='word_1_760' title='bbox 3645 5105 3715 5163; x_wconf 72' lang='lat' dir='ltr'><strong>Pn‘</strong></span> 
     </span>
    </p>
   </div>
   <div class='ocr_carea' id='block_1_110' title="bbox 2235 5190 3715 5275">
    <p class='ocr_par' dir='ltr' id='par_1_113' title="bbox 2235 5190 3715 5275">
     <span class='ocr_line' id='line_1_114' title="bbox 2235 5190 3715 5275; baseline -0.023 -10"><span class='ocrx_word' id='word_1_761' title='bbox 2235 5209 2433 5266; x_wconf 85' lang='lat' dir='ltr'><strong>stinam</strong></span> <span class='ocrx_word' id='word_1_762' title='bbox 2472 5211 2761 5266; x_wconf 86' lang='lat' dir='ltr'><strong>sanitatem</strong></span> <span class='ocrx_word' id='word_1_763' title='bbox 2792 5209 3089 5275; x_wconf 87' lang='lat' dir='ltr'><strong>tribueret,</strong></span> <span class='ocrx_word' id='word_1_764' title='bbox 3127 5216 3181 5264; x_wconf 88' lang='lat' dir='ltr'><strong>et</strong></span> <span class='ocrx_word' id='word_1_765' title='bbox 3213 5204 3320 5261; x_wconf 80' lang='lat' dir='ltr'><strong>dixi</strong></span> <span class='ocrx_word' id='word_1_766' title='bbox 3361 5202 3423 5258; x_wconf 90' lang='lat' dir='ltr'><strong>ad</strong></span> <span class='ocrx_word' id='word_1_767' title='bbox 3448 5197 3565 5258; x_wconf 89' lang='lat' dir='ltr'><strong>illos,</strong></span> <span class='ocrx_word' id='word_1_768' title='bbox 3594 5190 3715 5241; x_wconf 68' lang='lat' dir='ltr'><strong>vostri</strong></span> 
     </span>
    </p>
   </div>
   <div class='ocr_carea' id='block_1_111' title="bbox 2233 5284 3718 5374">
    <p class='ocr_par' dir='ltr' id='par_1_114' title="bbox 2233 5284 3718 5374">
     <span class='ocr_line' id='line_1_115' title="bbox 2233 5284 3718 5374; baseline -0.009 -19"><span class='ocrx_word' id='word_1_769' title='bbox 2233 5302 2527 5369; x_wconf 85' lang='lat' dir='ltr'><strong>voluntate,</strong></span> <span class='ocrx_word' id='word_1_770' title='bbox 2558 5303 2827 5374; x_wconf 88' lang='lat' dir='ltr'><strong>quomodo</strong></span> <span class='ocrx_word' id='word_1_771' title='bbox 2855 5300 3011 5358; x_wconf 87' lang='lat' dir='ltr'><strong>nobis</strong></span> <span class='ocrx_word' id='word_1_772' title='bbox 3035 5296 3329 5357; x_wconf 86' lang='lat' dir='ltr'><strong>mandastis</strong></span> <span class='ocrx_word' id='word_1_773' title='bbox 3359 5302 3415 5349; x_wconf 89' lang='lat' dir='ltr'><strong>ut</strong></span> <span class='ocrx_word' id='word_1_774' title='bbox 3440 5290 3517 5348; x_wconf 87' lang='lat' dir='ltr'><strong>hic</strong></span> <span class='ocrx_word' id='word_1_775' title='bbox 3533 5296 3612 5357; x_wconf 83' lang='lat' dir='ltr'><strong>pro</strong></span> <span class='ocrx_word' id='word_1_776' title='bbox 3631 5284 3718 5328; x_wconf 65' lang='grc' dir='ltr'><strong>πεῖθ’</strong></span> 
     </span>
    </p>
   </div>
   <div class='ocr_carea' id='block_1_112' title="bbox 2232 5376 3715 5467">
    <p class='ocr_par' dir='ltr' id='par_1_115' title="bbox 2232 5376 3715 5467">
     <span class='ocr_line' id='line_1_116' title="bbox 2232 5376 3715 5467; baseline -0.017 -12"><span class='ocrx_word' id='word_1_777' title='bbox 2232 5409 2366 5466; x_wconf 82' lang='lat' dir='ltr'><strong>pore</strong></span> <span class='ocrx_word' id='word_1_778' title='bbox 2412 5396 2665 5451; x_wconf 88' lang='lat' dir='ltr'><strong>devenire</strong></span> <span class='ocrx_word' id='word_1_779' title='bbox 2702 5395 2994 5467; x_wconf 84' lang='lat' dir='ltr'><strong>jubebatis.</strong></span> <span class='ocrx_word' id='word_1_780' title='bbox 3049 5393 3157 5449; x_wconf 81' lang='lat' dir='ltr'><strong>Sed</strong></span> <span class='ocrx_word' id='word_1_781' title='bbox 3197 5404 3379 5448; x_wconf 90' lang='lat' dir='ltr'><strong>omnes</strong></span> <span class='ocrx_word' id='word_1_782' title='bbox 3418 5390 3613 5441; x_wconf 78' lang='lat' dir='ltr'><strong>consona</strong></span> <span class='ocrx_word' id='word_1_783' title='bbox 3644 5376 3715 5464; x_wconf 67' lang='grc' dir='ltr'><strong>ιιιξτι</strong></span> 
     </span>
    </p>
   </div>
   <div class='ocr_carea' id='block_1_113' title="bbox 2233 5468 3716 5561">
    <p class='ocr_par' dir='ltr' id='par_1_116' title="bbox 2233 5468 3716 5561">
     <span class='ocr_line' id='line_1_117' title="bbox 2233 5468 3716 5561; baseline -0.013 -21"><span class='ocrx_word' id='word_1_784' title='bbox 2233 5486 2522 5541; x_wconf 69' lang='lat' dir='ltr'><strong>concordia</strong></span> <span class='ocrx_word' id='word_1_785' title='bbox 2565 5488 2996 5558; x_wconf 87' lang='lat' dir='ltr'><strong>responderunt,</strong></span> <span class='ocrx_word' id='word_1_786' title='bbox 3049 5484 3191 5556; x_wconf 88' lang='lat' dir='ltr'><strong>quod</strong></span> <span class='ocrx_word' id='word_1_787' title='bbox 3234 5491 3407 5539; x_wconf 83' lang='lat' dir='ltr'><strong>nostra</strong></span> <span class='ocrx_word' id='word_1_788' title='bbox 3447 5468 3716 5561; x_wconf 35' lang='lat' dir='ltr'><strong>voluntas.In</strong></span> 
     </span>
    </p>
   </div>
   <div class='ocr_carea' id='block_1_114' title="bbox 2232 5561 3713 5657">
    <p class='ocr_par' dir='ltr' id='par_1_117' title="bbox 2232 5561 3713 5657">
     <span class='ocr_line' id='line_1_118' title="bbox 2232 5561 3713 5657; baseline -0.005 -22"><span class='ocrx_word' id='word_1_789' title='bbox 2232 5579 2487 5635; x_wconf 88' lang='lat' dir='ltr'><strong>omnibus</strong></span> <span class='ocrx_word' id='word_1_790' title='bbox 2510 5588 2614 5645; x_wconf 84' lang='lat' dir='ltr'><strong>est,</strong></span> <span class='ocrx_word' id='word_1_791' title='bbox 2647 5580 2816 5650; x_wconf 86' lang='lat' dir='ltr'><strong>ipsius</strong></span> <span class='ocrx_word' id='word_1_792' title='bbox 2853 5578 3153 5633; x_wconf 80' lang='lat' dir='ltr'><strong>infirmitati</strong></span> <span class='ocrx_word' id='word_1_793' title='bbox 3175 5578 3560 5657; x_wconf 44' lang='lat' dir='ltr'><strong>compatcscert’,</strong></span> <span class='ocrx_word' id='word_1_794' title='bbox 3579 5561 3713 5657; x_wconf 34' lang='lat' dir='ltr'><strong>eius?</strong></span> 
     </span>
    </p>
   </div>
   <div class='ocr_carea' id='block_1_115' title="bbox 2232 5646 3713 5745">
    <p class='ocr_par' dir='ltr' id='par_1_118' title="bbox 2232 5646 3713 5745">
     <span class='ocr_line' id='line_1_119' title="bbox 2232 5646 3713 5745; baseline -0.033 2"><span class='ocrx_word' id='word_1_795' title='bbox 2232 5682 2295 5730; x_wconf 72' lang='grc' dir='ltr'><strong>ιιι</strong></span> <span class='ocrx_word' id='word_1_796' title='bbox 2326 5675 2603 5745; x_wconf 57' lang='lat' dir='ltr'><strong>Proprium</strong></span> <span class='ocrx_word' id='word_1_797' title='bbox 2630 5646 2874 5740; x_wconf 60' lang='lat' dir='ltr'><strong>fratrem,</strong></span> <span class='ocrx_word' id='word_1_798' title='bbox 2909 5676 2983 5728; x_wconf 89' lang='lat' dir='ltr'><strong>ita</strong></span> <span class='ocrx_word' id='word_1_799' title='bbox 3008 5674 3151 5729; x_wconf 88' lang='lat' dir='ltr'><strong>circa</strong></span> <span class='ocrx_word' id='word_1_800' title='bbox 3190 5670 3337 5727; x_wconf 88' lang='lat' dir='ltr'><strong>illum</strong></span> <span class='ocrx_word' id='word_1_801' title='bbox 3364 5659 3493 5721; x_wconf 90' lang='lat' dir='ltr'><strong>omni</strong></span> <span class='ocrx_word' id='word_1_802' title='bbox 3522 5646 3713 5711; x_wconf 70' lang='lat' dir='ltr'><strong>cbarilaic</strong></span> 
     </span>
    </p>
   </div>
   <div class='ocr_carea' id='block_1_116' title="bbox 2232 5744 3713 5836">
    <p class='ocr_par' dir='ltr' id='par_1_119' title="bbox 2232 5744 3713 5836">
     <span class='ocr_line' id='line_1_120' title="bbox 2232 5744 3713 5836; baseline -0.018 -13"><span class='ocrx_word' id='word_1_803' title='bbox 2232 5744 2565 5836; x_wconf 76' lang='lat' dir='ltr'><strong>impendere.</strong></span> <span class='ocrx_word' id='word_1_804' title='bbox 2603 5764 2713 5820; x_wconf 84' lang='lat' dir='ltr'><strong>Sed</strong></span> <span class='ocrx_word' id='word_1_805' title='bbox 2740 5780 2836 5821; x_wconf 84' lang='lat' dir='ltr'><strong>vos</strong></span> <span class='ocrx_word' id='word_1_806' title='bbox 2864 5768 3023 5821; x_wconf 89' lang='lat' dir='ltr'><strong>modo</strong></span> <span class='ocrx_word' id='word_1_807' title='bbox 3052 5766 3096 5820; x_wconf 90' lang='lat' dir='ltr'><strong>si</strong></span> <span class='ocrx_word' id='word_1_808' title='bbox 3136 5762 3313 5827; x_wconf 79' lang='lat' dir='ltr'><strong>vultis,</strong></span> <span class='ocrx_word' id='word_1_809' title='bbox 3352 5758 3422 5814; x_wconf 90' lang='lat' dir='ltr'><strong>sic</strong></span> <span class='ocrx_word' id='word_1_810' title='bbox 3445 5744 3713 5836; x_wconf 49' lang='lat' dir='ltr'><strong>venircwlf&quot;</strong></span> 
     </span>
    </p>
   </div>
   <div class='ocr_carea' id='block_1_117' title="bbox 2233 5835 3712 5926">
    <p class='ocr_par' dir='ltr' id='par_1_120' title="bbox 2233 5835 3712 5926">
     <span class='ocr_line' id='line_1_121' title="bbox 2233 5835 3712 5926; baseline -0.025 -2"><span class='ocrx_word' id='word_1_811' title='bbox 2233 5835 2353 5923; x_wconf 57' lang='grc' dir='ltr'><strong>δαί,</strong></span> <span class='ocrx_word' id='word_1_812' title='bbox 2376 5857 2651 5926; x_wconf 78' lang='lat' dir='ltr'><strong>quomodo</strong></span> <span class='ocrx_word' id='word_1_813' title='bbox 2671 5856 2727 5910; x_wconf 78' lang='lat' dir='ltr'><strong>in</strong></span> <span class='ocrx_word' id='word_1_814' title='bbox 2755 5867 2933 5912; x_wconf 80' lang='lat' dir='ltr'><strong>vestra</strong></span> <span class='ocrx_word' id='word_1_815' title='bbox 2964 5861 3179 5924; x_wconf 76' lang='lat' dir='ltr'><strong>propria</strong></span> <span class='ocrx_word' id='word_1_816' title='bbox 3223 5870 3357 5915; x_wconf 74' lang='lat' dir='ltr'><strong>casa,</strong></span> <span class='ocrx_word' id='word_1_817' title='bbox 3400 5856 3447 5902; x_wconf 82' lang='lat' dir='ltr'><strong>et</strong></span> <span class='ocrx_word' id='word_1_818' title='bbox 3473 5854 3555 5897; x_wconf 90' lang='lat' dir='ltr'><strong>nos</strong></span> <span class='ocrx_word' id='word_1_819' title='bbox 3572 5835 3614 5889; x_wconf 79' lang='lat' dir='ltr'><strong>in</strong></span> <span class='ocrx_word' id='word_1_820' title='bbox 3635 5835 3712 5881; x_wconf 78' lang='grc' dir='ltr'><strong>οω⁴</strong></span> 
     </span>
    </p>
   </div>
  </div>
