3952 6318
163 312 270 379 337

1611 293 2001 370 Epts'row.

3340 303 3448 383 838,

164 437 352 503 nibus,
381 433 443 492 in
463 438 728 506 quantum
747 445 1068 506 possumus,
1098 432 1367 492 charitate
1389 433 1620 506 pristina
1641 435 1756 491 exi-
1781 431 1833 489 Δ
1925 425 2186 483 Libenter
2239 438 2372 498 ergo
2423 422 2748 497 suscipimus
2807 423 3033 483 fratrem
3069 439 3103 483 a
3135 432 3193 484 te
3239 429 3308 485 ad
3345 445 3446 488 nos

163 537 362 602 gntes
384 535 588 585 mro
625 527 876 584 volumus
901 537 1308 600 oompateseere
1342 527 1666 585 inﬁrmitati.
1697 527 1764 583 in

162 623 512 681 unum
533 621 646 680 tuis
666 622 1119 680 commendamus
1133 639 1255 691 nos,
1293 623 1638 682 sanctissime
1665 623 1764 680 Pa-

161 727 274 774 ια.

759 879 1062 941 Wicbertu
1083 881 1338 954 inligans
1354 881 1542 948 βῶσι

703 995 1043 1056 MSMA
1075 995 1222 1054 XIX.

771 1107 920 1149 νοτο
957 1107 1152 1150 ωηο.

543 1183 730 1259 (αντα
751 1201 953 1240 mum
977 1183 1195 1240 Dontini
1221 1180 1376 1259 ηδ.)

231 1275 469 1334 Dourino
481 1284 674 1332 saneto
684 1283 1022 1342 sanctorum,
1035 1275 1166 1346 quia
1173 1275 1392 1332 meritis
1405 1277 1756 1348 coaequando,

158 1376 217 1424 et
231 1383 272 1424 ι
289 1369 455 1426 nobis
473 1381 832 1425 eumnam
851 1367 1204 1424 veneratione
1213 1367 1507 1439 diligendo,
1532 1369 1592 1424 in
1602 1367 1763 1426 Chri-

157 1471 249 1518 ao
273 1459 450 1516 Patre
479 1458 660 1525 Lullo,
693 1459 1044 1531 coepiscopo,
1097 1459 1237 1516 Doto
1261 1473 1451 1517 servus
1471 1465 1760 1517 servorum

159 1556 279 1622 Dei,
304 1556 481 1611 etiam
509 1561 783 1612 etomnes
813 1553 1068 1610 monachi
1108 1554 1283 1610 sancti
1311 1553 1464 1610 Petri
1489 1553 1762 1626 apostolo-

160 1661 284 1701 rum
319 1645 592 1716 principis
635 1644 894 1715 degentes
922 1645 1031 1701 sub
1065 1659 1259 1701 norma
1299 1652 1502 1702 sancta:
1531 1645 1756 1719 regulae,

158 1747 427 1795 mternam
463 1740 521 1794 in
547 1737 780 1795 Domino
815 1747 1005 1795 nostro
1041 1737 1170 1794 Iesu
1207 1737 1432 1796 Christo
1470 1742 1538 1797 ad
1564 1741 1763 1798 sancti-

158 1838 326 1886 tatem
353 1837 598 1886 vestram
625 1829 902 1885 destinare
928 1830 1242 1886 curavimus
1267 1831 1498 1888 salutem

223 1923 356 1980 Ideo
397 1922 765 1994 omnipotenti
805 1920 1040 1978 Domino
1083 1923 1292 1994 gratias
1334 1922 1658 1992 referimus,
1701 1935 1765 1982 ut

153 2015 339 2071 omnia
361 2014 659 2086 quadrua
679 2025 783 2070 vos
805 2022 932 2070 sunt
959 2027 1223 2086 prospera
1245 2031 1357 2072 non
1387 2016 1562 2073 solum
1597 2019 1764 2075 habe-

154 2122 300 2174 mus,
337 2107 443 2162 sed
487 2113 548 2161 et
571 2106 679 2163 hoe
713 2105 1087 2161 indesinenter
1125 2107 1330 2164 sedulis
1365 2110 1624 2179 precibus
1661 2112 1764 2168 Do-

152 2201 294 2256 mini
328 2199 765 2256 mimrieordiam
797 2199 1178 2270 imploramus,
1225 2209 1286 2256 ut
1317 2201 1486 2258 vitam
1521 2213 1761 2261 vestram

151 2291 427 2365 longmvis
471 2291 631 2348 faciat
669 2291 762 2348 hic
804 2292 1042 2364 gaudere
1078 2295 1431 2369 temporibus,
1467 2305 1523 2353 et
1560 2297 1674 2355 illic
1701 2299 1760 2355 in

147 2393 368 2440 aeterna
401 2381 734 2438 beatitudine
765 2399 895 2440 eum
934 2387 1148 2442 sanctis
1191 2388 1312 2445 suis
1355 2385 1520 2446 faciat
1549 2393 1762 2463 pariter

145 2477 434 2534 exsultare
471 2480 785 2553 triumphis.
815 2483 898 2540 De
925 2494 1124 2544 caetero
1163 2490 1416 2559 quamvis
1437 2533 1453 2560 ,
1496 2493 1759 2550 amantis-

149 2572 291 2627 sime
325 2571 525 2640 Pater,
558 2583 832 2634 terrarum
863 2578 1198 2653 longitudine
1224 2585 1460 2656 separati
1487 2587 1751 2656 videmur,

151 2673 341 2721 tamen
373 2674 431 2722 et
464 2676 740 2726 terrarum
777 2671 1147 2744 longinquitas
1185 2691 1298 2734 non
1333 2677 1525 2736 dividit
1550 2690 1752 2750 mente,

150 2773 293 2828 quos
344 2761 593 2818 charitas
652 2763 832 2820 divina
887 2766 1167 2836 conjunxit
1211 2770 1267 2825 in
1314 2773 1496 2828 corde.
1549 2773 1756 2832 idcirco

149 2853 454 2922 comperiat
481 2855 746 2912 sanctitas
761 2864 946 2914 vestra
987 2862 1114 2932 quia
1139 2877 1241 2920 nos
1281 2879 1470 2920 omnes
1497 2881 1597 2936 per
1631 2868 1758 2924 obe-

149 2942 418 3000 dientiam
451 2946 581 3002 almi
610 2943 792 3005 Patris
827 2951 1005 3008 nostri
1046 2953 1254 3011 Dodoni
1296 2955 1528 3023 abbatis,
1571 2965 1626 3013 et
1652 2974 1755 3034 pro

147 3047 341 3091 amore
367 3043 552 3094 vestro
579 3047 636 3094 et
655 3041 803 3096 omni
841 3041 1204 3101 sollicitudine
1232 3061 1334 3118 pro
1367 3049 1542 3117 vobis,
1581 3058 1636 3106 et
1659 3051 1755 3106 de-

1861 534 2034 593 usque
2061 520 2334 578 directum
2363 535 2488 578 uim
2515 521 2802 578 «inediae
2822 521 3096 578 donorum
3137 533 3446 586 vestrorum

1859 628 1916 678 et
1935 619 2144 692 gratias
2168 629 2392 692 agentes
2427 621 2541 680 Deo
2576 630 2634 680 et
2651 618 2830 692 vobis,
2862 623 3008 698 quod
3033 627 3206 684 nostri
3245 641 3446 686 memo-

1858 714 1997 772 riam
2027 729 2096 772 ex
2133 723 2247 772 tam
2275 717 2500 774 remotis
2520 726 2791 776 terrarum
2832 717 3034 778 ﬁnibus
3062 720 3244 784 facere
3265 723 3446 795 digne-

1860 805 2015 863 mini.
2043 805 2118 863 Et
2155 807 2278 864 ideo
2318 808 2459 866 sicut
2487 822 2586 868 vos
2604 811 2744 870 velle
2781 815 3147 885 comperimus
3179 830 3448 878 memeres

1861 912 2049 957 sumus
2069 901 2262 968 vestri,
2292 901 2352 957 in
2379 913 2663 974 quantum,
2707 903 2941 964 Domino
2977 904 3289 978 adiuvante,
3322 924 3447 992 per-

1859 991 2130 1048 mittimur
2149 1008 2365 1064 semper
2377 993 2440 1050 in
2463 996 2804 1054 orationibus
2821 999 3046 1068 nostris,
3078 1001 3448 1072 obsecrantes,

1857 1092 1921 1178 ut
1937 1085 2081 1178 quod
2099 1085 2270 1154 lideii,
2287 1101 2351 1144 ac
2375 1087 2694 1146 ﬁrmissimo
2717 1092 2960 1163 coepistis
2981 1091 3166 1153 animo
3185 1111 3358 1178 usque
3381 1093 3449 1158 ad

1859 1175 2262 1234 tinemfirmum
2305 1179 2620 1248 retineatis;
2649 1197 2960 1256 quanquam
2986 1185 3174 1256 multis
3217 1175 3449 1256 tribula-

1859 1267 2100 1327 tionibus
2133 1271 2447 1340 tundimini,
2481 1288 2617 1344 quas
2644 1279 3032 1348 propemodum
3059 1295 3248 1338 omnes
3277 1281 3450 1352 sancti

1859 1361 2003 1417 soliti
2028 1364 2412 1420 stultasmculo
2429 1367 2659 1437 perpeti,
2683 1383 2785 1424 nec
2807 1377 2988 1426 tamen
3015 1367 3234 1428 Christo
3259 1389 3446 1446 coope-

1859 1460 2036 1519 rante,
2064 1461 2119 1508 et
2139 1454 2502 1513 conﬂrmante
2529 1455 2746 1522 illorum
2799 1461 3162 1524 constantiam
3183 1505 3201 1536 ,
3238 1463 3444 1522 deﬁcie-

1858 1546 2012 1604 bant.
2049 1543 2243 1605 Modici
2291 1551 2598 1607 munusculi
2637 1553 3171 1632 quantuiamcunque
3214 1559 3446 1630 pay-vita.

1861 1649 1971 1697 tem
1986 1641 2270 1699 charitatis
2291 1646 2665 1702 tantummodo
2679 1645 2878 1708 intuitu
2903 1647 3336 1724 direximus,bop
3349 1659 3450 1725 est,

1863 1735 1930 1791 de
1952 1743 2140 1792 nostro
2179 1737 2380 1792 vestitu
2423 1737 2820 1806 indumentum,
2870 1739 3014 1799 sicut
3043 1739 3221 1796 solent
3265 1743 3446 1813 prode

1865 1837 2110 1882 cessares
2141 1825 2317 1881 nostri
2340 1827 2816 1896 prodecessoribus
2845 1829 2953 1890 tuis
2987 1829 3280 1898 destinare,
3312 1831 3450 1914 quod

1864 1925 1919 1973 te
1945 1932 2046 1988 pro
2072 1915 2377 1974 humilitate
2408 1928 2462 1975 et
2497 1921 2914 1980 mansuetudine
2959 1929 3052 1978 tua
3080 1923 3357 2014 suscipere
3382 1921 3449 1981 di-

1864 2021 2112 2086 gnanter,
2149 2025 2201 2068 et
2229 2011 2308 2069 uti
2359 2013 2675 2086 suppliciter
2693 2031 3000 2088 precamur.

1931 2104 2126 2161 Valere
2151 2113 2210 2161 te
2250 2105 2308 2161 in
2331 2103 2570 2173 Christo,
2613 2115 2670 2162 et
2712 2114 2773 2162 ut
2809 2122 2940 2164 vere
2984 2106 3199 2177 felicem
3242 2121 3450 2184 semper

1860 2205 2131 2268 optamus.

2399 2286 2738 2368 EPISTULA
2781 2287 2927 2346 xxr.

2529 2421 2584 2436 ..
2640 2367 2836 2440 LUCLO.

2221 2471 2402 2547 (Circo
2446 2491 2645 2532 annum
2687 2473 2903 2530 Domini
2931 2471 3079 2548 756).

1930 2564 2286 2622 Sanctissimo
2325 2573 2486 2637 atque
2515 2565 2808 2622 venerabili
2857 2566 3112 2640 episcopo
3138 2561 3295 2623 Lullo
3337 2583 3449 2624 ser—

1855 2673 1958 2714 vus
2002 2673 2285 2714 servorum
2317 2657 2416 2714 Dei
2460 2659 2777 2714 visceralcm
2821 2657 2876 2713 in
2921 2653 3152 2714 Domino
3198 2660 3448 2723 salutem.

1927 2753 2081 2824 Rogo
2106 2760 2180 2818 te,
2209 2768 2244 2808 ο
2269 2748 2620 2812 dilectissime
2663 2751 2852 2816 frater,
2897 2751 3038 2810 sicut
3063 2751 3268 2828 optime
3312 2751 3368 2806 in
3398 2760 3449 2814 te

1855 2846 2038 2912 credo,
2065 2853 2127 2900 ut
2151 2860 2260 2900 non
2281 2842 2572 2902 immemor
2609 2844 2706 2916 sis,
2737 2843 2832 2899 sed
2861 2857 3078 2914 semper
3101 2843 3449 2918 sagacissimo

1856 2947 2039 2994 mente
2073 2941 2144 2993 ad
2179 2937 2502 2992 memoriam
2547 2935 2776 2993 reducas
2823 2936 3103 3006 antiquam
3153 2935 3448 3000 amicitiam

1856 3037 2121 3096 nostram,
2151 3044 2316 3100 quam
2355 3028 2499 3086 inter
2521 3043 2622 3084 nos
2643 3026 2942 3084 habuimus
2985 3026 3041 3086 in
3079 3025 3348 3083 Maldubia
3374 3027 3452 3084 (εἰο-

146 3127 434 3240 rw
467 3138 658 3187 εαηοιε
695 3136 1114 3206 mammam
1395 3154 1427 3194 ε
1463 3139 1575 3196 Deo
1597 3142 1754 3199 vobis
1773 3173 1827 3240 α
2061 3121 2276 3240 sane
2293 3121 2442 3240 Ei?“
2457 3119 2714 3240 fbf’iii“
2733 3117 3447 3240 ἱίῗῗῗίῗὲδῗῖῗῗὶῗῗῖτῗ

145 3223 476 3290 commissa,
526 3225 583 3280 in
613 3227 820 3284 nostris
845 3229 1078 3286 assiduis
1104 3231 1360 3306 precibus
1404 3231 1621 3297 Domini
1651 3236 1754 3290 mi-

145 3315 509 3372 sericordiam
542 3332 772 3376 exorare
808 3336 916 3378 non
944 3321 1273 3382 desinemus.
1319 3325 1490 3398 Igitur
1515 3343 1640 3384 cum
1667 3343 1756 3386 sa-

143 3408 433 3467 lutationis
454 3409 666 3480 olllciis,
706 3414 896 3470 humili
923 3430 1086 3487 prece
1112 3419 1474 3495 deposcimus,
1505 3429 1565 3478 ut
1589 3422 1752 3479 istam

143 3501 416 3559 familiam
447 3503 654 3562 Christi
704 3517 759 3563 et
804 3510 978 3565 sancti
1019 3509 1168 3567 Petri
1207 3513 1262 3567 in
1302 3520 1484 3570 vestra
1513 3529 1753 3571 comme-

142 3599 456 3656 moratione
480 3615 697 3673 semper
718 3603 986 3674 habeatis,
1017 3616 1073 3664 et
1099 3608 1199 3682 ipsi
1225 3624 1326 3682 pro
1347 3611 1600 3667 omnibus
1621 3611 1753 3668 ami-

142 3687 226 3743 cis
249 3689 458 3747 vestris
479 3699 590 3747 tam
618 3695 887 3768 episcopis
915 3704 968 3753 et
988 3713 1177 3755 eorum
1203 3699 1368 3772 clero,
1399 3717 1562 3774 quam
1585 3691 1754 3757 abba-

141 3779 294 3838 tibus
328 3789 384 3838 3t
420 3798 613 3840 eorum
641 3789 943 3857 monachis,
989 3808 1085 3848 seu
1127 3801 1182 3848 et
1210 3794 1500 3852 abbatissis
1525 3795 1608 3851 vel
1637 3797 1750 3851 Deo

142 3874 342 3932 dicatis
371 3876 428 3931 in
467 3877 572 3934 ista
589 3877 1018 3955 congregatione
1057 3886 1229 3942 sancti
1271 3885 1454 3956 Petri,
1501 3897 1750 3946 oratores

140 3974 361 4023 vestros
383 3983 493 4024 tam
526 3970 680 4028 vivos
699 3989 862 4046 quam
899 3971 1183 4034 defunctos
1209 3977 1264 4032 in
1290 3987 1469 4038 vestra
1498 3980 1749 4036 mercede

135 4073 581 4116 commemorare
605 4061 840 4128 faciatis,
885 4073 946 4122 ut
975 4065 1029 4120 in
1069 4067 1240 4124 sacris
1267 4069 1610 4126 orationibus
1632 4069 1750 4124 illo—

136 4164 274 4204 rum
302 4164 426 4205 eam
451 4153 661 4210 assidue
705 4171 1012 4214 memorare
1037 4157 1298 4226 debeant,
1347 4170 1616 4232 quatenus
1651 4177 1750 4234 per

133 4240 370 4297 illorum
407 4242 661 4316 suffragia
701 4246 832 4303 olim
869 4256 1110 4320 optatam
1137 4249 1287 4308 adire
1312 4267 1623 4308 mereamur
1647 4265 1746 4323 pa-

137 4337 311 4394 triam
335 4339 595 4411 paradisi.
621 4340 888 4400 Similiter
905 4361 1002 4400 vos
1023 4345 1398 4417 deprecamur,
1422 4355 1482 4403 ut
1503 4348 1748 4403 omnium

137 4430 449 4486 amicorum
474 4439 785 4490 vestrorum
832 4437 1052 4494 nomina
1099 4445 1208 4492 tam
1248 4439 1497 4495 vivorum
1523 4482 1538 4508 ,
1583 4456 1748 4514 quam

1856 3217 1954 3284 vit,
1982 3224 2038 3298 et
2065 3216 2170 3271 hoc
2194 3215 2408 3287 signum
2426 3215 2702 3282 recordor,
2739 3214 3018 3286 quod.pro
3054 3215 3273 3271 nomine
3292 3230 3442 3272 voca-

1855 3301 1935 3357 vit
1963 3309 2016 3356 te
2053 3300 2204 3368 lrtel,
2247 3299 2455 3357 idcirco
2488 3300 2690 3357 salutat
2722 3307 2779 3354 te
2813 3298 3019 3355 Hereca
3045 3300 3214 3356 abbas
3261 3299 3321 3354 in
3367 3315 3446 3356 sa-

1855 3393 2120 3448 lutatione
2149 3399 2357 3459 sancta,
2402 3399 2458 3447 et
2498 3391 2677 3447 omnis
2726 3391 3076 3463 congregatio
3107 3405 3228 3464 qua:
3270 3391 3327 3448 in
3352 3407 3448 3450 sua

1855 3483 2142 3540 cmnobiali
2171 3481 2282 3538 vita
2308 3490 2514 3548 manet,
2546 3481 2675 3552 quia
2704 3482 2896 3554 dignos
2915 3497 3016 3537 nos
3038 3481 3096 3536 in
3127 3481 3446 3538 memoriam

1853 3575 2092 3631 habuisti
2139 3583 2339 3632 tecum.
2377 3575 2482 3644 Qui
2527 3583 2710 3630 autem
2755 3573 3187 3646 perseveraverit
3230 3574 3284 3629 in
3311 3589 3446 3648 pace

1852 3683 2023 3739 usque
2053 3670 2106 3724 in
2137 3668 2322 3737 linem,
2353 3668 2443 3725 hic
2468 3668 2650 3726 salvus
2672 3669 2798 3725 erit.
2837 3667 2988 3736 Vale,
3024 3668 3296 3740 amabilis,
3325 3667 3448 3725 feli-

1852 3764 1989 3820 citer
2007 3763 2062 3818 in
2089 3777 2298 3830 mvum;
2333 3777 2488 3819 meus
2507 3761 2755 3830 dilectus,
2774 3762 2888 3820 Deo
2907 3762 3134 3834 electus,
3160 3761 3289 3836 quia
3317 3762 3446 3818 cha-

1853 3856 1986 3912 ritas
2009 3855 2248 3924 pretium
2277 3869 2388 3910 non
2427 3855 2614 3911 habet.

1921 3949 2038 4005 Hoc
2062 3949 2276 4021 signum
2307 3949 2512 4005 liereca
2543 3949 2796 4006 abbatem
2825 3949 2976 4006 fecit.

2296 4059 2709 4121 EPISTOLA
2777 4061 2974 4122 XXII.

2361 4169 2714 4213 CUTHBEBTUS
2734 4171 2928 4211 LULLO.

2217 4245 2396 4320 (Circa
2435 4263 2632 4307 annum
2666 4247 2882 4304 Domini
2909 4245 3057 4322 758.)

1918 4338 2422 4397 Desiderantissimo
2441 4346 2497 4393 et
2516 4339 2839 4395 suavissimo
2856 4337 2914 4396 in
2939 4339 3142 4399 Christi
3155 4341 3444 4402 dilectione

1848 4434 2024 4490 amico
2045 4431 2200 4488 Lullo
2229 4433 2502 4505 episcopo,
2535 4439 2592 4487 et
2621 4432 2861 4495 omnium
2891 4435 3197 4494 antistium
3226 4435 3444 4498 charis—

135 4521 527 4578 defunctorum
553 4566 569 4591 ,
613 4540 713 4596 per
749 4537 1071 4597 praesentem
1117 4527 1343 4585 fratrem
1375 4539 1622 4587 nostrum
1659 4531 1752 4588 Sa.
1776 4549 1831 4611 ῃ
1855 4525 1992 4582 simo
2018 4566 2033 4591 ,
2071 4523 2402 4580 Cuthbertus
2450 4524 2747 4598 discipulus
2798 4523 2960 4582 Beda:
3009 4527 3312 4601 presbyteri
3347 4542 3440 4588 sa-

133 4617 471 4688 ganaldum,
514 4633 614 4689 per
651 4619 818 4675 breve
862 4623 928 4676 ad
977 4638 1076 4678 nos
1116 4623 1352 4696 dirigere
1392 4623 1636 4690 faciatis,
1688 4635 1746 4682 ut

134 4709 308 4779 ipsos,
337 4709 482 4764 sicut
513 4711 581 4766 de
605 4711 730 4768 aliis
757 4713 1021 4770 fratribus
1053 4717 1258 4772 nostris
1288 4714 1538 4783 facimus,
1589 4718 1662 4773 ita
1690 4718 1744 4775 in

132 4803 350 4859 nostris
402 4803 639 4860 assiduis
701 4807 1043 4863 orationibus
1088 4807 1234 4879 ipsos
1293 4821 1600 4864 uremorare
1653 4809 1747 4866 de-

130 4895 388 4952 beamus.
417 4895 608 4954 Gratia
636 4899 783 4974 regis
803 4899 1042 4958 caelestis
1075 4903 1344 4959 custodiat
1382 4919 1479 4960 vos
1506 4919 1740 4978 semper.

128 4985 336 5042 Amen.

204 5075 492 5134 [ridiculus
521 5077 750 5137 directus
770 5081 842 5137 ad
866 5078 1147 5139 Lullonum
1176 5084 1496 5160 episcopum.
1526 5081 1743 5142 Emma-

127 5171 259 5228 nuel
286 5171 566 5230 nobiscum
593 5176 684 5230 sit.

695 5265 1035 5330 EPISTOLA
1084 5270 1206 5328 XX.

669 5379 978 5422 CYNEARDUS
1034 5380 1225 5421 LULLO.

499 5453 679 5532 (Circa
724 5475 924 5515 annum
968 5455 1182 5512 Domini
1209 5451 1354 5532 756.)

197 5549 440 5610 Domino
482 5567 810 5632 magnopere
862 5551 1154 5628 diligendo,
1195 5561 1250 5608 et
1301 5551 1458 5608 nobis
1493 5551 1736 5608 omnium

119 5641 605 5718 peregrinantium
636 5660 736 5718 pro
765 5643 968 5702 Christi
995 5639 1554 5712 amore'charissimo,
1583 5645 1738 5701 Lullo

115 5737 410 5804 antistiti,
449 5733 752 5798 Cineardus
789 5738 1064 5812 indignus,
1104 5747 1167 5796 ut
1205 5754 1420 5807 vereor,
1448 5737 1738 5814 episcopus

117 5831 184 5888 in
210 5827 446 5899 Christo
468 5828 699 5894 salutem

1851 4621 2038 4678 lutem.

1916 4711 2022 4770 Gra
2031 4720 2207 4767 tanter
2216 4713 2433 4782 quidem
2451 4709 2770 4768 munuscula
2785 4688 3188 4766 tum-charitatis
3205 4711 3444 4783 suscepi.

1845 4815 1901 4861 et
1957 4821 2020 4861 eo
2059 4806 2366 4877 gratantius
2387 4843 2404 4874 ,
2449 4820 2556 4880 quo
2605 4813 2661 4860 te
2715 4805 2832 4862 haec
2885 4803 3079 4867 intimi
3131 4804 3438 4872 devotionis

1844 4898 2041 4956 aﬂ‘ectu
2092 4899 2309 4956 mittere
2360 4899 2608 4976 cognovi,
2660 4898 2717 4957 id
2765 4905 2884 4966 est,
2947 4896 3310 4966 holosericam
3368 4900 3438 4956 ad

1843 4992 2101 5062 reliquias
2134 4992 2306 5048 beata
2335 4991 2611 5050 memoria:
2659 4990 2806 5048 Beda
2839 4988 3092 5064 magistri
3122 4991 3316 5057 nostri,
3365 4991 3438 5048 ob

1841 5083 2271 5140 recordationem
2318 5089 2374 5137 et
2419 5081 2562 5140 illius
2599 5079 3005 5143 venerationem
3033 5081 3336 5138 destinasti.
3370 5081 3441 5138 Et

1841 5184 2048 5234 rectum
2079 5178 2294 5248 quidem
2331 5177 2463 5236 mihi
2501 5175 2716 5236 videtur
2732 5182 2798 5233 ut
2825 5182 2940 5236 tota
2963 5188 3099 5248 gens
3137 5173 3437 5248 Anglorum

1841 5271 1895 5330 in
1915 5269 2168 5328 omnibus
2193 5269 2506 5342 provinciis,
2538 5267 2848 5340 ubicunque
2887 5267 3092 5342 reperti
3117 5277 3266 5338 sunt,
3305 5284 3438 5341 ara-

1840 5366 1943 5422 tias
1973 5365 2084 5422 Deo
2101 5362 2360 5429 referant,
2385 5361 2512 5434 quia
2536 5369 2650 5418 tam
2679 5361 2986 5425 mirabilem
3009 5361 3211 5431 vitam.
3231 5361 3438 5434 prandi-

1838 5468 1954 5516 tum
1994 5457 2224 5530 diversis
2251 5457 2426 5522 donis,
2449 5464 2671 5528 tamque
2713 5455 2783 5512 ad
2822 5456 3126 5521 exercenda
3151 5455 3292 5514 dona
3317 5462 3434 5514 stu-

1837 5553 2081 5619 diosum,
2123 5549 2482 5621 similiterque
2532 5549 2590 5608 in
2631 5548 2792 5622 bouis
2842 5548 3086 5611 moribus
3113 5547 3385 5611 viventem
3405 5583 3426 5613 ι

1836 5647 1978 5702 Deus
2001 5645 2110 5704 illis
2143 5645 2204 5709 id
2234 5661 2330 5702 sua
2359 5644 2578 5704 natione
2623 5643 2864 5714 donavit,
2896 5643 3027 5716 quia
3070 5659 3172 5714 per
3213 5641 3431 5714 caperis

1835 5747 2099 5807 mentum,
2122 5737 2192 5796 ad
2219 5739 2386 5812 pedes
2408 5738 2528 5810 eius
2547 5738 2807 5806 nutritus,
2831 5739 2939 5794 hoc
2977 5739 3124 5808 quod
3150 5748 3316 5799 narro
3343 5732 3436 5792 di-i

1835 5833 1962 5894 dici.
2007 5832 2376 5910 Similiterque
2401 5834 2652 5904 mihimet
3250 5827 3408 5896 mia
