3952 6318
465 362 569 425 ,ιω
664 395 677 405 .
1560 348 1619 406 s.
1657 348 1864 407 LULLI
1899 298 2281 406 MOGUNTlNl
2316 343 2625 402 EPISCOPI
3622 345 3728 403 sto

461 486 580 543 tum
608 476 676 534 ad
696 479 982 548 tegendum
1011 476 1237 544 scilicet,
1258 483 1480 549 propter
1499 472 1693 546 frigus,
1723 487 1900 529 meum
1923 488 2044 529 cor-
2068 476 2121 534 Δ
2145 470 2467 527 eruditionis
2491 484 2556 525 ac
2575 466 2883 539 sanctitatis
2912 465 2982 522 ad
3013 479 3113 522 nos
3156 462 3371 522 litteras
3420 466 3728 523 transmise-

461 587 565 644 pus
593 571 810 639 misisti,
839 573 981 643 quod
1010 572 1258 631 videlicet
1292 569 1773 640 omnipotentiDeo
1799 576 1858 623 et
1883 568 2045 623 beato
2145 570 2249 617 rat.
2295 561 2632 632 Quapropter
2674 567 2959 630 paternam
3006 564 3116 613 tuae
3161 557 3451 613 charitatis
3486 572 3729 619 reveren-

467 660 631 718 Paulo
658 663 902 734 apostolo
931 663 999 718 ad
1038 662 1368 719 induendum
1407 660 1610 726 altare,
1642 657 1789 730 quod
1824 658 1882 713 in
1930 655 2049 726 ejus
2148 655 2278 709 tiam
2315 654 2687 718 obsecramus,
2730 660 2808 717 ut,
2844 666 3059 721 semper
3102 649 3275 705 nostri
3332 664 3583 716 memor,
3618 666 3735 721 sup-

465 755 696 811 ecclesia
734 755 845 813 Deo
875 763 1251 812 consecratum
1283 761 1388 821 est,
1439 768 1564 809 cum
1607 766 1803 823 magno
1851 749 2048 821 gaudio
2145 746 2312 817 plices
2344 761 2444 817 pro
2467 745 2626 802 nobis
2648 744 2866 801 domino
2891 758 3082 815 preces
3115 742 3316 799 offerre
3340 758 3459 799 non
3508 741 3734 814 refrage-

468 845 610 913 dedi,
651 847 777 917 quia
809 856 865 904 et
908 862 1010 920 ego
1049 848 1150 904 sub
1188 845 1306 916 ejus
1331 844 1668 918 protectione
1707 843 1762 897 in
1806 843 1913 898 hoc
1940 855 2052 897 mo-

471 930 709 994 nasterio
745 954 813 993 xi.
859 945 915 994 et
942 955 1004 996 ιιι
1035 954 1207 995 annos
1234 938 1364 994 vixi.
1415 936 1571 993 Nunc
1604 951 1752 1001 vero,
1792 935 1919 1007 quia
1964 948 2052 990 ro-

468 1027 608 1097 gasti
650 1027 855 1098 aliquid
901 1026 969 1084 de
1013 1028 1287 1099 opusculis
1334 1027 1479 1083 beati
1514 1025 1709 1091 Patris,
1755 1040 1879 1082 cum
1915 1023 2052 1080 meis

468 1118 670 1188 pueris,
696 1117 852 1188 juxta
879 1120 1042 1185 vires,
1074 1121 1217 1191 quod
1240 1119 1393 1192 potui
1419 1127 1523 1175 tuae
1546 1117 1819 1173 dilectioni
1847 1130 2055 1187 praepa-

470 1211 581 1266 ravi
607 1224 621 1265 :
657 1208 869 1266 libellos
896 1209 963 1265 de
975 1211 1105 1267 Viro
1134 1200 1582 1276 DeiCudhercto,
1613 1217 1788 1265 metro
1810 1216 1867 1264 et
1892 1222 2054 1279 prosa

469 1305 816 1373 compositos,
844 1311 952 1360 tua:
992 1304 1260 1360 voluntati
1301 1304 1508 1370 direxi;
1535 1310 1593 1358 et
1617 1302 1665 1358 si
1703 1301 1826 1372 plus
1850 1299 2055 1371 potuis-

469 1408 600 1457 sem,
634 1393 865 1449 libenter
912 1394 1226 1460 voluissem,
1260 1394 1387 1464 quia
1431 1392 1720 1464 praasentia
1767 1390 2055 1462 pratteritae

470 1482 666 1541 hiemis
703 1486 930 1542 multum
958 1486 1293 1542 horribiliter
1313 1486 1547 1542 insulam
1576 1493 1778 1541 nostra:
1803 1482 1979 1555 gentis
1999 1482 2056 1536 in

471 1574 691 1646 ffigore,
716 1583 773 1631 et
815 1575 957 1647 gelu,
992 1584 1047 1632 et
1074 1587 1378 1642 ventorum,
1405 1584 1460 1631 et
1493 1573 1747 1631 imbrium
1781 1571 2053 1644 procellis,

470 1665 564 1724 diu
599 1668 816 1739 lateque
841 1671 1125 1741 depressit,
1164 1670 1395 1741 ideoque
1423 1669 1704 1739 scriptoris
1748 1682 1960 1733 manus,
1988 1680 2058 1722 ne

472 1757 530 1815 in
576 1760 936 1831 plurimorum
984 1761 1248 1819 librorum
1279 1776 1564 1818 numerum
1600 1759 1926 1831 perveniret,
1966 1773 2055 1813 re-

2114 880 2121 887 .
2148 837 2245 892 ris.
2277 836 2386 893 Nos
2407 837 2486 892 tui
2523 850 2739 908 quoque
2763 836 2907 892 scias
2935 850 3151 906 semper
3174 835 3418 891 existere
3449 847 3740 898 memores,

2149 931 2197 986 si
2221 929 2352 999 quid
2375 937 2488 984 tam
2515 929 2703 985 vilium
2740 928 2888 1000 apud
2930 928 3208 983 dominum
3241 927 3388 983 valet
3433 926 3743 997 deprecatio

2150 1035 2451 1077 servorum.
2478 1018 2754 1088 Quantum
2801 1021 2949 1076 enim
2994 1020 3063 1076 de
3094 1020 3242 1076 omni
3275 1028 3465 1076 vestro
3500 1020 3741 1091 profectu

2151 1115 2323 1188 gavisi
2360 1129 2567 1181 sumus,
2607 1124 2975 1185 quantamque
3019 1129 3182 1184 super
3225 1113 3312 1168 his
3344 1128 3471 1184 quae
3505 1114 3565 1168 in
3597 1128 3741 1184 pere-

2150 1208 2324 1280 grinis
2347 1206 2483 1263 locis
2509 1206 2662 1262 vobis
2687 1220 2947 1278 prospera
2973 1214 3258 1261 cesseth
3300 1204 3560 1260 latitiam
3588 1203 3742 1259 habe-

2154 1316 2357 1357 remus.
2378 1340 2393 1354 .
2413 1339 2427 1354 .
2444 1340 2459 1356 .
2478 1339 2493 1354 .
2532 1299 2717 1370 Teque
2758 1313 2920 1356 nosse
2944 1298 3215 1365 volumus,
3242 1297 3391 1368 quod
3417 1297 3529 1352 hoc
3561 1310 3747 1367 perpe-

2155 1393 2377 1449 tualiter
2397 1392 2636 1448 studium
2662 1391 2944 1447 charitatis
2964 1390 3074 1445 tuis
3090 1388 3302 1444 meritis
3330 1388 3747 1457 impetrantibus

2154 1486 2526 1552 observemus,
2555 1492 2811 1554 tuamque
2835 1497 2931 1554 per
2954 1482 3137 1538 omnia
3167 1480 3546 1536 desideremus
3566 1479 3747 1534 amici-

2158 1582 2289 1635 tiam
2312 1578 2532 1646 mereri,
2558 1577 2800 1633 volentes
2838 1576 2940 1647 ipsi
2979 1590 3078 1646 per
3113 1573 3297 1630 omnia
3324 1580 3434 1626 tua:
3451 1570 3617 1640 iusta:
3655 1585 3749 1628 vo-

2118 1704 2119 1709 η
2158 1670 2382 1725 luntatis
2420 1670 2800 1739 obtemperare
2843 1667 3098 1733 decretis,
3146 1667 3312 1721 etiam
3355 1666 3585 1721 Domino
3618 1680 3751 1735 pro-

2158 1770 2417 1826 curante,
2473 1761 2690 1832 quando
2714 1801 2730 1828 ,
2780 1760 3122 1832 ingrediente
3169 1767 3221 1813 te
3284 1761 3435 1813 viam
3483 1772 3750 1815 unversa’.

476 1851 687 1907 tardata
733 1860 846 1922 est;
904 1854 999 1910 sed
1056 1863 1112 1912 et
1141 1866 1267 1911 ante
1316 1871 1411 1913 sex
1459 1870 1630 1911 annos
1664 1869 1763 1925 per
1801 1852 2056 1909 Hunwini
2085 1838 2133 1900 Β
2161 1862 2350 1919 terrae,
2402 1860 2564 1923 atque
2611 1854 2679 1908 ad
2732 1852 2954 1923 praemia
3009 1851 3136 1907 vita:
3185 1856 3410 1906 aeterna:
3458 1848 3748 1918 perducto,

474 1956 655 1999 meum
675 1946 1049 2017 presbyterum
1070 1947 1199 2003 illuc
1227 1948 1298 2003 ad
1316 1955 1496 2003 vestra
1518 1947 1636 2003 loca
1661 1946 2057 2010 advenientem,

473 2041 530 2091 et
561 2034 789 2091 Romam
810 2038 994 2094 videre
1019 2039 1412 2095 desiderantem
1428 2081 1443 2105 ,
1471 2039 1650 2109 aliqua
1688 2054 1854 2108 parva
1880 2038 2058 2103 xenia,

473 2124 722 2182 cultellos
743 2127 995 2184 videlicet
1023 2144 1094 2186 xx
1121 2137 1175 2183 et
1188 2144 1423 2200 gunnam
1447 2129 1515 2185 de
1540 2129 1770 2200 pellibus
1796 2128 2062 2183 lutrarum

473 2215 675 2273 factam
713 2224 819 2273 tua:
866 2218 1195 2274 fraternitati
1214 2220 1359 2275 misi.
1392 2219 1485 2275 llle
1523 2235 1736 2291 quoque
1778 2220 2064 2291 presbyter

475 2310 751 2379 Hunwini,
780 2310 848 2368 ad
874 2313 1058 2369 urbem
1094 2329 1215 2384 qua:
1261 2322 1487 2371 vocatur
1532 2315 1899 2371 Beneventum
1939 2328 2065 2385 per-

473 2405 715 2471 veniens,
749 2406 825 2461 ibi
859 2406 926 2462 de
945 2406 1049 2464 hac
1072 2406 1193 2463 luce
1218 2409 1491 2480 migravit.
1526 2406 1862 2478 Quapropter
1890 2421 2065 2476 neque

473 2511 574 2567 per
597 2495 765 2561 illum,
796 2511 970 2566 neque
993 2512 1092 2567 per
1114 2505 1331 2555 tuorum
1350 2498 1605 2569 aliquem,
1638 2506 1822 2554 utrum
1855 2500 1960 2553 ista
1999 2495 2066 2551 ad

479 2594 534 2645 te
553 2590 920 2660 pervenerint,
953 2590 1062 2644 ulla
1110 2590 1392 2662 responsio
1414 2605 1657 2661 unquam
1693 2589 1829 2645 mihi
1858 2587 2068 2643 reddita

477 2688 581 2738 est.
610 2682 726 2738 Duo
753 2696 877 2738 vero
911 2682 1073 2753 pallia
1102 2684 1439 2740 subtilissimi
1488 2682 1689 2754 operis,
1732 2695 1898 2736 unum
1937 2678 2066 2743 albi,

479 2770 710 2828 alterum
740 2773 894 2828 tincti
920 2774 1117 2830 coloris
1146 2790 1270 2829 cum
1291 2773 1506 2840 libellis,
1531 2781 1586 2828 et
1607 2773 1832 2836 clocam,
1854 2769 2069 2841 qualem

479 2861 550 2918 ad
595 2877 814 2918 manum
855 2862 1042 2933 habui,
1093 2870 1200 2920 tute
1226 2864 1539 2935 paternitati
1593 2864 1811 2919 mittere
1861 2858 2071 2917 curavi-

479 2968 619 3020 mus,
657 2968 959 3025 precorque
987 2962 1046 3010 ut
1076 2971 1255 3011 meam
1275 2956 1593 3026 petitionem
1613 2964 1668 3011 et
1689 2953 2071 3010 necessitatem

481 3067 589 3108 non
624 3066 869 3121 spernas.
916 3049 976 3106 Si
1007 3050 1203 3120 aliquis
1236 3049 1399 3105 homo
1431 3047 1506 3123 'in
1549 3056 1640 3103 tua
1689 3046 1759 3102 sit
1812 3043 2070 3115 parochia

485 3143 577 3214 qui
605 3142 778 3197 vitrea
817 3157 944 3197 vasa
975 3142 1112 3197 bene
1146 3140 1317 3211 possit
1348 3139 1547 3206 facere,
1581 3154 1706 3194 cum
1734 3146 1943 3207 tempus
1985 3150 2073 3189 ar-

485 3237 679 3304 rideat,
725 3236 858 3291 mihi
889 3237 1104 3291 mittere
1129 3234 1385 3307 digneris,
1431 3240 1524 3288 aut
1574 3232 1623 3288 si
1659 3230 1892 3286 fortasse
1927 3227 2071 3283 ultra

486 3328 622 3384 ﬁnes
668 3336 754 3385 est
803 3328 858 3384 in
899 3336 1166 3398 potestate
1209 3325 1491 3397 cujusdam
1539 3325 1783 3390 alterius,
1815 3324 1933 3379 sine
1980 3330 2074 3376 tua

486 3420 763 3492 parochia,
791 3436 922 3493 rogo
952 3429 1012 3475 ut
1059 3420 1376 3475 fraternitas
1400 3428 1490 3474 tua
1518 3418 1596 3474 illi
1645 3417 1871 3474 suadeat
1899 3424 1961 3471 ut
2004 3414 2075 3469 ad

487 3529 587 3570 nos
622 3529 795 3585 usque
840 3513 1140 3584 perveniat,
1187 3512 1314 3583 quia
1360 3509 1599 3581 ejusdem
1629 3510 1763 3564 artis
1810 3507 1982 3579 ignari
2020 3514 2078 3562 et

489 3606 677 3679 inopes
703 3622 910 3671 sumus,
938 3614 995 3660 et
1025 3607 1071 3662 si
1113 3607 1216 3661 hoc
1250 3604 1480 3661 fortasse
1505 3603 1769 3673 contingit
1796 3610 1856 3655 ut
1882 3600 2078 3669 aliquis

491 3700 559 3755 de
595 3696 1022 3753 vitrifactoribus
1069 3714 1192 3753 cum
1232 3705 1325 3752 tua
1345 3695 1637 3768 diligentia,
1686 3695 1795 3749 Deo
1841 3693 2072 3758 volente,

492 3788 560 3843 ad
588 3804 687 3844 nos
713 3802 883 3858 usque
916 3789 1103 3845 venire
1129 3790 1495 3860 permittatur,
1516 3804 1640 3842 cum
1662 3788 1892 3858 benigna
1926 3802 2080 3840 man-

493 3881 794 3945 suetudine,
829 3880 936 3935 vita
984 3882 1201 3947 comite,
1240 3880 1392 3935 illum
1437 3880 1691 3950 suscipio.
1722 3879 1962 3935 Delectat
1992 3895 2080 3934 me

493 3986 712 4043 quoque
734 3971 1087 4044 cytharistam
1113 3972 1331 4037 habere,
1364 3972 1455 4042 qui
1477 3973 1649 4042 possit
1676 3972 1997 4028 citharisare
2024 3972 2080 4027 in

493 4064 728 4131 cithara,
755 4079 919 4135 quam
950 4079 1050 4120 nos
1076 4065 1406 4136 appellamus
1449 4073 1628 4132 rottre,
1660 4066 1788 4135 quia
1815 4066 2082 4121 citharam

497 4155 694 4222 habeo,
726 4164 781 4212 et
807 4157 1075 4212 artificem
1117 4172 1244 4211 non.
1275 4157 1468 4213 habeo.
1527 4156 1584 4213 Si
1632 4172 1795 4229 grave
1834 4173 1942 4214 non
1988 4157 2076 4223 sit,

495 4255 554 4306 et
586 4249 753 4305 istum
787 4263 1004 4320 quoque
1051 4264 1185 4305 meae
1241 4249 1579 4320 dispositioni
1613 4251 1788 4306 mitte.
1845 4249 2083 4306 Obsecro

495 4348 558 4397 ut
599 4341 742 4397 hanc
766 4356 942 4397 meam
972 4342 1308 4413 rogationem
1357 4357 1425 4398 ne
1463 4342 1747 4413 despicias,
1795 4351 1850 4398 et
1894 4342 2083 4397 risioni

499 4450 607 4491 non
666 4435 910 4506 deputes.
959 4435 1036 4492 De
1088 4435 1362 4506 opusculis
1420 4452 1550 4493 vero
1602 4437 1775 4492 beata:
1830 4435 2082 4492 recorda-

2163 1956 2291 2004 tunc
2324 1956 2478 2019 tuum
2520 1945 2830 2004 venerabile
2874 1959 3071 2000 nomen
3118 1943 3462 2013 disponimus
3516 1940 3752 1995 scribere

2161 2058 2286 2097 cum
2314 2041 2626 2097 nominibus
2650 2039 3388 2109 episcoporum.nostrorum,
3416 2042 3475 2090 et
3508 2050 3635 2089 cum
3660 2048 3753 2087 no-

2163 2134 2402 2191 minibus
2425 2132 2669 2189 omnium
2711 2129 3134 2201 praecedentium
3175 2127 3415 2182 fratrum
3444 2122 3611 2193 hujus
3645 2139 3752 2178 mo-

2163 2229 2408 2286 nasterii.

2235 2319 2493 2376 Orantem
2530 2333 2631 2390 pro
2650 2316 2808 2375 nobis
2833 2316 3034 2372 almam
3066 2312 3421 2386 paternitatis
3448 2317 3651 2367 vestra:
3672 2324 3755 2364 co-

2166 2427 2355 2469 ronam
2419 2410 2658 2467 celestis
2712 2410 2888 2482 gratia
2945 2404 3216 2464 custodiat
3235 2445 3250 2470 ,
3304 2403 3666 2460 dilectissime
3704 2400 3756 2455 in

2165 2502 2383 2558 Christo
2404 2502 2653 2558 antistes.
2673 2540 2687 2554 .
2709 2540 2723 2553 .
2744 2540 2757 2554 .
2779 2539 2793 2553 .
2843 2498 3059 2569 Scripta
3091 2495 3286 2552 indict.
3317 2494 3413 2562 11,
3444 2508 3506 2551 ix
3525 2492 3645 2548 Kal.
3669 2487 3757 2547 ll-

2167 2596 2340 2653 nias..
2360 2635 2406 2651 ..
2430 2635 2444 2650 .
2477 2593 2678 2651 adJul.
2707 2594 2858 2665 epist.
2887 2592 3018 2663 epis.

2644 2683 2987 2742 EPISTOLA
3066 2681 3256 2738 XXIV.

2689 2791 2991 2835 IAGINGOOZ
3021 2791 3214 2832 LULLO.

2530 2870 2709 2939 (Circa
2764 2887 2963 2926 annum
3003 2869 3216 2924 Domini
3254 2867 3411 2941 760.)

2248 2963 2562 3025 Venerando
2605 2963 2870 3020 sacerdoti
2902 2961 3106 3018 Christi
3127 3000 3142 3028 ,
3188 2975 3382 3017 amore
3430 2974 3660 3029 prorsus
3699 2973 3761 3012 ac

2172 3059 2473 3115 reverentia
2488 3056 2694 3127 pariter
2712 3071 2744 3111 a
2771 3056 2927 3112 nobis
2941 3054 3119 3109 studio
3142 3052 3411 3123 peculiari
3441 3050 3758 3113 conmendo,

2177 3151 2331 3207 Lullo
2372 3150 2624 3220 episcopo
2653 3147 2971 3219 Magingooz
2998 3160 3190 3201 servus
3215 3160 3512 3200 servorum
3553 3144 3649 3199 Dei
3676 3158 3763 3213 ps-

2178 3257 2402 3299 rennem
2427 3242 2483 3296 in
2510 3239 2730 3296 Christo
2758 3238 3008 3294 salutem.

2245 3338 2301 3392 In
2350 3333 2619 3405 colloquio
2663 3348 2836 3402 nuper
2878 3331 3199 3388 veneranda:
3248 3330 3616 3385 fraternitatis
3669 3338 3766 3382 tua:

2176 3427 2440 3498 comperti
2479 3441 2667 3481 sumus
2691 3424 2816 3494 quia
2859 3422 3145 3479 consilium
3189 3421 3429 3492 proximi
3475 3420 3655 3476 nostri
3684 3435 3768 3475 cu-

2171 3516 2387 3588 jusdam
2442 3518 2619 3572 minus
2670 3523 2826 3571 caute
2849 3556 2865 3582 ,
2933 3514 3116 3571 saeculi
3169 3515 3561 3584 impedimento
3630 3519 3771 3582 post-

2175 3612 2376 3682 posito,
2408 3610 2548 3664 viam
2594 3608 2874 3680 religionis
2927 3606 3135 3679 ingredi
3176 3606 3450 3677 cupientis
3482 3603 3769 3675 prudentia

2180 3710 2361 3758 vestra
2400 3700 2701 3771 praevenire
2725 3697 2942 3753 utiliore
2964 3698 3214 3754 consulto
3243 3696 3525 3762 voluisset,
3554 3696 3674 3766 qui,
3718 3702 3773 3748 ut

2180 3796 2435 3861 arbitror,
2475 3793 2561 3848 his
2600 3792 2783 3848 verbis
2807 3791 2955 3846 velut
3003 3791 3219 3847 nomine
3251 3791 3474 3861 proprio
3520 3789 3774 3860 designa-

2180 3893 2290 3940 tur.
2320 3885 2388 3940 Et
2416 3899 2604 3940 revera
2633 3884 2808 3939 visum
2834 3882 2967 3937 mihi
3004 3889 3088 3937 est
3110 3898 3215 3936 non
3240 3895 3398 3951 posse
3418 3879 3589 3935 aliter
3632 3894 3774 3935 com-

2181 3979 2315 4053 pleri
2355 3979 2501 4034 circa
2529 3976 2679 4032 illum
2708 3975 2943 4032 ofﬁcium
2979 3974 3173 4030 debitae
3210 3971 3485 4029 felicitatis
3531 3979 3596 4027 et
3645 3972 3772 4027 cha-

2182 4072 2380 4138 ritatis,
2431 4069 2535 4124 nisi
2580 4084 2704 4124 cum
2739 4067 2988 4138 pluribus
3015 4067 3081 4122 de
3126 4065 3315 4122 eadem
3359 4078 3416 4119 re
3456 4064 3774 4119 necessario

2183 4164 2428 4222 sollicitis
2475 4163 2833 4218 contendatur
2854 4202 2870 4227 ,
2908 4176 2978 4216 ne
3013 4160 3159 4215 hunc
3187 4157 3417 4214 fortasse
3443 4157 3501 4212 in
3536 4157 3671 4226 ipso
3696 4156 3775 4210 iti-

2184 4272 2333 4323 nere,
2379 4270 2486 4326 quo
2541 4254 2866 4311 desiderium
2923 4252 3100 4319 ducit,
3155 4253 3369 4307 incauta
3414 4250 3779 4321 praesumptio

2185 4346 2509 4418 supplantet,
2546 4346 2643 4401 sed
2686 4345 3053 4401 necessarium
3083 4344 3335 4400 existimo
3359 4352 3417 4397 ut
3459 4341 3779 4412 diligentius

2185 4430 2532 4511 provideatur
2555 4454 2664 4509 quo
2685 4448 2847 4509 pacto
2886 4436 2969 4493 vel
2995 4438 3191 4507 quibus
3217 4436 3597 4491 instrumentis
3622 4451 3779 4504 pere-

498 4526 662 4582 tionis
700 4527 872 4592 Beda,
905 4542 1026 4597 qua:
1054 4527 1233 4621 adhuc
1271 4528 1543 4598 descripta
1585 4544 1694 4583 non
1741 4528 1925 4593 habes,
1953 4541 2083 4597 pro-
2113 4561 2163 4621 Β
2188 4532 2508 4605 grinationis
2562 4532 2722 4599 illius,
2759 4547 2922 4601 quam
2960 4532 3100 4586 sicut
3156 4531 3307 4586 scitis
3349 4530 3644 4599 optimam.

499 4622 661 4678 mitto
683 4661 697 4687 ,
754 4636 841 4679 me
862 4661 878 4688 ,
928 4622 974 4678 si
1013 4620 1310 4678 vixerimus
1331 4661 1346 4688 ,
1397 4629 1505 4678 tua:
1553 4621 1816 4677 voluntati
1861 4618 2084 4689 adjuva-

500 4719 707 4769 turum.

610 4804 793 4862 Abbas
815 4804 1147 4862 Cuthbertus
1173 4811 1228 4862 te
1255 4813 1311 4861 te
1340 4805 1427 4862 bis
1455 4806 1645 4874 terque
1673 4805 1904 4871 salutat;

608 4896 687 4954 Te
711 4897 853 4954 Deus
885 4899 1231 4968 omnipotens
1256 4899 1463 4954 salvum
1488 4904 1775 4954 conservet
1798 4896 1865 4966 in,
1888 4908 2083 4951 aevum.

996 4974 1335 5045 EPISTOLA
1400 4986 1587 5045 xxul.

1058 5096 1305 5137 EANVULT
1345 5097 1537 5139 LULLO.

982 5173 1156 5245 (Anno
1208 5174 1417 5231 Domini
1456 5175 1606 5247 758.)

581 5258 810 5317 Domino
864 5263 1207 5321 desiderabili
1245 5283 1309 5322 ac
1344 5267 1467 5336 jure
1507 5266 1802 5322 venerabili
1837 5280 2089 5337 episcopo

513 5352 685 5419 Lullo,
718 5352 951 5410 Eanvult
995 5371 1184 5412 servus
1220 5356 1423 5413 Christi
1449 5356 1595 5426 Jesu,
1641 5376 1747 5416 una
1791 5375 1915 5415 cum
1965 5374 2090 5415 con-

513 5446 683 5502 servis
711 5446 803 5517 qui
850 5462 1063 5504 mecum
1104 5449 1190 5504 his
1230 5450 1283 5504 in
1319 5450 1454 5508 locis
1487 5454 1867 5508 suavissimum
1920 5452 2094 5508 Evan-

512 5536 635 5608 gelii
667 5533 879 5608 jugum,
923 5554 1025 5610 pro
1066 5539 1385 5596 invenienda
1420 5543 1475 5597 in
1517 5543 1669 5600 caelis
1705 5545 1893 5615 requie
1916 5586 1931 5613 ,
1983 5552 2094 5600 tra-

517 5626 648 5684 here
691 5630 943 5701 gaudent,
982 5639 1259 5703 perpetem
1288 5633 1344 5689 in
1390 5634 1614 5692 Domino
1645 5639 1894 5694 salutem.

587 5719 754 5779 Multo
786 5722 1005 5794 quidem
1042 5725 1238 5799 gaudio
1257 5725 1580 5784 delectatum
1601 5739 1686 5787 est
1705 5748 1802 5788 cor
1824 5740 2092 5802 nostrum,

519 5827 715 5886 magna
755 5816 1114 5876 exsultatione
1148 5817 1331 5891 lingua
1356 5818 1625 5891 insonuit,
1650 5824 1777 5881 dum
1808 5831 1971 5884 tantae
2012 5827 2097 5884 vir

2186 4626 2456 4683 stabilitas
2494 4635 2548 4681 et
2578 4622 2871 4697 possibil’is,
2899 4633 2953 4679 et
2979 4625 3024 4680 si
3055 4624 3170 4680 fieri
3193 4625 3445 4695 potuerit,
3494 4622 3785 4678 inexcusa-

2186 4720 2347 4786 bilis,
2402 4720 2470 4775 iis
2516 4735 2640 4775 cum
2681 4718 2878 4789 quibus
2917 4733 3159 4788 praesens
3219 4732 3382 4773 causa
3419 4717 3641 4787 agenda
3665 4724 3778 4777 est,

2186 4809 2335 4866 omni
2378 4809 2607 4865 rationis
2663 4808 2923 4864 ﬁrmitate
2975 4809 3374 4879 comprobetur.
3430 4805 3784 4877 Quapropter

2188 4912 2399 4983 nostrae
2418 4902 2672 4974 parvitati
2700 4902 2938 4959 indicare
2962 4918 3061 4973 per
3089 4902 3300 4957 litteras
3339 4916 3446 4956 non
3472 4900 3783 4972 gravemini

2191 5004 2374 5052 utrum
2400 4996 2552 5051 vobis
2586 4995 2832 5051 videatur
2884 5010 2954 5049 an
3001 4994 3277 5050 communi
3305 5006 3558 5048 sermone
3615 4994 3782 5047 unius

2160 5088 2432 5160 epistolae
2484 5088 2791 5143 exhortatio
2843 5086 3107 5151 mittatur,
3155 5101 3224 5140 an
3257 5093 3489 5154 uterque
3529 5093 3785 5140 nostrum

2190 5198 2222 5237 a
2255 5197 2316 5238 se
2341 5179 2624 5252 epistolam
2647 5180 2863 5252 mittat;
2900 5179 3045 5250 quod
3066 5178 3113 5234 si
3152 5176 3498 5249 profuturum
3520 5175 3787 5247 iudicetis
3817 5219 3829 5235 .

2190 5282 2253 5330 ut
2276 5251 2562 5331 commune
2597 5281 2652 5327 et
2697 5251 2869 5327 unum
2912 5288 2945 5326 a
2974 5269 3131 5327 nobis
3162 5270 3456 5326 indiculum
3488 5269 3784 5341 dirigatur,

2191 5381 2224 5421 a
2256 5372 2435 5420 vestra
2460 5348 2746 5419 chari‘tatis
2789 5362 3053 5441 industria
3078 5376 3208 5434 rogo
3254 5368 3315 5416 ut
3340 5359 3693 5416 conficiatur.
3732 5360 3788 5414 Si

2191 5472 2301 5514 non
2334 5455 2453 5511 fieri
2488 5470 2646 5525 posse
2669 5454 3009 5524 putaveritis,
3037 5461 3099 5508 ut
3138 5452 3255 5509 si‘ne
3290 5453 3470 5524 aliqua
3497 5455 3786 5523 presenti,

2193 5551 2307 5607 sive
2355 5556 2563 5616 nostra,
2612 5549 2727 5603 sive
2764 5556 3084 5603 cancrorum
3136 5560 3417 5602 servorum
3439 5544 3567 5610 “Dei,
3613 5545 3788 5601 colla-

2195 5642 2341 5698 tione
2371 5640 2617 5697 consulto
2665 5640 2876 5698 decenti
2917 5646 2972 5695 et
3022 5637 3234 5711 integra
3277 5636 3564 5694 soliditatis
3602 5637 3784 5691 valeat

2152 5733 2514 5812 .perpetrari.
2561 5733 2700 5801 Quid
2760 5735 2941 5803 itaque
2989 5731 3145 5788 vobis
3194 5728 3539 5801 profuturum
3589 5726 3779 5783 videa-

2194 5832 2318 5898 tur,
2352 5832 2413 5883 ut
2440 5840 2472 5880 a
2507 5824 2665 5883 nobis
2688 5824 2793 5882 hac
2821 5825 2887 5882 de
2928 5839 2987 5880 re
3012 5830 3202 5898 agatur
3233 5833 3332 5894 per
3355 5819 3585 5885 litteras,
3615 5814 3808 5929 hujus
