3952 6318
167 327 276 388 8H

1615 321 2001 382 EPISTOLAE.

3349 349 3455 408 842

165 439 550 514 qiistiunculze
578 438 826 511 portitori
857 437 1101 506 traditas,
1131 438 1288 496 nobis
1317 438 1554 495 indicare
1581 438 1766 510 digne-
1793 440 1846 499 A
1871 455 1999 497 vero
2039 444 2184 513 quod
2222 445 2288 502 de
2334 447 2487 504 libris
2530 447 2806 522 inquisisti
2830 456 3055 516 marinis
3083 464 3304 522 restibus
3343 476 3454 524 ter-

165 551 332 590 1111111.

243 627 444 684 Valere
475 625 777 696 bonitatem
808 635 1068 692 vestram,
1100 625 1229 680 etin
1253 623 1470 679 Christo
1498 623 1764 692 proficere

163 733 271 790 pro
287 718 447 774 nobis
470 717 917 782 intercedentem,
938 716 1163 788 integris
1193 713 1476 770 desideriis
1490 721 1761 783 optamus.

168 812 284 882 Off.
328 810 484 866 Lullo
515 812 673 882 episc.

702 902 1037 960 EPISTOLA
1075 903 1224 959 XXV
1237 941 1250 957 .

667 1010 1016 1051 CUTIIBERTUS
1087 1011 1276 1050 LULLO.

534 1083 711 1157 (Circa
753 1105 950 1140 annum
989 1086 1202 1140 Domini
1253 1084 1402 1156 760.)

261 1178 495 1234 Domino
546 1177 602 1232 in
653 1178 881 1232 Domino
933 1177 1284 1233 dilectissimo
1337 1184 1392 1230 et
1454 1173 1766 1230 fidelissimo

164 1270 350 1326 amico
413 1269 568 1324 Lullo
613 1271 870 1340 episcopo
920 1269 1250 1324 Cuthbertus
1293 1267 1458 1322 abbas
1509 1266 1764 1321 salutem.

241 1361 468 1415 Multum
491 1370 770 1432 gratanter
797 1361 976 1432 accepi
1002 1359 1211 1415 litteras
1234 1357 1346 1412 sive
1370 1357 1535 1412 etiam
1580 1371 1769 1409 mune-

165 1470 226 1508 ra
245 1493 263 1521 ,
295 1456 399 1509 hoc
421 1462 526 1518 est,
552 1454 798 1507 villosam
828 1461 884 1508 et
917 1453 1219 1518 sindonem,
1248 1465 1367 1521 qum
1403 1459 1492 1505 tua
1518 1449 1769 1504 fraterni-

164 1557 252 1600 tas
278 1545 346 1600 ad
371 1561 456 1600 me
479 1545 694 1600 mittere
721 1545 939 1612 dignata
967 1552 1078 1610 est;
1113 1552 1168 1597 et
1189 1558 1253 1597 eo
1282 1541 1604 1611 gratantius,
1623 1539 1768 1609 quod

162 1652 234 1692 ex
274 1637 468 1691 intima
511 1637 778 1691 charitate
817 1652 879 1691 ea
923 1636 1196 1691 destinata
1235 1649 1356 1690 esse
1386 1650 1493 1688 non
1530 1632 1765 1703 ambigo.

165 1727 321 1784 Unde
369 1728 925 1798 recompensationem
973 1727 1221 1782 beneficii
1249 1725 1406 1780 istius
1433 1724 1662 1779 reddens
1715 1732 1770 1778 et

163 1822 281 1893 ipse
318 1821 397 1875 tui
437 1821 768 1890 quotidianis
797 1820 853 1873 in
895 1820 1150 1890 precibus
1188 1834 1376 1874 curam
1409 1817 1612 1873 habere
1655 1833 1764 1871 non

163 1928 360 1979 cesso;
421 1913 582 1967 simul
628 1914 792 1966 etiam
844 1913 1063 1967 nomina
1108 1911 1336 1967 fratrum
1377 1927 1496 1982 qua:
1539 1912 1609 1967 ad
1665 1927 1766 1967 nos

164 2006 368 2061 misisti
421 2021 545 2060 cum
602 2005 913 2060 nominibus
966 2003 1128 2074 hujus
1170 2005 1486 2059 monasterii
1536 2002 1765 2058 fratrum

162 2096 557 2152 dormientium
593 2093 650 2148 in
703 2093 918 2149 Christo
954 2093 1155 2164 scripta
1195 2094 1559 2158 continentur,
1601 2092 1673 2146 ita
1708 2098 1768 2145 ut

159 2205 268 2259 pro
295 2188 404 2243 illis
431 2187 719 2257 nonaginta
743 2194 799 2240 et
837 2201 902 2240 eo
928 2184 1159 2255 amplius
1183 2185 1377 2239 missas
1421 2183 1602 2238 facere
1629 2198 1768 2252 prte-

161 2280 436 2348 ceperim.
475 2277 692 2347 Insuper
736 2277 901 2330 etiam
951 2275 1171 2339 librum,
1211 2289 1373 2344 quem
1426 2272 1766 2327 clarissimus

161 2370 436 2426 Ecclesia:
454 2369 547 2423 Dei
574 2368 828 2438 magister
851 2366 994 2422 Beda
1025 2365 1092 2421 de
1121 2365 1376 2420 IEdificio
1406 2364 1588 2434 templi
1615 2378 1767 2418 com-

159 2463 370 2534 posuit,
414 2461 480 2515 ad
526 2459 956 2516 consolationem
989 2466 1093 2512 tuae
1135 2455 1594 2529 peregrinationis
1644 2454 1769 2508 mit-

161 2564 283 2609 tere
328 2552 549 2617 curavi,
603 2559 752 2606 tuam
804 2549 1205 2604 fraternitatem
1273 2549 1552 2604 humiliter
1613 2547 1765 2602 obse-

160 2661 350 2710 crans,
389 2652 446 2699 ut
489 2645 617 2698 olim
656 2644 920 2700 condicta:
953 2643 1097 2698 inter
1134 2658 1232 2698 nos
1277 2641 1530 2696 amicitia:
1563 2641 1767 2696 fmdera

161 2750 339 2806 usque
387 2735 456 2790 ad
507 2735 668 2790 ﬁnem
708 2735 925 2790 firmum
957 2736 1233 2790 custodire
1278 2734 1537 2806 digneris,
1569 2733 1624 2787 in
1663 2733 1767 2788 hoc

158 2828 416 2883 videlicet
443 2827 700 2894 maxime,
736 2828 880 2897 quod
905 2842 1027 2882 cum
1057 2827 1163 2881 tuis
1189 2827 1462 2893 omnibus,
1503 2841 1639 2896 quos
1667 2824 1764 2879 tibi

163 2919 350 2975 divina
381 2919 710 2989 dispensatio
723 2919 890 2974 voluit
911 2934 1031 2974 esse
1051 2917 1343 2988 subjectos,
1359 2932 1457 2988 pro
1482 2915 1766 2970 infirmita-

163 3015 312 3068 tibus
347 3013 484 3067 meis
511 3014 651 3083 apud
687 3026 980 3082 supernum
997 3010 1240 3068 Judicem
1264 3011 1481 3066 sedulus
1510 3010 1765 3066 interces-

160 3121 257 3160 sor
291 3105 518 3160 existas.
551 3104 704 3159 Lullo
742 3106 902 3176 episc.

1794 1800 1844 1860 B

1868 550 1984 591 ram
2040 539 2468 607 advectantibus,
2502 547 2722 602 omnino
2769 549 3100 622 inc0gnitum
3128 565 3229 612 est.
3279 558 3452 617 Caete-

1866 644 1988 682 rum
2020 630 2140 685 libri
2176 638 2742 706 cosmographicorum
2779 645 3009 701 necdum
3046 649 3201 704 nobis
3231 653 3298 707 ad
3342 671 3456 716 ma-

1867 738 1997 776 num
2026 734 2320 793 venerunt;
2370 745 2470 785 nec
2500 730 2604 786 alia
2641 735 2779 803 apud
2823 751 2921 791 nos
2950 740 3302 810 exemplaria,
3349 745 3456 802 nisi

1868 814 2092 885 picturis
2134 825 2187 870 et
2240 817 2436 874 litteris
2479 825 2826 891 permolesta.
2885 827 3005 884 Jam
3058 834 3255 902 szepius
3298 836 3458 892 mihi-

1868 917 1979 963 met
2007 914 2344 979 perscribere
2383 916 2678 981 destinavi.
2722 924 2814 978 sed
2847 925 3081 981 nondum
3123 931 3274 998 potui
3315 933 3455 988 scri-

1867 1008 2051 1149 ﬁtores
2080 1008 2378 1074 acquirere.
2419 1009 2583 1066 Forte
2635 1019 2742 1068 tuis
2790 1014 3006 1084 adjutus
3048 1021 3459 1091 supplicationi-

1907 1111 1989 1149 us.
2016 1137 2028 1149 .
2052 1137 2064 1149 .
2085 1138 2098 1149 .
2123 1139 2135 1149 .

1907 1111 2135 1152 llS.....

1942 1187 2296 1247 Sanctitatem
2343 1203 2577 1252 vestram
2622 1201 2690 1255 ad
2723 1203 3110 1271 protectionem
3139 1207 3326 1266 electae
3354 1212 3456 1267 Do-
3545 1227 3555 1235 ‘

1869 1280 2030 1336 minae
2064 1297 2161 1338 P8X
2185 1285 2420 1341 salvator
2447 1301 2732 1347 εοηεθνγρι
2764 1295 2817 1348 in
2845 1311 3037 1351 :evum.

1875 1464 1878 1468 Ι
1942 1371 2087 1441 Scio,
2129 1375 2308 1442 Pater,
2343 1381 2485 1448 quod
2517 1382 2627 1448 illa,
2660 1400 2779 1455 qua)
2801 1389 3084 1448 charitatis
3108 1395 3282 1465 gratia
3310 1397 3456 1467 misi,
3518 1381 3519 1384 η

1871 1481 1901 1520 a
1925 1475 1977 1521 te
2004 1469 2116 1524 visa
2142 1488 2250 1526 non
2290 1483 2435 1529 sunt.

2047 1565 2288 1622 Vivendo
2316 1567 2444 1624 felix
2479 1570 2680 1628 Christi
2705 1543 2912 1636 lanrate
2935 1583 3242 1663 triumphis,

2045 1658 2167 1754 Yita
2202 1661 2329 1727 tuis,
2355 1664 2515 1720 saeclo
2570 1670 2864 1739 specimen,
2917 1658 3236 1736 charissime
3297 1685 3456 1754 coelo,

2044 1749 2276 1807 Justitia:
2301 1755 2496 1823 cultor,
2518 1773 2680 1815 verus
2701 1763 2920 1831 pietatis
2942 1777 3172 1837 amator,

2047 1843 2348 1902 Defendens
2369 1849 2518 1920 vigili
2547 1863 2762 1911 sanctas
2785 1861 3048 1918 tutamine
3075 1869 3348 1936 mandras,

2047 1933 2544 2031 Dascuavllorigeris
2571 1949 2813 2016 pandens
2841 1955 3132 2022 prmdulcia
3160 1933 3386 2031 campis,

2052 2026 2242 2086 Judice
2265 2043 2524 2092 centenos
2546 2049 2771 2108 portans
2807 2048 3059 2104 veniente
3099 2026 3385 2125 maniplos.

1941 2117 2082 2173 Oll‘e-
2357 2126 2507 2184 Lullo
2538 2130 2606 2184 Ε-
2796 2138 2875 2192 vi-
3158 2117 3266 2196 lar:
3290 2175 3316 2185 -

1942 2136 2138 2242 τρηειςιὶ
2790 2161 2908 2242 ..αι
3091 2158 3286 2242 ςξςηηεε

1942 2191 2107 2247 renda
2125 2191 2138 2242 l
2323 2191 2575 2270 lpiscopo
2790 2191 2851 2263 ro
2892 2191 2908 2269 ί
3091 2191 3106 2267 ξ
3124 2191 3280 2269 sime:

1839 2395 1872 2423 ,
2369 2353 2708 2416 EPISTOLA
2744 2362 2954 2421 XXVII.

2392 2463 2714 2509 WIGBER’I‘US
2752 2473 2946 2514 ιυιιο.

2246 2535 2422 2607 (Circa
2461 2557 2658 2595 annum
2692 2544 2907 2602 Domini
2938 2551 3086 2624 760.)

1941 2624 2171 2682 Domino
2209 2642 2337 2684 vere
2362 2632 2538 2700 beato,
2571 2644 2735 2706 atque
2778 2641 2925 2695 omni
2972 2643 3149 2700 oﬂicio
3177 2647 3460 2710 charitatia

1871 2721 2199 2786 venerando,
2243 2723 2429 2792 Lullze,
2486 2730 2658 2798 gratia
2699 2732 2794 2787 Dei
2847 2736 3119 2808 episcopo,
3147 2740 3460 2813 Wigbertus

1869 2816 2154 2885 presbyter
2177 2824 2362 2872 vester
2381 2818 2552 2876 fidelis
2580 2837 2788 2892 servus,
2815 2829 3108 2896 optabilem
3136 2832 3191 2887 in
3241 2833 3461 2894 Christo

1869 2907 2121 2965 salutem.
3125 2973 3127 2976 ,

1947 3001 2150 3092 Vestris
2191 3006 2527 3065 orationibus
2564 3013 2880 3086 meritisque
2925 3019 3359 3092 suffragantibus,
3397 3032 3460 3081 ut

1869 3091 2161 3162 credimus,
2191 3106 2246 3151 et
2278 3115 2378 3167 pro
2407 3110 2558 3157 certo
2588 3106 2790 3162 scimus
2820 3124 3078 3180 prospera
3103 3091 3269 3170 nobis
3300 3123 3460 3172 terra;

235 3193 504 3249 Dominus
549 3196 894 3266 omnipotens
931 3196 1328 3250 fraternitatem
1360 3207 1507 3250 tuam
1561 3194 1615 3250 in
1663 3209 1762 3250 suo

1873 3186 2146 3256 marisque
2169 3190 2386 3258 itinera,
2426 3203 2712 3265 postquam
2762 3213 2791 3252 a
2843 3202 2995 3256 vobis
3051 3205 3308 3272 ieramus,
3361 3208 3459 3263 Dei

160 3299 384 3356 semper
409 3298 598 3341 amore
632 3295 938 3341 conservet.

681 3396 1021 3452 EPISTOLA
1079 3395 1269 3452 XXVI.

791 3505 925 3545 CENE
965 3506 1156 3546 LULLO.

528 3581 704 3654 (Circa
748 3598 946 3636 annum
988 3581 1200 3636 Domini
1245 3581 1394 3654 760.)

233 3676 469 3732 Domino
512 3674 827 3730 beatissimo
875 3674 1132 3744 omnique
1179 3675 1387 3730 honore
1432 3675 1761 3732 nominando

159 3769 333 3824 Lullo:
359 3771 614 3839 episcopo
631 3766 817 3832 C(ena,
835 3781 1027 3824 servus
1049 3783 1330 3824 servorum
1354 3769 1474 3834 Dei,
1488 3777 1762 3840 perpetuae

158 3861 362 3933 gratiae
383 3860 636 3915 salutem.

229 3951 488 4021 Acceptis
511 3959 617 4006 tuae
651 3951 1004 4008 beatitudinis
1027 3993 1042 4015 ,
1089 3952 1251 4008 Pater
1283 3953 1757 4019 excellentissime,

156 4042 383 4106 litteris,
410 4042 577 4097 multa
599 4059 719 4099 sum
749 4043 933 4098 laetitia
961 4043 1250 4110 delibutus,
1281 4045 1355 4100 ita
1382 4027 1442 4099 ut
1469 4045 1595 4100 totis
1623 4061 1762 4115 prte-

156 4131 480 4190 cordiorum
507 4133 780 4190 intestinis
803 4135 1042 4204 gaudens
1069 4135 1502 4206 lacrymaverim,
1544 4137 1760 4191 beatum

154 4226 318 4291 mihij
351 4240 416 4280 ac
458 4225 797 4296 profuturum
837 4227 1114 4282 aestimans
1159 4228 1294 4281 tanti
1333 4228 1512 4282 Patris
1554 4227 1761 4298 perfrui

156 4315 431 4379 amicitia,
460 4315 688 4385 ideoque
724 4317 871 4371 omni
909 4316 1092 4372 cordis
1131 4315 1388 4372 aviditate
1424 4326 1573 4372 tuam
1620 4317 1763 4372 desi-

154 4407 463 4465 derabilem
516 4408 811 4478 amplector
849 4409 1125 4481 pietatem,
1179 4417 1269 4465 tua
1309 4410 1578 4464 inhianter
1630 4426 1760 4466 oon-

1867 3277 2153 3336 clementia
2176 3286 2464 3352 concessit,
2497 3288 2807 3359 amicosque
2852 3300 2906 3347 et
2935 3296 3266 3366 propinquos
3296 3314 3459 3356 sanos

1864 3379 1920 3428 et
1972 3375 2268 3433 incolumes
2327 3380 2649 3446 invenimus,
2704 3383 3042 3455 benigneque
3099 3391 3458 3459 suscipientes

1864 3468 2045 3521 omnia
2096 3471 2402 3526 necessaria
2457 3479 2567 3526 tam
2617 3473 2674 3526 in
2717 3478 3147 3542 possessionibus
3175 3495 3454 3550 agrorum,

1865 3571 2028 3626 quam
2063 3562 2117 3615 in
2143 3561 2409 3631 jumentis
2453 3570 2508 3617 et
2558 3565 2866 3633 pecoribus,
2915 3569 3143 3639 aliisque
3187 3573 3456 3641 suppelle—

1864 3656 2080 3711 ctilibus
2117 3663 2307 3725 sponte
2343 3657 2500 3713 nobis
2547 3659 2864 3715 tribuentes.
2895 3661 3051 3728 Quod
3097 3679 3266 3734 usque
3296 3666 3458 3722 hodie

1863 3751 2066 3820 absque
2097 3751 2206 3805 ulla
2237 3751 2667 3806 contradictione
2717 3754 3004 3821 habentes,
3031 3763 3179 3811 tuam
3209 3767 3455 3814 sanctam
3496 3797 3512 3802 ι

1865 3841 2280 3907 fraternitatem,
2317 3859 2438 3913 quae
2464 3859 2565 3899 uos
2590 3859 2804 3916 semper
2836 3853 2892 3902 et
2930 3862 3188 3920 adjuvare
3225 3859 3280 3906 et
3327 3867 3458 3908 con-

1864 3934 2030 3990 solari
2072 3944 2442 4000 consueverat,
2491 3952 2746 4007 rogamus
2775 3947 2831 3994 et
2863 3941 3234 4011 obsecramus,
3280 3952 3340 4000 ut
3376 3946 3458 4002 vi-

1864 4028 1992 4084 deas
2038 4037 2094 4082 et
2120 4029 2433 4086 consideres
2460 4031 2588 4100 quid
2630 4032 2786 4088 nobis
2834 4035 3019 4090 utilius
3064 4040 3330 4108 agendum
3361 4041 3452 4096 sit.

1864 4117 2056 4175 Omnia
2087 4121 2233 4176 enim
2279 4122 2376 4177 tibi
2425 4131 2553 4178 nota
2594 4133 2757 4192 sunt;
2805 4127 2984 4182 ethoc
3010 4135 3064 4183 et
3096 4128 3246 4189 illud.
3290 4131 3450 4198 quid-

1865 4211 1994 4281 quid
2022 4212 2120 4267 tibi
2159 4213 2362 4268 bonum
2393 4213 2626 4281 videtur,
2661 4217 2765 4271 hoc
2796 4232 2882 4272 me
2910 4218 3085 4273 fateor
3121 4219 3244 4275 laeto
3271 4221 3453 4276 animo

1865 4300 2060 4357 fecisse
2078 4311 2154 4367 ,et
2185 4311 2336 4358 tuum
2361 4305 2578 4360 salubre
2603 4307 2884 4362 consilium
2909 4309 2964 4364 in
2989 4310 3135 4365 nullo
3158 4311 3449 4380 sprevisse.

1867 4392 1927 4448 Si
1957 4394 2053 4450 tibi
2086 4396 2318 4461 videtur,
2350 4405 2411 4451 ut
2438 4399 2506 4453 ad
2543 4415 2637 4454 vos
2662 4416 2972 4471 pergamus,
3009 4403 3190 4469 utiles,
3224 4411 3281 4456 ut
3336 4418 3454 4459 cre-

155 4499 405 4555 ιιειεοιοι»
428 4497 716 4565 ειιιη-ίιειρ,
755 4513 819 4554 ea
863 4500 1210 4570 potissimum
1244 4516 1429 4567 causa,
1459 4501 1586 4572 quia
1614 4501 1758 4556 salu-
1786 4524 1840 4585 ι)
1867 4488 2063 4553 dimus,
2113 4489 2214 4585 viri
2251 4499 2415 4585 ettut
2445 4493 2615 4559 aiunt,
2660 4497 2788 4550 boni
2818 4497 2873 4551 in
2913 4507 3102 4553 nostro
3144 4498 3455 4553 desiderant

154 4592 304 4646 taria
334 4590 640 4646 dilectionis
688 4601 960 4662 prtecepta
1011 4594 1332 4660 divinitatis,
1373 4594 1540 4649 indita
1598 4595 1757 4650 nobis

151 4698 558 4747 rememorans,
601 4697 700 4737 nec
732 4697 840 4738 non
887 4692 943 4738 et
989 4683 1300 4754 aliquandiu
1346 4684 1612 4741 fautorem
1642 4686 1756 4741 sive

150 4773 536 4829 consiliarium
565 4773 828 4842 adoptans
871 4775 1145 4832 laboribus
1198 4785 1398 4833 nostra:
1449 4779 1752 4848 parvitatis,

150 4879 324 4934 quem
363 4863 678 4918 misericors
727 4864 971 4919 omnium
1001 4866 1265 4923 bonorum
1315 4869 1544 4940 largitor
1575 4871 1751 4937 nobis,

148 4954 208 5008 in
242 4963 300 5008 te
336 4968 433 5008 sua
471 4954 704 5026 benigna
729 4955 1104 5025 providentia,
1151 4967 1210 5013 ut
1235 4961 1526 5027 credimus,
1552 4978 1756 5032 pmor-

147 5047 386 5130 dinavit.
422 5046 785 5120 Quapropter,
822 5047 1135 5106 dulcissime
1162 5051 1352 5120 frater,
1383 5055 1439 5109 in
1480 5070 1753 5124 quascun-

146 5155 262 5210 que
310 5147 514 5194 sancta:
539 5140 691 5209 pacis
730 5139 962 5196 ditiones
993 5143 1233 5209 vocabis,
1263 5144 1474 5209 lubens,
1524 5145 1756 5205 festinus

146 5233 512 5305 gaudensque
537 5239 702 5299 totus,
726 5234 886 5305 pleno
909 5235 1073 5291 corde
1111 5237 1360 5292 advenio.
1393 5238 1618 5310 Insuper
1637 5240 1756 5309 plu-

146 5324 318 5379 rimis
361 5325 798 5380 obsecrationem
846 5325 1104 5395 lacrymis
1157 5327 1437 5396 deprecor,
1473 5337 1534 5382 ut
1578 5330 1756 5385 nostri

144 5415 693 5489 quantulaecunque
716 5419 771 5473 in
801 5419 909 5474 tuis
931 5420 1135 5476 sanctis
1170 5422 1512 5478 orationibus
1555 5424 1756 5480 habere

145 5512 484 5570 memoriam
514 5513 773 5584 digneris,
806 5529 1126 5586 semperque
1149 5517 1288 5570 bene
1317 5526 1510 5587 emptae
1537 5518 1757 5588 pietatis

143 5604 433 5679 promissa
473 5606 769 5672 custodias,
797 5607 924 5677 quia
971 5609 1341 5678 perseveranti
1386 5611 1620 5682 gloriosa
1672 5627 1758 5669 re-

145 5698 483 5757 tributionis
531 5700 861 5771 impenditur
901 5716 1101 5758 corona
1125 5743 1140 5767 ,
1193 5717 1513 5776 mercesque
1565 5704 1758 5762 futurae

147 5791 448 5854 felicitatis
490 5793 547 5849 in
595 5794 702 5849 line
748 5795 1010 5866 cujusque
1055 5797 1238 5868 operis
1285 5805 1580 5868 spectatur.
1621 5797 1760 5856 Illud

621 5907 881 5984 ΡΔτιιιιοι..
913 5910 1139 5976 XCVI.

1861 4595 1983 4635 esse
2004 4580 2286 4636 comitatu.
2319 4581 2413 4636 Sin
2441 4593 2622 4639 autem
2647 4585 2792 4640 aliud
2820 4587 2996 4656 magis
3020 4587 3218 4657 placet,
3248 4595 3449 4654 tamen,

1859 4688 1982 4728 cum
2018 4681 2206 4728 nostro
2229 4690 2478 4731 sermone
2503 4685 2558 4731 et
2606 4677 2854 4744 consilio,
2895 4679 2941 4732 si
2983 4680 3135 4734 vobis
3174 4680 3254 4736 sic
3297 4681 3448 4736 vide-

1860 4772 1967 4831 tur,
1999 4766 2221 4823 visitare
2259 4783 2354 4824 vos
2391 4770 2720 4824 desiderant.
2773 4771 2849 4824 De
2899 4787 3004 4840 qua
3049 4787 3128 4836 re,
3187 4772 3315 4842 quid
3351 4773 3452 4828 tibi

1858 4860 2071 4915 videtur
2119 4860 2205 4916 fac
2242 4862 2495 4918 sciamus.
2534 4861 2642 4916 Sed
2684 4861 2811 4929 quid
2859 4862 3030 4931 magis
3074 4878 3278 4929 moror,
3324 4879 3450 4920 cum

1858 4953 2052 5010 litterae
2081 4963 2185 5010 tua:
2207 4971 2378 5025 usque
2412 4954 2479 5009 ad
2514 4969 2612 5009 nos
2640 4955 2880 5020 veniunt,
2913 4969 3064 5024 quas,
3106 4963 3164 5010 ut
3195 4956 3284 5010 isti
3311 4971 3452 5026 prae-

1858 5048 1999 5102 senti
2036 5049 2289 5119 portitori
2325 5049 2630 5103 litterarum
2661 5063 2903 5102 mearum
2941 5049 3170 5114 tribuas,
3195 5051 3451 5106 obsecra-

1858 5157 2000 5195 mus.
2053 5139 2323 5210 Quidquid
2369 5140 2426 5193 in
2472 5139 2576 5195 illis
2611 5137 2860 5207 jusseris,
2904 5148 2998 5193 aut
3043 5140 3300 5205 suaseris,
3339 5141 3451 5196 Deo

1857 5237 2204 5306 permittente
2233 5245 2288 5292 et
2314 5237 2424 5291 vita
2458 5236 2675 5300 comite,
2725 5235 2954 5290 libenter
2993 5233 3274 5290 faciemus.
3315 5233 3451 5289 Mul-

1857 5336 1970 5383 tum
2001 5328 2116 5399 jam
2142 5331 2268 5385 vitae
2289 5339 2486 5386 nostne
2511 5329 2820 5384 fluctuando
2847 5338 2903 5384 et
2927 5329 3264 5401 negligendo,
3292 5328 3450 5398 quasi

1857 5431 2012 5480 extra
2050 5437 2151 5477 nos
2187 5422 2310 5487 fusi,
2357 5421 2684 5492 peregimus,
2716 5421 2930 5476 tandem
2972 5421 3261 5491 aliquando
3291 5427 3350 5475 ut
3383 5419 3450 5475 ad

1857 5514 2216 5584 nosmetipsos
2250 5514 2554 5577 redeamus,
2592 5528 2813 5568 necesse
2853 5519 2956 5578 est,
3007 5513 3239 5568 scientes
3280 5512 3448 5580 scrip-

1859 5616 1975 5664 tum
2004 5607 2148 5677 quod
2176 5606 2266 5678 qui
2309 5607 2530 5660 seminat
2565 5606 2622 5659 in
2667 5605 2936 5676 lacrymis,
2958 5606 3015 5659 in
3041 5604 3235 5675 gaudio
3263 5611 3447 5666 metet,

1859 5708 1913 5757 et
1935 5699 2056 5755 ideo
2082 5699 2209 5754 vitae
2237 5707 2438 5754 nostrae
2459 5697 2601 5767 quod
2623 5706 2813 5764 restat,
2841 5713 2963 5754 eum
2993 5708 3177 5752 vestro
3224 5694 3444 5752 consilit.‘

1861 5803 2234 5850 transcurrere
2281 5805 2558 5850 curamus.
2608 5790 2684 5846 De
2716 5798 2911 5846 caetero
2955 5795 3136 5843 autem
3162 5789 3208 5842 si
3261 5787 3314 5840 in
3359 5799 3436 5842 re-

2854 5904 3004 5982 .27
