3952 6318
232 386 333 482 iis

1686 406 2070 473 EPISTOLE.

3397 414 3503 477 8M

227 524 426 594 dravia
452 532 593 597 forte
619 530 850 605 postulo,
890 529 988 588 sed
1018 522 1156 587 nihil
1192 541 1356 604 grave
1376 539 1520 585 verae
1545 510 1802 585 charitati
1831 514 1885 591 Δ
1908 524 2107 581 comite
2132 530 2189 580 et
2223 522 2336 580 Deo
2374 525 2706 581 concedente
2727 563 2742 591 ,
2782 523 2926 595 quod
2968 521 3132 595 iubes
3171 525 3351 585 facere
3389 529 3505 588 dis-

226 625 471 701 injungo.

753 706 1089 772 EPISTOLA
1107 710 1281 770 XXX.

685 863 1082 909 WIGBIRTUS
1125 860 1366 905 LULLO.

613 927 792 1032 (Circa
814 978 1012 1019 annum
1045 960 1261 1018 Domini
1286 956 1444 1030 76%.)

296 1097 529 1155 Domino
551 1101 741 1151 sancto
769 1110 832 1151 ac
842 1091 1179 1157 beatissimo,
1194 1089 1434 1160 mihique
1446 1085 1591 1144 omni
1618 1082 1815 1142 aﬂectu

221 1188 444 1263 semper
461 1186 783 1244 charissimo
795 1184 961 1261 Lulla:
978 1182 1152 1256 gratia
1168 1182 1262 1238 Dei
1276 1181 1547 1251 episeopo,
1562 1176 1814 1250 Wigber-

219 1293 311 1359 tus
332 1284 562 1356 exiguus
583 1279 802 1359 familia;
825 1277 1026 1335 Christi
1052 1276 1287 1333 famulus
1308 1271 1815 1331 immareescibilem

217 1358 569 1453 sempiternae
586 1358 862 1449 sospitatis
888 1373 1138 1453 salutem.
1160 1446 1169 1471 ε

226 1558 237 1569 ς
292 1493 491 1564 Magno
511 1490 715 1549 etenim
735 1488 974 1562 repletus
996 1502 1116 1545 sum
1145 1483 1362 1559 gaudio,
1392 1480 1655 1552 valdeque
1676 1476 1815 1535 hila-

216 1587 395 1647 rescit
419 1586 636 1644 animus
666 1597 842 1651 ruens,
891 1582 1108 1654 cognita
1147 1595 1181 1636 a
1223 1574 1498 1653 nonnullis
1528 1584 1622 1631 tua
1651 1575 1813 1631 beata

219 1680 507 1751 sospitate.
531 1676 834 1747 Quamque,
857 1673 956 1732 Dei
980 1672 1155 1745 gratia
1195 1668 1544 1735 concedente,
1581 1674 1644 1723 ut
1668 1681 1814 1723 sem-

216 1789 330 1846 per,
354 1774 578 1837 habeas,
605 1778 886 1842 optamus,
918 1779 1324 1837 memoremque
1366 1762 1539 1819 nostri
1583 1776 1705 1817 esse
1756 1759 1814 1816 in

219 1869 331 1925 tuis
364 1865 572 1925 unctis
603 1862 969 1931 orationibus,
992 1860 1092 1917 Dei
1124 1857 1299 1930 gratia
1343 1853 1716 1925 concedente,
1753 1858 1809 1925 et

216 1960 421 2018 vestris
442 1957 674 2023 meritis,
710 1963 773 2014 ut
791 1954 1084 2019 credimus,
1114 1938 1555 2021 suifragantibus,
1593 1942 1711 2009 sani
1754 1949 1811 2018 et

218 2051 526 2108 incolumes
568 2063 721 2107 mare
767 2028 1150 2110 transivimus,
1187 2050 1538 2113 nostramque
1576 2036 1811 2116 patriam

215 2142 571 2217 pervenimus
591 2181 608 2208 ,
653 2146 944 2209 vestraque
988 2138 1128 2195 (lena
1164 2133 1463 2207 episcopis,
1522 2129 1811 2197 abbatibus

218 2236 527 2305 amicisque
558 2232 753 2289 vestris
776 2273 792 2297 ,
836 2231 977 2287 sicut
1024 2228 1323 2284 mandastis
1345 2268 1360 2292 ,
1400 2225 1717 2290 obtulimus,
1756 2229 1812 2301 et

218 2327 383 2402 iuxta
415 2326 683 2384 modulum
706 2324 893 2383 nostri
914 2322 1430 2396 ingeniisermones
1457 2325 1670 2372 vestros
1717 2313 1812 2369 vd-

216 2420 597 2489 luntatemque
619 2425 856 2473 vestram
879 2415 1135 2479 intimare
1157 2411 1487 2469 curavimus.
1518 2408 1600 2465 liii
1628 2414 1810 2462 autem

218 2509 474 2567 fecerunt
495 2509 634 2565 sicut
658 2516 817 2564 erant
855 2506 1053 2573 edocti,
1085 2505 1384 2570 humiliter,
1425 2508 1814 2573 gratanterque

215 2602 408 2660 omnia
430 2600 810 2672 suscipientes,
844 2613 1072 2675 magnas
1096 2596 1303 2668 gratias
1326 2594 1543 2673 Christo
1583 2591 1812 2647 Domino

217 2693 544 2759 referentes,
563 2691 906 2763 quodvestra
931 2688 1235 2749 sublimitas
1260 2701 1451 2744 eorum
1486 2683 1813 2755 parvitatem

216 2800 321 2858 per
349 2784 492 2841 dona
537 2782 808 2852 simulque
843 2790 901 2837 et
946 2780 1161 2837 litteras
1182 2778 1412 2835 visitare
1448 2776 1669 2853 dignata
1704 2780 1809 2842 est,

223 2884 567 2947 vestramque
595 2873 1031 2931 communionem
1050 2880 1105 2926 et
1130 2870 1350 2926 familiae
1379 2877 1577 2924 vestra:
1602 2866 1810 2922 instan-

224 2970 358 3025 tiam
379 2968 687 3026 orationum
714 2981 929 3036 semper
951 2979 1008 3021 se
1037 2964 1319 3020 habituros
1345 2976 1465 3017 esse
1489 2959 1814 3032 promitten-

218 3046 339 3126 tes;
384 3072 688 3128 nomenque
717 3066 888 3122 tuum,
918 3064 979 3111 ut
1005 3054 1455 3111 charissimorum
1482 3065 1725 3115 suorum,
1753 3048 1810 3105 in

220 3155 467 3212 ecclesiis
510 3154 624 3210 suis
666 3152 965 3209 scribentes
987 3191 1001 3216 ,
1038 3149 1463 3219 memoriamque
1488 3146 1569 3201 tui
1594 3152 1705 3200 tam
1729 3142 1813 3197 vi-

222 3246 401 3303 ventis
417 3260 578 3316 quam
602 3243 839 3299 defuncti
852 3241 1055 3313 jugiter
1072 3254 1130 3295 se
1144 3239 1381 3295 facturos
1399 3252 1520 3294 esse
1536 3236 1805 3299 dicentes,

222 3336 593 3409 epistulasque
632 3349 760 3411 suas
806 3333 1073 3393 missuros
1102 3331 1359 3411 scriptas,
1412 3335 1473 3383 ut
1502 3327 1583 3383 eis
1610 3325 1808 3397 placet,

222 3406 715 3505 prgnittenteﬁque
740 3427 924 3505 omnia
954 3412 1073 3496 qua:
1098 3406 1272 3495 longis
1313 3406 1656 3481 sermonibus
1689 3437 1815 3493 pro-

226 3494 517 3585 tra‘iimus,
557 3494 658 3575 iste
679 3498 911 3590 portitor
932 3494 1125 3573 harum
1150 3494 1454 3572 litterarum
1500 3514 1693 3571 melius
1716 3511 1815 3569 tibi

227 3612 413 3668 verbis
464 3610 721 3666 intimare
761 3617 980 3679 potest,
1029 3622 1190 3680 quem
1237 3608 1390 3664 vobis
1433 3606 1816 3677 presbyterum

228 3705 603 3760 transmittere
657 3692 998 3769 curavimus;
1044 3703 1325 3757 credentes
1374 3708 1429 3756 et
1479 3699 1815 3756 conﬁdentes

227 3798 372 3870 quod
398 3797 530 3852 utile
555 3812 652 3853 vas
678 3796 749 3852 sit
777 3796 833 3851 in
858 3796 1017 3850 domo
1052 3793 1289 3859 Domini,
1317 3809 1477 3863 quem
1503 3802 1561 3847 ut
1582 3792 1816 3861 benigne

224 3896 283 3946 et
307 3886 625 3950 honoriﬁce,
664 3885 709 3941 si
730 3884 926 3957 dignus
956 3884 1044 3949 sit,
1074 3891 1255 3939 vestra
1278 3882 1541 3939 sanctitas
1568 3882 1817 3951 accipere

225 3987 285 4038 et
302 3979 523 4042 habere,
548 3976 691 4047 quod
721 3984 910 4031 noster
933 3984 989 4035 et
1014 3975 1222 4033 amicus
1254 3983 1311 4031 et
1339 3975 1672 4053 propinquus
1701 3980 1812 4037 est,

229 4070 451 4141 dignata
475 4069 563 4133 sit,
601 4068 970 4124 obsecramus.
998 4064 1108 4122 Nos
1133 4065 1314 4134 igitur,
1341 4061 1483 4137 quod
1508 4064 1687 4119 celare
1706 4076 1817 4118 non

229 4176 548 4236 possumus,
578 4159 740 4215 amici
783 4167 840 4213 et
861 4159 1144 4230 propinqui
1175 4156 1347 4211 nostri
1380 4156 1484 4210 isto
1521 4150 1662 4209 annb
1697 4169 1728 4207 a
1757 4167 1816 4209 se

229 4254 539 4323 relinquere
552 4252 763 4315 uolunt,
785 4257 840 4305 et
860 4250 982 4305 ideo
1003 4248 1222 4304 nuntios
1245 4262 1394 4302 meos
1412 4247 1480 4301 ad
1504 4262 1599 4301 vos
1618 4243 1816 4310 direxi,

229 4347 525 4403 obsecrans
551 4357 649 4399 vos
673 4340 865 4398 humili
885 4339 1275 4411 supplicatione
1302 4352 1401 4409 per
1421 4336 1636 4392 Domini
1657 4326 1821 4392 mise-l

231 4436 549 4504 ricordiam,
587 4444 644 4491 ut
667 4443 724 4490 et
743 4442 869 4490 vota
898 4441 955 4490 et
989 4447 1286 4497 sermones,
1325 4430 1521 4501 quibus
1555 4445 1644 4485 me
1667 4431 1821 4487 vobis

234 4527 557 4593 constrinxi,
582 4533 763 4582 vestra
784 4523 1072 4580 clementia
1098 4523 1318 4593 dignata
1344 4520 1416 4601 sit
1446 4520 1726 4578 absolvere
1765 4526 1821 4577 et

235 4812 429 4873 Deum,
457 4804 602 4876 quod
622 4811 810 4860 contra
839 4802 1172 4858 voluntatem
1204 4807 1351 4855 tuam
1388 4799 1536 4855 nulla
1586 4798 1825 4871 dignitas

235 4898 405 4964 saecli,
432 4895 581 4953 nulla
613 4892 890 4951 saecularis
913 4892 1171 4955 amicitia,
1202 4905 1290 4947 me
1316 4891 1407 4947 hic
1426 4889 1535 4946 ullo
1556 4891 1717 4948 modo
1740 4906 1827 4949 re-

236 4991 415 5046 tinere
438 4994 637 5059 potest,
670 4985 905 5040 maxime
924 4974 1071 5054 quod
1092 4991 1146 5038 te
1177 4994 1339 5053 super
1363 4996 1554 5039 omnes
1577 4982 1827 5039 homines

233 5082 426 5161 diligo,
454 5074 598 5137 De’us
624 5070 776 5135 testis
797 5084 900 5134 est.
941 5074 1001 5132 Si
1025 5083 1206 5132 autem
1237 5076 1335 5131 tibi
1360 5077 1561 5131 bonum
1588 5075 1821 5141 videtur,

234 5166 294 5237 et
322 5166 414 5233 tua
442 5173 694 5232 voluntas
715 5168 805 5238 sit,
833 5177 892 5225 ut
918 5168 987 5247 ad
1008 5184 1103 5225 vos
1126 5168 1286 5224 citius
1310 5167 1546 5232 redeam,
1571 5166 1828 5223 Ecclesia:

235 5276 298 5325 et
323 5265 650 5329 ministerio,
679 5264 768 5319 cui
788 5270 915 5319 ante
935 5261 1223 5326 deservivi,
1243 5274 1330 5315 me
1344 5259 1607 5325 dimittas,
1631 5250 1699 5315 de
1719 5274 1829 5316 uno

236 5373 377 5437 rogo
395 5362 451 5417 et
472 5358 721 5415 Obsecro.
744 5354 922 5413 Amici
947 5355 1075 5420 mei,
1097 5362 1153 5410 et
1170 5353 1481 5426 propinqui,
1518 5360 1574 5409 et
1600 5359 1826 5431 terram,

238 5426 708 5513 etvhaareditatem
757 5462 912 5505 suam
947 5445 1079 5502 mihi
1114 5444 1460 5517 promittunt,
1489 5450 1545 5499 et
1571 5443 1702 5500 dare
1727 5426 1834 5501 dis-

237 5554 473 5620 ponunt,
502 5547 550 5601 si
579 5546 672 5601 hic
692 5554 819 5601 cum
838 5542 919 5599 eis
940 5556 1262 5614 permanere
1298 5541 1562 5611 dispono;
1604 5538 1690 5595 sin
1731 5554 1833 5596 au-

242 5648 387 5705 tem,
426 5632 955 5706 alienis'permittere
983 5632 1201 5687 debent.
1242 5629 1467 5696 Etideo,
1496 5629 1571 5684 mi
1596 5629 1830 5697 domine,

240 5748 348 5806 per
374 5718 716 5807 prudentiam
738 5735 889 5783 tuam
913 5731 967 5780 et
987 5738 1082 5780 cor
1101 5721 1460 5793 intelligibiie,
1483 5724 1758 5793 pertracta
1780 5726 1837 5776 et

190 5878 199 5883 ,
242 5820 535 5879 considera
586 5818 718 5890 quid
748 5818 846 5875 tibi
880 5817 1082 5874 bonum
1121 5814 1337 5871 videtur
1390 5821 1446 5870 et
1494 5820 1705 5869 rectum
1724 5852 1739 5877 ,
1780 5818 1837 5867 et

248 5915 423 5982 illud,
480 5920 540 5972 ut
597 5911 745 5982 dixi,
815 5924 913 5981 per
949 5908 1160 5968 litteras
1214 5906 1427 5966 intima.
1468 5904 1594 5964 Vita
1632 5904 1836 5967 etenim

1837 1884 1889 1961 ἢ

1824 6006 1909 6019 Α-.

1872 654 1875 665 ι
1914 629 2077 689 pono.

1985 707 2242 769 Orantem
2298 721 2399 779 pro
2460 708 2616 764 nobis
2673 707 3065 764 beatitudinem
3123 715 3361 766 vestram
3421 711 3504 769 di-

1913 799 2037 947 Xina
2065 799 2439 858 misericordia
2474 800 2529 857 in
2551 807 2876 873 perpetuum
2912 801 3190 859 custodire
3227 801 3503 875 dignetur.

1963 906 2108 947 men.
2936 918 2939 923 ·

1963 906 2108 947 men.
2936 918 2939 923 ·

1985 982 2100 1055 Ego
2137 982 2407 1041 Hrothuin
2466 983 2740 1056 quondam
2799 992 3066 1056 cognatus
3104 993 3232 1043 tuus
3258 1024 3275 1053 ,
3326 987 3505 1045 saluto

1912 1081 1973 1165 te
1992 1117 2007 1143 ,
2048 1076 2279 1132 multum
2340 1091 2537 1149 rogans
2585 1082 2661 1165 uti
2692 1076 2953 1146 quidquid
3001 1077 3505 1146 reprehensibiliter

1915 1167 2179 1237 scriptum
2242 1167 2483 1237 reperies
2501 1205 2515 1233 ,
2574 1164 2805 1225 indoctae
2874 1166 3163 1235 imperitiae
3227 1167 3500 1239 ignoscas.

1915 1256 2168 1326 Utinam,
2221 1261 2268 1316 si
2300 1261 2419 1315 ﬁeri
2449 1267 2657 1332 potest,
2698 1265 2754 1313 et
2786 1259 2832 1313 si
2869 1258 2964 1313 Dei
3001 1257 3251 1314 voluntas
3288 1259 3403 1326 sit,
3442 1266 3505 1315 ut

1913 1351 2054 1410 facie
2090 1354 2159 1409 ad
2200 1352 2398 1411 faciem
2450 1353 2728 1410 videamus
2772 1352 2907 1408 nosl
2957 1350 3088 1407 Vale
3133 1359 3190 1407 et
3230 1359 3504 1409 memento

1913 1446 2110 1502 nostri.

1987 1538 2255 1595 Macarius
2274 1538 2479 1608 polaris
2510 1536 2647 1594 aula:
2663 1544 3018 1608 pantoerator
3040 1534 3277 1592 clemens
3290 1533 3385 1591 diu
3404 1547 3504 1591 vos

1914 1632 2214 1691 incolumes
2237 1633 2516 1690 custodire
2554 1633 2828 1703 dignetur.

2409 1740 2747 1799 EPISTULA
2797 1740 2992 1797 XXX].

2409 1846 2611 1890 LULLUS
2646 1848 2995 1888 CUTBBER’I‘O.

2285 1925 2463 1998 (Circa
2490 1942 2686 1980 annum
2716 1924 2931 2006 Domini
2975 1922 3124 1996 77%.)

1986 2015 2188 2075 Sancto
2212 2031 2276 2072 ac
2295 2015 2592 2073 venerabili
2624 2018 2678 2070 in
2712 2014 2931 2071 Christo
2983 2014 3146 2069 fratri
3198 2012 3503 2070 Cuthberto

1912 2094 2094 2167 abbati
2119 2108 2305 2164 Lullus
2318 2109 2546 2179 exiguus
2565 2121 2756 2163 servus
2778 2120 3061 2162 servorum
3090 2105 3186 2161 Dei
3207 2118 3505 2182 perennem

1911 2202 1969 2261 in
1991 2203 2207 2260 Christo
2230 2201 2482 2257 salutem.

1984 2293 2237 2351 Charitas
2258 2308 2378 2363 qua:
2406 2290 2656 2347 desinere
2684 2290 2858 2346 nescit
2881 2302 3161 2359 nunquam
3187 2286 3504 2354 veterascit,

1858 2400 1867 2409 ‘
1913 2387 2116 2445 interni
2140 2387 2393 2442 ardorem
2433 2385 2575 2457 ignis
2597 2385 2688 2439 vix
2712 2384 2768 2437 in
2794 2397 2854 2438 se
2881 2382 2995 2438 sola
3031 2381 3313 2437 continere
3332 2380 3503 2435 valet.

1910 2476 2121 2537 idcirco
2147 2477 2349 2549 placuit
2380 2484 2582 2533 nostrae
2623 2475 2988 2531 mediocritati
3015 2474 3084 2530 de
3115 2480 3210 2529 tua
3245 2473 3507 2544 sospitate
3616 2546 3621 2549 ‘

1913 2582 2260 2642 cognoscere,
2289 2574 2348 2623 ut
2373 2576 2552 2624 tecum
2589 2568 2646 2622 in
2673 2566 2904 2622 Domino
2941 2565 3269 2636 gratularer,
3305 2571 3368 2617 ut
3396 2562 3505 2620 sci-

1914 2678 2034 2730 res,
2060 2678 2180 2734 quze
2207 2663 2355 2718 circa
2388 2660 2736 2732 fragilitatem
2779 2672 2957 2714 meam
2977 2656 3126 2726 justo
3167 2655 3375 2726 judicio
3407 2655 3505 2710 Dei

1915 2752 2200 2831 geruntur.
2225 2755 2406 2828 Cogor
2429 2754 2575 2810 enim
2598 2753 2857 2809 continua
2888 2752 3137 2821 corporis
3180 2749 3506 2822 aegritudine

1915 2845 1981 2909 de
2013 2852 2118 2908 hac
2137 2851 2257 2907 luce
2286 2849 2548 2923 fugitiva,
2580 2856 2635 2905 et
2661 2846 2801 2903 valle
2844 2845 3211 2918 lacrymarum
3236 2885 3252 2911 ,
3310 2845 3401 2915 pio
3449 2850 3508 2899 et

1915 2936 2393 3002 districto'Judici
2443 2944 2712 2999 rationem
2766 2939 3079 2996 redditurus
3107 2939 3364 3010 migrare.
3421 2935 3507 2993 ld-

1913 3038 2068 3094 ciroo
2091 3034 2410 3106 suppliciter
2435 3035 2687 3100 obsecro,
2715 3039 2776 3086 ut
2798 3045 2900 3101 pro
2938 3030 3135 3086 anima:
3158 3043 3295 3085 mea:
3331 3026 3508 3087 salute

1914 3128 2132 3183 enixius
2167 3127 2456 3182 Dominum
2501 3123 2832 3195 depreceris.
2889 3121 3135 3177 Misimus
3184 3121 3350 3176 etiam
3400 3128 3508 3174 tute

1874 3216 1885 3289 ζ
1917 3221 2191 3277 dilectioni
2226 3235 2394 3291 parva
2426 3218 2765 3283 munuscula,
2796 3231 2960 3271 unam
3006 3214 3208 3287 pallam
3241 3213 3510 3269 holoseri-

1919 3329 2059 3385 eam.
2100 3314 2344 3371 Petimus
2370 3314 2535 3368 etiam
2559 3319 2620 3366 ut
2638 3312 2707 3366 ad
2734 3308 3163 3365 consolationem
3196 3322 3302 3362 non
3332 3306 3509 3362 solum

1916 3407 2391 3480 peregrinationis,
2416 3404 2511 3461 sed
2539 3404 2704 3461 etiam
2734 3398 3069 3459 inﬁrmitatis
3092 3407 3314 3465 nostrae,
3338 3398 3509 3456 libros

1919 3504 2056 3559 istos
2076 3515 2107 3556 a
2128 3502 2301 3557 beata:
2322 3494 2598 3555 memoria:
2628 3499 2771 3553 Beda
2810 3497 3109 3567 expositos,
3163 3495 3381 3550 mittere
3427 3494 3512 3550 di-

1919 3596 2144 3673 gneris,
2188 3594 2253 3648 de
2316 3590 2698 3647 Ediﬁcatione
2763 3587 2980 3657 templi,
3040 3585 3124 3640 vel
3181 3585 3237 3640 in
3278 3583 3507 3639 Cantica

1921 3687 2278 3751 canticorum,
2307 3685 2421 3740 sive
2448 3682 2895 3754 epigrammatum
2921 3676 3141 3732 heroico
3181 3682 3356 3731 metro
3393 3675 3510 3731 sive

1920 3779 2160 3849 elegiaco
2182 3775 2607 3846 compositorum
2634 3812 2649 3838 ,
2677 3771 2723 3827 si
2759 3770 2878 3825 ﬁeri
2909 3775 3118 3840 potest,
3155 3780 3380 3832 omnes;
3421 3764 3510 3820 sin

1922 3878 2139 3935 autem,
2178 3868 2245 3925 de
2270 3865 2657 3922 Ediiicatione
2681 3861 2869 3932 templi
2916 3860 3086 3916 libros
3122 3866 3255 3913 tres.
3295 3856 3514 3913 Fortas-

1923 3961 1998 4019 sis
2030 3959 2263 4015 diilicilis
2290 3957 2499 4029 petitio,
2531 3955 2626 4011 sed
2667 3952 2801 4009 nihil
2845 3952 3086 4009 arbitror
3124 3963 3247 4007 esse
3290 3946 3513 4006 diiiicile

1921 4065 2065 4108 verae
2090 4047 2366 4106 eliaritati.

1997 4141 2180 4212 Usque
2208 4141 2275 4194 ad
2310 4138 2643 4209 decrepitam
2666 4128 2849 4192 valeas
2874 4142 3089 4191 aetatem
3113 4144 3239 4189 cum
3259 4129 3516 4189 omnibus

1924 4234 2017 4307 qui
2046 4242 2224 4289 tecum
2249 4231 2479 4286 Domino
2510 4230 2622 4285 Deo
2642 4228 2975 4285 deserviunt.

1995 4324 2226 4380 Nomina
2261 4336 2476 4393 quoque
2510 4319 2740 4376 fratrum
2779 4328 2835 4375 et
2867 4319 3167 4375 amicorum
3200 4322 3515 4373 nostrorum

1924 4415 1993 4474 de
2012 4416 2115 4471 hac
2129 4414 2250 4471 luce
2268 4413 2621 4486 migrantium
2642 4422 2751 4469 tua:
2773 4411 3031 4470 charitati
3049 4402 3513 4476 commendantes,

1881 4540 1887 4547 ι
1923 4523 2050 4567 aute
2069 4513 2263 4567 sunt...

234 4527 557 4593 constrinxi,
582 4533 763 4582 vestra
784 4523 1072 4580 clementia
1098 4523 1318 4593 dignata
1344 4523 1416 4601 sit
1446 4523 1726 4578 absolvere
1765 4526 1821 4577 et
1881 4540 1897 4608 ς.
1923 4523 2050 4582 quae

232 4638 333 4696 per
360 4620 647 4694 epistolam
672 4627 842 4685 tuam,
883 4633 982 4689 per
1009 4616 1227 4672 nuntios
1273 4630 1425 4672 meos
1463 4621 1816 4680 revertentes,
1842 4629 1900 4693 1)

234 4714 367 4787 quid
391 4727 555 4784 agere
591 4709 817 4767 debeam
870 4709 1133 4764 insinues.
1163 4706 1363 4773 Fateor
1385 4706 1532 4761 enim
1574 4705 1674 4762 tibi
1722 4718 1822 4775 per
1866 4712 1874 4717 ‘

2425 4596 2764 4655 EPISTOLA
2801 4595 3021 4653 XXXII.

2353 4704 2801 4749 GYNBWULFUS
2850 4703 3080 4745 ιῠιιο.

2314 4780 2495 4857 (Circa
2515 4798 2714 4837 annum
2742 4781 2955 4835 Domini
2988 4777 3139 4850 772.)

1998 4877 2228 4934 Domino
2256 4874 2573 4932 beatissimo
2614 4880 2671 4929 et
2711 4872 2932 4951 speciali
2977 4884 3164 4926 amore
3206 4868 3519 4928 venerando

1924 4968 2082 5030 Lullo
2114 4968 2368 5041 episcopo
2414 4981 2517 5038 ego
2541 4960 2920 5038 Cynewuii’us,
2974 4974 3069 5019 rex
3098 4958 3517 5018 ocCidentalium

1929 5063 2227 5130 Saxonum,
2250 5076 2359 5119 una
2381 5076 2506 5121 cum
2532 5058 2801 5130 episcopis
2835 5056 2992 5126 meis,
3023 5071 3250 5115 necnon
3281 5068 3405 5111 cum
3426 5068 3520 5110 ca.

1903 5198 1907 5202 -
1930 5164 2081 5213 torva
2103 5164 2470 5229 satraparum,
2489 5161 2753 5210 aternam
2775 5150 3054 5224 sospitatis
3080 5151 3140 5210 in
3168 5149 3400 5209 Domino
3420 5162 3517 5207 sa-

1929 5246 2122 5305 lutem.

2005 5340 2128 5397 Tibi
2162 5340 2521 5399 testificamur
2538 5338 2683 5411 quod
2704 5335 2864 5408 juxta
2889 5336 3110 5397 modum
3146 5343 3352 5394 nostrae
3387 5346 3520 5407 pos-

1933 5433 2236 5499 sibilitatis,
2276 5430 2543 5505 quidquid
2565 5439 2659 5488 tua
2685 5432 2947 5489 sanctitas
2967 5416 3378 5496 desideraverit,
3402 5427 3520 5485 sive

1927 5527 2175 5603 jusserit,
2199 5525 2435 5583 libenter
2462 5540 2626 5598 agere
2646 5525 2823 5597 parati
2848 5541 3058 5591 sumus,
3090 5532 3154 5579 ut
3186 5538 3313 5581 cum
3360 5533 3519 5577 reve-

1935 5620 2262 5682 rendissimo
2285 5627 2340 5676 et
2366 5619 2711 5678 sanctissimo
2735 5620 2856 5675 viro
2878 5620 2973 5675 Dei
3001 5619 3398 5691 praedecessore
3419 5618 3519 5669 tuo

1935 5714 2215 5774 Bonifaeio
2233 5714 2558 5787 pepigimus,
2587 5713 2702 5770 sive
2749 5713 2805 5769 in
2836 5712 3175 5770 orationibus
3216 5708 3328 5764 Deo
3353 5707 3518 5761 devo-

1936 5809 2029 5875 tis,
2057 5820 2148 5862 seu
2178 5805 2233 5860 in
2256 5804 2380 5861 aliis
2413 5803 2745 5876 quibuslibet
2774 5805 2957 5867 rebus,
2983 5802 3038 5855 in
3061 5799 3260 5869 quibus
3277 5796 3519 5853 humana

1937 5900 2225 5975 fragilitas,
2264 5899 2375 5960 Deo
2393 5899 2732 5974 disponente,
2769 5896 2973 5957 mutuis
3006 5892 3331 5952 alterutrum
3375 5884 3535 5962 solut,
