3952 6318
447 311 552 384 859.

529 368 550 390 l'l

473 401 480 410 ς

1265 297 1671 372 minans,
1707 299 1934 390 sunt,
1971 297 2322 374 narratus
2357 297 2448 366 nr
2487 298 2548 356 s.
2586 297 2887 358 anuus.

983 509 1004 522 ν
1043 503 1054 526 ί
1099 619 1164 674 ω
1286 604 2030 797 nmmum.
2068 595 2850 757 austrum.

1694 865 1793 932 (Ex
1813 829 2003 924 Flora,
2020 857 2210 921 Espant
2231 857 2476 923 εδει-πάλ.)

931 1067 1271 1132 EPISTOLA
1320 1065 1554 1137 PRIMA.

833 1183 900 1225 AD
940 1179 968 1210 ⁸
1007 1179 1270 1230 ιιιαῑτῐωι
1317 1173 1665 1218 ηΑῑιιετιεῦιι.

531 1263 584 1318 i.
618 1257 916 1332 Epistolam
953 1266 1120 1338 tuam,
1167 1255 1384 1312 modulo
1415 1249 1648 1338 libellari
1683 1255 1944 1320 aptatam,
1983 1243 2050 1299 de

458 1353 669 1410 tumulo
715 1351 896 1408 cordis
935 1350 1012 1406 tui
1059 1335 1318 1424 horrifico
1372 1335 1636 1425 exortam,
1695 1339 1760 1396 de
1805 1339 2052 1410 cineroso

459 1443 700 1516 pectoris
739 1443 818 1500 tui
861 1441 1110 1512 sepulcro
1157 1437 1447 1508 prolatam,
1497 1449 1604 1489 non
1653 1445 1786 1499 voce
1823 1431 2056 1484 interro-

463 1539 662 1610 gantis,
692 1535 787 1592 sed
824 1533 1053 1605 imperio
1077 1531 1320 1588 docentis
1345 1527 1620 1598 scriptam,
1651 1524 1781 1580 olim
1805 1519 2054 1592 suscepi-

464 1645 586 1686 mus
628 1626 990 1698 relegendam.
1031 1621 1300 1688 Vidimus,
1337 1619 1580 1690 inquam,
1614 1616 1869 1679 vidimus,
1902 1621 1956 1668 ct
1984 1611 2056 1666 ir-

466 1717 688 1776 risimus
714 1715 918 1772 fatuam
944 1721 998 1768 et
1029 1711 1375 1782 insipientem
1402 1708 1584 1764 cordis
1612 1707 1690 1762 tui
1722 1704 2014 1760 amentiam
2041 1717 2058 1758 :

467 1809 736 1875 Vidimus,
783 1816 839 1862 et
883 1798 1022 1862 risui
1066 1805 1283 1874 dignam
1333 1799 1699 1872 reputavimus
1745 1811 1937 1852 sensus
1979 1793 2058 1849 tui

465 1899 758 1976 ignaviam.
799 1895 937 1952 Inibi
971 1893 1348 1967 prospeximus
1396 1891 1522 1960 quia
1563 1889 1652 1944 ille
1686 1903 1784 1958 per
1812 1903 1875 1942 os
1909 1893 2056 1940 tuum

469 1990 682 2062 locutus
719 1997 824 2056 est,
867 1987 959 2059 qui
1000 1985 1134 2044 dixit
1161 2004 1172 2038 :
1201 1985 1310 2040 Ero
1341 1983 1566 2054 spiritus
1602 1982 1832 2037 mendax
1873 1980 1926 2062 in
1965 1994 2060 2034 ore

466 2083 856 2154 prophetarum
893 2079 1054 2134 illius.
1094 2077 1171 2132 lbi
1216 2076 1404 2146 procul
1449 2075 1614 2130 dubio
1655 2074 1893 2129 vidimus
1931 2073 2059 2142 quia

469 2181 528 2230 tu
563 2189 622 2228 es
645 2173 736 2228 ille
766 2173 830 2228 de
855 2186 963 2242 quo
992 2168 1282 2225 Psalmista
1312 2168 1388 2221 ait
1416 2184 1429 2220 :
1461 2167 1636 2222 Verba
1674 2165 1786 2220 oris
1812 2161 1930 2233 ejus
1955 2161 2061 2217 ini-

472 2267 652 2338 quitas
685 2273 742 2322 et
775 2265 948 2330 dolus,
1000 2263 1172 2320 noluit
1204 2259 1504 2332 intelligere
1551 2267 1610 2314 ut
1654 2261 1794 2316 bene
1834 2265 2056 2329 ageret:

473 2357 813 2427 iniquitatem
859 2353 1150 2410 meditatus
1189 2360 1275 2408 est
1303 2352 1358 2406 in
1389 2351 1552 2406 Cllbiil
1584 2367 1702 2407 suo.
1749 2351 1816 2404 Et
1863 2349 2060 2403 iterum

471 2449 540 2504 de
569 2420 782 2518 quibus
840 2445 967 2500 alibi
1010 2444 1278 2516 Propheta
1327 2443 1773 2498 aitzDocuernnt
1821 2441 2059 2512 linguam
2090 2420 2140 2482 Β

473 2555 630 2598 suam
665 2537 813 2610 loqui
838 2537 1212 2602 mendacium;
1243 2545 1302 2593 ut
1321 2536 1506 2608 inique
1533 2544 1756 2608 agerent
1783 2535 2065 2590 laborave-

475 2641 624 2694 runt.

545 2725 600 2778 2.
639 2725 1023 2780 Verumtamen
1070 2731 1360 2792 antequam
1387 2721 1454 2776 ad
1478 2737 1577 2776 nos
1601 2721 1803 2791 scripta
1832 2719 2067 2776 vesania:

479 2824 586 2874 tua:
605 2815 812 2887 perlata
846 2811 1074 2868 fuissent
1099 2828 1114 2869 :
1143 2823 1436 2884 antequam
1473 2812 1608 2869 odor
1631 2815 1920 2868 verborum
1956 2821 2070 2868 tuo-

485 2923 632 2982 rum,
657 2907 815 2964 nobis
839 2904 1214 2974 fetidissimus,
1251 2907 1560 2978 aspirasset,
1601 2922 1818 2963 rumore
1847 2921 2070 2976 percur—

478 3009 632 3059 rente
676 2999 822 3071 vulgi
867 2999 1209 3070 insipientis,
1255 3001 1513 3055 nonnulla
1560 3002 1628 3056 de
1665 3008 1717 3055 te
1763 3008 1910 3055 recta
1950 3014 2070 3056 esse

479 3091 874 3158 credebamus;
907 3099 1195 3163 postquam
1224 3099 1402 3148 tamen
1434 3092 1678 3147 stultitim
1707 3093 1913 3148 namias
1937 3090 2072 3147 vidi-

479 3201 619 3252 mus,
661 3184 847 3241 statim
886 3201 993 3241 non
1027 3185 1203 3241 solum
1232 3201 1352 3250 nos,
1385 3185 1478 3241 sed
1498 3193 1553 3240 et
1572 3186 1751 3242 onmis
1778 3195 1954 3243 status
1979 3201 2071 3242 ca-

479 3276 697 3334 tholica:
723 3275 850 3334 fidei
883 3284 935 3338 te
965 3285 1020 3330 et
1053 3291 1270 3331 omnem
1306 3276 1497 3332 fetoris
1529 3276 1610 3330 tui
1639 3277 1938 3332 doctrinam
1978 3291 2073 3332 ex-

482 3367 838 3435 liorruimus,
915 3376 971 3424 et
1031 3375 1294 3438 perpetuo
1361 3368 1706 3422 anathemate
1776 3366 2074 3422 feriendam

2068 1056 2123 1118 Α
2147 1055 2395 1128 protinus
2439 1056 2766 1128 ulciscatur;
2805 1071 2876 1114 ne
2915 1063 3109 1114 contra
3151 1069 3348 1113 canem
3398 1053 3604 1114 imiter
3648 1067 3740 1114 not

2154 1151 2469 1206 mussitasse
2517 1150 2830 1215 videamur;
2883 1159 2944 1206 ut
2997 1149 3291 1206 conterrita
3351 1148 3574 1212 rabies,
3631 1161 3740 1219 qu:

2156 1252 2342 1298 contra
2382 1253 2628 1301 sanctum
2659 1243 2853 1309 divina:
2883 1239 3166 1302 Trinitatis
3195 1243 3525 1316 mysterium
3569 1243 3744 1310 latrat,

2157 1336 2482 1392 auctoritate
2512 1336 2660 1392 vocis
2685 1335 2830 1392 illico
2857 1337 3270 1409 comprimatur.
3320 1335 3444 1396 Non
3479 1335 3632 1391 enim
3675 1335 3746 1391 fo-

2159 1435 2342 1482 mento
2387 1427 2497 1481 vini
2530 1435 2586 1483 et
2613 1429 2717 1483 olei
2763 1437 2854 1483 tua
2887 1426 3003 1497 jam
3034 1427 3281 1486 curanda
3329 1433 3419 1483 est
3465 1426 3746 1500 aegritudo,

2161 1520 2256 1574 sed
2283 1519 2479 1590 gladio,
2510 1535 2575 1574 ex
2602 1528 2830 1592 utraque
2867 1529 3020 1590 parte
3055 1527 3236 1586 acuto,
3273 1527 3368 1581 tua
3408 1517 3749 1592 prmeidenda

2161 1620 2244 1668 est
2271 1611 2524 1668 diuturna
2550 1614 2798 1684 putredo.
2827 1613 2986 1669 Prius
3011 1597 3230 1682 quidem
3253 1595 3470 1668 turrem
3492 1610 3751 1682 superbia

2162 1711 2269 1760 tum
2297 1705 2466 1760 ariete
2486 1703 2715 1774 justitlae
2743 1704 2942 1761 elidere
2975 1705 3223 1770 nitimur,
3273 1719 3346 1760 ne
3379 1704 3586 1759 umbra
3611 1717 3754 1757 erro-

2161 1797 2238 1853 ris
2262 1796 2380 1866 ejus
2413 1797 2676 1852 exitiabili
2709 1798 2898 1853 morbo
2924 1795 3170 1872 fidelibus
3205 1795 3578 1868 impendatur.
3602 1793 3754 1850 Prius

2164 1893 2416 1947 amentiae
2441 1899 2546 1947 tua:
2579 1890 2839 1946 fabricam
2868 1887 3096 1946 rationis
3122 1890 3298 1960 lapide
3321 1877 3578 1945 evertere
3601 1903 3758 1944 cona-

2163 2001 2306 2049 mur,
2361 1999 2431 2040 ne
2474 1983 2502 2024 ἀ
2547 1984 2944 2040 munimentum
2995 1983 3328 2040 defensionis
3376 1983 3758 2054 insipientibus

2163 2076 2406 2150 praebere
2456 2084 2718 2131 conetur:
2767 2076 2822 2129 in
2865 2090 2932 2130 eo
2961 2075 3170 2132 scilicet
3198 2075 3345 2146 quod
3374 2090 3491 2130 non
3527 2075 3759 2130 intene-

2164 2167 2359 2248 gantis,
2401 2168 2495 2224 sed
2519 2167 2669 2238 prius
2709 2167 2953 2222 docentis
2993 2167 3290 2238 arripueris
3332 2163 3602 2232 ofﬁcium,
3643 2179 3758 2219 cum

2165 2259 2280 2328 ipse
2306 2260 2567 2315 Dominus
2601 2269 2654 2315 et
2682 2259 3012 2330 Redemptor
3041 2275 3072 2314 e
3101 2259 3402 2324 contrario,
3443 2257 3760 2314 humilitatis

2166 2351 2430 2407 exhibens
2475 2353 2726 2418 formam,
2776 2367 2884 2407 non
2929 2353 3082 2422 prius
3105 2353 3159 2406 in
3182 2351 3384 2422 templo
3409 2349 3642 2417 docens,
3679 2348 3762 2404 sed

2165 2433 2508 2516 interrogans
2533 2445 2702 2500 voluit
2723 2444 2974 2500 inveniri.
3002 2443 3153 2500 Unde
3173 2452 3228 2499 et
3249 2444 3446 2498 beatus
3474 2439 3764 2514 Gregorius

2165 2541 2301 2600 recti
2349 2539 2561 2594 itineris
2599 2537 2792 2592 callem
2821 2552 3051 2607 pergere
3077 2535 3428 2607 cupientibus
3464 2534 3762 2596 insinuans,

2165 2633 2339 2689 dicit:
2374 2651 2392 2683 ι
2414 2631 2569 2686 Nulla
2607 2646 2697 2687 res
2735 2631 2940 2701 absque
2981 2630 3242 2702 magistro
3273 2628 3462 2684 doceri
3494 2623 3768 2700 prasini-

2167 2733 2288 2790 tur,
2345 2723 2452 2778 nisi
2500 2723 2707 2776 intenta
2752 2722 2907 2792 prius
2962 2719 3318 2776 meditatione
3353 2719 3633 2775 discatur.
3663 2737 3681 2772 ι
3710 2714 3769 2770 Et

2167 2815 2367 2872 iterum
2413 2815 2542 2870 alibi
2571 2832 2584 2868 :
2620 2833 2637 2866 ι
2660 2813 2827 2882 Quasi
2871 2813 3018 2868 enim
3058 2813 3334 2883 quoddam
3370 2811 3768 2868 nutrimentum

2168 2909 2321 2965 verbi
2346 2915 2430 2964 est
2458 2923 2687 2963 censura
2724 2907 2964 2962 silentii:
2995 2907 3063 2960 Et
3109 2914 3258 2961 recte
3291 2918 3397 2976 per
3436 2909 3770 2960 crescentem

2171 3017 2386 3075 quoque
2431 3001 2662 3077 gratiam
2711 3015 3016 3056 sermonem
3078 2999 3342 3056 doctrinae
3393 2997 3640 3070 accipit,
3690 2995 3768 3067 qui

2171 3095 2421 3168 ordinate
2447 3102 2575 3149 ante
2611 3109 2709 3165 per
2744 3092 3104 3148 humilitatem
3137 3098 3302 3148 tacet.
3334 3090 3484 3147 Hinc
3507 3090 3662 3146 enim
3686 3102 3769 3160 per

2176 3188 2526 3248 Salomonem
2553 3185 2754 3240 dicitur
2783 3204 2796 3239 :
2832 3183 3054 3256 Tempus
3099 3185 3331 3250 tacendi,
3379 3196 3428 3239 et
3463 3193 3677 3254 tempus
3703 3181 3772 3238 lo-

2173 3277 2388 3352 quendi.
2421 3275 2537 3331 Non
2569 3276 2715 3330 enim
2746 3276 2861 3329 ait:
2892 3275 3128 3345 Tempus
3165 3273 3448 3344 loquendi,
3485 3283 3544 3328 et
3577 3282 3775 3343 tempus

2175 3360 2390 3429 tacendi
2417 3389 2432 3442 ;
2477 3371 2572 3426 sed
2595 3371 2745 3443 prius
2774 3367 2985 3426 tacendi
3021 3368 3302 3440 praemisit,
3345 3377 3402 3440 et
3429 3355 3775 3441 posth

480 3459 510 3502 ιι
531 3459 930 3518 damnabimus.
953 3457 1166 3515 Revera
1205 3459 1331 3534 quia
1373 3457 1592 3532 dignum
1619 3465 1703 3514 est
1735 3466 1794 3514 ut
1821 3473 1914 3514 eos
1939 3451 2076 3528 quos
2177 3465 2418 3521 subdidit
2451 3461 2728 3534 loquendi.
2751 3481 2771 3515 ι
2811 3462 3014 3518 Beatus
3058 3475 3276 3534 quoque
3321 3459 3520 3525 Efren,
3552 3469 3610 3515 te
3629 3457 3778 3516 etsi-

456 3553 578 3635 _Dei
617 3553 787 3610 Filius
827 3567 924 3623 per
962 3547 1385 3622 prfevenientem
1421 3552 1654 3621 gratiam
1701 3552 1770 3607 de
1811 3550 2076 3622 sepulcris
2176 3556 2336 3612 miles
2380 3563 2502 3610 tuos
2526 3555 2848 3626 praevidens,
2889 3553 2965 3608 ita
3007 3553 3222 3610 locutus
3261 3557 3348 3635 est
3390 3551 3624 3607 dicens:
3653 3550 3778 3606 «Et-

480 3644 847 3700 hzereseorum
878 3643 1189 3698 nullomodo
1217 3643 1476 3708 suscitat,
1523 3641 1771 3714 discipuli
1815 3641 1934 3714 ejus
1966 3657 2076 3698 non
2181 3647 2327 3704 enim
2361 3647 2454 3718 qui
2493 3639 2904 3712 venit-institui,
2957 3641 3248 3715 antequam
3283 3631 3648 3717 “instituatur,
3673 3640 3776 3713 jam

483 3734 660 3790 solum
701 3747 1044 3819 nequaquam
1072 3747 1167 3788 eos
1192 3735 1402 3791 solvere
1445 3751 1554 3790 non
1589 3743 1936 3806 praasumant,
1981 3736 2076 3803 sed
2099 3788 2150 3819 .
2182 3739 2320 3796 alios
2363 3737 2662 3794 instituere:
2691 3730 2861 3807 cupit,
2911 3743 2966 3792 et
3014 3736 3209 3794 docere
3250 3744 3556 3810 antequam
3592 3734 3773 3790 discat.

482 3824 649 3894 etiam
678 3813 944 3892 profundo
967 3826 1332 3902 anathematis
1363 3788 1647 3896 sarcofago
1690 3797 2078 3897 usquequaque
2099 3788 2153 3856 θ
2181 3833 2509 3904 Priusquam
2555 3788 2861 3897 erudiatur:
2906 3828 3253 3902 promulgare
3312 3788 3432 3884 vnit
3481 3829 3664 3901 legem
3691 3846 3705 3882 :
3731 3835 3780 3881 et

486 3915 814 3984 dimergant,
844 3931 913 3970 ne
943 3916 1170 3973 ulterius
1195 3918 1384 3974 talium
1411 3919 1701 3974 verborum
1737 3917 1879 3976 fetor
1899 3935 2082 3976 crum—
2181 3933 2470 3994 antequam
2512 3931 2705 3978 noscat
2738 3921 2982 3978 ordinem
3013 3921 3368 3994 syllabarum,
3405 3917 3782 3996 philosophari

487 4012 602 4078 pat,
645 4003 766 4062 illos
791 4005 1038 4079 discipuli
1077 4006 1284 4064 Christi
1321 4009 1396 4066 ita
1425 4010 1539 4065 oris
1569 4009 1748 4081 gladio
1775 4009 1994 4077 feriant,
2019 4017 2082 4066 ut
2182 4009 2420 4088 incipiet.
2476 4014 2798 4084 Priusquam
2839 4013 3159 4082 subjiciatur
3207 4027 3308 4083 pro
3351 4012 3536 4068 salute
3593 4010 3775 4068 anima:

487 4096 719 4170 ulterius
756 4091 869 4153 non
885 4097 1058 4154 solum
1104 4115 1388 4173 resurgere
1427 4103 1642 4172 penitus
1668 4110 1959 4173 nequeant,
1991 4118 2082 4160 ve-
2181 4091 2332 4168 stite.
2359 4105 2477 4162 vult
2519 4106 2720 4160 habere
2745 4104 3062 4174 subjectos:
3096 4113 3152 4160 et
3174 4113 3472 4170 antequam
3507 4103 3774 4160 seniorem

490 4204 610 4244 rum
635 4188 802 4259 etiam
835 4189 1095 4246 eradicati
1133 4190 1375 4249 funditus
1413 4202 1656 4264 pereant,
1687 4194 1782 4264 qui
1818 4196 2082 4250 unitatem
2176 4199 2344 4272 jussis
2397 4199 2765 4269 obtemperet,
2819 4195 3044 4268 arripiet
3082 4195 3326 4266 iubentis
3371 4195 3625 4254 cilicium
3671 4209 3686 4250 :
3728 4200 3780 4250 et

489 4279 615 4336 ﬁdei
637 4281 918 4339 catholica:
935 4272 1216 4340 venenatis
1238 4285 1628 4344 assertionibus
1650 4286 1952 4344 discindere
1975 4304 2083 4346 non

441 4435 452 4448 ,
487 4371 801 4454 formidant.
823 4365 1056 4454 Ideoque
1075 4371 1364 4438 ostendere
1384 4382 1666 4452 cupientes
1697 4391 1749 4438 te
1775 4383 1979 4443 erroris
2004 4377 2084 4438 tui

487 4467 669 4524 socios
715 4467 1068 4525 fabricatores
1117 4473 1404 4539 mendacii,
1441 4482 1496 4528 et
1525 4474 1764 4530 cultores
1799 4489 2086 4545 perverso-

491 4571 615 4614 rum
653 4559 988 4646 dogmatum,
1031 4571 1344 4618 sanctarum
1393 4563 1798 4636 Scripturarum
1836 4569 2086 4624 testimo-

490 4653 597 4710 niis
643 4653 699 4710 in
748 4651 1001 4732 solatium
1053 4655 1225 4712 nostri
1275 4657 1553 4724 adhibitis,
1604 4667 1882 4729 praeeunte
1929 4657 2087 4728 nobis

495 4758 518 4792 ο
555 4745 694 4804 Filio
735 4745 836 4806 Dei
873 4748 928 4804 in
975 4748 1228 4806 columna
1265 4750 1423 4805 nubis
1467 4765 1566 4820 per
1609 4751 1772 4816 diem,
1819 4759 1876 4806 et
1905 4752 1963 4807 in
1996 4768 2089 4808 co-

489 4834 675 4890 lumna
717 4837 857 4907 ignis
881 4851 980 4908 per
1005 4846 1246 4905 noctem,
1279 4840 1471 4894 armati
1513 4839 1628 4895 zelo
1667 4840 1791 4897 fidei
1823 4841 1877 4897 in
1897 4853 2090 4898 occur-

2185 4289 2474 4363 antequam
2527 4302 2550 4330 ο
2578 4289 2787 4346 ratione
2821 4298 2876 4344 et
2915 4288 3118 4344 virtute
3149 4287 3501 4344 discretionis
3553 4287 3783 4344 instrua-

2185 4393 2294 4452 tur,
2343 4385 2616 4440 instruere
2655 4381 2794 4438 alios
2841 4395 2909 4436 ac
2956 4393 3182 4435 monere
3237 4384 3492 4447 usurpat.
3557 4373 3784 4444 Ideoque

2185 4476 2408 4549 dignum
2441 4481 2524 4530 est
2555 4482 2616 4529 ut
2636 4473 2740 4528 iste
2773 4471 2900 4528 talis
2935 4471 3196 4542 magister
3235 4468 3519 4524 mendacii
3563 4467 3782 4530 existat,

2187 4569 2280 4643 qui
2305 4569 2600 4640 discipulus
2619 4565 2866 4624 veritatis
2889 4581 3008 4622 esse
3030 4561 3267 4631 recusat,
3289 4569 3345 4619 et
3365 4563 3569 4620 do'ctor
3593 4559 3786 4618 erroris

2188 4670 2466 4734 appareat,
2492 4661 2588 4732 qui
2615 4659 2861 4718 docentis
2888 4657 2906 4698 ί
2939 4657 3248 4730 imperium,
3288 4654 3473 4712 fronte
3510 4663 3782 4726 proterva,

2189 4771 2470 4814 assumere
2492 4771 2601 4810 non
2625 4752 2902 4809 formidat.
2927 4773 2948 4806 ι

2259 4847 2314 4904 5.
2356 4845 2510 4916 Quod
2538 4853 2716 4902 autem
2754 4845 2812 4925 in
2841 4843 3108 4922 principio
3137 4839 3411 4902 schedula:
3439 4847 3556 4898 tua:
3588 4837 3790 4898 fetidir

492 4926 616 4982 sum
644 4929 744 4996 tui,
795 4935 858 4985 ut
901 4917 1035 4986 vere
1073 4938 1264 4987 "contra
1291 4933 1506 4990 hostem
1555 4933 1780 5001 Christi,
1830 4937 2090 5008 egredere
2190 4943 2343 5001 simae
2369 4948 2480 4998 tres
2505 4917 2768 5010 personas
2795 4917 3085 5009 conrporeas
3121 4936 3177 4992 in
3203 4934 3503 5006 Divinitate
3527 4947 3792 5006 essepro-

491 5019 718 5076 uitimur
743 5023 986 5080 dicentes
1014 5043 1027 5080 :
1055 5026 1302 5098 Increpet
1334 5025 1598 5084 Dominus
1629 5030 1685 5084 in
1724 5038 1776 5086 te
1807 5031 1998 5097 Satan,
2035 5036 2093 5086 et
2193 5035 2434 5102 testaris,
2473 5033 2747 5090 dicendo:
2788 5030 2934 5102 quod
2977 5017 3159 5085 Patris
3199 5042 3437 5100 persona
3483 5025 3791 5098 specialiter

495 5111 740 5218 iiicrepet
789 5115 844 5216 in
875 5123 948 5182 te,
993 5117 1090 5218 qui
1130 5117 1658 5218 elegithlerusalem.
1690 5121 1821 5218 _Tibi
1867 5123 2086 5218 dicitur,
2116 5154 2174 5218 Β
2197 5127 2366 5184 David
2387 5140 2508 5182 esse
2529 5123 2805 5192 credatur,
2827 5137 2894 5180 eo
2914 5121 3058 5193 quod
3079 5121 3195 5194 ipse
3215 5119 3283 5176 de
3304 5117 3787 5218 semetipso-dicat,

499 5197 702 5272 Migeti,
730 5205 1244 5276 quicognominaris
1296 5207 1550 5279 Satanas,
1605 5213 1741 5268 vade
1779 5221 1946 5270 retro.
1997 5213 2090 5270 Di-

495 5309 664 5368 gnum
707 5304 764 5353 et
801 5295 1009 5366 justum
1038 5311 1122 5357 est
1166 5311 1227 5359 ut
1275 5306 1367 5360 tali
1421 5306 1642 5364 stimulo
1695 5306 1942 5376 feriatur,
1994 5309 2090 5380 qui

496 5401 687 5451 contra
719 5395 958 5466 regulam
985 5399 1263 5456 catholicae
1304 5401 1428 5458 fidei
1467 5403 1736 5476 superbiae
1772 5405 2089 5461 calcaneum

497 5485 712 5556 elevare
741 5497 1002 5566 conatur,
1057 5500 1118 5548 ut
1157 5492 1532 5564 hujuscemodi
1581 5498 1816 5568 pugione
1856 5497 2087 5570 iustitia

505 5639 520 5660 I
571 5621 760 5696 ﬁliis"
798 5623 1048 5696 Igetium.

572 5693 604 5737 1³
625 5693 749 5765 Ms.,
777 5693 1136 5765 ddmnabitur.

575 5775 603 5810 ι
630 5764 755 5840 ιιι,
781 5764 1005 5828 Filium.

2197 5221 2244 5277 E
2250 5219 2468 5276 ructavit
2493 5235 2584 5274 cor
2604 5233 2779 5272 meum
2799 5215 3010 5272 verbum
3029 5214 3253 5279 bonum;
3274 5219 3331 5267 et
3357 5204 3566 5266 iterum
3587 5209 3658 5265 de
3681 5209 3794 5280 ipso

2196 5315 2368 5372 David
2388 5314 2641 5370 credatur
2660 5324 2782 5368 esse
2805 5310 3030 5375 dictum,
3055 5307 3109 5363 Ν
3112 5325 3182 5363 on
3197 5303 3534 5376 derelinqm
3559 5304 3792 5358 ωιίιιωιι

2196 5424 2365 5464 meum
2403 5408 2461 5462 in
2491 5404 2719 5478 inferno,
2759 5421 2922 5477 neque
2947 5402 3098 5458 dabis
3135 5398 3390 5457 Sanctum
3430 5405 3584 5452 tum
3625 5391 3797 5448 υἱάσι

2197 5501 2603 5572 corruptionem.
2651 5497 2721 5554 Et
2775 5499 2976 5554 iterum
3015 5507 3250 5568 persona
3286 5489 3416 5550 Filii
3453 5488 3559 5548 Dei
3593 5483 3797 5543 δεξιῆς

2269 5634 2297 5676 ά
2327 5634 2450 5702 Ms.,
2477 5636 2822 5690 munimento.

2274 5719 2299 5748 ο
2337 5707 2461 5775 Ms.,
2489 5707 2744 5762 rationem
2769 5715 2819 5764 et
2845 5704 3105 5763 virtutem.

2273 5777 2296 5819 ί
2322 5778 2448 5838 Ms..
2473 5778 2713 5837 inmerio.
