  <div class='ocr_page' id='page_1' title='image "/cluster/home/n/w/nwhite01/storage/ocr_20150623/96/hvd.32044015471204/436.png"; bbox 0 0 3952 6318; ppageno 0'>
   <div class='ocr_carea' id='block_1_1' title="bbox 123 187 2120 277">
    <p class='ocr_par' dir='ltr' id='par_1_1' title="bbox 123 187 2120 277">
     <span class='ocr_line' id='line_1_1' title="bbox 123 187 2120 277; baseline 0.003 -6"><span class='ocrx_word' id='word_1_1' title='bbox 123 207 210 271; x_wconf 76' lang='lat' dir='ltr'><strong>set</strong></span> <span class='ocrx_word' id='word_1_2' title='bbox 1376 195 1706 270; x_wconf 71' lang='lat' dir='ltr'><strong>ELIPANDI</strong></span> <span class='ocrx_word' id='word_1_3' title='bbox 1740 187 2120 277; x_wconf 65' lang='lat' dir='ltr'><strong>EPISTOLE.‘</strong></span> 
     </span>
    </p>
   </div>
   <div class='ocr_carea' id='block_1_2' title="bbox 3278 222 3388 291">
    <p class='ocr_par' dir='ltr' id='par_1_2' title="bbox 3278 222 3388 291">
     <span class='ocr_line' id='line_1_2' title="bbox 3278 222 3388 291; baseline 0 0"><span class='ocrx_word' id='word_1_4' title='bbox 3278 222 3388 291; x_wconf 63' lang='lat'><strong>863</strong></span> 
     </span>
    </p>
   </div>
   <div class='ocr_carea' id='block_1_3' title="bbox 92 325 3384 412">
    <p class='ocr_par' dir='ltr' id='par_1_3' title="bbox 92 325 3384 412">
     <span class='ocr_line' id='line_1_3' title="bbox 92 325 3384 412; baseline 0.01 -37"><span class='ocrx_word' id='word_1_5' title='bbox 92 327 254 411; x_wconf 44' lang='lat'><strong>:9“)</strong></span> <span class='ocrx_word' id='word_1_6' title='bbox 290 341 358 385; x_wconf 76' lang='lat' dir='ltr'><strong>ea</strong></span> <span class='ocrx_word' id='word_1_7' title='bbox 399 326 471 388; x_wconf 84' lang='lat' dir='ltr'><strong>sit</strong></span> <span class='ocrx_word' id='word_1_8' title='bbox 507 328 742 388; x_wconf 66' lang='lat' dir='ltr'><strong>munda</strong></span> <span class='ocrx_word' id='word_1_9' title='bbox 778 327 835 386; x_wconf 88' lang='lat' dir='ltr'><strong>in</strong></span> <span class='ocrx_word' id='word_1_10' title='bbox 867 327 1135 399; x_wconf 68' lang='lat' dir='ltr'><strong>Trinitate</strong></span> <span class='ocrx_word' id='word_1_11' title='bbox 1163 343 1418 402; x_wconf 66' lang='lat' dir='ltr'><strong>Pcrsona,</strong></span> <span class='ocrx_word' id='word_1_12' title='bbox 1444 345 1564 401; x_wconf 70' lang='lat' dir='ltr'><strong>quae</strong></span> <span class='ocrx_word' id='word_1_13' title='bbox 1603 344 1693 385; x_wconf 88' lang='lat' dir='ltr'><strong>as-</strong></span> <span class='ocrx_word' id='word_1_14' title='bbox 1715 325 1772 388; x_wconf 68' lang='grc' dir='ltr'><strong>Α</strong></span> <span class='ocrx_word' id='word_1_15' title='bbox 1795 329 1950 388; x_wconf 71' lang='lat' dir='ltr'><strong>nefas</strong></span> <span class='ocrx_word' id='word_1_16' title='bbox 1989 339 2096 400; x_wconf 89' lang='lat' dir='ltr'><strong>est,</strong></span> <span class='ocrx_word' id='word_1_17' title='bbox 2129 331 2193 390; x_wconf 75' lang='lat' dir='ltr'><strong>et</strong></span> <span class='ocrx_word' id='word_1_18' title='bbox 2225 349 2340 392; x_wconf 89' lang='lat' dir='ltr'><strong>non</strong></span> <span class='ocrx_word' id='word_1_19' title='bbox 2381 335 2452 392; x_wconf 84' lang='lat' dir='ltr'><strong>de</strong></span> <span class='ocrx_word' id='word_1_20' title='bbox 2476 330 2644 394; x_wconf 65' lang='lat' dir='ltr'><strong>Patre</strong></span> <span class='ocrx_word' id='word_1_21' title='bbox 2679 341 2898 412; x_wconf 74' lang='lat' dir='ltr'><strong>genitus</strong></span> <span class='ocrx_word' id='word_1_22' title='bbox 2933 349 3019 402; x_wconf 88' lang='lat' dir='ltr'><strong>est</strong></span> <span class='ocrx_word' id='word_1_23' title='bbox 3051 344 3168 404; x_wconf 87' lang='lat' dir='ltr'><strong>sine</strong></span> <span class='ocrx_word' id='word_1_24' title='bbox 3206 325 3384 409; x_wconf 75' lang='lat' dir='ltr'><strong>iditio.</strong></span> 
     </span>
    </p>
   </div>
   <div class='ocr_carea' id='block_1_4' title="bbox 123 422 1698 499">
    <p class='ocr_par' dir='ltr' id='par_1_4' title="bbox 123 422 1698 499">
     <span class='ocr_line' id='line_1_4' title="bbox 123 422 1698 499; baseline 0.001 -19"><span class='ocrx_word' id='word_1_25' title='bbox 123 430 326 494; x_wconf 84' lang='lat' dir='ltr'><strong>sumpta</strong></span> <span class='ocrx_word' id='word_1_26' title='bbox 370 432 458 480; x_wconf 90' lang='lat' dir='ltr'><strong>est</strong></span> <span class='ocrx_word' id='word_1_27' title='bbox 499 422 568 480; x_wconf 91' lang='lat' dir='ltr'><strong>de</strong></span> <span class='ocrx_word' id='word_1_28' title='bbox 600 423 838 498; x_wconf 72' lang='lat' dir='ltr'><strong>Virgine,</strong></span> <span class='ocrx_word' id='word_1_29' title='bbox 871 422 1190 490; x_wconf 71' lang='lat' dir='ltr'><strong>allii-mando</strong></span> <span class='ocrx_word' id='word_1_30' title='bbox 1231 439 1363 481; x_wconf 88' lang='lat' dir='ltr'><strong>voce</strong></span> <span class='ocrx_word' id='word_1_31' title='bbox 1405 424 1698 499; x_wconf 83' lang='lat' dir='ltr'><strong>apostolica</strong></span> 
     </span>
    </p>
   </div>
   <div class='ocr_carea' id='block_1_5' title="bbox 121 508 1699 586">
    <p class='ocr_par' dir='ltr' id='par_1_5' title="bbox 121 508 1699 586">
     <span class='ocr_line' id='line_1_5' title="bbox 121 508 1699 586; baseline 0 -14"><span class='ocrx_word' id='word_1_32' title='bbox 121 515 333 572; x_wconf 87' lang='lat' dir='ltr'><strong>dicens:</strong></span> <span class='ocrx_word' id='word_1_33' title='bbox 373 508 478 581; x_wconf 79' lang='lat' dir='ltr'><strong>Qui</strong></span> <span class='ocrx_word' id='word_1_34' title='bbox 519 509 693 586; x_wconf 78' lang='lat' dir='ltr'><strong>factus</strong></span> <span class='ocrx_word' id='word_1_35' title='bbox 739 523 814 570; x_wconf 86' lang='lat' dir='ltr'><strong>est</strong></span> <span class='ocrx_word' id='word_1_36' title='bbox 860 515 925 570; x_wconf 86' lang='lat' dir='ltr'><strong>de</strong></span> <span class='ocrx_word' id='word_1_37' title='bbox 971 517 1164 571; x_wconf 79' lang='lat' dir='ltr'><strong>semine</strong></span> <span class='ocrx_word' id='word_1_38' title='bbox 1197 515 1366 572; x_wconf 71' lang='lat' dir='ltr'><strong>David</strong></span> <span class='ocrx_word' id='word_1_39' title='bbox 1414 517 1699 574; x_wconf 83' lang='lat' dir='ltr'><strong>secundum</strong></span> 
     </span>
    </p>
   </div>
   <div class='ocr_carea' id='block_1_6' title="bbox 119 606 1698 686">
    <p class='ocr_par' dir='ltr' id='par_1_6' title="bbox 119 606 1698 686">
     <span class='ocr_line' id='line_1_6' title="bbox 119 606 1698 686; baseline -0.001 -22"><span class='ocrx_word' id='word_1_40' title='bbox 119 623 344 664; x_wconf 71' lang='lat' dir='ltr'><strong>amem.</strong></span> <span class='ocrx_word' id='word_1_41' title='bbox 377 606 563 663; x_wconf 85' lang='lat' dir='ltr'><strong>Tertia</strong></span> <span class='ocrx_word' id='word_1_42' title='bbox 596 621 725 686; x_wconf 81' lang='lat' dir='ltr'><strong>vero</strong></span> <span class='ocrx_word' id='word_1_43' title='bbox 748 622 978 679; x_wconf 82' lang='lat' dir='ltr'><strong>persona</strong></span> <span class='ocrx_word' id='word_1_44' title='bbox 1009 606 1244 679; x_wconf 84' lang='lat' dir='ltr'><strong>Spiritus</strong></span> <span class='ocrx_word' id='word_1_45' title='bbox 1271 609 1444 664; x_wconf 89' lang='lat' dir='ltr'><strong>sancti</strong></span> <span class='ocrx_word' id='word_1_46' title='bbox 1469 608 1698 684; x_wconf 79' lang='lat' dir='ltr'><strong>Paulum</strong></span> 
     </span>
    </p>
   </div>
   <div class='ocr_carea' id='block_1_7' title="bbox 119 697 1697 771">
    <p class='ocr_par' dir='ltr' id='par_1_7' title="bbox 119 697 1697 771">
     <span class='ocr_line' id='line_1_7' title="bbox 119 697 1697 771; baseline -0.001 -15"><span class='ocrx_word' id='word_1_47' title='bbox 119 697 417 771; x_wconf 73' lang='lat' dir='ltr'><strong>apostolum</strong></span> <span class='ocrx_word' id='word_1_48' title='bbox 445 713 567 754; x_wconf 87' lang='lat' dir='ltr'><strong>esse</strong></span> <span class='ocrx_word' id='word_1_49' title='bbox 595 699 752 764; x_wconf 90' lang='lat' dir='ltr'><strong>dicis,</strong></span> <span class='ocrx_word' id='word_1_50' title='bbox 781 699 1134 771; x_wconf 87' lang='lat' dir='ltr'><strong>protestando</strong></span> <span class='ocrx_word' id='word_1_51' title='bbox 1167 697 1310 768; x_wconf 88' lang='lat' dir='ltr'><strong>quod</strong></span> <span class='ocrx_word' id='word_1_52' title='bbox 1337 699 1404 754; x_wconf 86' lang='lat' dir='ltr'><strong>de</strong></span> <span class='ocrx_word' id='word_1_53' title='bbox 1448 713 1514 754; x_wconf 88' lang='lat' dir='ltr'><strong>eo</strong></span> <span class='ocrx_word' id='word_1_54' title='bbox 1541 697 1697 754; x_wconf 83' lang='lat' dir='ltr'><strong>Psal-</strong></span> 
     </span>
    </p>
   </div>
   <div class='ocr_carea' id='block_1_8' title="bbox 119 789 1698 865">
    <p class='ocr_par' dir='ltr' id='par_1_8' title="bbox 119 789 1698 865">
     <span class='ocr_line' id='line_1_8' title="bbox 119 789 1698 865; baseline -0.003 -15"><span class='ocrx_word' id='word_1_55' title='bbox 119 793 268 850; x_wconf 85' lang='lat' dir='ltr'><strong>mista</strong></span> <span class='ocrx_word' id='word_1_56' title='bbox 296 793 445 848; x_wconf 90' lang='lat' dir='ltr'><strong>dicat</strong></span> <span class='ocrx_word' id='word_1_57' title='bbox 473 809 485 846; x_wconf 93' lang='lat'><strong>:</strong></span> <span class='ocrx_word' id='word_1_58' title='bbox 522 789 753 865; x_wconf 85' lang='lat' dir='ltr'><strong>Spiritus</strong></span> <span class='ocrx_word' id='word_1_59' title='bbox 791 793 898 846; x_wconf 85' lang='lat' dir='ltr'><strong>oris</strong></span> <span class='ocrx_word' id='word_1_60' title='bbox 934 791 1048 863; x_wconf 88' lang='lat' dir='ltr'><strong>ejus</strong></span> <span class='ocrx_word' id='word_1_61' title='bbox 1092 791 1259 846; x_wconf 86' lang='lat' dir='ltr'><strong>omnis</strong></span> <span class='ocrx_word' id='word_1_62' title='bbox 1292 791 1453 846; x_wconf 81' lang='lat' dir='ltr'><strong>uirtus</strong></span> <span class='ocrx_word' id='word_1_63' title='bbox 1481 805 1698 846; x_wconf 88' lang='lat' dir='ltr'><strong>eorum:</strong></span> 
     </span>
    </p>
   </div>
   <div class='ocr_carea' id='block_1_9' title="bbox 119 883 1694 964">
    <p class='ocr_par' dir='ltr' id='par_1_9' title="bbox 119 883 1694 964">
     <span class='ocr_line' id='line_1_9' title="bbox 119 883 1694 964; baseline -0.003 -21"><span class='ocrx_word' id='word_1_64' title='bbox 119 889 169 944; x_wconf 88' lang='lat' dir='ltr'><strong>et</strong></span> <span class='ocrx_word' id='word_1_65' title='bbox 199 885 328 960; x_wconf 85' lang='lat' dir='ltr'><strong>quia</strong></span> <span class='ocrx_word' id='word_1_66' title='bbox 355 883 608 964; x_wconf 70' lang='lat' dir='ltr'><strong>Christus</strong></span> <span class='ocrx_word' id='word_1_67' title='bbox 637 884 732 955; x_wconf 87' lang='lat' dir='ltr'><strong>Dei</strong></span> <span class='ocrx_word' id='word_1_68' title='bbox 769 883 939 940; x_wconf 86' lang='lat' dir='ltr'><strong>Filius</strong></span> <span class='ocrx_word' id='word_1_69' title='bbox 972 883 1038 942; x_wconf 87' lang='lat' dir='ltr'><strong>de</strong></span> <span class='ocrx_word' id='word_1_70' title='bbox 1079 899 1145 942; x_wconf 86' lang='lat' dir='ltr'><strong>eo</strong></span> <span class='ocrx_word' id='word_1_71' title='bbox 1193 885 1335 940; x_wconf 81' lang='lat' dir='ltr'><strong>dicat</strong></span> <span class='ocrx_word' id='word_1_72' title='bbox 1375 901 1388 940; x_wconf 89' lang='lat'><strong>:</strong></span> <span class='ocrx_word' id='word_1_73' title='bbox 1443 883 1694 954; x_wconf 76' lang='lat' dir='ltr'><strong>Spiritus,</strong></span> 
     </span>
    </p>
   </div>
   <div class='ocr_carea' id='block_1_10' title="bbox 117 975 1700 1056">
    <p class='ocr_par' dir='ltr' id='par_1_10' title="bbox 117 975 1700 1056">
     <span class='ocr_line' id='line_1_10' title="bbox 117 975 1700 1056; baseline 0 -24"><span class='ocrx_word' id='word_1_74' title='bbox 117 977 195 1054; x_wconf 74' lang='lat' dir='ltr'><strong>qui</strong></span> <span class='ocrx_word' id='word_1_75' title='bbox 223 995 257 1032; x_wconf 89' lang='lat' dir='ltr'><strong>a</strong></span> <span class='ocrx_word' id='word_1_76' title='bbox 285 977 456 1040; x_wconf 78' lang='lat' dir='ltr'><strong>Patre</strong></span> <span class='ocrx_word' id='word_1_77' title='bbox 491 993 606 1034; x_wconf 90' lang='lat' dir='ltr'><strong>meo</strong></span> <span class='ocrx_word' id='word_1_78' title='bbox 631 979 887 1050; x_wconf 80' lang='lat' dir='ltr'><strong>procedit,</strong></span> <span class='ocrx_word' id='word_1_79' title='bbox 919 975 1007 1032; x_wconf 84' lang='lat' dir='ltr'><strong>ille</strong></span> <span class='ocrx_word' id='word_1_80' title='bbox 1039 994 1124 1036; x_wconf 85' lang='lat' dir='ltr'><strong>vos</strong></span> <span class='ocrx_word' id='word_1_81' title='bbox 1153 977 1354 1037; x_wconf 78' lang='lat' dir='ltr'><strong>docebit</strong></span> <span class='ocrx_word' id='word_1_82' title='bbox 1383 993 1587 1056; x_wconf 81' lang='lat' dir='ltr'><strong>omnem</strong></span> <span class='ocrx_word' id='word_1_83' title='bbox 1619 993 1700 1032; x_wconf 83' lang='lat' dir='ltr'><strong>re-</strong></span> 
     </span>
    </p>
   </div>
   <div class='ocr_carea' id='block_1_11' title="bbox 120 1071 1699 1146">
    <p class='ocr_par' dir='ltr' id='par_1_11' title="bbox 120 1071 1699 1146">
     <span class='ocr_line' id='line_1_11' title="bbox 120 1071 1699 1146; baseline -0.001 -17"><span class='ocrx_word' id='word_1_84' title='bbox 120 1074 339 1129; x_wconf 86' lang='lat' dir='ltr'><strong>ritatem.</strong></span> <span class='ocrx_word' id='word_1_85' title='bbox 381 1072 510 1133; x_wconf 77' lang='lat' dir='ltr'><strong>Haec</strong></span> <span class='ocrx_word' id='word_1_86' title='bbox 534 1073 716 1129; x_wconf 83' lang='lat' dir='ltr'><strong>omnia</strong></span> <span class='ocrx_word' id='word_1_87' title='bbox 747 1073 1090 1144; x_wconf 87' lang='lat' dir='ltr'><strong>supradictus</strong></span> <span class='ocrx_word' id='word_1_88' title='bbox 1129 1073 1218 1128; x_wconf 91' lang='lat' dir='ltr'><strong>ille</strong></span> <span class='ocrx_word' id='word_1_89' title='bbox 1247 1071 1470 1146; x_wconf 86' lang='lat' dir='ltr'><strong>spiritus</strong></span> <span class='ocrx_word' id='word_1_90' title='bbox 1494 1071 1699 1128; x_wconf 82' lang='lat' dir='ltr'><strong>erroris</strong></span> 
     </span>
    </p>
   </div>
   <div class='ocr_carea' id='block_1_12' title="bbox 117 1164 1698 1238">
    <p class='ocr_par' dir='ltr' id='par_1_12' title="bbox 117 1164 1698 1238">
     <span class='ocr_line' id='line_1_12' title="bbox 117 1164 1698 1238; baseline 0.001 -20"><span class='ocrx_word' id='word_1_91' title='bbox 117 1164 392 1220; x_wconf 89' lang='lat' dir='ltr'><strong>mendacio</strong></span> <span class='ocrx_word' id='word_1_92' title='bbox 437 1165 649 1238; x_wconf 85' lang='lat' dir='ltr'><strong>plenus,</strong></span> <span class='ocrx_word' id='word_1_93' title='bbox 691 1179 790 1238; x_wconf 87' lang='lat' dir='ltr'><strong>per</strong></span> <span class='ocrx_word' id='word_1_94' title='bbox 823 1181 886 1222; x_wconf 91' lang='lat' dir='ltr'><strong>os</strong></span> <span class='ocrx_word' id='word_1_95' title='bbox 915 1174 1068 1222; x_wconf 90' lang='lat' dir='ltr'><strong>tuum</strong></span> <span class='ocrx_word' id='word_1_96' title='bbox 1112 1165 1444 1224; x_wconf 79' lang='lat' dir='ltr'><strong>mendaciter</strong></span> <span class='ocrx_word' id='word_1_97' title='bbox 1487 1164 1698 1222; x_wconf 84' lang='lat' dir='ltr'><strong>locutus</strong></span> 
     </span>
    </p>
   </div>
   <div class='ocr_carea' id='block_1_13' title="bbox 117 1247 1700 1336">
    <p class='ocr_par' dir='ltr' id='par_1_13' title="bbox 117 1247 1700 1336">
     <span class='ocr_line' id='line_1_13' title="bbox 117 1247 1700 1336; baseline 0.001 -24"><span class='ocrx_word' id='word_1_98' title='bbox 117 1265 206 1312; x_wconf 89' lang='lat' dir='ltr'><strong>est.</strong></span> <span class='ocrx_word' id='word_1_99' title='bbox 238 1255 410 1314; x_wconf 75' lang='lat' dir='ltr'><strong>Recte</strong></span> <span class='ocrx_word' id='word_1_100' title='bbox 437 1247 650 1324; x_wconf 73' lang='lat' dir='ltr'><strong>etenim</strong></span> <span class='ocrx_word' id='word_1_101' title='bbox 664 1256 732 1312; x_wconf 90' lang='lat' dir='ltr'><strong>de</strong></span> <span class='ocrx_word' id='word_1_102' title='bbox 759 1266 830 1328; x_wconf 90' lang='lat' dir='ltr'><strong>te,</strong></span> <span class='ocrx_word' id='word_1_103' title='bbox 861 1267 917 1336; x_wconf 74' lang='lat' dir='ltr'><strong>et</strong></span> <span class='ocrx_word' id='word_1_104' title='bbox 945 1270 972 1300; x_wconf 71' lang='grc' dir='ltr'><strong>α</strong></span> <span class='ocrx_word' id='word_1_105' title='bbox 1002 1259 1162 1316; x_wconf 87' lang='lat' dir='ltr'><strong>sociis</strong></span> <span class='ocrx_word' id='word_1_106' title='bbox 1187 1260 1295 1318; x_wconf 88' lang='lat' dir='ltr'><strong>tuis</strong></span> <span class='ocrx_word' id='word_1_107' title='bbox 1329 1259 1471 1314; x_wconf 88' lang='lat' dir='ltr'><strong>idem</strong></span> <span class='ocrx_word' id='word_1_108' title='bbox 1499 1258 1700 1314; x_wconf 79' lang='lat' dir='ltr'><strong>Paulus</strong></span> 
     </span>
    </p>
   </div>
   <div class='ocr_carea' id='block_1_14' title="bbox 115 1349 1701 1420">
    <p class='ocr_par' dir='ltr' id='par_1_14' title="bbox 115 1349 1701 1420">
     <span class='ocr_line' id='line_1_14' title="bbox 115 1349 1701 1420; baseline 0.003 -18"><span class='ocrx_word' id='word_1_109' title='bbox 115 1349 384 1420; x_wconf 80' lang='lat' dir='ltr'><strong>apostolus</strong></span> <span class='ocrx_word' id='word_1_110' title='bbox 401 1349 614 1406; x_wconf 90' lang='lat' dir='ltr'><strong>locutus</strong></span> <span class='ocrx_word' id='word_1_111' title='bbox 637 1359 720 1406; x_wconf 91' lang='lat' dir='ltr'><strong>est</strong></span> <span class='ocrx_word' id='word_1_112' title='bbox 749 1352 933 1412; x_wconf 86' lang='lat' dir='ltr'><strong>dicens</strong></span> <span class='ocrx_word' id='word_1_113' title='bbox 958 1370 971 1408; x_wconf 88' lang='lat'><strong>:</strong></span> <span class='ocrx_word' id='word_1_114' title='bbox 1003 1351 1233 1418; x_wconf 83' lang='lat' dir='ltr'><strong>Quidam</strong></span> <span class='ocrx_word' id='word_1_115' title='bbox 1254 1353 1556 1408; x_wconf 73' lang='lat' dir='ltr'><strong>aberrantes</strong></span> <span class='ocrx_word' id='word_1_116' title='bbox 1577 1367 1701 1407; x_wconf 82' lang='lat' dir='ltr'><strong>con-</strong></span> 
     </span>
    </p>
   </div>
   <div class='ocr_carea' id='block_1_15' title="bbox 117 1438 1694 1516">
    <p class='ocr_par' dir='ltr' id='par_1_15' title="bbox 117 1438 1694 1516">
     <span class='ocr_line' id='line_1_15' title="bbox 117 1438 1694 1516; baseline 0.001 -20"><span class='ocrx_word' id='word_1_117' title='bbox 117 1442 236 1496; x_wconf 71' lang='lat' dir='ltr'><strong>uersi</strong></span> <span class='ocrx_word' id='word_1_118' title='bbox 263 1451 390 1496; x_wconf 88' lang='lat' dir='ltr'><strong>sunt</strong></span> <span class='ocrx_word' id='word_1_119' title='bbox 419 1438 474 1496; x_wconf 90' lang='lat' dir='ltr'><strong>in</strong></span> <span class='ocrx_word' id='word_1_120' title='bbox 505 1441 880 1514; x_wconf 82' lang='lat' dir='ltr'><strong>vaniloquium,</strong></span> <span class='ocrx_word' id='word_1_121' title='bbox 909 1443 1131 1500; x_wconf 84' lang='lat' dir='ltr'><strong>volentes</strong></span> <span class='ocrx_word' id='word_1_122' title='bbox 1155 1461 1264 1500; x_wconf 88' lang='lat' dir='ltr'><strong>esse</strong></span> <span class='ocrx_word' id='word_1_123' title='bbox 1292 1446 1420 1516; x_wconf 85' lang='lat' dir='ltr'><strong>tegis</strong></span> <span class='ocrx_word' id='word_1_124' title='bbox 1439 1444 1694 1509; x_wconf 86' lang='lat' dir='ltr'><strong>doctores,</strong></span> 
     </span>
    </p>
   </div>
   <div class='ocr_carea' id='block_1_16' title="bbox 116 1535 1696 1610">
    <p class='ocr_par' dir='ltr' id='par_1_16' title="bbox 116 1535 1696 1610">
     <span class='ocr_line' id='line_1_16' title="bbox 116 1535 1696 1610; baseline 0.001 -22"><span class='ocrx_word' id='word_1_125' title='bbox 116 1535 394 1590; x_wconf 74' lang='lat' dir='ltr'><strong>nescientes</strong></span> <span class='ocrx_word' id='word_1_126' title='bbox 425 1552 544 1606; x_wconf 65' lang='lat' dir='ltr'><strong>quae</strong></span> <span class='ocrx_word' id='word_1_127' title='bbox 575 1535 883 1610; x_wconf 76' lang='lat' dir='ltr'><strong>loquuntur,</strong></span> <span class='ocrx_word' id='word_1_128' title='bbox 911 1553 1072 1610; x_wconf 88' lang='lat' dir='ltr'><strong>neque</strong></span> <span class='ocrx_word' id='word_1_129' title='bbox 1100 1537 1164 1593; x_wconf 87' lang='lat' dir='ltr'><strong>de</strong></span> <span class='ocrx_word' id='word_1_130' title='bbox 1189 1538 1381 1608; x_wconf 83' lang='lat' dir='ltr'><strong>quibus</strong></span> <span class='ocrx_word' id='word_1_131' title='bbox 1415 1539 1696 1609; x_wconf 64' lang='lat' dir='ltr'><strong>amt-munt.</strong></span> 
     </span>
    </p>
   </div>
   <div class='ocr_carea' id='block_1_17' title="bbox 101 1625 1698 1704">
    <p class='ocr_par' dir='ltr' id='par_1_17' title="bbox 101 1625 1698 1704">
     <span class='ocr_line' id='line_1_17' title="bbox 101 1625 1698 1704; baseline 0.004 -22"><span class='ocrx_word' id='word_1_132' title='bbox 101 1625 182 1682; x_wconf 84' lang='lat' dir='ltr'><strong>&#39;De</strong></span> <span class='ocrx_word' id='word_1_133' title='bbox 200 1629 402 1700; x_wconf 80' lang='lat' dir='ltr'><strong>quibus</strong></span> <span class='ocrx_word' id='word_1_134' title='bbox 429 1631 591 1685; x_wconf 85' lang='lat' dir='ltr'><strong>etiam</strong></span> <span class='ocrx_word' id='word_1_135' title='bbox 627 1631 817 1687; x_wconf 87' lang='lat' dir='ltr'><strong>beatus</strong></span> <span class='ocrx_word' id='word_1_136' title='bbox 842 1632 1096 1700; x_wconf 91' lang='lat' dir='ltr'><strong>Isidorus,</strong></span> <span class='ocrx_word' id='word_1_137' title='bbox 1127 1633 1316 1688; x_wconf 89' lang='lat' dir='ltr'><strong>doctor</strong></span> <span class='ocrx_word' id='word_1_138' title='bbox 1341 1633 1611 1704; x_wconf 78' lang='lat' dir='ltr'><strong>egregius,</strong></span> <span class='ocrx_word' id='word_1_139' title='bbox 1641 1633 1698 1688; x_wconf 91' lang='lat' dir='ltr'><strong>in</strong></span> 
     </span>
    </p>
   </div>
   <div class='ocr_carea' id='block_1_18' title="bbox 1804 425 3390 513">
    <p class='ocr_par' dir='ltr' id='par_1_18' title="bbox 1804 425 3390 513">
     <span class='ocr_line' id='line_1_18' title="bbox 1804 425 3390 513; baseline 0.01 -31"><span class='ocrx_word' id='word_1_140' title='bbox 1804 425 1938 482; x_wconf 86' lang='lat' dir='ltr'><strong>Cum</strong></span> <span class='ocrx_word' id='word_1_141' title='bbox 1976 427 2030 482; x_wconf 89' lang='lat' dir='ltr'><strong>in</strong></span> <span class='ocrx_word' id='word_1_142' title='bbox 2067 438 2256 486; x_wconf 84' lang='lat' dir='ltr'><strong>sancta</strong></span> <span class='ocrx_word' id='word_1_143' title='bbox 2277 429 2542 488; x_wconf 88' lang='lat' dir='ltr'><strong>Trinitate</strong></span> <span class='ocrx_word' id='word_1_144' title='bbox 2579 432 2713 488; x_wconf 75' lang='lat' dir='ltr'><strong>nihil</strong></span> <span class='ocrx_word' id='word_1_145' title='bbox 2746 436 3005 504; x_wconf 71' lang='lat' dir='ltr'><strong>credatur</strong></span> <span class='ocrx_word' id='word_1_146' title='bbox 3037 447 3162 495; x_wconf 83' lang='lat' dir='ltr'><strong>esse</strong></span> <span class='ocrx_word' id='word_1_147' title='bbox 3185 439 3390 513; x_wconf 77' lang='lat' dir='ltr'><strong>corpo-</strong></span> 
     </span>
    </p>
   </div>
   <div class='ocr_carea' id='block_1_19' title="bbox 1804 519 3421 596">
    <p class='ocr_par' dir='ltr' id='par_1_19' title="bbox 1804 519 3421 596">
     <span class='ocr_line' id='line_1_19' title="bbox 1804 519 3421 596; baseline 0.011 -22"><span class='ocrx_word' id='word_1_148' title='bbox 1804 532 1976 584; x_wconf 81' lang='lat' dir='ltr'><strong>reum,</strong></span> <span class='ocrx_word' id='word_1_149' title='bbox 2000 519 2134 576; x_wconf 88' lang='lat' dir='ltr'><strong>nihil</strong></span> <span class='ocrx_word' id='word_1_150' title='bbox 2157 519 2332 592; x_wconf 86' lang='lat' dir='ltr'><strong>majus</strong></span> <span class='ocrx_word' id='word_1_151' title='bbox 2349 531 2443 578; x_wconf 87' lang='lat' dir='ltr'><strong>aut</strong></span> <span class='ocrx_word' id='word_1_152' title='bbox 2464 523 2664 592; x_wconf 89' lang='lat' dir='ltr'><strong>minus,</strong></span> <span class='ocrx_word' id='word_1_153' title='bbox 2687 527 2956 596; x_wconf 84' lang='lat' dir='ltr'><strong>quomodo</strong></span> <span class='ocrx_word' id='word_1_154' title='bbox 2978 528 3210 588; x_wconf 76' lang='lat' dir='ltr'><strong>formam</strong></span> <span class='ocrx_word' id='word_1_155' title='bbox 3237 533 3421 591; x_wconf 80' lang='lat' dir='ltr'><strong>illam‘</strong></span> 
     </span>
    </p>
   </div>
   <div class='ocr_carea' id='block_1_20' title="bbox 1771 612 3387 695">
    <p class='ocr_par' dir='ltr' id='par_1_20' title="bbox 1771 612 3387 695">
     <span class='ocr_line' id='line_1_20' title="bbox 1771 612 3387 695; baseline 0.007 -23"><span class='ocrx_word' id='word_1_156' title='bbox 1771 639 1786 672; x_wconf 61' lang='grc' dir='ltr'><em>,η</em></span> <span class='ocrx_word' id='word_1_157' title='bbox 1800 612 2054 670; x_wconf 81' lang='lat' dir='ltr'><strong>servilem</strong></span> <span class='ocrx_word' id='word_1_158' title='bbox 2095 615 2386 672; x_wconf 76' lang='lat' dir='ltr'><strong>secundum</strong></span> <span class='ocrx_word' id='word_1_159' title='bbox 2429 615 2486 671; x_wconf 89' lang='lat' dir='ltr'><strong>in</strong></span> <span class='ocrx_word' id='word_1_160' title='bbox 2523 615 2789 674; x_wconf 87' lang='lat' dir='ltr'><strong>Trinitate</strong></span> <span class='ocrx_word' id='word_1_161' title='bbox 2831 621 3032 678; x_wconf 84' lang='lat' dir='ltr'><strong>asseris</strong></span> <span class='ocrx_word' id='word_1_162' title='bbox 3073 638 3387 695; x_wconf 83' lang='lat' dir='ltr'><strong>personam,</strong></span> 
     </span>
    </p>
   </div>
   <div class='ocr_carea' id='block_1_21' title="bbox 1803 705 3392 792">
    <p class='ocr_par' dir='ltr' id='par_1_21' title="bbox 1803 705 3392 792">
     <span class='ocr_line' id='line_1_21' title="bbox 1803 705 3392 792; baseline 0.011 -31"><span class='ocrx_word' id='word_1_163' title='bbox 1803 713 1826 744; x_wconf 70' lang='grc' dir='ltr'><strong>ο</strong></span> <span class='ocrx_word' id='word_1_164' title='bbox 1864 721 1988 762; x_wconf 88' lang='lat' dir='ltr'><strong>cum</strong></span> <span class='ocrx_word' id='word_1_165' title='bbox 2021 707 2134 776; x_wconf 86' lang='lat' dir='ltr'><strong>ipse</strong></span> <span class='ocrx_word' id='word_1_166' title='bbox 2163 705 2334 764; x_wconf 86' lang='lat' dir='ltr'><strong>Filius</strong></span> <span class='ocrx_word' id='word_1_167' title='bbox 2363 709 2460 764; x_wconf 77' lang='lat' dir='ltr'><strong>Dei</strong></span> <span class='ocrx_word' id='word_1_168' title='bbox 2501 713 2800 768; x_wconf 83' lang='lat' dir='ltr'><strong>secundum</strong></span> <span class='ocrx_word' id='word_1_169' title='bbox 2838 729 2961 770; x_wconf 87' lang='lat' dir='ltr'><strong>eam</strong></span> <span class='ocrx_word' id='word_1_170' title='bbox 2989 715 3232 776; x_wconf 68' lang='lat' dir='ltr'><strong>formam</strong></span> <span class='ocrx_word' id='word_1_171' title='bbox 3279 734 3392 792; x_wconf 75' lang='lat' dir='ltr'><strong>qua</strong></span> 
     </span>
    </p>
   </div>
   <div class='ocr_carea' id='block_1_22' title="bbox 1799 799 3387 880">
    <p class='ocr_par' dir='ltr' id='par_1_22' title="bbox 1799 799 3387 880">
     <span class='ocr_line' id='line_1_22' title="bbox 1799 799 3387 880; baseline 0.013 -26"><span class='ocrx_word' id='word_1_172' title='bbox 1799 799 1979 858; x_wconf 88' lang='lat' dir='ltr'><strong>minor</strong></span> <span class='ocrx_word' id='word_1_173' title='bbox 2018 812 2104 858; x_wconf 91' lang='lat' dir='ltr'><strong>est</strong></span> <span class='ocrx_word' id='word_1_174' title='bbox 2129 802 2312 870; x_wconf 83' lang='lat' dir='ltr'><strong>Patre,</strong></span> <span class='ocrx_word' id='word_1_175' title='bbox 2355 819 2464 876; x_wconf 80' lang='lat' dir='ltr'><strong>per-</strong></span> <span class='ocrx_word' id='word_1_176' title='bbox 2495 809 2848 880; x_wconf 88' lang='lat' dir='ltr'><strong>semetipsum</strong></span> <span class='ocrx_word' id='word_1_177' title='bbox 2895 820 3130 870; x_wconf 83' lang='lat' dir='ltr'><strong>testatur</strong></span> <span class='ocrx_word' id='word_1_178' title='bbox 3165 813 3387 874; x_wconf 82' lang='lat' dir='ltr'><strong>dicens:</strong></span> 
     </span>
    </p>
   </div>
   <div class='ocr_carea' id='block_1_23' title="bbox 1801 891 3392 984">
    <p class='ocr_par' dir='ltr' id='par_1_23' title="bbox 1801 891 3392 984">
     <span class='ocr_line' id='line_1_23' title="bbox 1801 891 3392 984; baseline 0.014 -39"><span class='ocrx_word' id='word_1_179' title='bbox 1801 891 1964 984; x_wconf 61' lang='lat' dir='ltr'><strong>Pater</strong></span> <span class='ocrx_word' id='word_1_180' title='bbox 1984 896 2162 966; x_wconf 81' lang='lat' dir='ltr'><strong>major</strong></span> <span class='ocrx_word' id='word_1_181' title='bbox 2183 913 2264 953; x_wconf 90' lang='lat' dir='ltr'><strong>me</strong></span> <span class='ocrx_word' id='word_1_182' title='bbox 2291 909 2389 955; x_wconf 89' lang='lat' dir='ltr'><strong>est.</strong></span> <span class='ocrx_word' id='word_1_183' title='bbox 2419 899 2488 956; x_wconf 87' lang='lat' dir='ltr'><strong>Et</strong></span> <span class='ocrx_word' id='word_1_184' title='bbox 2518 902 2585 956; x_wconf 89' lang='lat' dir='ltr'><strong>de</strong></span> <span class='ocrx_word' id='word_1_185' title='bbox 2613 917 2719 973; x_wconf 90' lang='lat' dir='ltr'><strong>qua</strong></span> <span class='ocrx_word' id='word_1_186' title='bbox 2748 902 2927 962; x_wconf 79' lang='lat' dir='ltr'><strong>forma</strong></span> <span class='ocrx_word' id='word_1_187' title='bbox 2959 921 3063 961; x_wconf 80' lang='lat' dir='ltr'><strong>vox</strong></span> <span class='ocrx_word' id='word_1_188' title='bbox 3085 907 3265 965; x_wconf 84' lang='lat' dir='ltr'><strong>Patris</strong></span> <span class='ocrx_word' id='word_1_189' title='bbox 3288 924 3392 984; x_wconf 81' lang='lat' dir='ltr'><strong>per</strong></span> 
     </span>
    </p>
   </div>
   <div class='ocr_carea' id='block_1_24' title="bbox 1800 979 3391 1068">
    <p class='ocr_par' dir='ltr' id='par_1_24' title="bbox 1800 979 3391 1068">
     <span class='ocr_line' id='line_1_24' title="bbox 1800 979 3391 1068; baseline 0.013 -32"><span class='ocrx_word' id='word_1_190' title='bbox 1800 979 2125 1054; x_wconf 81' lang='lat' dir='ltr'><strong>Prophetam</strong></span> <span class='ocrx_word' id='word_1_191' title='bbox 2166 985 2407 1057; x_wconf 81' lang='lat' dir='ltr'><strong>loquitur</strong></span> <span class='ocrx_word' id='word_1_192' title='bbox 2455 990 2642 1048; x_wconf 86' lang='lat' dir='ltr'><strong>dicens</strong></span> <span class='ocrx_word' id='word_1_193' title='bbox 2687 1010 2702 1046; x_wconf 93' lang='lat'><strong>:</strong></span> <span class='ocrx_word' id='word_1_194' title='bbox 2743 991 2882 1050; x_wconf 87' lang='lat' dir='ltr'><strong>Ecce</strong></span> <span class='ocrx_word' id='word_1_195' title='bbox 2921 995 3167 1068; x_wconf 73' lang='lat' dir='ltr'><strong>iiuelligit</strong></span> <span class='ocrx_word' id='word_1_196' title='bbox 3212 979 3391 1056; x_wconf 62' lang='lat' dir='ltr'><strong>seruus</strong></span> 
     </span>
    </p>
   </div>
   <div class='ocr_carea' id='block_1_25' title="bbox 1800 1079 3393 1162">
    <p class='ocr_par' dir='ltr' id='par_1_25' title="bbox 1800 1079 3393 1162">
     <span class='ocr_line' id='line_1_25' title="bbox 1800 1079 3393 1162; baseline 0.011 -32"><span class='ocrx_word' id='word_1_197' title='bbox 1800 1093 1966 1144; x_wconf 84' lang='lat' dir='ltr'><strong>meus,</strong></span> <span class='ocrx_word' id='word_1_198' title='bbox 1987 1087 2036 1133; x_wconf 89' lang='lat' dir='ltr'><strong>et</strong></span> <span class='ocrx_word' id='word_1_199' title='bbox 2061 1079 2400 1149; x_wconf 66' lang='lat' dir='ltr'><strong>exaltabitur,</strong></span> <span class='ocrx_word' id='word_1_200' title='bbox 2431 1093 2480 1138; x_wconf 91' lang='lat' dir='ltr'><strong>et</strong></span> <span class='ocrx_word' id='word_1_201' title='bbox 2504 1083 2805 1152; x_wconf 80' lang='lat' dir='ltr'><strong>eleuabitur,</strong></span> <span class='ocrx_word' id='word_1_202' title='bbox 2832 1095 2888 1142; x_wconf 89' lang='lat' dir='ltr'><strong>et</strong></span> <span class='ocrx_word' id='word_1_203' title='bbox 2916 1096 3132 1145; x_wconf 65' lang='lat' dir='ltr'><strong>cetera.</strong></span> <span class='ocrx_word' id='word_1_204' title='bbox 3175 1089 3243 1148; x_wconf 84' lang='lat' dir='ltr'><strong>Et</strong></span> <span class='ocrx_word' id='word_1_205' title='bbox 3267 1099 3393 1162; x_wconf 85' lang='lat' dir='ltr'><strong>post</strong></span> 
     </span>
    </p>
   </div>
   <div class='ocr_carea' id='block_1_26' title="bbox 1801 1167 3392 1248">
    <p class='ocr_par' dir='ltr' id='par_1_26' title="bbox 1801 1167 3392 1248">
     <span class='ocr_line' id='line_1_26' title="bbox 1801 1167 3392 1248; baseline 0.011 -26"><span class='ocrx_word' id='word_1_206' title='bbox 1801 1167 1980 1239; x_wconf 83' lang='lat' dir='ltr'><strong>aliqua</strong></span> <span class='ocrx_word' id='word_1_207' title='bbox 2011 1188 2024 1224; x_wconf 90' lang='lat'><strong>:</strong></span> <span class='ocrx_word' id='word_1_208' title='bbox 2054 1169 2326 1244; x_wconf 88' lang='lat' dir='ltr'><strong>Tanquam</strong></span> <span class='ocrx_word' id='word_1_209' title='bbox 2367 1175 2475 1230; x_wconf 79' lang='lat' dir='ltr'><strong>ouis</strong></span> <span class='ocrx_word' id='word_1_210' title='bbox 2505 1176 2575 1230; x_wconf 79' lang='lat' dir='ltr'><strong>ad</strong></span> <span class='ocrx_word' id='word_1_211' title='bbox 2614 1177 2926 1234; x_wconf 75' lang='lat' dir='ltr'><strong>occisionem</strong></span> <span class='ocrx_word' id='word_1_212' title='bbox 2973 1177 3175 1236; x_wconf 79' lang='lat' dir='ltr'><strong>ductus</strong></span> <span class='ocrx_word' id='word_1_213' title='bbox 3204 1191 3312 1248; x_wconf 79' lang='lat' dir='ltr'><strong>est,</strong></span> <span class='ocrx_word' id='word_1_214' title='bbox 3342 1190 3392 1240; x_wconf 84' lang='lat' dir='ltr'><strong>et</strong></span> 
     </span>
    </p>
   </div>
   <div class='ocr_carea' id='block_1_27' title="bbox 1800 1261 2630 1334">
    <p class='ocr_par' dir='ltr' id='par_1_27' title="bbox 1800 1261 2630 1334">
     <span class='ocr_line' id='line_1_27' title="bbox 1800 1261 2630 1334; baseline 0.01 -19"><span class='ocrx_word' id='word_1_215' title='bbox 1800 1261 1934 1316; x_wconf 84' lang='lat' dir='ltr'><strong>sicut</strong></span> <span class='ocrx_word' id='word_1_216' title='bbox 1961 1279 2130 1334; x_wconf 79' lang='lat' dir='ltr'><strong>agnus</strong></span> <span class='ocrx_word' id='word_1_217' title='bbox 2157 1280 2338 1320; x_wconf 86' lang='lat' dir='ltr'><strong>coram</strong></span> <span class='ocrx_word' id='word_1_218' title='bbox 2365 1267 2630 1324; x_wconf 86' lang='lat' dir='ltr'><strong>tondente.</strong></span> 
     </span>
    </p>
   </div>
   <div class='ocr_carea' id='block_1_28' title="bbox 1872 1353 3392 1436">
    <p class='ocr_par' dir='ltr' id='par_1_28' title="bbox 1872 1353 3392 1436">
     <span class='ocr_line' id='line_1_28' title="bbox 1872 1353 3392 1436; baseline 0.009 -26"><span class='ocrx_word' id='word_1_219' title='bbox 1872 1353 1926 1410; x_wconf 84' lang='lat'><strong>5.</strong></span> <span class='ocrx_word' id='word_1_220' title='bbox 1985 1355 2060 1411; x_wconf 90' lang='lat' dir='ltr'><strong>De</strong></span> <span class='ocrx_word' id='word_1_221' title='bbox 2103 1357 2262 1413; x_wconf 84' lang='lat' dir='ltr'><strong>tertia</strong></span> <span class='ocrx_word' id='word_1_222' title='bbox 2299 1373 2429 1413; x_wconf 80' lang='lat' dir='ltr'><strong>vero</strong></span> <span class='ocrx_word' id='word_1_223' title='bbox 2469 1376 2700 1431; x_wconf 88' lang='lat' dir='ltr'><strong>persona</strong></span> <span class='ocrx_word' id='word_1_224' title='bbox 2747 1361 2985 1434; x_wconf 88' lang='lat' dir='ltr'><strong>Spiritus</strong></span> <span class='ocrx_word' id='word_1_225' title='bbox 3026 1365 3200 1422; x_wconf 82' lang='lat' dir='ltr'><strong>sancti</strong></span> <span class='ocrx_word' id='word_1_226' title='bbox 3241 1365 3392 1436; x_wconf 86' lang='lat' dir='ltr'><strong>quod</strong></span> 
     </span>
    </p>
   </div>
   <div class='ocr_carea' id='block_1_29' title="bbox 1801 1446 3391 1528">
    <p class='ocr_par' dir='ltr' id='par_1_29' title="bbox 1801 1446 3391 1528">
     <span class='ocr_line' id='line_1_29' title="bbox 1801 1446 3391 1528; baseline 0.009 -26"><span class='ocrx_word' id='word_1_227' title='bbox 1801 1446 1958 1513; x_wconf 89' lang='lat' dir='ltr'><strong>dicis,</strong></span> <span class='ocrx_word' id='word_1_228' title='bbox 1993 1462 2060 1504; x_wconf 88' lang='lat' dir='ltr'><strong>eo</strong></span> <span class='ocrx_word' id='word_1_229' title='bbox 2085 1450 2230 1518; x_wconf 87' lang='lat' dir='ltr'><strong>quod</strong></span> <span class='ocrx_word' id='word_1_230' title='bbox 2257 1449 2457 1507; x_wconf 87' lang='lat' dir='ltr'><strong>Paulus</strong></span> <span class='ocrx_word' id='word_1_231' title='bbox 2485 1454 2577 1518; x_wconf 84' lang='lat' dir='ltr'><strong>sit,</strong></span> <span class='ocrx_word' id='word_1_232' title='bbox 2615 1455 2849 1514; x_wconf 89' lang='lat' dir='ltr'><strong>dicendo</strong></span> <span class='ocrx_word' id='word_1_233' title='bbox 2871 1458 3018 1528; x_wconf 87' lang='lat' dir='ltr'><strong>quod</strong></span> <span class='ocrx_word' id='word_1_234' title='bbox 3051 1459 3119 1515; x_wconf 88' lang='lat' dir='ltr'><strong>de</strong></span> <span class='ocrx_word' id='word_1_235' title='bbox 3146 1474 3213 1515; x_wconf 88' lang='lat' dir='ltr'><strong>eo</strong></span> <span class='ocrx_word' id='word_1_236' title='bbox 3238 1457 3391 1516; x_wconf 85' lang='lat' dir='ltr'><strong>Scri-</strong></span> 
     </span>
    </p>
   </div>
   <div class='ocr_carea' id='block_1_30' title="bbox 1801 1540 3390 1624">
    <p class='ocr_par' dir='ltr' id='par_1_30' title="bbox 1801 1540 3390 1624">
     <span class='ocr_line' id='line_1_30' title="bbox 1801 1540 3390 1624; baseline 0.009 -27"><span class='ocrx_word' id='word_1_237' title='bbox 1801 1550 1959 1613; x_wconf 87' lang='lat' dir='ltr'><strong>ptura</strong></span> <span class='ocrx_word' id='word_1_238' title='bbox 1989 1543 2134 1599; x_wconf 88' lang='lat' dir='ltr'><strong>dicat</strong></span> <span class='ocrx_word' id='word_1_239' title='bbox 2167 1562 2180 1598; x_wconf 90' lang='lat'><strong>:</strong></span> <span class='ocrx_word' id='word_1_240' title='bbox 2221 1543 2454 1617; x_wconf 88' lang='lat' dir='ltr'><strong>Spiritus</strong></span> <span class='ocrx_word' id='word_1_241' title='bbox 2483 1549 2588 1604; x_wconf 88' lang='lat' dir='ltr'><strong>oris</strong></span> <span class='ocrx_word' id='word_1_242' title='bbox 2627 1550 2742 1621; x_wconf 86' lang='lat' dir='ltr'><strong>ejus</strong></span> <span class='ocrx_word' id='word_1_243' title='bbox 2771 1553 2942 1608; x_wconf 86' lang='lat' dir='ltr'><strong>omnis</strong></span> <span class='ocrx_word' id='word_1_244' title='bbox 2979 1540 3142 1610; x_wconf 69' lang='lat' dir='ltr'><strong>uirtus</strong></span> <span class='ocrx_word' id='word_1_245' title='bbox 3170 1569 3390 1624; x_wconf 82' lang='lat' dir='ltr'><strong>eorum;</strong></span> 
     </span>
    </p>
   </div>
   <div class='ocr_carea' id='block_1_31' title="bbox 1802 1634 3384 1715">
    <p class='ocr_par' dir='ltr' id='par_1_31' title="bbox 1802 1634 3384 1715">
     <span class='ocr_line' id='line_1_31' title="bbox 1802 1634 3384 1715; baseline 0.008 -25"><span class='ocrx_word' id='word_1_246' title='bbox 1802 1641 1859 1690; x_wconf 89' lang='lat' dir='ltr'><strong>et</strong></span> <span class='ocrx_word' id='word_1_247' title='bbox 1885 1634 2078 1690; x_wconf 86' lang='lat' dir='ltr'><strong>iterum</strong></span> <span class='ocrx_word' id='word_1_248' title='bbox 2097 1649 2164 1691; x_wconf 88' lang='lat' dir='ltr'><strong>eo</strong></span> <span class='ocrx_word' id='word_1_249' title='bbox 2183 1639 2330 1708; x_wconf 84' lang='lat' dir='ltr'><strong>quod</strong></span> <span class='ocrx_word' id='word_1_250' title='bbox 2354 1639 2470 1710; x_wconf 85' lang='lat' dir='ltr'><strong>ipse</strong></span> <span class='ocrx_word' id='word_1_251' title='bbox 2491 1639 2558 1696; x_wconf 92' lang='lat' dir='ltr'><strong>de</strong></span> <span class='ocrx_word' id='word_1_252' title='bbox 2583 1649 2874 1714; x_wconf 79' lang='lat' dir='ltr'><strong>semetipso</strong></span> <span class='ocrx_word' id='word_1_253' title='bbox 2896 1643 3150 1715; x_wconf 80' lang='lat' dir='ltr'><strong>loquatur</strong></span> <span class='ocrx_word' id='word_1_254' title='bbox 3167 1643 3384 1703; x_wconf 88' lang='lat' dir='ltr'><strong>dicens:</strong></span> 
     </span>
    </p>
   </div>
   <div class='ocr_carea' id='block_1_32' title="bbox 113 1704 3394 1807">
    <p class='ocr_par' dir='ltr' id='par_1_32' title="bbox 113 1704 3394 1807">
     <span class='ocr_line' id='line_1_32' title="bbox 113 1704 3394 1807; baseline 0.005 -31"><span class='ocrx_word' id='word_1_255' title='bbox 113 1720 216 1776; x_wconf 84' lang='lat' dir='ltr'><strong>suis</strong></span> <span class='ocrx_word' id='word_1_256' title='bbox 256 1721 602 1794; x_wconf 82' lang='lat' dir='ltr'><strong>dogmatibus</strong></span> <span class='ocrx_word' id='word_1_257' title='bbox 649 1723 724 1778; x_wconf 80' lang='lat' dir='ltr'><strong>ita</strong></span> <span class='ocrx_word' id='word_1_258' title='bbox 765 1723 1004 1796; x_wconf 81' lang='lat' dir='ltr'><strong>loquitur</strong></span> <span class='ocrx_word' id='word_1_259' title='bbox 1047 1710 1233 1780; x_wconf 80' lang='lat' dir='ltr'><strong>dicens</strong></span> <span class='ocrx_word' id='word_1_260' title='bbox 1269 1741 1284 1780; x_wconf 88' lang='lat'><strong>:</strong></span> <span class='ocrx_word' id='word_1_261' title='bbox 1331 1743 1349 1777; x_wconf 83' lang='grc' dir='ltr'><strong>ι</strong></span> <span class='ocrx_word' id='word_1_262' title='bbox 1385 1723 1696 1795; x_wconf 86' lang='lat' dir='ltr'><strong>Scripturas</strong></span> <span class='ocrx_word' id='word_1_263' title='bbox 1727 1704 1774 1766; x_wconf 74' lang='grc' dir='ltr'><strong>Β</strong></span> <span class='ocrx_word' id='word_1_264' title='bbox 1803 1721 1927 1778; x_wconf 86' lang='lat' dir='ltr'><strong>Non</strong></span> <span class='ocrx_word' id='word_1_265' title='bbox 1967 1726 2031 1780; x_wconf 93' lang='lat' dir='ltr'><strong>ab</strong></span> <span class='ocrx_word' id='word_1_266' title='bbox 2068 1704 2296 1793; x_wconf 74' lang='lat' dir='ltr'><strong>nomine,</strong></span> <span class='ocrx_word' id='word_1_267' title='bbox 2329 1704 2493 1801; x_wconf 78' lang='lat' dir='ltr'><strong>neque</strong></span> <span class='ocrx_word' id='word_1_268' title='bbox 2522 1747 2616 1802; x_wconf 83' lang='lat' dir='ltr'><strong>per</strong></span> <span class='ocrx_word' id='word_1_269' title='bbox 2653 1704 2944 1800; x_wconf 82' lang='lat' dir='ltr'><strong>hominem,</strong></span> <span class='ocrx_word' id='word_1_270' title='bbox 2967 1704 3067 1790; x_wconf 67' lang='lat' dir='ltr'><strong>sed</strong></span> <span class='ocrx_word' id='word_1_271' title='bbox 3105 1751 3200 1807; x_wconf 86' lang='lat' dir='ltr'><strong>per</strong></span> <span class='ocrx_word' id='word_1_272' title='bbox 3223 1734 3394 1792; x_wconf 87' lang='lat' dir='ltr'><strong>Deum</strong></span> 
     </span>
    </p>
   </div>
   <div class='ocr_carea' id='block_1_33' title="bbox 107 1811 1698 1888">
    <p class='ocr_par' dir='ltr' id='par_1_33' title="bbox 107 1811 1698 1888">
     <span class='ocr_line' id='line_1_33' title="bbox 107 1811 1698 1888; baseline 0.002 -20"><span class='ocrx_word' id='word_1_273' title='bbox 107 1811 347 1870; x_wconf 63' lang='lat' dir='ltr'><strong>heretici</strong></span> <span class='ocrx_word' id='word_1_274' title='bbox 378 1831 510 1888; x_wconf 74' lang='lat' dir='ltr'><strong>sane</strong></span> <span class='ocrx_word' id='word_1_275' title='bbox 549 1831 712 1872; x_wconf 88' lang='lat' dir='ltr'><strong>sensu</strong></span> <span class='ocrx_word' id='word_1_276' title='bbox 741 1832 844 1872; x_wconf 90' lang='lat' dir='ltr'><strong>non</strong></span> <span class='ocrx_word' id='word_1_277' title='bbox 880 1818 1140 1874; x_wconf 77' lang='lat' dir='ltr'><strong>sentiunt.</strong></span> <span class='ocrx_word' id='word_1_278' title='bbox 1183 1819 1306 1874; x_wconf 86' lang='lat' dir='ltr'><strong>Ideo</strong></span> <span class='ocrx_word' id='word_1_279' title='bbox 1333 1833 1428 1874; x_wconf 90' lang='lat' dir='ltr'><strong>eas</strong></span> <span class='ocrx_word' id='word_1_280' title='bbox 1457 1818 1525 1874; x_wconf 85' lang='lat' dir='ltr'><strong>ad</strong></span> <span class='ocrx_word' id='word_1_281' title='bbox 1547 1831 1698 1872; x_wconf 87' lang='lat' dir='ltr'><strong>erro-</strong></span> 
     </span>
    </p>
   </div>
   <div class='ocr_carea' id='block_1_34' title="bbox 105 1909 1700 1985">
    <p class='ocr_par' dir='ltr' id='par_1_34' title="bbox 105 1909 1700 1985">
     <span class='ocr_line' id='line_1_34' title="bbox 105 1909 1700 1985; baseline 0.003 -22"><span class='ocrx_word' id='word_1_282' title='bbox 105 1909 221 1963; x_wconf 80' lang='lat' dir='ltr'><strong>rem</strong></span> <span class='ocrx_word' id='word_1_283' title='bbox 275 1924 462 1980; x_wconf 72' lang='lat' dir='ltr'><strong>prava:</strong></span> <span class='ocrx_word' id='word_1_284' title='bbox 513 1909 882 1982; x_wconf 73' lang='lat' dir='ltr'><strong>intelligentiae</strong></span> <span class='ocrx_word' id='word_1_285' title='bbox 917 1912 1242 1985; x_wconf 84' lang='lat' dir='ltr'><strong>perducunt,</strong></span> <span class='ocrx_word' id='word_1_286' title='bbox 1285 1926 1460 1982; x_wconf 89' lang='lat' dir='ltr'><strong>neque</strong></span> <span class='ocrx_word' id='word_1_287' title='bbox 1504 1921 1700 1968; x_wconf 78' lang='lat' dir='ltr'><strong>semct-</strong></span> 
     </span>
    </p>
   </div>
   <div class='ocr_carea' id='block_1_35' title="bbox 111 1997 1700 2075">
    <p class='ocr_par' dir='ltr' id='par_1_35' title="bbox 111 1997 1700 2075">
     <span class='ocr_line' id='line_1_35' title="bbox 111 1997 1700 2075; baseline 0.003 -22"><span class='ocrx_word' id='word_1_288' title='bbox 111 1997 253 2071; x_wconf 87' lang='lat' dir='ltr'><strong>ipsos</strong></span> <span class='ocrx_word' id='word_1_289' title='bbox 279 2015 472 2056; x_wconf 88' lang='lat' dir='ltr'><strong>carnm</strong></span> <span class='ocrx_word' id='word_1_290' title='bbox 519 2001 767 2058; x_wconf 85' lang='lat' dir='ltr'><strong>sensibus</strong></span> <span class='ocrx_word' id='word_1_291' title='bbox 797 2003 1060 2068; x_wconf 88' lang='lat' dir='ltr'><strong>subdunt,</strong></span> <span class='ocrx_word' id='word_1_292' title='bbox 1104 2004 1199 2060; x_wconf 88' lang='lat' dir='ltr'><strong>sed</strong></span> <span class='ocrx_word' id='word_1_293' title='bbox 1227 2019 1320 2060; x_wconf 87' lang='lat' dir='ltr'><strong>eas</strong></span> <span class='ocrx_word' id='word_1_294' title='bbox 1349 2019 1605 2075; x_wconf 82' lang='lat' dir='ltr'><strong>perverse</strong></span> <span class='ocrx_word' id='word_1_295' title='bbox 1631 2002 1700 2058; x_wconf 88' lang='lat' dir='ltr'><strong>ad</strong></span> 
     </span>
    </p>
   </div>
   <div class='ocr_carea' id='block_1_36' title="bbox 107 2089 1701 2164">
    <p class='ocr_par' dir='ltr' id='par_1_36' title="bbox 107 2089 1701 2164">
     <span class='ocr_line' id='line_1_36' title="bbox 107 2089 1701 2164; baseline 0.003 -19"><span class='ocrx_word' id='word_1_296' title='bbox 107 2105 350 2146; x_wconf 87' lang='lat' dir='ltr'><strong>errorem</strong></span> <span class='ocrx_word' id='word_1_297' title='bbox 377 2089 652 2163; x_wconf 88' lang='lat' dir='ltr'><strong>proprium</strong></span> <span class='ocrx_word' id='word_1_298' title='bbox 681 2093 1020 2164; x_wconf 82' lang='lat' dir='ltr'><strong>pertrahunt.</strong></span> <span class='ocrx_word' id='word_1_299' title='bbox 1055 2114 1074 2148; x_wconf 78' lang='grc' dir='ltr'><strong>ι</strong></span> <span class='ocrx_word' id='word_1_300' title='bbox 1105 2094 1172 2150; x_wconf 82' lang='lat' dir='ltr'><strong>Et</strong></span> <span class='ocrx_word' id='word_1_301' title='bbox 1199 2095 1394 2150; x_wconf 85' lang='lat' dir='ltr'><strong>iterum</strong></span> <span class='ocrx_word' id='word_1_302' title='bbox 1419 2113 1432 2149; x_wconf 91' lang='lat'><strong>:</strong></span> <span class='ocrx_word' id='word_1_303' title='bbox 1470 2114 1489 2146; x_wconf 78' lang='grc' dir='ltr'><strong>ι</strong></span> <span class='ocrx_word' id='word_1_304' title='bbox 1518 2095 1701 2152; x_wconf 63' lang='lat' dir='ltr'><strong>Haere-</strong></span> 
     </span>
    </p>
   </div>
   <div class='ocr_carea' id='block_1_37' title="bbox 109 2184 1703 2256">
    <p class='ocr_par' dir='ltr' id='par_1_37' title="bbox 109 2184 1703 2256">
     <span class='ocr_line' id='line_1_37' title="bbox 109 2184 1703 2256; baseline 0.003 -18"><span class='ocrx_word' id='word_1_305' title='bbox 109 2184 193 2240; x_wconf 88' lang='lat' dir='ltr'><strong>tici</strong></span> <span class='ocrx_word' id='word_1_306' title='bbox 225 2185 437 2256; x_wconf 84' lang='lat' dir='ltr'><strong>ingenti</strong></span> <span class='ocrx_word' id='word_1_307' title='bbox 462 2187 636 2242; x_wconf 86' lang='lat' dir='ltr'><strong>studio</strong></span> <span class='ocrx_word' id='word_1_308' title='bbox 657 2186 936 2242; x_wconf 85' lang='lat' dir='ltr'><strong>mendacia</strong></span> <span class='ocrx_word' id='word_1_309' title='bbox 962 2203 1057 2242; x_wconf 89' lang='lat' dir='ltr'><strong>sua</strong></span> <span class='ocrx_word' id='word_1_310' title='bbox 1083 2186 1394 2253; x_wconf 82' lang='lat' dir='ltr'><strong>defendunt,</strong></span> <span class='ocrx_word' id='word_1_311' title='bbox 1439 2196 1496 2242; x_wconf 90' lang='lat' dir='ltr'><strong>et</strong></span> <span class='ocrx_word' id='word_1_312' title='bbox 1517 2187 1703 2244; x_wconf 87' lang='lat' dir='ltr'><strong>labore</strong></span> 
     </span>
    </p>
   </div>
   <div class='ocr_carea' id='block_1_38' title="bbox 107 2279 1700 2346">
    <p class='ocr_par' dir='ltr' id='par_1_38' title="bbox 107 2279 1700 2346">
     <span class='ocr_line' id='line_1_38' title="bbox 107 2279 1700 2346; baseline 0.004 -12"><span class='ocrx_word' id='word_1_313' title='bbox 107 2279 444 2346; x_wconf 79' lang='lat' dir='ltr'><strong>vehementi,</strong></span> <span class='ocrx_word' id='word_1_314' title='bbox 476 2295 542 2335; x_wconf 88' lang='lat' dir='ltr'><strong>ne</strong></span> <span class='ocrx_word' id='word_1_315' title='bbox 569 2280 633 2336; x_wconf 86' lang='lat' dir='ltr'><strong>ad</strong></span> <span class='ocrx_word' id='word_1_316' title='bbox 659 2281 924 2338; x_wconf 84' lang='lat' dir='ltr'><strong>unitatem</strong></span> <span class='ocrx_word' id='word_1_317' title='bbox 953 2281 1210 2338; x_wconf 73' lang='lat' dir='ltr'><strong>Ecclesiae</strong></span> <span class='ocrx_word' id='word_1_318' title='bbox 1238 2283 1458 2340; x_wconf 77' lang='lat' dir='ltr'><strong>veniant</strong></span> <span class='ocrx_word' id='word_1_319' title='bbox 1501 2285 1700 2341; x_wconf 86' lang='lat' dir='ltr'><strong>dehor-</strong></span> 
     </span>
    </p>
   </div>
   <div class='ocr_carea' id='block_1_39' title="bbox 106 2371 1700 2448">
    <p class='ocr_par' dir='ltr' id='par_1_39' title="bbox 106 2371 1700 2448">
     <span class='ocr_line' id='line_1_39' title="bbox 106 2371 1700 2448; baseline 0.003 -20"><span class='ocrx_word' id='word_1_320' title='bbox 106 2381 314 2428; x_wconf 81' lang='lat' dir='ltr'><strong>tantur.</strong></span> <span class='ocrx_word' id='word_1_321' title='bbox 355 2391 376 2425; x_wconf 72' lang='grc' dir='ltr'><strong>ι</strong></span> <span class='ocrx_word' id='word_1_322' title='bbox 406 2371 563 2429; x_wconf 86' lang='lat' dir='ltr'><strong>Certe</strong></span> <span class='ocrx_word' id='word_1_323' title='bbox 592 2373 637 2430; x_wconf 90' lang='lat' dir='ltr'><strong>si</strong></span> <span class='ocrx_word' id='word_1_324' title='bbox 667 2389 776 2432; x_wconf 91' lang='lat' dir='ltr'><strong>non</strong></span> <span class='ocrx_word' id='word_1_325' title='bbox 803 2382 884 2430; x_wconf 86' lang='lat' dir='ltr'><strong>est</strong></span> <span class='ocrx_word' id='word_1_326' title='bbox 914 2375 988 2430; x_wconf 86' lang='lat' dir='ltr'><strong>ita</strong></span> <span class='ocrx_word' id='word_1_327' title='bbox 1013 2375 1158 2446; x_wconf 79' lang='grc' dir='ltr'>ιιιιοιι</span> <span class='ocrx_word' id='word_1_328' title='bbox 1185 2374 1532 2446; x_wconf 83' lang='lat' dir='ltr'><strong>proferimus,</strong></span> <span class='ocrx_word' id='word_1_329' title='bbox 1564 2392 1700 2448; x_wconf 85' lang='lat' dir='ltr'><strong>quo-</strong></span> 
     </span>
    </p>
   </div>
   <div class='ocr_carea' id='block_1_40' title="bbox 105 2463 1700 2538">
    <p class='ocr_par' dir='ltr' id='par_1_40' title="bbox 105 2463 1700 2538">
     <span class='ocr_line' id='line_1_40' title="bbox 105 2463 1700 2538; baseline 0.004 -18"><span class='ocrx_word' id='word_1_330' title='bbox 105 2463 265 2520; x_wconf 88' lang='lat' dir='ltr'><strong>modo</strong></span> <span class='ocrx_word' id='word_1_331' title='bbox 299 2472 488 2537; x_wconf 87' lang='lat' dir='ltr'><strong>potest</strong></span> <span class='ocrx_word' id='word_1_332' title='bbox 518 2465 633 2522; x_wconf 79' lang='lat' dir='ltr'><strong>ﬁeri</strong></span> <span class='ocrx_word' id='word_1_333' title='bbox 674 2475 734 2520; x_wconf 92' lang='lat' dir='ltr'><strong>ut</strong></span> <span class='ocrx_word' id='word_1_334' title='bbox 759 2466 854 2522; x_wconf 87' lang='lat' dir='ltr'><strong>Dei</strong></span> <span class='ocrx_word' id='word_1_335' title='bbox 881 2467 1057 2527; x_wconf 79' lang='lat' dir='ltr'><strong>Patris</strong></span> <span class='ocrx_word' id='word_1_336' title='bbox 1090 2481 1322 2538; x_wconf 87' lang='lat' dir='ltr'><strong>persona</strong></span> <span class='ocrx_word' id='word_1_337' title='bbox 1363 2468 1534 2526; x_wconf 76' lang='lat' dir='ltr'><strong>David</strong></span> <span class='ocrx_word' id='word_1_338' title='bbox 1577 2485 1700 2526; x_wconf 86' lang='lat' dir='ltr'><strong>esse</strong></span> 
     </span>
    </p>
   </div>
   <div class='ocr_carea' id='block_1_41' title="bbox 105 2558 1698 2630">
    <p class='ocr_par' dir='ltr' id='par_1_41' title="bbox 105 2558 1698 2630">
     <span class='ocr_line' id='line_1_41' title="bbox 105 2558 1698 2630; baseline 0.003 -16"><span class='ocrx_word' id='word_1_339' title='bbox 105 2558 385 2628; x_wconf 84' lang='lat' dir='ltr'><strong>credatur,</strong></span> <span class='ocrx_word' id='word_1_340' title='bbox 411 2572 478 2614; x_wconf 91' lang='lat' dir='ltr'><strong>c0</strong></span> <span class='ocrx_word' id='word_1_341' title='bbox 502 2559 644 2630; x_wconf 78' lang='lat' dir='ltr'><strong>quod</strong></span> <span class='ocrx_word' id='word_1_342' title='bbox 673 2560 817 2618; x_wconf 91' lang='lat' dir='ltr'><strong>dicat</strong></span> <span class='ocrx_word' id='word_1_343' title='bbox 843 2577 857 2614; x_wconf 92' lang='lat'><strong>:</strong></span> <span class='ocrx_word' id='word_1_344' title='bbox 886 2559 1154 2617; x_wconf 78' lang='lat' dir='ltr'><strong>Eructarit</strong></span> <span class='ocrx_word' id='word_1_345' title='bbox 1181 2579 1274 2617; x_wconf 86' lang='lat' dir='ltr'><strong>cor</strong></span> <span class='ocrx_word' id='word_1_346' title='bbox 1293 2579 1466 2618; x_wconf 83' lang='lat' dir='ltr'><strong>meum</strong></span> <span class='ocrx_word' id='word_1_347' title='bbox 1489 2563 1698 2618; x_wconf 80' lang='lat' dir='ltr'><strong>verbum</strong></span> 
     </span>
    </p>
   </div>
   <div class='ocr_carea' id='block_1_42' title="bbox 106 2652 1694 2728">
    <p class='ocr_par' dir='ltr' id='par_1_42' title="bbox 106 2652 1694 2728">
     <span class='ocr_line' id='line_1_42' title="bbox 106 2652 1694 2728; baseline 0.001 -18"><span class='ocrx_word' id='word_1_348' title='bbox 106 2654 320 2722; x_wconf 84' lang='lat' dir='ltr'><strong>bonum,</strong></span> <span class='ocrx_word' id='word_1_349' title='bbox 354 2669 480 2709; x_wconf 89' lang='lat' dir='ltr'><strong>cum</strong></span> <span class='ocrx_word' id='word_1_350' title='bbox 517 2653 632 2726; x_wconf 85' lang='lat' dir='ltr'><strong>ipse</strong></span> <span class='ocrx_word' id='word_1_351' title='bbox 653 2652 820 2710; x_wconf 83' lang='lat' dir='ltr'><strong>David</strong></span> <span class='ocrx_word' id='word_1_352' title='bbox 848 2655 1066 2725; x_wconf 85' lang='lat' dir='ltr'><strong>proprie</strong></span> <span class='ocrx_word' id='word_1_353' title='bbox 1095 2655 1162 2712; x_wconf 85' lang='lat' dir='ltr'><strong>de</strong></span> <span class='ocrx_word' id='word_1_354' title='bbox 1193 2656 1486 2728; x_wconf 88' lang='lat' dir='ltr'><strong>semetipso</strong></span> <span class='ocrx_word' id='word_1_355' title='bbox 1520 2657 1694 2712; x_wconf 85' lang='lat' dir='ltr'><strong>dicat:</strong></span> 
     </span>
    </p>
   </div>
   <div class='ocr_carea' id='block_1_43' title="bbox 104 2743 1700 2820">
    <p class='ocr_par' dir='ltr' id='par_1_43' title="bbox 104 2743 1700 2820">
     <span class='ocr_line' id='line_1_43' title="bbox 104 2743 1700 2820; baseline 0.004 -22"><span class='ocrx_word' id='word_1_356' title='bbox 104 2743 168 2800; x_wconf 85' lang='lat' dir='ltr'><strong>1n</strong></span> <span class='ocrx_word' id='word_1_357' title='bbox 203 2746 574 2818; x_wconf 79' lang='lat' dir='ltr'><strong>iniquitatibus</strong></span> <span class='ocrx_word' id='word_1_358' title='bbox 609 2756 885 2817; x_wconf 81' lang='lat' dir='ltr'><strong>conceptus</strong></span> <span class='ocrx_word' id='word_1_359' title='bbox 913 2764 1050 2810; x_wconf 83' lang='lat' dir='ltr'><strong>sunt,</strong></span> <span class='ocrx_word' id='word_1_360' title='bbox 1081 2757 1128 2802; x_wconf 87' lang='lat' dir='ltr'><strong>et</strong></span> <span class='ocrx_word' id='word_1_361' title='bbox 1161 2749 1215 2803; x_wconf 88' lang='lat' dir='ltr'><strong>in</strong></span> <span class='ocrx_word' id='word_1_362' title='bbox 1249 2749 1474 2819; x_wconf 85' lang='lat' dir='ltr'><strong>peccatis</strong></span> <span class='ocrx_word' id='word_1_363' title='bbox 1503 2749 1700 2820; x_wconf 76' lang='lat' dir='ltr'><strong>peperit</strong></span> 
     </span>
    </p>
   </div>
   <div class='ocr_carea' id='block_1_44' title="bbox 103 2827 1698 2911">
    <p class='ocr_par' dir='ltr' id='par_1_44' title="bbox 103 2827 1698 2911">
     <span class='ocr_line' id='line_1_44' title="bbox 103 2827 1698 2911; baseline 0.003 -21"><span class='ocrx_word' id='word_1_364' title='bbox 103 2827 184 2892; x_wconf 79' lang='lat' dir='ltr'><strong>me</strong></span> <span class='ocrx_word' id='word_1_365' title='bbox 220 2847 396 2892; x_wconf 82' lang='lat' dir='ltr'><strong>mater</strong></span> <span class='ocrx_word' id='word_1_366' title='bbox 433 2838 592 2894; x_wconf 83' lang='lat' dir='ltr'><strong>mea?</strong></span> <span class='ocrx_word' id='word_1_367' title='bbox 633 2847 689 2893; x_wconf 89' lang='lat' dir='ltr'><strong>et</strong></span> <span class='ocrx_word' id='word_1_368' title='bbox 737 2839 932 2894; x_wconf 88' lang='lat' dir='ltr'><strong>iterum</strong></span> <span class='ocrx_word' id='word_1_369' title='bbox 967 2855 982 2896; x_wconf 88' lang='lat'><strong>:</strong></span> <span class='ocrx_word' id='word_1_370' title='bbox 1014 2837 1355 2911; x_wconf 81' lang='lat' dir='ltr'><strong>luiqnitatem</strong></span> <span class='ocrx_word' id='word_1_371' title='bbox 1395 2857 1562 2895; x_wconf 82' lang='lat' dir='ltr'><strong>meum</strong></span> <span class='ocrx_word' id='word_1_372' title='bbox 1605 2857 1698 2911; x_wconf 84' lang='lat' dir='ltr'><strong>ego</strong></span> 
     </span>
    </p>
   </div>
   <div class='ocr_carea' id='block_1_45' title="bbox 100 2917 1698 3004">
    <p class='ocr_par' dir='ltr' id='par_1_45' title="bbox 100 2917 1698 3004">
     <span class='ocr_line' id='line_1_45' title="bbox 100 2917 1698 3004; baseline 0.002 -19"><span class='ocrx_word' id='word_1_373' title='bbox 100 2947 366 3004; x_wconf 78' lang='lat' dir='ltr'><strong>agnosco,</strong></span> <span class='ocrx_word' id='word_1_374' title='bbox 409 2943 456 2988; x_wconf 85' lang='lat' dir='ltr'><strong>et</strong></span> <span class='ocrx_word' id='word_1_375' title='bbox 497 2943 764 3004; x_wconf 85' lang='lat' dir='ltr'><strong>peccatum</strong></span> <span class='ocrx_word' id='word_1_376' title='bbox 807 2949 979 2988; x_wconf 85' lang='lat' dir='ltr'><strong>meum</strong></span> <span class='ocrx_word' id='word_1_377' title='bbox 1017 2943 1139 2988; x_wconf 83' lang='lat' dir='ltr'><strong>ante</strong></span> <span class='ocrx_word' id='word_1_378' title='bbox 1189 2933 1380 3003; x_wconf 75' lang='lat' dir='ltr'><strong>faciem</strong></span> <span class='ocrx_word' id='word_1_379' title='bbox 1419 2917 1589 2988; x_wconf 82' lang='lat' dir='ltr'><strong>meum</strong></span> <span class='ocrx_word' id='word_1_380' title='bbox 1622 2945 1698 2988; x_wconf 66' lang='grc'><strong>881</strong></span> 
     </span>
    </p>
   </div>
   <div class='ocr_carea' id='block_1_46' title="bbox 99 3015 1694 3097">
    <p class='ocr_par' dir='ltr' id='par_1_46' title="bbox 99 3015 1694 3097">
     <span class='ocr_line' id='line_1_46' title="bbox 99 3015 1694 3097; baseline 0 -17"><span class='ocrx_word' id='word_1_381' title='bbox 99 3015 327 3096; x_wconf 80' lang='lat' dir='ltr'><strong>semper.</strong></span> <span class='ocrx_word' id='word_1_382' title='bbox 351 3023 420 3080; x_wconf 78' lang='lat' dir='ltr'><strong>Et</strong></span> <span class='ocrx_word' id='word_1_383' title='bbox 445 3023 573 3079; x_wconf 85' lang='lat' dir='ltr'><strong>alibi</strong></span> <span class='ocrx_word' id='word_1_384' title='bbox 595 3042 612 3089; x_wconf 82' lang='lat'><strong>;</strong></span> <span class='ocrx_word' id='word_1_385' title='bbox 638 3024 752 3096; x_wconf 84' lang='lat' dir='ltr'><strong>Ego</strong></span> <span class='ocrx_word' id='word_1_386' title='bbox 775 3041 893 3080; x_wconf 87' lang='lat' dir='ltr'><strong>sum</strong></span> <span class='ocrx_word' id='word_1_387' title='bbox 913 3027 1003 3097; x_wconf 87' lang='lat' dir='ltr'><strong>qui</strong></span> <span class='ocrx_word' id='word_1_388' title='bbox 1029 3027 1252 3097; x_wconf 80' lang='lat' dir='ltr'><strong>peccavi,</strong></span> <span class='ocrx_word' id='word_1_389' title='bbox 1275 3041 1368 3094; x_wconf 81' lang='lat' dir='ltr'><strong>ego</strong></span> <span class='ocrx_word' id='word_1_390' title='bbox 1391 3025 1570 3096; x_wconf 85' lang='lat' dir='ltr'><strong>inique</strong></span> <span class='ocrx_word' id='word_1_391' title='bbox 1591 3027 1694 3096; x_wconf 84' lang='lat' dir='ltr'><strong>egi.</strong></span> 
     </span>
    </p>
   </div>
   <div class='ocr_carea' id='block_1_47' title="bbox 1802 1813 3396 1894">
    <p class='ocr_par' dir='ltr' id='par_1_47' title="bbox 1802 1813 3396 1894">
     <span class='ocr_line' id='line_1_47' title="bbox 1802 1813 3396 1894; baseline 0.009 -26"><span class='ocrx_word' id='word_1_392' title='bbox 1802 1813 2020 1869; x_wconf 88' lang='lat' dir='ltr'><strong>Patrem</strong></span> <span class='ocrx_word' id='word_1_393' title='bbox 2041 1826 2089 1871; x_wconf 86' lang='lat' dir='ltr'><strong>et</strong></span> <span class='ocrx_word' id='word_1_394' title='bbox 2109 1833 2203 1888; x_wconf 90' lang='lat' dir='ltr'><strong>per</strong></span> <span class='ocrx_word' id='word_1_395' title='bbox 2220 1817 2404 1872; x_wconf 77' lang='lat' dir='ltr'><strong>Iesum</strong></span> <span class='ocrx_word' id='word_1_396' title='bbox 2423 1817 2712 1887; x_wconf 71' lang='lat' dir='ltr'><strong>Christum,</strong></span> <span class='ocrx_word' id='word_1_397' title='bbox 2739 1822 2863 1878; x_wconf 88' lang='lat' dir='ltr'><strong>ideo</strong></span> <span class='ocrx_word' id='word_1_398' title='bbox 2883 1823 3024 1880; x_wconf 88' lang='lat' dir='ltr'><strong>dicis</strong></span> <span class='ocrx_word' id='word_1_399' title='bbox 3044 1825 3170 1894; x_wconf 86' lang='lat' dir='ltr'><strong>quia</strong></span> <span class='ocrx_word' id='word_1_400' title='bbox 3195 1824 3396 1882; x_wconf 86' lang='lat' dir='ltr'><strong>Paulus</strong></span> 
     </span>
    </p>
   </div>
   <div class='ocr_carea' id='block_1_48' title="bbox 1801 1907 3394 1986">
    <p class='ocr_par' dir='ltr' id='par_1_48' title="bbox 1801 1907 3394 1986">
     <span class='ocr_line' id='line_1_48' title="bbox 1801 1907 3394 1986; baseline 0.005 -26"><span class='ocrx_word' id='word_1_401' title='bbox 1801 1907 1946 1977; x_wconf 87' lang='lat' dir='ltr'><strong>quod</strong></span> <span class='ocrx_word' id='word_1_402' title='bbox 1980 1917 2063 1964; x_wconf 89' lang='lat' dir='ltr'><strong>est</strong></span> <span class='ocrx_word' id='word_1_403' title='bbox 2088 1907 2325 1978; x_wconf 87' lang='lat' dir='ltr'><strong>Spiritus</strong></span> <span class='ocrx_word' id='word_1_404' title='bbox 2355 1919 2592 1976; x_wconf 78' lang='lat' dir='ltr'><strong>sancws,</strong></span> <span class='ocrx_word' id='word_1_405' title='bbox 2617 1927 2649 1966; x_wconf 88' lang='lat' dir='ltr'><strong>a</strong></span> <span class='ocrx_word' id='word_1_406' title='bbox 2673 1911 2834 1969; x_wconf 88' lang='lat' dir='ltr'><strong>Patre</strong></span> <span class='ocrx_word' id='word_1_407' title='bbox 2855 1913 3102 1984; x_wconf 81' lang='lat' dir='ltr'><strong>Filioque</strong></span> <span class='ocrx_word' id='word_1_408' title='bbox 3126 1914 3394 1986; x_wconf 73' lang='lat' dir='ltr'><strong>procedit.</strong></span> 
     </span>
    </p>
   </div>
   <div class='ocr_carea' id='block_1_49' title="bbox 1803 1985 3397 2078">
    <p class='ocr_par' dir='ltr' id='par_1_49' title="bbox 1803 1985 3397 2078">
     <span class='ocr_line' id='line_1_49' title="bbox 1803 1985 3397 2078; baseline 0.004 -22"><span class='ocrx_word' id='word_1_409' title='bbox 1803 1999 1863 2056; x_wconf 87' lang='lat' dir='ltr'><strong>Si</strong></span> <span class='ocrx_word' id='word_1_410' title='bbox 1900 2001 1976 2056; x_wconf 88' lang='lat' dir='ltr'><strong>ita</strong></span> <span class='ocrx_word' id='word_1_411' title='bbox 2006 2009 2091 2058; x_wconf 86' lang='lat' dir='ltr'><strong>est</strong></span> <span class='ocrx_word' id='word_1_412' title='bbox 2125 1995 2502 2072; x_wconf 83' lang='lat' dir='ltr'><strong>accipiendum</strong></span> <span class='ocrx_word' id='word_1_413' title='bbox 2537 2013 2598 2060; x_wconf 91' lang='lat' dir='ltr'><strong>ut</strong></span> <span class='ocrx_word' id='word_1_414' title='bbox 2631 2013 2724 2060; x_wconf 87' lang='lat' dir='ltr'><strong>tua</strong></span> <span class='ocrx_word' id='word_1_415' title='bbox 2767 2006 2980 2062; x_wconf 87' lang='lat' dir='ltr'><strong>insania</strong></span> <span class='ocrx_word' id='word_1_416' title='bbox 3013 1985 3228 2072; x_wconf 79' lang='lat' dir='ltr'><strong>delirat,</strong></span> <span class='ocrx_word' id='word_1_417' title='bbox 3265 1985 3397 2078; x_wconf 75' lang='lat' dir='ltr'><strong>e’rgo</strong></span> 
     </span>
    </p>
   </div>
   <div class='ocr_carea' id='block_1_50' title="bbox 1801 2093 3394 2170">
    <p class='ocr_par' dir='ltr' id='par_1_50' title="bbox 1801 2093 3394 2170">
     <span class='ocr_line' id='line_1_50' title="bbox 1801 2093 3394 2170; baseline 0.004 -22"><span class='ocrx_word' id='word_1_418' title='bbox 1801 2093 1919 2163; x_wconf 88' lang='lat' dir='ltr'><strong>ipse</strong></span> <span class='ocrx_word' id='word_1_419' title='bbox 1947 2093 2148 2152; x_wconf 90' lang='lat' dir='ltr'><strong>Paulus</strong></span> <span class='ocrx_word' id='word_1_420' title='bbox 2175 2103 2260 2150; x_wconf 87' lang='lat' dir='ltr'><strong>est</strong></span> <span class='ocrx_word' id='word_1_421' title='bbox 2305 2096 2542 2166; x_wconf 84' lang='lat' dir='ltr'><strong>Spiritus</strong></span> <span class='ocrx_word' id='word_1_422' title='bbox 2571 2105 2792 2154; x_wconf 88' lang='lat' dir='ltr'><strong>sanctus</strong></span> <span class='ocrx_word' id='word_1_423' title='bbox 2821 2100 2888 2154; x_wconf 90' lang='lat' dir='ltr'><strong>de</strong></span> <span class='ocrx_word' id='word_1_424' title='bbox 2919 2115 3028 2170; x_wconf 88' lang='lat' dir='ltr'><strong>quo</strong></span> <span class='ocrx_word' id='word_1_425' title='bbox 3059 2093 3190 2155; x_wconf 86' lang='lat' dir='ltr'><strong>alibi</strong></span> <span class='ocrx_word' id='word_1_426' title='bbox 3231 2100 3394 2156; x_wconf 87' lang='lat' dir='ltr'><strong>dicit:</strong></span> 
     </span>
    </p>
   </div>
   <div class='ocr_carea' id='block_1_51' title="bbox 1800 2183 3393 2262">
    <p class='ocr_par' dir='ltr' id='par_1_51' title="bbox 1800 2183 3393 2262">
     <span class='ocr_line' id='line_1_51' title="bbox 1800 2183 3393 2262; baseline 0.003 -20"><span class='ocrx_word' id='word_1_427' title='bbox 1800 2183 2034 2255; x_wconf 81' lang='lat' dir='ltr'><strong>Spiritus</strong></span> <span class='ocrx_word' id='word_1_428' title='bbox 2051 2185 2268 2241; x_wconf 84' lang='lat' dir='ltr'><strong>Domini</strong></span> <span class='ocrx_word' id='word_1_429' title='bbox 2289 2186 2555 2256; x_wconf 79' lang='lat' dir='ltr'><strong>ferebatur</strong></span> <span class='ocrx_word' id='word_1_430' title='bbox 2581 2205 2740 2261; x_wconf 86' lang='lat' dir='ltr'><strong>super</strong></span> <span class='ocrx_word' id='word_1_431' title='bbox 2764 2207 2952 2262; x_wconf 84' lang='lat' dir='ltr'><strong>aquas.</strong></span> <span class='ocrx_word' id='word_1_432' title='bbox 2981 2187 3040 2246; x_wconf 86' lang='lat' dir='ltr'><strong>Si</strong></span> <span class='ocrx_word' id='word_1_433' title='bbox 3062 2189 3264 2246; x_wconf 81' lang='lat' dir='ltr'><strong>Paulus</strong></span> <span class='ocrx_word' id='word_1_434' title='bbox 3290 2198 3393 2257; x_wconf 82' lang='lat' dir='ltr'><strong>est,</strong></span> 
     </span>
    </p>
   </div>
   <div class='ocr_carea' id='block_1_52' title="bbox 1802 2279 3396 2355">
    <p class='ocr_par' dir='ltr' id='par_1_52' title="bbox 1802 2279 3396 2355">
     <span class='ocr_line' id='line_1_52' title="bbox 1802 2279 3396 2355; baseline 0.005 -23"><span class='ocrx_word' id='word_1_435' title='bbox 1802 2286 1864 2332; x_wconf 91' lang='lat' dir='ltr'><strong>ut</strong></span> <span class='ocrx_word' id='word_1_436' title='bbox 1888 2279 2108 2344; x_wconf 74' lang='lat' dir='ltr'><strong>asset-is,</strong></span> <span class='ocrx_word' id='word_1_437' title='bbox 2134 2293 2369 2350; x_wconf 86' lang='lat' dir='ltr'><strong>persona</strong></span> <span class='ocrx_word' id='word_1_438' title='bbox 2412 2279 2649 2352; x_wconf 88' lang='lat' dir='ltr'><strong>Spiritus</strong></span> <span class='ocrx_word' id='word_1_439' title='bbox 2682 2284 2876 2352; x_wconf 87' lang='lat' dir='ltr'><strong>sancti,</strong></span> <span class='ocrx_word' id='word_1_440' title='bbox 2909 2300 3030 2355; x_wconf 67' lang='lat' dir='ltr'><strong>quae</strong></span> <span class='ocrx_word' id='word_1_441' title='bbox 3064 2299 3095 2340; x_wconf 79' lang='grc' dir='ltr'><strong>ιι</strong></span> <span class='ocrx_word' id='word_1_442' title='bbox 3123 2283 3284 2340; x_wconf 87' lang='lat' dir='ltr'><strong>Patre</strong></span> <span class='ocrx_word' id='word_1_443' title='bbox 3303 2284 3396 2340; x_wconf 82' lang='lat' dir='ltr'><strong>Fi-</strong></span> 
     </span>
    </p>
   </div>
   <div class='ocr_carea' id='block_1_53' title="bbox 1799 2369 3394 2448">
    <p class='ocr_par' dir='ltr' id='par_1_53' title="bbox 1799 2369 3394 2448">
     <span class='ocr_line' id='line_1_53' title="bbox 1799 2369 3394 2448; baseline 0.004 -22"><span class='ocrx_word' id='word_1_444' title='bbox 1799 2369 1981 2441; x_wconf 82' lang='lat' dir='ltr'><strong>lioque</strong></span> <span class='ocrx_word' id='word_1_445' title='bbox 2008 2373 2271 2442; x_wconf 77' lang='lat' dir='ltr'><strong>proeedlt,</strong></span> <span class='ocrx_word' id='word_1_446' title='bbox 2295 2385 2428 2444; x_wconf 73' lang='lat' dir='ltr'><strong>ergo</strong></span> <span class='ocrx_word' id='word_1_447' title='bbox 2459 2374 2574 2444; x_wconf 89' lang='lat' dir='ltr'><strong>ipse</strong></span> <span class='ocrx_word' id='word_1_448' title='bbox 2603 2382 2688 2430; x_wconf 91' lang='lat' dir='ltr'><strong>est</strong></span> <span class='ocrx_word' id='word_1_449' title='bbox 2713 2376 2805 2446; x_wconf 86' lang='lat' dir='ltr'><strong>qui</strong></span> <span class='ocrx_word' id='word_1_450' title='bbox 2841 2377 2896 2432; x_wconf 90' lang='lat' dir='ltr'><strong>in</strong></span> <span class='ocrx_word' id='word_1_451' title='bbox 2919 2377 3100 2448; x_wconf 86' lang='lat' dir='ltr'><strong>specie</strong></span> <span class='ocrx_word' id='word_1_452' title='bbox 3127 2377 3394 2434; x_wconf 62' lang='lat' dir='ltr'><strong>columba</strong></span> 
     </span>
    </p>
   </div>
   <div class='ocr_carea' id='block_1_54' title="bbox 1799 2464 3391 2534">
    <p class='ocr_par' dir='ltr' id='par_1_54' title="bbox 1799 2464 3391 2534">
     <span class='ocr_line' id='line_1_54' title="bbox 1799 2464 3391 2534; baseline 0.005 -16"><span class='ocrx_word' id='word_1_453' title='bbox 1799 2477 1966 2534; x_wconf 85' lang='lat' dir='ltr'><strong>super</strong></span> <span class='ocrx_word' id='word_1_454' title='bbox 2006 2464 2340 2534; x_wconf 83' lang='lat' dir='ltr'><strong>baptizatum</strong></span> <span class='ocrx_word' id='word_1_455' title='bbox 2383 2467 2672 2527; x_wconf 89' lang='lat' dir='ltr'><strong>Dominum</strong></span> <span class='ocrx_word' id='word_1_456' title='bbox 2717 2468 2776 2524; x_wconf 89' lang='lat' dir='ltr'><strong>in</strong></span> <span class='ocrx_word' id='word_1_457' title='bbox 2805 2466 3044 2528; x_wconf 79' lang='lat' dir='ltr'><strong>Jordane</strong></span> <span class='ocrx_word' id='word_1_458' title='bbox 3075 2470 3391 2528; x_wconf 85' lang='lat' dir='ltr'><strong>descendit:</strong></span> 
     </span>
    </p>
   </div>
   <div class='ocr_carea' id='block_1_55' title="bbox 1797 2557 3398 2635">
    <p class='ocr_par' dir='ltr' id='par_1_55' title="bbox 1797 2557 3398 2635">
     <span class='ocr_line' id='line_1_55' title="bbox 1797 2557 3398 2635; baseline 0.004 -21"><span class='ocrx_word' id='word_1_459' title='bbox 1797 2557 2020 2625; x_wconf 88' lang='lat' dir='ltr'><strong>iterum,</strong></span> <span class='ocrx_word' id='word_1_460' title='bbox 2046 2559 2138 2628; x_wconf 90' lang='lat' dir='ltr'><strong>qui</strong></span> <span class='ocrx_word' id='word_1_461' title='bbox 2166 2559 2222 2615; x_wconf 90' lang='lat' dir='ltr'><strong>in</strong></span> <span class='ocrx_word' id='word_1_462' title='bbox 2248 2561 2429 2631; x_wconf 79' lang='lat' dir='ltr'><strong>specie</strong></span> <span class='ocrx_word' id='word_1_463' title='bbox 2453 2560 2594 2633; x_wconf 72' lang='lat' dir='ltr'><strong>ignis</strong></span> <span class='ocrx_word' id='word_1_464' title='bbox 2619 2577 2784 2634; x_wconf 90' lang='lat' dir='ltr'><strong>super</strong></span> <span class='ocrx_word' id='word_1_465' title='bbox 2806 2563 2986 2634; x_wconf 84' lang='lat' dir='ltr'><strong>capita</strong></span> <span class='ocrx_word' id='word_1_466' title='bbox 3009 2563 3398 2635; x_wconf 84' lang='lat' dir='ltr'><strong>discipulorum</strong></span> 
     </span>
    </p>
   </div>
   <div class='ocr_carea' id='block_1_56' title="bbox 1799 2651 3400 2724">
    <p class='ocr_par' dir='ltr' id='par_1_56' title="bbox 1799 2651 3400 2724">
     <span class='ocr_line' id='line_1_56' title="bbox 1799 2651 3400 2724; baseline 0.004 -20"><span class='ocrx_word' id='word_1_467' title='bbox 1799 2651 2072 2720; x_wconf 84' lang='lat' dir='ltr'><strong>apparuit.</strong></span> <span class='ocrx_word' id='word_1_468' title='bbox 2099 2651 2220 2723; x_wconf 84' lang='lat' dir='ltr'><strong>ipse</strong></span> <span class='ocrx_word' id='word_1_469' title='bbox 2248 2666 2380 2723; x_wconf 72' lang='lat' dir='ltr'><strong>ergo</strong></span> <span class='ocrx_word' id='word_1_470' title='bbox 2405 2652 2626 2718; x_wconf 86' lang='lat' dir='ltr'><strong>Paulus,</strong></span> <span class='ocrx_word' id='word_1_471' title='bbox 2654 2669 2817 2724; x_wconf 88' lang='lat' dir='ltr'><strong>quem</strong></span> <span class='ocrx_word' id='word_1_472' title='bbox 2846 2670 2970 2710; x_wconf 88' lang='lat' dir='ltr'><strong>cum</strong></span> <span class='ocrx_word' id='word_1_473' title='bbox 3001 2653 3161 2710; x_wconf 89' lang='lat' dir='ltr'><strong>Patre</strong></span> <span class='ocrx_word' id='word_1_474' title='bbox 3186 2663 3242 2712; x_wconf 89' lang='lat' dir='ltr'><strong>et</strong></span> <span class='ocrx_word' id='word_1_475' title='bbox 3260 2654 3400 2710; x_wconf 83' lang='lat' dir='ltr'><strong>Filio</strong></span> 
     </span>
    </p>
   </div>
   <div class='ocr_carea' id='block_1_57' title="bbox 1805 2739 3403 2818">
    <p class='ocr_par' dir='ltr' id='par_1_57' title="bbox 1805 2739 3403 2818">
     <span class='ocr_line' id='line_1_57' title="bbox 1805 2739 3403 2818; baseline 0.004 -24"><span class='ocrx_word' id='word_1_476' title='bbox 1805 2739 2142 2796; x_wconf 87' lang='lat' dir='ltr'><strong>adorandum</strong></span> <span class='ocrx_word' id='word_1_477' title='bbox 2180 2749 2238 2796; x_wconf 89' lang='lat' dir='ltr'><strong>et</strong></span> <span class='ocrx_word' id='word_1_478' title='bbox 2273 2741 2688 2812; x_wconf 74' lang='lat' dir='ltr'><strong>gloriﬁcandum</strong></span> <span class='ocrx_word' id='word_1_479' title='bbox 2733 2757 2855 2800; x_wconf 87' lang='lat' dir='ltr'><strong>esse</strong></span> <span class='ocrx_word' id='word_1_480' title='bbox 2889 2746 3256 2818; x_wconf 66' lang='lat' dir='ltr'><strong>praecipimur,</strong></span> <span class='ocrx_word' id='word_1_481' title='bbox 3285 2746 3403 2818; x_wconf 78' lang='lat' dir='ltr'><strong>ipso</strong></span> 
     </span>
    </p>
   </div>
   <div class='ocr_carea' id='block_1_58' title="bbox 1803 2832 3398 2906">
    <p class='ocr_par' dir='ltr' id='par_1_58' title="bbox 1803 2832 3398 2906">
     <span class='ocr_line' id='line_1_58' title="bbox 1803 2832 3398 2906; baseline 0.006 -19"><span class='ocrx_word' id='word_1_482' title='bbox 1803 2841 1889 2887; x_wconf 88' lang='lat' dir='ltr'><strong>est</strong></span> <span class='ocrx_word' id='word_1_483' title='bbox 1926 2832 2126 2888; x_wconf 85' lang='lat' dir='ltr'><strong>iterum</strong></span> <span class='ocrx_word' id='word_1_484' title='bbox 2151 2833 2220 2889; x_wconf 87' lang='lat' dir='ltr'><strong>de</strong></span> <span class='ocrx_word' id='word_1_485' title='bbox 2245 2849 2354 2904; x_wconf 88' lang='lat' dir='ltr'><strong>quo</strong></span> <span class='ocrx_word' id='word_1_486' title='bbox 2379 2834 2642 2890; x_wconf 84' lang='lat' dir='ltr'><strong>Dominus</strong></span> <span class='ocrx_word' id='word_1_487' title='bbox 2668 2835 2848 2894; x_wconf 90' lang='lat' dir='ltr'><strong>dixit:</strong></span> <span class='ocrx_word' id='word_1_488' title='bbox 2874 2836 3008 2892; x_wconf 85' lang='lat' dir='ltr'><strong>Cum</strong></span> <span class='ocrx_word' id='word_1_489' title='bbox 3051 2838 3256 2906; x_wconf 85' lang='lat' dir='ltr'><strong>abiero,</strong></span> <span class='ocrx_word' id='word_1_490' title='bbox 3287 2837 3398 2896; x_wconf 85' lang='lat' dir='ltr'><strong>Pa-</strong></span> 
     </span>
    </p>
   </div>
   <div class='ocr_carea' id='block_1_59' title="bbox 1801 2924 3404 3000">
    <p class='ocr_par' dir='ltr' id='par_1_59' title="bbox 1801 2924 3404 3000">
     <span class='ocr_line' id='line_1_59' title="bbox 1801 2924 3404 3000; baseline 0.007 -22"><span class='ocrx_word' id='word_1_491' title='bbox 1801 2924 2033 2982; x_wconf 81' lang='lat' dir='ltr'><strong>racletus</strong></span> <span class='ocrx_word' id='word_1_492' title='bbox 2061 2927 2227 2983; x_wconf 82' lang='lat' dir='ltr'><strong>veniet</strong></span> <span class='ocrx_word' id='word_1_493' title='bbox 2255 2929 2324 2982; x_wconf 89' lang='lat' dir='ltr'><strong>ad</strong></span> <span class='ocrx_word' id='word_1_494' title='bbox 2353 2943 2462 2984; x_wconf 81' lang='lat' dir='ltr'><strong>eos.</strong></span> <span class='ocrx_word' id='word_1_495' title='bbox 2501 2929 2608 2984; x_wconf 90' lang='lat' dir='ltr'><strong>Sed</strong></span> <span class='ocrx_word' id='word_1_496' title='bbox 2639 2930 2909 3000; x_wconf 89' lang='lat' dir='ltr'><strong>quomodo</strong></span> <span class='ocrx_word' id='word_1_497' title='bbox 2935 2933 3122 2988; x_wconf 69' lang='lat' dir='ltr'><strong>errori“</strong></span> <span class='ocrx_word' id='word_1_498' title='bbox 3143 2939 3238 2989; x_wconf 89' lang='lat' dir='ltr'><strong>tuo</strong></span> <span class='ocrx_word' id='word_1_499' title='bbox 3269 2945 3404 2990; x_wconf 85' lang='lat' dir='ltr'><strong>con-</strong></span> 
     </span>
    </p>
   </div>
   <div class='ocr_carea' id='block_1_60' title="bbox 1807 3019 3404 3096">
    <p class='ocr_par' dir='ltr' id='par_1_60' title="bbox 1807 3019 3404 3096">
     <span class='ocr_line' id='line_1_60' title="bbox 1807 3019 3404 3096; baseline 0.006 -22"><span class='ocrx_word' id='word_1_500' title='bbox 1807 3019 2148 3074; x_wconf 80' lang='lat' dir='ltr'><strong>sentiendum</strong></span> <span class='ocrx_word' id='word_1_501' title='bbox 2173 3029 2278 3086; x_wconf 87' lang='lat' dir='ltr'><strong>est,</strong></span> <span class='ocrx_word' id='word_1_502' title='bbox 2309 3036 2432 3075; x_wconf 90' lang='lat' dir='ltr'><strong>cum</strong></span> <span class='ocrx_word' id='word_1_503' title='bbox 2460 3027 2575 3092; x_wconf 87' lang='lat' dir='ltr'><strong>ipse</strong></span> <span class='ocrx_word' id='word_1_504' title='bbox 2601 3022 2860 3080; x_wconf 89' lang='lat' dir='ltr'><strong>Dominus</strong></span> <span class='ocrx_word' id='word_1_505' title='bbox 2889 3024 2957 3080; x_wconf 88' lang='lat' dir='ltr'><strong>de</strong></span> <span class='ocrx_word' id='word_1_506' title='bbox 2979 3025 3186 3096; x_wconf 89' lang='lat' dir='ltr'><strong>Spiritu</strong></span> <span class='ocrx_word' id='word_1_507' title='bbox 3211 3033 3404 3084; x_wconf 85' lang='lat' dir='ltr'><strong>sancto</strong></span> 
     </span>
    </p>
   </div>
   <div class='ocr_carea' id='block_1_61' title="bbox 99 3084 1700 3189">
    <p class='ocr_par' dir='ltr' id='par_1_61' title="bbox 99 3084 1700 3189">
     <span class='ocr_line' id='line_1_61' title="bbox 99 3084 1700 3189; baseline 0.001 -17"><span class='ocrx_word' id='word_1_508' title='bbox 99 3114 168 3172; x_wconf 81' lang='lat' dir='ltr'><strong>Et</strong></span> <span class='ocrx_word' id='word_1_509' title='bbox 205 3084 410 3174; x_wconf 81' lang='lat' dir='ltr'><strong>iterum</strong></span> <span class='ocrx_word' id='word_1_510' title='bbox 451 3084 831 3188; x_wconf 72' lang='lat' dir='ltr'><strong>quotlasseris</strong></span> <span class='ocrx_word' id='word_1_511' title='bbox 853 3084 980 3189; x_wconf 82' lang='lat' dir='ltr'><strong>quia</strong></span> <span class='ocrx_word' id='word_1_512' title='bbox 1008 3084 1078 3176; x_wconf 82' lang='lat' dir='ltr'><strong>de</strong></span> <span class='ocrx_word' id='word_1_513' title='bbox 1113 3084 1405 3189; x_wconf 74' lang='lat' dir='ltr'><strong>semetipso</strong></span> <span class='ocrx_word' id='word_1_514' title='bbox 1433 3084 1570 3176; x_wconf 80' lang='lat' dir='ltr'><strong>dixit</strong></span> <span class='ocrx_word' id='word_1_515' title='bbox 1595 3084 1700 3173; x_wconf 71' lang='lat' dir='ltr'><strong>Da-</strong></span> 
     </span>
    </p>
   </div>
   <div class='ocr_carea' id='block_1_62' title="bbox 1804 3084 3403 3189">
    <p class='ocr_par' dir='ltr' id='par_1_62' title="bbox 1809 3084 3403 3186">
     <span class='ocr_line' id='line_1_62' title="bbox 1809 3084 3403 3186; baseline 0.007 -22"><span class='ocrx_word' id='word_1_516' title='bbox 1809 3110 1991 3166; x_wconf 89' lang='lat' dir='ltr'><strong>dicat:</strong></span> <span class='ocrx_word' id='word_1_517' title='bbox 2023 3110 2163 3177; x_wconf 79' lang='lat' dir='ltr'><strong>Quia</strong></span> <span class='ocrx_word' id='word_1_518' title='bbox 2192 3084 2408 3182; x_wconf 84' lang='lat' dir='ltr'><strong>spiritus</strong></span> <span class='ocrx_word' id='word_1_519' title='bbox 2443 3084 2658 3168; x_wconf 77' lang='lat' dir='ltr'><strong>carnem</strong></span> <span class='ocrx_word' id='word_1_520' title='bbox 2699 3125 2746 3172; x_wconf 89' lang='lat' dir='ltr'><strong>et</strong></span> <span class='ocrx_word' id='word_1_521' title='bbox 2773 3132 2894 3172; x_wconf 90' lang='lat' dir='ltr'><strong>ossa</strong></span> <span class='ocrx_word' id='word_1_522' title='bbox 2923 3084 3038 3171; x_wconf 49' lang='lat' dir='ltr'><strong>non.</strong></span> <span class='ocrx_word' id='word_1_523' title='bbox 3055 3117 3230 3174; x_wconf 82' lang='lat' dir='ltr'><strong>habet.</strong></span> <span class='ocrx_word' id='word_1_524' title='bbox 3269 3117 3403 3186; x_wconf 82' lang='lat' dir='ltr'><strong>Quis</strong></span> 
     </span>
    </p>
   </div>
   <div class='ocr_carea' id='block_1_63' title="bbox 99 3209 1700 3284">
    <p class='ocr_par' dir='ltr' id='par_1_63' title="bbox 99 3209 1700 3284">
     <span class='ocr_line' id='line_1_63' title="bbox 99 3209 1700 3284; baseline 0.001 -20"><span class='ocrx_word' id='word_1_525' title='bbox 99 3211 190 3266; x_wconf 73' lang='lat' dir='ltr'><strong>vid</strong></span> <span class='ocrx_word' id='word_1_526' title='bbox 220 3229 235 3266; x_wconf 90' lang='lat'><strong>:</strong></span> <span class='ocrx_word' id='word_1_527' title='bbox 267 3209 393 3266; x_wconf 81' lang='lat' dir='ltr'><strong>Non</strong></span> <span class='ocrx_word' id='word_1_528' title='bbox 420 3211 571 3266; x_wconf 82' lang='lat' dir='ltr'><strong>dabis</strong></span> <span class='ocrx_word' id='word_1_529' title='bbox 603 3211 858 3268; x_wconf 87' lang='lat' dir='ltr'><strong>Sanctum</strong></span> <span class='ocrx_word' id='word_1_530' title='bbox 892 3222 1041 3267; x_wconf 86' lang='lat' dir='ltr'><strong>tuum</strong></span> <span class='ocrx_word' id='word_1_531' title='bbox 1080 3211 1253 3268; x_wconf 82' lang='lat' dir='ltr'><strong>videre</strong></span> <span class='ocrx_word' id='word_1_532' title='bbox 1279 3213 1700 3284; x_wconf 84' lang='lat' dir='ltr'><strong>corruptionem;</strong></span> 
     </span>
    </p>
   </div>
   <div class='ocr_carea' id='block_1_64' title="bbox 98 3301 1705 3378">
    <p class='ocr_par' dir='ltr' id='par_1_64' title="bbox 98 3301 1705 3378">
     <span class='ocr_line' id='line_1_64' title="bbox 98 3301 1705 3378; baseline 0 -22"><span class='ocrx_word' id='word_1_533' title='bbox 98 3301 143 3356; x_wconf 88' lang='lat' dir='ltr'><strong>si</strong></span> <span class='ocrx_word' id='word_1_534' title='bbox 167 3301 251 3378; x_wconf 82' lang='lat' dir='ltr'><strong>ita</strong></span> <span class='ocrx_word' id='word_1_535' title='bbox 283 3311 386 3366; x_wconf 88' lang='lat' dir='ltr'><strong>est,</strong></span> <span class='ocrx_word' id='word_1_536' title='bbox 415 3316 548 3374; x_wconf 78' lang='lat' dir='ltr'><strong>ergo</strong></span> <span class='ocrx_word' id='word_1_537' title='bbox 576 3303 642 3358; x_wconf 90' lang='lat' dir='ltr'><strong>de</strong></span> <span class='ocrx_word' id='word_1_538' title='bbox 675 3303 969 3376; x_wconf 86' lang='lat' dir='ltr'><strong>semetipso</strong></span> <span class='ocrx_word' id='word_1_539' title='bbox 992 3304 1205 3360; x_wconf 89' lang='lat' dir='ltr'><strong>locutus</strong></span> <span class='ocrx_word' id='word_1_540' title='bbox 1229 3312 1310 3360; x_wconf 86' lang='lat' dir='ltr'><strong>est</strong></span> <span class='ocrx_word' id='word_1_541' title='bbox 1340 3303 1524 3358; x_wconf 85' lang='lat' dir='ltr'><strong>dicens</strong></span> <span class='ocrx_word' id='word_1_542' title='bbox 1559 3321 1572 3358; x_wconf 90' lang='lat'><strong>:</strong></span> <span class='ocrx_word' id='word_1_543' title='bbox 1599 3301 1705 3357; x_wconf 90' lang='lat' dir='ltr'><strong>Fo-</strong></span> 
     </span>
    </p>
   </div>
   <div class='ocr_carea' id='block_1_65' title="bbox 97 3393 1704 3476">
    <p class='ocr_par' dir='ltr' id='par_1_65' title="bbox 97 3393 1704 3476">
     <span class='ocr_line' id='line_1_65' title="bbox 97 3393 1704 3476; baseline -0.001 -26"><span class='ocrx_word' id='word_1_544' title='bbox 97 3393 296 3451; x_wconf 78' lang='lat' dir='ltr'><strong>derunt</strong></span> <span class='ocrx_word' id='word_1_545' title='bbox 323 3411 512 3451; x_wconf 79' lang='lat' dir='ltr'><strong>manus</strong></span> <span class='ocrx_word' id='word_1_546' title='bbox 539 3413 681 3452; x_wconf 88' lang='lat' dir='ltr'><strong>meas</strong></span> <span class='ocrx_word' id='word_1_547' title='bbox 709 3406 756 3452; x_wconf 84' lang='lat' dir='ltr'><strong>et</strong></span> <span class='ocrx_word' id='word_1_548' title='bbox 785 3397 942 3474; x_wconf 77' lang='lat' dir='ltr'><strong>pedes</strong></span> <span class='ocrx_word' id='word_1_549' title='bbox 977 3414 1139 3474; x_wconf 72' lang='lat' dir='ltr'><strong>meos,</strong></span> <span class='ocrx_word' id='word_1_550' title='bbox 1173 3407 1220 3454; x_wconf 83' lang='lat' dir='ltr'><strong>et</strong></span> <span class='ocrx_word' id='word_1_551' title='bbox 1243 3397 1704 3476; x_wconf 76' lang='lat' dir='ltr'><strong>dinumeraveruut</strong></span> 
     </span>
    </p>
   </div>
   <div class='ocr_carea' id='block_1_66' title="bbox 93 3474 1705 3546">
    <p class='ocr_par' dir='ltr' id='par_1_66' title="bbox 93 3474 1705 3546">
     <span class='ocr_line' id='line_1_66' title="bbox 93 3474 1705 3546; baseline -0.001 -1"><span class='ocrx_word' id='word_1_552' title='bbox 93 3489 288 3545; x_wconf 80' lang='lat' dir='ltr'><strong>omnia</strong></span> <span class='ocrx_word' id='word_1_553' title='bbox 333 3505 453 3544; x_wconf 89' lang='lat' dir='ltr'><strong>ossa</strong></span> <span class='ocrx_word' id='word_1_554' title='bbox 503 3505 639 3544; x_wconf 86' lang='lat' dir='ltr'><strong>mea.</strong></span> <span class='ocrx_word' id='word_1_555' title='bbox 693 3489 762 3544; x_wconf 86' lang='lat' dir='ltr'><strong>Et</strong></span> <span class='ocrx_word' id='word_1_556' title='bbox 803 3474 1000 3546; x_wconf 84' lang='lat' dir='ltr'><strong>iterum</strong></span> <span class='ocrx_word' id='word_1_557' title='bbox 1031 3509 1044 3544; x_wconf 93' lang='lat'><strong>:</strong></span> <span class='ocrx_word' id='word_1_558' title='bbox 1075 3474 1376 3546; x_wconf 83' lang='lat' dir='ltr'><strong>Diviserunt</strong></span> <span class='ocrx_word' id='word_1_559' title='bbox 1410 3488 1512 3544; x_wconf 88' lang='lat' dir='ltr'><strong>sibi</strong></span> <span class='ocrx_word' id='word_1_560' title='bbox 1555 3474 1705 3543; x_wconf 54' lang='lat' dir='ltr'><strong>vesti-4</strong></span> 
     </span>
    </p>
   </div>
   <div class='ocr_carea' id='block_1_67' title="bbox 94 3567 1700 3655">
    <p class='ocr_par' dir='ltr' id='par_1_67' title="bbox 94 3567 1700 3655">
     <span class='ocr_line' id='line_1_67' title="bbox 94 3567 1700 3655; baseline 0 -19"><span class='ocrx_word' id='word_1_561' title='bbox 94 3591 284 3638; x_wconf 86' lang='lat' dir='ltr'><strong>menta</strong></span> <span class='ocrx_word' id='word_1_562' title='bbox 316 3598 452 3648; x_wconf 88' lang='lat' dir='ltr'><strong>mea,</strong></span> <span class='ocrx_word' id='word_1_563' title='bbox 483 3593 529 3636; x_wconf 89' lang='lat' dir='ltr'><strong>et</strong></span> <span class='ocrx_word' id='word_1_564' title='bbox 561 3579 718 3655; x_wconf 80' lang='lat' dir='ltr'><strong>super</strong></span> <span class='ocrx_word' id='word_1_565' title='bbox 761 3592 948 3639; x_wconf 84' lang='lat' dir='ltr'><strong>vestem</strong></span> <span class='ocrx_word' id='word_1_566' title='bbox 993 3567 1164 3638; x_wconf 86' lang='lat' dir='ltr'><strong>meam</strong></span> <span class='ocrx_word' id='word_1_567' title='bbox 1207 3583 1461 3638; x_wconf 86' lang='lat' dir='ltr'><strong>miserunt</strong></span> <span class='ocrx_word' id='word_1_568' title='bbox 1489 3590 1700 3637; x_wconf 87' lang='lat' dir='ltr'><strong>sortem.</strong></span> 
     </span>
    </p>
   </div>
   <div class='ocr_carea' id='block_1_68' title="bbox 95 3669 1706 3746">
    <p class='ocr_par' dir='ltr' id='par_1_68' title="bbox 95 3669 1706 3746">
     <span class='ocr_line' id='line_1_68' title="bbox 95 3669 1706 3746; baseline -0.001 -16"><span class='ocrx_word' id='word_1_569' title='bbox 95 3672 164 3730; x_wconf 82' lang='lat' dir='ltr'><strong>Et</strong></span> <span class='ocrx_word' id='word_1_570' title='bbox 192 3673 398 3732; x_wconf 87' lang='lat' dir='ltr'><strong>iterum</strong></span> <span class='ocrx_word' id='word_1_571' title='bbox 427 3692 442 3729; x_wconf 88' lang='lat'><strong>:</strong></span> <span class='ocrx_word' id='word_1_572' title='bbox 479 3669 741 3732; x_wconf 82' lang='lat' dir='ltr'><strong>Dederuut</strong></span> <span class='ocrx_word' id='word_1_573' title='bbox 770 3677 826 3731; x_wconf 89' lang='lat' dir='ltr'><strong>iu</strong></span> <span class='ocrx_word' id='word_1_574' title='bbox 865 3693 984 3732; x_wconf 86' lang='lat' dir='ltr'><strong>esca</strong></span> <span class='ocrx_word' id='word_1_575' title='bbox 1021 3693 1136 3732; x_wconf 86' lang='lat' dir='ltr'><strong>mea</strong></span> <span class='ocrx_word' id='word_1_576' title='bbox 1169 3675 1259 3746; x_wconf 77' lang='lat' dir='ltr'><strong>fel,</strong></span> <span class='ocrx_word' id='word_1_577' title='bbox 1301 3684 1350 3730; x_wconf 86' lang='lat' dir='ltr'><strong>et</strong></span> <span class='ocrx_word' id='word_1_578' title='bbox 1383 3675 1439 3730; x_wconf 86' lang='lat' dir='ltr'><strong>in</strong></span> <span class='ocrx_word' id='word_1_579' title='bbox 1477 3675 1568 3730; x_wconf 85' lang='lat' dir='ltr'><strong>siti</strong></span> <span class='ocrx_word' id='word_1_580' title='bbox 1588 3690 1706 3729; x_wconf 88' lang='lat' dir='ltr'><strong>mea</strong></span> 
     </span>
    </p>
   </div>
   <div class='ocr_carea' id='block_1_69' title="bbox 91 3768 1703 3840">
    <p class='ocr_par' dir='ltr' id='par_1_69' title="bbox 91 3768 1703 3840">
     <span class='ocr_line' id='line_1_69' title="bbox 91 3768 1703 3840; baseline 0.002 -18"><span class='ocrx_word' id='word_1_581' title='bbox 91 3779 413 3838; x_wconf 73' lang='lat' dir='ltr'><strong>putauerunt</strong></span> <span class='ocrx_word' id='word_1_582' title='bbox 441 3785 523 3823; x_wconf 85' lang='lat' dir='ltr'><strong>me</strong></span> <span class='ocrx_word' id='word_1_583' title='bbox 560 3779 725 3824; x_wconf 87' lang='lat' dir='ltr'><strong>aceto.</strong></span> <span class='ocrx_word' id='word_1_584' title='bbox 770 3768 929 3826; x_wconf 87' lang='lat' dir='ltr'><strong>Certe</strong></span> <span class='ocrx_word' id='word_1_585' title='bbox 954 3770 998 3826; x_wconf 90' lang='lat' dir='ltr'><strong>si</strong></span> <span class='ocrx_word' id='word_1_586' title='bbox 1024 3770 1140 3840; x_wconf 92' lang='lat' dir='ltr'><strong>ipse</strong></span> <span class='ocrx_word' id='word_1_587' title='bbox 1167 3778 1252 3826; x_wconf 89' lang='lat' dir='ltr'><strong>est</strong></span> <span class='ocrx_word' id='word_1_588' title='bbox 1277 3769 1446 3828; x_wconf 84' lang='lat' dir='ltr'><strong>David</strong></span> <span class='ocrx_word' id='word_1_589' title='bbox 1474 3781 1703 3840; x_wconf 86' lang='lat' dir='ltr'><strong>persona</strong></span> 
     </span>
    </p>
   </div>
   <div class='ocr_carea' id='block_1_70' title="bbox 89 3857 1704 3931">
    <p class='ocr_par' dir='ltr' id='par_1_70' title="bbox 89 3857 1704 3931">
     <span class='ocr_line' id='line_1_70' title="bbox 89 3857 1704 3931; baseline 0.001 -17"><span class='ocrx_word' id='word_1_590' title='bbox 89 3857 192 3914; x_wconf 85' lang='lat' dir='ltr'><strong>Dei</strong></span> <span class='ocrx_word' id='word_1_591' title='bbox 221 3858 429 3924; x_wconf 87' lang='lat' dir='ltr'><strong>Patris,</strong></span> <span class='ocrx_word' id='word_1_592' title='bbox 462 3860 687 3931; x_wconf 80' lang='lat' dir='ltr'><strong>eoquod</strong></span> <span class='ocrx_word' id='word_1_593' title='bbox 707 3860 864 3929; x_wconf 85' lang='lat' dir='ltr'><strong>dixit,</strong></span> <span class='ocrx_word' id='word_1_594' title='bbox 895 3861 1167 3916; x_wconf 80' lang='lat' dir='ltr'><strong>Eructavit</strong></span> <span class='ocrx_word' id='word_1_595' title='bbox 1188 3878 1280 3917; x_wconf 86' lang='lat' dir='ltr'><strong>cor</strong></span> <span class='ocrx_word' id='word_1_596' title='bbox 1295 3879 1464 3917; x_wconf 88' lang='lat' dir='ltr'><strong>meum</strong></span> <span class='ocrx_word' id='word_1_597' title='bbox 1495 3862 1704 3918; x_wconf 76' lang='lat' dir='ltr'><strong>verbum</strong></span> 
     </span>
    </p>
   </div>
   <div class='ocr_carea' id='block_1_71' title="bbox 89 3949 1704 4028">
    <p class='ocr_par' dir='ltr' id='par_1_71' title="bbox 89 3949 1704 4028">
     <span class='ocr_line' id='line_1_71' title="bbox 89 3949 1704 4028; baseline 0.004 -23"><span class='ocrx_word' id='word_1_598' title='bbox 89 3949 326 4018; x_wconf 84' lang='lat' dir='ltr'><strong>bonum,</strong></span> <span class='ocrx_word' id='word_1_599' title='bbox 342 3967 474 4024; x_wconf 75' lang='lat' dir='ltr'><strong>ergo</strong></span> <span class='ocrx_word' id='word_1_600' title='bbox 496 3953 610 4028; x_wconf 89' lang='lat' dir='ltr'><strong>ipse</strong></span> <span class='ocrx_word' id='word_1_601' title='bbox 631 3964 715 4010; x_wconf 89' lang='lat' dir='ltr'><strong>est</strong></span> <span class='ocrx_word' id='word_1_602' title='bbox 739 3953 900 4010; x_wconf 89' lang='lat' dir='ltr'><strong>Pater</strong></span> <span class='ocrx_word' id='word_1_603' title='bbox 924 3954 1046 4010; x_wconf 87' lang='lat' dir='ltr'><strong>Filii</strong></span> <span class='ocrx_word' id='word_1_604' title='bbox 1070 3955 1164 4010; x_wconf 88' lang='lat' dir='ltr'><strong>Dei</strong></span> <span class='ocrx_word' id='word_1_605' title='bbox 1184 3956 1482 4012; x_wconf 89' lang='lat' dir='ltr'><strong>secundum</strong></span> <span class='ocrx_word' id='word_1_606' title='bbox 1509 3955 1704 4012; x_wconf 84' lang='lat' dir='ltr'><strong>divini-</strong></span> 
     </span>
    </p>
   </div>
   <div class='ocr_carea' id='block_1_72' title="bbox 90 4046 1700 4120">
    <p class='ocr_par' dir='ltr' id='par_1_72' title="bbox 90 4046 1700 4120">
     <span class='ocr_line' id='line_1_72' title="bbox 90 4046 1700 4120; baseline 0.001 -18"><span class='ocrx_word' id='word_1_607' title='bbox 90 4056 306 4112; x_wconf 84' lang='lat' dir='ltr'><strong>tatem,</strong></span> <span class='ocrx_word' id='word_1_608' title='bbox 346 4046 446 4120; x_wconf 79' lang='grc' dir='ltr'>ιιιιί</span> <span class='ocrx_word' id='word_1_609' title='bbox 491 4047 628 4102; x_wconf 82' lang='lat' dir='ltr'><strong>dixit</strong></span> <span class='ocrx_word' id='word_1_610' title='bbox 679 4048 747 4104; x_wconf 88' lang='lat' dir='ltr'><strong>ad</strong></span> <span class='ocrx_word' id='word_1_611' title='bbox 793 4049 992 4104; x_wconf 86' lang='lat' dir='ltr'><strong>Filium</strong></span> <span class='ocrx_word' id='word_1_612' title='bbox 1037 4048 1196 4120; x_wconf 88' lang='lat' dir='ltr'><strong>:Ego</strong></span> <span class='ocrx_word' id='word_1_613' title='bbox 1240 4049 1394 4104; x_wconf 80' lang='lat' dir='ltr'><strong>hodie</strong></span> <span class='ocrx_word' id='word_1_614' title='bbox 1430 4050 1586 4120; x_wconf 86' lang='lat' dir='ltr'><strong>genui</strong></span> <span class='ocrx_word' id='word_1_615' title='bbox 1631 4059 1700 4104; x_wconf 87' lang='lat' dir='ltr'><strong>te.</strong></span> 
     </span>
    </p>
   </div>
   <div class='ocr_carea' id='block_1_73' title="bbox 1806 3200 3402 3275">
    <p class='ocr_par' dir='ltr' id='par_1_73' title="bbox 1806 3200 3402 3275">
     <span class='ocr_line' id='line_1_73' title="bbox 1806 3200 3402 3275; baseline 0.007 -21"><span class='ocrx_word' id='word_1_616' title='bbox 1806 3200 2095 3271; x_wconf 87' lang='lat' dir='ltr'><strong>aliquando</strong></span> <span class='ocrx_word' id='word_1_617' title='bbox 2144 3203 2396 3271; x_wconf 89' lang='lat' dir='ltr'><strong>spiritum</strong></span> <span class='ocrx_word' id='word_1_618' title='bbox 2458 3217 2782 3275; x_wconf 90' lang='lat' dir='ltr'><strong>corporeum</strong></span> <span class='ocrx_word' id='word_1_619' title='bbox 2838 3213 2894 3260; x_wconf 88' lang='lat' dir='ltr'><strong>et</strong></span> <span class='ocrx_word' id='word_1_620' title='bbox 2946 3205 3215 3264; x_wconf 79' lang='lat' dir='ltr'><strong>visibilem</strong></span> <span class='ocrx_word' id='word_1_621' title='bbox 3279 3223 3402 3265; x_wconf 86' lang='lat' dir='ltr'><strong>esse</strong></span> 
     </span>
    </p>
   </div>
   <div class='ocr_carea' id='block_1_74' title="bbox 1807 3293 3400 3366">
    <p class='ocr_par' dir='ltr' id='par_1_74' title="bbox 1807 3293 3400 3366">
     <span class='ocr_line' id='line_1_74' title="bbox 1807 3293 3400 3366; baseline 0.005 -18"><span class='ocrx_word' id='word_1_622' title='bbox 1807 3293 1972 3349; x_wconf 80' lang='lat' dir='ltr'><strong>dixit?</strong></span> <span class='ocrx_word' id='word_1_623' title='bbox 2021 3294 2302 3362; x_wconf 84' lang='lat' dir='ltr'><strong>Quomodo</strong></span> <span class='ocrx_word' id='word_1_624' title='bbox 2334 3295 2570 3350; x_wconf 79' lang='lat' dir='ltr'><strong>fatuitati</strong></span> <span class='ocrx_word' id='word_1_625' title='bbox 2602 3305 2712 3352; x_wconf 69' lang='lat' dir='ltr'><strong>tute</strong></span> <span class='ocrx_word' id='word_1_626' title='bbox 2734 3297 3065 3356; x_wconf 85' lang='lat' dir='ltr'><strong>credendum</strong></span> <span class='ocrx_word' id='word_1_627' title='bbox 3093 3305 3197 3366; x_wconf 90' lang='lat' dir='ltr'><strong>est,</strong></span> <span class='ocrx_word' id='word_1_628' title='bbox 3234 3305 3295 3354; x_wconf 92' lang='lat' dir='ltr'><strong>ut</strong></span> <span class='ocrx_word' id='word_1_629' title='bbox 3331 3299 3400 3356; x_wconf 89' lang='lat' dir='ltr'><strong>de</strong></span> 
     </span>
    </p>
   </div>
   <div class='ocr_carea' id='block_1_75' title="bbox 1807 3387 3400 3460">
    <p class='ocr_par' dir='ltr' id='par_1_75' title="bbox 1807 3387 3400 3460">
     <span class='ocr_line' id='line_1_75' title="bbox 1807 3387 3400 3460; baseline 0.004 -18"><span class='ocrx_word' id='word_1_630' title='bbox 1807 3387 1974 3450; x_wconf 85' lang='lat' dir='ltr'><strong>Paulo</strong></span> <span class='ocrx_word' id='word_1_631' title='bbox 2011 3403 2074 3443; x_wconf 89' lang='lat' dir='ltr'><strong>ea</strong></span> <span class='ocrx_word' id='word_1_632' title='bbox 2109 3403 2231 3459; x_wconf 73' lang='lat' dir='ltr'><strong>qua:</strong></span> <span class='ocrx_word' id='word_1_633' title='bbox 2261 3389 2460 3445; x_wconf 75' lang='lat' dir='ltr'><strong>asset-is</strong></span> <span class='ocrx_word' id='word_1_634' title='bbox 2485 3391 2727 3460; x_wconf 81' lang='lat' dir='ltr'><strong>profecta</strong></span> <span class='ocrx_word' id='word_1_635' title='bbox 2768 3405 2892 3446; x_wconf 88' lang='lat' dir='ltr'><strong>esse</strong></span> <span class='ocrx_word' id='word_1_636' title='bbox 2931 3391 3245 3460; x_wconf 86' lang='lat' dir='ltr'><strong>credantur,</strong></span> <span class='ocrx_word' id='word_1_637' title='bbox 3275 3406 3400 3450; x_wconf 88' lang='lat' dir='ltr'><strong>cum</strong></span> 
     </span>
    </p>
   </div>
   <div class='ocr_carea' id='block_1_76' title="bbox 1807 3479 3402 3555">
    <p class='ocr_par' dir='ltr' id='par_1_76' title="bbox 1807 3479 3402 3555">
     <span class='ocr_line' id='line_1_76' title="bbox 1807 3479 3402 3555; baseline 0.002 -19"><span class='ocrx_word' id='word_1_638' title='bbox 1807 3481 1874 3536; x_wconf 87' lang='lat' dir='ltr'><strong>de</strong></span> <span class='ocrx_word' id='word_1_639' title='bbox 1897 3496 1962 3536; x_wconf 90' lang='lat' dir='ltr'><strong>eo</strong></span> <span class='ocrx_word' id='word_1_640' title='bbox 1995 3479 2275 3550; x_wconf 88' lang='lat' dir='ltr'><strong>Scriptura</strong></span> <span class='ocrx_word' id='word_1_641' title='bbox 2303 3480 2447 3538; x_wconf 87' lang='lat' dir='ltr'><strong>dicat</strong></span> <span class='ocrx_word' id='word_1_642' title='bbox 2473 3494 2490 3535; x_wconf 90' lang='lat'><strong>:</strong></span> <span class='ocrx_word' id='word_1_643' title='bbox 2515 3481 2798 3553; x_wconf 85' lang='lat' dir='ltr'><strong>Benjamin</strong></span> <span class='ocrx_word' id='word_1_644' title='bbox 2838 3481 2994 3555; x_wconf 86' lang='lat' dir='ltr'><strong>lupus</strong></span> <span class='ocrx_word' id='word_1_645' title='bbox 3039 3497 3209 3554; x_wconf 72' lang='lat' dir='ltr'><strong>rapax</strong></span> <span class='ocrx_word' id='word_1_646' title='bbox 3241 3497 3402 3540; x_wconf 85' lang='lat' dir='ltr'><strong>mane</strong></span> 
     </span>
    </p>
   </div>
   <div class='ocr_carea' id='block_1_77' title="bbox 1807 3571 3403 3648">
    <p class='ocr_par' dir='ltr' id='par_1_77' title="bbox 1807 3571 3403 3648">
     <span class='ocr_line' id='line_1_77' title="bbox 1807 3571 3403 3648; baseline 0.003 -21"><span class='ocrx_word' id='word_1_647' title='bbox 1807 3571 2044 3627; x_wconf 81' lang='lat' dir='ltr'><strong>comedat</strong></span> <span class='ocrx_word' id='word_1_648' title='bbox 2095 3571 2362 3643; x_wconf 66' lang='lat' dir='ltr'><strong>praedam,</strong></span> <span class='ocrx_word' id='word_1_649' title='bbox 2407 3580 2457 3626; x_wconf 84' lang='lat' dir='ltr'><strong>et</strong></span> <span class='ocrx_word' id='word_1_650' title='bbox 2506 3571 2577 3626; x_wconf 86' lang='lat' dir='ltr'><strong>ad</strong></span> <span class='ocrx_word' id='word_1_651' title='bbox 2625 3588 2890 3642; x_wconf 79' lang='lat' dir='ltr'><strong>vesperam</strong></span> <span class='ocrx_word' id='word_1_652' title='bbox 2947 3571 3140 3629; x_wconf 78' lang='lat' dir='ltr'><strong>dividet</strong></span> <span class='ocrx_word' id='word_1_653' title='bbox 3188 3573 3403 3648; x_wconf 66' lang='lat' dir='ltr'><strong>spolia?</strong></span> 
     </span>
    </p>
   </div>
   <div class='ocr_carea' id='block_1_78' title="bbox 1807 3659 3394 3738">
    <p class='ocr_par' dir='ltr' id='par_1_78' title="bbox 1807 3659 3394 3738">
     <span class='ocr_line' id='line_1_78' title="bbox 1807 3659 3394 3738; baseline 0.003 -19"><span class='ocrx_word' id='word_1_654' title='bbox 1807 3665 2089 3733; x_wconf 82' lang='lat' dir='ltr'><strong>Quomodo</strong></span> <span class='ocrx_word' id='word_1_655' title='bbox 2132 3665 2278 3736; x_wconf 88' lang='lat' dir='ltr'><strong>quod</strong></span> <span class='ocrx_word' id='word_1_656' title='bbox 2336 3673 2393 3722; x_wconf 90' lang='lat' dir='ltr'><strong>tu</strong></span> <span class='ocrx_word' id='word_1_657' title='bbox 2433 3667 2635 3722; x_wconf 88' lang='lat' dir='ltr'><strong>asseris</strong></span> <span class='ocrx_word' id='word_1_658' title='bbox 2689 3659 2975 3724; x_wconf 49' lang='lat' dir='ltr'><strong>&#39;verissime</strong></span> <span class='ocrx_word' id='word_1_659' title='bbox 3017 3665 3394 3738; x_wconf 81' lang='lat' dir='ltr'><strong>accipiendum</strong></span> 
     </span>
    </p>
   </div>
   <div class='ocr_carea' id='block_1_79' title="bbox 1805 3755 3397 3832">
    <p class='ocr_par' dir='ltr' id='par_1_79' title="bbox 1805 3755 3397 3832">
     <span class='ocr_line' id='line_1_79' title="bbox 1805 3755 3397 3832; baseline -0.001 -11"><span class='ocrx_word' id='word_1_660' title='bbox 1805 3770 1910 3828; x_wconf 79' lang='lat' dir='ltr'><strong>est,</strong></span> <span class='ocrx_word' id='word_1_661' title='bbox 1935 3776 2061 3816; x_wconf 90' lang='lat' dir='ltr'><strong>cum</strong></span> <span class='ocrx_word' id='word_1_662' title='bbox 2096 3760 2214 3832; x_wconf 87' lang='lat' dir='ltr'><strong>ipse</strong></span> <span class='ocrx_word' id='word_1_663' title='bbox 2238 3760 2500 3816; x_wconf 87' lang='lat' dir='ltr'><strong>Dominus</strong></span> <span class='ocrx_word' id='word_1_664' title='bbox 2523 3761 2701 3816; x_wconf 89' lang='lat' dir='ltr'><strong>eidem</strong></span> <span class='ocrx_word' id='word_1_665' title='bbox 2729 3755 2900 3818; x_wconf 85' lang='lat' dir='ltr'><strong>Paulo</strong></span> <span class='ocrx_word' id='word_1_666' title='bbox 2927 3761 3128 3818; x_wconf 80' lang='lat' dir='ltr'><strong>dixerit</strong></span> <span class='ocrx_word' id='word_1_667' title='bbox 3155 3779 3170 3818; x_wconf 89' lang='lat'><strong>:</strong></span> <span class='ocrx_word' id='word_1_668' title='bbox 3210 3761 3397 3832; x_wconf 82' lang='lat' dir='ltr'><strong>Saule,</strong></span> 
     </span>
    </p>
   </div>
   <div class='ocr_carea' id='block_1_80' title="bbox 1809 3855 3412 3936">
    <p class='ocr_par' dir='ltr' id='par_1_80' title="bbox 1809 3855 3412 3936">
     <span class='ocr_line' id='line_1_80' title="bbox 1809 3855 3412 3936; baseline 0 -24"><span class='ocrx_word' id='word_1_669' title='bbox 1809 3855 1990 3922; x_wconf 83' lang='lat' dir='ltr'><strong>Saule,</strong></span> <span class='ocrx_word' id='word_1_670' title='bbox 2019 3855 2148 3929; x_wconf 87' lang='lat' dir='ltr'><strong>quid</strong></span> <span class='ocrx_word' id='word_1_671' title='bbox 2177 3872 2260 3911; x_wconf 85' lang='lat' dir='ltr'><strong>me</strong></span> <span class='ocrx_word' id='word_1_672' title='bbox 2275 3856 2638 3928; x_wconf 78' lang='lat' dir='ltr'><strong>persequeris?</strong></span> <span class='ocrx_word' id='word_1_673' title='bbox 2665 3855 2891 3912; x_wconf 82' lang='lat' dir='ltr'><strong>Frustra</strong></span> <span class='ocrx_word' id='word_1_674' title='bbox 2925 3855 3176 3912; x_wconf 84' lang='lat' dir='ltr'><strong>insanisti</strong></span> <span class='ocrx_word' id='word_1_675' title='bbox 3205 3864 3412 3936; x_wconf 52' lang='lat' dir='ltr'><strong>contra,</strong></span> 
     </span>
    </p>
   </div>
   <div class='ocr_carea' id='block_1_81' title="bbox 1806 3945 3398 4020">
    <p class='ocr_par' dir='ltr' id='par_1_81' title="bbox 1806 3945 3398 4020">
     <span class='ocr_line' id='line_1_81' title="bbox 1806 3945 3398 4020; baseline -0.001 -16"><span class='ocrx_word' id='word_1_676' title='bbox 1806 3963 2004 4005; x_wconf 83' lang='lat' dir='ltr'><strong>nomen</strong></span> <span class='ocrx_word' id='word_1_677' title='bbox 2057 3963 2268 4014; x_wconf 87' lang='lat' dir='ltr'><strong>meum,</strong></span> <span class='ocrx_word' id='word_1_678' title='bbox 2319 3955 2394 4002; x_wconf 79' lang='grc' dir='ltr'><strong>ει</strong></span> <span class='ocrx_word' id='word_1_679' title='bbox 2414 3946 2664 4018; x_wconf 85' lang='lat' dir='ltr'><strong>lapidasti</strong></span> <span class='ocrx_word' id='word_1_680' title='bbox 2719 3945 3053 4018; x_wconf 87' lang='lat' dir='ltr'><strong>Stephanum</strong></span> <span class='ocrx_word' id='word_1_681' title='bbox 3101 3953 3398 4020; x_wconf 81' lang='lat' dir='ltr'><strong>martyrem</strong></span> 
     </span>
    </p>
   </div>
   <div class='ocr_carea' id='block_1_82' title="bbox 1805 4037 3397 4112">
    <p class='ocr_par' dir='ltr' id='par_1_82' title="bbox 1805 4037 3397 4112">
     <span class='ocr_line' id='line_1_82' title="bbox 1805 4037 3397 4112; baseline -0.001 -16"><span class='ocrx_word' id='word_1_682' title='bbox 1805 4056 1988 4096; x_wconf 83' lang='lat' dir='ltr'><strong>meum</strong></span> <span class='ocrx_word' id='word_1_683' title='bbox 2016 4058 2030 4094; x_wconf 93' lang='lat'><strong>:</strong></span> <span class='ocrx_word' id='word_1_684' title='bbox 2059 4054 2160 4112; x_wconf 75' lang='lat' dir='ltr'><strong>ego</strong></span> <span class='ocrx_word' id='word_1_685' title='bbox 2175 4047 2229 4096; x_wconf 89' lang='lat' dir='ltr'><strong>te</strong></span> <span class='ocrx_word' id='word_1_686' title='bbox 2247 4037 2443 4095; x_wconf 83' lang='lat' dir='ltr'><strong>faciam</strong></span> <span class='ocrx_word' id='word_1_687' title='bbox 2465 4053 2686 4095; x_wconf 80' lang='lat' dir='ltr'><strong>servum</strong></span> <span class='ocrx_word' id='word_1_688' title='bbox 2710 4037 3086 4106; x_wconf 65' lang='lat' dir='ltr'><strong>mentm-Quod</strong></span> <span class='ocrx_word' id='word_1_689' title='bbox 3101 4037 3239 4096; x_wconf 79' lang='lat' dir='ltr'><strong>dicis</strong></span> <span class='ocrx_word' id='word_1_690' title='bbox 3267 4038 3397 4108; x_wconf 89' lang='lat' dir='ltr'><strong>quia</strong></span> 
     </span>
    </p>
   </div>
   <div class='ocr_carea' id='block_1_83' title="bbox 86 4119 3397 4214">
    <p class='ocr_par' dir='ltr' id='par_1_83' title="bbox 86 4119 3397 4214">
     <span class='ocr_line' id='line_1_83' title="bbox 86 4119 3397 4214; baseline -0.002 -22"><span class='ocrx_word' id='word_1_691' title='bbox 86 4135 147 4194; x_wconf 89' lang='lat' dir='ltr'><strong>Si</strong></span> <span class='ocrx_word' id='word_1_692' title='bbox 197 4119 522 4212; x_wconf 55' lang='lat' dir='ltr'><strong>ipse°David</strong></span> <span class='ocrx_word' id='word_1_693' title='bbox 553 4148 638 4195; x_wconf 88' lang='lat' dir='ltr'><strong>est</strong></span> <span class='ocrx_word' id='word_1_694' title='bbox 669 4156 903 4212; x_wconf 89' lang='lat' dir='ltr'><strong>persona</strong></span> <span class='ocrx_word' id='word_1_695' title='bbox 943 4141 1036 4196; x_wconf 90' lang='lat' dir='ltr'><strong>Dei</strong></span> <span class='ocrx_word' id='word_1_696' title='bbox 1072 4119 1270 4208; x_wconf 88' lang='lat' dir='ltr'><strong>Patris,</strong></span> <span class='ocrx_word' id='word_1_697' title='bbox 1309 4119 1443 4214; x_wconf 74' lang='lat' dir='ltr'><strong>ergo</strong></span> <span class='ocrx_word' id='word_1_698' title='bbox 1470 4142 1586 4214; x_wconf 89' lang='lat' dir='ltr'><strong>ipse</strong></span> <span class='ocrx_word' id='word_1_699' title='bbox 1621 4149 1708 4198; x_wconf 90' lang='lat' dir='ltr'><strong>est</strong></span> <span class='ocrx_word' id='word_1_700' title='bbox 1807 4134 2008 4190; x_wconf 88' lang='lat' dir='ltr'><strong>Paulus</strong></span> <span class='ocrx_word' id='word_1_701' title='bbox 2043 4149 2335 4205; x_wconf 87' lang='lat' dir='ltr'><strong>personam</strong></span> <span class='ocrx_word' id='word_1_702' title='bbox 2379 4132 2666 4205; x_wconf 79' lang='lat' dir='ltr'><strong>distinguit</strong></span> <span class='ocrx_word' id='word_1_703' title='bbox 2713 4132 2767 4187; x_wconf 88' lang='lat' dir='ltr'><strong>in</strong></span> <span class='ocrx_word' id='word_1_704' title='bbox 2807 4145 2867 4188; x_wconf 89' lang='lat' dir='ltr'><strong>se</strong></span> <span class='ocrx_word' id='word_1_705' title='bbox 2910 4145 3134 4188; x_wconf 88' lang='lat' dir='ltr'><strong>manere</strong></span> <span class='ocrx_word' id='word_1_706' title='bbox 3158 4129 3397 4203; x_wconf 87' lang='lat' dir='ltr'><strong>Spiritus</strong></span> 
     </span>
    </p>
   </div>
   <div class='ocr_carea' id='block_1_84' title="bbox 86 4219 3396 4302">
    <p class='ocr_par' dir='ltr' id='par_1_84' title="bbox 86 4219 3396 4302">
     <span class='ocr_line' id='line_1_84' title="bbox 86 4219 3396 4302; baseline -0.003 -19"><span class='ocrx_word' id='word_1_707' title='bbox 86 4219 188 4302; x_wconf 76' lang='lat' dir='ltr'><strong>qui</strong></span> <span class='ocrx_word' id='word_1_708' title='bbox 225 4229 415 4288; x_wconf 75' lang='lat' dir='ltr'><strong>dixit:</strong></span> <span class='ocrx_word' id='word_1_709' title='bbox 442 4229 614 4298; x_wconf 79' lang='lat' dir='ltr'><strong>Audi,</strong></span> <span class='ocrx_word' id='word_1_710' title='bbox 641 4229 850 4299; x_wconf 85' lang='lat' dir='ltr'><strong>Israel,</strong></span> <span class='ocrx_word' id='word_1_711' title='bbox 874 4221 1150 4302; x_wconf 80' lang='lat' dir='ltr'><strong>Dominus</strong></span> <span class='ocrx_word' id='word_1_712' title='bbox 1171 4231 1315 4288; x_wconf 86' lang='lat' dir='ltr'><strong>Deus</strong></span> <span class='ocrx_word' id='word_1_713' title='bbox 1363 4241 1514 4298; x_wconf 86' lang='lat' dir='ltr'><strong>tuus,</strong></span> <span class='ocrx_word' id='word_1_714' title='bbox 1559 4231 1704 4288; x_wconf 87' lang='lat' dir='ltr'><strong>Deus</strong></span> <span class='ocrx_word' id='word_1_715' title='bbox 1809 4225 2002 4291; x_wconf 82' lang='lat' dir='ltr'><strong>sancti,</strong></span> <span class='ocrx_word' id='word_1_716' title='bbox 2051 4239 2176 4280; x_wconf 88' lang='lat' dir='ltr'><strong>cum</strong></span> <span class='ocrx_word' id='word_1_717' title='bbox 2209 4225 2326 4294; x_wconf 87' lang='lat' dir='ltr'><strong>ipse</strong></span> <span class='ocrx_word' id='word_1_718' title='bbox 2365 4222 2554 4278; x_wconf 82' lang='lat' dir='ltr'><strong>dicat:</strong></span> <span class='ocrx_word' id='word_1_719' title='bbox 2589 4221 2701 4294; x_wconf 84' lang='lat' dir='ltr'><strong>Ego</strong></span> <span class='ocrx_word' id='word_1_720' title='bbox 2725 4237 2842 4277; x_wconf 85' lang='lat' dir='ltr'><strong>sum</strong></span> <span class='ocrx_word' id='word_1_721' title='bbox 2862 4222 3115 4277; x_wconf 78' lang='lat' dir='ltr'><strong>minimus</strong></span> <span class='ocrx_word' id='word_1_722' title='bbox 3151 4220 3396 4278; x_wconf 80' lang='lat' dir='ltr'><strong>omnium</strong></span> 
     </span>
    </p>
   </div>
   <div class='ocr_carea' id='block_1_85' title="bbox 83 4300 3395 4399">
    <p class='ocr_par' dir='ltr' id='par_1_85' title="bbox 83 4300 3395 4399">
     <span class='ocr_line' id='line_1_85' title="bbox 83 4300 3395 4399; baseline -0.001 -19"><span class='ocrx_word' id='word_1_723' title='bbox 83 4300 242 4381; x_wconf 57' lang='lat' dir='ltr'><strong>unus</strong></span> <span class='ocrx_word' id='word_1_724' title='bbox 273 4334 374 4382; x_wconf 86' lang='lat' dir='ltr'><strong>est.</strong></span> <span class='ocrx_word' id='word_1_725' title='bbox 403 4323 470 4383; x_wconf 82' lang='lat' dir='ltr'><strong>Et</strong></span> <span class='ocrx_word' id='word_1_726' title='bbox 498 4326 733 4384; x_wconf 87' lang='lat' dir='ltr'><strong>iterum:</strong></span> <span class='ocrx_word' id='word_1_727' title='bbox 761 4300 881 4399; x_wconf 46' lang='lat' dir='ltr'><strong>Ego.</strong></span> <span class='ocrx_word' id='word_1_728' title='bbox 903 4345 1022 4384; x_wconf 87' lang='lat' dir='ltr'><strong>sum</strong></span> <span class='ocrx_word' id='word_1_729' title='bbox 1045 4326 1206 4391; x_wconf 88' lang='lat' dir='ltr'><strong>Deus,</strong></span> <span class='ocrx_word' id='word_1_730' title='bbox 1244 4337 1293 4383; x_wconf 88' lang='lat' dir='ltr'><strong>et</strong></span> <span class='ocrx_word' id='word_1_731' title='bbox 1323 4343 1428 4382; x_wconf 90' lang='lat' dir='ltr'><strong>non</strong></span> <span class='ocrx_word' id='word_1_732' title='bbox 1461 4336 1536 4382; x_wconf 84' lang='lat' dir='ltr'><strong>est</strong></span> <span class='ocrx_word' id='word_1_733' title='bbox 1565 4325 1704 4382; x_wconf 85' lang='lat' dir='ltr'><strong>alius</strong></span> <span class='ocrx_word' id='word_1_734' title='bbox 1809 4318 2190 4392; x_wconf 81' lang='lat' dir='ltr'><strong>apostolorum,</strong></span> <span class='ocrx_word' id='word_1_735' title='bbox 2232 4319 2323 4390; x_wconf 85' lang='lat' dir='ltr'><strong>qui</strong></span> <span class='ocrx_word' id='word_1_736' title='bbox 2364 4334 2471 4372; x_wconf 81' lang='lat' dir='ltr'><strong>non</strong></span> <span class='ocrx_word' id='word_1_737' title='bbox 2505 4332 2623 4372; x_wconf 89' lang='lat' dir='ltr'><strong>sum</strong></span> <span class='ocrx_word' id='word_1_738' title='bbox 2659 4314 2849 4388; x_wconf 85' lang='lat' dir='ltr'><strong>dignus</strong></span> <span class='ocrx_word' id='word_1_739' title='bbox 2893 4316 3072 4372; x_wconf 84' lang='lat' dir='ltr'><strong>vocari</strong></span> <span class='ocrx_word' id='word_1_740' title='bbox 3105 4314 3395 4388; x_wconf 68' lang='lat' dir='ltr'><strong>apostolus,</strong></span> 
     </span>
    </p>
   </div>
   <div class='ocr_carea' id='block_1_86' title="bbox 83 4405 3402 4512">
    <p class='ocr_par' dir='ltr' id='par_1_86' title="bbox 83 4405 3402 4512">
     <span class='ocr_line' id='line_1_86' title="bbox 83 4405 3402 4512; baseline 0.003 -42"><span class='ocrx_word' id='word_1_741' title='bbox 83 4429 302 4488; x_wconf 76' lang='lat' dir='ltr'><strong>pra’ter</strong></span> <span class='ocrx_word' id='word_1_742' title='bbox 343 4433 443 4474; x_wconf 86' lang='lat' dir='ltr'><strong>me.</strong></span> <span class='ocrx_word' id='word_1_743' title='bbox 491 4417 560 4473; x_wconf 86' lang='lat' dir='ltr'><strong>Et</strong></span> <span class='ocrx_word' id='word_1_744' title='bbox 589 4417 634 4474; x_wconf 91' lang='lat' dir='ltr'><strong>si</strong></span> <span class='ocrx_word' id='word_1_745' title='bbox 669 4419 742 4474; x_wconf 90' lang='lat' dir='ltr'><strong>ita</strong></span> <span class='ocrx_word' id='word_1_746' title='bbox 778 4427 863 4474; x_wconf 83' lang='lat' dir='ltr'><strong>est</strong></span> <span class='ocrx_word' id='word_1_747' title='bbox 901 4427 960 4476; x_wconf 92' lang='lat' dir='ltr'><strong>ut</strong></span> <span class='ocrx_word' id='word_1_748' title='bbox 997 4420 1226 4486; x_wconf 86' lang='lat' dir='ltr'><strong>asseris,</strong></span> <span class='ocrx_word' id='word_1_749' title='bbox 1266 4419 1392 4490; x_wconf 87' lang='lat' dir='ltr'><strong>quia</strong></span> <span class='ocrx_word' id='word_1_750' title='bbox 1435 4417 1502 4474; x_wconf 91' lang='lat' dir='ltr'><strong>de</strong></span> <span class='ocrx_word' id='word_1_751' title='bbox 1533 4418 1702 4474; x_wconf 84' lang='lat' dir='ltr'><strong>David</strong></span> <span class='ocrx_word' id='word_1_752' title='bbox 1732 4450 1786 4512; x_wconf 70' lang='grc' dir='ltr'><strong>Β</strong></span> <span class='ocrx_word' id='word_1_753' title='bbox 1805 4411 1937 4512; x_wconf 50' lang='lat' dir='ltr'><strong>ﬁniti</strong></span> <span class='ocrx_word' id='word_1_754' title='bbox 1983 4418 2282 4481; x_wconf 74' lang='grc' dir='ltr'>Ρετεεειιιυδ</span> <span class='ocrx_word' id='word_1_755' title='bbox 2309 4407 2754 4512; x_wconf 47' lang='grc' dir='ltr'><strong>ξαξπβοσίεείαθξξ</strong></span> <span class='ocrx_word' id='word_1_756' title='bbox 2795 4407 2914 4462; x_wconf 70' lang='grc' dir='ltr'><strong>θεί-</strong></span> <span class='ocrx_word' id='word_1_757' title='bbox 2960 4405 3243 4510; x_wconf 60' lang='grc' dir='ltr'><strong>ῼιιοωοάο</strong></span> <span class='ocrx_word' id='word_1_758' title='bbox 3268 4406 3402 4512; x_wconf 59' lang='lat' dir='ltr'><strong>ipse</strong></span> 
     </span>
    </p>
   </div>
   <div class='ocr_carea' id='block_1_87' title="bbox 82 4494 3402 4600">
    <p class='ocr_par' dir='ltr' id='par_1_87' title="bbox 82 4494 3402 4600">
     <span class='ocr_line' id='line_1_87' title="bbox 82 4494 3402 4600; baseline -0.003 -35"><span class='ocrx_word' id='word_1_759' title='bbox 82 4511 317 4566; x_wconf 87' lang='lat' dir='ltr'><strong>dictum</strong></span> <span class='ocrx_word' id='word_1_760' title='bbox 345 4518 472 4566; x_wconf 89' lang='lat' dir='ltr'><strong>est:</strong></span> <span class='ocrx_word' id='word_1_761' title='bbox 506 4511 632 4568; x_wconf 81' lang='lat' dir='ltr'><strong>Non</strong></span> <span class='ocrx_word' id='word_1_762' title='bbox 675 4512 826 4569; x_wconf 84' lang='lat' dir='ltr'><strong>dabis</strong></span> <span class='ocrx_word' id='word_1_763' title='bbox 859 4513 1115 4570; x_wconf 85' lang='lat' dir='ltr'><strong>Sanctum</strong></span> <span class='ocrx_word' id='word_1_764' title='bbox 1143 4524 1292 4568; x_wconf 89' lang='lat' dir='ltr'><strong>tuum</strong></span> <span class='ocrx_word' id='word_1_765' title='bbox 1319 4512 1492 4568; x_wconf 79' lang='lat' dir='ltr'><strong>ridere</strong></span> <span class='ocrx_word' id='word_1_766' title='bbox 1521 4528 1704 4567; x_wconf 87' lang='lat' dir='ltr'><strong>corru-</strong></span> <span class='ocrx_word' id='word_1_767' title='bbox 1732 4494 1784 4512; x_wconf 59' lang='grc' dir='ltr'><strong><em>ν</em></strong></span> <span class='ocrx_word' id='word_1_768' title='bbox 1805 4502 2007 4560; x_wconf 86' lang='lat' dir='ltr'><strong>Paulus</strong></span> <span class='ocrx_word' id='word_1_769' title='bbox 2041 4515 2274 4600; x_wconf 84' lang='lat' dir='ltr'><strong>persona</strong></span> <span class='ocrx_word' id='word_1_770' title='bbox 2309 4498 2546 4600; x_wconf 80' lang='lat' dir='ltr'><strong>Spiritus</strong></span> <span class='ocrx_word' id='word_1_771' title='bbox 2579 4497 2776 4565; x_wconf 83' lang='lat' dir='ltr'><strong>sancti,</strong></span> <span class='ocrx_word' id='word_1_772' title='bbox 2809 4511 2946 4600; x_wconf 41' lang='lat' dir='ltr'><strong>cum.</strong></span> <span class='ocrx_word' id='word_1_773' title='bbox 2967 4497 3238 4600; x_wconf 42' lang='lat' dir='ltr'><strong>ipse&#39;cun‘l</strong></span> <span class='ocrx_word' id='word_1_774' title='bbox 3267 4494 3402 4599; x_wconf 67' lang='lat' dir='ltr'><strong>Dar-</strong></span> 
     </span>
    </p>
   </div>
   <div class='ocr_carea' id='block_1_88' title="bbox 79 4583 3400 4692">
    <p class='ocr_par' dir='ltr' id='par_1_88' title="bbox 79 4583 3400 4692">
     <span class='ocr_line' id='line_1_88' title="bbox 79 4583 3400 4692; baseline 0.001 -34"><span class='ocrx_word' id='word_1_775' title='bbox 79 4605 370 4679; x_wconf 75' lang='lat' dir='ltr'><strong>ptionem,</strong></span> <span class='ocrx_word' id='word_1_776' title='bbox 421 4605 696 4678; x_wconf 87' lang='lat' dir='ltr'><strong>quomodo</strong></span> <span class='ocrx_word' id='word_1_777' title='bbox 761 4621 793 4662; x_wconf 90' lang='lat' dir='ltr'><strong>e</strong></span> <span class='ocrx_word' id='word_1_778' title='bbox 847 4606 1121 4662; x_wconf 89' lang='lat' dir='ltr'><strong>contrario</strong></span> <span class='ocrx_word' id='word_1_779' title='bbox 1183 4605 1377 4662; x_wconf 82' lang='lat' dir='ltr'><strong>Petrus</strong></span> <span class='ocrx_word' id='word_1_780' title='bbox 1431 4604 1708 4676; x_wconf 90' lang='lat' dir='ltr'><strong>apostolus</strong></span> <span class='ocrx_word' id='word_1_781' title='bbox 1809 4598 1949 4653; x_wconf 69' lang='grc'><strong>11³1³³</strong></span> <span class='ocrx_word' id='word_1_782' title='bbox 1973 4594 1999 4636; x_wconf 67' lang='grc' dir='ltr'><em>δ</em></span> <span class='ocrx_word' id='word_1_783' title='bbox 2030 4594 2362 4668; x_wconf 72' lang='lat' dir='ltr'><strong>Lycaoniam</strong></span> <span class='ocrx_word' id='word_1_784' title='bbox 2387 4592 2641 4692; x_wconf 49' lang='grc' dir='ltr'><strong>τροίθηε,</strong></span> <span class='ocrx_word' id='word_1_785' title='bbox 2681 4597 2746 4692; x_wconf 47' lang='grc' dir='ltr'>εξ</span> <span class='ocrx_word' id='word_1_786' title='bbox 2775 4591 2846 4692; x_wconf 62' lang='lat' dir='ltr'><strong>0P</strong></span> <span class='ocrx_word' id='word_1_787' title='bbox 2874 4585 3123 4692; x_wconf 60' lang='grc' dir='ltr'><strong>φίηειιξξ</strong></span> <span class='ocrx_word' id='word_1_788' title='bbox 3162 4583 3400 4642; x_wconf 67' lang='grc' dir='ltr'>εθιηίη⁸</span> 
     </span>
    </p>
   </div>
   <div class='ocr_carea' id='block_1_89' title="bbox 75 4674 3396 4774">
    <p class='ocr_par' dir='ltr' id='par_1_89' title="bbox 75 4674 3396 4774">
     <span class='ocr_line' id='line_1_89' title="bbox 75 4674 3396 4774; baseline -0.003 -19"><span class='ocrx_word' id='word_1_789' title='bbox 75 4674 236 4756; x_wconf 71' lang='lat' dir='ltr'><strong>dixit</strong></span> <span class='ocrx_word' id='word_1_790' title='bbox 268 4717 286 4754; x_wconf 91' lang='lat'><strong>:</strong></span> <span class='ocrx_word' id='word_1_791' title='bbox 317 4674 460 4764; x_wconf 79' lang='lat' dir='ltr'><strong>Quia</strong></span> <span class='ocrx_word' id='word_1_792' title='bbox 490 4699 680 4764; x_wconf 82' lang='lat' dir='ltr'><strong>Dat-id,</strong></span> <span class='ocrx_word' id='word_1_793' title='bbox 714 4709 763 4756; x_wconf 92' lang='lat' dir='ltr'><strong>et</strong></span> <span class='ocrx_word' id='word_1_794' title='bbox 792 4700 1024 4773; x_wconf 82' lang='lat' dir='ltr'><strong>sepultus</strong></span> <span class='ocrx_word' id='word_1_795' title='bbox 1052 4711 1149 4768; x_wconf 89' lang='lat' dir='ltr'><strong>est,</strong></span> <span class='ocrx_word' id='word_1_796' title='bbox 1179 4709 1228 4756; x_wconf 88' lang='lat' dir='ltr'><strong>et</strong></span> <span class='ocrx_word' id='word_1_797' title='bbox 1255 4674 1554 4774; x_wconf 76' lang='lat' dir='ltr'><strong>sepulcrum</strong></span> <span class='ocrx_word' id='word_1_798' title='bbox 1589 4700 1706 4772; x_wconf 85' lang='lat' dir='ltr'><strong>ejus</strong></span> <span class='ocrx_word' id='word_1_799' title='bbox 1807 4691 2012 4748; x_wconf 86' lang='lat' dir='ltr'><strong>tionem</strong></span> <span class='ocrx_word' id='word_1_800' title='bbox 2053 4703 2224 4744; x_wconf 89' lang='lat' dir='ltr'><strong>unum</strong></span> <span class='ocrx_word' id='word_1_801' title='bbox 2265 4701 2334 4744; x_wconf 92' lang='lat' dir='ltr'><strong>ex</strong></span> <span class='ocrx_word' id='word_1_802' title='bbox 2379 4686 2462 4742; x_wconf 88' lang='lat' dir='ltr'><strong>eis</strong></span> <span class='ocrx_word' id='word_1_803' title='bbox 2495 4689 2755 4740; x_wconf 84' lang='lat' dir='ltr'><strong>vocarent</strong></span> <span class='ocrx_word' id='word_1_804' title='bbox 2791 4677 3012 4746; x_wconf 64' lang='lat' dir='ltr'><strong>Joiem.</strong></span> <span class='ocrx_word' id='word_1_805' title='bbox 3054 4674 3218 4733; x_wconf 61' lang='lat' dir='ltr'><strong>alium</strong></span> <span class='ocrx_word' id='word_1_806' title='bbox 3264 4691 3396 4774; x_wconf 58' lang='grc' dir='ltr'><strong>Ῐθνο</strong></span> 
     </span>
    </p>
   </div>
   <div class='ocr_carea' id='block_1_90' title="bbox 73 4771 3400 4878">
    <p class='ocr_par' dir='ltr' id='par_1_90' title="bbox 73 4771 3400 4878">
     <span class='ocr_line' id='line_1_90' title="bbox 73 4771 3400 4878; baseline -0.007 -28"><span class='ocrx_word' id='word_1_807' title='bbox 73 4802 170 4850; x_wconf 70' lang='grc' dir='ltr'>ρει</span> <span class='ocrx_word' id='word_1_808' title='bbox 201 4790 362 4864; x_wconf 79' lang='lat' dir='ltr'><strong>apud</strong></span> <span class='ocrx_word' id='word_1_809' title='bbox 396 4807 490 4848; x_wconf 89' lang='lat' dir='ltr'><strong>nos</strong></span> <span class='ocrx_word' id='word_1_810' title='bbox 515 4809 678 4864; x_wconf 88' lang='lat' dir='ltr'><strong>usque</strong></span> <span class='ocrx_word' id='word_1_811' title='bbox 715 4794 771 4850; x_wconf 84' lang='lat' dir='ltr'><strong>in</strong></span> <span class='ocrx_word' id='word_1_812' title='bbox 798 4771 1116 4849; x_wconf 78' lang='lat' dir='ltr'><strong>hodiernum</strong></span> <span class='ocrx_word' id='word_1_813' title='bbox 1152 4771 1320 4860; x_wconf 79' lang='lat' dir='ltr'><strong>diem,</strong></span> <span class='ocrx_word' id='word_1_814' title='bbox 1345 4800 1396 4848; x_wconf 89' lang='lat' dir='ltr'><strong>et</strong></span> <span class='ocrx_word' id='word_1_815' title='bbox 1428 4807 1556 4849; x_wconf 87' lang='lat' dir='ltr'><strong>caro</strong></span> <span class='ocrx_word' id='word_1_816' title='bbox 1586 4771 1706 4860; x_wconf 85' lang='lat' dir='ltr'><strong>ejus</strong></span> <span class='ocrx_word' id='word_1_817' title='bbox 1809 4789 2157 4855; x_wconf 76' lang='lat' dir='ltr'><strong>Mercurium,</strong></span> <span class='ocrx_word' id='word_1_818' title='bbox 2199 4793 2257 4842; x_wconf 85' lang='lat' dir='ltr'><strong>et</strong></span> <span class='ocrx_word' id='word_1_819' title='bbox 2300 4785 2382 4841; x_wconf 88' lang='lat' dir='ltr'><strong>eis</strong></span> <span class='ocrx_word' id='word_1_820' title='bbox 2421 4781 2576 4856; x_wconf 87' lang='lat' dir='ltr'><strong>quasi</strong></span> <span class='ocrx_word' id='word_1_821' title='bbox 2618 4777 2893 4878; x_wconf 46' lang='lat' dir='ltr'><strong>diis-fatui</strong></span> <span class='ocrx_word' id='word_1_822' title='bbox 2923 4774 3172 4878; x_wconf 73' lang='lat' dir='ltr'><strong>homines</strong></span> <span class='ocrx_word' id='word_1_823' title='bbox 3189 4771 3400 4878; x_wconf 45' lang='lat' dir='ltr'><strong>uellent</strong></span> 
     </span>
    </p>
   </div>
   <div class='ocr_carea' id='block_1_91' title="bbox 80 4863 3402 4956">
    <p class='ocr_par' dir='ltr' id='par_1_91' title="bbox 80 4863 3402 4956">
     <span class='ocr_line' id='line_1_91' title="bbox 80 4863 3402 4956; baseline -0.012 3"><span class='ocrx_word' id='word_1_824' title='bbox 80 4863 255 4940; x_wconf 58' lang='lat' dir='ltr'><strong>ﬁdit</strong></span> <span class='ocrx_word' id='word_1_825' title='bbox 270 4863 704 4956; x_wconf 66' lang='lat' dir='ltr'><strong>corruptionem.</strong></span> <span class='ocrx_word' id='word_1_826' title='bbox 1487 4936 1502 4946; x_wconf 83' lang='grc'><em>,</em></span> <span class='ocrx_word' id='word_1_827' title='bbox 1809 4883 2138 4948; x_wconf 83' lang='lat' dir='ltr'><strong>sacriﬁcare,</strong></span> <span class='ocrx_word' id='word_1_828' title='bbox 2165 4879 2448 4951; x_wconf 85' lang='lat' dir='ltr'><strong>respondit</strong></span> <span class='ocrx_word' id='word_1_829' title='bbox 2470 4877 2657 4933; x_wconf 88' lang='lat' dir='ltr'><strong>dicens</strong></span> <span class='ocrx_word' id='word_1_830' title='bbox 2681 4889 2694 4928; x_wconf 83' lang='lat'>:</span> <span class='ocrx_word' id='word_1_831' title='bbox 2721 4869 2869 4936; x_wconf 85' lang='lat' dir='ltr'><strong>Viri,</strong></span> <span class='ocrx_word' id='word_1_832' title='bbox 2899 4867 3026 4941; x_wconf 79' lang='lat' dir='ltr'><strong>quid</strong></span> <span class='ocrx_word' id='word_1_833' title='bbox 3047 4868 3159 4922; x_wconf 76' lang='lat' dir='ltr'><strong>lucc</strong></span> <span class='ocrx_word' id='word_1_834' title='bbox 3181 4864 3358 4938; x_wconf 76' lang='lat' dir='ltr'><strong>facitis</strong></span> <span class='ocrx_word' id='word_1_835' title='bbox 3371 4863 3402 4920; x_wconf 66' lang='grc' dir='ltr'><strong>ι</strong></span> 
     </span>
    </p>
   </div>
   <div class='ocr_carea' id='block_1_92' title="bbox 59 4943 3396 5052">
    <p class='ocr_par' dir='ltr' id='par_1_92' title="bbox 59 4943 3396 5052">
     <span class='ocr_line' id='line_1_92' title="bbox 59 4943 3396 5052; baseline -0.005 -19"><span class='ocrx_word' id='word_1_836' title='bbox 59 4943 80 4972; x_wconf 46' lang='grc'>³</span> <span class='ocrx_word' id='word_1_837' title='bbox 155 4976 224 5034; x_wconf 73' lang='grc' dir='ltr'>ι.</span> <span class='ocrx_word' id='word_1_838' title='bbox 273 4977 359 5032; x_wconf 88' lang='lat' dir='ltr'><strong>De</strong></span> <span class='ocrx_word' id='word_1_839' title='bbox 393 4943 515 5033; x_wconf 82' lang='lat' dir='ltr'><strong>Filii</strong></span> <span class='ocrx_word' id='word_1_840' title='bbox 557 4993 793 5052; x_wconf 86' lang='lat' dir='ltr'><strong>namque</strong></span> <span class='ocrx_word' id='word_1_841' title='bbox 835 4993 1066 5051; x_wconf 88' lang='lat' dir='ltr'><strong>persona</strong></span> <span class='ocrx_word' id='word_1_842' title='bbox 1097 4979 1242 5049; x_wconf 89' lang='lat' dir='ltr'><strong>quod</strong></span> <span class='ocrx_word' id='word_1_843' title='bbox 1269 4977 1434 5043; x_wconf 86' lang='lat' dir='ltr'><strong>dicis,</strong></span> <span class='ocrx_word' id='word_1_844' title='bbox 1469 4943 1536 5032; x_wconf 81' lang='lat' dir='ltr'><strong>eo</strong></span> <span class='ocrx_word' id='word_1_845' title='bbox 1561 4977 1706 5048; x_wconf 88' lang='lat' dir='ltr'><strong>quod</strong></span> <span class='ocrx_word' id='word_1_846' title='bbox 1807 4989 1858 5036; x_wconf 85' lang='lat' dir='ltr'><strong>et</strong></span> <span class='ocrx_word' id='word_1_847' title='bbox 1881 4995 1974 5034; x_wconf 90' lang='lat' dir='ltr'><strong>nos</strong></span> <span class='ocrx_word' id='word_1_848' title='bbox 1995 4943 2242 5032; x_wconf 72' lang='lat' dir='ltr'><strong>mortales</strong></span> <span class='ocrx_word' id='word_1_849' title='bbox 2258 4943 2449 5028; x_wconf 66' lang='lat' dir='ltr'><strong>sumus</strong></span> <span class='ocrx_word' id='word_1_850' title='bbox 2475 4965 2674 5026; x_wconf 80' lang='lat' dir='ltr'><strong>similes</strong></span> <span class='ocrx_word' id='word_1_851' title='bbox 2695 4965 2838 5022; x_wconf 77' lang='lat' dir='ltr'><strong>vobis</strong></span> <span class='ocrx_word' id='word_1_852' title='bbox 2875 4961 3112 5018; x_wconf 74' lang='lat' dir='ltr'><strong>homines</strong></span> <span class='ocrx_word' id='word_1_853' title='bbox 3141 4969 3179 5052; x_wconf 9' lang='grc' dir='ltr'><strong>ογ</strong></span> <span class='ocrx_word' id='word_1_854' title='bbox 3204 4998 3220 5014; x_wconf 91' lang='grc'><strong>.</strong></span> <span class='ocrx_word' id='word_1_855' title='bbox 3263 4999 3278 5013; x_wconf 93' lang='grc'><strong>.</strong></span> <span class='ocrx_word' id='word_1_856' title='bbox 3321 4996 3340 5013; x_wconf 89' lang='grc'><strong>.</strong></span> <span class='ocrx_word' id='word_1_857' title='bbox 3375 4994 3396 5015; x_wconf 78' lang='grc' dir='ltr'><strong>ο</strong></span> 
     </span>
    </p>
   </div>
   <div class='ocr_carea' id='block_1_93' title="bbox 67 5051 3400 5154">
    <p class='ocr_par' dir='ltr' id='par_1_93' title="bbox 67 5051 3400 5154">
     <span class='ocr_line' id='line_1_93' title="bbox 67 5051 3400 5154; baseline -0.007 -22"><span class='ocrx_word' id='word_1_858' title='bbox 67 5088 149 5132; x_wconf 78' lang='lat' dir='ltr'><strong>ea</strong></span> <span class='ocrx_word' id='word_1_859' title='bbox 188 5074 280 5128; x_wconf 87' lang='lat' dir='ltr'><strong>sit</strong></span> <span class='ocrx_word' id='word_1_860' title='bbox 313 5071 554 5130; x_wconf 88' lang='lat' dir='ltr'><strong>secunda</strong></span> <span class='ocrx_word' id='word_1_861' title='bbox 589 5071 646 5126; x_wconf 93' lang='lat' dir='ltr'><strong>in</strong></span> <span class='ocrx_word' id='word_1_862' title='bbox 673 5070 945 5154; x_wconf 62' lang='lat' dir='ltr'><strong>Irinitate</strong></span> <span class='ocrx_word' id='word_1_863' title='bbox 965 5086 1195 5143; x_wconf 86' lang='lat' dir='ltr'><strong>persona</strong></span> <span class='ocrx_word' id='word_1_864' title='bbox 1223 5086 1344 5142; x_wconf 66' lang='lat' dir='ltr'><strong>quae</strong></span> <span class='ocrx_word' id='word_1_865' title='bbox 1368 5070 1511 5127; x_wconf 82' lang='lat' dir='ltr'><strong>facta</strong></span> <span class='ocrx_word' id='word_1_866' title='bbox 1533 5080 1708 5126; x_wconf 83' lang='lat' dir='ltr'><strong>estex</strong></span> <span class='ocrx_word' id='word_1_867' title='bbox 1811 5113 1828 5130; x_wconf 88' lang='lat'><strong><em>.</em></strong></span> <span class='ocrx_word' id='word_1_868' title='bbox 1867 5111 1882 5128; x_wconf 92' lang='lat'><strong>.</strong></span> <span class='ocrx_word' id='word_1_869' title='bbox 1926 5111 1942 5126; x_wconf 87' lang='lat'><strong>.</strong></span> <span class='ocrx_word' id='word_1_870' title='bbox 1984 5111 1999 5126; x_wconf 90' lang='lat'><strong>.</strong></span> <span class='ocrx_word' id='word_1_871' title='bbox 2041 5111 2054 5125; x_wconf 91' lang='lat'><strong>.</strong></span> <span class='ocrx_word' id='word_1_872' title='bbox 2093 5083 2162 5127; x_wconf 80' lang='lat' dir='ltr'><strong>ne</strong></span> <span class='ocrx_word' id='word_1_873' title='bbox 2209 5068 2312 5125; x_wconf 78' lang='lat' dir='ltr'><strong>sibi</strong></span> <span class='ocrx_word' id='word_1_874' title='bbox 2359 5064 2721 5154; x_wconf 83' lang='lat' dir='ltr'><strong>immolarent.</strong></span> <span class='ocrx_word' id='word_1_875' title='bbox 2877 5057 2993 5130; x_wconf 85' lang='lat' dir='ltr'><strong>ipse</strong></span> <span class='ocrx_word' id='word_1_876' title='bbox 3034 5062 3120 5154; x_wconf 72' lang='lat' dir='ltr'><strong>est</strong></span> <span class='ocrx_word' id='word_1_877' title='bbox 3159 5051 3400 5154; x_wconf 70' lang='lat' dir='ltr'><strong>Spiritus</strong></span> 
     </span>
    </p>
   </div>
   <div class='ocr_carea' id='block_1_94' title="bbox 68 5153 1707 5245">
    <p class='ocr_par' dir='ltr' id='par_1_94' title="bbox 68 5153 1707 5245">
     <span class='ocr_line' id='line_1_94' title="bbox 68 5153 1707 5245; baseline -0.004 -21"><span class='ocrx_word' id='word_1_878' title='bbox 68 5167 321 5224; x_wconf 75' lang='lat' dir='ltr'><strong>semine</strong></span> <span class='ocrx_word' id='word_1_879' title='bbox 346 5163 516 5222; x_wconf 84' lang='lat' dir='ltr'><strong>David</strong></span> <span class='ocrx_word' id='word_1_880' title='bbox 553 5153 852 5245; x_wconf 82' lang='lat' dir='ltr'><strong>secundum</strong></span> <span class='ocrx_word' id='word_1_881' title='bbox 888 5179 1127 5230; x_wconf 86' lang='lat' dir='ltr'><strong>carnem,</strong></span> <span class='ocrx_word' id='word_1_882' title='bbox 1158 5171 1214 5220; x_wconf 87' lang='lat' dir='ltr'><strong>et</strong></span> <span class='ocrx_word' id='word_1_883' title='bbox 1239 5179 1346 5220; x_wconf 90' lang='lat' dir='ltr'><strong>non</strong></span> <span class='ocrx_word' id='word_1_884' title='bbox 1373 5178 1439 5218; x_wconf 87' lang='lat' dir='ltr'><strong>ea</strong></span> <span class='ocrx_word' id='word_1_885' title='bbox 1465 5177 1586 5232; x_wconf 71' lang='lat' dir='ltr'><strong>qua:</strong></span> <span class='ocrx_word' id='word_1_886' title='bbox 1614 5176 1707 5232; x_wconf 75' lang='lat' dir='ltr'><strong>ge-</strong></span> 
     </span>
    </p>
   </div>
   <div class='ocr_carea' id='block_1_95' title="bbox 63 5248 1708 5338">
    <p class='ocr_par' dir='ltr' id='par_1_95' title="bbox 63 5248 1708 5338">
     <span class='ocr_line' id='line_1_95' title="bbox 63 5248 1708 5338; baseline -0.004 -24"><span class='ocrx_word' id='word_1_887' title='bbox 63 5257 208 5314; x_wconf 74' lang='lat' dir='ltr'><strong>nita</strong></span> <span class='ocrx_word' id='word_1_888' title='bbox 238 5263 340 5312; x_wconf 87' lang='lat' dir='ltr'><strong>est</strong></span> <span class='ocrx_word' id='word_1_889' title='bbox 368 5269 398 5311; x_wconf 87' lang='lat' dir='ltr'><strong>a</strong></span> <span class='ocrx_word' id='word_1_890' title='bbox 419 5253 581 5312; x_wconf 84' lang='lat' dir='ltr'><strong>Patre</strong></span> <span class='ocrx_word' id='word_1_891' title='bbox 611 5272 625 5310; x_wconf 91' lang='lat'><strong>:</strong></span> <span class='ocrx_word' id='word_1_892' title='bbox 739 5257 816 5312; x_wconf 86' lang='lat' dir='ltr'><strong>ita</strong></span> <span class='ocrx_word' id='word_1_893' title='bbox 853 5263 912 5310; x_wconf 90' lang='lat' dir='ltr'><strong>ut</strong></span> <span class='ocrx_word' id='word_1_894' title='bbox 951 5264 1046 5314; x_wconf 84' lang='lat' dir='ltr'><strong>tua</strong></span> <span class='ocrx_word' id='word_1_895' title='bbox 1079 5255 1273 5312; x_wconf 86' lang='lat' dir='ltr'><strong>delirat</strong></span> <span class='ocrx_word' id='word_1_896' title='bbox 1317 5252 1549 5318; x_wconf 87' lang='lat' dir='ltr'><strong>insania,</strong></span> <span class='ocrx_word' id='word_1_897' title='bbox 1576 5266 1708 5323; x_wconf 78' lang='lat' dir='ltr'><strong>ergo</strong></span> 
     </span>
    </p>
   </div>
   <div class='ocr_carea' id='block_1_96' title="bbox 61 5343 1706 5417">
    <p class='ocr_par' dir='ltr' id='par_1_96' title="bbox 61 5343 1706 5417">
     <span class='ocr_line' id='line_1_96' title="bbox 61 5343 1706 5417; baseline -0.005 -9"><span class='ocrx_word' id='word_1_898' title='bbox 61 5348 283 5408; x_wconf 77' lang='lat' dir='ltr'><strong>Filius</strong></span> <span class='ocrx_word' id='word_1_899' title='bbox 329 5345 428 5404; x_wconf 85' lang='lat' dir='ltr'><strong>Dei</strong></span> <span class='ocrx_word' id='word_1_900' title='bbox 473 5347 542 5405; x_wconf 88' lang='lat' dir='ltr'><strong>de</strong></span> <span class='ocrx_word' id='word_1_901' title='bbox 579 5355 757 5404; x_wconf 87' lang='lat' dir='ltr'><strong>matre</strong></span> <span class='ocrx_word' id='word_1_902' title='bbox 807 5354 1016 5404; x_wconf 88' lang='lat' dir='ltr'><strong>tantum</strong></span> <span class='ocrx_word' id='word_1_903' title='bbox 1053 5345 1084 5390; x_wconf 70' lang='grc' dir='ltr'>δ</span> <span class='ocrx_word' id='word_1_904' title='bbox 1118 5354 1362 5415; x_wconf 84' lang='lat' dir='ltr'><strong>exortus,</strong></span> <span class='ocrx_word' id='word_1_905' title='bbox 1410 5345 1558 5417; x_wconf 88' lang='lat' dir='ltr'><strong>quod</strong></span> <span class='ocrx_word' id='word_1_906' title='bbox 1597 5343 1706 5402; x_wconf 89' lang='lat' dir='ltr'><strong>dici</strong></span> 
     </span>
    </p>
   </div>
   <div class='ocr_carea' id='block_1_97' title="bbox 1809 5145 3398 5232">
    <p class='ocr_par' dir='ltr' id='par_1_97' title="bbox 1809 5145 3398 5232">
     <span class='ocr_line' id='line_1_97' title="bbox 1809 5145 3398 5232; baseline -0.014 -10"><span class='ocrx_word' id='word_1_907' title='bbox 1809 5172 2049 5228; x_wconf 87' lang='lat' dir='ltr'><strong>sanctus,</strong></span> <span class='ocrx_word' id='word_1_908' title='bbox 2071 5175 2240 5232; x_wconf 88' lang='lat' dir='ltr'><strong>quare</strong></span> <span class='ocrx_word' id='word_1_909' title='bbox 2265 5166 2418 5215; x_wconf 88' lang='lat' dir='ltr'><strong>tanta</strong></span> <span class='ocrx_word' id='word_1_910' title='bbox 2457 5158 2514 5212; x_wconf 90' lang='lat' dir='ltr'><strong>in</strong></span> <span class='ocrx_word' id='word_1_911' title='bbox 2550 5151 2896 5226; x_wconf 85' lang='lat' dir='ltr'><strong>passionibus</strong></span> <span class='ocrx_word' id='word_1_912' title='bbox 2929 5145 3186 5206; x_wconf 75' lang='lat' dir='ltr'><strong>sustulit?</strong></span> <span class='ocrx_word' id='word_1_913' title='bbox 3225 5155 3398 5216; x_wconf 82' lang='lat' dir='ltr'><strong>quare</strong></span> 
     </span>
    </p>
   </div>
   <div class='ocr_carea' id='block_1_98' title="bbox 1809 5235 3398 5326">
    <p class='ocr_par' dir='ltr' id='par_1_98' title="bbox 1809 5235 3398 5326">
     <span class='ocr_line' id='line_1_98' title="bbox 1809 5235 3398 5326; baseline -0.014 -11"><span class='ocrx_word' id='word_1_914' title='bbox 1809 5259 1876 5315; x_wconf 90' lang='lat' dir='ltr'><strong>ad</strong></span> <span class='ocrx_word' id='word_1_915' title='bbox 1904 5257 2154 5312; x_wconf 87' lang='lat' dir='ltr'><strong>ultimum</strong></span> <span class='ocrx_word' id='word_1_916' title='bbox 2195 5251 2375 5326; x_wconf 75' lang='lat' dir='ltr'><strong>gladio</strong></span> <span class='ocrx_word' id='word_1_917' title='bbox 2399 5260 2690 5319; x_wconf 88' lang='lat' dir='ltr'><strong>percussus</strong></span> <span class='ocrx_word' id='word_1_918' title='bbox 2728 5240 3018 5300; x_wconf 76' lang='lat' dir='ltr'><strong>occubuit?</strong></span> <span class='ocrx_word' id='word_1_919' title='bbox 3057 5239 3200 5312; x_wconf 75' lang='lat' dir='ltr'><strong>Ergo</strong></span> <span class='ocrx_word' id='word_1_920' title='bbox 3227 5235 3398 5311; x_wconf 81' lang='lat' dir='ltr'><strong>(quod</strong></span> 
     </span>
    </p>
   </div>
   <div class='ocr_carea' id='block_1_99' title="bbox 1810 5337 3396 5421">
    <p class='ocr_par' dir='ltr' id='par_1_99' title="bbox 1810 5337 3396 5421">
     <span class='ocr_line' id='line_1_99' title="bbox 1810 5337 3396 5421; baseline -0.015 -11"><span class='ocrx_word' id='word_1_921' title='bbox 1810 5353 1990 5410; x_wconf 91' lang='lat' dir='ltr'><strong>dicere</strong></span> <span class='ocrx_word' id='word_1_922' title='bbox 2015 5361 2234 5421; x_wconf 88' lang='lat' dir='ltr'><strong>quoque</strong></span> <span class='ocrx_word' id='word_1_923' title='bbox 2267 5344 2444 5402; x_wconf 86' lang='lat' dir='ltr'><strong>scelus</strong></span> <span class='ocrx_word' id='word_1_924' title='bbox 2471 5339 2578 5414; x_wconf 91' lang='lat' dir='ltr'><strong>est)</strong></span> <span class='ocrx_word' id='word_1_925' title='bbox 2619 5337 2856 5410; x_wconf 83' lang='lat' dir='ltr'><strong>Spiritus</strong></span> <span class='ocrx_word' id='word_1_926' title='bbox 2903 5341 3126 5393; x_wconf 82' lang='lat' dir='ltr'><strong>sanctus</strong></span> <span class='ocrx_word' id='word_1_927' title='bbox 3162 5337 3396 5389; x_wconf 72' lang='lat' dir='ltr'><strong>mortem</strong></span> 
     </span>
    </p>
   </div>
   <div class='ocr_carea' id='block_1_100' title="bbox 143 5508 729 5576">
    <p class='ocr_par' dir='ltr' id='par_1_100' title="bbox 143 5508 729 5576">
     <span class='ocr_line' id='line_1_100' title="bbox 143 5508 729 5576; baseline 0 -9"><span class='ocrx_word' id='word_1_928' title='bbox 143 5524 184 5557; x_wconf 73' lang='grc' dir='ltr'>ι</span> <span class='ocrx_word' id='word_1_929' title='bbox 224 5508 373 5576; x_wconf 55' lang='lat' dir='ltr'><strong>Mm,</strong></span> <span class='ocrx_word' id='word_1_930' title='bbox 395 5509 566 5566; x_wconf 85' lang='lat' dir='ltr'><strong>socios</strong></span> <span class='ocrx_word' id='word_1_931' title='bbox 590 5515 729 5567; x_wconf 84' lang='lat' dir='ltr'><strong>tuos.</strong></span> 
     </span>
    </p>
   </div>
   <div class='ocr_carea' id='block_1_101' title="bbox 141 5582 706 5648">
    <p class='ocr_par' dir='ltr' id='par_1_101' title="bbox 141 5582 706 5648">
     <span class='ocr_line' id='line_1_101' title="bbox 141 5582 706 5648; baseline -0.004 -10"><span class='ocrx_word' id='word_1_932' title='bbox 141 5585 189 5628; x_wconf 69' lang='grc' dir='ltr'>δ</span> <span class='ocrx_word' id='word_1_933' title='bbox 240 5583 384 5648; x_wconf 65' lang='grc' dir='ltr'>ιιι,</span> <span class='ocrx_word' id='word_1_934' title='bbox 409 5582 706 5637; x_wconf 70' lang='lat' dir='ltr'><strong>exordium.</strong></span> 
     </span>
    </p>
   </div>
   <div class='ocr_carea' id='block_1_102' title="bbox 142 5653 1708 5732">
    <p class='ocr_par' dir='ltr' id='par_1_102' title="bbox 142 5653 1708 5732">
     <span class='ocr_line' id='line_1_102' title="bbox 142 5653 1708 5732; baseline 0.009 -32"><span class='ocrx_word' id='word_1_935' title='bbox 142 5669 180 5700; x_wconf 77' lang='grc' dir='ltr'><strong><em>ο</em></strong></span> <span class='ocrx_word' id='word_1_936' title='bbox 237 5654 359 5732; x_wconf 56' lang='lat' dir='ltr'><strong>[lic</strong></span> <span class='ocrx_word' id='word_1_937' title='bbox 384 5653 532 5732; x_wconf 78' lang='lat' dir='ltr'><strong>loqui</strong></span> <span class='ocrx_word' id='word_1_938' title='bbox 537 5663 633 5732; x_wconf 79' lang='lat' dir='ltr'><strong>t_u_r_</strong></span> <span class='ocrx_word' id='word_1_939' title='bbox 643 5655 944 5732; x_wconf 28' lang='lat' dir='ltr'><strong>AElipandus</strong></span> <span class='ocrx_word' id='word_1_940' title='bbox 965 5654 1262 5732; x_wconf 84' lang='lat' dir='ltr'><strong>secundum</strong></span> <span class='ocrx_word' id='word_1_941' title='bbox 1285 5664 1446 5713; x_wconf 87' lang='lat' dir='ltr'><strong>suum</strong></span> <span class='ocrx_word' id='word_1_942' title='bbox 1459 5664 1708 5732; x_wconf 75' lang='lat' dir='ltr'><strong>errorem</strong></span> 
     </span>
    </p>
   </div>
   <div class='ocr_carea' id='block_1_103' title="bbox 49 5725 1492 5800">
    <p class='ocr_par' dir='ltr' id='par_1_103' title="bbox 49 5725 1492 5800">
     <span class='ocr_line' id='line_1_103' title="bbox 49 5725 1492 5800; baseline -0.034 -3"><span class='ocrx_word' id='word_1_943' title='bbox 49 5727 142 5795; x_wconf 68' lang='grc' dir='ltr'><strong>δῦ</strong></span> <span class='ocrx_word' id='word_1_944' title='bbox 177 5727 508 5800; x_wconf 70' lang='lat' dir='ltr'><strong>adoptione</strong></span> <span class='ocrx_word' id='word_1_945' title='bbox 537 5725 678 5782; x_wconf 77' lang='lat' dir='ltr'><strong>Filii.</strong></span> <span class='ocrx_word' id='word_1_946' title='bbox 732 5725 752 5730; x_wconf 81' lang='grc'><strong><em>“</em></strong></span> <span class='ocrx_word' id='word_1_947' title='bbox 1081 5729 1092 5742; x_wconf 69' lang='grc' dir='ltr'><strong><em>ο</em></strong></span> <span class='ocrx_word' id='word_1_948' title='bbox 1483 5737 1492 5748; x_wconf 86' lang='grc'><strong>..</strong></span> 
     </span>
    </p>
   </div>
  </div>
