3952 6318
569 359 675 427 065

1382 350 1792 421 ELIPANDUS,
1830 347 2057 418 FELIX,
2092 346 2443 409 HETERIUS
2478 352 2570 410 ET
2608 354 2668 412 S.
2710 348 3009 416 BEATUS.
3045 349 3049 354 ’

3742 361 3840 426 864

567 473 789 551 pertulit
814 481 871 530 et
894 470 1221 544 sepulcrum.
1259 468 1525 542 Agnosce,
1557 467 1741 533 miser,
1769 474 1974 537 quanta
2012 463 2148 521 falsa
2178 465 2228 529 Δ
2256 464 2418 523 Pater
2461 487 2626 526 unum
2670 467 2882 530 sumus.
2925 473 2995 532 Et
3041 460 3238 532 itét'um
3270 494 3285 534 :
3317 476 3435 552 Ego
3486 481 3546 538 in
3571 480 3753 555 Patre,
3796 501 3838 546 et

568 569 632 625 de
659 574 850 622 ventre
893 572 986 618 tuo
1027 561 1292 632 loquaris;
1339 575 1594 632 agnosce,
1639 558 1914 623 haeretice,
1945 564 2149 627 quanta

567 659 711 716 mala
762 658 829 714 de
875 670 972 712 ore
1016 663 1110 710 tuo
1157 653 1449 724 protuleris
1502 666 1815 708 canceroso.
1879 651 2154 720 Agnoscat

565 753 717 822 plebs
768 749 859 805 illa
909 749 976 804 de
1020 763 1199 802 massa
1241 746 1560 818 perditionis
1598 743 1821 811 effecta,
1871 759 1992 814 quae
2043 743 2151 798 tuis

563 847 841 902 erroribus
878 843 1222 898 consentiens
1261 843 1504 896 noscitur
1530 855 1652 896 esse
1696 840 1950 909 decepta;
1985 840 2153 908 a'gno-

565 947 680 995 seat
707 937 858 1008 plebs
900 936 1010 1002 illa,
1039 951 1158 1006 qua:
1184 934 1280 989 Dei
1321 933 1692 989 misericordia
1735 941 2008 1004 praeventa
2041 930 2150 985 tuis

565 1030 840 1084 erroribus
889 1043 1230 1097 nequaquam
1275 1028 1640 1092 consentiens,
1683 1026 1903 1081 dextera
1933 1023 2147 1080 Domini

565 1124 632 1177 ab
673 1120 831 1190 hujus
869 1120 1139 1176 haeretica:
1179 1120 1462 1189 pravitatis
1490 1120 1746 1174 barathro
1769 1117 2010 1173 cemitur
2029 1131 2152 1173 esse

564 1221 769 1281 erepta.
807 1209 994 1266 Nullus
1030 1212 1083 1265 in
1125 1210 1395 1266 haereticis
1438 1210 1533 1265 tibi
1576 1209 1818 1281 requalis,
1848 1208 2027 1263 nullus
2051 1207 2152 1262 tibi

565 1302 765 1357 sodalis
793 1320 806 1355 :
836 1310 1039 1370 quanto
1080 1300 1290 1355 cunctis
1338 1299 1685 1362 novissimus,
1716 1307 1867 1353 tanto
1907 1299 2152 1353 onmium

564 1395 940 1450 luereticorum
968 1407 992 1433 τι
1022 1407 1228 1448 veneno
1271 1391 1502 1447 refertus
1528 1409 1542 1448 :
1571 1391 1812 1446 omnium
1870 1391 2155 1471 haeretico—

565 1501 686 1540 rum
729 1501 886 1541 emno
927 1483 1112 1540 letbali
1157 1483 1452 1538 inebriatus
1502 1500 1517 1540 :
1571 1482 2152 1553 aperte-Antichristus

564 1576 902 1647 dignosceris
931 1590 1053 1631 esse
1080 1575 1297 1629 missus.

637 1666 688 1720 6.
729 1666 824 1720 Dic
854 1665 1030 1730 nobis,
1067 1663 1309 1719 omnium
1347 1662 1725 1718 hzcreticorum
1769 1663 2028 1732 spurcitia
2067 1679 2155 1718 sa-

564 1759 766 1829 ginate,
795 1759 918 1828 quis
956 1757 1246 1828 aliquando
1280 1757 1345 1812 de
1378 1756 1583 1812 sanctis
1619 1755 1933 1812 doctoribus
1974 1757 2066 1823 ita,
2095 1767 2154 1813 ut

2255 557 2418 624 Pater
2445 560 2501 616 in
2529 579 2611 618 me
2638 574 2734 619 est.

2324 654 2378 709 8.
2430 654 2666 726 Spiritus
2714 658 2888 715 sancti
2933 675 3151 733 quoque
3202 679 3494 736 personam
3543 685 3657 726 non
3698 663 3836 729 Pauli

2253 746 2524 804 credimus
2549 764 2697 815 esse,
2741 752 2830 807 cui
2860 754 3046 810 datum
3078 763 3160 812 est
3197 765 3258 812 ut
3287 758 3584 830 aliquando
3617 763 3686 818 de
3711 763 3834 819 malo

2252 835 2554 896 ellieeretur
2604 841 2800 910 bonus,
2847 845 2942 902 sed
2994 862 3118 902 eum
3165 849 3256 918 qui
3308 851 3426 906 sine
3472 853 3835 912 immutatione

2253 929 2336 984 sui
2362 932 2680 988 naturaliter
2704 949 2918 1008 semper
2948 947 3031 994 est
3055 940 3262 1006 bonus;
3291 941 3358 996 de
3399 959 3510 1013 quo
3537 944 3676 1000 dicit
3710 944 3835 1004 Scri-

2251 1029 2409 1092 ptura
2433 1040 2447 1079 :
2475 1022 2734 1096 Spiritum
2763 1037 2911 1083 tuum
2939 1029 3130 1084 bonum
3157 1031 3349 1087 dedisti
3373 1034 3470 1099 eis,
3490 1033 3742 1102 Domine.
3762 1039 3835 1108 qui

2252 1111 2458 1167 doceret
2480 1130 2600 1182 eos;
2632 1124 2688 1172 et
2709 1118 2837 1174 alibi
2869 1137 2881 1172 :
2916 1119 3112 1175 Misisti
3138 1120 3396 1194 Spiritum
3425 1134 3603 1190 tuum,
3634 1137 3684 1180 et
3713 1144 3834 1182 crea-

2254 1201 2466 1272 buntur,
2507 1216 2553 1260 et
2581 1211 2851 1265 renovabis
2877 1212 3070 1282 faciem
3118 1224 3292 1269 terra.
3333 1215 3402 1272 Et
3429 1217 3636 1274 iterum
3678 1237 3693 1272 :
3737 1219 3832 1291 Spi-

2254 1296 2413 1350 ritum
2460 1308 2606 1354 tuum
2656 1319 2719 1356 ne
2767 1303 2981 1374 auferas
3029 1323 3063 1360 a
3104 1324 3207 1363 me.
3261 1309 3329 1364 Et
3356 1310 3493 1367 alius
3539 1313 3830 1383 propheta:

2255 1386 2486 1459 Spiritus
2525 1391 2738 1450 Domini
2768 1413 2924 1469 super
2949 1417 3066 1466 me;
3117 1414 3332 1474 prapter
3377 1406 3518 1475 quod
3565 1404 3733 1464 unxit
3769 1427 3832 1465 ste

2252 1481 2542 1550 prmdicare
2564 1503 2745 1555 pacem
2765 1490 2992 1561 populis.

2324 1573 2378 1628 9.
2416 1574 2557 1631 Ecce
2593 1585 2702 1634 tres
2734 1596 3019 1650 personas,
3046 1585 3256 1653 Patris,
3283 1597 3336 1643 et
3357 1589 3500 1657 Filii,
3530 1601 3588 1647 et
3615 1592 3834 1664 Spiritus

2254 1666 2448 1733 sancti,
2471 1667 2798 1738 spirituales,
2819 1672 3188 1745 incorporeas,
3213 1677 3492 1747 indivisas,
3508 1681 3831 1751 inconfusas,

2255 1761 2669 1830 cocsscntiales,
2724 1767 3239 1836 consubstantiales,
3288 1782 3588 1830 comternas
3647 1778 3707 1832 in
3749 1794 3833 1833 una

567 1858 622 1903 tu
649 1849 865 1914 asseris,
888 1847 1206 1902 Trinitatem
1235 1855 1480 1901 sanctam
1505 1847 1729 1902 credere
1750 1847 1968 1902 docuit?
1997 1848 2148 1916 Quod
2180 1848 2228 1909 Β
2259 1853 2557 1917 divinitate,
2602 1866 2656 1911 et
2695 1868 2983 1928 potestate,
3028 1872 3083 1918 et
3128 1863 3412 1934 majestate
3438 1885 3452 1922 :
3492 1869 3616 1924 sine
3667 1871 3831 1936 initio,

567 1944 854 1999 concilium
886 1943 986 1997 fuit
1013 1950 1072 1996 ut
1113 1943 1187 1997 ita
1217 1941 1570 1997 discretiones
1600 1956 1974 2010 personarum,
2007 1951 2065 1996 ut
2094 1953 2152 1999 tu

567 2027 873 2108 distinguis,
913 2044 1114 2092 sanctae
1139 2035 1396 2090 Ecclesia:
1434 2033 1712 2089 catholicae
1741 2035 2026 2090 tenendum
2072 2035 2154 2090 in-

565 2129 781 2184 stituit?
817 2128 929 2184 Nos
951 2144 1080 2184 vero
1111 2143 1142 2182 e
1170 2128 1464 2193 contrario,
1494 2127 1608 2183 sive
1641 2144 1850 2196 omnes,
1879 2129 1970 2200 qui
2004 2138 2151 2185 recta

565 2220 632 2276 de
662 2222 772 2276 Deo
799 2222 1056 2286 sentiunt,
1090 2221 1181 2290 qui
1212 2228 1358 2276 recta
1387 2221 1622 2290 sapiunt,
1656 2222 1952 2277 secundum
1985 2224 2154 2278 tradi-

564 2311 740 2367 tiones
778 2311 1020 2377 Patrum,
1043 2326 1275 2381 quorum
1306 2320 1390 2366 est
1423 2327 1530 2366 non
1560 2326 1812 2379 carneus,
1856 2313 1950 2368 sed
1991 2313 2154 2383 spiri-

565 2404 726 2460 tualis
768 2404 1094 2471 intellectus,
1127 2413 1184 2460 et
1224 2419 1403 2460 sermo
1429 2405 1707 2474 sapientiae
1739 2404 1851 2459 sale
1876 2396 2149 2472 conditus,

563 2497 636 2552 ita
667 2498 940 2553 credimus
975 2497 1119 2568 quod
1141 2511 1203 2550 ea
1236 2496 1308 2551 sit
1329 2511 1560 2566 persona
1603 2496 1702 2551 Dei
1743 2495 1927 2551 Patris
1970 2496 2149 2551 omni-

560 2592 826 2662 potentis,
880 2608 999 2662 qua:
1039 2592 1066 2632 ι)
1111 2591 1241 2646 nulli
1292 2591 1497 2646 homini
1539 2591 1836 2646 consimilis
1893 2598 2004 2657 est,
2067 2585 2153 2645 vel

562 2681 815 2752 tequalis;
854 2683 944 2752 qui
971 2697 1187 2738 omnem
1227 2689 1532 2736 creaturam
1571 2688 1861 2750 exsuperat
1904 2681 2154 2751 potentia

560 2791 672 2832 suae
720 2774 1048 2845 maiestatis;
1101 2791 1222 2846 qua:
1280 2775 1415 2830 dixit
1469 2776 1536 2829 ad
1582 2773 1815 2828 Filium:
1849 2773 1964 2845 Ego
1994 2775 2153 2830 hodie

561 2871 718 2941 genui
743 2879 812 2924 te.
857 2869 925 2923 Et
954 2869 1151 2924 iterum
1185 2883 1199 2922 :
1228 2867 1314 2922 Ea:
1351 2879 1496 2922 utero
1525 2877 1646 2922 ante
1688 2865 1967 2938 luciferum
1990 2868 2150 2939 genui

559 2971 628 3026 te,
673 2962 727 3016 id
756 2970 842 3017 est
878 2978 946 3017 ex
977 2961 1065 3016 illa
1093 2962 1280 3015 intima
1320 2970 1376 3016 et
1406 2959 1659 3016 inell‘abili
1689 2959 1997 3016 Divinitatis
2028 2961 2152 3016 sub-

559 3052 758 3108 stantia
798 3052 1026 3123 produxi
1065 3061 1136 3108 te.
1171 3053 1239 3106 Et
1271 3053 1464 3107 iterum
1493 3068 1508 3107 :
1546 3050 1818 3105 Eructavit
1855 3066 1946 3104 cor
1972 3065 2145 3103 meum

557 3143 768 3198 uerbum
815 3144 1040 3208 bonum;
1085 3145 1152 3199 de
1189 3160 1297 3214 quo
1339 3143 1465 3199 alibi
1493 3142 1804 3213 Propheta:
1851 3140 2014 3196 Verbo
2041 3141 2150 3195 Do-

2255 1947 2372 2002 sine
2402 1948 2526 2014 line,
2553 1964 2767 2019 semper
2797 1963 3108 2023 manentes;
3142 1957 3208 2011 de
3231 1959 3427 2028 quibus
3449 1962 3745 2030 propheta,
3770 1973 3836 2019 ter

2252 2040 2516 2094 vocabulo
2559 2043 2828 2110 repetito,
2890 2047 3190 2104 trinitatem
3243 2066 3592 2120 personarum
3644 2056 3702 2109 in
3748 2073 3833 2110 una

2254 2127 2452 2183 deitate
2477 2129 2502 2168 ά
2529 2132 2913 2189 consistentem
2941 2136 3223 2195 insinuans
3245 2140 3380 2196 dicit
3404 2160 3417 2194 :
3447 2141 3705 2208 Sanctus,
3735 2163 3834 2200 sas-

2254 2230 2388 2287 ctus,
2425 2233 2659 2290 sanctus,
2702 2224 2961 2282 Dominus
3001 2227 3253 2296 Sabaoth,
3287 2233 3431 2305 pleni
3474 2246 3598 2289 sunt
3648 2237 3762 2290 creti
3793 2247 3833 2291 et

2253 2319 2394 2365 terra
2437 2312 2606 2383 gloria
2632 2315 2768 2385 ejus.
2810 2317 2967 2385 Quod
3012 2335 3143 2377 vero
3168 2322 3367 2380 Paulus
3398 2325 3452 2379 in
3479 2327 3712 2381 exordio
3747 2328 3831 2394 sui,

2254 2398 2535 2472 Benjamin
2567 2404 2722 2476 lupus
2757 2425 2946 2480 rapax,
2993 2412 3048 2466 in
3075 2423 3321 2471 extremo
3364 2432 3454 2470 ras
3487 2416 3758 2472 eiet-tionis
3778 2419 3832 2472 sit

2255 2492 2498 2560 cll'ectus,
2543 2498 2647 2554 hoc
2674 2499 2808 2570 ipse,
2849 2511 2907 2557 ut
2936 2504 3102 2574 (quod
3141 2522 3301 2577 supra
3339 2507 3456 2579 jam
3504 2509 3602 2564 fati
3646 2511 3831 2582 sumus)

2255 2592 2486 2640 testatur
2509 2586 2730 2644 dicens:
2754 2591 3037 2664 Benjamin
3067 2596 3241 2668 lupus,
3272 2616 3429 2654 mane
3454 2602 3693 2656 comedet
3722 2620 3834 2672 pre-

2255 2672 2400 2740 dant,
2429 2687 2477 2730 et
2505 2677 2574 2731 ad
2610 2697 2874 2752 vesperam
2917 2685 3108 2741 dividet
3149 2688 3338 2760 spolia.
3369 2689 3589 2758 Quibus
3616 2693 3834 2762 profecto

2257 2766 2435 2836 dictis,
2465 2778 2525 2823 ut
2545 2772 2621 2826 ait
2645 2773 2836 2831 beatus
2857 2775 3170 2847 Gregorius,
3197 2780 3493 2851 Apostolus
3520 2784 3833 2856 designatur,

2255 2857 2323 2914 de
2345 2861 2622 2932 Benjamin
2671 2866 2841 2938 stirpe
2889 2871 3218 2941 progenitus,
3264 2876 3358 2943 qui
3413 2892 3579 2933 mane
3619 2879 3833 2948 ιιι-πίει

2256 2952 2510 3022 comedit,
2536 2957 2663 3026 quia
2686 2957 2741 3012 in
2764 2960 3077 3028 primordiis
3099 2965 3228 3031 suis,
3255 2957 3467 3035 ﬁdeles,
3491 2985 3634 3039 quos
3663 2973 3835 3041 potuit,

2256 3045 2492 3115 rapiens,
2518 3049 2822 3105 crudelitati
2845 3056 3079 3124 propriae
3103 3057 3398 3124 satisfecit;
3426 3075 3658 3132 veSpere
3684 3063 3837 3133 spolia

2255 3139 2462 3206 dividit,
2489 3143 2617 3211 quia
2645 3144 2816 3201 lidelis
2840 3149 3184 3216 postmodum
3213 3149 3391 3208 factus
3419 3152 3676 3211 ﬁdelibus
3701 3171 3838 3212 sacra

557 3235 689 3290 mini
719 3235 832 3290 coeli
861 3237 989 3307 facti
1009 3248 1150 3292 sunt.
1178 3237 1246 3292 Et
1277 3253 1370 3308 per
1400 3236 1564 3290 alium
1590 3236 1907 3306 prophetam
1938 3253 1950 3288 :
1977 3235 2145 3306 Egre-
2172 3217 2222 3281 (ἶ
2250 3231 2465 3301 eloquia
2499 3245 2522 3273 ε
2544 3239 2862 3306 exponenda
2887 3240 3091 3295 tribuit.

558 3327 733 3381 dietur
748 3327 812 3382 de
832 3344 920 3382 ore
941 3345 1054 3383 meo
1065 3329 1290 3399 justitite
1311 3324 1550 3391 verbum;
1573 3327 1640 3382 de
1660 3342 1767 3396 quo
1788 3325 2140 3396 evangelista:

556 3417 627 3476 In
650 3421 910 3492 principio
939 3431 1051 3476 erat
1079 3419 1376 3484 Verbttnt,et
1406 3417 1624 3473 Verbum
1649 3427 1760 3473 erat
1784 3417 1924 3489 apud
1941 3417 2147 3482 Deum;

557 3519 615 3569 et
651 3511 744 3582 qui
802 3511 1001 3567 iterum
1033 3513 1164 3568 dicit
1215 3509 1281 3565 ad
1312 3511 1507 3565 Filium
1534 3528 1548 3564 :
1575 3509 1688 3582 Ego
1725 3520 1845 3564 ante
1873 3520 1922 3564 te
1961 3509 2065 3574 ibo,
2093 3517 2147 3562 et

555 3600 811 3673 gloriosos
837 3611 991 3656 terra:
1005 3601 1311 3655 humiliabo.
1329 3601 1397 3656 Et
1413 3601 1480 3657 de
1495 3615 1602 3670 quo
1624 3601 1819 3657 iterum
1842 3600 2108 3672 pr0pheta
2129 3613 2144 3654 :

559 3691 688 3745 Htec
717 3692 841 3745 dicit
860 3691 1116 3746 Dominus
1142 3693 1348 3747 Christo
1373 3709 1487 3747 meo
1510 3693 1759 3758 Domino,
1782 3692 1936 3762 cujus
1963 3707 2148 3762 appre-

557 3786 712 3840 hendi
741 3786 1032 3854 dexteram,
1054 3799 1110 3842 ut
1136 3789 1413 3858 subjiciam
1439 3797 1559 3842 ante
1586 3789 1777 3858 facient
1802 3789 1917 3859 ejus
1947 3799 2143 3860 gentes,

557 3885 603 3930 et
633 3877 869 3947 aperiam
898 3896 1076 3933 coram
1103 3896 1162 3932 eo
1174 3878 1394 3948 januas,
1412 3889 1460 3933 et
1487 3888 1653 3950 portae
1679 3897 1781 3933 non
1809 3879 2144 3935 claudentur.

557 3967 625 4021 Et
647 3967 740 4036 qui
776 3966 972 4022 iterum
1001 3969 1068 4023 ad
1097 3968 1333 4038 Moysem
1371 3968 1609 4038 loquitur
1629 3967 1817 4024 dicens
1841 3987 1855 4022 :
1892 3969 2027 4024 Ecce
2052 3988 2146 4042 ego

557 4058 704 4112 mitto
735 4057 981 4129 angelum
1021 4075 1192 4112 meum
1229 4059 1319 4129 qui
1348 4058 1611 4130 pra'cedat
1647 4069 1692 4112 et
1726 4059 1985 4114 custodiat
2015 4069 2070 4135 te
2093 4062 2148 4117 in

559 4153 662 4217 ria,
689 4161 737 4206 et
767 4161 841 4205 est
870 4168 1055 4206 nomen
1084 4169 1255 4208 nteum
1288 4152 1341 4207 in
1366 4151 1479 4208 illo.

630 4247 682 4300 Ἰ.
725 4246 1019 4304 Personam
1067 4265 1198 4306 vero
1227 4251 1348 4306 Filii
1402 4267 1508 4306 non
1560 4269 1679 4307 eam
1715 4268 1835 4309 esse
1878 4269 2039 4324 quam
2091 4262 2147 4311 tu

558 4341 758 4396 asset-is
784 4340 932 4396 Patri
971 4351 1027 4398 et
1063 4343 1288 4414 Spiritui
1332 4339 1520 4401 sancto
1557 4347 1820 4418 aequalem
1859 4363 1996 4413 esse,
2027 4364 2147 4419 quae

562 4434 704 4488 facta
735 4443 821 4489 est
852 4448 918 4489 ex
949 4435 1156 4490 semine
1182 4436 1351 4492 David
1389 4439 1685 4493 secundum
1714 4455 1935 4494 carnem
1962 4441 2015 4495 in
2045 4456 2133 4496 no-

558 4525 782 4581 vissimo
812 4535 1081 4596 tempore;
1113 4539 1133 4567 ε
1155 4529 1249 4584 sed
1273 4544 1392 4583 eam
1417 4545 1538 4600 qua:
1559 4522 1738 4602 genita
1760 4539 1845 4587 est
1868 4546 1898 4584 a
1913 4531 2022 4586 Deo
2044 4531 2146 4586 Pa-

559 4626 659 4683 tre,
703 4619 821 4674 sine
863 4618 1018 4674 initio
1066 4620 1341 4689 temporis,
1384 4613 1505 4690 qua:
1548 4629 1674 4676 ante
1719 4623 2144 4692 assumptionem

554 4711 735 4767 carnis
777 4711 914 4768 dixit
955 4726 1053 4783 per
1081 4711 1405 4783 Prophetam
1437 4713 1612 4769 :Ante
1632 4713 1798 4770 colles
1831 4730 1932 4786 ego
1962 4724 2147 4786 partu-

555 4807 754 4872 riebar,
784 4807 962 4864 adhuc
1005 4815 1208 4864 terram
1244 4825 1352 4865 non
1387 4809 1618 4876 fecerat,
1661 4813 1876 4882 quando
1918 4813 2144 4882 parabat

553 4898 720 4954 caelos
747 4900 984 4966 aderam,
1011 4901 1138 4956 dum
1161 4901 1387 4956 vallaret
1413 4903 1547 4956 mari
1565 4904 1871 4969 terminum,
1897 4913 1951 4960 et
1973 4904 2144 4975 legem

554 5000 781 5060 poneret
818 4993 994 5062 aquis,
1020 5008 1121 5063 ego
1156 5008 1328 5048 eram.
1377 4994 1446 5048 Et
1489 4995 1684 5050 iterum
1715 5012 1730 5051 :
1758 4995 1898 5051 Ante
1928 5012 2143 5052 onmem

556 5089 862 5137 creaturam
886 5101 989 5155 ego
1019 5101 1084 5140 ex
1109 5099 1204 5140 ore
1228 5085 1491 5142 Altissimi
1521 5088 1790 5157 processi;
1826 5089 2145 5159 priusquam

557 5174 610 5230 in
633 5175 856 5244 planitie
876 5188 1244 5247 prosterneret
1266 5189 1494 5246 montes,
1519 5195 1619 5251 ego
1641 5196 1790 5236 eram
1808 5184 1950 5252 apud
1967 5183 2144 5253 ipsum

557 5282 890 5338 componens
913 5271 1126 5337 omnia;
1151 5287 1250 5350 ego
1276 5288 1444 5337 eram,
1461 5273 1548 5328 cui
1563 5273 1726 5330 Pater
1745 5277 2141 5347 congaudebat.

555 5356 685 5415 Post
718 5361 1139 5429 assumptionem
1165 5379 1293 5419 vero
1333 5365 1534 5430 carnis,
1581 5381 1689 5422 non
1731 5382 1851 5422 eam
1877 5385 2041 5440 quam
2085 5379 2144 5427 tu

555 5451 774 5520 asset-is,
805 5453 1100 5508 secundum
1132 5471 1372 5522 carnem,
1404 5457 1469 5511 de
1496 5473 1603 5526 qua
1639 5458 1755 5528 ipse
1788 5459 1952 5516 dicit:
1980 5459 2145 5516 Pater

554 5543 729 5615 major
757 5559 836 5598 me
879 5552 987 5609 est;
1040 5547 1134 5600 sed
1179 5561 1300 5601 eam
1343 5547 1408 5602 de
1448 5563 1555 5618 qua
1607 5549 1723 5620 ipse
1750 5549 1920 5605 dicit:
1950 5550 2062 5623 Ego
2093 5561 2142 5606 et

625 5691 651 5722 ι
693 5677 814 5744 Ms.,
847 5694 1060 5733 venena.

625 5751 653 5791 ι’
698 5750 818 5816 Ms.,
851 5748 997 5804 nullo
1017 5749 1266 5804 hominis.

628 5834 650 5864 ε
693 5821 794 5880 llic
819 5821 961 5880 male
985 5821 1265 5896 distinguit
1291 5819 1587 5894 Elipandus
1612 5839 1902 5896 personam
1923 5827 2070 5890 Filii.

2325 3345 2412 3400 l0.
2450 3345 2527 3402 De
2572 3350 2946 3408 sacerdotibus
2987 3368 3117 3410 vero
3166 3357 3313 3426 quod
3362 3358 3606 3424 asseris,
3654 3375 3753 3416 cur
3789 3375 3839 3415 se

2250 3441 2599 3509 pronuntient
2636 3453 2984 3514 peccatores,
3019 3447 3064 3502 si
3094 3461 3223 3503 vere
3252 3450 3431 3505 sancti
3478 3452 3650 3507 sunt?
3688 3463 3772 3507 aut
3798 3451 3836 3506 si

2250 3540 2398 3588 certe
2422 3547 2482 3588 se
2506 3543 2820 3603 peccatores
2850 3551 2972 3592 esse
3000 3536 3257 3605 fatentur,
3289 3555 3464 3610 quare
3502 3542 3576 3597 ad
3609 3544 3834 3598 ministeo

2251 3623 2394 3676 rium
2443 3624 2704 3680 accedere
2746 3637 3115 3697 przesumunt;
3155 3646 3221 3686 eo
3249 3632 3395 3702 quod
3440 3633 3562 3704 ipse
3592 3635 3835 3691 Dominus

2250 3713 2397 3769 dicat
2423 3732 2435 3769 :
2461 3713 2643 3772 Estote
2667 3720 2856 3784 sancti,
2880 3722 3006 3791 quia
3032 3732 3182 3793 etego
3205 3734 3423 3779 sanctus
3445 3742 3571 3778 sum
3598 3725 3835 3780 Damius

2249 3801 2392 3860 Deus
2449 3816 2632 3862 uester.
2715 3808 2774 3864 Si
2821 3811 2948 3866 talia
2987 3813 3285 3870 dixerimus
3321 3817 3432 3871 erit
3472 3820 3837 3889 unusquisqu

2250 3907 2492 3954 nostrum
2521 3901 2716 3958 similis
2745 3903 2822 3959 tui
2874 3906 3127 3961 mendax.
3175 3905 3507 3964 Poteramus
3559 3911 3834 3981 siquidem,

2249 3999 2304 4045 et
2328 4006 2426 4047 nos
2462 3992 2535 4046 ita
2569 3995 2829 4063 proferre,
2864 3997 3007 4066 quod
3038 3999 3198 4063 absit,
3242 3999 3287 4054 si
3317 3999 3552 4071 spiritus
3585 4002 3677 4058 ille
3701 4018 3838 4058 erro-

2249 4081 2346 4147 ris,
2381 4083 2472 4151 qui
2522 4083 2658 4139 inte
2686 4095 2791 4152 est,
2841 4087 3100 4143 interiora
3151 4098 3340 4144 nostra
3390 4090 3726 4161 docuisset;
3757 4091 3840 4150 sed

2249 4177 2373 4246 quia
2421 4177 2510 4234 ille
2546 4181 2828 4236 nobiscum
2871 4183 3044 4249 adest,
3086 4186 3177 4254 qui
3223 4186 3407 4242 dixit:
3439 4187 3582 4243 Cum
3631 4192 3840 4261 feceritis

2249 4268 2422 4322 omnia
2451 4286 2569 4340 qua:
2594 4283 2854 4344 prtecepta
2883 4285 3006 4328 sunt
3038 4276 3200 4343 vobis,
3230 4278 3388 4332 dicite
3413 4281 3550 4350 quia
3602 4286 3736 4338 servi
3771 4285 3840 4337 ia-

2247 4358 2399 4414 utiles
2435 4377 2648 4426 sumus;
2698 4363 2820 4419 ideo
2855 4368 3126 4422 veraciter
3175 4384 3298 4424 cum
3325 4373 3606 4442 propheta
3659 4376 3840 4431 clama-

2247 4469 2368 4508 mus
2395 4472 2407 4507 :
2437 4454 2590 4510 Facti
2615 4474 2796 4512 sumus
2821 4459 3082 4516 immundi
3112 4478 3290 4517 omnes
3317 4480 3433 4530 nos,
3466 4470 3634 4538 quasi
3653 4485 3840 4538 pennas

2173 4582 2224 4644 D
2248 4553 2582 4601 menstruam:
2637 4549 2894 4604 universa:
2938 4550 3168 4621 justitite
3215 4563 3436 4609 nostrtc.
3510 4557 3586 4612 Et
3630 4560 3840 4614 iterum:

2249 4635 2610 4705 Peccavimus,
2640 4641 2816 4712 inique
2843 4643 3043 4712 egimus
3070 4659 3089 4698 :
3121 4644 3420 4700 recedentes
3460 4664 3496 4701 a
3526 4658 3604 4714 te,
3628 4668 3693 4704 en
3723 4651 3840 4704 deli-

2245 4728 2452 4798 quimus
2481 4730 2536 4783 in
2563 4732 2824 4787 omnibus.
2858 4733 2924 4788 Et
2954 4751 3076 4790 cum
3093 4736 3354 4806 Apostolo
3393 4737 3608 4796 iterum
3642 4760 3654 4794 :
3688 4741 3747 4797 Si
3772 4742 3842 4795 di-

2244 4820 2478 4874 xerimus
2503 4823 2626 4892 quia
2649 4835 2918 4894 peccatum
2948 4845 3050 4882 non
3091 4828 3364 4895 habemus,
3398 4847 3501 4886 nos
3529 4833 3681 4904 ipsos
3703 4836 3844 4889 seds-

2245 4911 2431 4978 cintus,
2457 4925 2505 4969 et
2537 4917 2725 4972 veritas
2754 4919 2808 4972 in
2829 4919 2977 4974 nobis
3007 4938 3110 4976 non
3131 4932 3226 4977 est.
3255 4922 3318 4979 Si
3341 4938 3477 4980 vero
3501 4928 3846 4995 conﬁteantur

2243 5015 2455 5075 peccata
2493 5018 2691 5074 nostra,
2723 5009 2896 5079 ﬁdelis
2918 5020 3013 5078 est,
3037 5022 3084 5067 et
3105 5013 3307 5085 justus,
3349 5025 3405 5070 ut
3438 5020 3678 5072 remittat
3709 5019 3846 5072 nobis

2243 5108 2474 5168 peccata,
2499 5110 2545 5155 et
2573 5101 2784 5155 mundet
2806 5119 2900 5157 nos
2930 5104 2995 5158 ab
3018 5106 3159 5159 omni
3183 5107 3487 5178 iniquitate.
3521 5108 3609 5164 Tu
3639 5126 3849 5181 quoque

2245 5204 2351 5258 qua
2398 5192 2704 5248 temeritate
2755 5201 2808 5248 te
2852 5203 3099 5252 sanctum
3146 5212 3270 5253 esse
3309 5201 3682 5268 pronuntias,
3729 5217 3848 5256 cum

2247 5281 2523 5352 Scriptura
2555 5284 2699 5339 dicat
2729 5303 2742 5339 :
2771 5284 2902 5353 Quis
2929 5287 3248 5358 gloriabitur
3298 5303 3499 5360 purum
3536 5306 3603 5346 se
3649 5293 3852 5348 habere

2244 5375 2370 5430 cor?
2413 5385 2506 5431 aut
2540 5378 2662 5448 quis
2706 5379 2928 5436 audebit
2968 5381 3150 5436 dicere
3179 5384 3442 5439 mundum
3473 5400 3532 5440 sc
3561 5401 3692 5442 esse
3729 5402 3844 5459 pec

2245 5469 2408 5523 cato?
2458 5468 2527 5522 Et
2571 5471 2767 5527 iterum
2793 5490 2806 5526 :
2835 5471 3007 5528 Nemo
3041 5470 3268 5530 mundus
3299 5494 3332 5529 a
3358 5478 3537 5545 sorde,
3585 5497 3686 5534 nec
3716 5496 3854 5535 um

2242 5565 2472 5637 quidem,
2498 5569 2657 5622 etiam
2676 5568 2721 5623 si
2747 5569 2903 5625 unius
2925 5569 3085 5644 fuerit
3106 5571 3212 5627 diei
3240 5572 3348 5628 vita
3377 5574 3498 5644 ejus
3535 5591 3704 5646 super
3743 5585 3848 5630 te!b

2313 5700 2341 5744 ά
2383 5701 2504 5768 Ms.,
2547 5705 2903 5760 consistentes.

2321 5785 2345 5815 °
2385 5773 2510 5845 Ms,
2547 5774 2885 5848 exponendis.
