3952 6318
1386 323 1707 385 ΕιῙΡΛΝΒί
1741 323 2118 389 EPISTOLIE.
2149 343 2154 350 ‘

3287 345 3393 406 866

105 467 252 508 ram.
285 430 422 518 Quis
446 452 532 503 est
555 443 701 503 enim
721 443 1004 502 hominum
1031 444 1152 504 sine
1183 444 1422 518 querela,
1455 451 1550 500 aut
1577 442 1700 515 quis
1730 447 1781 510 Α
1803 444 2098 503 inﬁdelium
2145 447 2374 520 :polluat
2421 458 2631 509 mentes
2689 453 2966 524 ﬁdelium;
3042 473 3168 517 cum
3224 463 3393 522 etiam

102 547 320 621 poterit
357 544 543 615 justus
583 556 706 598 esse
738 541 831 611 qui
864 551 1026 598 natus
1054 550 1140 598 est
1170 557 1238 597 ex
1272 539 1530 595 muliere?
1566 537 1705 593 Nam

106 641 155 696 si
189 653 297 695 nec
329 636 452 694 cali
482 650 590 690 non
633 641 762 689 sunt
804 634 988 688 mundi
1042 633 1097 688 in
1142 639 1436 704 conspectu
1464 629 1700 696 Domini,

105 740 320 804 quanto
352 727 524 799 magis
554 725 904 782 exsecrabilis
930 733 985 780 et
1010 725 1318 780 immundus
1345 722 1469 778 vir?
1515 722 1584 778 Et
1605 721 1704 777 ite-

107 839 236 881 rum
285 823 460 878 sancti
481 820 674 876 Patres
710 819 766 874 in
805 819 922 875 suis
955 819 1330 891 dogmatibus:
1356 817 1545 874 Nullus
1579 833 1705 874 san-

109 926 235 974 ctus
261 915 511 986 etjustus
543 922 696 970 caret
717 922 956 986 peccato,
985 927 1086 969 nec
1113 921 1294 968 tamen
1323 928 1390 969 ex
1419 912 1523 968 ho’c
1550 909 1700 967 desi-

107 1013 190 1066 nit
215 1025 343 1066 esse
363 1007 562 1077 justus,
591 1007 677 1063 vel
713 1013 951 1072 sanctus,
976 1021 1100 1062 cum
1134 1003 1330 1062 aﬁ'ectu
1357 1012 1538 1061 teneat
1566 1020 1698 1061 san-

109 1105 379 1160 ctitatem.
424 1101 542 1156 Non
585 1101 728 1156 enim
764 1107 970 1155 natura
1015 1099 1245 1165 viribus,
1293 1099 1389 1156 sed
1435 1099 1702 1172 propositi

110 1195 428 1266 adiumento
466 1210 566 1266 per
603 1195 837 1266 gratiam
861 1193 1194 1264 acquirimus
1235 1193 1618 1250 sanctitatem:
1647 1202 1704 1250 et

111 1288 236 1344 ideo
260 1288 532 1344 veraciter
555 1300 614 1343 se
638 1301 828 1342 omnes
854 1285 1026 1342 sancti
1069 1285 1422 1357 pronuntiant
1448 1294 1703 1358 peccato-

112 1394 222 1444 res,
247 1379 376 1448 quia
402 1378 456 1433 in
477 1377 706 1434 veritate
726 1378 930 1434 habent
951 1378 1094 1449 quod
1124 1377 1399 1449 plangant,
1426 1387 1482 1434 et
1507 1378 1554 1434 si
1591 1369 1720 1434 non

113 1470 538 1541 reprehensione
570 1470 934 1535 conscientia,
963 1477 1110 1525 certe
1149 1469 1451 1526 mobilitate
1488 1478 1546 1525 et
1584 1486 1703 1526 mu-

112 1561 382 1618 tabilitate
429 1560 754 1617 conditionis
805 1559 1075 1616 humana.
1124 1560 1326 1617 lterum
1356 1562 1549 1618 beatus
1571 1561 1701 1616 Ful-

108 1653 328 1724 gentius
354 1652 518 1708 Petro
543 1664 567 1693 ι
597 1646 1027 1724 Hierosolymam
1056 1653 1324 1724 pergenti,
1359 1652 1433 1708 ita
1459 1652 1703 1724 pracipit

109 1748 299 1804 dicens
324 1765 338 1802 :
365 1747 704 1804 Firmissime
726 1756 867 1812 tene,
893 1755 949 1802 et
972 1746 1277 1804 nullatenus
1297 1747 1511 1803 dubites
1533 1747 1698 1804 etiam

1805 535 2095 610 Apostolus
2130 540 2312 597 dicat:
2370 541 2563 599 Omnia
2596 545 2796 602 munda
2836 549 3046 606 mundis
3074 567 3096 618 ;
3148 554 3391 627 coinqui-

1807 631 1944 685 natis
2005 640 2179 686 autem
2236 643 2284 688 et
2343 634 2644 706 inﬁdelibus
2699 637 2832 694 nihil
2871 650 2946 696 est
3005 645 3280 700 mundum.
3326 647 3397 706 Et

1805 723 1950 793 quod
1997 740 2120 780 cum
2164 731 2539 798 peccatoribus
2581 735 2763 791 cibum
2806 749 3023 790 sumere
3065 752 3282 806 renuas,
3342 747 3398 797 te

1805 815 1923 888 ipso
1987 819 2315 876 sanctiorem
2363 823 2598 882 Domino
2657 835 2712 884 et
2775 827 3139 898 Redemptore
3204 839 3392 890 nostro

1804 907 2143 976 existimans,
2171 919 2225 966 et
2259 911 2372 982 jam
2401 916 2519 972 sine
2555 918 2764 988 peccati
2795 933 3024 985 macula,
3067 925 3395 995 arrogantia

1804 1003 1998 1074 spiritu
2031 1003 2267 1076 elevans,
2293 1024 2418 1066 cum
2466 1011 2584 1084 ipse
2623 1013 2716 1068 Dei
2744 1010 2948 1091 Filius,
2975 1015 3242 1071 medicina
3280 1032 3393 1073 ca-

1804 1094 1957 1152 lestis
1981 1104 2036 1152 et
2089 1100 2200 1155 vita
2246 1111 2607 1172 mortuorum,
2673 1122 2798 1162 cum
2846 1107 3166 1178 publicanis,
3193 1117 3248 1164 et
3272 1125 3398 1182 pec-_

1804 1189 2080 1246 catoribus
2147 1207 2289 1264 sape
2370 1194 2570 1268 legitur
2631 1198 3000 1254 combibisse:
3055 1214 3154 1255 nec
3213 1207 3395 1258 tamen

1804 1295 1993 1338 omnes
2043 1284 2110 1340 ab
2137 1298 2326 1343 errore
2378 1287 2481 1343 via
2534 1305 2646 1346 sua
2688 1305 2983 1346 conversos
3020 1289 3188 1346 fuisse
3230 1291 3394 1348 beato

1802 1375 2105 1448 Augustino
2167 1387 2480 1448 attestante,
2533 1383 2626 1453 qui
2671 1383 2846 1438 dicit:
2877 1383 3017 1439 Ecce
3066 1398 3255 1440 omnes
3301 1385 3390 1440 ad-

1803 1468 2161 1538 mirabantur,
2230 1488 2332 1529 nec
2399 1481 2579 1530 tamen
2634 1491 2825 1532 omnes
2888 1479 3390 1534 convertebantur:

1804 1562 2058 1620 omnibus
2085 1564 2302 1635 quidem
2323 1575 2442 1624 erat
2481 1568 2538 1624 in
2592 1571 2773 1626 verbis
2807 1571 3018 1626 Domini
3076 1572 3388 1638 admiratio,

1803 1670 1905 1712 nec
1953 1665 2134 1714 tamen
2177 1661 2510 1717 omnibusin
2559 1662 2716 1719 factis
2744 1663 2862 1734 ejus
2920 1663 3254 1720 credulitatis
3313 1666 3395 1721 in-

1803 1759 1918 1806 erat
1945 1751 2260 1823 plenitudo;
2314 1771 2440 1810 nam
2481 1763 2536 1812 et
2573 1757 2689 1828 ipse
2719 1757 2980 1813 Dominus
3009 1757 3066 1812 in
3095 1756 3395 1830 Evangelio

102 1837 284 1908 iustos
308 1848 471 1910 atque
501 1847 718 1896 sanctos
738 1838 1005 1905 homines,
1037 1839 1278 1910 exceptis
1300 1839 1385 1895 his
1409 1839 1501 1909 qui
1523 1839 1697 1910 bapti-
1726 1813 1774 1875 Β
1803 1841 1870 1897 de
1912 1813 2204 1914 semetipso
2245 1813 2377 1902 dicit
2410 1860 2425 1902 :
2463 1813 2625 1904 Venit
2663 1847 2901 1905 Joannes
2942 1821 3181 1920 Baptista
3220 1813 3395 1920 neque

110 1931 218 1986 zati
257 1931 468 2002 parvuli
519 1938 664 1998 sunt,
693 1931 810 1986 sine
852 1939 1076 2002 peccato
1100 1930 1189 1986 hic
1214 1931 1486 1986 neminem
1515 1931 1698 1986 vivere

108 2033 288 2092 posse,
332 2035 653 2093 semperque
691 2021 839 2077 omni
891 2021 1118 2087 homini,
1157 2021 1185 2062 ιι
1225 2029 1281 2076 et
1323 2032 1548 2093 peccata
1599 2038 1698 2080 sua

107 2129 283 2184 usque
324 2115 380 2170 in
405 2115 568 2170 ﬁnem
600 2113 725 2171 vita
754 2112 1037 2184 prasentis
1080 2111 1442 2184 eleemosynis
1469 2112 1694 2180 diluere,

103 2214 162 2261 et
191 2206 572 2277 remissionem
593 2204 870 2261 humiliter
909 2220 940 2260 a
965 2205 1077 2260 Deo
1097 2204 1364 2261 veraciter
1397 2205 1692 2275 postulare.

103 2299 319 2354 Beatus
362 2299 526 2363 igitur
565 2295 798 2354 Joannes
826 2297 1246 2370 Chrysostomus
1291 2297 1365 2352 ita
1407 2296 1697 2352 conﬁtetur

100 2391 341 2449 dicens:
371 2391 556 2449 Nullus
577 2401 661 2449 est
699 2399 946 2450 nostrum
991 2407 1023 2447 a
1048 2399 1272 2464 peccato
1297 2391 1525 2457 alienus,
1556 2390 1698 2446 sicut

102 2484 292 2540 nullus
332 2492 513 2556 potest
551 2499 670 2542 esse
715 2485 860 2540 inter
902 2492 1149 2540 mortuos
1195 2483 1350 2539 liber.
1409 2482 1480 2539 Ut
1514 2491 1695 2538 autem

104 2584 287 2639 adhuc
333 2583 566 2655 amplius
617 2584 822 2656 aliquid
868 2584 1046 2640 dicam
1093 2601 1106 2638 :
1161 2599 1262 2640 nos
1304 2598 1519 2654 quoque
1567 2581 1692 2654 ipsi,

102 2676 197 2746 qui
232 2676 288 2730 in
315 2676 676 2732 Ecclesiarum
717 2691 943 2731 munere
989 2685 1176 2732 tenere
1203 2675 1452 2731 videmur
1487 2677 1695 2747 apicem

102 2768 407 2839 dignitatis,
453 2778 510 2825 et
555 2769 727 2825 sacris
768 2769 986 2824 sedibus
1029 2768 1361 2824 illustramur
1391 2785 1404 2821 :
1438 2784 1558 2834 nos,
1611 2768 1696 2822 in-

101 2875 297 2930 quam,
341 2861 441 2932 ipsi
485 2862 759 2933 principes
809 2860 1172 2928 sacerdotum,
1214 2869 1271 2916 et
1311 2861 1554 2933 magistri
1598 2876 1695 2930 po-

99 2955 378 3026 pulorum,
427 2965 592 3028 atque
629 2957 902 3024 doctores,
940 2958 1109 3012 variis
1153 2972 1404 3014 errorum
1461 2957 1695 3013 circum-

101 3047 302 3101 damur
325 3048 650 3119 agminibus,
680 3048 828 3104 vitiis
853 3047 1166 3118 frequenter
1194 3047 1496 3104 subdimur.
1552 3047 1694 3103 Non-

1798 1934 2134 1992 manducans
2164 1952 2357 2006 panem
2405 1954 2580 2010 neque
2625 1940 2818 1997 bibens
2853 1941 3061 2007 vinum,
3103 1949 3156 1996 et
3181 1941 3383 2008 dicitis,

1797 2028 2130 2085 Damonium
2153 2031 2316 2087 habet
2342 2049 2356 2099 ;
2399 2035 2546 2090 venit
2575 2033 2744 2090 Filius
2770 2035 3006 2090 hominis
3035 2034 3391 2104 manducans,

1796 2128 1852 2177 et
1902 2122 2094 2178 bibens
2132 2131 2189 2179 et
2229 2123 2410 2180 dicitis
2449 2139 2465 2180 :
2515 2125 2654 2182 Ecce
2680 2126 2843 2184 homo
2881 2131 3191 2191 devorator,
3232 2139 3288 2187 et
3309 2129 3391 2186 bi~

1796 2216 1933 2295 licus
1976 2214 2182 2280 vinum,
2215 2215 2423 2273 amicus
2464 2217 2877 2290 publicanorum
2931 2231 2987 2278 et
3021 2233 3389 2294 peccatorum.

1800 2303 1911 2360 Sed
1937 2313 1999 2360 ut
2051 2305 2229 2362 adhuc
2255 2321 2473 2363 omnem
2513 2308 2905 2368 dubitationem
2933 2327 2966 2367 a
3016 2313 3267 2370 ﬁdelibus
3295 2329 3391 2370 au-

1803 2395 1972 2451 ferret
2028 2395 2340 2468 Apostolus,
2396 2399 2478 2454 sic
2525 2399 2654 2456 alibi
2709 2399 2885 2457 dicit:
2941 2401 3001 2459 Si
3039 2404 3161 2474 quis
3231 2413 3393 2463 vocat

1794 2501 1892 2542 vos
1937 2486 2254 2556 intldelium,
2311 2497 2368 2546 et
2431 2489 2594 2547 vultis
2639 2491 2737 2558 ire,
2831 2507 2992 2549 omne
3035 2495 3182 2566 quod
3238 2497 3392 2554 vobis

1795 2579 2084 2650 apponitur
2127 2582 2470 2650 manducata,
2540 2583 2676 2638 nihil
2727 2582 3129 2657 interrogantes
3167 2595 3391 2659 propter

1793 2678 2201 2734 conscientiam.
2253 2675 2371 2732 Non
2437 2675 2584 2732 enim
2637 2675 2695 2731 in
2752 2675 3083 2734 Christianis
3149 2679 3388 2750 qualitas

1794 2771 1920 2837 cibi,
1952 2771 2046 2826 sed
2089 2769 2433 2842 superﬂuitas
2475 2768 2788 2836 damnatur,
2843 2786 3018 2842 neque
3064 2772 3134 2828 ab
3180 2773 3386 2841 omnia,

1793 2859 1932 2916 dsed
1962 2861 2142 2915 anima
2179 2868 2394 2932 Oportet
2443 2860 2749 2928 abstinere;
2796 2861 2923 2932 quia
2948 2860 3104 2931 juxta
3148 2862 3392 2936 Apostoli

1793 2968 2002 3018 vocem,
2056 2968 2166 3007 non
2214 2959 2300 3007 est
2336 2967 2566 3023 regnum
2612 2953 2709 3008 Dei
2756 2968 2881 3008 esca
2938 2961 2994 3009 et
3039 2964 3242 3025 potus;
3291 2956 3388 3014 sed

1784 3042 2015 3113 justitia,
2071 3053 2127 3098 et
2183 3059 2312 3116 pax,
2365 3050 2420 3098 et
2477 3044 2734 3115 gaudium
2786 3045 2844 3100 in
2893 3044 3101 3116 Spiritu
3151 3054 3384 3102 sancto:

99 3150 381 3206 nunquam
409 3136 573 3191 etiam
598 3135 958 3192 delicatorum
1007 3137 1129 3192 labe
1173 3135 1540 3203 maculamur;
1595 3136 1690 3191 sed
1719 3173 1768 3237 ο
1794 3135 1932 3192 Esca
1976 3135 2124 3190 enim
2179 3134 2374 3201 ventri,
2431 3144 2487 3191 et
2533 3144 2726 3192 venter
2783 3137 2962 3204 escis,
3022 3137 3166 3194 Deus
3201 3146 3385 3194 autem

99 3237 286 3284 tamen
333 3229 705 3286 misericordis
748 3229 964 3286 Domini
1002 3229 1345 3288 clementiam
1396 3229 1690 3294 intuemur,

100 3321 173 3377 de
210 3321 367 3391 cujus
393 3323 638 3380 bonitate
684 3323 909 3380 minime
957 3323 1289 3380 dubitamus.
1339 3323 1512 3378 Tanta
1549 3323 1695 3378 enim

97 3410 226 3481 eius
248 3428 376 3485 erga
395 3413 645 3470 homines
671 3424 756 3471 est
782 3415 1100 3481 liberalitas,
1129 3415 1312 3471 utubi
1339 3413 1696 3470 abundaverit

98 3516 406 3578 peccatum,
435 3508 546 3564 illic
573 3507 746 3579 major
774 3510 950 3581 gratia
991 3510 1320 3566 exabimdet.
1363 3507 1444 3564 Tu
1479 3522 1694 3580 quoque

95 3599 238 3670 ipse,
252 3599 345 3670 'qui
356 3599 424 3656 de
439 3601 728 3658 sanctitate
741 3601 1013 3673 gloriaris,
1027 3610 1084 3657 et
1104 3610 1157 3657 te
1170 3602 1407 3656 alienum
1426 3617 1456 3656 a
1468 3609 1694 3672 peccato

96 3705 223 3747 esse
246 3691 404 3756 dicis,
431 3701 618 3763 aperte
655 3693 813 3748 datur
839 3693 1064 3764 intelligi
1088 3694 1215 3764 quia
1241 3694 1289 3750 si
1319 3701 1565 3766 tempore
1599 3693 1692 3750 illo

95 3782 498 3870 prasentaliter
530 3784 796 3842 adfuisses
823 3801 932 3857 quo
956 3781 1216 3844 Dominus
1240 3796 1296 3843 et
1338 3787 1689 3860 Redemptor,

91 3872 273 3945 digito
299 3875 355 3930 in
383 3883 530 3931 terra
559 3876 824 3944 scribens,
853 3878 920 3934 de
949 3878 1176 3934 muliere
1217 3878 1309 3934 illa
1338 3879 1394 3934 in
1423 3879 1691 3936 adulterio

92 3965 439 4036 deprehensa
455 3958 658 4023 Judais
683 3969 920 4024 diceret:
944 3969 1002 4025 Si
1023 3970 1145 4040 quis
1164 3979 1405 4029 vestrum
1442 3978 1528 4028 est
1575 3971 1695 4029 sine

88 4069 332 4128 peccato
357 4059 533 4114 mittat
577 4058 815 4131 lapidem
853 4076 1016 4132 super
1043 4075 1185 4129 eam,
1213 4071 1434 4134 poteras
1469 4072 1529 4120 tu
1577 4064 1694 4135 ipse

89 4147 385 4204 lnamicidii
421 4150 621 4208 crimen
657 4152 810 4222 prius
835 4151 1132 4219 incurrere,
1161 4156 1254 4224 qui
1281 4166 1335 4210 te
1369 4153 1484 4225 jam
1512 4171 1543 4210 a
1563 4171 1692 4228 pec-

88 4249 222 4297 cato
248 4248 566 4299 extraneum
595 4245 734 4301 dicis
759 4261 900 4300 esse.
923 4245 1022 4302 Cui
1048 4261 1177 4318 ergo
1206 4256 1260 4304 te
1277 4248 1510 4304 similem
1538 4249 1693 4306 dixe-

91 4334 293 4398 rimus,
320 4334 425 4390 nisi
461 4335 555 4406 qui
577 4336 714 4392 dixit
743 4353 758 4390 :
787 4336 990 4391 Panum
1030 4331 1206 4393 sedem
1232 4355 1402 4394 meam
1430 4340 1496 4394 ab
1524 4341 1689 4412 Aqui-

86 4425 236 4492 lone,
279 4435 327 4481 et
369 4444 458 4482 ero
505 4427 695 4484 similis
715 4428 1025 4485 Altissimo?
1067 4429 1167 4486 Cui
1207 4446 1338 4503 ergo
1383 4439 1442 4486 tu
1492 4432 1686 4488 similis

1799 3237 1854 3285 et
1921 3229 2066 3284 hunc
2121 3236 2176 3283 et
2253 3228 2369 3284 hac
2439 3228 2702 3283 destruet.
2761 3229 2960 3286 Beatus
3023 3229 3388 3304 Hieronymus

1798 3334 2033 3390 namque
2065 3319 2118 3374 in
2172 3319 2426 3390 Exposito
2466 3319 2721 3389 Epistola
2745 3320 2814 3375 ad
2872 3318 3150 3377 Romanos
3204 3322 3284 3378 sic
3311 3323 3392 3379 lo-

1797 3414 1982 3486 quitur
2016 3413 2240 3469 dicens:
2280 3411 2465 3482 Neque
2499 3413 2650 3468 enim
2687 3412 2813 3478 cibi,
2861 3428 3000 3483 quos
3032 3413 3178 3470 Deus
3228 3429 3384 3471 creao

1794 3507 1892 3572 vit,
1937 3515 2032 3562 aut
2070 3507 2382 3579 ignoranter
2403 3515 2498 3560 aut
2529 3507 2848 3577 simpliciter
2877 3508 3100 3579 sumpti,
3148 3524 3391 3566 commu-

1797 3614 1924 3655 nem
1973 3597 2153 3653 facere
2216 3605 2472 3669 poterunt
2533 3597 2812 3653 hominem
2879 3605 2972 3652 aut
3019 3599 3380 3657 immundum.

1795 3690 1996 3746 Beatus
2056 3689 2252 3744 iterum
2308 3688 2603 3761 Gregorius
2652 3689 2708 3744 in
2774 3689 3036 3760 Exposito
3083 3689 3388 3748 Ezechielis

1794 3784 1872 3840 ita
1917 3784 2203 3840 conﬁrmat
2245 3782 2473 3840 dicens:
2504 3782 2694 3854 Magna
2749 3782 2892 3839 enim
2939 3791 3023 3839 est
3051 3783 3226 3845 virtus
3265 3785 3389 3840 abs—

1795 3876 2056 3942 tinentia,
2111 3875 2207 3932 sed
2253 3875 2300 3931 si
2329 3875 2453 3945 quis
2485 3875 2560 3930 ita
2603 3875 2673 3930 ab
2721 3873 2995 3930 alimentis
3020 3875 3291 3930 abstineat
3319 3883 3381 3932 ut

1795 3966 2024 4024 cateros
2064 3967 2120 4022 in
2178 3966 2301 4023 cibo
2344 3965 2618 4036 dijudicet,
2673 3965 2931 4021 alimenta
2980 3966 3192 4033 eadem,
3261 3982 3381 4038 qua

1794 4061 1938 4118 Deus
1981 4059 2190 4118 creavit
2226 4062 2296 4116 ad
2337 4059 2744 4130 percipiendum
2793 4075 2917 4116 cum
2957 4060 3261 4132 gratiarum
3299 4077 3385 4118 ac-

1795 4154 1966 4223 tione,
2030 4155 2280 4212 ﬁdelibus
2333 4156 2500 4211 etiam
2563 4155 2803 4222 damnet,
2849 4155 2979 4225 quid
3037 4155 3166 4211 huic
3211 4155 3389 4212 virtus

1793 4248 2135 4304 abstinentia
2187 4247 2334 4304 facta
2371 4256 2474 4314 est,
2530 4248 2636 4303 nisi
2677 4247 2905 4319 laqueus
2959 4247 3175 4318 culpa?

1866 4337 1953 4392 12.
2005 4338 2159 4407 Quod
2225 4354 2356 4395 vero
2415 4339 2618 4395 asseris
2663 4339 2792 4409 quia
2821 4339 2874 4393 in
2929 4339 3040 4395 sola
3080 4338 3252 4394 Roma
3299 4337 3373 4393 sit

1793 4443 2034 4504 potestas
2072 4435 2190 4504 Dei,
2251 4446 2275 4476 ο
2314 4435 2370 4490 in
2403 4451 2510 4505 qua
2560 4434 2812 4490 Christus
2873 4433 3108 4501 habitat,
3168 4441 3386 4488 contra-

87 4531 159 4573 es
197 4517 302 4572 nisi
329 4515 605 4574 Pharisao
646 4518 723 4574 illi
772 4520 867 4590 qui
899 4520 1044 4591 apud
1089 4521 1439 4592 semetipsum
1484 4524 1680 4593 agebat

1797 4530 1904 4589 rius
1962 4529 2246 4599 Propheta
2307 4526 2546 4593 oraculo,
2600 4525 2692 4596 qui
2733 4525 2903 4581 dicit:
2939 4523 3308 4579 Dominabitur
3348 4539 3382 4576 a

85 4608 322 4666 dicens:
345 4609 593 4676 Domine,
623 4626 732 4667 non
762 4627 882 4667 sum
919 4626 1021 4683 ego
1046 4612 1188 4668 sicut
1211 4615 1393 4670 cateri
1415 4615 1682 4682 homines,

85 4709 360 4771 raptores,
414 4700 663 4766 adulteri,
695 4711 751 4756 et
789 4703 1023 4758 caetera?
1068 4702 1181 4759 Cur
1204 4719 1314 4760 non
1353 4705 1679 4772 recordaris,

84 4793 300 4859 infelix,
341 4793 472 4864 quid
511 4795 704 4852 beatus
737 4793 1036 4868 Gregorius
1081 4797 1148 4853 de
1176 4797 1376 4854 talibus
1417 4807 1684 4856 memoret

82 4889 324 4944 dicens:
352 4887 636 4959 Apostata
683 4890 876 4961 angelo
923 4890 1118 4947 similis
1165 4890 1416 4960 elﬁcitur,
1465 4894 1683 4966 quando

85 4982 255 5036 homo
286 4980 496 5035 homini
523 4980 720 5037 similis
744 4996 865 5037 esse
892 4983 1235 5054 dedignatur.

157 5073 250 5127 ll.
293 5073 449 5140 Quod
478 5081 656 5130 autem
688 5073 756 5130 de
783 5075 926 5131 escis
961 5083 1016 5131 et
1041 5083 1284 5132 stercore
1325 5077 1530 5132 ventris
1575 5076 1686 5133 dis-

78 5173 286 5234 putare
349 5163 601 5232 conaris,
655 5174 848 5222 contra
902 5169 1230 5223 sententiam
1287 5169 1534 5235 Domini,
1589 5170 1683 5240 qui

77 5255 227 5312 dixit
263 5270 279 5309 :
312 5253 460 5312 Nihil
519 5257 837 5329 coinquinat
892 5259 1037 5331 quod
1083 5261 1140 5316 in
1205 5276 1304 5317 ore
1360 5261 1680 5331 ingreditur,

76 5359 104 5389 σ
158 5356 394 5419 excepta
421 5349 660 5405 hominis
681 5366 867 5419 carne,
924 5351 1020 5408 sed
1056 5352 1186 5409 illud
1224 5353 1538 5424 coinquinat
1587 5369 1684 5411 no-

71 5442 295 5500 minem
346 5443 494 5515 quod
519 5444 587 5499 de
609 5459 706 5502 ore
749 5445 1044 5520 egreditur.
1097 5446 1180 5502 Tu
1208 5463 1240 5505 e
1284 5449 1560 5505 contrario
1615 5449 1683 5505 de

69 5534 268 5592 cordis
301 5535 384 5591 tui
430 5536 730 5606 sanguineo
775 5537 1054 5596 intellectu
1105 5540 1305 5597 asseris
1335 5543 1480 5611 quod
1527 5541 1682 5598 cibus

145 5682 180 5742 9
226 5667 355 5742 με..
399 5668 802 5742 Hierosolyma.

146 5741 184 5783 δ
226 5741 393 5812 Deest
419 5752 619 5812 oportet
645 5741 727 5796 vel
753 5754 1008 5802 conuenit.

146 5824 177 5854 ο
225 5811 356 5880 ηδ..
379 5811 592 5884 excepto
620 5813 846 5872 hominis
874 5833 1018 5875 caro.

1790 4626 1928 4682 mari
1973 4640 2138 4696 usque
2172 4621 2243 4677 ad
2275 4629 2520 4688 mare,'et
2569 4638 2603 4673 a
2633 4618 2947 4675 ﬂuminibus
2989 4632 3154 4687 usque
3175 4615 3244 4668 ad
3279 4623 3384 4669 ter-

1787 4720 1957 4774 minos
1987 4716 2127 4772 orbis
2173 4723 2332 4771 terra
2362 4728 2381 4768 :
2421 4721 2478 4769 et
2511 4711 2636 4783 quia
2694 4712 2810 4782 ipsa
2841 4710 2913 4764 sit
2965 4717 3175 4762 tantum
3199 4705 3383 4761 Eccle-

1787 5103 2001 5142 meam:
2037 5086 2105 5142 Et
2154 5085 2280 5149 cuia
2305 5099 2412 5138 non
2453 5078 2679 5136 intrabit
2721 5076 2778 5131 in
2836 5089 2902 5128 ea
2961 5070 3165 5142 aliquid
3226 5070 3380 5126 coin-

1786 5180 2090 5250 quinatum,
2147 5185 2202 5233 et
2250 5175 2454 5230 faciens
2527 5167 2984 5226 abominationem
3032 5173 3089 5220 et
3148 5165 3376 5220 menda-

1785 5270 1929 5326 cium
1967 5286 1980 5322 :
2012 5276 2069 5324 et
2097 5267 2225 5337 quia
2269 5266 2384 5336 ipsa
2419 5272 2504 5319 est
2526 5260 2826 5317 Jerusalem
2855 5272 3019 5322 nova,
3050 5271 3212 5327 quam
3241 5255 3378 5312 vidit

1785 5363 2021 5420 Joannes
2067 5357 2480 5415 descendentem
2503 5356 2569 5411 de
2611 5353 2790 5410 coelo?
2823 5351 2949 5406 Hac
2973 5350 3156 5406 omnia
3188 5363 3376 5405 amens

1784 5457 1875 5514 ille
1920 5453 2160 5526 spiritus,
2214 5459 2270 5506 et
2294 5445 2670 5520 imprudentia
2719 5452 2826 5499 tua
2854 5442 3160 5498 intellectus
3189 5447 3243 5496 te
3271 5438 3373 5494 ista

1785 5546 2085 5620 intelligere
2114 5543 2316 5600 docuit.
2350 5541 2457 5598 Nos
2487 5555 2616 5595 vero
2649 5553 2682 5593 e
2718 5535 2994 5592 contrario
3023 5550 3131 5589 non
3165 5531 3232 5589 de
3258 5530 3371 5588 sola

1854 5681 1883 5722 ιι
1921 5681 2083 5736 Deest
2116 5676 2320 5747 aliquid
2361 5675 2505 5733 inter
2535 5675 2640 5732 ista
2667 5671 2809 5728 male
2834 5669 3047 5737 Latina.

1864 5777 1886 5795 α
1923 5751 2048 5818 his,
2072 5751 2143 5806 ‘in
2168 5765 2347 5824 quam.
