3952 6318
480 319 584 381 871

1303 308 1713 377 nummus,
1753 303 1983 371 FELIX,
2025 302 2376 365 nummus
2412 283 2503 364 ET
2543 307 2602 365 s.
2643 305 2940 365 BEATUS.

3662 303 3774 362 τη

480 435 829 508 defensorem.
860 429 1117 488 Inimicus
1161 435 1217 485 et
1256 428 1512 484 defensor
1549 440 1672 481 esse
1717 419 2068 494 dignosceris,
2097 416 2150 478 Δ
2173 417 2474 487 Athanasii,
2499 420 2714 487 Hilarii,
2739 419 3031 484 Ambrosii,
3053 417 3364 490 Augustini,
3387 417 3614 482 lsidori,
3635 419 3776 489 quod

482 528 610 600 quia
633 527 760 581 dum
782 525 1038 580 deitatem
1051 523 1175 578 Filii
1202 521 1300 576 Dei
1325 519 1600 575 vindicare
1627 513 1929 573 ostenderis
1948 520 2075 568 ante

484 617 680 678 saecula
709 635 774 674 ex
812 619 972 673 Patre
1021 616 1205 688 geniti,
1238 613 1632 670 humanitatem
1660 609 1779 680 ejus
1818 609 1886 665 de
1921 615 2076 664 utero

487 712 724 783 Virginis
768 718 1073 780 susceptam
1114 710 1166 764 in
1199 708 1304 762 line
1335 705 1594 778 temporis
1630 718 1829 774 negare
1856 699 2077 766 videris,

487 807 687 863 oblitus
720 805 1044 861 sententiam
1092 800 1326 866 Domini,
1363 815 1468 870 qua
1517 797 1892 854 haesitantibus
1921 793 2082 850 disci-

488 899 630 969 pulis
671 897 801 953 dicit
837 915 849 950 :
888 893 932 949 0
958 893 1106 950 stulti
1154 903 1201 946 et
1231 890 1370 946 tardi
1399 889 1554 944 corde
1581 890 1650 942 ad
1681 887 1994 942 credendum
2028 885 2084 939 in

493 991 730 1045 omnibus
757 1004 874 1061 quae
899 989 1091 1058 scripta
1116 993 1236 1040 sunt
1271 985 1327 1038 in
1351 982 1460 1053 lege
1485 990 1532 1036 et
1565 979 1869 1052 prophetis!
1895 977 2086 1032 Nonne

493 1083 568 1138 sic
597 1082 822 1153 oportuit
865 1081 975 1151 pati
1015 1077 1300 1142 Christum,
1344 1083 1392 1130 et
1435 1076 1512 1129 ita
1552 1074 1752 1127 intrare
1780 1073 1836 1126 in
1864 1069 2088 1141 gloriam

496 1190 647 1228 suam
664 1174 689 1226 .9
716 1172 782 1226 Et
806 1170 1098 1241 Apostolus
1129 1187 1142 1223 :
1173 1167 1216 1224 Ο
1243 1166 1388 1222 stulti
1427 1163 1664 1221 Galatw!
1685 1163 1802 1235 quis
1821 1178 1908 1217 vos
1929 1160 2092 1232 {asci-

498 1265 641 1319 navit
668 1262 868 1319 veritati
893 1277 998 1316 non
1027 1259 1274 1315 obedire?

568 1354 622 1408 4.
664 1353 822 1420 Quod
868 1353 1004 1408 dicis
1046 1353 1100 1406 in
1135 1351 1337 1420 scripto
1366 1357 1458 1404 tuo
1481 1347 1606 1418 quia
1637 1346 1751 1417 ipse
1780 1343 1926 1400 solus
1970 1357 2094 1398 cum

499 1446 689 1517 paucis
706 1446 758 1500 in
780 1461 843 1501 ea
867 1444 1208 1509 credulitate,
1224 1458 1388 1512 quam
1404 1442 1578 1496 omnis
1601 1439 1859 1510 Hispania
1877 1439 2091 1501 retinet,

505 1546 777 1593 memento
803 1537 1088 1591 Dominum
1118 1535 1319 1591 dixisse
1344 1548 1358 1587 :
1387 1533 1519 1588 Lata
1560 1541 1608 1587 et
1649 1532 1880 1602 spatiosa
1915 1531 1995 1584 via
2022 1538 2097 1584 est

502 1644 620 1699 qua:
653 1628 798 1682 ducit
842 1627 911 1681 ad
961 1636 1200 1692 mortem,
1243 1634 1291 1680 et
1328 1624 1482 1679 multi
1517 1633 1637 1678 sunt
1659 1623 1748 1694 qui
1783 1622 1980 1675 intrant
2009 1635 2101 1690 per

502 1735 638 1774 eam.
671 1717 844 1785 Quam
869 1726 1018 1772 arcta
1047 1727 1093 1771 et
1125 1727 1348 1788 angusta
1375 1717 1456 1770 via
1490 1722 1564 1769 est
1595 1729 1714 1784 quia
1736 1711 1878 1764 ducit
1912 1711 1980 1764 ad
2033 1710 2102 1764 vi-

2178 514 2325 568 nulla
2351 514 2566 583 adoptio
2595 513 2777 570 carnis
2804 527 2906 568 nec
2930 525 3060 567 vera
3083 511 3394 567 humanitas
3428 511 3487 566 in
3514 511 3655 565 Filio
3684 512 3776 568 Dei

2178 606 2362 673 fuerit,
2387 608 2721 663 consentiam
2745 607 3020 662 erroribus
3043 607 3172 661 tuis.
3202 605 3337 660 Nam
3362 605 3780 674 sicutmagister

2181 705 2306 754 tuus
2343 696 2540 754 fetidus
2574 705 2630 752 et
2659 697 2936 753 horribilis
2973 696 3264 752 maculavit
3291 696 3592 761 Libanam,
3625 697 3698 750 ita
3726 705 3779 753 tu

2183 803 2412 859 regnum
2453 802 2740 860 regnorum
2784 786 3080 843 Austriam.
3127 785 3236 842 Sed
3277 787 3468 842 desine
3510 787 3780 842 incassu

2183 882 2420 952 pendere
2440 881 2600 947 labia,
2626 897 2746 951 qua:
2773 889 2960 937 contra
2977 881 3074 936 Dei
3095 881 3416 952 mysterium
3439 881 3672 934 latrant.
3701 881 3823 951 VH

2187 972 2256 1028 de
2281 961 2348 1028 ne
2373 982 2430 1027 tu
2452 974 2547 1039 sis,
2577 972 2722 1042 quod
2747 973 2922 1038 absit,
2945 972 3203 1028 Beemoth
3226 972 3318 1028 ille
3335 1013 3350 1038 ,
3377 972 3468 1028 cui
3495 981 3716 1028 montes
3738 980 3804 1066 in,

2191 1065 2446 1120 alimento
2483 1065 2733 1120 deferunt
2768 1065 2988 1129 herbas,
3043 1072 3098 1118 et
3141 1080 3265 1120 cum
3317 1080 3426 1135 quo
3473 1064 3691 1120 dormis
3737 1067 3784 1120 in

2191 1165 2404 1212 secreto
2438 1157 2651 1221 calami,
2689 1157 2743 1211 in
2783 1156 2917 1212 locis
2949 1157 3311 1213 humectibus.
3363 1157 3501 1211 Vide
3531 1171 3608 1212 ne
3637 1168 3699 1211 tu
3722 1159 3786 1212 sis

2195 1247 2332 1302 alter
2356 1245 2536 1312 Arius,
2565 1247 2657 1318 qui
2682 1247 3097 1304 Constantinum
3126 1249 3510 1319 imperatorem
3535 1264 3648 1318 per
3676 1250 3788 1304 beas

2197 1346 2310 1394 tum
2338 1338 2673 1410 Sylvestrum
2704 1339 3071 1396 Christianum
3111 1341 3337 1407 factum,
3375 1355 3472 1411 per
3505 1341 3714 1396 Arium
3745 1352 3789 1397 et

2197 1434 2478 1488 mulierem
2504 1433 2706 1489 factum
2738 1435 3077 1501 hmreticum,
3103 1435 3170 1491 de
3192 1451 3302 1505 quo
3326 1435 3517 1490 beatus
3552 1434 3791 1502 Isidorus

2199 1528 2349 1592 dicit,
2366 1527 2477 1584 Heu
2492 1529 2628 1598 proh
2641 1529 2794 1584 dolor
2809 1528 2822 1581 !
2842 1528 3110 1598 principio
3125 1530 3287 1594 bono,
3305 1528 3409 1584 line
3420 1528 3595 1583 malo.
3638 1526 3793 1596 Cujus

2199 1621 2440 1691 pravitas
2466 1636 2572 1675 non
2602 1620 2772 1676 solum
2808 1620 3082 1687 Gothiam,
3113 1622 3207 1678 sed
3237 1621 3483 1692 Libyam,
3513 1631 3572 1677 et
3607 1621 3794 1678 Orico-

2204 1725 2310 1770 tem
2337 1723 2391 1772 et
2419 1714 2764 1772 Occidentem
2795 1731 2966 1785 usque
2989 1715 3058 1770 ad
3085 1723 3326 1787 tempora
3355 1716 3490 1770 divae
3515 1717 3795 1771 memoria

504 1819 636 1876 tam.
682 1819 730 1864 et
767 1810 924 1881 pauci
955 1818 1074 1864 sunt
1114 1808 1203 1879 qui
1235 1807 1499 1861 inveniunt
1529 1820 1664 1860 eam.
1699 1802 1966 1857 Memento
1998 1801 2102 1854 Do-
2130 1780 2178 1842 Β
2206 1807 2465 1862 Recaredi
2492 1807 2634 1878 regis
2666 1820 2765 1860 suo
2795 1806 3086 1862 maculavit
3116 1821 3344 1862 veneno.
3373 1807 3502 1862 Vide
3528 1823 3608 1862 ne
3642 1816 3709 1861 tu
3733 1809 3797 1862 sis

508 1902 720 1958 minum
737 1901 937 1957 dixisse
960 1900 1104 1971 quod
1127 1899 1369 1954 Lazarus
1392 1912 1596 1967 pauper
1615 1895 1889 1950 ulceribus
1913 1893 2104 1963 plenus

504 1991 724 2065 iacebat
751 1994 820 2049 ad
856 1992 1078 2062 januam
1109 1991 1311 2055 divitis,
1339 1989 1562 2058 cupiens
1592 1985 1824 2041 saturari
1857 1985 1922 2040 de
1949 1983 2106 2038 micis

509 2101 630 2157 quae
651 2087 915 2141 cadebant
953 2085 1019 2140 de
1063 2083 1247 2140 divitis
1295 2096 1500 2144 mensa,
1535 2087 1590 2135 et
1613 2093 1771 2133 nemo
1803 2076 1879 2131 illi
1903 2076 2101 2141 dabat;

508 2178 606 2234 sed
629 2193 792 2233 canes
821 2177 1129 2242 veniebant,
1161 2184 1215 2230 et
1241 2175 1518 2246 lingebant
1548 2173 1730 2227 ulcera
1755 2169 1890 2240 ejus.
1923 2169 2108 2225 Conti-

509 2266 592 2339 git
621 2277 803 2322 autem
847 2275 906 2321 ut
937 2275 1166 2337 uterque
1204 2282 1311 2322 uno
1360 2265 1448 2320 die
1490 2272 1812 2320 moreretur.
1867 2261 2108 2317 Lazarus

511 2360 826 2431 deportatus
850 2368 934 2416 est
953 2360 1022 2414 ab
1055 2358 1262 2431 angelis
1285 2359 1338 2412 in
1370 2359 1492 2412 sinu
1514 2357 1766 2412 Abrahze.
1799 2354 1958 2410 Dives
1977 2369 2108 2408 vero

511 2451 755 2521 sepultus
775 2460 858 2507 est
886 2452 941 2506 in
963 2450 1194 2518 inferno,
1217 2466 1468 2522 quaerens
1497 2450 1562 2506 de
1587 2449 1755 2522 digito
1780 2447 1973 2502 Lazari
1997 2455 2110 2516 gut-

519 2549 654 2610 tam,
687 2543 778 2612 qui
807 2560 914 2598 non
946 2543 1170 2598 dederat
1193 2543 1411 2599 micam.

575 2633 630 2688 5.
655 2636 789 2691 Vide
812 2651 880 2690 ne
906 2643 963 2690 tu
990 2637 1066 2691 sis
1093 2651 1161 2691 ex
1190 2635 1296 2691 illis
1315 2636 1408 2706 qui
1429 2635 1618 2706 viginti
1640 2634 1808 2690 millia
1833 2642 2111 2690 servorum

515 2728 720 2784 habere
749 2727 1102 2795 dignosceris,
1129 2735 1184 2783 et
1227 2727 1348 2783 ideo
1375 2727 1578 2782 divitiis
1605 2725 1819 2782 inﬂatus
1848 2727 2113 2796 sapientia

517 2827 632 2886 tua,
656 2835 777 2890 qua:
804 2834 912 2874 non
936 2825 1019 2874 est
1051 2819 1332 2874 desursum
1359 2816 1714 2882 descendens,
1749 2816 1844 2872 sed
1877 2825 2110 2882 terrena,

517 2915 787 2979 animalis,
813 2912 1099 2968 diabolica.
1126 2911 1394 2967 Memento
1420 2911 1708 2965 Dominum
1733 2911 1932 2965 dixisse
1968 2929 1983 2964 ε
2014 2909 2115 2965 Ubi

517 3008 713 3081 fuerint
754 3005 860 3060 duo
901 3003 979 3059 vel
1021 3011 1125 3058 tres
1147 3003 1203 3057 in
1234 3004 1444 3058 nomine
1471 3018 1584 3056 meo
1608 3002 1928 3073 congregati,
1953 3011 2000 3054 et
2025 3015 2117 3071 ego

517 3099 574 3155 in
594 3098 764 3154 medio
787 3112 987 3161 eorum,
1003 3096 1144 3151 sicut
1162 3103 1246 3149 est
1269 3092 1422 3150 Felix
1444 3093 1724 3149 confessor
1745 3100 1800 3147 et
1821 3092 1953 3148 soeii
1975 3090 2113 3160 ejus.

519 3192 788 3248 Memento
811 3190 941 3259 quid
965 3188 1248 3260 Scriptura
1269 3187 1413 3244 dicat
1441 3174 1674 3242 :Nonne
1700 3185 1840 3240 Deus
1863 3201 2117 3256 pauperes

522 3286 673 3358 elegit
698 3287 754 3340 in
774 3283 991 3348 mundo,
1019 3282 1202 3337 divites
1226 3283 1282 3336 in
1311 3281 1437 3351 fide,
1471 3290 1518 3335 et
1539 3279 1770 3334 hieredes
1801 3279 1985 3350 regni?
2014 3278 2122 3334 Me-

525 3387 710 3436 mento
735 3377 878 3450 quod
903 3376 1189 3432 Psalmista
1209 3374 1353 3430 dicat
1376 3391 1389 3427 :
1415 3372 1613 3427 Divites
1637 3359 1907 3443 eguerunt,
1934 3381 1982 3425 et
2007 3385 2124 3424 esu-

523 3473 723 3528 rierunt
763 3487 781 3526 :
826 3470 1141 3542 inquirentes
1192 3465 1689 3521 autemDominum
1729 3481 1834 3520 non
1880 3464 2125 3532 deﬁcient

525 3563 668 3618 omni
695 3562 849 3617 bono.
897 3561 964 3616 Et
989 3562 1189 3616 iterum
1218 3577 1231 3613 :
1261 3559 1470 3614 Divitia:
1514 3559 1560 3612 si
1602 3560 1794 3629 ﬂuant,
1847 3556 2005 3610 nolite
2036 3573 2128 3611 cor

526 3669 804 3723 apponere.
829 3651 893 3705 Et
917 3653 1114 3707 iterum
1143 3665 1158 3704 :
1183 3650 1544 3714 Tltesaurizat,
1571 3659 1618 3704 et
1648 3651 1854 3718 ignorat
1887 3663 1982 3702 cur
2003 3663 2127 3701 con-

530 3753 702 3816 greget
729 3762 810 3798 ea.
845 3743 954 3799 Sed
979 3753 1035 3800 et
1060 3745 1190 3798 illud
1220 3745 1348 3800 huic
1375 3744 1526 3813 operi
1553 3741 1983 3798 connectendum
2008 3754 2129 3796 esse

505 3838 734 3908 putavi,
770 3838 916 3906 quod
941 3838 1084 3894 Deus
1105 3837 1267 3892 Pater
1289 3853 1448 3893 servo
1472 3853 1571 3892 suo
1602 3834 1773 3890 David
1806 3835 2020 3890 locutus
2045 3841 2130 3889 est

533 3929 721 3986 dicens
751 3946 764 3983 :
793 3930 926 3984 Cum
973 3929 1249 3984 dormieris
1280 3947 1398 3984 cum
1427 3929 1676 3983 Patribus
1713 3931 1837 3996 tuis,
1866 3927 2129 3983 suscitabo

534 4020 599 4076 de
629 4019 818 4074 lumbis
848 4020 952 4074 tuis
987 4021 1077 4090 qui
1115 4020 1290 4074 sedeat
1321 4036 1479 4091 super
1509 4021 1753 4074 thronum
1790 4017 1980 4073 Israel.
2014 4017 2129 4088 Ego

535 4129 625 4171 ero
649 4115 696 4169 ei
717 4114 772 4168 in
791 4112 1024 4178 Patrem,
1042 4121 1089 4167 et
1109 4114 1217 4182 ipse
1240 4111 1336 4165 erit
1362 4112 1490 4165 mihi
1512 4111 1566 4165 in
1585 4111 1777 4181 lilium.
1803 4111 1869 4166 Et
1892 4111 2088 4165 iterum
2112 4124 2129 4166 :

537 4207 717 4263 Radix
748 4207 894 4263 Iesse
939 4207 1028 4278 qui
1075 4214 1177 4261 stat
1212 4207 1268 4260 in
1325 4206 1532 4278 signant
1581 4206 1912 4277 populorum,
1963 4207 2131 4276 ipsum

536 4299 1164 4382 gentesdeprecabuntur,
1184 4307 1232 4353 et
1248 4299 1344 4353 erit
1368 4299 1663 4369 sepulcrum
1685 4298 1800 4368 ejus
1823 4297 2128 4368 gloriosunt.

538 4376 818 4463 Ecce
861 4390 1030 4447 Filius
1054 4391 1151 4446 Dei
1177 4383 1476 4447 secundum
1515 4389 1743 4446 formam
1774 4391 1916 4446 servi
1968 4407 2136 4460 quam

2205 1897 2342 1952 alter
2371 1897 2749 1964 Nabuzardan,
2781 1898 3036 1968 princeps
3064 1898 3491 1968 eoquorum,qui
3523 1898 3799 1954 destruxit

2206 2007 2392 2046 muros
2417 1990 2737 2046 Jerusalem.
2756 1992 2892 2047 Vide
2918 2008 2984 2046 ne
3002 2002 3060 2045 tu
3081 1994 3254 2062 ipsum
3273 1991 3442 2047 facias
3469 1991 3534 2046 de
3553 1992 3799 2062 glorioso

2205 2084 2447 2154 principe
2473 2085 2666 2140 Carolo
2682 2125 2695 2149 ,
2729 2083 2870 2139 sicut
2895 2083 3058 2140 Arius
3084 2083 3210 2142 fecit
3236 2084 3302 2140 de
3327 2083 3691 2141 Constantino
3707 2128 3723 2152 ,
3754 2095 3801 2141 et

2207 2176 2388 2247 lugeat
2413 2192 2471 2232 se
2501 2177 2555 2230 in
2583 2176 2778 2232 saecula
2808 2177 3149 2232 saeculorum.

2278 2268 2330 2320 7.
2371 2268 2542 2324 Erant
2571 2277 2625 2322 et
2653 2269 2758 2324 alia
2785 2269 2956 2324 multa
2988 2271 3082 2325 tibi
3111 2270 3414 2335 scribenda,
3444 2270 3542 2326 sed
3578 2285 3798 2342 oppres-

2209 2362 2360 2418 sione
2397 2362 2572 2432 gentis
2610 2360 2811 2427 amicti,
2861 2377 2968 2416 non
3018 2377 3304 2431 possumus
3356 2361 3453 2416 tibi
3499 2362 3800 2418 rescribere

2209 2462 2425 2508 cuncta.
2460 2452 2541 2508 Tu
2578 2463 2757 2508 tamen
2787 2453 2832 2508 si
2863 2453 3101 2508 nolueris
3129 2453 3315 2508 audire
3341 2451 3582 2523 Moysen,
3620 2456 3800 2511 audis

2209 2543 2566 2600 Pharaonem.
2618 2543 2736 2614 Ipse
2783 2552 2965 2598 tamen
3012 2543 3222 2614 Moyses
3271 2544 3435 2610 dixit,
3491 2544 3800 2617 Propheta

2210 2635 2481 2690 suscitabit
2516 2634 2774 2689 Dominus
2811 2635 2952 2690 Deus
2993 2636 3056 2689 de
3091 2635 3342 2705 fratribus
3385 2638 3604 2700 vestris;
3640 2639 3802 2707 ipsum

2213 2727 2438 2783 audietis
2465 2737 2716 2798 tanquam
2751 2744 2853 2782 me.
2891 2728 3030 2784 Ecce
3069 2727 3280 2798 Moyses
3313 2729 3606 2798 adoptivus
3648 2729 3804 2784 Filius

2215 2821 2331 2887 Dei,
2375 2821 2505 2876 dicit
2542 2823 2645 2877 sibi
2683 2821 2916 2877 similem
2953 2837 3074 2878 esse
3107 2837 3301 2886 carne,
3352 2838 3462 2878 non
3517 2839 3724 2894 genere
3762 2831 3806 2878 et

2217 2915 2518 2985 adoptione,
2548 2925 2603 2970 et
2628 2924 2682 2970 tu
2705 2931 2871 2987 negas
2897 2916 2988 2971 Dei
3010 2915 3202 2970 Filium
3225 2915 3295 2970 de
3318 2917 3492 2986 stirpe
3517 2917 3805 2980 Abraham,

2217 3005 2389 3073 Jesse,
2449 3016 2504 3067 et
2549 3006 2838 3077 gloriosam
2884 3007 2978 3062 Dei
3027 3007 3304 3078 Virginem
3347 3009 3416 3063 de
3453 3006 3706 3064 Joachim
3754 3011 3811 3064 de

2223 3100 2474 3170 adoptivo
2504 3099 2614 3155 lilio
2634 3100 2940 3170 adoptivam
2966 3100 3130 3156 tiliam
3157 3102 3422 3172 genitam,
3454 3118 3682 3157 carnem
3711 3119 3813 3158 non

2224 3196 2542 3265 suscepisse,
2573 3203 2632 3250 ut
2659 3205 2802 3252 esset
2828 3197 3112 3267 adoptivus
3138 3196 3323 3252 ﬁlius?
3346 3197 3444 3252 Sic
3464 3199 3614 3253 enim
3635 3198 3814 3254 nefan-

2225 3287 2352 3343 dum
2394 3289 2767 3359 presbyterum
2799 3288 2867 3343 de
2901 3289 3145 3345 doctrina
3187 3287 3412 3344 nefandi
3451 3289 3604 3345 Beati
3644 3289 3814 3344 audivi

2226 3383 2448 3439 auribus
2483 3384 2618 3438 meis
2655 3384 2962 3438 dicentem:
2988 3383 3237 3439 Christus
3271 3381 3434 3438 Iesus
3470 3384 3532 3439 in
3565 3385 3815 3439 maternis

2226 3475 2527 3531 visceribus
2556 3491 2775 3531 carnem
2803 3490 3104 3540 assumens,
3132 3490 3241 3530 non
3268 3474 3337 3529 de
3363 3477 3637 3532 maternis
3658 3478 3816 3532 visce-

2227 3569 2378 3624 ribus
2408 3568 2649 3632 trahens,
2681 3567 2775 3622 sed
2802 3581 3022 3622 carnem
3054 3565 3156 3622 sibi
3193 3580 3390 3620 novam
3419 3566 3684 3624 elliciens.

2215 3725 2218 3728 I
2301 3661 2354 3716 8.
2411 3659 2677 3728 Incipiunt
2729 3659 3037 3713 testimonia
3078 3666 3392 3713 sanctorum
3431 3661 3816 3715 venerabili-ta

2229 3754 2450 3808 Patrum
2475 3752 2542 3807 de
2567 3751 2854 3821 adoptione
2881 3751 2934 3804 in
2960 3749 3096 3807 Filio
3128 3750 3222 3804 Dei
3247 3750 3554 3807 secundum
3581 3752 3820 3809 humani-

2232 3854 2418 3910 tatem,
2449 3855 2496 3900 e'
2531 3862 2636 3900 non
2661 3842 2957 3899 secundum
2981 3841 3344 3896 divinitatem.
3371 3841 3442 3898 lii
3468 3852 3600 3898 sunt
3623 3841 3821 3914 de'qui-

2232 3940 2332 3994 bus
2360 3939 2620 3993 Dominus
2646 3935 2802 3992 Jesus
2830 3934 3080 3990 Christus
3106 3935 3318 3991 locutus
3345 3943 3431 3990 est
3465 3937 3654 3992 dicens
3677 3954 3694 3990 :
3736 3934 3823 3990 Vos

2230 4031 2350 4085 estis
2378 4029 2470 4082 (tu:
2495 4027 2698 4093 mundi,
2725 4037 2771 4080 et
2797 4042 2881 4080 vos
2903 4026 3025 4080 estis
3045 4024 3126 4080 sal
3149 4035 3302 4081 terra:
3323 4041 3342 4081 :
3361 4043 3693 4099 quacunque
3719 4027 3824 4082 alli-

2232 4123 2476 4192 gaverilis
2505 4137 2662 4192 super
2683 4130 2898 4185 terram,
2933 4119 3097 4189 ligata
3127 4128 3300 4184 erunt,
3339 4129 3386 4174 et
3419 4137 3544 4191 qua:
3581 4120 3825 4177 solverint

2233 4211 2402 4268 soluta
2438 4224 2610 4265 erum.
2653 4211 2849 4266 Beatus
2884 4209 3203 4266 Ambrosius
3242 4211 3294 4264 in
3334 4210 3453 4266 suis
3492 4211 3828 4283 dogmatibus

2235 4303 2364 4360 dicit
2389 4321 2402 4356 :
2426 4301 2624 4357 Nostro
2659 4317 2760 4357 usu
2799 4300 3082 4369 adoptivus
3115 4299 3307 4365 Filius,
3349 4309 3404 4355 et
3440 4317 3610 4359 vcrus
3647 4303 3828 4357 Filius.

2234 4396 2430 4450 Beatus
2461 4394 2821 4464 Hieronymus
2852 4393 3048 4446 iterum
3078 4391 3246 4447 dicit:
3271 4391 3374 4448 Hic
3398 4391 3576 4449 Filius
3607 4395 3830 4448 hominis

539 4485 836 4554 assumpsit
860 4499 928 4540 ex
955 4483 1190 4555 Virgine,
1216 4484 1271 4538 in
1297 4500 1403 4554 qua
1431 4485 1608 4540 minor
1631 4492 1713 4540 est
1738 4484 1920 4550 Patre,
1949 4493 2005 4539 et
2025 4500 2134 4539 non
2165 4495 2216 4556 1)
2239 4505 2336 4560 per
2349 4488 2442 4544 Dei
2463 4486 2656 4540 Filium
2677 4485 2728 4539 in
2752 4485 2845 4538 Dei
2866 4483 3003 4538 Filio
3023 4497 3144 4539 esse
3160 4495 3526 4554 promeretur,
3555 4502 3656 4540 nec
3675 4487 3828 4555 adop-

539 4588 624 4636 est
659 4594 876 4651 genere,
918 4579 1014 4634 sed
1040 4579 1343 4648 adoptione,
1381 4578 1664 4647 adoptivus
1693 4579 1788 4633 Dei
1809 4579 2137 4650 primogeni-

540 4681 630 4730 tus
661 4673 715 4727 in
757 4672 945 4727 multis
991 4671 1252 4727 fratribus
1278 4671 1573 4727 secundum
1595 4671 1932 4741 Apostolum.
1959 4671 2139 4738 Quare

540 4783 650 4823 non
677 4767 888 4823 dicatur
916 4765 1200 4836 ad0ptivus
1229 4765 1322 4835 qui
1347 4765 1421 4819 ita
1447 4772 1593 4820 totus
1622 4774 1706 4820 est
1731 4765 1785 4820 in
1812 4765 2015 4820 nostris
2040 4765 2141 4820 sic-

543 4868 602 4915 ut
626 4867 770 4916 totus
793 4869 875 4916 est
905 4860 957 4914 in
994 4861 1128 4925 suis,
1156 4870 1356 4930 praeter
1378 4858 1666 4914 delictum?
1701 4858 1840 4914 Ecce
1869 4856 2134 4925 Joacbitn,

544 4951 697 5020 cujus
737 4952 845 5006 lilia
883 4953 1117 5022 gloriosa
1166 4951 1259 5007 Dei
1303 4952 1456 5022 virgo
1486 4951 1649 5006 Maria
1700 4965 1821 5006 esse
1865 4951 2139 5020 dignosci-

545 5050 654 5106 tur,
681 5044 927 5113 adoptiva
949 5061 1069 5101 esse
1098 5046 1356 5100 creditur.
1379 5044 1556 5112 Quare
1582 5059 1688 5100 non
1703 5044 1917 5099 dicatur
1937 5043 2143 5114 adopti-

543 5150 644 5190 vus
665 5134 923 5190 Dominus
945 5136 1102 5192 Jesus
1123 5139 1374 5194 Christus
1402 5140 1467 5194 de
1497 5139 1685 5194 eadem
1705 5139 2029 5209 generatus?

619 5224 672 5278 6.
730 5225 999 5282 Memento
1053 5230 1342 5284 Dominum
1399 5231 1598 5286 dixisse
1655 5231 1934 5301 discipulis
1983 5232 2140 5287 suis:

551 5316 654 5384 Qui
683 5334 768 5372 vos
799 5319 947 5373 audit
978 5337 1058 5374 me
1084 5322 1254 5386 audit,
1285 5332 1335 5377 et
1364 5324 1463 5394 qui
1486 5342 1572 5378 vos
1601 5325 1795 5396 spernit
1820 5341 1900 5379 me
1920 5325 2138 5396 spernit.

553 5409 626 5464 De
660 5410 744 5466 his
773 5412 976 5467 etenim
1008 5415 1213 5469 sanctis
1250 5416 1583 5483 doctoribus,
1619 5434 1851 5488 quorum
1886 5418 2142 5473 nonnulla

551 5502 860 5560 testimonia
887 5505 1232 5573 protulimus,
1257 5510 1521 5579 propheta
1549 5509 1681 5566 dicit
1705 5526 1719 5564 :
1747 5510 1880 5582 Liga
1910 5513 2144 5566 testimo-

487 5671 490 5674 λ
552 5597 714 5660 nium,
748 5597 899 5667 signa
937 5595 1100 5667 legem
1137 5600 1194 5652 in
1232 5600 1504 5672 discipulis
1543 5605 1691 5658 meis.
1719 5604 1813 5661 His
1849 5605 2140 5676 praadictis,

493 5691 499 5702 '
553 5686 599 5741 si
656 5703 764 5742 non
814 5687 1008 5758 recipis
1051 5696 1328 5745 tantorum
1379 5694 1773 5749 venerabilium
1831 5705 2144 5752 sanctorum

557 5777 778 5836 Patrum
822 5779 1212 5853 testimonium,
1269 5782 1338 5840 da
1389 5784 1522 5847 mihi
1579 5787 1950 5846 testimonium
2000 5790 2146 5848 beati

2241 4582 2317 4636 tio
2354 4596 2386 4634 a
2426 4587 2618 4634 natura
2660 4585 2960 4646 separatur,
3003 4576 3098 4630 sed
3139 4585 3333 4631 natura
3382 4592 3512 4632 cum
3552 4579 3830 4648 adoptione

2241 4671 2604 4744 conjungitur.
2655 4670 2854 4725 lterum
2883 4669 2938 4722 in
2963 4667 3210 4738 exposito
3233 4667 3573 4740 Apocalyps.
3619 4670 3830 4726 Gemma

2241 4767 2363 4821 alba
2394 4763 2608 4833 adoptio
2641 4770 2724 4816 est
2759 4762 2814 4815 in
2841 4759 3036 4814 Filium
3077 4759 3195 4814 Dei.
3237 4760 3440 4815 Beatus
3476 4776 3697 4832 quoque
3726 4761 3831 4813 Au-

2242 4861 2491 4934 gustinus
2514 4859 2809 4914 secundum
2841 4855 3181 4910 divinitatem
3203 4855 3353 4919 dicit,
3384 4855 3484 4910 Dei
3514 4855 3689 4912 Filius
3718 4866 3837 4910 ante

2242 4953 2439 5009 saecula
2475 4967 2539 5006 ex
2577 4951 2739 5005 Patre
2771 4947 2983 5018 genitus
3015 4962 3122 5002 non
3160 4955 3243 5001 est
3273 4946 3595 5016 adoptione,
3633 4949 3726 5004 sed
3753 4963 3832 5017 ge

2242 5061 2404 5112 nere,
2439 5059 2613 5114 neque
2642 5042 2815 5113 gratia
2837 5082 2851 5105 ,
2889 5040 2985 5095 sed
3015 5048 3235 5104 natura,
3266 5041 3575 5096 secundum
3599 5041 3832 5096 humani-

2244 5147 2410 5194 tatem
2432 5139 2628 5194 dicitur
2651 5137 2812 5191 homo
2833 5135 3139 5204 adoptatus,
3165 5131 3318 5202 cujus
3339 5133 3576 5204 gloriam
3599 5134 3838 5206 qusivit

2244 5233 2336 5303 qui
2361 5241 2444 5287 est
2472 5233 2540 5286 ab
2572 5229 2661 5284 illo
2687 5227 2880 5283 unicus
2907 5234 3084 5282 natus.
3115 5227 3312 5281 Beatus
3345 5241 3568 5297 quoque
3607 5227 3716 5283 Leo
3751 5241 3836 5296 pa-

2243 5341 2312 5396 pa
2352 5326 2404 5379 in
2445 5325 2556 5379 suis
2599 5321 2941 5394 dogmatibus
2978 5320 3148 5376 dicit:
3181 5318 3354 5376 Totus
3392 5321 3450 5376 in
3507 5321 3660 5388 suis,
3701 5330 3847 5376 totus

2247 5420 2298 5474 in
2330 5417 2552 5482 nostris,
2577 5425 2632 5472 et
2655 5414 2948 5472 secundum
2973 5413 3312 5470 divinitatem
3337 5415 3660 5470 ooruscavit
3687 5416 3842 5469 mira-

2246 5513 2401 5578 culis,
2430 5518 2484 5567 et
2505 5510 2800 5567 secundum
2822 5508 3214 5564 humanitatem
3235 5509 3420 5565 carnis
3450 5507 3730 5578 subiacuit
3760 5508 3850 5562 in-

2238 5605 2421 5675 juriis.
2457 5605 2599 5660 Ecce
2624 5604 2670 5659 si
2700 5602 2776 5657 ita
2805 5610 2890 5658 est
2917 5609 3064 5657 totus
3093 5601 3150 5655 in
3180 5600 3314 5665 suis,
3345 5601 3536 5670 procul
3565 5600 3742 5657 dubio
3767 5608 3835 5655 to

2247 5706 2336 5754 tus
2360 5704 2444 5753 est
2467 5703 2522 5751 et
2547 5696 2603 5750 in
2630 5694 2854 5763 nostris,
2883 5700 3080 5765 praeter
3106 5700 3391 5764 peccatum
3407 5733 3424 5760 ,
3453 5693 3607 5763 quod
3635 5709 3744 5748 non
3771 5690 3846 5749 fo-

2248 5791 2341 5849 cit.
2368 5791 2485 5862 Ipse
2509 5788 2771 5848 Dominus
2805 5795 2863 5846 et
2889 5786 3218 5858 Redemptor
3252 5785 3551 5844 secundum
3591 5786 3853 5843 divinita—
