3952 6318
172 354 284 411 875

1441 360 1762 422 ELIPANDI
1796 363 2175 426 EPISTOLJE.

3336 385 3442 444 874

172 477 288 524 ιειιι
335 467 463 525 dicit
491 485 506 523 :
533 467 650 540 Ego
693 475 742 524 et
786 467 950 526 Pater
994 487 1158 528 unum
1203 489 1420 542 sumus;
1466 478 1761 534 secundum
1785 481 1842 542 Δ
1864 494 1934 536 ne
1960 481 2285 552 adoptivus?
2309 484 2391 541 Ad
2416 487 2592 558 ipsum
2619 488 2716 545 Dei
2740 487 2937 546 Filium
2963 509 3065 549 vox
3089 496 3264 554 Patris
3293 501 3445 571 dicit,

171 562 570 620 humanitatem
591 563 741 629 dicit,
771 562 932 620 Pater
953 567 1128 635 major
1147 584 1229 622 me
1252 577 1347 623 est.

242 654 301 712 9.
342 654 542 710 Beatus
570 669 785 725 quoque
818 653 1077 724 Isidorus,
1107 655 1272 727 iubar
1304 659 1578 728 Ecclesiae,
1615 663 1764 720 sidus

167 747 468 821 Hesperia,
495 749 687 805 doctor
717 748 1008 821 Hispaniae,
1042 751 1098 806 in
1126 751 1266 810 libro
1303 753 1762 828 Etymologiarum

168 841 309 898 dicit
337 857 354 895 :
382 841 705 913 Unigenitus
742 851 924 898 autem
955 852 1181 900 vocatur
1227 848 1519 904 secundum
1569 849 1765 905 divini-

167 934 306 991 tatis
329 932 724 999 excellentiam,
759 935 885 1006 quia
913 936 1030 992 sine
1057 936 1336 995 fratribus.
1365 939 1764 1012 Primogenitus

160 1033 357 1081 autem
387 1027 682 1082 secundum
715 1027 1112 1100 susceptionem
1140 1030 1392 1099 hominis,
1431 1033 1488 1088 in
1525 1048 1629 1104 qua
1665 1043 1766 1104 per

161 1119 518 1189 adoptionem
544 1121 734 1190 gratia:
763 1119 959 1179 fratres
984 1123 1184 1180 habere
1213 1124 1465 1197 dignatus
1501 1135 1606 1196 est,
1643 1128 1763 1198 qui-

159 1210 271 1267 bus
300 1220 445 1267 esset
480 1212 893 1285 primogenitus.
937 1213 1005 1271 Et
1044 1223 1166 1286 post
1196 1217 1377 1288 aliqua
1414 1217 1584 1274 dicit':
1606 1218 1761 1276 Post-

160 1315 331 1372 quam
362 1303 509 1358 venit
541 1303 814 1374 plenitudo
849 1308 1109 1378 temporis
1141 1317 1362 1380 propter
1396 1309 1624 1366 salutem
1663 1327 1761 1368 no-

159 1399 361 1459 stram,
389 1391 622 1449 formam
660 1395 804 1450 servi
843 1398 1070 1468 accepit,
1109 1406 1164 1454 et
1196 1397 1373 1456 factus
1408 1410 1492 1458 est
1525 1402 1759 1458 hominis

158 1482 334 1540 illius.
367 1483 498 1540 Inde
533 1486 778 1556 quaedam
811 1488 877 1544 de
911 1487 1003 1544 illo
1046 1490 1102 1545 in
1144 1488 1438 1563 Scripturis
1462 1495 1758 1550 secundum

159 1575 398 1634 formam
443 1579 560 1646 Dei,
609 1583 855 1652 quadam
899 1585 1196 1642 secundum
1229 1585 1458 1644 formam
1491 1589 1634 1646 servi
1671 1604 1758 1644 se-

157 1682 425 1744 quuntur.
485 1673 726 1741 Quorum
784 1676 1039 1750 (exempli
1097 1679 1292 1750 gratia)
1350 1680 1456 1737 duo
1509 1679 1757 1751 quaedam

158 1773 681 1833 commemorantur,
725 1774 787 1822 ut
833 1768 1045 1840 singula
1083 1771 1149 1825 ad
1182 1770 1390 1842 singula
1425 1769 1752 1826 referantur.

159 1857 474 1914 Secundum
497 1858 727 1915 formam
749 1861 843 1918 Dei
870 1863 936 1918 de
963 1878 1022 1920 se
1051 1863 1168 1936 ipso
1193 1864 1349 1929 dixit,
1377 1863 1491 1936 Ego
1518 1875 1565 1919 et
1594 1864 1758 1919 Pater

156 1966 325 2005 unum
364 1968 592 2018 sumus;
631 1953 928 2010 secundum
966 1953 1196 2010 formam
1233 1957 1397 2022 servi,
1437 1955 1600 2011 Pater
1636 1974 1756 2012 ma-

144 2041 246 2113 jor
267 2060 353 2098 me
373 2053 469 2100 est.
498 2043 758 2100 Homines
792 2053 973 2100 autem
1008 2046 1190 2102 minus
1225 2047 1590 2119 intelligentes
1627 2049 1758 2120 quid

149 2150 257 2207 pro
282 2139 416 2209 quid
448 2139 677 2205 dicatur,
703 2155 767 2195 ea
792 2155 911 2210 qua
933 2149 1156 2212 propter
1183 2138 1412 2197 formam
1441 2141 1584 2198 servi
1611 2143 1757 2199 dicta

151 2238 308 2296 sunt,
341 2230 532 2287 volunt
557 2231 846 2287 transferre
874 2232 946 2288 ad
974 2230 1203 2287 formam
1229 2232 1355 2300 Dei;
1389 2242 1444 2288 et
1473 2249 1664 2289 rursus
1691 2248 1756 2289 ea

148 2337 286 2392 qua:
314 2323 464 2378 dicta
490 2332 614 2379 sunt
636 2333 692 2380 ut
719 2324 788 2380 ad
813 2337 872 2379 se
895 2324 1128 2380 invicem
1153 2339 1398 2395 personae
1426 2325 1749 2391 referantur,

145 2411 351 2468 volunt
384 2414 599 2468 nomina
629 2429 750 2471 esse
780 2423 988 2470 natura:
1014 2425 1178 2484 atque
1209 2415 1543 2480 substantize,
1578 2425 1634 2472 et
1668 2415 1752 2472 fa-

147 2503 307 2560 ciunt
334 2520 578 2561 errorem
605 2505 659 2561 in
685 2505 810 2563 ﬁde.
844 2505 938 2562 Sic
961 2513 1143 2562 autem
1173 2506 1269 2562 Dei
1297 2506 1436 2563 Filio
1464 2505 1752 2576 conjuncta

148 2604 240 2653 est
266 2598 502 2653 humana
527 2607 754 2666 natura,
793 2607 853 2655 ut
887 2614 956 2655 ex
991 2601 1200 2656 duabus
1241 2600 1558 2657 substantiis
1596 2601 1753 2657 ﬁeret

146 2704 261 2744 una
290 2703 546 2758 persona.
581 2689 740 2746 Solus
762 2691 908 2746 enim
939 2692 1101 2748 homo
1129 2693 1354 2762 pertulit
1383 2707 1618 2758 crucem,
1654 2692 1752 2749 sed

146 2790 378 2853 propter
403 2783 671 2839 unitatem
697 2799 944 2854 personae
969 2793 1024 2840 et
1052 2785 1195 2842 Deus
1218 2785 1416 2841 dicitur
1435 2787 1748 2856 pertulisse.

146 2870 300 2928 Hinc
332 2881 415 2928 est
451 2874 598 2942 quod
635 2875 892 2930 scribitur
917 2892 930 2929 :
957 2875 1018 2931 Si
1040 2877 1178 2930 enim
1206 2877 1578 2948 cognovissent,
1615 2894 1752 2932 nun-

147 2981 317 3036 quam
370 2964 655 3019 Dominum
687 2965 870 3036 gloria:
913 2966 1313 3035 cruciﬁxissent.
1370 2966 1568 3022 Filium
1622 2983 1750 3040 ergo

145 3057 250 3116 Dei
286 3061 605 3117 cruciﬁxum
644 3060 906 3129 fatemur,
943 3079 1053 3118 non
1090 3077 1157 3118 ex
1193 3063 1395 3119 virtute
1428 3064 1748 3132 divinitatis,

144 3153 248 3211 sed
274 3169 343 3210 ex
369 3135 685 3209 inﬁrmitate
717 3155 1101 3222 humanitatis;
1143 3172 1252 3212 non
1289 3172 1358 3211 ex
1392 3173 1503 3213 sua:
1539 3165 1750 3214 naturae

142 3249 552 3320 permansione,
581 3249 674 3304 sed
699 3264 766 3303 ex
791 3257 976 3304 nostra
1000 3251 1362 3320 susceptione.
1385 3249 1520 3305 Nam
1544 3259 1598 3306 et
1619 3250 1748 3308 Pro-

141 3337 314 3414 pheta
341 3339 510 3395 dicit:
542 3339 810 3404 Miserere,
827 3340 1070 3406 Domine,
1089 3341 1248 3412 plebis
1266 3351 1390 3408 tuw,
1408 3359 1565 3412 super
1587 3360 1747 3414 quam

142 3413 448 3488 invocatum
478 3441 553 3487 est
584 3449 770 3488 nomen
798 3442 965 3499 tuum,
997 3441 1043 3488 et
1073 3431 1244 3488 Israel
1281 3451 1432 3506 quem
1464 3437 1750 3506 cocequasti

141 3526 494 3597 primogenita
519 3535 630 3580 tuo.
662 3518 965 3596 ZEqualitas
992 3526 1096 3582 ista
1124 3543 1230 3582 non
1255 3536 1337 3583 est
1364 3529 1416 3582 in
1444 3528 1745 3596 divinitate,

142 3619 244 3675 sed
268 3619 322 3672 in
345 3619 461 3674 sola
486 3619 843 3687 humanitate,
870 3629 925 3675 et
952 3621 1005 3675 in
1034 3622 1214 3677 carnis
1245 3622 1552 3693 adoptione,
1585 3639 1749 3694 quam

141 3712 362 3782 accepit
391 3711 456 3767 de
485 3711 711 3782 virgine,
749 3713 863 3782 ipse
888 3729 1028 3770 unus
1058 3713 1310 3784 idemque
1343 3714 1485 3772 Deus
1507 3727 1561 3772 et
1584 3718 1748 3773 homo

141 3802 204 3858 in
245 3803 455 3858 duabus
499 3805 709 3859 naturis
746 3812 802 3859 et
847 3822 955 3860 una
1000 3822 1229 3876 persona
1279 3808 1425 3864 salva
1465 3810 1749 3866 divinitate

139 3897 378 3953 exitium
403 3898 622 3953 sustulit
646 3898 858 3955 mortis.

223 3988 317 4044 10.
355 3989 474 4059 Ipse
507 3989 805 4046 secundum
837 3992 1093 4048 deitatem
1126 4009 1277 4049 suam
1314 3995 1448 4052 dicit
1474 4014 1486 4050 :
1510 3995 1750 4052 Potesta-

137 4089 258 4135 tem
281 4080 440 4135 habeo
461 4083 685 4151 ponendi
704 4084 953 4149 animam,
979 4094 1024 4139 et
1045 4095 1345 4156 potestatem
1367 4088 1531 4143 habeo
1556 4088 1748 4144 iterum

136 4171 398 4227 sumendi
421 4189 549 4227 eam.
577 4173 694 4243 lpse
718 4176 1013 4230 secundum
1039 4176 1431 4232 humanitatem
1458 4179 1610 4246 dicit,
1639 4179 1749 4235 Pa-

140 4276 227 4320 ter
252 4265 347 4324 mi.
376 4266 432 4320 in
453 4283 638 4322 manus
663 4278 786 4340 tuas~
803 4270 1105 4324 commendo
1127 4273 1370 4341 spiritum
1399 4289 1590 4327 meum.
1627 4274 1749 4344 Ipse

141 4359 293 4413 Deus
323 4359 418 4413 Dei
451 4359 617 4416 Filius
651 4363 945 4417 secundum
981 4363 1373 4419 humanitatem
1413 4364 1564 4430 dicit,
1605 4365 1746 4422 Deus

147 4446 293 4504 Deus
334 4468 501 4516 meus,
542 4469 704 4524 quare
741 4470 822 4508 me
859 4453 1231 4526 dereliquisti?
1267 4455 1352 4520 Et,
1411 4455 1664 4511 Transeat
1711 4475 1746 4512 a

1869 568 1996 624 Pete
2023 589 2055 625 a
2087 587 2188 639 me,
2219 584 2267 629 et
2296 576 2432 632 dabo
2462 579 2556 634 tibi
2583 591 2756 652 gentes
2794 584 3146 642 [nereditatem
3181 599 3360 659 tuam;

1864 663 2237 730 possessionem
2262 675 2426 735 tuam,
2450 674 2698 728 terminos
2720 684 2893 732 terrw.
2924 677 3088 750 Reges
3111 698 3198 736 eos
3222 684 3280 738 in
3305 685 3450 758 virga

1865 749 2057 820 ferrea,
2085 763 2133 809 et
2159 764 2411 830 tanquam
2440 779 2530 817 vas
2553 764 2704 836 ﬁguli
2730 749 3025 841 confringes
3047 787 3150 827 eos.
3186 773 3256 830 Et
3275 777 3344 831 de
3371 749 3451 848 ip-

1864 857 1926 899 so
1950 860 2054 900 vox
2079 845 2257 905 Patris
2291 853 2440 921 dicit,
2479 855 2616 912 Ecce
2651 875 2744 930 ego
2779 871 2900 916 ante
2936 872 2984 918 te
3020 864 3124 933 ibo,
3164 875 3214 920 et
3253 845 3451 940 glorio-

1863 951 1948 991 sos
1977 947 2130 996 terra:
2155 944 2462 1003 humiliabo.
2494 949 2561 1005 Et
2587 951 2804 1018 iterum,
2830 953 2969 1011 Ecce
2996 974 3089 1028 ego
3115 968 3234 1020 ante
3261 970 3310 1016 te
3340 980 3453 1018 am-

1864 1027 2074 1100 bulabo,
2099 1043 2147 1088 et
2170 1046 2369 1093 montes
2393 1040 2578 1111 planos
2605 1043 2820 1114 faciam,
2851 1056 2900 1101 et
2926 1027 3070 1104 seras
3101 1049 3299 1121 ferreas
3328 1071 3444 1111 con-

1862 1118 2111 1194 fringam,
2137 1135 2186 1181 et
2208 1127 2346 1185 dabo
2368 1131 2462 1186 tibi
2486 1133 2761 1194 thesauros
2791 1140 3038 1209 occultos,
3074 1118 3132 1200 ut
3161 1148 3298 1204 scias
3325 1167 3447 1222 quo-

1863 1212 2005 1312 niam
2023 1215 2281 1276 Dominus
2295 1221 2437 1280 Deus
2452 1235 2572 1284 tuus
2585 1246 2680 1300 ego
2694 1249 2830 1288 sum.
2856 1234 2994 1293 Ecce
3015 1239 3102 1294 cui
3126 1240 3254 1296 dicit
3272 1212 3452 1312 Pater,

1861 1299 2005 1360 Deus
2041 1316 2162 1364 tuus
2197 1327 2290 1381 ego
2328 1331 2464 1382 sum,
2505 1299 2722 1388 noniei,
2759 1323 2812 1378 id
2846 1334 2948 1393 est,
2991 1329 3169 1400 Verbo
3207 1333 3299 1403 qui
3329 1345 3456 1391 ante

1862 1397 2057 1496 saecula
2095 1414 2160 1455 ex
2199 1401 2358 1461 Patre
2393 1409 2626 1478 genitus,
2665 1415 2760 1470 sed
2794 1416 2871 1471 illi
2909 1419 3001 1489 qui
3030 1397 3090 1476 in
3118 1397 3456 1498 line-tempo-

1863 1485 1940 1591 ris
1975 1488 2039 1544 de
2070 1489 2237 1547 Maria
2267 1495 2487 1568 Virgine
2515 1501 2680 1560 homo
2712 1505 2892 1564 factus
2917 1485 3019 1578 est,
3056 1513 3227 1591 dicit;
3254 1519 3320 1573 de
3347 1485 3456 1590 quo

1860 1576 2148 1649 Apostolus
2174 1586 2268 1652 ait,
2297 1587 2497 1648 Factus
2530 1595 2594 1650 de
2620 1598 2854 1667 muliere,
2895 1576 3068 1673 factus
3104 1576 3382 1683 subglege:
3399 1622 3456 1668 ut

1860 1687 1948 1726 eos
1973 1675 2063 1744 qui
2087 1677 2182 1731 sub
2205 1677 2315 1750 lege
2341 1692 2490 1738 erant
2517 1686 2812 1746 redimeret.
2850 1693 2967 1763 Ipse
2993 1697 3136 1754 Deus
3160 1700 3256 1756 Dei
3285 1675 3457 1760 Pilius

1861 1767 2159 1856 secundum
2195 1769 2564 1845 divinitatem,
2614 1779 2669 1835 in
2709 1798 2814 1853 qua
2849 1784 2964 1856 ipse
3000 1771 3055 1844 et
3091 1789 3255 1848 Pater
3287 1811 3457 1852 unum

1785 1834 1836 1896 B
1866 1863 1992 1908 sunt
2017 1855 2149 1912 dicit
2172 1873 2188 1913 :
2211 1857 2449 1918 Gloriam
2470 1883 2640 1922 meam
2662 1834 2816 1927 alleri
2843 1834 2947 1930 rion
2973 1876 3130 1934 dabo.
3177 1881 3370 1938 Petere
3402 1893 3460 1940 et

1863 1945 1993 2003 dare
2022 1964 2128 2005 non
2157 1961 2241 2008 est
2269 1958 2474 2025 aequale
2501 1977 2514 2013 ε
2539 1961 2670 2018 dare
2698 1966 2929 2034 domini,
2957 1980 3145 2041 petere
3173 1977 3338 2032 servi.
3380 1978 3459 2034 De

1859 2055 1966 2110 quo
1985 2043 2173 2101 beatus
2188 2045 2425 2106 Isidorus
2437 2052 2584 2121 dicit,
2603 2055 2663 2111 In
2677 2056 2852 2115 forma
2868 2065 3010 2118 servi
3025 2080 3234 2134 servus,
3262 2071 3317 2126 in
3345 2069 3457 2127 for-

1858 2146 1947 2187 ma
1964 2134 2178 2192 Domini
2193 2139 2452 2199 Dominus
2464 2147 2628 2202 servi.
2648 2148 2785 2206 Nam
2801 2161 2857 2207 et
2865 2153 3151 2224 Apostolus
3163 2161 3295 2218 dicit
3315 2177 3330 2216 :
3351 2164 3458 2231 Qui

1858 2241 1976 2278 cum
1997 2227 2054 2281 in
2074 2227 2249 2298 forma
2267 2231 2367 2288 Dei
2385 2245 2535 2303 esset,
2560 2255 2665 2294 non
2683 2243 2921 2313 rapinam
2944 2248 3227 2306 arbitratus
3250 2262 3325 2308 est
3343 2271 3456 2313 esse

1855 2331 1912 2370 se
1925 2319 2178 2388 tequalem
2196 2321 2320 2389 Deo,
2337 2326 2427 2380 sed
2445 2331 2778 2402 semetipsum
2797 2337 3082 2394 exiuanivit
3104 2341 3330 2412 formam
3350 2364 3456 2403 ser-

1855 2409 1905 2463 vi
1930 2412 2212 2482 accipiens.
2254 2413 2570 2475 Humiliavit
2592 2439 2648 2478 se
2669 2440 2832 2497 usque
2858 2427 2927 2482 ad
2959 2409 3202 2500 mortem,
3233 2446 3453 2495 mortem

1854 2507 2030 2557 autem
2051 2503 2338 2579 crucis.[De
2359 2513 2475 2580 ipso
2499 2512 2554 2567 in
2574 2514 2869 2588 Evangelio
2890 2522 3108 2591 dicitur,
3125 2523 3236 2582 Fili
3255 2528 3452 2600 David,

1853 2595 2097 2653 miserere
2117 2602 2240 2656 mei.
2280 2603 2347 2659 Et
2368 2605 2582 2674 iterum,
2616 2609 2773 2666 Dabit
2803 2614 2896 2668 tibi
2920 2616 3178 2676 Dominus
3208 2623 3351 2680 Deus
3372 2595 3454 2683 se;

1854 2685 1970 2742 dem
1997 2689 2168 2747 David
2187 2696 2353 2764 patris
2373 2699 2476 2751 sui.
2508 2699 2649 2757 Ecce
2671 2703 2715 2758 si
2740 2707 3034 2764 secundum
3058 2710 3454 2786 humanitatem

1853 2778 1997 2870 iilius
2022 2791 2106 2838 est
2131 2784 2321 2854 David,
2353 2789 2470 2846 sine
2493 2792 2657 2850 dubio
2686 2795 2753 2867 de
2782 2799 3034 2870 adoptivo
3071 2811 3127 2858 et
3159 2819 3316 2861 servo
3354 2781 3456 2865 Dei

1852 2869 2048 2940 Patris,
2075 2885 2130 2931 et
2153 2877 2323 2948 ipsius
2350 2879 2474 2938 Filii
2498 2892 2551 2940 et
2581 2885 2816 2958 Spiritus
2846 2869 3019 2948 sancti
3052 2896 3338 2968 adoptivus
3365 2917 3456 2957 se-

1853 2966 2089 3021 cundum
2127 2969 2539 3042 humanitatem,
2571 2985 2627 3034 et
2651 2994 2840 3038 servus
2888 2999 3010 3040 esse
3047 2966 3304 3046 creditur.
3344 2992 3456 3049 Ad-

1852 3057 2092 3126 optivum
2121 3061 2353 3120 dicimus
2398 3067 2453 3121 in
2486 3069 2601 3124 sola
2648 3070 2824 3129 forma
2861 3078 3139 3136 servitutis
3181 3083 3452 3156 humanm,

1853 3163 1963 3204 non
1986 3152 2040 3205 in
2063 3153 2234 3224 gloria
2255 3158 2340 3212 vel
2360 3161 2664 3219 substantia
2686 3167 2882 3224 divina:
2904 3181 3131 3229 naturae.
3167 3152 3457 3237 Proximus

1853 3239 1944 3296 ille
1969 3242 2082 3298 Deo
2111 3254 2223 3312 est,
2253 3249 2345 3319 qui
2371 3251 2475 3306 scit
2497 3256 2708 3312 ratione
2738 3265 2935 3315 tacere.
2981 3263 3060 3318 Tu
3090 3280 3252 3335 vero,
3284 3267 3458 3328 frater

1849 3330 2074 3402 Albine,
2107 3339 2229 3393 vide
2255 3356 2324 3396 ne
2350 3343 2544 3400 similis
2570 3348 2646 3402 sis
2669 3349 2848 3407 levitis
2879 3353 2986 3410 illis
3011 3371 3146 3426 quos
3171 3360 3227 3413 in
3258 3361 3456 3420 Vetere

1853 3423 2203 3485 Testamento
2253 3445 2518 3490 memorat
2565 3438 2791 3495 dicens:
2820 3441 2923 3508 Qui
2969 3423 3241 3516 oﬁ—‘erentes
3279 3452 3453 3522 ignem

1852 3513 2102 3583 alienum,
2158 3521 2336 3578 divina
2394 3525 2591 3583 ultione
2636 3535 2870 3600 percussi
2918 3513 3245 3596 interierunt.
3298 3513 3455 3602 Sicut

1851 3613 1906 3662 et
1932 3616 1991 3663 tu
2013 3610 2329 3671 intromittis
2351 3618 2652 3677 doctrinam
2671 3624 3012 3698 diabolicam,
3038 3633 3279 3704 desuem,
3301 3638 3454 3695 illum

1851 3702 2256 3774 Antiphrasium
2284 3709 2509 3767 Beatum
2534 3724 2800 3772 exortum.
2833 3720 3060 3793 Eloquia
3094 3735 3182 3783 tua
3210 3702 3453 3791 exterius

1850 3795 2102 3853 videntur
2127 3814 2248 3856 esse
2273 3803 2542 3872 melliflua,
2581 3816 2638 3863 et
2671 3809 2899 3869 interius
2933 3818 3206 3876 absinthio
3240 3833 3296 3879 et
3327 3824 3454 3883 felle

1851 3890 2140 3946 ainariora.
2167 3890 2341 3965 Opera
2355 3894 2643 3967 justiiicas,
2674 3911 2729 3958 et
2753 3907 3072 3966 credulitate
3096 3916 3446 3974 condemnas.

1849 3978 2040 4039 Oleum
2096 3992 2244 4042 tuum
2291 3999 2598 4048 murcatum
2643 4011 2751 4052 non
2803 3999 3104 4073 impinguet
3155 4020 3318 4080 caput
3352 4029 3450 4070 no-

1851 4081 2027 4132 strum

1922 4167 2010 4221 il.
2042 4169 2246 4226 lterum
2274 4173 2584 4234 testimonia
2613 4189 2927 4239 sanctorum
2970 4183 3192 4245 Patrum
3221 4207 3450 4252 venera-

1847 4258 2039 4316 bilium
2090 4261 2284 4321 Toleto.
2318 4267 2739 4327 deservientium
2785 4275 2839 4329 in
2879 4278 3169 4336 missarum
3209 4286 3448 4344 oraculis

1848 4352 1993 4407 edita
2015 4353 2094 4409 sic
2113 4355 2317 4412 dicunt.
2347 4359 2404 4414 In
2435 4361 2600 4418 missa
2623 4365 2690 4420 de
2715 4365 2881 4423 Coena
2912 4370 3128 4427 Domini
3161 4392 3172 4427 :
3218 4374 3319 4441 Qui
3346 4393 3447 4446 per
3482 4407 3486 4411 -

1848 4447 2087 4517 adoptivi
2127 4451 2362 4509 hominis
2391 4457 2720 4526 passionem,
2769 4462 2898 4518 dum
2928 4481 3028 4520 suo
3057 4484 3162 4524 non
3203 4471 3446 4544 indulget

139 4558 229 4595 me
259 4543 401 4596 calix
427 4543 524 4596 iste
541 4584 555 4607 ,
587 4561 690 4597 non
717 4545 849 4598 sicut
877 4561 970 4617 ego
995 4544 1140 4611 volo,
1159 4546 1259 4601 sed
1287 4547 1423 4601 sicut
1450 4557 1507 4601 tu
1535 4549 1628 4602 vis.
1667 4548 1744 4604 De

1854 4543 2083 4610 corpori,
2110 4553 2296 4602 nostro
2325 4547 2563 4618 demum,
2598 4553 2652 4607 id
2674 4563 2759 4610 cst
2797 4556 3014 4624 iterum,
3051 4577 3155 4616 non
3180 4543 3442 4634 pepercit.

143 4631 268 4700 ipso
295 4631 392 4685 Dei
423 4630 560 4686 Filio
593 4649 698 4688 vox
736 4633 914 4689 Patris
959 4636 1025 4690 de
1069 4636 1205 4692 oculo
1245 4637 1522 4708 discipulis
1555 4638 1745 4709 illapsa

138 4731 248 4786 est,
285 4721 507 4778 dicens:
535 4722 638 4778 Hic
663 4734 736 4779 est
767 4724 942 4781 Filius
971 4745 1114 4782 meus
1143 4729 1383 4796 dilectus,
1412 4732 1465 4785 in
1486 4749 1588 4803 quo
1617 4734 1744 4788 mihi

139 4814 274 4868 bene
296 4814 609 4885 complacui,
633 4817 803 4888 ipsum
825 4819 1020 4874 audite.
1053 4820 1130 4876 De
1149 4822 1267 4890 ipso
1288 4824 1482 4878 iterum
1509 4840 1613 4880 vox
1641 4824 1744 4880 Pa-

140 4905 270 4969 tris,
311 4903 448 4959 Ecce
477 4905 726 4978 intelliget
756 4927 932 4964 serv-us
958 4927 1123 4977 meus,
1155 4920 1260 4969 etc.
1292 4914 1361 4969 Et
1390 4915 1603 4982 iterum,
1640 4916 1744 4970 Ec-

136 5012 199 5051 ce
220 5013 406 5050 serrus
432 5013 598 5064 meus,
627 5001 908 5071 suscipiam
929 5018 1078 5067 eum;
1102 5003 1293 5060 electus
1315 5023 1480 5074 meus,
1513 5007 1744 5078 compla-

133 5089 252 5143 cuit
281 5088 383 5142 sibi
406 5090 463 5142 in
486 5089 579 5144 illo
602 5091 779 5145 anima
801 5109 936 5147 mea.
966 5093 1099 5149 Dedi
1123 5097 1365 5167 spiritum
1391 5115 1563 5152 meum
1587 5117 1744 5171 super

133 5197 286 5245 eum,
314 5179 466 5234 illum
491 5181 739 5237 videlicet
763 5184 1058 5254 septiformi
1082 5189 1253 5257 gratia
1277 5189 1516 5258 plenum,
1542 5191 1609 5246 de
1635 5209 1742 5261 quo

129 5271 411 5343 propheta
437 5273 586 5340 dicit,
615 5274 871 5346 Spiritum
895 5279 1163 5349 sapientia:
1185 5290 1231 5333 et
1253 5281 1475 5347 virtutis,
1497 5284 1740 5356 spiritum

129 5363 357 5417 consilii
381 5372 430 5416 et
449 5365 773 5434 fortitudinis
789 5410 804 5435 ,
829 5370 1070 5440 spiritum
1090 5372 1318 5427 scientia:
1340 5385 1387 5428 et
1411 5375 1637 5445 pietatis.
1669 5377 1741 5432 Et

127 5455 360 5526 replevit
387 5473 505 5510 eum
533 5461 746 5530 spiritus
774 5464 976 5518 timoris
1004 5462 1239 5519 Domini.
1282 5468 1421 5523 Ecce
1454 5469 1595 5526 Deus
1632 5471 1737 5526 Pa-

126 5555 222 5602 ter
256 5546 562 5617 complacet
589 5549 645 5604 in
681 5551 838 5618 Filio,
866 5555 1166 5626 complacet
1191 5558 1246 5612 in
1273 5575 1448 5627 servo,
1476 5571 1530 5617 et
1556 5563 1740 5634 displi-

121 5651 266 5693 cere
291 5641 496 5707 poterit
520 5639 576 5695 in
607 5643 891 5713 adoptivo?
919 5646 996 5702 De
1025 5648 1141 5719 ipso
1168 5648 1263 5706 Dei
1291 5650 1428 5708 Filio
1454 5652 1738 5712 Psalmista

122 5727 294 5796 dicit,
324 5731 570 5787 Ascendit
600 5734 658 5790 in
685 5735 869 5804 altum,
899 5741 1153 5813 captivam
1186 5741 1333 5797 duxit
1366 5747 1732 5817 captivitatem.

121 5817 284 5876 Ecce
309 5820 560 5892 captivus
583 5825 782 5883 dicitur
804 5845 940 5895 esse,
973 5843 1028 5887 et
1050 5849 1222 5904 quare
1247 5852 1351 5892 non
1378 5838 1588 5896 dicatur
1619 5860 1735 5898 car-

555 5921 822 5985 Pnaoc.
861 5924 1081 6011 XCVI.

1846 4630 1982 4687 item
2013 4635 2070 4690 in
2105 4637 2273 4693 missa
2296 4639 2363 4694 de
2390 4645 2546 4698 tertia
2580 4646 2713 4702 feria
2743 4647 2964 4707 Paschze
2991 4668 3006 4706 :
3049 4630 3291 4726 Respice,
3340 4661 3446 4717 Do.

1847 4725 2030 4794 mine,
2090 4735 2307 4785 tuorum
2356 4733 2596 4791 ﬁdelium
2651 4739 3073 4812 multitudinem,
3129 4725 3292 4817 quam
3341 4767 3443 4822 per

1846 4818 2149 4888 adoptionis
2168 4824 2397 4893 gratiam
2423 4827 2560 4883 Filio
2588 4837 2680 4885 tuo
2701 4829 2880 4888 facere
2909 4835 3159 4906 dignatus
3186 4854 3244 4894 es
3267 4818 3444 4898 colla:-

1845 4911 2048 4966 redem.
2073 4912 2205 4968 Item
2247 4916 2301 4971 in
2338 4918 2500 4975 missa
2523 4921 2589 4975 de
2615 4924 2802 4992 quinta
2831 4925 2966 4982 feria
2994 4928 3215 4988 Paschze
3239 4949 3255 4988 :
3296 4934 3442 4992 Prac-

1845 5005 2010 5059 cessit
2045 5008 2260 5075 quidem
2285 5010 2339 5064 in
2375 5013 2659 5082 adoptione
2685 5017 2906 5088 donum,
2938 5025 3031 5078 sed
3071 5027 3246 5084 adhuc
3270 5040 3443 5088 restat

1846 5096 1899 5150 in
1927 5102 2336 5158 conversatione
2359 5102 2643 5173 judicium.
2690 5109 2822 5165 Item
2847 5113 2955 5182 ibi,
3007 5117 3235 5189 Dignum
3275 5133 3329 5178 et
3350 5123 3442 5194 ju-

1844 5202 1988 5247 stum
2026 5204 2130 5262 est,
2181 5197 2418 5253 salutare
2449 5201 2604 5256 no’bis
2650 5212 2812 5274 atque
2857 5213 3204 5283 conveniens,
3235 5219 3439 5288 gratias

1843 5300 2028 5356 agerc,
2068 5287 2253 5343 laudes
2295 5288 2630 5359 impendere,
2675 5295 2978 5372 intelligere
3017 5287 3263 5373 munera,
3312 5321 3438 5366 vota

1842 5379 2053 5435 deferre
2088 5381 2185 5437 tibi
2224 5384 2563 5454 omnipotens
2589 5387 2768 5458 Pater,
2801 5403 2854 5448 et
2891 5394 3020 5453 Jesu
3057 5398 3273 5456 Christo
3296 5403 3437 5460 Filio

1841 5478 1933 5526 tuo
1960 5471 2187 5529 Domino
2214 5484 2398 5532 nostro
2417 5518 2431 5544 ,
2462 5480 2553 5549 qui
2580 5482 2765 5551 pietati
2802 5495 2906 5543 tute
2945 5505 3045 5560 per
3075 5493 3313 5563 adoptivi
3339 5496 3437 5551 ho-

1841 5564 2001 5618 minis
2028 5567 2334 5636 passionem
2365 5571 2521 5640 quasi
2553 5575 2810 5643 quasdam
2851 5579 2905 5634 in
2939 5585 3224 5652 praesentis
3249 5586 3436 5656 populi
3477 5593 3484 5598 "

1839 5659 2196 5729 acquisitione
2228 5664 2532 5734 manubias,
2574 5683 2698 5724 cum
2735 5686 2842 5727 non
2863 5673 3060 5729 exierit
3085 5691 3116 5731 e
3141 5675 3300 5741 coelo,
3341 5689 3436 5730 ex-

1838 5753 2074 5811 hibuerit
2120 5772 2150 5811 e
2197 5760 2491 5832 triumpho.
2535 5763 2668 5819 Item
2713 5765 2767 5820 in
2806 5768 2969 5823 missa
3001 5769 3068 5823 de
3099 5767 3435 5824 Ascensione

1839 5849 2074 5919 Domini,
2118 5852 2286 5908 Ilodie
2317 5853 2567 5912 Salvator
2592 5867 2778 5914 noster
2803 5875 2901 5929 per
2939 5860 3284 5931 adoptionem
3311 5873 3432 5916 car-

2912 5951 2990 6011 28
