3952 6318
559 305 668 366 875

1394 303 1802 372 ELIPANDUS,
1841 303 2070 372 FELlX,
2109 303 2460 369 nummus
2494 307 2586 366 ET
2625 304 2684 362 s.
2721 302 3014 363 BEATUS.
3625 323 3696 380 εκ

557 417 644 476 nis
675 416 858 474 sedem
904 417 1122 490 repetiit
1161 416 1421 486 deitatis;
1478 419 1638 478 hodie
1683 418 1956 476 hominem
1987 433 2146 474 suum
2171 424 2373 486 Amen
2413 418 2646 478 insontis
2681 420 2882 479 occisio
2908 419 3193 491 redemptio
3213 419 3364 480 fuerit
3387 429 3558 484 mandi.
3582 429 3694 492 Aere

555 507 742 564 intulit
782 504 952 574 Patri,
1001 523 1162 579 quem
1197 503 1390 564 obtulit
1420 507 1692 582 passioni,
1727 503 1874 564 hunc
1905 507 2152 564 exaltans

557 597 613 654 in
641 595 792 655 omits
829 611 988 670 quem
1037 596 1413 654 humiliaverat
1452 597 1508 654 in
1546 596 1812 664 infernis;
1863 599 1913 656 is
1940 599 2152 656 visurus

529 689 805 762 gloriam,
838 689 929 760 qui
965 688 1177 745 viderat
1210 689 1562 762 sepulturam.
1603 689 1741 746 Item
1764 690 1822 746 in
1843 689 2009 746 missa
2033 705 2154 746 san-

555 777 628 841 cti
656 779 891 852 Sperati,
914 776 1140 852 lngeniti
1169 779 1347 838 Patris
1377 781 1685 854 Unigenite,
1712 779 1884 836 Filius
1912 779 2007 840 Dei
2031 779 2153 852 Spi-

558 874 668 931 ritu
717 881 908 930 sancto
952 879 1255 930 coaeternus
1293 881 1348 930 et
1397 871 1905 940 consubstantialis,
1943 871 2037 944 qui
2083 872 2152 929 ab

558 982 686 1023 arce
715 966 859 1022 sedis
890 967 1137 1022 aetherem
1162 963 1322 1035 hujus
1355 964 1542 1020 mundi
1583 962 1770 1020 inﬁma
1800 971 2010 1036 petens,
2056 963 2154 1018 ad-

557 1057 726 1128 optivi
774 1053 1008 1113 hominis
1052 1071 1162 1113 non
1211 1056 1476 1113 horruisti
1517 1055 1902 1114 vestimentum
1939 1069 2157 1116 sumere

557 1148 760 1218 carnis,
794 1155 850 1204 et
883 1145 952 1204 ad
983 1145 1358 1204 liberationem
1399 1147 1638 1204 ﬁdelium
1667 1165 1775 1205 non
1807 1163 1868 1204 es
1901 1149 2154 1218 dedigna-

557 1251 645 1298 tus
667 1242 723 1296 in
740 1239 912 1296 forma
927 1241 1094 1309 servi,
1122 1241 1271 1297 salva
1303 1239 1608 1308 divinitate,
1639 1239 1692 1296 in
1723 1250 1925 1297 statera
1955 1257 2156 1314 appen-

556 1333 685 1389 dere
707 1332 906 1400 crucis,
935 1339 990 1387 et
1014 1329 1257 1402 perferre
1276 1329 1504 1389 exitium
1535 1318 1754 1388 sustulit
1780 1331 1990 1386 mortis.
2020 1331 2155 1388 item

557 1424 614 1480 in
667 1422 832 1479 missa
873 1415 1277 1488 defunctorum,
1319 1423 1548 1479 Domine
1595 1419 1725 1477 Jesu
1761 1421 2008 1488 Christe,
2060 1421 2156 1492 qui

555 1529 686 1572 vera
717 1527 778 1571 es
804 1515 917 1570 vita
938 1514 1291 1572 credentium
1313 1555 1328 1581 ,
1369 1513 1466 1569 tibi
1499 1529 1598 1585 pro
1620 1509 1887 1569 defunctis
1910 1511 2156 1568 ﬁdelibus

557 1607 884 1666 sacriﬁcium
919 1605 1065 1662 istud
1093 1605 1390 1670 oii'erimus,
1419 1606 1788 1672 obsecrantes,
1836 1612 1896 1659 ut
1935 1619 2158 1676 regene-

558 1705 785 1762 rationis
815 1703 966 1760 i'Onte
990 1711 1268 1778 purgatos,
1309 1713 1364 1758 et
1406 1701 1798 1759 tentationibus
1835 1702 2023 1757 mundi
2062 1716 2156 1760 ex-

2248 517 2446 581 perunt
2473 509 2627 581 justi,
2665 526 2776 566 non
2809 511 3068 572 dederunt
3099 525 3346 570 coronas:
3380 523 3430 572 et
3469 518 3524 576 de
3551 520 3696 580 fortitu-

2249 602 2398 659 dine-
2423 601 2662 662 ﬁdelium
2705 602 2949 674 exempla
3001 610 3124 661 sunt
3163 605 3440 676 patientia,
3485 627 3576 669 non
3607 617 3700 672 dou

2242 691 2488 764 iustitiae.
2539 693 2854 768 Singulares
2895 695 3092 768 quippe
3133 696 3186 752 in
3215 697 3416 770 singulis
3439 716 3604 762 mortes
3629 705 3701 766 iue-

2251 797 2399 852 runt,
2426 801 2527 844 nec
2545 786 2768 845 alterius
2790 784 3072 858 quisquam
3093 785 3252 846 debiti
3272 790 3347 847 sui
3369 790 3506 850 ﬁnem
3525 798 3703 868 pnituit

2251 895 2376 936 eum
2399 879 2540 934 inter
2563 877 2698 936 alios
2725 877 3004 935 hominum
3027 894 3163 936 unus
3189 879 3322 936 solus
3346 881 3564 941 Dominus
3582 895 3704 942 noster

2251 969 2410 1026 Jesus
2435 966 2715 1036 Christus,
2765 969 2857 1040 qui
2904 984 3028 1035 vere
3051 980 3164 1030 erat
3205 970 3374 1044 Agnus
3410 975 3704 1046 immaculatus,

2253 1061 2541 1126 exstiterit,
2588 1062 2640 1116 in
2685 1077 2793 1132 quo
2829 1077 3018 1118 omnes
3049 1061 3281 1118 cruciﬁxi
3303 1103 3319 1129 ,
3361 1079 3520 1122 omnes
3557 1069 3732 1136 moturi,

2253 1167 2442 1208 omnes
2471 1150 2686 1222 sepulti,
2718 1167 2910 1208 omnes
2935 1159 3062 1207 sunt
3084 1152 3241 1208 etiam
3272 1153 3521 1212 susoitati?
3556 1156 3613 1212 De
3633 1158 3706 1226 qui-

2253 1243 2356 1298 bus
2385 1242 2497 1312 ipse
2519 1239 2730 1297 dicebat
2755 1256 2771 1296 :
2806 1239 2938 1296 Cum
2967 1239 3218 1296 excitatus
3239 1240 3376 1312 fuero
3395 1261 3424 1297 α
3444 1255 3572 1310 terra,
3592 1247 3708 1299 omnia

2255 1335 2463 1390 traham
2495 1333 2565 1391 ad
2605 1351 2688 1390 me
2713 1335 2908 1407 ipsum.
2948 1327 3108 1414 Fides
3147 1335 3337 1392 etenim
3367 1337 3709 1414 verajustiﬁcans

2257 1427 2471 1500 impios,
2511 1437 2566 1484 et
2591 1443 2785 1486 creans
2806 1425 2999 1498 justus,
3043 1411 3112 1484 ad
3150 1411 3470 1484 humanitatis
3491 1444 3578 1484 sua:
3597 1436 3708 1482 tracta

2256 1521 2620 1593 participium,
2648 1522 2702 1576 in
2734 1520 2824 1576 illo
2843 1519 3078 1592 acquirit
3103 1517 3340 1588 salutem,
3362 1521 3412 1578 in
3433 1537 3486 1578 eo
3503 1521 3589 1576 solo
3605 1521 3710 1576 homo

2257 1629 2317 1669 se
2343 1614 2547 1669 invenit
2573 1614 2917 1670 innocentem
2935 1655 2950 1680 ,
2992 1614 3220 1668 liberum
3256 1615 3442 1670 habens
3464 1627 3540 1684 per
3557 1613 3710 1684 gratiam

2259 1707 2376 1774 Dei,
2405 1707 2471 1762 de
2498 1703 2613 1776 ejus
2637 1705 2877 1774 potentia
2903 1705 3144 1776 gloriari.
3176 1703 3273 1772 Qui
3299 1712 3466 1760 contra
3485 1699 3631 1760 hostem
3648 1701 3711 1756 liti-

557 1807 798 1872 emptos,
825 1799 1109 1856 beatorum
1130 1814 1357 1854 numero
1388 1799 1626 1868 digneris
1655 1798 1916 1866 inserere,
1946 1804 2002 1854 et
2019 1812 2156 1870 quos
2182 1783 2234 1846 Β
2261 1801 2408 1857 mani
2435 1798 2652 1871 generis
2677 1799 2734 1853 in
2754 1799 2934 1856 carnis
2960 1806 3160 1854 nostra:
3183 1781 3460 1853 humilitate
3477 1809 3708 1866 congressus,

559 1889 738 1950 fecisti
774 1888 1080 1961 adoptionis
1112 1889 1422 1960 participes,
1459 1885 1656 1958 iubeas
1693 1887 2024 1943 hiereditatis
2053 1894 2160 1942 tua)

559 1997 680 2041 esse
698 1988 997 2038 Consortes.
1023 1976 1157 2035 Nam
1184 1988 1239 2036 et
1264 1979 1640 2052 ipsicanimus
1665 1978 1720 2034 in
1741 1977 1925 2050 vigilia
1938 1977 2162 2034 Pascha:

559 2076 721 2132 beato
760 2070 968 2130 lsidoro
993 2071 1224 2139 dicente,
1267 2063 1446 2128 induit
1481 2086 1724 2138 carnem,
1757 2067 1852 2126 sed
1879 2085 1989 2126 non
2013 2068 2164 2124 exuit

559 2165 899 2238 maiestatem
927 2185 941 2221 :
975 2171 1218 2222 nostram
1240 2163 1602 2221 substantiam
1622 2171 1900 2236 expetens,
1927 2161 2023 2218 sed
2045 2175 2166 2232 pro-

557 2257 738 2334 priam
761 2273 868 2312 non
897 2256 1232 2327 relinquens.

633 2351 721 2406 i2.
753 2349 992 2422 Epistola
1013 2349 1210 2404 Leonis
1233 2345 1299 2404 ad
1327 2343 1560 2404 Leonem
1575 2345 1904 2420 Augustum,
1927 2344 2080 2414 Quod
2110 2345 2166 2400 in

560 2453 670 2502 una
695 2441 909 2499 Domini
951 2439 1080 2496 Jesu
1111 2439 1313 2496 Christi
1346 2456 1580 2511 persona
1611 2441 1827 2512 gemina
1857 2441 1928 2495 sit
1948 2437 2183 2514 deitatis‘

559 2543 618 2594 et
661 2532 1016 2591 humanitatis
1063 2531 1352 2587 asserenda
1405 2540 1616 2586 natura.
1673 2529 1994 2600 Quicunque
2037 2543 2167 2598 ergo

561 2627 641 2685 illi
662 2632 789 2681 sunt
821 2625 898 2678 ita
927 2622 1205 2688 obcaecati,
1243 2630 1300 2677 et
1340 2637 1372 2676 a
1397 2621 1604 2678 lumine
1631 2613 1876 2676 veritatis
1901 2619 2082 2684 alieni,
2108 2625 2170 2674 ut

565 2718 729 2775 verbo
766 2715 864 2772 Dei
904 2729 937 2770 a
976 2724 1220 2785 tempore
1256 2713 1648 2772 incarnationis
1692 2714 1942 2770 humanae
1985 2713 2169 2770 carnis

565 2809 831 2881 denege'nt
869 2807 1174 2873 veritatem,
1201 2807 1489 2864 ostendant
1527 2807 1583 2862 in
1623 2823 1732 2878 quo
1772 2807 1876 2864 sibi
1907 2806 2170 2864 Christia-

563 2915 698 2957 num
738 2903 936 2954 nomen
979 2905 1264 2967 usurpent,
1321 2902 1375 2954 et
1422 2914 1547 2954 eum
1588 2897 1886 2970 Evangelio
1924 2896 2168 2952 veritatis

567 3003 675 3062 qua
704 2989 918 3046 ratione
943 2988 1300 3052 concordent,
1355 2989 1402 3046 si
1427 2985 1601 3046 beatas
1621 2989 1864 3062 Virginis
1893 2997 2049 3060 partu
2077 2996 2170 3042 aut

569 3095 700 3142 caro
722 3081 840 3138 sine
861 3082 1081 3148 deitate,
1111 3089 1204 3136 aut
1240 3077 1415 3138 deitas
1439 3089 1524 3139 est
1554 3091 1676 3139 orta
1702 3081 1820 3138 sine
1849 3098 2032 3138 carne.
2051 3081 2170 3136 Sic-

569 3184 628 3234 ut
651 3175 798 3232 eniin
827 3175 1014 3247 negari
1060 3191 1167 3230 non
1197 3175 1396 3246 putest,
1422 3173 1752 3248 evangelista
1773 3174 2002 3241 dicente,
2026 3171 2172 3244 quod

585 3265 810 3324 Verbum
843 3267 967 3322 caro
992 3265 1190 3337 factum
1217 3278 1311 3332 est,
1338 3266 1386 3320 et
1409 3255 1661 3320 habitavit
1698 3265 1756 3320 in
1779 3262 1947 3332 nobis,
1974 3265 2053 3320 ita
2077 3279 2174 3320 ne-

569 3361 687 3436 gari
732 3361 840 3418 non
882 3368 1098 3434 potest,
1133 3361 1294 3416 beato
1316 3359 1486 3416 Paulo
1515 3351 1774 3432 Apostolo
1819 3357 2171 3430 praedicante,

569 3451 716 3526 quod
745 3453 886 3509 Deus
915 3460 1030 3508 erat
1057 3451 1115 3508 in
1158 3449 1366 3507 Christo
1393 3450 1649 3505 mundum
1679 3447 2025 3504 reconcilians
2049 3447 2170 3502 sibi.

570 3545 702 3615 Quae
737 3553 919 3602 autem
964 3543 1332 3601 reconciliatio
1373 3551 1552 3613 potest
1589 3558 1741 3610 esse,
1790 3557 1896 3613 qua
1937 3535 2175 3596 humano

571 3639 759 3710 generi
787 3636 1239 3708 repropitiaretur
1259 3633 1420 3700 Deus,
1446 3635 1550 3690 nisi
1582 3635 1826 3689 omnium
1864 3648 2030 3689 causa
2062 3647 2176 3687 me-

571 3727 752 3788 diator
775 3729 872 3785 Dei
897 3735 952 3784 et
978 3729 1260 3785 hominum
1287 3744 1508 3784 carnem
1537 3723 1876 3798 susciperet?
1907 3723 2022 3792 Qua
2045 3739 2177 3780 vero

573 3822 789 3878 ratione
827 3819 1114 3876 veritatem
1160 3819 1474 3874 mediatoris
1517 3815 1786 3888 impleret,
1840 3815 1946 3871 nisi
1983 3815 2076 3886 qui
2119 3814 2178 3869 in

573 3911 750 3970 forma
774 3910 873 3966 Dei
914 3910 1138 3980 aequalis
1177 3915 1259 3965 est
1295 3909 1479 3975 Patri,
1529 3907 1585 3963 in
1613 3905 1789 3962 forma
1819 3905 1962 3961 servi
2005 3905 2178 3977 parti-

574 4017 704 4076 ceps
729 4011 875 4060 esset
898 4011 955 4058 et
984 4001 1202 4058 nostri?
1233 4001 1304 4058 Ut
1328 4001 1518 4055 mortis
1541 3998 1834 4064 vinculum,
1860 3983 2020 4054 unius
2043 4013 2178 4068 pra:-

573 4096 910 4164 varicatione
930 4102 1288 4158 contractum,
1319 4094 1482 4148 unius
1507 4099 1703 4156 morte,
1729 4090 1823 4160 qui
1843 4089 1992 4144 solus
2013 4087 2178 4143 morti

573 4189 710 4247 nihil
747 4187 955 4255 debuit,
983 4181 1326 4243 solveretur?
1372 4182 1575 4238 Eii‘usio
1606 4181 1750 4236 enim
1783 4195 1883 4250 pro
1915 4178 2179 4235 ministris

573 4277 854 4354 sanguinis
901 4277 1102 4336 Christi
1145 4271 1257 4331 tam
1302 4272 1403 4330 ibit
1437 4269 1588 4330 dives
1629 4271 1699 4326 ad
1728 4270 1996 4343 pretium,
2035 4277 2096 4325 ut
2131 4269 2179 4325 si

573 4373 904 4432 universitas
944 4371 1281 4442 captivorum
1321 4370 1374 4424 in
1405 4367 1824 4438 Redemptorem
1857 4381 2017 4421 suum
2051 4379 2176 4420 cre-

2261 1893 2346 1949 his
2375 1891 2660 1948 victoriam
2688 1906 2841 1948 suam
2865 1890 3059 1946 tribuit
3082 1891 3137 1946 in
3157 1903 3375 1962 quorum
3398 1903 3576 1960 corpore
3589 1887 3712 1942 trium-

2261 1981 2468 2052 phavit.

2334 2074 2422 2128 15.
2447 2073 2601 2129 Licet
2625 2087 2755 2145 ergo
2787 2071 2844 2126 in
2871 2087 2980 2128 uno
3011 2071 3242 2128 Domino
3269 2080 3437 2126 nostro
3457 2063 3558 2124 Jesu
3573 2065 3712 2122 Christo

2264 2152 2394 2222 vero
2439 2165 2550 2220 Deo
2598 2173 2758 2234 atque
2787 2161 3022 2220 hominis
3059 2163 3170 2220 lilio
3221 2163 3370 2220 Verbi
3407 2174 3455 2218 et
3489 2162 3621 2218 carnis
3647 2174 3714 2214 una

2264 2272 2494 2328 persona
2525 2255 2616 2324 sit,
2665 2271 2786 2326 qua:
2835 2255 3270 2326 inseparabiliter
3294 2264 3436 2326 atque
3461 2249 3630 2308 indivise
3645 2264 3714 2304 om-

2267 2366 2366 2406 nes
2403 2351 2598 2406 habeat
2627 2348 2899 2416 actiones,
2940 2347 3296 2419 intelligenda:
3333 2357 3489 2402 tamen
3519 2353 3609 2399 sunt
3629 2342 3716 2412 ipso-

2268 2456 2388 2498 rum
2417 2455 2642 2510 operum
2678 2439 3002 2508 qualitates;
3041 2448 3100 2494 et
3129 2438 3344 2494 sincera:
3371 2437 3476 2492 ﬁdei
3497 2431 3715 2500 contempla-

2271 2531 2416 2591 tione
2451 2527 2778 2584 cernendum
2819 2538 2921 2592 est,
2963 2527 3029 2584 ad
3061 2545 3181 2600 quae
3223 2527 3514 2600 provehatur
3539 2521 3717 2578 humilitas

2269 2621 2472 2688 carnis,
2519 2628 2575 2676 et
2609 2619 2678 2676 ad
2711 2636 2830 2690 quae
2865 2619 3156 2676 inclinetur
3194 2617 3404 2675 altitudo
3429 2613 3621 2672 deitatis:
3642 2606 3718 2679 quit

2271 2712 2340 2770 sit
2379 2696 2538 2784 quod.
2566 2729 2695 2768 caro
2731 2712 2847 2768 sine
2871 2711 3052 2768 Verbo
3080 2728 3186 2767 non
3216 2712 3340 2784 agit,
3363 2719 3412 2765 et
3433 2706 3536 2778 quid
3553 2704 3604 2759 sit
3633 2695 3719 2769 quod

2274 2801 2511 2863 Verbum
2531 2806 2648 2861 sine
2675 2820 2839 2860 carne
2873 2822 2980 2860 non
3015 2804 3200 2860 cilicit.
3245 2804 3366 2859 Sine
3388 2802 3508 2856 enim
3537 2793 3720 2863 Verbipo-

2272 2902 2442 2958 tentia
2466 2915 2567 2960 nec
2595 2900 2905 2971 conciperet
2925 2899 3104 2970 virgo,
3140 2915 3238 2954 nec
3261 2904 3487 2968 pareret;
3513 2901 3554 2946 et
3575 2890 3654 2946 sine
3672 2900 3722 2940 te-

2271 2991 2432 3048 ritate
2473 2991 2656 3047 carnis
2696 2991 2950 3046 obvoluta
2981 2990 3178 3060 pannis
3222 2987 3430 3044 infantia
3465 2999 3551 3038 non
3573 2978 3722 3050 iaceret

2274 3081 2404 3138 Sine
2460 3081 2618 3138 Verbi
2670 3083 2909 3152 potentia
2958 3097 3070 3138 non
3117 3083 3394 3156 adorarent
3429 3074 3542 3147 Magi
3580 3081 3723 3144 puemll

2275 3173 2428 3230 stella
2458 3173 2634 3230 indice
2669 3173 3021 3240 declaratum,
3073 3180 3130 3228 et
3154 3173 3270 3229 sine
3289 3170 3492 3228 veritate
3510 3163 3640 3222 carnis
3659 3172 3723 3213 non

2267 3264 2550 3334 juberetur
2578 3263 2860 3320 transferri
2901 3263 2956 3320 in
2989 3262 3282 3338 Egyptum
3319 3277 3453 3334 puer,
3486 3268 3530 3314 et
3557 3251 3724 3311 altilem-

2275 3353 2358 3411 dis
2397 3355 2776 3425 persecutione
2806 3353 3054 3410 subduci.
3110 3354 3236 3411 Sine
3269 3353 3418 3410 Verbi
3461 3345 3635 3421 potentia
3662 3354 3725 3394 non

2275 3443 2480 3504 diceret
2525 3463 2628 3504 vox
2667 3447 2847 3504 Patris
2892 3448 3058 3504 missa
3101 3450 3168 3504 de
3203 3447 3335 3504 ccelo
3368 3465 3380 3501 :
3426 3442 3512 3498 Hic
3533 3451 3588 3496 est
3619 3435 3727 3490 Fiﬁu

2274 3557 2420 3595 meus
2443 3540 2682 3607 dilectus,
2712 3541 2767 3594 in
2786 3558 2888 3612 quo
2918 3539 3047 3596 mihi
3071 3541 3198 3596 bene
3223 3536 3514 3611 complacui,
3538 3534 3656 3604 ipsum
3672 3541 3722 3579 at

2275 3631 2402 3686 dite.
2429 3630 2560 3687 Sine
2586 3633 2814 3687 veritate
2835 3633 3018 3688 carnis
3045 3649 3156 3689 non
3181 3636 3534 3704 protestaretur
3557 3623 3726 3680 Joannes:

2277 3721 2414 3778 Ecce
2437 3724 2615 3794 Agnus
2644 3721 2763 3790 Dei,
2790 3741 2906 3779 ecce
2924 3726 3014 3796 qui
3048 3725 3187 3779 tollit
3212 3734 3462 3797 peccatum
3479 3716 3630 3774 mundi.
3653 3711 3730 3766 Sine

2278 3813 2441 3869 Verbi
2468 3815 2709 3883 potentia
2739 3829 2846 3869 non
2882 3815 3037 3872 ﬁeret
3088 3815 3456 3886 redintegratio
3487 3807 3672 3866 debilium
3699 3805 3730 3855 et

2276 3907 2572 3963 viviﬁcatio
2614 3917 2992 3977 mortuorum;
3041 3917 3097 3964 et
3135 3911 3250 3966 sine
3283 3907 3488 3966 veritate
3515 3900 3646 3960 carnis
3673 3907 3730 3950 ut!

2277 3998 2432 4054 cibus
2452 3997 2656 4068 jejuno,
2699 4014 2798 4054 nec
2826 4013 3050 4056 somnus
3087 4011 3232 4057 esset
3249 3995 3552 4058 necessarius
3576 3989 3732 4063 fatigato.

2277 4089 2559 4144 Postremo
2605 4091 2720 4144 sine
2747 4089 2909 4145 Verbi
2946 4093 3191 4160 potentia
3213 4110 3318 4149 non
3346 4108 3398 4148 se
3423 4088 3627 4152 Dominus
3643 4073 3731 4134 Pam'

2278 4179 2626 4248 proﬁteretur
2663 4179 2923 4250 {aqualem
2947 4223 2961 4247 ,
3010 4191 3065 4238 et
3104 4185 3220 4240 sine
3268 4183 3478 4239 veritate
3511 4173 3645 4234 carnis
3671 4180 3732 4222 non

2279 4271 2422 4327 idem
2453 4269 2657 4328 diceret
2695 4269 2911 4328 Patrem
2951 4287 3010 4329 se
3047 4289 3170 4332 esse
3197 4273 3476 4344 majorem:
3509 4284 3602 4326 cum
3623 4259 3736 4318 catho-

2278 4365 2383 4422 lica
2419 4367 2556 4422 ﬁdes
2581 4377 2874 4437 utrumque
2911 4369 3208 4438 suscipiat,
3263 4379 3524 4436 utrumque
3557 4353 3734 4416 defendit

573 4471 748 4538 deret,
791 4469 942 4525 nulla
985 4441 1184 4523 diaboli
1222 4463 1436 4520 vincula
1464 4467 1844 4517 remanerent:
1892 4459 2169 4530 quoniam,
2199 4494 2256 4558 Β
2277 4474 2396 4530 quae
2444 4461 2739 4516 secundum
2788 4459 3188 4516 confessionem
3234 4461 3374 4518 beati
3417 4453 3540 4513 Petri

573 4570 718 4628 sicut
745 4561 1036 4638 Apostolus
1069 4562 1166 4626 ait,
1195 4557 1298 4616 Ubi
1335 4556 1620 4613 abundavit
1649 4564 1922 4627 peccatum
1945 4594 1960 4618 ,
1993 4567 2176 4625 super—
2201 4537 2255 4558 ””
2277 4567 2444 4608 unum
2469 4549 2746 4607 Christum
2769 4551 2866 4606 Dei
2887 4552 2994 4607 vivi
3019 4549 3216 4607 Filium
3245 4559 3298 4608 et
3319 4549 3559 4606 hominem
3579 4537 3738 4598 credita

573 4659 859 4718 abundavit
884 4657 1098 4730 gratia;
1135 4659 1190 4709 et
1219 4665 1344 4708 cum
1369 4649 1470 4704 sub
1491 4648 1698 4718 peccati
1719 4644 2032 4716 praeiudicio
2061 4644 2176 4700 nati

572 4758 898 4826 potestatem
936 4745 1246 4818 acceperint
1273 4741 1340 4798 ad
1359 4739 1630 4810 justitiam
1657 4737 2009 4806 renascendi,
2038 4735 2177 4791 vali-

575 4843 698 4900 dius
719 4842 924 4899 i‘actum
945 4847 1030 4896 est
1049 4839 1249 4895 donum
1271 4832 1539 4890 libertatis
1565 4828 1852 4887 condebito
1873 4828 2171 4884 servitutis.

575 4935 750 5005 Quam
776 4937 960 5007 itaque
984 4933 1088 4991 sibi
1115 4933 1169 4988 i‘n
1186 4926 1347 5000 hujus
1369 4926 1692 4983 sacramenti
1723 4921 1995 4996 praesidio.
2023 4939 2175 4995 spem

575 5025 922 5094 relinquunt,
963 5023 1056 5096 qui
1085 5021 1143 5078 in
1178 5019 1460 5076 Salvatore
1497 5024 1686 5072 nostro
1725 5023 1925 5086 negant
1951 5012 2177 5069 humani

577 5116 822 5187 corporis
843 5114 1160 5170 veritatem?
1187 5113 1380 5168 Dicant
1403 5125 1510 5181 quo
1530 5107 1798 5164 sacriﬁcio
1819 5105 2172 5174 reconciliati,

577 5206 766 5264 dicant
785 5221 894 5276 quo
920 5204 1179 5275 sanguine
1200 5203 1310 5258 sint
1338 5200 1624 5270 redempti,
1650 5197 1774 5268 quia
1805 5206 1860 5254 et
1885 5195 2176 5268 Apostolus

576 5297 657 5356 ait
683 5337 700 5365 ,
737 5295 842 5364 Qui
872 5295 1093 5350 tradidit
1127 5295 1457 5364 semetipsum
1483 5307 1577 5363 pro
1603 5290 1750 5346 nobis
1786 5289 2100 5344 oblationem
2127 5297 2176 5344 et

576 5389 805 5446 hostium
825 5386 938 5444 Deo
959 5387 1016 5442 in
1049 5387 1262 5442 odorem
1287 5385 1583 5440 suavitatis.
1629 5381 1736 5438 Aut
1767 5383 1910 5454 quod
1937 5398 2175 5453 unquam

575 5481 906 5542 sacriﬁcium
933 5480 1200 5536 sacratius
1227 5478 1348 5543 fuit,
1386 5493 1547 5547 quam
1585 5477 1732 5547 quod
1754 5491 1914 5531 verus
1944 5482 2177 5532 internus

575 5571 828 5636 Pomifex
860 5570 1020 5628 altari
1047 5571 1228 5626 crucis
1262 5583 1359 5640 per
1385 5569 1816 5625 immolationem
1858 5583 1970 5624 sua:
1993 5569 2178 5625 carnis

576 5665 880 5741 imposuit?
928 5663 1190 5734 Quamvis
1241 5663 1387 5719 enim
1430 5661 1725 5718 multorum
1767 5670 2078 5718 sanctorum
2119 5659 2178 5716 in

576 5769 875 5836 conspectu
899 5752 1115 5817 Domini
1155 5753 1393 5828 pretiosa
1430 5765 1581 5812 mors
1615 5753 1810 5822 fuerit,
1855 5752 2056 5810 nullius
2097 5760 2180 5808 ta-

2277 4643 2534 4700 Verbum.
2566 4642 2825 4710 Quamvis
2852 4642 3037 4713 itaque
3067 4645 3136 4700 ab
3166 4643 3258 4700 illo
3287 4643 3450 4707 initio,
3477 4653 3566 4709 quo
3587 4635 3626 4688 in
3645 4636 3736 4684 utero

2275 4733 2514 4806 Virginis
2534 4735 2772 4790 Verbum
2796 4749 2923 4789 caro
2947 4733 3149 4788 factum
3178 4742 3280 4799 cst,
3311 4731 3436 4788 nihil
3455 4737 3641 4797 unquam
3655 4720 3740 4772 inter

2274 4837 2561 4898 utramque
2589 4826 2822 4881 formam
2848 4823 3050 4896 aliquid
3079 4826 3354 4882 divisionis
3377 4817 3617 4882 exstiterit,
3637 4818 3740 4876 eli)er

2275 4922 2456 4976 omnia
2501 4920 2835 4975 incrementa
2877 4933 3138 4989 corporea
3180 4919 3338 4974 unius
3371 4926 3582 4988 personae
3618 4898 3742 4958 ΐυεῐῖηί

2277 5011 2443 5068 totius
2484 5009 2744 5079 temporis
2777 5008 3042 5075 actiones,
3093 5023 3155 5065 ea
3201 5009 3314 5080 ipsa
3345 5018 3552 5074 namque
3577 4992 3668 5053 alibi

2275 5117 2398 5160 men
2427 5115 2548 5174 quae
2575 5099 3012 5171 inseparabiliter
3050 5101 3191 5158 facta
3221 5107 3372 5166 sunt,
3419 5093 3546 5153 nulla
3578 5090 3743 5174 comtItIS'

2275 5199 2422 5255 tione
2444 5168 2862 5260 confundimus,
2910 5197 3002 5250 sed
3037 5195 3131 5273 qui
3175 5194 3326 5264 cujus
3362 5189 3528 5248 forma:
3548 5181 3603 5240 sit
3623 5168 3740 5273 erit?

2277 5307 2395 5347 rum
2426 5291 2688 5362 qualitate
2713 5287 2996 5344 sentimus.
3041 5271 3233 5344 Dicant
3273 5299 3398 5358 ergo
3426 5280 3502 5337 isti
3527 5271 3745 5362 ιιῑροςτίῒξέν

2276 5383 2368 5453 qui
2399 5383 2560 5440 caecis
2591 5379 2866 5436 mentibus
2896 5379 3076 5434 lumen
3108 5377 3294 5433 nolunt
3335 5373 3550 5443 recipere
3568 5357 3745 5453 veriti-“ft

2276 5441 2333 5530 ili
2368 5489 2474 5543 qua
2501 5471 2676 5526 forma
2703 5467 2882 5524 crucis
2909 5465 3053 5538 ligno
3088 5465 3344 5522 Dominus
3385 5441 3636 5532 majestatis

2277 5531 2606 5622 stus-aliisus
2637 5560 2727 5626 sit,
2778 5555 2901 5628 Quis
2935 5531 3107 5628 iacuit
3147 5559 3204 5614 in
3235 5555 3496 5628 sepulcro,
3524 5553 3568 5605 et
3589 5531 3748 5628 revoluto

2277 5651 2611 5713 monumenti
2633 5627 2813 5721 lapide
2837 5627 2958 5720 quae
2989 5651 3152 5706 tertio
3170 5649 3256 5706 die
3281 5627 3403 5704 caro
3437 5631 3646 5698 surrexit,
3668 5627 3746 5677 eli!

2277 5763 2382 5822 qua
2410 5756 2534 5820 post
2559 5743 3016 5802 resurrectionem
3050 5755 3202 5800 suam
3239 5754 3348 5800 non
3379 5735 3619 5796 credentes
3647 5723 3736 5790 illi“
