3952 6318
119 354 230 426 871

1434 351 1756 419 ELIPANDI
1789 355 2168 416 EPISTOLE.
2719 364 2727 373 ‘
3299 355 3405 412 878

118 474 252 531 dam
284 471 580 544 discipulos
615 473 908 546 arguebat,
939 479 996 530 et
1033 459 1432 529 haesitationem
1459 476 1718 527 cunctan-
1741 467 1800 532 Δ
1821 465 1947 521 dum
1977 468 2206 522 iormam
2235 473 2414 523 autem
2463 467 2606 523 servi
2649 482 2759 524 non
2811 467 2963 524 venit
2993 467 3172 525 facere
3209 468 3406 526 volun-

115 565 295 620 ctium
321 561 638 620 confutabat
663 579 786 619 cum
811 564 1036 631 diceret,
1063 561 1288 635 Palpate
1303 571 1351 617 et
1377 561 1562 628 videte,
1593 576 1721 632 quo—

119 659 273 712 niam
301 656 517 726 spiritus
545 670 754 709 carnem
775 663 824 709 et
845 669 965 709 ossa
995 670 1098 708 non
1136 652 1346 718 habent,
1376 652 1510 706 sicut
1539 665 1620 704 me
1642 650 1721 704 vi-

121 746 265 800 detis
289 743 498 798 habere.
521 742 591 798 Et
611 741 856 814 apostolo
883 738 1124 808 Thomze,
1163 739 1312 812 Infer
1335 755 1548 794 manum
1576 747 1720 793 tuam

121 835 187 888 in
217 834 356 889 latus
381 847 574 899 meum,
605 842 654 888 et
684 831 798 888 vide
824 849 1010 888 manus
1041 847 1203 897 meas,
1236 840 1284 887 et
1310 831 1500 904 pedes:
1535 837 1586 884 et
1614 827 1722 884 noli

123 941 241 980 esse
263 921 589 989 increduius,
609 925 700 979 sed
721 923 928 994 ﬁdelis;
957 933 1266 996 quantaque
1290 922 1726 980 manifestatione

123 1018 380 1088 corporis
407 1017 492 1072 sui
517 1015 631 1086 jam
673 1015 1054 1074 haereticorum
1081 1017 1363 1073 mendacia
1392 1014 1720 1078 destruebat,

121 1117 182 1165 et
205 1110 326 1164 visa
360 1107 604 1164 Ecclesia
631 1108 836 1165 Christi
877 1109 1164 1166 imbuenda
1203 1106 1468 1164 doctrinis
1491 1107 1596 1162 hoc
1616 1121 1724 1162 non

125 1200 234 1256 sibi
268 1199 546 1255 dubitaret
571 1197 897 1255 credendum
924 1200 1070 1270 quod
1105 1197 1334 1269 apostoli
1376 1203 1726 1267 susceperant

122 1291 537 1361 praedicandum
555 1289 582 1344 τ
620 1287 701 1347 Ac
725 1290 772 1346 si
808 1291 864 1344 in
890 1299 1041 1345 tanta
1064 1289 1182 1345 luce
1203 1289 1447 1346 veritatis
1477 1288 1728 1344 tenebras

126 1397 260 1438 suas
311 1383 569 1437 haeretica
619 1381 906 1436 obduratio
950 1396 1058 1436 non
1095 1379 1392 1452 relinquit,
1437 1379 1728 1435 ostendant

127 1473 278 1527 unde
303 1472 407 1526 sibi
439 1487 592 1541 spem
634 1471 762 1526 vitae
786 1471 1142 1542 polliceantur
1183 1479 1400 1527 aeterna:
1423 1512 1438 1536 ,
1473 1470 1541 1524 ad
1564 1483 1727 1540 quam

127 1560 240 1616 nisi
263 1575 363 1631 per
386 1559 737 1616 lediatorem
750 1560 845 1615 Dei
867 1569 922 1616 et
945 1560 1245 1625 hominum,
1273 1559 1548 1616 hominem
1572 1557 1730 1614 Chri-

127 1661 280 1707 stum
324 1648 512 1706 Iesum
545 1663 655 1705 non
701 1657 882 1721 potest
916 1650 1211 1720 perveniri.
1265 1649 1421 1704 Sicut
1464 1648 1608 1704 enim
1653 1646 1730 1703 ait

127 1744 327 1798 beatus
354 1742 548 1798 Petrus
565 1742 882 1813 apostolus:
920 1741 1046 1796 Non
1067 1751 1142 1796 est
1163 1740 1311 1796 aliud
1335 1757 1522 1796 nomen
1545 1739 1728 1795 datum

1819 563 1986 613 tatem
2023 573 2198 626 suam,
2252 557 2346 614 sed
2390 556 2720 614 voluntatem
2766 555 2884 627 ejus
2930 559 3023 629 qui
3061 558 3208 614 misit
3256 573 3404 616 eum.

1821 643 2128 704 Secundum
2171 642 2401 705 formam
2441 649 2560 718 Dei,
2591 649 2734 706 sicut
2775 647 2940 706 Pater
2964 649 3128 706 habet
3157 650 3324 706 vitam
3352 650 3408 706 in

1821 737 2150 808 semetipso;
2192 740 2490 795 secundum
2537 738 2771 796 formam
2815 738 2960 795 servi
2993 739 3167 796 tristis
3191 739 3411 794 estani—

1820 845 1910 885 ma
1937 827 2054 899 ejus
2096 845 2268 903 usque
2313 832 2381 887 ad
2409 839 2662 888 mortem.
2704 826 2773 887 Et
2804 831 2946 890 idem
2997 833 3114 902 ipse
3141 839 3245 899 est,
3271 831 3413 888 sicut

1820 921 2111 991 Apostolus
2158 923 2437 993 praedicat,
2469 932 2523 980 et
2548 922 2701 984 dives
2729 932 2784 980 et
2821 939 3044 996 pauper.
3083 926 3244 982 Dives
3278 942 3414 998 quo-

1821 1013 1987 1078 niam,
2047 1014 2374 1084 evangelista
2439 1013 2691 1072 dicente:
2728 1014 2796 1071 In
2831 1017 3090 1089 principio
3131 1028 3244 1076 erat
3288 1015 3415 1073 Ver-

1823 1099 1964 1166 bum,
1993 1111 2045 1156 et
2078 1099 2304 1158 Verbum
2337 1114 2450 1159 erat
2482 1104 2624 1178 apud
2663 1103 2854 1174 Deum,
2891 1115 2938 1161 et
2970 1106 3113 1164 Deus
3139 1116 3251 1164 erat
3288 1105 3420 1164 Vert-

1825 1192 1966 1248 bum.
2004 1189 2122 1248 Hoc
2155 1203 2268 1249 erat
2305 1197 2361 1251 in
2390 1197 2646 1272 principio
2698 1197 2838 1270 apud
2873 1197 3062 1258 Deum.
3111 1197 3301 1256 Omnia
3323 1215 3420 1273 per

1823 1284 1994 1357 ipsum
2023 1285 2168 1356 facta
2196 1293 2339 1356 sunt,
2382 1297 2432 1342 et
2466 1291 2580 1344 sine
2611 1275 2724 1362 ipso
2752 1289 2952 1361 factum
2985 1301 3060 1350 est
3092 1291 3244 1348 nihil.
3280 1293 3419 1350 Pau—

1824 1392 1925 1448 per
1958 1393 2106 1444 vero,
2145 1379 2272 1450 quia
2313 1390 2535 1454 propter
2556 1397 2656 1438 nos
2690 1379 2916 1440 Verbum
2949 1401 3075 1440 caro
3103 1384 3298 1455 factum
3319 1426 3334 1452 ,
3369 1394 3420 1442 et

1826 1467 2075 1523 habitavit
2099 1470 2155 1524 in
2190 1471 2358 1526 nobis.
2401 1469 2530 1540 Qua:
2577 1483 2757 1530 autem
2805 1483 2890 1532 est
2936 1475 3054 1546 ejus
3096 1477 3412 1542 exinanitio,

1829 1574 2017 1630 quaeve
2061 1570 2350 1632 paupertas
2379 1563 2482 1619 nisi
2511 1564 2701 1622 formae
2770 1566 2982 1623 servilis
3027 1569 3292 1640 acceptio,
3321 1583 3421 1640 per

1827 1662 1990 1718 quam
2025 1649 2183 1706 Verbi
2226 1651 2510 1722 majestate
2553 1655 2699 1710 velut
2742 1658 3131 1732 redemptionis
3168 1661 3418 1722 humana

1829 1741 2162 1810 dispensatio
2202 1743 2425 1815 impleta
2455 1746 2586 1802 est?
2622 1745 2758 1804 Nam
2785 1749 2911 1824 quia
2955 1751 3286 1824 captivitatis
3321 1769 3447 1840 ιιι)-1

127 1834 433 1891 hominibus
459 1835 555 1889 sub
585 1834 730 1900 colo,
758 1836 816 1890 in
851 1851 954 1907 quo
981 1843 1213 1906 oporteat
1238 1849 1334 1889 nos
1378 1831 1547 1889 salvos
1587 1832 1725 1903 ﬁeri.
1759 1823 1804 1886 Β
1831 1838 1960 1886 ειτω
2011 1834 2207 1889 resolvi
2245 1835 2532 1908 originalis
2557 1839 2771 1894 vincula
2821 1857 2928 1900 non
2975 1823 3250 1916 poterant,
3313 1845 3421 1904 nisi

132 1925 248 1981 Nec
271 1933 357 1981 est
381 1925 685 1997 redemptio
728 1926 1062 1996 captivitatis
1095 1927 1346 1981 humana:
1380 1926 1435 1980 in
1469 1925 1730 1997 sanguine

131 2016 253 2088 ejus
277 2018 371 2088 qui
409 2017 556 2073 dedit
582 2019 934 2089 semetipsum
967 2019 1393 2088 redemptionem
1436 2033 1536 2088 pro
1559 2017 1732 2073 homi-

131 2110 316 2165 nibus.
360 2110 430 2164 Et
467 2109 609 2164 sicut
654 2110 915 2178 prodicat
958 2111 1152 2165 beatus
1187 2109 1462 2179 apostolus
1494 2107 1728 2164 Paulus:

129 2200 272 2258 Cum
297 2201 358 2256 iu
389 2200 562 2270 {arma
590 2200 687 2256 Dei
715 2210 876 2267 esset,
928 2213 1034 2256 non
1061 2203 1306 2272 rapinam
1344 2201 1628 2255 arbitratus
1657 2209 1734 2256 est

128 2309 252 2352 esse
281 2307 338 2348 ss
370 2291 620 2362 aqualem
650 2291 783 2357 Deo,
825 2293 916 2350 sed
943 2294 1275 2364 semetipsum
1299 2292 1585 2347 exinanivit
1626 2291 1736 2363 for-

129 2400 289 2444 αα
325 2385 463 2440 serui
489 2385 762 2456 accipiens,
807 2386 866 2440 iu
904 2385 1306 2442 similitudinem
1347 2385 1618 2438 hominum
1653 2383 1736 2454 fa-

130 2487 277 2543 ctus,
311 2485 365 2532 ss
398 2476 582 2532 habitu
621 2477 861 2532 inuentus
896 2487 954 2531 ut
991 2477 1166 2532 homo.
1214 2473 1526 2530 Humiliaoit
1552 2483 1738 2529 semet-

133 2570 311 2641 ipsu-
336 2607 354 2636 ,
409 2568 583 2639 {unus
611 2567 856 2623 obediens
897 2584 1063 2641 usque
1105 2566 1175 2622 ad
1211 2575 1432 2621 mortem
1457 2603 1473 2632 ,
1517 2575 1738 2620 mortem

137 2670 318 2718 ultum
342 2662 536 2716 crucis.
571 2659 796 2732 Propter
826 2659 969 2732 quod
992 2670 1042 2716 et
1067 2659 1210 2716 Deus
1233 2658 1482 2716 exultavit
1517 2657 1670 2712 illum
1690 2667 1739 2713 et

137 2752 356 2808 dolavit
381 2750 466 2806 illi
493 2767 686 2807 men
708 2750 851 2823 quod
871 2761 948 2809 est
969 2767 1128 2824 super
1155 2768 1308 2807 omne
1336 2757 1524 2806 noinen
1543 2767 1562 2805 :
1599 2759 1655 2804 ut
1683 2751 1740 2806 in

140 2845 353 2901 mitius
395 2844 527 2900 Iesu
574 2859 728 2900 ornus
765 2857 902 2916 genu
938 2846 1187 2916 ﬂectatur
1209 2883 1225 2909 ,
1263 2843 1548 2898 etelestium
1571 2883 1585 2908 ,
1639 2851 1742 2896 ter-

145 2937 394 2992 restrium
439 2945 488 2990 et
515 2936 852 3007 infer-uorum
875 2977 892 3003 ,
946 2945 998 2991 et
1047 2937 1222 2992 omnis
1258 2934 1441 3006 lingua
1489 2933 1740 3004 conﬁtea-

139 3036 252 3092 tur,
280 3029 405 3100 quis
423 3027 682 3084 Dominus
705 3027 862 3104 Iesus
881 3026 1122 3084 Christus
1147 3029 1206 3083 in
1226 3026 1398 3098 gloria
1425 3026 1612 3082 estDei
1633 3025 1741 3080 Pa-

216 3235 308 3292 ιι.
347 3225 483 3292 Cum
511 3251 642 3309 ergo
673 3251 816 3292 unus
845 3235 916 3292 sit
961 3235 1224 3291 Dominus
1261 3231 1421 3290 Iesus
1465 3229 1737 3299 Christus,

147 3335 207 3386 et
254 3339 403 3383 vera
449 3326 666 3382 deitatis
720 3339 970 3398 veraque
1012 3325 1366 3382 humanitatis
1412 3324 1468 3380 in
1491 3324 1608 3396 ipso
1633 3339 1740 3382 una

141 3434 373 3494 prorsus
419 3419 716 3490 eademque
757 3431 985 3488 persona
1036 3418 1145 3490 sit"
1177 3415 1507 3472 exultatione
1559 3423 1739 3471 tamen

144 3527 256 3585 qua
279 3509 438 3566 illum
467 3506 609 3566 sicut
637 3510 827 3566 doctor
851 3509 1092 3583 gentium
1138 3507 1270 3566 dicit
1289 3505 1548 3565 exaltavit
1575 3507 1738 3576 Deus,

143 3613 202 3662 et
229 3603 455 3660 donavit
482 3602 559 3658 illi
586 3615 782 3658 nomen
835 3601 980 3674 quod
1006 3609 1090 3657 est
1115 3615 1276 3676 super
1309 3615 1470 3657 omne
1520 3615 1738 3670 nomen,

142 3697 368 3756 excellit
398 3697 609 3764 eadem,
641 3693 992 3768 intelligimus
1045 3695 1321 3766 pertinere
1358 3691 1590 3748 formam
1619 3707 1742 3764 qua:

143 3789 372 3847 ditauda
400 3792 521 3843 erat
544 3795 710 3844 tantm
737 3787 1145 3860 gloriﬁcationis
1191 3793 1502 3856 augmento.
1543 3785 1604 3840 ln
1625 3786 1738 3840 i'or-

143 3899 236 3938 ma
277 3881 482 3952 quippe
519 3880 616 3935 Dei
652 3879 878 3950 aequalis
905 3888 1024 3934 erat
1057 3877 1228 3934 Filius
1273 3877 1474 3946 Patris,
1502 3885 1558 3932 et
1601 3877 1743 3932 inter

145 3973 470 4032 Genitorem
497 3979 661 4042 atque
692 3967 1044 4042 U‘nigenitum
1071 3969 1220 4026 nulla
1261 3977 1379 4026 erat
1408 3971 1464 4025 in
1506 3968 1742 4026 essentia

146 4065 434 4129 discretio,
461 4063 607 4119 nulla
635 4063 692 4119 in
733 4063 1016 4133 majestate
1055 4064 1361 4130 diversitas,
1391 4077 1492 4119 nec
1538 4079 1637 4136 per
1660 4063 1744 4118 in-

145 4153 494 4210 carnationis
544 4153 908 4208 ministerium
953 4152 1154 4224 aliquid
1212 4155 1520 4210 decesserat
1564 4141 1742 4210 Verbo

147 4244 304 4316 quod
333 4243 430 4297 Dei
471 4242 645 4298 Patris
685 4254 911 4299 munere
959 4241 1298 4298 redderetur.
1335 4241 1532 4298 Forma
1561 4249 1743 4296 autem

153 4335 320 4400 servi,
348 4347 452 4405 per
493 4349 656 4406 quam
711 4331 1064 4404 impassibilis
1110 4333 1285 4390 deitas
1341 4341 1742 4389 sacramentum

151 4441 368 4501 magna
418 4425 634 4497 pietatis
686 4426 947 4498 implevit,
1004 4425 1241 4482 humana
1306 4423 1602 4482 humilitas'
1637 4433 1740 4494 est,

1759 3175 1810 3242 C

1831 1922 2088 1980 existeret
2137 1925 2300 1982 homo
2352 1929 2525 1984 nostri
2573 1931 2788 2001 generis
2831 1942 3140 2010 nostrasque
3191 1945 3419 2004 naturae,

1831 2014 1924 2086 qui
1948 2017 2154 2085 peccati
2184 2016 2496 2088 praejudicio
2539 2037 2648 2077 non
2695 2031 2991 2092 teneretur,
3022 2037 3079 2084 et
3113 2029 3208 2100 qui
3233 2029 3426 2085 imma-

1833 2105 2016 2162 culato
2057 2108 2322 2179 sanguine
2351 2125 2450 2166 suo
2475 2111 2898 2184 chirographum
2943 2117 3146 2176 lethale
3171 2120 3420 2186 dilueret,

1834 2196 1976 2253 sicut
2012 2199 2081 2254 ah
2109 2199 2264 2256 initio
2300 2209 2421 2258 erat
2457 2203 2715 2261 divinitus
2739 2209 3202 2279 praeordinatum:
3241 2212 3318 2268 ita
3340 2221 3427 2270 est

1836 2285 1892 2341 in
1922 2288 2256 2358 plenitudine
2307 2294 2560 2366 praeﬁniti
2606 2299 2867 2369 temporis
2912 2301 3114 2358 factum
3146 2311 3206 2360 ut
3237 2305 3427 2364 multis

1837 2379 2013 2435 modis
2038 2381 2342 2452 signiﬁcata
2391 2388 2682 2460 promissio
2704 2390 2760 2446 in
2787 2390 2878 2446 diu
2932 2402 3304 2465 exspectatum
3333 2412 3427 2456 vo-

1837 2471 1980 2527 niret
2016 2471 2287 2543 effectum,
2314 2493 2413 2532 nec
2439 2488 2622 2545 posset
2647 2496 2768 2537 esse
2793 2483 3103 2555 ambiguum
3128 2489 3274 2558 quod
3296 2504 3428 2546 con-

1837 2562 2004 2620 tinuis
2031 2566 2504 2624 testiﬁcationihus
2523 2586 2737 2644 semper
2763 2573 2940 2630 fuerat
2960 2579 3289 2638 nuntiatum.

1911 2657 1999 2712 i5.
2035 2657 2093 2714 In
2124 2673 2320 2732 magno
2361 2671 2544 2718 autem
2583 2666 2870 2741 sacrilegio
2915 2685 2976 2726 se
3003 2673 3212 2730 versari
3256 2673 3429 2732 haere-

1841 2755 2072 2812 ticorum
2104 2757 2415 2814 manifestat
2442 2759 2714 2832 impietas,
2755 2779 2880 2820 cum
2907 2766 3008 2822 sub
3054 2769 3234 2840 specie
3257 2769 3428 2826 deita-

1839 2846 1911 2901 tis
1939 2845 2284 2916 honorandae,
2333 2849 2585 2908 humana:
2634 2853 2817 2912 carnis
2860 2855 2916 2912 in
2961 2855 3180 2919 Christo
3230 2870 3430 2932 negant

1840 2938 2164 3008 veritatem,
2209 2949 2264 2996 et
2314 2942 2566 3015 religiose
2617 2945 2933 3005 existimant
2998 2950 3347 3020 credendum,
3383 2953 3427 3010 si

1840 3025 2055 3084 dicatur
2078 3029 2135 3084 in
2181 3027 2464 3088 Salvatore
2509 3044 2697 3092 nostro
2747 3052 2934 3094 verum
2985 3056 3096 3098 non
3138 3058 3260 3106 esse
3285 3047 3430 3114 quod

1843 3118 2036 3174 salvat.
2075 3117 2211 3177 Cum
2251 3121 2328 3178 ita
2359 3125 2652 3182 secundum
2676 3130 3093 3198 promissionem
3117 3136 3300 3201 omnia
3327 3153 3428 3197 sai-

1841 3209 1960 3266 cula
2025 3223 2456 3284 percurrentem,
2526 3218 2762 3274 mundus
2821 3221 2893 3276 sit
2935 3225 3316 3286 reconciliatus
3367 3230 3424 3286 iu

1839 3300 2080 3371 Christo,
2108 3312 2170 3359 ut
2226 3305 2273 3360 si
2305 3314 2413 3360 non
2466 3307 2703 3363 Ven-hum
2750 3302 3067 3380 dignaretur
3121 3330 3251 3372 caro
3290 3318 3426 3384 ﬁeri,

1841 3395 1988 3452 nulla
2031 3405 2216 3468 posset
2245 3408 2299 3456 et
2339 3415 2468 3458 caro
2499 3399 2718 3456 salvari.
2759 3402 2930 3460 Omne
2949 3407 3097 3462 enim
3120 3421 3430 3464 sacramen-

1840 3495 1954 3544 tum
1976 3489 2100 3545 ﬁdei
2115 3489 2435 3547 Christiana:
2458 3508 2670 3564 magno,
2696 3503 2755 3548 ut
2779 3493 3019 3552 haeretici
3047 3497 3254 3563 volunt,
3271 3498 3429 3554 deco-

1841 3583 2054 3640 loratur
2097 3583 2351 3652 obscuro,
2380 3584 2426 3639 si
2456 3583 2549 3640 lux
2588 3586 2835 3642 veritatis
2882 3588 2983 3644 sub
3027 3589 3309 3646 mendacio
3333 3605 3431 3662 pu—

1840 3681 1992 3734 tatur
2056 3677 2278 3734 latuisse
2340 3678 2756 3750 phantasmatis.
2799 3679 2917 3736 Non
2956 3696 3086 3754 ergo
3143 3681 3430 3752 quisquam

1839 3771 1944 3828 sibi
1987 3769 2412 3830 erubescendum
2457 3757 2732 3828 existimet
2776 3764 3117 3831 Christianus
3165 3771 3230 3828 dc
3256 3773 3430 3830 nostri

1841 3861 1894 3917 in
1920 3861 2138 3919 Christo
2197 3862 2442 3934 corporis
2467 3863 2718 3929 veritate,
2760 3864 2887 3936 quia
2949 3878 3138 3920 omnes
3199 3865 3430 3940 apostoli

1839 3945 2314 4025 apostolorumque
2375 3949 2622 4024 discipuli
2661 3961 2715 4008 et
2757 3949 3007 4025 pncclari
3063 3953 3428 4012 Ecclesiarum

1839 4046 2039 4118 quique
2062 4046 2333 4115 doctores,
2375 4045 2468 4116 qui
2497 4045 2565 4101 ad
2610 4041 2859 4116 martyrii
2913 4061 3168 4102 coronam
3199 4047 3284 4103 vel
3305 4063 3432 4103 con-

1840 4137 2093 4195 fessionis
2126 4131 2472 4194 'meruerunt
2524 4137 2753 4210 gloriam
2815 4137 3116 4208 pervenire,
3162 4137 3218 4192 in
3270 4136 3430 4207 huius

1842 4232 1966 4288 ﬁdei
1992 4231 2194 4288 lumine
2241 4231 2649 4303 splenducruut,
2700 4231 2954 4286 consonis
2985 4231 3182 4302 ubique
3213 4238 3429 4288 senten-

1843 4325 1933 4380 tiis
1961 4325 2290 4391 intonantes,
2345 4325 2490 4396 quod
2517 4324 2574 4379 in
2601 4323 2830 4380 Domino
2861 4322 2989 4380 Jesu
3016 4323 3234 4380 Christo
3259 4307 3430 4378 deita-

1842 4419 1914 4474 tis
1935 4426 1991 4474 et
2019 4419 2201 4475 carnis
2227 4434 2332 4473 una
2362 4420 2432 4475 sit
2458 4418 2763 4476 conﬁtenda
2795 4435 3050 4490 persona.
3105 4417 3220 4486 Qua
3248 4426 3426 4474 autem

151 4520 359 4592 quain
385 4518 556 4590 gloria
607 4518 802 4575 divinae
849 4519 1135 4590 potestatis
1161 4525 1347 4575 evecta
1379 4525 1482 4585 est,
1520 4519 1574 4574 ιη
1622 4525 1820 4603 ιδῃ-Ι)
1847 4509 2074 4566 rationis
2129 4509 2499 4575 similitudine,
2567 4526 2674 4584 qua
2740 4509 3044 4567 divinorum
3094 4509 3428 4568 voluminum

156 4620 267 4666 tam
296 4611 562 4666 unitatem
588 4611 657 4667 ab
687 4611 803 4683 ipso
857 4621 1121 4683 conceptu
1171 4611 1410 4684 Virginis
1457 4613 1659 4668 deitate
1685 4607 1740 4668 et

155 4702 366 4757 nntiate
409 4702 734 4769 confectam,
775 4709 838 4758 ut
863 4718 965 4757 nec
991 4703 1110 4759 sine
1161 4703 1380 4758 homine
1411 4702 1613 4771 divina,
1643 4719 1743 4759 nec

157 4797 276 4850 sine
329 4795 445 4851 Deo
490 4803 780 4865 agerentur
831 4795 1086 4851 humana.
1127 4795 1354 4867 Propter
1404 4799 1546 4870 quod
1603 4798 1742 4856 sicut

157 4884 426 4941 Mnus
469 4883 769 4953 mittentis
808 4884 1009 4941 dicitur
1052 4887 1361 4954 cruciﬁxus,
1409 4888 1481 4942 ita
1521 4889 1645 4960 quia
1675 4904 1742 4946 ex

157 4975 594 5046 sempitemitate
630 4978 852 5049 aequalis
902 4987 987 5034 est
1037 4974 1170 5048 Deo,
1201 4981 1400 5036 dicitur
1434 4979 1738 5038 exaltatus:

156 5068 287 5137 quia
322 5068 754 5138 inseparabiliter
781 5077 1033 5126 manente
1060 5072 1268 5126 unitate
1311 5087 1576 5142 personat,
1604 5090 1744 5130 unus

153 5168 326 5229 atque
373 5161 518 5216 idem
561 5163 646 5215 est
681 5168 735 5216 et
759 5167 905 5218 totus
947 5159 1184 5219 hominis
1212 5163 1352 5220 illius
1379 5173 1600 5236 propter
1625 5180 1744 5220 car-

151 5262 305 5313 nem,
337 5257 394 5304 et
427 5257 572 5306 totus
618 5251 714 5308 Dei
741 5249 910 5309 Filius
947 5265 1170 5324 propter
1223 5267 1386 5310 unam
1431 5271 1554 5311 cum
1582 5253 1746 5312 Patre

148 5340 440 5397 deitatem.
481 5342 754 5414 quidquid
779 5345 924 5400 enim
961 5346 1017 5401 in
1046 5359 1274 5418 corpore
1310 5349 1519 5417 accepit
1563 5344 1741 5416 Iesus,

146 5437 460 5492 secundum
482 5433 754 5490 hominem
783 5437 1014 5506 acwpit,
1051 5439 1244 5508 cuique
1273 5453 1380 5493 non
1399 5437 1590 5494 habuit
1615 5453 1746 5494 con-

147 5523 449 5582 fmem.
481 5525 674 5582 Omnia
739 5543 860 5598 qua:
912 5527 1076 5584 habet
1123 5526 1304 5596 Pater,
1356 5531 1521 5584 etiam
1576 5529 1746 5587 Filius

143 5619 349 5685 hbet,
378 5623 435 5675 et
469 5633 593 5690 qua:
615 5620 672 5674 in
699 5619 873 5676 tonus
907 5621 1048 5676 servi
1085 5637 1118 5676 a
1144 5617 1306 5676 Patre
1350 5623 1574 5694 accepit,
1599 5637 1746 5678 eam-

145 5713 282 5768 dem
333 5709 572 5766 formam
613 5711 712 5768 Dei
761 5712 927 5768 etiam
977 5713 1092 5785 ipse
1143 5713 1383 5770 donavit.
1436 5714 1744 5772 Secundum

143 5803 398 5862 formum
421 5803 572 5862 enim
609 5803 708 5863 Dei
730 5805 846 5864 lose
872 5814 929 5863 et
951 5803 1116 5862 Pater
1139 5821 1306 5864 unum
1335 5817 1497 5874 sunt;
1547 5823 1742 5867 secun-

1847 4604 2096 4676 portione
2125 4603 2380 4660 haeretica
2435 4603 2685 4676 impietas
2715 4619 2774 4660 se
2836 4604 3111 4658 existimat
3161 4599 3430 4672 adjuvari,

1846 4710 1967 4766 qua:
1995 4693 2278 4749 veritatem
2326 4700 2490 4765 negat
2530 4693 2775 4762 corporis
2819 4691 3068 4748 Christi?
3111 4690 3244 4747 Cum
3291 4691 3432 4750 hanc

1847 4803 1954 4844 non
1986 4787 2075 4843 lex
2134 4785 2435 4850 testiﬁcari,
2500 4800 2610 4840 non
2653 4785 2914 4856 propheta
2976 4782 3292 4853 praecinere,
3323 4798 3433 4842 non

1847 4879 2140 4954 Evangelia
2161 4879 2376 4946 docere,
2405 4894 2513 4934 non
2540 4877 2658 4948 ipse
2680 4875 2951 4931 destiterit
2977 4873 3227 4932 Christus
3250 4882 3435 4933 osten-

1849 4975 2016 5032 dere:
2059 4979 2306 5047 qurerant
2349 4987 2448 5046 per
2502 4985 2718 5026 omnem
2771 4969 2966 5026 seriem
3029 4968 3434 5042 Scripturarum

1847 5083 1954 5142 quo
1983 5068 2234 5124 tenebras
2279 5080 2408 5122 suas
2447 5062 2672 5136 fugiant,
2725 5078 2835 5118 non
2862 5078 2970 5134 quo
3018 5076 3205 5120 verum
3249 5063 3434 5122 iumen

1849 5164 2165 5228 obscurent,
2205 5167 2260 5214 et
2285 5173 2384 5230 per
2411 5157 2592 5213 omnia
2621 5154 2815 5212 saecula
2847 5154 2921 5210 ita
2966 5154 3252 5212 veritatem
3281 5155 3434 5212 inve-

1848 5252 2000 5308 nient
2063 5258 2464 5316 coruscantem,
2507 5255 2568 5303 ut
2613 5262 2865 5321 magnum
2917 5247 3024 5309 hoc
3069 5255 3126 5304 et
3182 5247 3434 5306 mirabile

1849 5351 2245 5403 sacramentum
2294 5345 2364 5399 ab
2407 5341 2562 5396 initio
2606 5341 2825 5396 videant
2850 5343 3134 5409 creditum,

1848 5438 1906 5494 in
1935 5437 2042 5492 ﬁne
2092 5435 2458 5507 «impletum:
2508 5435 2574 5492 de
2611 5451 2719 5506 quo
2765 5453 2888 5517 cum
2915 5447 3226 5500 sanctarum
3264 5437 3435 5506 Litte-

1852 5544 2035 5585 rarum
2073 5527 2221 5583 nulla
2251 5543 2377 5600 pars
2425 5527 2607 5595 sileat,
2663 5525 2866 5586 sufﬁcit
2909 5528 3156 5601 quedam
3195 5544 3440 5590 consona

1849 5619 2102 5676 veritatis
2147 5618 2302 5690 signa
2345 5618 2608 5690 patuisse,
2654 5619 2853 5692 quibus
2907 5621 3182 5696 diligentia
3227 5620 3356 5679 ﬁdei
3381 5619 3440 5674 in

1849 5713 2342 5788 splendidissimam
2407 5711 2746 5770 latitudinem
2811 5713 3084 5786 diligatur,
3113 5722 3169 5772 et
3224 5712 3434 5770 sincera

1849 5805 2240 5883 intelligentia
2258 5807 2379 5864 luce
2407 5809 2702 5882 prospiciat
2747 5810 2893 5880 quod
2923 5809 2977 5866 in
3012 5808 3147 5866 Filio
3176 5808 3297 5874 Dei,
3343 5807 3433 5878 qui
