3952 6318
601 358 709 422 S79

1411 356 1817 422 ELIPANDUS,
1857 354 2081 419 FELIX,
2122 349 2468 409 IIETERIUS
2508 351 2596 407 ET
2634 352 2693 406 S.
2732 349 3027 408 BEATUS.
3645 362 3714 418 830

600 489 664 534 se
711 474 1102 530 incessabiliter
1150 473 1320 527 ﬁlium
1351 472 1583 527 hominis
1622 479 1677 525 et
1716 470 1990 524 hominem
2015 466 2177 538 proﬁ-
2202 470 2258 530 Α
2281 466 2486 522 tialiter
2548 466 2734 530 Deum,
2792 465 2859 520 de
2918 479 3023 534 quo
3072 463 3181 534 ipse
3227 463 3312 519 Dei
3356 465 3503 522 Filius
3539 484 3551 521 :
3582 467 3716 540 Egoet

605 575 770 632 tetur,
820 583 926 623 non
952 566 1023 622 sit
1073 566 1396 621 Christianis
1432 563 1878 630 erubescendum,
1933 562 2028 618 sed
2055 577 2182 616 con-

603 661 938 717 stantissime
975 659 1334 730 gloriandum.

676 752 764 807 16.
810 752 880 808 Ut
903 757 1082 807 autem
1124 752 1297 821 pietas
1346 757 1442 805 tua
1469 764 1595 806 cum
1639 745 2028 804 venerabilium
2080 742 2183 797 Pa-

605 851 750 896 trum
805 840 1274 911 praadicationibus
1324 856 1422 896 nos
1484 840 1816 896 concordare
1876 842 2184 908 cognoscat,

604 933 911 1002 aliquantas
937 932 1138 986 erroris
1180 931 1476 988 sententias
1504 930 1630 984 huic
1666 928 1868 984 credidi
1898 925 2187 995 subjicien-

605 1024 701 1078 das
727 1038 846 1078 esse
870 1023 1125 1088 sermoni,
1169 1023 1224 1077 in
1253 1023 1450 1092 quibus
1475 1020 1522 1076 si
1551 1018 1855 1089 dignaveris
1903 1014 2188 1071 recensitis

602 1132 712 1172 non
740 1115 888 1171 aliud
919 1131 1018 1171 nos
1058 1114 1356 1185 praedicare
1400 1112 1642 1182 reperies
1677 1110 1821 1181 quod
1876 1107 2049 1163 sancti
2085 1105 2187 1158 Pa-

600 1214 716 1263 tres
752 1222 852 1262 nos
891 1207 948 1261 in
994 1213 1110 1262 toto
1165 1206 1299 1261 orbe
1361 1205 1678 1268 docuerunt,
1739 1213 2082 1271 nequaquam
2121 1197 2188 1251 ab

605 1298 712 1354 illis
748 1298 852 1354 nisi
893 1297 1036 1354 solos
1080 1297 1274 1367 impios
1315 1295 1600 1352 haereticos
1639 1293 1966 1361 discrepare.
2009 1287 2115 1343 Sed
2136 1295 2191 1342 et

599 1389 734 1446 illud
771 1390 898 1445 huic
934 1390 1084 1460 operi
1116 1388 1465 1444 inserendum
1520 1385 1704 1456 putavi
1734 1385 1879 1454 quod
1909 1381 2190 1450 Scriptura

599 1481 784 1536 dicat:
826 1479 1147 1535 Revelabunt
1215 1478 1328 1534 caeli
1359 1479 1690 1549 iniquitatem
1747 1476 1883 1545 ejus,
1951 1483 1998 1526 et
2049 1481 2191 1525 terra

600 1581 874 1643 consurget
939 1571 1213 1626 adversum
1266 1587 1404 1624 eum.
1444 1569 1544 1636 Qui
1610 1576 1737 1623 sunt
1766 1566 1856 1620 isti
1899 1563 2041 1627 caeli,
2087 1561 2192 1616 nisi

598 1660 677 1715 illi
705 1660 798 1730 qui
827 1676 951 1714 cum
989 1659 1209 1714 Christo
1246 1660 1316 1714 ad
1354 1658 1621 1728 judicium
1668 1656 1877 1711 venturi
1910 1661 2036 1708 sunt
2071 1670 2082 1704 :
2128 1652 2193 1707 de

598 1750 798 1819 quibus
825 1757 909 1804 est
947 1749 1297 1814 Ambrosius,
1337 1747 1690 1819 Augustinus,
1737 1746 2099 1815 Hieronymus
2139 1749 2192 1796 et

2288 559 2448 614 Pater
2474 575 2636 612 unum
2674 574 2874 612 sumus.
2930 556 3278 612 Reminiscere
3333 556 3476 613 debes
3497 559 3599 628 quid
3617 559 3716 616 Scri-

2286 657 2445 719 ptura
2493 650 2639 703 dicat
2677 667 2689 702 :
2735 647 2900 702 Testis
2949 647 3110 716 falsus
3161 663 3258 700 non
3298 647 3386 700 erit
3409 648 3718 718 impunitus;et

2288 739 2460 793 illud:
2501 738 2814 793 Maledictus
2863 737 3018 792 homo
3049 737 3134 807 qui
3176 736 3230 790 in
3272 736 3409 792 corde
3451 754 3532 792 suo
3572 739 3717 807 fabricat

2288 831 2505 896 malum,
2553 839 2603 885 et
2631 831 2695 884 de
2719 831 2798 883 his
2838 828 2991 883 labiis
3021 830 3127 882 suis
3154 829 3266 897 ﬁcte
3308 827 3507 898 loquitur
3541 831 3718 898 paciﬁca:

2293 921 2398 977 Sed
2411 921 2574 987 Deus,
2601 922 2689 992 qui
2710 921 2845 976 videt
2870 921 3062 983 omnia,
3095 919 3260 973 reddet
3284 918 3356 973 illi
3377 920 3607 974 secundum
3623 939 3719 990 opm

2289 1029 2406 1065 sua.
2447 1011 2560 1082 Ego
2603 1012 2822 1080 quidem
2872 1026 2981 1065 non
3029 1010 3194 1064 Deum
3229 1009 3317 1063 Dei
3350 1009 3518 1065 Filium
3555 1021 3718 1065 antese

2289 1102 2412 1158 cula
2460 1117 2527 1156 ex
2568 1099 2728 1156 Patre
2758 1101 3018 1171 genitum,
3049 1115 3147 1170 per
3171 1115 3319 1170 quem
3361 1099 3483 1154 facta
3525 1110 3620 1154 sunt
3646 1101 3719 1155 visi-

2289 1193 2419 1248 bilia
2461 1199 2516 1248 et
2555 1192 2866 1257 invisibilia,
2901 1193 3161 1262 spiritalia
3197 1203 3345 1262 atque
3380 1208 3604 1262 corporea,
3623 1209 3718 1261 quem

2292 1291 2454 1345 credo
2482 1290 2768 1360 adoptione
2804 1307 2909 1346 non
2929 1306 3068 1354 esse,
3101 1291 3192 1345 sed
3211 1305 3406 1361 genere,
3440 1306 3578 1360 neque
3599 1293 3719 1361 gratia,

2293 1383 2388 1436 sed
2413 1391 2608 1437 natura
2647 1383 2817 1437 Deum
2849 1398 2970 1438 esse
3000 1382 3207 1454 negavi.

2363 1476 2450 1532 18.
2495 1475 2601 1530 Sed
2649 1474 2805 1544 juxta
2843 1478 2988 1531 beati
3028 1475 3212 1531 lsidori
3267 1475 3555 1539 sententiam,
3594 1476 3655 1544 qui
3673 1476 3720 1529 di-

2293 1570 2368 1624 cit
2389 1571 2514 1640 quia
2545 1579 2670 1625 sunt
2718 1569 2962 1625 nonnulli
3001 1571 3092 1639 qui
3121 1568 3186 1623 de
3240 1568 3368 1623 Filio
3402 1570 3479 1623 Dei
3515 1583 3722 1637 pravasen-

2296 1663 2452 1727 tiunt,
2477 1673 2529 1719 et
2564 1663 2706 1733 quod
2737 1665 2802 1719 de
2824 1665 2915 1720 illo
2942 1664 3232 1720 secundum
3254 1662 3578 1716 humanitatem
3595 1661 3722 1713 dictum

2294 1766 2397 1823 est,
2442 1757 2774 1811 transferunt
2809 1757 2877 1810 ad
2904 1756 3276 1818 divinitatem;
3315 1761 3366 1807 et
3391 1751 3568 1822 quodde
3597 1750 3724 1804 divini-

600 1841 786 1897 caeteri
811 1857 947 1911 quos
973 1850 1050 1906 tu,
1079 1841 1290 1907 Albine,
1309 1840 1528 1904 refutas,
1556 1847 1611 1894 et
1641 1835 2187 1904 haereticosjudicas?
2216 1827 2265 1887 B
2297 1855 2424 1913 ιδιε,
2465 1855 2677 1902 mutam
2705 1847 2773 1903 ad
2811 1846 3219 1902 humanitatem,
3260 1843 3437 1898 Νοειει·
3459 1849 3590 1894 tamen
3618 1837 3725 1891 luna.

599 1930 678 1988 De
705 1932 900 2003 quibus
924 1933 1210 1988 Psalmista
1238 1934 1312 1987 ait
1342 1951 1353 1987 :
1397 1931 1522 1989 Caeli
1545 1940 1794 1986 enarrant
1825 1929 2047 2001 gloriam
2071 1927 2189 1980 Dei.

599 2021 735 2079 Item
770 2025 961 2080 beatus
984 2024 1319 2095 Augustinus
1349 2026 1406 2079 in
1435 2024 1661 2096 epistola
1706 2038 1803 2078 sua
1843 2023 1909 2077 ad
1930 2021 2195 2075 Evodium

607 2117 836 2184 directa,
865 2119 957 2174 ubi
988 2120 1052 2174 de
1090 2118 1358 2174 Trinitate
1425 2126 1480 2172 et
1529 2117 1812 2183 Columba,
1864 2116 1949 2169 vel
1979 2115 2043 2169 de
2096 2114 2193 2168 ad-

597 2208 816 2279 optione
859 2209 983 2263 Filii
1043 2209 1138 2265 Dei
1191 2209 1475 2274 disseruit,
1545 2215 1669 2279 post
1729 2206 1885 2277 plura
1946 2204 2194 2273 superius

514 2366 517 2369 _
599 2301 746 2355 edita
795 2300 875 2356 sic
912 2301 1078 2356 dicit:
1121 2300 1272 2356 Sicut
1308 2301 1471 2356 Pater
1501 2299 1555 2353 in
1621 2312 1753 2353 voce
1818 2312 1923 2366 qua
1972 2294 2189 2350 sonuit:

604 2393 682 2448 Tu
711 2411 764 2448 es
800 2393 974 2450 Filius
1003 2411 1167 2461 meus,
1232 2403 1288 2451 et
1329 2394 1474 2449 ﬁlius
1518 2393 1576 2448 in
1602 2391 1820 2448 homine
1885 2389 2190 2460 adoptivus,

601 2504 760 2556 quem
814 2489 1051 2558 suscepit
1072 2504 1140 2543 ex
1188 2489 1431 2559 Virgine,
1485 2495 1540 2542 et
1588 2485 1824 2558 Spiritus
1870 2491 2092 2539 sanctus
2139 2483 2194 2538 in

601 2579 861 2635 columbae
897 2581 1077 2649 specie
1119 2580 1408 2649 corporali.
1450 2577 1583 2633 Item
1622 2586 1744 2648 post
1773 2577 1987 2647 aliqua,
2016 2574 2195 2645 Atque

601 2669 677 2723 ita
708 2678 761 2724 et
788 2670 930 2725 ﬁlius
958 2671 1055 2726 Dei
1093 2671 1253 2725 simul
1297 2687 1422 2725 cum
1469 2670 1688 2725 homine
1735 2669 2019 2739 adoptivus
2068 2667 2196 2724 dici-

603 2768 710 2824 tur,
751 2767 808 2814 et
844 2759 985 2815 ﬁlius
1039 2761 1272 2816 hominis
1311 2760 1596 2831 adoptivus
1646 2759 1808 2815 simul
1861 2773 1984 2814 cum
2015 2758 2195 2814 Verbo

602 2851 818 2908 dicitur.
855 2852 990 2907 Item
1045 2860 1166 2923 post
1193 2853 1411 2922 aliqua:
1451 2853 1605 2908 Unde
1645 2852 1789 2907 ﬁlius
1854 2852 1952 2906 Dei
1982 2852 2192 2907 incom—

602 2943 879 3000 mutabilis
917 2951 1001 2998 est
1039 2953 1202 3015 atque
1241 2953 1542 3000 comternus
1591 2944 1761 3012 Patri,
1813 2945 1907 3001 sed
1930 2944 1986 3000 in
2014 2944 2192 2999 Verbo

599 3037 752 3105 solo;
792 3046 849 3094 et
885 3053 1077 3110 passus
1122 3048 1204 3094 est
1238 3037 1408 3096 Filius
1452 3039 1569 3107 Dei,
1618 3040 1713 3095 sed
1755 3039 1810 3095 in
1843 3040 2061 3096 homine
2099 3039 2194 3094 ad-

599 3133 782 3204 optivo
813 3131 962 3200 solo;
1000 3141 1055 3188 et
1077 3134 1318 3203 sepultus
1345 3143 1428 3190 est
1455 3133 1626 3190 Filius
1656 3135 1772 3201 Dei,
1821 3135 1916 3190 sed
1945 3135 2000 3189 in
2027 3149 2191 3190 carne

599 3227 847 3297 adoptiva
872 3227 1008 3283 sola.
1046 3228 1280 3284 Proinde
1309 3245 1429 3298 qua:
1483 3228 1551 3284 de
1590 3227 1728 3283 Filio
1773 3227 1871 3283 Dei
1901 3229 2067 3284 verba
2103 3226 2190 3282 di-

597 3329 796 3377 cuntur
817 3319 1110 3375 videndum
1139 3328 1223 3376 est
1250 3321 1549 3376 secundum
1597 3321 1730 3392 quid
1760 3321 2030 3376 dicantur.
2073 3318 2192 3374 Non

593 3411 741 3471 enim
773 3413 992 3469 homine
1039 3422 1335 3484 assumpto,
1395 3413 1476 3468 vel
1518 3414 1792 3484 adoptivo,
1833 3429 2194 3485 personarum

597 3521 856 3562 numerus
885 3515 1077 3562 auctus
1103 3513 1206 3573 est,
1260 3507 1356 3561 sed
1407 3505 1599 3561 eadem
1666 3505 1907 3561 Trinitas
1969 3505 2189 3560 mansit.

596 3598 734 3654 Nam
761 3600 901 3654 sicut
930 3599 985 3652 in
1007 3600 1228 3657 homine
1290 3599 1532 3669 quolibet
1593 3607 1794 3669 praeter
1827 3615 1994 3654 unum
2041 3598 2194 3653 illum

597 3691 691 3761 qui
752 3690 1098 3760 singulariter
1159 3703 1446 3762 susceptus
1501 3702 1606 3759 est,
1664 3694 1845 3747 anima
1884 3702 1940 3747 et
1996 3707 2194 3762 corpus

598 3795 704 3835 una
733 3795 964 3848 persona
991 3790 1095 3848 est,
1145 3783 1221 3836 ita
1271 3782 1327 3836 in
1376 3782 1594 3837 Christo
1638 3782 1875 3837 Verbum
1933 3791 1987 3838 et
2032 3784 2194 3838 homo

601 3871 886 3940 adoptivus
930 3887 1033 3927 una
1087 3889 1321 3944 persona
1374 3883 1477 3928 est.
1515 3874 1648 3929 Item
1694 3885 1816 3945 post
1856 3875 2073 3946 aliqua:
2114 3876 2194 3932 Ita

601 3962 852 4018 Christus
909 3964 1006 4018 Dei
1053 3964 1223 4020 Filius
1297 3967 1560 4022 Dominus
1625 3968 1827 4038 gloriaz,
1885 3979 1941 4024 et
1965 3969 2010 4025 si
2063 3971 2194 4041 quid

600 4055 911 4127 huiusmodi
964 4059 1263 4113 secundum
1321 4059 1556 4115 Verbum
1615 4060 1835 4127 dicitur,
1891 4071 1947 4117 et
2013 4073 2194 4119 tamen

599 4158 750 4206 recte
792 4151 989 4206 dicitur
1036 4151 1292 4206 Dominus
1341 4152 1524 4222 gloriae
1573 4154 1884 4221 cruciﬁxus,
1929 4172 2050 4210 cum
2090 4157 2194 4212 hoc

601 4261 726 4303 eum
782 4245 1079 4301 secundum
1142 4261 1361 4301 carnem
1415 4247 1717 4316 adoptivum
1772 4265 1988 4319 passum
2049 4265 2189 4316 e-se,

598 4354 710 4396 non
751 4339 1045 4394 secundum
1081 4338 1213 4394 illud
1262 4339 1407 4410 quod
1457 4340 1717 4396 Dominus
1743 4341 1926 4412 gloriae
1979 4351 2083 4397 est.
2125 4342 2194 4396 Et

598 4438 726 4504 post
750 4445 943 4500 pauca,
996 4429 1236 4499 Spiritus
1273 4438 1493 4486 sanctus
1523 4432 1721 4487 dicitur
1750 4433 2018 4502 corporali
2068 4448 2191 4502 spe-

603 4519 687 4577 cie
701 4517 970 4591 'tanquam
1000 4520 1251 4575 columba
1296 4521 1638 4578 descendisse
1662 4531 1716 4577 et
1744 4525 2008 4579 mansisse
2031 4539 2193 4592 super
2219 4550 2270 4608 ο

603 4625 748 4668 eum.
793 4610 885 4667 Sic
929 4612 1075 4666 enim
1103 4619 1159 4666 et
1206 4610 1366 4666 Petra
1433 4613 1701 4677 Christus,
1743 4616 1870 4684 quia
1920 4616 2191 4686 signiﬁca-

603 4703 696 4760 bat
738 4701 1018 4759 Christum
1073 4703 1405 4773 adoptivum.
1459 4705 1592 4759 Item
1641 4716 1762 4776 post
1799 4708 2014 4777 aliqua:
2066 4708 2193 4763 Hmc

605 4793 702 4850 tibi
751 4794 818 4850 de
844 4794 1053 4850 duabus
1100 4795 1490 4865 quaestionibus
1522 4796 1648 4862 tuis,
1701 4797 1804 4852 hoc
1857 4807 1940 4852 est
1977 4798 2041 4853 de
2071 4798 2193 4852 Tri-

604 4884 778 4939 nitate
809 4893 866 4939 et
907 4886 1189 4951 Columba,
1221 4886 1274 4940 in
1304 4902 1409 4955 qua
1441 4887 1675 4956 Spiritus
1715 4898 1937 4944 sanctus
1967 4906 2072 4944 non
2096 4907 2193 4945 sua

605 4983 799 5030 natura
828 4984 884 5030 et
919 4977 1274 5047 signiﬁcativa
1320 4979 1501 5046 specie
1536 4980 1938 5036 demonstratus
1959 4991 2062 5048 est,
2090 4983 2195 5039 sic-

605 5070 749 5118 utet
787 5061 956 5119 Filius
1005 5066 1100 5120 Dei
1129 5082 1238 5121 non
1285 5081 1381 5120 sua
1421 5068 1707 5123 nativitate
1736 5071 1800 5124 de
1841 5070 2002 5125 Patre
2022 5071 2188 5126 dicit:

607 5151 723 5222 Ego
758 5168 821 5206 ex
847 5162 990 5208 utero
1019 5167 1138 5210 ante
1164 5155 1444 5226 luciferum
1486 5160 1640 5229 genui
1663 5169 1732 5224 te,
1781 5161 1873 5214 sed
1903 5160 1956 5214 in
1979 5162 2196 5217 homine

607 5244 860 5313 adoptivo
897 5261 966 5301 ex
1001 5255 1158 5304 utero
1212 5249 1452 5320 Virginis
1486 5260 1644 5306 natus
1691 5267 1720 5306 a
1769 5249 1968 5307 Judaeis
2021 5254 2198 5310 cruci-

608 5334 753 5393 ﬁxus
789 5345 894 5393 est.

684 5430 772 5484 17.
813 5430 909 5486 His
934 5446 1076 5503 smpe
1118 5433 1278 5490 dictis
1298 5451 1422 5491 cum
1477 5437 1759 5507 epistolam
1799 5449 1948 5495 tuam
1999 5440 2196 5497 iterum

610 5531 774 5595 atque
802 5524 1001 5580 iterum
1055 5526 1375 5598 sacrilegam
1402 5528 1585 5584 lethali
1632 5546 1837 5588 veneno
1858 5541 2193 5603 corruptam,

610 5621 775 5691 atque
837 5619 1155 5691 ignorantiae
1197 5620 1425 5692 caligine
1472 5624 1814 5681 tenebrosam
1866 5626 2195 5698 relegissem,

612 5713 790 5784 reperi
838 5711 1039 5768 ibidem
1066 5712 1209 5782 quod
1260 5727 1360 5767 nos
1400 5713 1685 5770 Dominum
1749 5717 1846 5772 Dei
1894 5717 2093 5774 Filium
2130 5737 2199 5776 ex

612 5809 835 5880 Virgine
859 5815 1044 5866 natum
1087 5824 1410 5882 negaremus
1460 5823 1797 5880 nequaquam
1849 5829 1968 5870 esse
2016 5829 2199 5874 essen-

2217 3181 2266 3246 (Ξ

2297 1956 2398 1996 nus
2429 1941 2580 2006 dicit,
2613 1940 2786 1996 Homo
2815 1939 3129 1995 Dominicus
3173 1949 3226 1994 et
3254 1938 3535 1991 humanatus
3554 1934 3660 1986 Deus.
3824 1977 3825 2006 ᾖ

2367 2033 2455 2089 19.
2496 2033 2662 2088 Multa
2691 2032 2908 2102 quidem
2945 2031 3125 2086 adhuc
3177 2037 3326 2086 erant
3351 2028 3459 2083 huic
3502 2025 3611 2095 operi
3641 2022 3725 2075 inse-
3824 2073 3825 2082 χ

2296 2129 2482 2194 renda,
2540 2129 2634 2184 sed
2657 2143 2835 2183 sermo
2896 2127 3114 2182 divinus
3167 2141 3262 2182 nos
3316 2123 3542 2194 prohibet,
3586 2118 3722 2172 dicens:
3824 2125 3825 2130 ‘

2297 2222 2556 2292 Linguam
2597 2231 2742 2274 tuam
2779 2220 3049 2275 adhwrere
3099 2218 3287 2288 faciam
3315 2214 3469 2287 palata
3508 2218 3638 2276 tun,ct
3666 2206 3724 2259 erit

2295 2325 2488 2382 mutus,
2523 2333 2584 2370 ne
2613 2315 2764 2386 quasi
2792 2316 2870 2369 vir
2906 2313 3215 2384 objurgans,
3265 2311 3381 2381 quia
3416 2307 3565 2362 domus
3596 2314 3726 2368 πωρο-

2297 2424 2421 2461 rans
2471 2415 2564 2461 est.
2605 2406 2811 2462 Idcirco
2840 2422 2921 2460 va:
2972 2404 3093 2470 tibi,
3141 2401 3369 2465 Austris,
3403 2393 3726 2454 vatibiAlem-

2296 2499 2435 2564 dria,
2477 2515 2596 2569 quae
2623 2514 2821 2554 novum
2852 2498 3064 2563 Arium,
3113 2496 3167 2550 id
3194 2504 3273 2551 est
3315 2492 3548 2554 Albinum,
3585 2481 3726 2558 genuisti

2299 2591 2538 2654 tempore
2572 2584 2790 2656 gloriosi
2817 2583 3103 2654 principis,
3130 2583 3197 2637 ad
3224 2578 3529 2636 evertendam
3557 2573 3727 2629 etobsta-

2297 2678 2521 2732 randam
2575 2676 2736 2732 ﬁdem
2779 2676 3125 2732 catholicam.
3163 2674 3244 2729 Ad
3275 2673 3498 2729 ultimum
3537 2668 3625 2723 andi
3655 2666 3729 2718 bea-

2297 2776 2413 2823 tum
2441 2769 2768 2840 Cyprianum
2832 2769 3048 2825 cuidam
3113 2767 3360 2822 haeretica
3395 2761 3598 2820 scribenti
3619 2758 3665 2811 ita
3679 2753 3727 2808 di-

2296 2869 2508 2919 centem
2558 2877 2572 2915 :
2628 2861 2806 2917 Habes
2869 2869 2927 2914 tu
2966 2860 3179 2915 litteras
3240 2873 3398 2922 meas,
3442 2864 3488 2911 et
3533 2866 3606 2923 ego
3646 2857 3728 2905 tua.

2296 2963 2538 3025 utrmque
2597 2954 2970 3009 recitabuntur
3026 2954 3084 3008 in
3126 2961 3404 3024 conspectu
3457 2943 3630 3004 Domini.
3669 2937 3730 2992 le-

2295 3057 2479 3103 mento
2505 3047 2700 3101 iterum
2729 3045 3118 3116 evangelistam
3158 3045 3388 3101 dixisse:
3423 3038 3550 3094 Multi
3571 3052 3615 3089 er
3637 3028 3732 3083 disci-

2296 3139 2433 3211 pulis
2463 3139 2578 3209 ejus
2607 3138 2844 3192 abierunt
2896 3149 3054 3194 retro.
3098 3139 3165 3194 Et
3193 3139 3281 3194 ubi
3311 3132 3559 3192 abierunt?
3584 3127 3731 3192 Respon-

2296 3231 2420 3286 deat
2459 3229 2557 3286 tibi
2593 3231 2784 3286 beatus
2820 3229 3118 3301 Gregorius
3170 3231 3382 3286 dicens:
3419 3226 3525 3281 Post
3555 3220 3731 3275 Satanam.

2295 3323 2362 3380 Et
2390 3324 2590 3378 iterum
2618 3323 2852 3388 cuidam,
2892 3337 3012 3377 cum
3043 3322 3270 3376 Domino
3321 3320 3531 3374 diceret:
3560 3308 3731 3376 Magister.

2295 3433 2484 3488 sequar
2530 3425 2578 3470 te
2621 3431 2927 3486 quocunque
2962 3415 3090 3468 ieris
3122 3431 3139 3468 :
3179 3413 3271 3467 Ille
3313 3407 3549 3480 respondit
3581 3419 3591 3454 :
3625 3396 3733 3462 NP“

2296 3509 2470 3578 foveas
2518 3505 2730 3571 habent,
2769 3515 2817 3560 et
2866 3504 3101 3560 volucres
3149 3505 3262 3560 caeli
3295 3503 3433 3557 nidos
3461 3518 3475 3554 :
3506 3496 3612 3566 ﬁlius
3633 3497 3733 3583 σιιειι

2295 3598 2521 3652 hominis
2561 3613 2667 3650 non
2709 3595 2860 3649 habet
2893 3596 2979 3648 ubi
3019 3605 3176 3667 caput
3226 3594 3441 3655 reclinet,
3467 3599 3509 3645 et
3540 3587 3734 3640 sicultlln

2296 3697 2369 3755 te,
2422 3690 2467 3743 si
2499 3689 2601 3743 ista
2632 3688 2724 3744 tibi
2763 3701 2929 3757 parva
2954 3702 3062 3742 non
3091 3686 3379 3751 sufﬁciunt,
3429 3696 3513 3737 nec
3539 3675 3655 3732 multa
3667 3682 3732 3739 Ρτ⁰¹

2296 3783 2510 3837 derunt.

2367 3875 2648 3928 Proximus
2697 3871 2786 3928 ille
2828 3872 2937 3928 Deo
2989 3868 3087 3939 est,
3139 3877 3229 3945 qui
3289 3881 3379 3928 scit
3432 3869 3594 3922 ratione
3625 3868 3736 3952 εαξη·
3824 3905 3825 3952 ξ

2295 3965 2446 4033 Quod
2476 3969 2610 4020 duro
2659 3979 2909 4020 sermone
2944 3964 3041 4019 tibi
3084 3965 3352 4019 interdum
3394 3957 3653 4028 scripsimus,
3683 3945 3736 3996 llr
3824 3945 3825 4020 ᾖ

2293 4055 2681 4126 minojubente
2715 4072 2813 4127 per
2862 4056 3099 4128 Moysem
3143 4059 3246 4114 hoc
3280 4055 3503 4115 fecimus,
3538 4045 3606 4118 qui
3632 4037 3738 4094 didii
3824 4097 3825 4108 ς

2295 4149 2421 4203 Νοη
2449 4165 2638 4220 coques
2666 4149 2876 4203 haedum
2899 4150 2953 4203 in
2976 4148 3112 4204 lacte
3141 4151 3326 4204 matris
3352 4162 3469 4202 sure.

2362 4244 2453 4299 20.
2489 4245 2893 4317 Suggerendum
2925 4255 3007 4301 est
3038 4247 3238 4301 iterum
3276 4245 3493 4316 glorioso
3526 4227 3698 4307 principi,
3712 4226 3741 4272 ut

2294 4338 2544 4394 mitescat
2601 4339 2899 4408 indignatio
2946 4337 3063 4406 ejus
3109 4354 3267 4393 servo
3302 4351 3395 4392 suo
3437 4327 3588 4388 Felici,
3623 4325 3742 4416 eluito“
3824 4399 3825 4406 ἶ

2295 4429 2536 4499 requirat
2568 4429 2825 4483 Dominus
2879 4431 3198 4499 sanguinem
3247 4428 3360 4496 ejus
3405 4427 3465 4480 de
3497 4432 3620 4476 manu

2296 4496 2429 4574 Nam
2459 4536 2556 4591 pro
2601 4529 2749 4574 certo
2799 4520 2934 4574 sciat
2986 4496 3116 4589 quia
3164 4520 3210 4574 si
3256 4513 3632 4588 praedicationem
3665 4496 3745 4594 illius
3824 4496 3825 4554 Ὺ

2298 4614 2575 4683 spreverit,
2607 4622 2661 4667 et
2684 4612 2865 4666 Albini
2914 4611 3337 4674 conﬁrmaverit,
3377 4621 3488 4663 cum
3513 4595 3746 4684 Const-tnui0

2297 4682 2620 4774 imperatore
2651 4705 2871 4758 habebit
2901 4712 3128 4773 partem,
3160 4701 3304 4772 quod
3348 4701 3478 4754 Deus
3502 4705 3586 4748 non
3608 4682 3747 4774 penml:

2297 4763 2394 4848 tatl.
2426 4793 2594 4861 Quem
2623 4795 2814 4849 beatus
2854 4763 3091 4849 Isidorus
3117 4763 3280 4848 deﬂet
3317 4791 3522 4847 dicens:
3546 4763 3748 4840 Ηθιιῐιπίὼ
3824 4813 3825 4824 ι

2297 4887 2474 4943 dolor!
2512 4886 2779 4957 principio
2801 4887 2962 4962 bono,
2991 4884 3100 4940 ﬁne
3127 4885 3290 4940 malo.

2872 4996 3210 5053 EPISTOLA
3248 4997 3312 5052 V.

2630 5088 2697 5125 AD
2736 5084 2961 5126 Ρειιοειί
3002 5085 3175 5124 NUPER
3213 5075 3523 5124 CONVERSUIo

2369 5159 2421 5214 l.
2449 5159 2678 5215 Domino
2699 5160 2876 5215 Felice
2902 5174 2917 5212 :
2949 5159 3152 5214 sciente
3172 5173 3269 5213 vos
3293 5155 3466 5219 reddo,
3486 5146 3588 5219 quia
3609 5135 3751 5230 sicut?
3824 5205 3825 5230 ᾖ

2297 5253 2439 5310 Julio
2469 5263 2650 5309 vestro
2679 5255 2880 5324 scripto
2907 5252 3110 5322 accepi,
3138 5259 3194 5306 et
3214 5257 3437 5306 exeunte
3453 5243 3650 5310 Augusto
3663 5225 3753 5279 ωδε

2296 5348 2427 5402 item
2466 5346 2677 5414 scripsi.
2715 5345 2820 5398 Sed
2859 5344 3139 5399 eveniente
3181 5339 3458 5396 occasione
3482 5332 3539 5388 ad
3570 5328 3649 5382 isto
3672 5325 3754 5414 Ρτπζ

2299 5447 2450 5494 sente
2497 5410 2618 5508 igne
2664 5443 3044 5506 consumptum
3080 5440 3180 5497 est,
3212 5439 3268 5488 et
3289 5430 3490 5486 rediens
3513 5421 3570 5476 ad
3594 5410 3756 5508 ωερειξ

2299 5529 2365 5585 ad
2412 5493 2769 5600 quadraginta
2827 5493 2944 5583 dies
2985 5493 3174 5583 denuo'
3201 5518 3458 5591 assumi)“;i
3497 5493 3756 5600 laborem

2300 5595 2491 5694 scripsi
2517 5623 2585 5678 ad
2612 5595 2728 5693 abso
2749 5622 3007 5678 haeretico
3027 5621 3180 5692 piceo
3203 5617 3413 5680 Albino,
3437 5613 3650 5695 quin“?

2298 5733 2396 5790 pro
2409 5673 2517 5771 lsua
2547 5673 2862 5773 conrfusione
2889 5673 3142 5770 scribere.
3172 5711 3251 5765 Tu
3286 5722 3410 5765 vero
3439 5692 3643 5790 exempl?

2298 5767 2353 5869 Si
3043 5767 3234 5863 tamen
3263 5813 3496 5874 egressus
3523 5767 3591 5849 est
3612 5783 3662 5839 de
3674 5767 3758 5832 me”
