3952 6318
162 354 272 412 881

1355 357 1732 418 CONFESSIO
1767 361 1946 421 FIDE!
1981 367 2263 425 FELICIS.

3351 386 3454 442 882

159 466 331 522 Iunio
377 463 739 522 Kalendarum
788 465 1174 526 Novembrium
1211 470 1382 528 direxi
1425 474 1578 530 vobis
1625 477 1760 531 scri-
1783 486 1836 544 Α
1862 479 2028 535 Beato
2079 483 2248 537 direxi
2299 483 2606 554 relegenda.
2661 486 2742 541 Tu
2788 502 2916 544 vero
2969 490 3140 563 dilige
3196 497 3454 566 scriptum

157 568 326 628 ptum
351 572 577 628 parvum
624 558 691 612 de
729 557 897 614 fratre
937 560 1196 626 Militane,
1229 563 1319 632 qui
1364 573 1510 618 recta
1541 567 1607 621 de
1648 567 1758 625 Deo

161 651 360 706 sentit.
383 648 518 703 Nam
545 657 600 703 et
629 659 861 719 quatuor
890 652 1019 706 mihi
1051 655 1431 722 quaterniones
1460 657 1755 727 direxerat,

161 758 312 815 quos
344 743 515 798 direxi
538 749 728 797 contra
775 743 890 814 ipso
924 744 1397 817 Pseudopropheta
1438 748 1758 809 fetidissimo

163 833 228 890 In
258 834 440 888 Beato.
465 832 715 888 Certiﬁca
745 849 830 890 me
856 835 950 904 qui
976 843 1060 891 est
1083 838 1293 906 positus
1333 840 1387 895 in
1417 841 1610 899 Roma.
1632 845 1760 916 Epi-

162 924 367 980 stolam
390 932 624 978 vestram
650 923 862 980 coalitus
883 927 1334 996 quemadmodum
1356 933 1488 988 mihi
1513 935 1756 1005 illapsam

161 1023 404 1071 exeunte
430 1013 570 1068 Iulio
609 1016 812 1085 accepi,
845 1027 900 1071 et
926 1018 1036 1073 Deo
1062 1035 1183 1076 meo
1211 1022 1355 1078 ulnis
1397 1028 1633 1083 extensis
1660 1029 1760 1083 im-

161 1121 390 1162 mensas
415 1106 616 1176 gratias
641 1108 747 1176 egi,
789 1109 879 1176 qui
929 1124 1016 1164 me
1061 1109 1188 1167 fecit
1217 1113 1324 1169 tuis
1361 1115 1588 1187 eloquiis
1636 1135 1761 1175 con-

161 1197 343 1253 latari
368 1198 510 1253 inter
532 1199 643 1268 ipsa
666 1200 978 1268 quotidiana
1019 1203 1297 1272 dispendia
1320 1208 1524 1275 mundi,
1563 1210 1760 1280 quibus

166 1291 453 1353 duramus,
477 1290 658 1358 potius
686 1306 847 1360 quam
873 1292 1122 1349 vivimus.
1193 1335 1199 1341 .

243 1382 298 1436 2.
330 1382 436 1437 Sed
487 1384 769 1453 epistolam
815 1383 1190 1444 fetidissimam
1244 1392 1310 1448 de
1361 1391 1472 1449 ﬁlio
1501 1395 1761 1466 gehennae

163 1478 314 1548 ignis
343 1476 556 1543 Albino,
591 1492 730 1532 novo
769 1477 898 1535 Ario
941 1480 995 1534 in
1026 1480 1223 1538 ﬁnibus
1259 1484 1492 1542 Austris:
1520 1495 1762 1559 tempore

163 1570 391 1640 gloriosi
423 1570 684 1640 principis
727 1581 936 1637 exorto,
969 1589 1076 1628 non
1113 1574 1310 1631 Christi
1353 1579 1633 1650 discipulo,
1666 1583 1762 1640 sed

166 1661 317 1716 illius
342 1662 433 1730 qui
461 1662 616 1724 dixit,
657 1661 857 1716 Ponam
897 1665 1067 1720 sedem
1106 1684 1275 1722 meam
1307 1670 1369 1724 ab
1408 1671 1680 1743 Aquilone,
1714 1685 1762 1730 et

165 1768 258 1805 ero
289 1752 477 1805 similis
506 1752 793 1809 Altissimo.
824 1754 898 1808 De
927 1772 1035 1826 quo
1061 1759 1317 1827 scriptum
1343 1770 1424 1816 est
1457 1777 1470 1814 :
1502 1763 1587 1818 Ex
1616 1766 1762 1820 nobis

1860 571 1990 626 illud
2011 588 2108 642 pro
2139 582 2230 629 tuo
2263 575 2417 630 ﬁdele
2447 577 2680 648 glorioso
2709 580 3013 651 principali,
3040 592 3327 654 antequam
3369 605 3446 645 vc-
3519 597 3548 625 ’ν

1861 666 1973 718 niat
1995 666 2062 720 ad
2087 666 2202 735 ipso
2228 668 2339 724 ﬁlio
2362 671 2553 726 mortis
2580 671 2790 738 Albino,
2826 677 2917 744 qui
2943 693 3048 732 non
3076 679 3248 734 credit
3273 683 3455 738 carnis

1861 757 2206 826 adoptionem
2235 760 2290 814 in
2321 759 2459 818 Filio
2495 765 2611 830 Dei,
2642 781 2802 836 quem
2833 771 3005 825 sancti
3036 770 3228 828 Patres
3272 782 3326 829 et
3354 791 3455 832 nos

1861 847 1962 916 ipsi
1993 850 2261 906 credimus
2287 853 2341 906 in
2369 854 2481 908 sola
2510 854 2684 910 forma
2723 860 3001 917 servitutis
3042 864 3311 932 humanae,
3345 883 3456 923 non

1860 940 1916 995 in
1944 941 2112 1010 gloria
2144 944 2225 998 vel
2250 947 2554 1002 substantia
2585 950 2778 1007 divina:
2809 961 3038 1010 naturae.
3064 956 3140 1012 De
3163 958 3255 1014 illo
3286 959 3457 1015 fratre

1861 1039 2048 1087 nostro
2086 1035 2177 1104 qui
2212 1035 2494 1093 defunctus
2532 1049 2615 1095 est
2654 1042 2833 1097 audivi
2858 1046 3003 1114 quod
3051 1047 3253 1118 aliquid
3294 1051 3456 1111 nobis

1861 1124 2146 1179 mandarat
2184 1127 2433 1197 dirigere,
2482 1139 2536 1185 et
2572 1131 2692 1187 ideo
2741 1149 2925 1204 quazso
2974 1145 3033 1191 ut
3077 1143 3344 1198 mandetis
3386 1142 3460 1203 ad

1861 1215 1980 1286 ipso
2005 1217 2206 1273 famulo
2236 1231 2415 1276 vestro
2444 1222 2726 1290 Ermedeo,
2781 1236 2842 1282 ut
2888 1238 3095 1299 quaerat
3144 1234 3210 1287 de
3254 1232 3458 1292 Judaeis

1862 1310 1955 1378 qui
1985 1311 2182 1366 habent
2219 1312 2328 1368 illic
2355 1331 2550 1371 uxores
2576 1327 2629 1370 et
2658 1317 2816 1384 ﬁlios,
2844 1322 2935 1390 qui
2963 1320 3208 1392 fatigium
3256 1326 3366 1392 det,
3399 1335 3457 1383 et

1863 1402 2018 1456 nobis
2042 1411 2303 1471 quantum
2332 1405 2473 1460 Deus
2507 1407 2848 1476 inspiraverit
2889 1413 3084 1482 dirigat
3114 1433 3125 1467 :
3160 1415 3234 1468 ita
3275 1426 3454 1472 tamen

1863 1501 1923 1547 ut
1952 1494 2042 1548 alii
2064 1494 2234 1551 Judaei
2258 1513 2365 1552 non
2387 1500 2620 1554 sentiant
2647 1503 2736 1571 qui
2769 1505 2909 1573 apud
2948 1522 3047 1560 nos
3073 1507 3334 1574 habitant,
3360 1519 3456 1565 aut

1865 1586 1910 1640 si
1947 1588 2203 1656 possibile
2250 1597 2352 1653 est,
2407 1598 2467 1644 ut
2515 1593 2808 1661 quemlibet
2853 1596 2918 1650 de
2967 1597 3195 1653 humiles
3245 1608 3455 1656 vestros

1865 1679 2148 1734 nobiscum
2188 1683 2542 1739 mercaturios
2570 1686 2660 1753 qui
2693 1689 2914 1741 veniunt
2941 1689 3204 1760 dirigatis,
3238 1703 3292 1748 et
3325 1695 3456 1764 quid

1865 1779 2085 1848 egeritis
2141 1779 2208 1834 de
2258 1791 2438 1837 vestra
2484 1783 2782 1838 intentione
2829 1785 2984 1838 nobis
3039 1785 3354 1851 certiﬁcate,
3403 1794 3458 1840 et

165 1845 498 1915 prodierunt,
531 1845 620 1898 sed
648 1863 750 1900 non
780 1861 926 1901 erant
979 1865 1042 1902 ex
1082 1848 1255 1905 nobis.
1301 1853 1443 1909 Nam
1468 1858 1514 1910 si
1541 1859 1761 1928 fuissent
1793 1853 1840 1914 Β
1867 1845 2101 1925 maxime
2137 1887 2234 1940 per
2288 1872 2455 1928 libros
2499 1875 2633 1929 duos
2679 1875 3028 1944 epistolarum
3075 1876 3220 1929 beati
3270 1877 3458 1930 I'liero-

167 1952 237 1989 ea:
255 1935 426 1998 nobis,
441 1939 844 2005 permansissent
873 1939 1046 2008 utique
1073 1947 1355 1998 nobiscum.
1377 1945 1578 2002 Contra
1598 1967 1761 2025 quem

167 2041 334 2103 prout
365 2034 507 2087 volui
536 2035 857 2104 rescriptum
898 2040 1124 2107 reddidi,
1153 2052 1207 2096 et
1233 2053 1542 2102 sanctorum
1568 2051 1760 2105 ortho-

171 2124 442 2178 doxornm
483 2134 642 2194 atque
692 2129 1078 2186 catholicorum
1127 2139 1408 2192 sententiis
1453 2142 1760 2211 astipulavi.

171 2213 295 2275 Tua
333 2235 464 2278 vero
494 2230 748 2283 sanctitas
777 2231 1004 2288 viribter
1031 2245 1172 2308 agat,
1204 2250 1259 2294 et
1308 2230 1643 2289 confortetur
1669 2252 1764 2292 eor

169 2319 337 2368 tuum
366 2316 708 2374 reminiscens
736 2323 866 2391 quid
918 2324 1033 2394 ipse
1073 2328 1331 2386 Dominus
1371 2330 1514 2388 dicai.
1554 2343 1567 2378 ε
1614 2326 1764 2381 Beati

163 2406 267 2475 qui
296 2410 700 2475 persecutionem
735 2415 1008 2483 patiuntur
1050 2430 1262 2490 propter
1297 2423 1583 2493 justitiam,
1636 2441 1770 2494 quo-

169 2497 320 2548 niam
351 2499 581 2568 ipsorum
607 2513 681 2557 est
710 2520 923 2576 regnum
951 2510 1217 2566 caelorum.
1256 2513 1323 2568 Et
1349 2515 1544 2570 iterum
1575 2535 1587 2571 :
1626 2517 1764 2572 Ecce

167 2600 266 2654 ego
307 2588 456 2642 mitto
496 2607 580 2646 vos
628 2595 762 2648 sicut
810 2613 925 2652 oves
970 2600 1024 2653 in
1071 2602 1241 2657 medio
1290 2603 1550 2675 luporum.
1584 2607 1764 2662 Estote

167 2691 296 2766 ergo
323 2679 605 2746 prudentes
655 2686 786 2739 sicut
828 2701 1106 2760 serpentes,
1151 2703 1201 2748 et
1240 2696 1497 2766 simplices
1522 2712 1655 2755 sicut
1676 2718 1764 2756 co-

170 2763 389 2822 lumbte.
421 2768 606 2827 Cavete
650 2792 771 2847 ergo
807 2781 870 2834 ab
899 2782 1215 2839 hominibus.
1252 2763 1480 2844 Tradent
1509 2794 1646 2846 enim
1676 2811 1763 2848 vos

165 2856 230 2909 in
257 2860 512 2928 conciliis,
541 2874 586 2918 et
616 2872 892 2940 synagogis
930 2875 1040 2928 suis
1081 2877 1420 2947 ﬂagellabant
1469 2899 1575 2947 vos,
1617 2893 1665 2937 et
1695 2885 1764 2939 ad

164 2951 423 3038 p‘rtesides
445 2963 491 3007 et
517 2973 659 3026 reges
682 2959 945 3018 ducemini
971 2977 1180 3038 propter
1205 2986 1285 3024 me
1317 2973 1372 3026 in
1409 2975 1762 3030 testimonium

168 3036 284 3092 illis
315 3049 364 3092 et
393 3045 648 3111 gentibus.

245 3134 302 3188 5.
345 3135 458 3207 Ego
487 3155 617 3198 vero
643 3144 816 3202 direxi
850 3150 1132 3220 epistolam
1158 3164 1304 3211 tuam
1339 3159 1422 3214 'ad
1463 3160 1765 3219 Cordobam

166 3227 438 3287 fratribus
468 3237 561 3305 qui
597 3239 663 3294 de
687 3241 796 3297 Deo
823 3254 970 3301 recta
1017 3250 1274 3318 sentiunt,
1322 3260 1378 3306 et
1418 3255 1548 3309 mihi
1597 3257 1767 3314 multa
1793 3221 1838 3284 ρ

168 3324 513 3420 scripserunt
541 3347 662 3401 qua:
690 3334 744 3388 in
769 3344 862 3392 tuo
895 3338 1166 3408 adjutorio
1194 3344 1484 3402 debueram
1515 3349 1767 3420 dirigere.

170 3410 288 3469 Sed
315 3416 387 3471 ad
410 3418 528 3490 ipso
551 3422 967 3483 haeresiarcham
987 3429 1169 3488 Albini
1196 3435 1456 3505 magistro
1475 3410 1772 3495 Antifrasio

1862 1962 2032 2032 nymi,
2063 1973 2119 2017 et
2155 1966 2536 2033 opusculorum
2573 1968 2716 2022 beati
2746 1968 2957 2032 lsidori,
2991 1984 3126 2037 quos
3163 1969 3324 2023 habet
3351 1969 3453 2022 Er-

1862 2055 2071 2120 medeo,
2103 2072 2237 2126 quos
2264 2058 2568 2114 direxeram
2607 2060 2674 2113 ad
2718 2060 2832 2128 ipsi)
2866 2060 3018 2114 fratri
3047 2061 3139 2130 qui
3168 2060 3454 2116 defunctus

1862 2153 1982 2202 est:
2020 2148 2160 2202 unde
2195 2157 2249 2203 et
2292 2150 2422 2204 mihi
2462 2150 2881 2205 demandaverat
2905 2167 3042 2220 quos
3081 2151 3216 2205 alios
3245 2151 3454 2206 similes

1861 2249 2154 2311 repererat.
2194 2241 2396 2298 Idcirco
2435 2234 2629 2298 tamen‘
2651 2245 2912 2313 applicate
2944 2245 3059 2313 ipse
3091 2243 3356 2297 Ermedeo
3380 2243 3451 2298 ad

1862 2345 1978 2397 vos,
2002 2341 2056 2387 et
2081 2334 2328 2388 instruite
2360 2335 2509 2388 illum
2545 2335 2740 2390 vestris
2768 2335 3016 2406 eloquiis,
3040 2341 3096 2388 et
3117 2348 3302 2388 veram
3325 2330 3451 2387 ﬁdei

1865 2427 2188 2491 doctrinam,
2226 2428 2366 2482 sicut
2390 2443 2490 2499 ego
2519 2428 2596 2482 illi
2622 2429 2793 2483 notui.

1932 2517 1986 2570 4.
2023 2517 2104 2572 Me
2133 2527 2312 2574 tamen
2356 2521 2664 2590 cognoscite
2709 2527 2986 2576 senectute
3019 2519 3133 2590 jam
3182 2519 3456 2590 decrepita

1862 2610 2226 2684 octuagesimo
2248 2611 2484 2669 secundo
2506 2627 2647 2666 anno
2671 2628 2702 2666 a
2725 2612 2812 2667 die
2838 2622 3029 2668 octavo
3054 2613 3281 2669 Kalend.
3309 2612 3452 2683 Aug.

1864 2708 2138 2776 ingressus
2173 2703 2359 2770 fuisse,
2385 2712 2440 2760 et
2472 2715 2625 2760 orate
2651 2719 2750 2774 pro
2778 2705 2934 2759 nobis
2961 2705 3101 2760 sicut
3139 2714 3194 2760 et
3235 2720 3336 2759 nos
3378 2703 3460 2758 fa-

1865 2799 2038 2854 cimus
2063 2813 2160 2868 pro
2187 2813 2283 2852 vos
2313 2797 2546 2862 assidue,
2579 2806 2639 2850 ut
2665 2813 2764 2852 nos
2793 2797 2934 2853 Deus
2963 2798 3014 2851 in
3043 2797 3266 2868 regione
3300 2795 3458 2852 vivo-

1865 2905 1983 2944 rum
2013 2890 2215 2958 pariter
2244 2887 2456 2959 jungat.
2498 2888 2604 2943 Sed
2638 2889 2890 2944 omnibus
2929 2887 3191 2943 fratribus
3236 2887 3459 2941 deman-

1866 2983 2110 3036 davimus
2159 2989 2216 3036 ut
2250 2997 2350 3051 pro
2384 2996 2480 3036 vos
2522 2981 2847 3036 sacriﬁcium
2891 2981 3002 3035 Deo
3054 2978 3302 3035 offerant.
3344 2977 3458 3034 Me-

1867 3084 1984 3130 reat
2025 3075 2345 3143 quantocius
2371 3075 2437 3128 de
2473 3083 2654 3128 vestro
2696 3073 2959 3142 rescripto
2998 3071 3152 3125 laetus
3198 3068 3468 3125 existere.

1867 3166 2033 3221 Istum
2056 3176 2377 3236 praesentem
2408 3168 2561 3223 vobis
2605 3165 2941 3230 commendo,
2990 3173 3044 3218 et
3077 3164 3457 3234 presbyterum

1873 3268 2118 3314 nostrum
2153 3259 2466 3326 Venerium,
2497 3259 2544 3315 si
2571 3259 2757 3314 datum
2798 3257 2960 3313 fuerit
2991 3265 3050 3312 ut
3073 3257 3355 3331 perveniat
3384 3256 3458 3314 ad

1873 3367 1989 3408 VOS.

176 3567 3436 3620 ᾓ-ᾓ-Ἥη

533 3761 603 3821 κδ
731 3728 1607 3849 CONFESSIO
1731 3746 2170 3856 FIDE]
2275 3747 2916 3883 EELICIS

1249 3935 1764 4000 ORGELLITANIE
1805 3944 2001 4003 SEDIS
2038 3891 2349 4005 EPISCOPI
2372 3991 2387 4015 ,

160 4058 384 4137 Quam
415 4059 545 4139 ipse
571 4069 723 4142 post
747 4072 1027 4146 spretum
1055 4087 1328 4172 errorem
1367 4095 1550 4138 suum
1583 4080 1651 4140 in
1680 4093 2014 4172 conspectu
2051 4087 2310 4172 concilii
2360 4088 2579 4172 edidit,
2611 4095 2667 4152 et
2703 4092 2788 4154 eis
2817 4093 2927 4172 qui
2964 4093 3030 4154 in
3061 4093 3200 4170 ipso
3236 4103 3454 4153 errore

1093 4149 1149 4209 ei
1181 4149 1416 4215 dudum
1445 4149 1889 4224 consentientes
1912 4167 2189 4242 fuerant,
2227 4149 2490 4230 direxit.

1379 4397 1476 4460 [Ex
1497 4399 1674 4466 Mauri,
1695 4403 1841 4470 ampl.
1865 4405 2016 4460 Coac.
2039 4408 2270 4476 CollectJ

777 4623 1180 4692 MONITUM.

241 4815 394 4907 Felix
428 4815 790 4907 Urgellitanus
814 4819 1154 4907 aLLeidrado
1179 4821 1406 4907 aliisque
1438 4826 1760 4907 praesulibus

158 4887 393 4958 Urgello
441 4891 807 4967 congregatis_
827 4891 1130 4967 damnatus,
1177 4895 1246 4949 ab
1278 4887 1357 4950 eis
1386 4887 1593 4967 accepit
1629 4898 1762 4954 libe-

157 4974 291 5013 rum
323 4967 684 5012 commeatum
714 4968 773 5014 ut
794 4962 848 5015 in
877 4961 1254 5038 episcoporum
1279 4976 1423 5022 cmtu
1447 5009 1460 5038 ,
1498 4961 1762 5038 praesente

157 5044 320 5101 rege,
369 5043 587 5083 causam
646 5045 797 5101 suam
833 5040 1037 5101 ageret.
1073 5034 1225 5101 Quod
1264 5052 1389 5092 mox
1443 5034 1641 5094 factum
1679 5051 1763 5096 est

157 5048 320 5097 rege,
369 5048 587 5083 causam
646 5048 797 5085 suam
833 5048 1037 5154 ageret.
1073 5048 1225 5101 quod
1264 5052 1389 5092 mox
1443 5048 1641 5094 factum
1679 5051 1761 5096 est

157 5100 218 5170 in
248 5098 678 5170 Aquisgranensi
709 5101 860 5156 conci
887 5103 955 5156 io.
995 5103 1252 5160 Alcuinus
1277 5118 1463 5162 narrat
1506 5109 1761 5166 Carolum

155 5169 443 5246 lagnum'
465 5184 674 5249 regem,
697 5181 756 5226 ut
780 5172 1105 5249 Felicianam
1132 5177 1380 5249 haeresim
1410 5189 1763 5249 expugnaret,

157 5240 425 5319 magnam
463 5240 724 5319 synodum
762 5245 1240 5319 episcoporum_in
1267 5240 1590 5318 Aquisgrarii
1619 5240 1766 5319 pala;

156 5311 245 5390 tio
263 5311 654 5390 congregasse,
696 5311 1035 5390 meaque—se
1059 5327 1113 5372 et
1137 5311 1388 5390 Felicem,
1420 5311 1562 5390 rcgis
1586 5311 1762 5389 jussu,

157 5382 367 5459 diebus
391 5382 596 5450 aliquot
619 5382 942 5452 conflixisse.
970 5387 1180 5459 Yictum
1203 5402 1261 5442 se
1281 5382 1509 5459 denique
1534 5382 1763 5447 Felicem

157 5467 304 5528 voce
330 5452 570 5528 ﬂetuque
593 5462 827 5528 testatus
843 5467 946 5512 est.
972 5457 1157 5528 Itaque
1184 5475 1366 5514 coram
1391 5452 1764 5519 sacerdotibus

155 5523 340 5596 Deiet
362 5524 573 5595 imperii
590 5526 940 5596 optimatibus
962 5523 1354 5586 rationabiliter
1368 5533 1582 5587 auditus
1600 5541 1654 5589 et
1675 5549 1766 5588 ve-

155 5595 381 5675 raciter
405 5595 707 5675 convictus,
728 5605 900 5675 atque
934 5599 1044 5655 Deo
1067 5601 1202 5675 dans
1223 5602 1447 5675 gloriam
1477 5618 1766 5675 veramque

151 5665 338 5722 ﬁdem
367 5666 650 5723 confessus
671 5709 686 5733 ,
727 5669 782 5724 in
813 5665 1021 5740 'pacem
1071 5665 1352 5729 catholica:
1392 5665 1767 5732 unanimitatis

152 5752 434 5819 reversus
455 5747 539 5794 est
563 5755 687 5807 cum
717 5742 830 5797 suis
867 5743 1519 5819 discipulis_qui_ibi_tunc
1559 5754 1766 5819 tempo-

153 5810 249 5866 ris
277 5818 440 5867 erant
466 5820 784 5882 praesentes,
811 5829 954 5871 anno
971 5810 1173 5872 Christi
1187 5810 1319 5874 .799.
1359 5816 1655 5874 Eunones.

1787 4635 1845 4697 Ι)

2507 4643 2803 4706 INCIPIT

1949 4777 2512 4858 CONFESSIO
2570 4780 2855 4857 FIDEI
2914 4778 3348 4859 FELICIS.

1941 4913 2000 4968 ln
2043 4913 2136 4967 Dei
2192 4914 2408 4967 nomine
2462 4911 2611 4967 Felix
2655 4912 2785 4966 olim
2832 4913 3084 4985 indignus
3131 4916 3456 4989 episcopus,

1870 5005 2082 5060 domuis
2111 5006 2162 5059 in
2189 5004 2405 5059 Christo
2447 5003 2709 5060 fratribus
2738 5005 2931 5060 Emani
2955 5008 3294 5078 presbytero,
3323 5009 3464 5067 lide-

1869 5096 2024 5150 sindo
2051 5096 2371 5166 presbytero
2391 5137 2405 5160 ,
2435 5104 2597 5164 atque
2623 5095 2942 5166 Exsuperio,
2975 5096 3339 5166 Gundefredo,
3374 5099 3462 5156 Si-

1869 5185 2032 5239 donio
2059 5202 2268 5241 necnon
2297 5193 2352 5241 et
2376 5185 2704 5256 Ermegildo,
2750 5203 2846 5242 seu
2873 5189 3084 5244 caneris
3103 5193 3457 5263 presbyteris,

1869 5275 2118 5331 similiter
2167 5279 2651 5351 Vittildqdiacouo
2699 5289 2753 5335 et
2794 5280 3064 5349 Witirico,
3097 5299 3193 5339 seu
3247 5286 3460 5343 caeteris

1868 5369 2082 5424 clericis
2107 5371 2160 5423 in
2187 5372 2442 5440 parochia
2469 5370 2813 5441 Orgellitanae
2832 5374 3088 5430 ‘ecclesiaa
3115 5377 3454 5448 degentibus,

1867 5477 1960 5516 seu
1987 5462 2199 5518 caneris
2221 5463 2467 5519 ﬁdelibus
2488 5464 2729 5520 ecclesiae
2754 5467 2808 5520 in
2833 5469 3143 5538 superdicto
3163 5471 3457 5527 commisso

1867 5555 2350 5621 commorantibus,
2391 5556 2446 5610 in
2484 5556 2711 5613 Domino
2741 5559 2848 5614 Deo
2876 5560 3040 5617 Patre
3066 5569 3120 5618 et
3143 5559 3272 5617 Jesu
3295 5563 3458 5618 Chri-

1866 5652 1952 5701 sto
1975 5661 2104 5702 vero
2126 5645 2264 5701 Filio
2288 5651 2424 5715 ejus,
2451 5649 2678 5706 Domino
2702 5665 2768 5706 ac
2786 5651 3145 5723 Redemptore
3165 5661 3374 5720 nostro,
3400 5660 3459 5710 et

1867 5741 1922 5797 in
1948 5742 2151 5812 Spiritu
2177 5753 2394 5809 sancto,
2424 5753 2684 5801 aeternam
2715 5746 2963 5802 salutem.
3029 5755 3043 5764 '

1937 5836 2016 5892 De
2039 5843 2235 5891 caetero
2259 5839 2328 5894 ad
2349 5838 2679 5909 agnitionem
2702 5846 2941 5896 vestram
2967 5837 3296 5906 reducimus,
3322 5836 3451 5908 quia

2875 6101 2902 6123 ο
