3952 6318
451 435 555 490 885

1267 417 1679 484 ELIPANDUS,
1722 401 1946 478 FELIX,
1985 405 2346 464 HETERIUS
2368 404 2459 462 ET
2499 403 2559 460 S.
2597 401 2893 459 BEATUS.

3604 396 3717 466 882i

451 552 737 619 postquam
763 544 828 597 ad
874 548 1219 612 praesentiam
1245 535 1447 592 domini
1491 531 1664 589 nostri
1697 545 1762 586 ac
1802 521 2031 600 piissimi
2057 523 2110 588 Α
2135 520 2206 576 sit
2230 535 2297 576 ex
2324 517 2627 576 substantia
2649 517 2878 619 matris;
2911 516 3005 572 sed
3028 513 3176 588 quia,
3204 522 3266 571 ut
3288 515 3492 573 dictum
3517 526 3640 588 est,
3661 517 3723 578 ιι

451 635 780 712 gloriosique
801 631 980 690 Caroli
1012 630 1155 702 regis
1177 627 1468 702 perductus
1497 639 1642 690 sum,
1677 628 1732 678 et
1763 619 1882 692 ejus
1903 630 2032 712 conf

451 708 660 803 ἆραιῑαί
680 732 1058 797 prmsentatus,
1080 721 1354 778 liwntiam
1379 719 1447 776 ab
1471 733 1557 784 eo,
1574 715 1868 773 secundum
1890 708 2033 803 quod

453 801 510 878 et
533 816 858 876 venerabilis
880 816 1108 871 domnus
1146 813 1447 869 Laidradus
1483 811 1766 881 episcopus
1803 805 1959 860 nobis
1980 801 2035 855 in

454 907 672 982 Orgello
719 908 992 982 pollicitus
1039 913 1152 970 est,
1199 904 1526 974 accepimus,
1564 899 1794 972 qualiter
1836 897 1892 952 in
1920 891 2046 963 ejus,

457 1002 798 1074 praesentiam
841 1000 895 1055 in
932 1007 1226 1070 conspectu
1266 997 1660 1067 episcoporum,
1709 1006 1845 1062 quos
1887 989 1954 1044 ad
1979 1001 2038 1042 se

456 1095 727 1151 ordinatio
759 1091 980 1165 gloriosi
1007 1091 1266 1166 principis
1289 1088 1462 1146 nostri
1495 1084 1785 1145 convenire
1811 1079 2034 1146 fecerat,

457 1186 752 1242 sententias
779 1192 993 1240 nostras
1015 1225 1031 1251 ,
1057 1198 1192 1254 quas
1220 1196 1285 1238 ex
1314 1179 1468 1236 libris
1493 1186 1806 1234 sanctorum
1839 1173 2041 1228 habere

456 1291 559 1334 nos
592 1277 660 1333 de
698 1275 984 1348 adoptione
1011 1273 1192 1332 carnis
1227 1274 1284 1329 in
1321 1270 1462 1326 Filio
1490 1269 1608 1333 Dei,
1641 1282 1734 1324 seu
1765 1278 2040 1333 nuncupa-

425 1426 641 1556 éremus
666 1480 682 1521 :
708 1464 944 1538 qualiter
970 1478 1077 1522 non
1125 1461 1181 1517 in
1216 1458 1490 1524 violentia,
1521 1456 1618 1514 sed
1660 1454 1869 1512 ratione
1891 1450 2038 1506 veri-

427 1545 606 1648 ;tatis,
634 1566 819 1615 nostra
843 1556 1074 1614 assertio
1099 1563 1218 1610 rata
1246 1549 1614 1623 judicaretur,
1637 1548 1684 1606 si
1719 1549 1786 1604 ab
1817 1545 1922 1602 illis
1945 1559 2044 1614 per

431 1638 840 1710 iauctoritatem
884 1658 1200 1707 sanctorum
1259 1647 1484 1704 Patrum
1518 1643 1741 1700 minime
1793 1638 2042 1710 repudia-

434 1753 628 1822 .retur.
677 1744 831 1816 Quod
887 1743 962 1800 ita
1015 1740 1219 1800 factum
1255 1746 1338 1797 est
1371 1753 1386 1792 :
1419 1753 1545 1794 nam
1567 1735 1808 1808 prolatas
1833 1747 1862 1786 a
1889 1729 2044 1786 nobis

431 1825 756 1892 'sententias
795 1836 860 1891 de
893 1833 1202 1906 superdicta
1228 1831 1593 1895 contentione,
1621 1828 1724 1882 hoc
1747 1833 1830 1881 est
1855 1824 1922 1879 de
1944 1823 2042 1878 ad-

456 1364 606 1429 tione
634 1368 690 1424 in
724 1367 1062 1426 humanitate
1081 1363 1228 1436 ejus,
1266 1361 1619 1420 credebamus
1639 1401 1654 1426 ,
1683 1365 2040 1430 repraasenta-
2091 1359 2106 1370 ‘

2133 615 2249 685 ipsa
2276 613 2435 672 vulva
2474 620 2675 670 sanctae
2716 611 2957 684 Virginis
2989 611 3058 668 ab
3095 611 3214 682 ipso
3254 623 3513 684 conceptu
3539 615 3629 670 ab
3660 629 3727 674 eo

2133 708 2225 778 qui
2251 707 2546 764 secundum
2566 706 2902 770 divinitatem
2931 721 3092 762 verus
3127 714 3181 760 et
3213 707 3460 778 proprius
3489 707 3602 764 Dei
3633 706 3728 766 Pi.

2135 799 2238 854 lius
2264 797 2482 861 existit,
2523 798 2577 853 in
2616 797 2988 870 singularitate
3025 810 3275 868 persona:
3298 813 3408 854 sua:
3430 806 3734 870 susceptus

2136 904 2237 957 e51,
2275 900 2436 962 atque
2470 899 2780 962 conceptus,
2812 905 2974 946 verus
3001 899 3057 946 et
3094 891 3344 960 proprius
3380 892 3474 946 Dei
3500 891 3732 960 Filius,

2137 997 2202 1039 ex
2239 983 2428 1040 eadem
2473 993 2659 1040 sancta
2698 984 2920 1055 Virgine
2965 991 3124 1040 natus
3152 995 3256 1040 est.
3298 984 3412 1040 Non
3445 985 3597 1042 alius
3641 986 3734 1046 Dei

2137 1076 2326 1142 Filius,
2369 1084 2425 1136 et
2463 1076 2604 1134 alius
2649 1076 2884 1134 hominis
2928 1075 3070 1131 ﬁlius
3099 1095 3112 1130 :
3141 1078 3235 1132 sed
3271 1077 3408 1134 Deus
3445 1087 3502 1133 et
3530 1079 3732 1142 Ιιοωο,

2139 1174 2332 1233 unicus
2387 1173 2483 1230 Dei
2530 1171 2707 1230 Patris
2752 1187 2916 1228 verus
2969 1187 3035 1228 ac
3079 1166 3330 1242 proprius
3368 1173 3558 1239 Filius,
3629 1189 3736 1232 ιω

2140 1266 2446 1336 adoptione,
2473 1279 2582 1321 non
2607 1263 2982 1334 appellatione,
3010 1259 3152 1334 [seu]
3183 1266 3616 1333 nuncupatione,
3646 1267 3736 1322 sed

2141 1361 2200 1418 in
2233 1369 2459 1430 utraque
2483 1368 2678 1418 natura
2701 1399 2716 1423 ,
2750 1367 2812 1414 ut
2840 1357 3046 1416 dictum
3077 1365 3182 1421 est,
3221 1371 3361 1414 unus
3390 1357 3479 1414 Dei
3510 1357 3736 1426 Patris,

2142 1453 2438 1510 secundum
2473 1451 2812 1524 Apostolum,
2855 1464 3017 1508 verus
3042 1465 3108 1506 ac
3139 1448 3388 1519 proprius
3422 1450 3518 1506 Dei
3553 1449 3736 1508 Filius

2142 1545 2420 1602 credatur.

2215 1658 2342 1715 Hec
2367 1667 2451 1714 est
2474 1655 2745 1712 confessio
2768 1656 2892 1711 tldei
2916 1663 3138 1722 nostrae,
3153 1663 3336 1726 quam,
3355 1653 3462 1709 Deo
3480 1652 3736 1724 iuvante,

2145 1767 2178 1807 a
2201 1751 2404 1808 sanctis
2435 1749 2687 1804 Patribus
2705 1761 2806 1812 per
2828 1763 3019 1804 eorum
3045 1748 3248 1818 scripta
3279 1747 3649 1818 cognovimus,
3677 1754 3733 1804 el

2147 1845 2216 1900 ab
2256 1841 2551 1899 universali
2583 1839 2826 1896 Ecclesia
2870 1847 2993 1910 post
3035 1841 3324 1910 pristinum
3359 1853 3589 1894 errorem
3627 1855 3726 1896 no-

459 1927 679 1999 0ptione
715 1927 896 1983 carnis
919 1893 1079 2002 aique
1117 1922 1535 1993 nuncupatione,
1567 1921 1640 1974 ita
1663 1919 1740 1973 illi
1765 1933 1835 1972 ex
1855 1923 2044 1972 aucto-
2075 1893 2124 1954 Β
2148 1893 2686 2005 gf”;
2723 1893 3310 1999 gfw‘ngmu'sjmod
3342 1893 3398 1986 εί
3421 1893 3738 1986 ῥωίῶ

460 2018 624 2077 ritate
673 2018 752 2086 de_
776 2017 928 2074 libris
961 2023 1272 2072 sanctorum
1315 2013 1560 2078 Patrum,
1595 2011 1648 2068 id
1687 2019 1769 2067 est
1794 2051 1810 2077 ,
1859 2007 2046 2082 Cyrilli

459 2110 729 2184 episcopi,
775 2121 829 2166 et
851 2109 992 2168 beati
1025 2108 1269 2178 Gregorii
1310 2121 1462 2180 papae
1515 2105 1664 2162 urbis
1691 2106 1910 2168 Romae,
1952 2118 2048 2158 seu

460 2205 606 2262 beati
644 2203 854 2267 Leonis,
903 2203 1016 2262 sive
1067 2209 1120 2257 et
1151 2202 1380 2256 aliorum
1431 2208 1740 2256 sanctorum
1786 2197 2046 2262 Patrum,

461 2295 554 2368 qui
577 2294 734 2354 nobis
753 2293 908 2364 prius
933 2293 1194 2364 incogniti
1229 2299 1406 2357 erant,
1431 2306 1524 2346 seu
1553 2305 1650 2362 per
1673 2289 2050 2346 auctoritatem

462 2387 652 2457 synodi
687 2402 808 2456 quae
837 2402 1011 2456 nuper
1037 2387 1090 2440 in
1139 2385 1312 2441 Roma
1354 2385 1458 2440 hac
1499 2383 1798 2438 intentione
1819 2422 1834 2446 ,
1862 2380 2054 2451 praeci-

458 2477 642 2548 piente
673 2479 1066 2551 gloriosissimo
1109 2496 1174 2536 ac
1202 2479 1449 2550 piissimo
1476 2477 1694 2534 domino
1722 2484 1912 2532 nostro
1945 2473 2051 2528 Ca-

461 2572 600 2638 rolo,
629 2572 888 2631 adversus
929 2571 1212 2641 epistolam
1234 2585 1412 2626 meam
1434 2610 1448 2634 ,
1481 2584 1643 2638 quam
1665 2566 1866 2622 dudum
1895 2578 2054 2620 vene-

460 2661 623 2717 rabili
653 2663 770 2720 viro
805 2663 1001 2718 Albino
1035 2661 1217 2718 abbati
1253 2661 1585 2720 Turonensis
1624 2659 1878 2714 Ecclesiae
1919 2657 2056 2712 scri-

461 2764 682 2820 pseram
705 2791 721 2821 ,
760 2761 1084 2822 congregata
1132 2757 1234 2806 est.
1283 2751 1340 2806 In
1393 2765 1496 2820 qua
1535 2749 1741 2824 synodo
1791 2755 2058 2819 praesente

462 2841 644 2898 Leone
676 2843 1005 2912 apostolico,
1045 2852 1098 2898 et
1130 2859 1254 2898 cum
1306 2858 1372 2898 eo
1420 2843 1603 2898 caeteri
1637 2841 1872 2912 episcopi
1904 2855 2052 2894 num.

464 2952 588 3014 LVII.
603 2936 922 3000 residentes,
953 2943 1008 2988 et
1029 2934 1273 3005 plerique
1293 2932 1596 3008 presbyteri
1615 2949 1679 2989 ac
1701 2933 1912 2990 diaconi
1934 2948 2057 2987 cum

466 3026 548 3086 eis
581 3029 640 3088 in
679 3028 840 3105 domo
883 3028 1185 3088 beatissimi
1221 3029 1368 3088 Petri
1397 3027 1666 3104 apostoli,
1703 3042 1800 3100 per
1826 3041 2058 3098 quorum

468 3119 710 3186 omnium
757 3118 1138 3176 auctoritatem
1193 3119 1326 3178 istas
1367 3119 1483 3193 jam
1531 3119 1704 3174 dictas
1766 3117 2060 3172 sententias

466 3217 716 3278 nostras,
753 3226 865 3268 non
893 3207 1162 3282 qualibet,
1198 3221 1258 3271 ut
1285 3211 1491 3280 dictum
1517 3218 1619 3276 est.
1651 3209 1926 3276 violentia,
1964 3208 2058 3264 sed

467 3304 681 3360 ratione
723 3304 1002 3370 veritatis,
1034 3313 1096 3359 ut
1116 3287 1402 3374 oportuit,
1423 3304 1790 3358 excluserunt.
1816 3302 2057 3369 Quorum

469 3395 796 3452 auctoritate
838 3395 1084 3450 veritatis
1108 3435 1124 3460 ,
1165 3402 1221 3450 et
1255 3395 1421 3450 totius
1454 3393 1710 3449 Ecclesia:
1739 3392 2061 3447 universalis

473 3503 764 3552 consensu,
788 3487 1045 3552 convicti,
1063 3487 1132 3541 ad
1146 3485 1506 3542 universalcm
1529 3485 1842 3547 Ecclesiam,
1867 3483 1977 3538 Deo
1991 3482 2064 3538 fa-

471 3586 648 3643 vente,
686 3593 757 3634 ex
781 3586 898 3634 tanto
923 3579 1089 3634 corde
1113 3586 1302 3632 nostro
1324 3577 1529 3633 reversi
1549 3590 1778 3632 sumus:
1807 3589 1915 3630 non
1929 3589 2084 3644 qua-~

473 3671 607 3727 libet
647 3671 1016 3736 simulatione,
1045 3685 1141 3724 seu
1168 3670 1435 3726 velamine
1474 3669 1758 3733 falsitatis,
1803 3669 1942 3723 sicut
1967 3669 2064 3722 du-

473 3760 621 3822 dum,
688 3761 832 3829 quod
883 3758 1030 3815 Deus
1079 3747 1211 3828 scit;
1256 3761 1381 3825 sed,
1425 3767 1485 3818 ut
1524 3755 1654 3823 dixi,
1706 3773 1832 3816 vera
1881 3753 2063 3820 cortils

475 3850 795 3905 credulitate
821 3857 876 3903 et
919 3850 1033 3905 oris
1050 3849 1406 3920 professione.
1441 3850 1596 3918 Quod
1630 3851 1794 3906 etiam
1835 3851 1891 3904 in
1931 3865 2065 3905 con-

476 3949 665 4012 spectu
717 3941 1010 3997 multorum
1055 3944 1395 3998 sacerdotum
1423 3953 1477 3999 et
1513 3945 1898 3999 monachorqu
1935 3957 2063 4014 pro-

478 4034 605 4091 fessi
623 4049 829 4102 sumus,
853 4035 1244 4106 pmnitudinem
1271 4043 1521 4108 gerentes
1543 4035 1609 4091 de
1629 4035 1860 4106 pristino
1881 4051 2066 4091 errore

478 4135 533 4183 et
561 4134 901 4182 saeramento
922 4168 938 4194 ,
968 4141 1131 4197 quam
1159 4141 1259 4196 pro
1291 4125 1396 4182 hac
1436 4125 1736 4184 intentione
1769 4125 1896 4183 olim
1927 4141 2068 4198 pne-

478 4221 752 4276 varicatus
776 4236 896 4276 sum
921 4234 936 4275 :
963 4219 1278 4290 proﬁtentes
1307 4235 1407 4274 nos
1429 4219 1686 4289 deinceps
1716 4219 2065 4290 adoptionem

479 4313 662 4370 carnis
699 4313 755 4368 in
785 4312 924 4368 Filio
943 4313 1057 4377 Dei.
1101 4313 1215 4367 sive
1247 4314 1701 4382 nuncupationem
1734 4313 1789 4368 in
1818 4313 2068 4368 humani-

479 4412 612 4472 tate,
636 4405 796 4462 nullo
842 4406 1002 4462 modo
1030 4405 1252 4460 credere
1278 4405 1360 4460 vel
1389 4406 1713 4475 prmdicare;
1746 4404 1841 4460 sed
1875 4417 2070 4458 secun-

2146 2029 2367 2086 credero
2394 2035 2450 2083 et
2470 2027 2738 2092 conﬁteri,
2764 2041 2864 2097 per
2895 2026 3148 2082 eumdem
3177 2025 3462 2080 Dominum
3491 2033 3740 2079 nostrum

2147 2120 2527 2185 exhortamur,
2557 2118 2634 2174 nil
2679 2117 3043 2174 diminuentes
3075 2124 3171 2171 aut
3196 2117 3453 2171 addentes
3489 2130 3557 2170 ex
3579 2129 3740 2170 senss

2147 2219 2350 2276 vestro,
2390 2210 2486 2268 sed
2514 2211 2619 2268 hoc
2649 2212 2794 2282 quod
2825 2211 2980 2266 vobis
3009 2209 3397 2266 innotescimus
3422 2249 3439 2274 ,
3471 2222 3598 2264 enm
3628 2209 3735 2262 uni-

2149 2303 2347 2360 versali
2389 2292 2632 2360 Ecclesia
2677 2302 3050 2360 indubitanter
3096 2301 3390 2356 retinentes
3417 2318 3433 2354 :
3457 2309 3520 2355 es
3564 2308 3630 2355 ut
3651 2314 3742 2370 prs

2151 2410 2240 2452 me
2287 2394 2522 2461 misero,
2557 2409 2659 2465 por
2683 2407 2850 2465 quem
2874 2407 3049 2463 usque
3088 2407 3232 2448 nunc
3273 2391 3331 2446 in
3373 2390 3620 2446 Ecclesia
3656 2390 3740 2446 De“

2153 2487 2430 2544 cotitentio
2465 2499 2624 2542 versa
2661 2493 2748 2542 est
2765 2523 2784 2552 ,
2821 2499 2891 2542 ex
2915 2485 3046 2544 tatis
3073 2482 3390 2554 praecordiis
3417 2483 3619 2538 vestris
3643 2482 3731 2537 De

2156 2577 2288 2632 mini
2319 2575 2746 2636 misericordiam
2770 2575 3064 2645 implorare
3087 2588 3196 2628 non
3225 2572 3536 2642 dedignetis
3567 2587 3586 2626 :
3618 2587 3734 2642 qna-

2155 2669 2280 2726 liter
2318 2677 2540 2742 propter
2583 2675 2818 2726 vestram
2865 2667 3301 2724 emendationem
3339 2674 3398 2721 et
3443 2667 3742 2721 orationem

2156 2763 2546 2822 catholicorum
2593 2762 2936 2821 sacerdotum
2956 2801 2972 2826 ,
3005 2761 3098 2832 qui
3128 2760 3186 2815 in
3219 2759 3384 2815 simili
3426 2761 3735 2830 prava-ica

2157 2858 2326 2924 tione,
2351 2865 2413 2914 ut
2436 2871 2558 2928 ego,
2592 2869 2940 2927 nequaquam
2973 2853 3195 2912 obnoxii
3224 2861 3372 2916 sunt,
3399 2851 3620 2907 Domini
3651 2851 3746 2906 mi-

2157 2948 2532 3012 sericordiam,
2554 2947 2870 3017 priusquam
2883 2947 2960 3004 .de
2981 2946 3086 3001 hoc
3109 2943 3327 3000 nonali
3352 2955 3585 3014 corpore
3605 2953 3746 3014 egre-

2160 3043 2278 3099 diar
2301 3082 2318 3109 ,
2372 3041 2631 3111 consequi
2682 3040 2913 3094 valeam.
2964 3037 3120 3106 Quod
3169 3051 3266 3106 per
3298 3037 3405 3092 hoc
3439 3049 3533 3090 me
3579 3033 3747 3105 magis

2160 3133 2416 3202 consequi
2447 3147 2478 3188 a
2509 3131 2737 3188 Domino
2761 3130 3008 3194 conﬁdo,
3049 3129 3098 3185 si
3124 3128 3438 3185 scandalum
3477 3141 3576 3183 seu
3601 3141 3746 3182 error

2161 3227 2216 3282 in
2263 3225 2400 3291 ﬁde,
2435 3223 2529 3294 qui
2567 3237 2669 3293 per
2697 3237 2785 3278 me
2827 3222 2886 3280 in
2925 3235 3097 3291 usque
3135 3235 3279 3276 nunc
3307 3220 3452 3275 inter
3497 3229 3748 3288 utr-squ

2161 3325 2344 3390 partes
2371 3317 2609 3382 duravit,
2634 3330 2734 3386 per
2762 3329 2850 3370 me
2878 3315 3076 3372 iterum
3101 3314 3286 3370 omnia
3315 3320 3566 3370 comm:
3593 3320 3748 3381 atque

2161 3410 2348 3470 sedata
2399 3407 2618 3474 fuerint,
2672 3415 2836 3477 atque
2857 3406 3052 3466 omnia
3101 3404 3360 3464 Each-io
3404 3405 3649 3464 min
3697 3405 3751 3459 II

2162 3501 2370 3555 unitate
2422 3499 2548 3554 ﬁdei
2588 3506 2640 3554 et
2666 3497 2955 3554 concordia
2981 3496 3262 3553 charitatis
3295 3495 3443 3550 velut
3490 3497 3548 3551 in
3589 3513 3748 3550 unum

2163 3606 2359 3662 corpus
2394 3587 2800 3660 compaginata,
2841 3585 2916 3643 ita
2949 3603 3110 3643 nemo
3145 3604 3210 3642 ex
3232 3587 3388 3642 nobis
3421 3588 3477 3641 in
3503 3587 3741 3641 Ecclesia

2163 3682 2258 3742 Dei
2276 3681 2416 3738 ultra
2431 3679 2743 3740 scandalum
2756 3678 2842 3736 vel
2851 3679 3131 3749 quodlth
3139 3679 3380 3740 schisma
3396 3679 3746 3732 intromitten-

2161 3768 2380 3829 audeat,
2413 3767 2510 3822 sed
2531 3777 2720 3822 omnes
2745 3779 2848 3822 nos
2869 3777 2995 3819 cum
3019 3763 3314 3820 υἱωνεωί
3345 3763 3609 3828 Ecclesia,
3637 3779 3746 3834 qua

2167 3857 2221 3911 in
2257 3864 2370 3912 toto
2391 3855 2594 3910 mundo
2627 3855 2850 3912 dilatata
2873 3855 3136 3919 noscitur,
3165 3854 3419 3910 similiter
3441 3855 3746 3916 sentientes,

2165 3947 2221 4004 ei
2247 3961 2310 4003 ea
2337 3960 2458 4018 quae
2483 3945 2685 4003 dudum
2710 3952 2830 4002 orta
2869 3945 3100 4000 intentio
3123 3954 3207 4000 est
3231 3985 3245 4009 ,
3276 3945 3331 3999 id
3359 3953 3468 4010 est,
3505 3944 3745 4014 adoptio.

2167 4053 2290 4096 nem
2327 4037 2509 4096 cannis
2547 4053 2642 4094 seu
2673 4035 3131 4110 nuncupatin
3165 4036 3221 4096 in
3249 4035 3642 4096 humanitatem
3665 4033 3748 4093 Fi-

2167 4131 2224 4188 lii
2249 4132 2345 4190 Dei
2369 4129 2914 4194 anathematisantes,
2938 4144 3148 4198 pacem,
3176 4137 3235 4184 ut
3255 4129 3387 4194 dixi,
3412 4139 3470 4183 et
3497 4129 3748 4183 unitatem

2169 4222 2292 4278 ﬁdei
2327 4239 2450 4278 cum
2477 4222 2727 4277 omnibus
2751 4219 3000 4275 ﬁdelibus
3024 4220 3300 4286 Ecclesiae,
3327 4221 3535 4291 absque
3554 4220 3656 4274 ulla
3683 4220 3726 4272 si

2168 4313 2466 4369 mulatione
2493 4353 2508 4378 ,
2565 4310 2880 4366 inconvulsa
2933 4309 3039 4366 ﬁde
3089 4312 3423 4367 retineamus
3467 4330 3482 4365 :
3518 4327 3587 4367 ne
3632 4325 3746 4365 cum

2167 4405 2401 4464 Nestorli
2427 4404 2708 4474 impietate
2748 4403 3162 4466 concordantes,
3210 4403 3303 4473 qui
3352 4420 3553 4474 purum
3586 4403 3735 4458 homi

481 4500 718 4555 cundum
754 4499 900 4569 quod
941 4497 1282 4569 dogmatibus
1309 4507 1620 4554 sanctorum
1647 4496 1869 4552 Patrum
1900 4495 2072 4551 infor-
2172 4517 2296 4556 nem
2338 4501 2614 4557 Christum
2647 4499 2934 4554 Dominum
2972 4496 3232 4563 credidit,
3271 4497 3473 4554 alicubi
3507 4499 3748 4568 deincqis

481 4607 712 4654 mamur,
739 4589 987 4645 eumdem
1016 4589 1305 4644 Dominum
1325 4597 1572 4645 nostrum
1585 4587 1770 4644 Iesum
1792 4587 2066 4643 Christum
2093 4613 2149 4678 η
2173 4593 2438 4658 labamur,
2481 4591 2573 4660 qui
2616 4591 2754 4646 dixit
2787 4605 2806 4650 t
2839 4608 2859 4640 ι
2882 4588 3112 4660 Oportet
3154 4605 3286 4644 vero
3318 4598 3377 4645 et
3413 4590 3484 4645 de
3527 4591 3618 4645 Dei
3645 4589 3740 4644 dis-

481 4682 540 4738 in
572 4689 800 4752 utraque
829 4691 1039 4744 natura,
1088 4679 1302 4735 deitatis
1330 4679 1578 4734 videlicet
1603 4687 1657 4734 et
1681 4677 2063 4742 humanitatis,

480 4771 759 4844 proprium
785 4785 850 4838 ac
885 4773 1073 4834 verim
1107 4769 1303 4828 Filium
1328 4770 1676 4843 proﬁtentes,
1719 4769 2069 4840 Unigenltum

481 4865 732 4921 videlicet
759 4862 968 4930 Patris,
996 4863 1217 4919 unicum
1246 4860 1441 4917 Filium
1467 4858 1584 4930 ejus
1627 4875 1643 4914 :
1683 4859 1862 4916 salvas
1886 4867 2071 4916 tamen

481 4960 767 5032 utriusque
808 4968 1018 5016 naturai
1056 4957 1415 5032 proprietates
1437 4997 1453 5023 ,
1482 4956 1557 5011 ita
1583 4955 1846 5011 duntaxat
1884 4961 2072 5011 utnec

485 5049 740 5108 divinitas
780 5051 943 5106 Verbi
991 5051 1090 5108 Dei
1137 5049 1192 5106 in
1241 5057 1433 5104 natura
1477 5043 1774 5122 [naturam]
1819 5047 2074 5102 credatur

486 5141 724 5196 humana
767 5139 1104 5214 [humanam]
1132 5156 1420 5206 conversa,
1455 5139 1538 5194 vel
1568 5141 1802 5196 humana
1831 5156 1863 5196 a
1894 5140 2074 5198 Verbo

487 5238 763 5302 assumpta
789 5229 986 5286 invidia
1017 5229 1098 5303 [in
1121 5227 1384 5306 divinam]
1408 5237 1614 5284 mutata
1648 5247 1661 5282 :
1703 5230 1797 5284 sed
1821 5237 2071 5302 utraque,

487 5320 545 5380 id
585 5329 670 5380 est
713 5319 892 5378 divina
936 5328 1098 5394 atque
1127 5323 1381 5386 humana,
1432 5323 1501 5377 ab
1545 5321 1662 5392 ipso
1707 5333 1971 5392 conceptu
2019 5323 2074 5378 in

489 5421 648 5472 utero
672 5411 944 5486 Virginis,
974 5413 1049 5467 ita
1083 5413 1139 5468 in
1169 5411 1543 5484 singularitate
1574 5427 1820 5484 persona:
1859 5413 2077 5470 sibimet

491 5521 750 5565 connexa:
789 5512 952 5576 atque
1002 5501 1303 5572 conjuncta:
1348 5511 1496 5568 sunt,
1550 5511 1611 5557 ut
1663 5502 1855 5558 unicus
1910 5499 2078 5558 Filius

491 5595 661 5664 Patri,
687 5606 742 5652 et
771 5610 934 5652 verus
959 5593 1104 5649 Deus
1130 5607 1197 5647 ex
1233 5593 1352 5664 ipso
1381 5602 1538 5649 utero
1567 5592 1815 5664 gloriosa:
1840 5592 2078 5664 Virginis

493 5693 696 5762 absque
721 5688 832 5746 ulla
871 5687 1216 5760 corruptione
1257 5687 1436 5743 editus
1460 5687 1788 5758 prodiretur.
1833 5686 1950 5741 Non
1999 5686 2074 5743 ita

491 5786 656 5848 homo
683 5792 991 5858 assumptus
1017 5799 1050 5839 a
1075 5781 1253 5841 Verbo
1277 5781 1343 5838 de
1377 5781 1677 5838 substantia
1699 5780 1896 5850 Patris,
1939 5783 2079 5838 sicut

495 5879 777 5956 ipsumque
802 5879 1038 5939 Verbum
1061 5894 1091 5934 a
1126 5874 1370 5935 ﬁdelibus
1397 5874 1608 5950 genitus
1633 5877 1918 5942 credatur,
1953 5892 2080 5932 cum

2172 4683 2488 4755 pensatione
2527 4696 2689 4750 quam
2737 4694 2837 4749 pro
2871 4686 3056 4734 nostra
3079 4679 3250 4734 salute
3277 4679 3331 4734 in
3357 4681 3746 4750 dispensatione

2172 4775 2385 4834 Domini
2423 4774 2625 4830 Christi
2671 4774 2933 4830 Dominus
2971 4773 3114 4830 Deus
3143 4773 3393 4844 perfecit,
3434 4775 3576 4832 scire
3621 4789 3745 4844 quo-

2171 4867 2317 4924 niam
2367 4861 2509 4922 Deus
2543 4863 2780 4920 Verbum
2823 4863 3096 4920 hominem
3126 4861 3428 4932 perfectum
3467 4864 3746 4934 assumpsit

2171 4975 2238 5014 ex
2265 4958 2472 5013 semine
2514 4955 2748 5010 Abrahe
2784 4963 2838 5010 et
2871 4953 3043 5010 David
3090 4955 3389 5009 secundum
3409 5025 3418 5033 ο
3439 4956 3744 5026 pronuntia-

2173 5052 2372 5107 tionem
2421 5049 2725 5105 divinarum
2767 5047 3169 5117 Scripturarum
3209 5064 3222 5102 :
3259 5045 3366 5104 hoc
3404 5049 3742 5105 constitutum

2173 5151 2366 5197 natura
2389 5181 2406 5208 ,
2436 5138 2579 5211 quod
2621 5147 2782 5196 erant
2813 5137 2929 5204 illi,
2968 5153 3036 5194 ex
3075 5153 3310 5210 quorum
3360 5147 3484 5198 erat
3523 5141 3740 5203 semine,

2172 5234 2444 5290 hominem
2487 5230 2786 5302 perfectum
2823 5239 3048 5297 natura,
3089 5245 3156 5288 ex
3190 5231 3372 5286 anima
3403 5227 3742 5288 intdiectlsﬂ

2173 5333 2228 5382 et
2272 5339 2435 5381 carne
2467 5323 2701 5379 humana
2726 5328 3061 5380 constantem
3085 5363 3099 5387 ,
3133 5322 3438 5396 perfectum
3487 5315 3744 5380 hominem

2173 5417 2528 5475 constitutum
2576 5411 2869 5472 secundum
2921 5428 3020 5468 nos
3047 5428 3146 5486 per
3187 5423 3479 5480 nativam,
3531 5413 3745 5488 Spiritus

2174 5507 2349 5563 sancti
2392 5507 2589 5560 virtute
2618 5505 2672 5562 in
2709 5504 2949 5575 Virginis
2992 5503 3148 5562 vulva
3193 5503 3526 5570 formum,
3559 5505 3740 5560 ίιαιιη

2175 5613 2240 5656 ex
2285 5599 2546 5665 muliere,
2583 5608 2638 5654 et
2691 5597 2894 5653 factum
2929 5595 3032 5651 sub
3063 5583 3212 5666 lego,
3247 5602 3309 5650 ut
3337 5609 3537 5652 omnes
3581 5609 3674 5652 nos
3711 5605 3737 5644 ι

2177 5689 2452 5748 servitutis
2485 5689 2604 5761 lege
2651 5689 2977 5752 redimeret,
3016 5695 3142 5741 ante
3167 5683 3281 5756 jam
3313 5687 3736 5760 pmiestinatam

2177 5784 2521 5855 ad0p;ionem
2549 5782 2906 5853 accipientes,
2945 5777 3381 5840 inenarrabiliter
3405 5779 3623 5844 sibimet
3664 5787 3733 5835 vs-

2177 5876 2360 5938 niens,
2403 5882 2672 5930 mortuum
2708 5871 2923 5942 quidem
2953 5885 3076 5926 eum
3114 5869 3412 5928 secundum
3449 5869 3618 5942 legem
3653 5866 3725 5922 btt-
