3952 6318
209 399 326 458 885

1395 397 1772 459 ΟΟΝἘἙΞΞῘΟ
1809 358 2008 457 ιηυεί
2027 397 2312 459 FELICIS.

3386 413 3490 471 886

210 529 437 570 manem
467 512 691 580 faciens,
719 511 990 570 suscitans
1009 527 1142 571 vero
1163 526 1231 572 ex
1258 514 1508 580 mortuis,
1534 521 1588 568 et
1611 511 1806 584 perdu-
1828 511 1888 574 Α
1909 511 1997 576 rit,
2050 513 2336 571 anathema
2379 511 2468 569 sit.
2509 511 2556 566 Α
2607 527 2716 586 quo
2747 513 2928 584 iaculo
2976 513 3338 596 anathematis
3371 519 3490 596 ipse

209 623 352 665 cens
393 608 449 663 in
482 605 708 674 emtum,
746 613 802 661 et
846 607 1139 664 consedere
1167 605 1370 664 faciens
1413 609 1479 663 ad
1525 609 1803 665 dexteram

213 699 316 756 Dei
349 715 364 754 :
395 697 538 754 unde
561 711 851 769 personam
895 700 1218 756 constitutos
1249 701 1604 774 principatus,
1633 711 1688 759 et
1709 717 1804 774 po-

215 797 467 858 testates,
499 799 553 845 et
589 789 1006 858 dominationes,
1031 800 1084 848 et
1110 795 1359 860 virtutes,
1389 803 1443 850 et
1478 810 1639 852 omne
1659 797 1804 866 quod

214 885 534 940 nominatur
561 897 783 950 nomen,
815 901 923 940 non
951 886 1125 942 solum
1156 887 1210 941 in
1234 888 1339 945 hoc
1363 889 1588 954 Steculo,
1615 904 1801 944 verum

209 979 386 1036 etiam
411 987 466 1034 et
493 978 548 1033 in
585 975 859 1044 futurum,
901 979 970 1036 ab
1005 981 1152 1036 omni
1187 989 1431 1038 creatura
1473 983 1679 1052 accepit
1704 982 1799 1037 ad-

205 1072 542 1136 orationem,
595 1070 736 1126 sicut
775 1072 1184 1142 inseparabilem
1214 1091 1244 1128 a
1274 1073 1452 1129 divina
1483 1081 1676 1129 natura
1703 1073 1802 1128 ha-

203 1165 354 1221 bens
380 1165 800 1234 copulationem,
829 1164 1144 1220 relationem
1166 1167 1280 1230 Dei,
1309 1175 1365 1222 et
1389 1167 1802 1238 intelligentiam

207 1257 364 1313 omni
413 1265 677 1312 creatura:
719 1255 1034 1313 adoratione
1084 1259 1446 1316 exhibentem.
1503 1260 1570 1314 Et
1629 1275 1802 1330 neque

205 1350 352 1406 duos
380 1349 520 1404 illios
551 1349 800 1415 dicimus,
832 1365 1008 1420 neque
1041 1351 1176 1408 duos
1217 1339 1507 1418 Dominosj
1547 1351 1798 1422 quoniam

202 1459 356 1500 unus
396 1442 566 1498 Filius
617 1443 795 1499 Patris
846 1445 1140 1500 secundum
1205 1447 1602 1514 substantiam,
1657 1446 1800 1503 Deus

203 1535 450 1592 Verbum
493 1536 804 1607 unigenitus
833 1536 1002 1592 Filius
1035 1537 1242 1605 Patris,
1272 1539 1411 1594 sicut
1452 1536 1554 1594 iste
1575 1536 1801 1608 conjun-

201 1638 332 1684 ctus
370 1639 424 1686 et
476 1631 750 1700 particeps
793 1631 1102 1686 constitutis
1131 1631 1254 1687 Filii
1297 1632 1660 1688 communicat
1705 1649 1800 1687 no-

203 1724 360 1778 mine
387 1732 443 1777 et
468 1724 696 1778 honore.
735 1723 996 1779 Dominus
1027 1723 1320 1779 secundum
1342 1726 1631 1780 essentiam
1658 1725 1799 1780 Deus

201 1811 450 1868 Verbum
475 1855 489 1878 ,
529 1811 617 1869 cui
659 1813 761 1868 iste
803 1813 1122 1882 coniunctus
1161 1816 1367 1870 honore
1411 1817 1794 1872 communicat.

204 1905 275 1960 Et
313 1904 436 1961 ideo
461 1919 640 1975 neque
667 1906 801 1960 duos
830 1906 969 1961 ﬁlios
1017 1906 1117 1962 hos
1161 1907 1406 1970 dicimus,
1458 1923 1631 1977 neque
1663 1907 1796 1964 duos

199 1996 456 2052 homines
496 2013 514 2052 :
550 1998 676 2067 quia
700 1997 987 2054 manifesto
1011 2000 1304 2054 constituto
1341 2001 1635 2055 secundum
1676 2002 1800 2059 sub-

200 2089 468 2145 stantiam
505 2089 733 2144 Domino
787 2098 842 2144 et
887 2087 1026 2145 Filio
1063 2089 1505 2160 inseparabilem,
1553 2099 1696 2147 tenet
1731 2093 1798 2148 ad

199 2195 336 2237 eum
365 2181 786 2252 copulationem,
820 2181 910 2252 qui
938 2197 1100 2238 causa
1128 2191 1328 2238 nostra:
1362 2182 1554 2239 salutis
1585 2197 1797 2238 assum-

195 2282 342 2344 ptus
370 2272 644 2329 confertur
687 2276 906 2330 nomine
943 2283 996 2329 et
1041 2276 1248 2330 honore
1279 2275 1508 2330 Domino
1546 2282 1600 2330 et
1640 2273 1792 2341 Filio,

199 2379 322 2420 non
353 2365 493 2419 sicut
531 2366 892 2436 unusquisque
933 2375 1177 2422 nostrum
1218 2367 1512 2423 secundum
1561 2368 1796 2438 seipsum

196 2455 541 2510 constitutus
568 2463 650 2510 est
677 2453 867 2512 Filius.
899 2457 1051 2513 Unde
1079 2465 1132 2513 et
1168 2458 1321 2512 multi
1351 2459 1642 2514 secundum
1673 2459 1801 2514 bea-

199 2557 324 2602 tum
351 2549 582 2604 Paulum
619 2549 852 2606 dicimur
891 2549 1008 2617 ﬁlii,
1047 2551 1138 2606 sed
1163 2551 1310 2606 solus
1343 2552 1672 2622 pra‘cipuum
1704 2552 1798 2606 ha-

202 2645 346 2698 bens
375 2645 478 2698 hoc
521 2643 664 2712 quod
689 2644 756 2697 ad
781 2644 872 2698 Dei
907 2644 1072 2698 Verbi
1098 2643 1522 2714 copulationem,
1559 2645 1800 2713 adoptio-

200 2752 334 2791 nem
367 2745 422 2790 et
476 2736 901 2791 dominationem
946 2737 1275 2806 participans
1307 2751 1322 2790 :
1358 2735 1540 2792 aufers
1579 2737 1796 2806 quidem

202 2840 426 2882 omnem
462 2826 827 2896 suspicionem
880 2825 1154 2884 dualitatis
1189 2825 1426 2880 ﬁliorum
1465 2833 1523 2880 et
1551 2824 1802 2880 domino-

209 2933 357 2971 rum.
377 2915 640 2972 Przestato
670 2932 798 2972 vero
817 2917 976 2971 nobis
1005 2917 1059 2970 in
1082 2916 1474 2986 copulationem
1498 2917 1566 2970 ad
1584 2915 1796 2970 Domini

205 3007 474 3072 Verbum,
499 3009 700 3063 bonam
735 3009 963 3063 haberet
1004 3009 1172 3078 ipsius
1191 3008 1374 3074 ﬁdem,
1417 3015 1470 3063 et
1499 3005 1800 3078 intelligen-

203 3101 377 3166 tiam,
403 3107 456 3155 et
487 3101 752 3154 theoriam
793 3118 805 3154 :
844 3115 945 3170 pro
967 3099 1161 3170 quibus
1185 3109 1236 3156 et
1265 3101 1632 3155 adorationcm
1653 3141 1667 3165 ,
1701 3113 1802 3169 per

1905 615 2066 657 verus
2118 618 2181 658 ac
2203 603 2457 694 proprius
2483 604 2579 660 Dei
2602 603 2793 672 Filius,
2835 603 2902 694 de
2922 621 3030 682 quo
3077 608 3334 680 loquitur,
3375 617 3489 672 tam

1903 712 2000 752 vos
2022 713 2185 770 quam
2205 691 2328 768 nos,
2356 710 2410 756 et
2441 699 2533 755 hic
2555 709 2608 756 et
2632 697 2687 754 in
2717 691 2899 772 futuro
2925 702 3163 762 liberare
3214 704 3486 782 dignetur.

1903 787 2002 844 Cui
2031 805 2156 846 cum
2185 790 2347 848 Patre
2389 793 2441 846 in
2483 791 2691 848 unitate
2737 789 2977 868 Spiritus
2999 795 3174 866 sancti
3203 797 3398 858 similis
3431 805 3491 856 et

1903 881 2193 950 coaequalis
2217 889 2396 938 exstat
2420 881 2606 956 gloria,
2637 877 2764 956 ante
2790 885 2972 958 omnia
2990 875 3224 955 saecula,
3253 895 3310 946 et
3344 905 3492 955 nunc

1903 969 2030 1025 etin
2057 971 2174 1027 dies
2199 973 2538 1029 aeternitatis.

1972 1063 2170 1122 Beatus
2205 1065 2444 1140 denique.
2465 1061 2697 1145 Cyrinus
2726 1065 2780 1122 in
2817 1075 3055 1124 tractatu
3080 1083 3180 1128 suo
3215 1069 3360 1128 inter
3381 1069 3490 1140 alia

1903 1157 1977 1212 ita
2017 1157 2193 1214 dicit:
2239 1177 2257 1210 ι
2294 1158 2408 1214 lmo
2447 1159 2679 1216 multum
2715 1157 2943 1216 interest
2991 1167 3048 1218 et
3094 1161 3494 1232 incomparabi-

1901 1247 2042 1303 lihus
2064 1247 2380 1304 dill'erentiis
2405 1249 2590 1320 gloria:
2615 1256 2669 1304 et
2698 1249 3003 1328 eminentiw
3049 1249 3347 1308 Salvatoris
3391 1265 3494 1310 no-

1901 1342 2000 1397 stri
2050 1342 2422 1408 munimentis,
2481 1356 2544 1398 ea
2593 1358 2713 1414 quae
2758 1352 2944 1400 nostra
2987 1331 3131 1399 sunt.
3188 1342 3298 1419 Nos
3344 1345 3491 1403 enim

1899 1431 2086 1487 famuli
2116 1449 2301 1489 sumus
2323 1452 2336 1488 :
2363 1431 2451 1490 ille
2472 1451 2603 1492 vero
2623 1437 2950 1494 naturaliter
2963 1437 3226 1496 Dominus
3245 1445 3304 1494 et
3320 1437 3488 1504 Deus.

1900 1523 2027 1579 licet
2069 1523 2242 1580 factus
2268 1525 2338 1581 sit
2359 1525 2662 1593 nobiscum,
2697 1537 2752 1583 et
2792 1528 2848 1583 in
2880 1528 2967 1584 his
2991 1511 3112 1600 qua:
3139 1535 3264 1586 sunt
3301 1535 3490 1586 nostra

1901 1617 2281 1686 dispensative.
2321 1617 2590 1674 Praeterea
2633 1627 2688 1675 et
2727 1619 2920 1679 beatus
2962 1619 3163 1678 Paulus
3205 1619 3484 1694 Christum

1899 1723 2024 1763 eum
2054 1710 2350 1764 nominavit
2374 1719 2429 1766 et
2456 1712 2642 1776 Deum,
2676 1711 2751 1768 ita
2782 1711 2968 1770 dicens
3001 1731 3014 1768 :
3057 1711 3258 1769 Scitote
3302 1728 3490 1784 cogno-

1899 1809 2096 1854 scentes
2118 1803 2242 1870 quia
2271 1803 2438 1856 omnia
2487 1802 2796 1872 fornicator,
2837 1812 2966 1870 etc.,
3010 1819 3114 1858 non
3142 1803 3294 1868 habet
3324 1803 3492 1858 barre-

1825 1873 1871 1934 Β
1901 1891 2116 1946 ditatem
2161 1892 2216 1946 in
2277 1909 2433 1962 regno
2482 1891 2679 1947 Christi
2725 1902 2775 1946 et
2829 1891 2922 1946 Dei
2961 1891 3176 1963 (Ephes.
3208 1891 3286 1966 ν),
3328 1891 3492 1948 Solus

1901 1994 2083 2039 autem
2105 1985 2356 2040 Christus
2377 1986 2538 2042 etiam
2566 1985 2707 2041 Deus
2727 2001 2874 2056 vere,
2907 1988 3000 2057 qui
3035 1983 3355 2051 Emmanuel
3384 1994 3490 2042 est.

1897 2075 2114 2130 Etenim
2149 2091 2249 2130 nos
2285 2089 2383 2144 per
2404 2075 2631 2147 gratiam
2681 2075 2796 2144 Dei,
2832 2084 3208 2136 verumtamen
3251 2090 3361 2130 non
3408 2073 3490 2150 ita

1897 2167 2042 2223 Deus
2067 2167 2256 2234 Filius,
2288 2169 2379 2224 sed
2408 2176 2601 2224 natura
2641 2169 2810 2240 magis
2845 2177 2900 2225 et
2926 2167 3171 2236 veritate,
3209 2168 3336 2227 licet
3361 2180 3493 2242 caro

1899 2259 1971 2315 sit
1999 2258 2196 2324 factus.
2245 2279 2264 2312 ι

1967 2349 2098 2406 Item
2128 2353 2243 2420 ipse
2268 2351 2324 2406 in
2359 2351 2546 2406 eodem
2573 2360 2805 2408 tractatu
2825 2359 2948 2423 post
2970 2352 3163 2426 aliqua
3199 2351 3276 2408 ita
3301 2351 3441 2406 dixit
3466 2365 3484 2408 :

1905 2465 1923 2497 ι
1956 2443 2237 2512 Quomodo
2263 2445 2514 2516 proprius
2553 2444 2649 2500 Dei
2695 2442 2866 2500 Filius
2887 2444 3202 2499 nominatus
3225 2450 3308 2498 est
3333 2440 3491 2500 Chri-

1900 2541 2034 2604 stus,
2061 2525 2346 2606 quietiam
2392 2535 2622 2590 traditus
2663 2547 2745 2591 est
2788 2553 2816 2590 a
2849 2535 2958 2591 Deo
3007 2544 3062 2591 et
3095 2534 3275 2602 Patre,
3323 2548 3488 2590 causa

1899 2627 2140 2686 omnium
2173 2625 2364 2681 salutis
2399 2633 2452 2681 et
2479 2625 2622 2680 vitaz.
2667 2625 2923 2680 Traditus
2967 2635 3051 2681 est
3080 2626 3222 2680 enim
3267 2633 3490 2698 propter

1897 2726 2122 2790 peccata
2149 2727 2353 2780 nostra,
2392 2721 2446 2771 et
2482 2715 2596 2786 ipse
2622 2716 2943 2784 iniquitates
2976 2704 3278 2770 multorum‘
3309 2720 3491 2782 porta-

1899 2809 1979 2866 vit
2029 2808 2088 2867 in
2135 2822 2364 2878 corpore
2409 2823 2530 2868 suo,
2567 2807 2624 2861 in
2659 2806 2822 2877 ligno,
2867 2805 3163 2860 sectandum
3211 2803 3490 2874 prophetae

1899 2914 2088 2954 vocem
2112 2898 2245 2970 (Isa.
2274 2915 2401 2966 un;
2432 2897 2461 2952 Ι
2488 2897 2604 2952 Pet.
2630 2902 2716 2965 ιι).
2742 2897 2927 2952 Palam
2953 2912 3083 2968 ergo
3112 2903 3194 2950 est
3221 2895 3346 2964 quia
3368 2893 3493 2948 uni-

1899 2991 2033 3062 tatis
2053 3001 2141 3050 res
2159 2995 2436 3064 assumpta
2456 2990 2762 3050 necessarie
2787 2989 3066 3060 proprium
3091 2986 3290 3042 Filium
3311 2984 3491 3041 decla-

1899 3084 2044 3138 ravit
2069 3085 2186 3150 Dei,
2231 3083 2321 3154 qui
2367 3100 2433 3139 ex
2479 3092 2666 3138 sancta
2701 3083 2925 3154 Virgine
2960 3091 3064 3139 est.
3091 3081 3300 3152 Corpus
3343 3081 3490 3136 enim

202 3192 530 3248 relationem
559 3193 654 3248 Dei
701 3194 769 3248 ab
797 3194 1047 3248 omnibus
1102 3195 1265 3263 coepit
1311 3203 1580 3250 creatura.
1621 3195 1874 3285 Unuma
1905 3183 2043 3278 ⁸³⁵³ίο
2084 3190 2191 3232 "0“
2247 3173 2468 3275 alterius
2513 3173 2828 3285 θιὲυδρίθηι.
2869 3173 3342 3285 εθοξξηάἓωιξιοεν
3377 3171 3492 3285 ‘Sed

201 3284 383 3359 igitur
431 3287 628 3342 Filium
681 3288 912 3344 dicimus
951 3296 1006 3342 et
1033 3290 1319 3344 Dominum
1354 3289 1646 3354 Christum,
1705 3265 1874 3362 per“
1905 3267 2078 3346 magi?
2127 3267 2403 3358 proprium
2441 3281 2508 3321 ⁸³
2552 3265 2713 3320 Patre
2745 3265 3030 3320 θῖίδιθωίδ
3070 3265 3250 3328 verbi’
3303 3271 3492 3318 namm

203 3397 374 3452 quem
413 3382 596 3436 omnia
626 3381 767 3436 facta
800 3390 925 3437 sunt
957 3397 970 3437 :
1000 3383 1372 3454 principaliter
1385 3383 1602 3454 quidem
1631 3383 1800 3438 Deum

209 3471 452 3528 Verbum
497 3471 864 3542 intelligentes
909 3474 1340 3528 substantialiter
1381 3475 1580 3548 Filium
1615 3475 1710 3530 Dei
1749 3485 1804 3530 et

205 3563 534 3627 Dominum,
573 3564 950 3633 conspirantes
981 3573 1162 3619 autem
1191 3573 1529 3635 assumptum
1571 3564 1804 3619 Nazaret

205 3655 442 3729 [ΕΜ-ιε,
483 3654 667 3711 Iesum
696 3671 726 3709 a
765 3655 1058 3712 Nazareth.
1115 3656 1214 3729 H.]
1260 3672 1417 3726 quem
1465 3657 1618 3711 unxit
1665 3657 1804 3711 Deus

204 3747 410 3818 spiritu
451 3755 506 3802 et
561 3747 789 3812 virtute,
837 3748 928 3804 sic
967 3748 1019 3820 in
1058 3748 1222 3810 Verbi
1270 3749 1366 3807 Dei
1405 3749 1800 3819 copulatione!!!

205 3838 526 3907 adoptionis
559 3832 975 3908 participantem
1003 3847 1058 3894 et
1091 3837 1492 3906 dominationis,
1529 3842 1618 3912 qui
1643 3849 1698 3897 et
1725 3857 1806 3896 se-

204 3931 428 3987 cundus
454 3931 638 3985 Adam.
682 3951 700 3982 ›
1589 3922 1600 3930 “

285 4022 418 4077 itan:
455 4030 537 4076 est
577 4022 844 4081 sententia
875 4017 1111 4077 Nestorii
1163 4021 1424 4092 haeretici,
1474 4025 1565 4094 qui
1608 4039 1804 4098 purum

209 4111 499 4169 hominem
527 4111 730 4184 absque
761 4111 876 4168 Deo
907 4111 1144 4186 Virginis
1169 4105 1324 4170 utero
1353 4114 1596 4183 genitum
1645 4115 1808 4184 impie

205 4201 590 4260 astruebaLln
609 4219 772 4273 quem
791 4203 1067 4264 hominem
1087 4219 1155 4262 ex
1174 4207 1363 4261 eadem
1387 4215 1573 4262 sancta
1591 4206 1809 4277 Virgine

204 4302 562 4367 procreatum
585 4302 640 4349 et
667 4293 932 4366 genitum,
959 4303 1083 4367 post
1107 4297 1445 4355 nativitatem
1491 4297 1628 4368 ejus,
1676 4299 1810 4354 Ver-

205 4389 347 4444 bum
373 4386 491 4452 Dei,
519 4386 624 4442 hoc
652 4395 736 4442 est
769 4385 1109 4444 divinitatem
1134 4387 1258 4444 Filii
1303 4389 1420 4454 Dei,
1468 4390 1811 4446 descendisse

207 4485 270 4532 et
296 4477 576 4536 habitasse
599 4492 712 4548 prae
737 4479 950 4534 caeteris
991 4479 1196 4536 sanctis
1222 4479 1567 4550 impudenter
1614 4479 1812 4550 praedi-

1903 3373 1970 3413 CX
2005 3373 2092 3412 ea.
2139 3375 2162 3408 δ

1973 3451 2105 3522 Item
2133 3453 2247 3534 ipse
2273 3459 2397 3530 post
2423 3451 2701 3522 paululum
2728 3458 2916 3506 contra
2942 3451 3248 3540 Nestorium
3275 3471 3288 3506 :
3325 3470 3342 3503 ι
3367 3451 3489 3508 Sic—

1902 3552 1964 3597 ut
1997 3542 2139 3596 enim
2178 3543 2230 3596 in
2271 3541 2442 3596 Adam
2469 3557 2659 3596 omnes
2685 3542 2966 3608 morimur,
2999 3541 3078 3597 sic
3101 3550 3156 3597 et
3181 3542 3237 3596 in
3274 3542 3491 3598 Christo

1903 3648 2094 3687 omnes
2118 3631 2454 3686 viviﬁcamur
2477 3631 2528 3704 (1
2549 3631 2669 3686 Cor.
2687 3631 2801 3702 xv).
2823 3630 2880 3686 Si
2910 3631 3055 3686 enim
3083 3643 3490 3704 nonpateretur

1903 3727 2139 3798 humag:
2158 3740 2260 3794 pro
2268 3724 2452 3792 nobis,
2467 3735 2644 3799 neque
2657 3732 2973 3794 operaretur
2988 3723 3168 3778 divine
3183 3740 3303 3795 qua:
3317 3726 3383 3780 ad
3405 3741 3492 3781 sa-

1905 3817 2070 3873 lutem
2088 3825 2230 3872 sunt.
2251 3817 2456 3872 Dicitur
2470 3819 2614 3870 enim
2636 3816 2788 3880 prius
2807 3815 3024 3886 quidem
3047 3817 3202 3881 mori,
3219 3825 3278 3872 ut
3295 3819 3486 3874 homo:

1897 3910 2232 3965 reviviscere
2287 3916 2464 3962 autem
2520 3917 2727 3978 postea,
2757 3923 2824 3963 eo
2864 3908 3008 3978 quod
3052 3905 3122 3963 sit
3173 3909 3497 3974 naturaliter

1907 4003 2068 4057 Deus.
2097 4000 2160 4056 Si
2182 4001 2343 4074 igitur
2365 4016 2472 4054 non
2500 4007 2580 4055 est
2612 4015 2805 4072 passus
2832 3981 2973 4058 m‘ori
3009 4014 3172 4056 carne
3199 4000 3496 4066 secundum

1911 4091 2242 4166 Scriptores,
2290 4107 2466 4164 neque
2507 4089 2812 4148 \‘ivilioatur
2860 4091 3070 4160 spiritu.
3114 4091 3218 4148 hoc
3259 4099 3343 4148 est
3385 4107 3494 4156 non

1909 4185 2126 4241 revixit.
2159 4183 2230 4238 Et
2257 4183 2302 4238 si
2333 4183 2440 4237 hoc
2475 4192 2558 4236 est
2600 4197 2808 4245 verum,
2837 4196 2974 4235 vana
2995 4190 3083 4236 est
3107 4181 3243 4236 tides
3285 4189 3493 4246 nostra,

1911 4278 2088 4332 adhuc
2131 4289 2320 4332 sumus
2371 4273 2426 4328 in
2475 4273 2711 4344 peccatis
2762 4273 2986 4328 nostris.
3037 4271 3303 4342 Baptizati
3349 4271 3496 4327 enim

1912 4381 2100 4423 sumus
2135 4367 2192 4421 in
2215 4375 2441 4420 mortem
2466 4363 2602 4433 ejus,
2635 4364 2932 4427 secundum
2961 4363 3106 4418 beati
3133 4361 3285 4416 Pauli
3307 4376 3496 4418 vocem

1914 4458 2094 4530 (Rom.
2121 4455 2224 4528 vr),
2251 4465 2306 4512 et
2324 4455 2702 4513 remissionem
2719 4460 3067 4523 peccatorum
3089 4450 3381 4505 habuimus
3397 4465 3498 4520 per

207 4568 401 4625 cabat.
452 4540 620 4625 Etet;
633 4569 757 4634 hoc,
813 4570 953 4626 simt
979 4571 1034 4628 in
1054 4570 1276 4626 Christo
1301 4540 1436 4625 duas
1461 4540 1704 4634 naturas,
1731 4571 1805 4624 ita

1915 4550 2233 4621 sanguinem
2286 4547 2424 4617 ejus.
2467 4546 2576 4601 Sed
2604 4547 2650 4602 si
2675 4554 2760 4601 est
2808 4545 3060 4600 Christus
3105 4557 3277 4614 neque
3326 4540 3501 4600 Filius

207 4669 272 4717 et
318 4661 459 4716 duas
503 4675 765 4732 personas
819 4661 876 4716 in
935 4677 1002 4718 eo
1049 4662 1185 4722 satis
1244 4661 1486 4734 improbe
1536 4661 1811 4719 vindicare

209 4757 598 4815 contendebat.
627 4757 738 4816 Nos
783 4773 912 4818 vero
941 4755 1059 4828 ejus
1093 4759 1426 4830 impietatem
1453 4759 1816 4816 anathemati-

209 4857 430 4915 mutes,
459 4849 708 4920 quadam
737 4850 1050 4906 testimonia
1079 4865 1145 4904 ex
1177 4849 1330 4905 libris
1349 4857 1664 4905 sanctorum
1713 4848 1816 4903 Pa-

211 4950 392 5004 trum,
420 4955 559 5011 quos
582 4940 823 4997 Ecclesia
851 4941 1230 4998 venerabiliter
1267 4941 1478 5014 recipit,
1525 4942 1816 5012 decerpen-

209 5043 320 5100 tes,
351 5033 484 5088 huic
505 5033 749 5105 epistolae
770 5035 1161 5106 subnectimus,
1187 5050 1288 5107 per
1309 5052 1430 5106 quae
1455 5051 1556 5094 nos
1579 5034 1649 5090 ad
1671 5036 1818 5092 viam

209 5126 475 5184 veritatis
495 5134 616 5197 post
639 5127 930 5197 pristinum
945 5142 1192 5184 errorem
1212 5135 1459 5182 nostrum
1482 5127 1687 5182 reversi
1727 5143 1818 5182 su-

213 5234 368 5282 mus,
399 5217 556 5274 vobis
581 5219 771 5274 subter
798 5219 1090 5290 ascriptam
1112 5219 1411 5275 direximus
1437 5233 1452 5274 :
1479 5233 1576 5290 per
1602 5234 1722 5289 qua:
1763 5227 1819 5276 et

214 5327 322 5368 vos
344 5311 415 5367 de
443 5309 589 5368 dicta
615 5313 916 5370 intentione
935 5313 1220 5386 veritatem
1249 5311 1374 5372 ﬁdei
1412 5311 1626 5382 plenius
1653 5329 1820 5383 agno-

217 5416 386 5460 scere
412 5401 660 5473 potestis,
687 5411 747 5460 et
774 5403 840 5458 ad
863 5412 1072 5458 rectum
1106 5402 1377 5460 tramitem
1420 5401 1544 5456 ﬁdei
1595 5402 1816 5458 reverti.

217 5493 436 5552 Contra
484 5509 622 5564 quas
669 5494 968 5551 sententias
1003 5493 1228 5549 Patrum
1274 5492 1621 5558 dissentiens,
1663 5491 1824 5550 aliter

219 5601 398 5659 quam
445 5586 565 5642 illas
607 5585 816 5662 [Forte,
857 5589 946 5660 qui
992 5586 1150 5644 aliter
1190 5603 1354 5660 quam
1397 5586 1521 5643 illae.
1566 5585 1668 5661 H.]
1721 5604 1823 5645 nos

221 5682 531 5741 informant
553 5682 776 5744 credere
795 5690 888 5749 aut
909 5683 1104 5738 docere
1123 5682 1374 5749 voluerit,
1398 5691 1454 5738 et
1479 5683 1822 5753 adoptionem

223 5788 285 5833 et
342 5773 801 5846 nuncupationem
847 5773 905 5829 in
935 5787 1100 5829 carne
1141 5772 1440 5830 Salvatoris
1480 5773 1690 5848 [SuppL
1731 5773 1823 5846 qui

229 5868 314 5926 ut
346 5865 615 5952 quisquis.
646 5864 746 5952 Β.)
775 5867 999 5938 credere
1028 5865 1114 5922 vel
1137 5867 1433 5940 przedicare
1471 5881 1826 5942 presumpse-

1913 4657 2060 4706 vere,
2088 4654 2260 4710 neque
2283 4637 2602 4696 naturaliter
2643 4637 2802 4702 Deus,
2858 4635 2951 4690 sed
2995 4633 3158 4692 homo
3206 4648 3375 4706 purus
3417 4647 3502 4689 se-

1914 4731 2150 4791 cundum
2175 4747 2294 4795 nos,
2318 4738 2372 4784 et
2401 4728 2700 4784 divinitatis
2721 4740 2982 4796 organum
3013 4741 3026 4780 :
3059 4723 3255 4780 salvati
3280 4721 3499 4793 quidem

1914 4841 2100 4880 sumus
2135 4840 2242 4880 non
2264 4823 2320 4876 in
2357 4822 2469 4878 Deo
2501 4818 2918 4888 quodammodo,
2951 4815 3047 4869 sed
3073 4814 3128 4867 in
3170 4828 3282 4868 uno
3327 4811 3502 4883 magis

1915 4915 2209 4970 secundum
2233 4927 2332 4966 nos
2365 4910 2629 4966 moriente
2652 4922 2752 4978 pro
2781 4905 2954 4968 nobis,
2987 4915 3042 4960 et
3065 4904 3358 4960 virtutibus
3377 4903 3503 4959 alie-

1915 5005 2002 5064 nis
2029 5005 2370 5063 resuscitato.
2415 4999 2694 5069 Quomodo
2728 5013 2858 5068 ergo
2897 4997 3174 5059 destructa
3225 5005 3314 5054 est
3354 5012 3504 5056 mors

1914 5081 2012 5172 per
2035 5097 2344 5156 Christum?
2373 5115 2392 5150 ι
2422 5073 2492 5150 Et
2531 5091 2694 5153 infra.
2727 5111 2749 5144 ε
2783 5089 3026 5146 Colimus
3051 5097 3232 5146 autem
3251 5103 3358 5144 non
3407 5089 3505 5144 ho-

1917 5192 2116 5246 minem
2135 5204 2354 5260 purum,
2382 5188 2541 5251 absit,
2590 5185 2684 5240 sed
2715 5183 2886 5258 Deum
2933 5182 3114 5253 potius
3157 5181 3500 5248 naturaliter,

1919 5298 2026 5338 non
2060 5283 2370 5353 ignorantes
2396 5276 2512 5348 ejus
2537 5276 2785 5350 gloriam,
2826 5274 2954 5331 licet
2979 5273 3158 5336 factus
3196 5275 3272 5332 sit
3313 5288 3504 5330 secun-

1920 5376 2049 5432 dum
2087 5390 2208 5431 nos.
2249 5393 2268 5426 ι

1988 5470 2122 5526 Item
2178 5467 2327 5524 beati
2370 5465 2616 5536 Gregorii
2667 5479 2820 5538 papa:
2873 5464 3027 5520 urbis
3077 5461 3264 5519 Romae
3312 5473 3511 5532 suaper

1924 5563 2127 5641 [Forte,
2177 5575 2358 5633 super.
2391 5557 2510 5634 11.}
2532 5559 2752 5618 Moralia
2779 5578 2792 5614 :
2828 5577 2848 5616 ι
2883 5559 3126 5630 Eratque
3157 5557 3246 5614 ille
3287 5555 3371 5612 vir
3398 5569 3510 5610 ma-

1923 5673 2060 5728 gnus
2087 5656 2235 5714 inter
2261 5667 2454 5712 omnes
2478 5650 2802 5708 Orientales.
2829 5648 3050 5714 Omnes,
3093 5648 3288 5719 inquit,
3312 5645 3407 5716 qui
3451 5644 3507 5699 in

1925 5751 2069 5806 hunc
2094 5746 2369 5803 Orientem
2395 5745 2503 5802 tide
2520 5745 2664 5816 pleni
2687 5745 3012 5807 consistunt,
3033 5751 3184 5798 recte
3204 5735 3508 5796 Orientales

1925 5849 2210 5898 vocantur.
2263 5837 2371 5895 Sed
2418 5838 2546 5925 quia
2593 5851 2785 5896 omnes
2831 5836 3096 5898 homines,
3138 5825 3503 5890 tantman
