3952 6318
425 288 531 346 88⁸1

1242 278 1651 349 ELIPANDUS,
1690 273 1918 341 FELIX,
1959 270 2309 331 HETERIUS
2344 269 2434 329 ΕΤ
2471 272 2530 329 S.
2573 267 2875 328 BEATUS.

3061 215 3095 226 σ

424 398 695 465 homines,
744 397 861 470 ipse
913 404 1096 452 autem
1128 394 1311 451 oriens
1349 394 1493 451 Deus
1525 402 1582 450 et
1630 393 1813 458 homo,
1860 395 2008 445 recte
2035 396 2086 456 Α
2111 399 2350 454 carnem,
2373 396 2428 443 et
2451 388 2755 452 confusam,
2781 393 2876 440 aut
2927 380 3239 456 passibilem
3268 379 3487 437 Domini
3533 379 3711 439 dein.

428 492 629 548 dicitur
672 507 686 544 :
741 490 872 544 Erat
905 503 1133 559 magnus
1166 488 1310 542 inter
1347 500 1536 542 omnes
1570 481 1893 541 Orientales.
1936 480 2015 536 Ac

429 585 475 641 si
505 592 691 655 aperte
719 583 991 638 diceretur
1022 599 1036 636 :
1087 580 1287 637 Omnes
1309 579 1403 650 qui
1427 580 1481 634 in
1505 579 1608 634 ﬁde
1645 578 1757 633 Deo
1782 591 2016 632 nascun-

427 687 519 735 tur
541 685 779 748 superat,
803 676 930 748 quia
964 689 1074 731 non
1099 681 1159 729 ut
1178 681 1405 730 caeteros
1431 671 1668 741 adoptio,
1703 671 1798 725 sed
1823 678 2018 724 natura

430 772 583 828 illum
609 769 911 826 divinitatis
937 767 1160 823 exaltat.
1196 785 1216 819 ›
1248 765 1316 820 Ει
1343 779 1531 819 rursus
1559 762 1686 817 alibi
1708 761 1851 816 idem
1872 761 2014 831 ipse:

435 881 457 915 ι
498 861 639 931 Quia
687 860 865 916 omnis
910 859 1077 915 homo
1131 855 1503 913 tantummodo
1546 855 1709 908 homo
1749 863 1854 919 est,
1905 854 2023 924 ipse

433 962 615 1010 autem
656 953 798 1007 Deus
844 958 901 1007 et
932 952 1113 1007 homo.
1167 949 1229 1005 In
1263 957 1411 1005 terra
1439 946 1490 1002 ei
1518 946 1711 1002 similis
1760 962 1869 1001 non
1916 954 2019 1012 est,

434 1059 560 1117 quia
603 1044 706 1099 etsi
754 1042 1036 1113 adoptivus
1075 1041 1306 1113 quisque
1352 1037 1494 1094 ﬁlius
1523 1038 1590 1092 ad
1614 1037 2023 1109 percipiendum

435 1135 773 1192 divinitatem
801 1133 1034 1205 proﬁcit,
1068 1145 1413 1204 nequaquam
1442 1138 1627 1185 tamen
1655 1136 1715 1184 ut
1746 1129 1890 1185 Deus
1924 1142 2024 1183 na-

434 1223 685 1279 turaliter
721 1231 884 1288 esset,
919 1224 1150 1294 aceepit.
1190 1241 1208 1272 ι

504 1318 635 1372 Item
666 1322 722 1372 in
753 1317 894 1372 libro
918 1317 1066 1371 beati
1102 1314 1203 1371 Job
1240 1332 1253 1368 :
1295 1332 1315 1365 ‹
1353 1311 1638 1370 Mediatori
1685 1325 1814 1367 vero
1839 1318 2028 1367 nostro

437 1409 493 1462 in
513 1408 912 1480 legislatoribus
938 1407 1131 1463 similis
1165 1405 1344 1462 nullus
1373 1416 1476 1472 est,
1515 1405 1643 1475 quia
1673 1403 1763 1459 isti
1791 1405 2031 1476 gratuitu

437 1502 616 1557 vocati
643 1518 709 1558 ex
740 1501 980 1572 peccatis
1021 1501 1089 1555 ad
1131 1499 1498 1556 innocentiam
1525 1499 1769 1554 redeunt.
1800 1497 2032 1554 Redem-

436 1600 563 1660 ptor
591 1599 772 1646 autem
807 1599 993 1646 noster
1023 1591 1139 1645 sine
1175 1599 1399 1660 peccato
1452 1597 1554 1654 est,
1584 1589 1754 1644 Filius
1792 1591 1909 1646 sine
1939 1591 2032 1646 ad-

439 1685 686 1753 optione,
741 1700 842 1740 nec
883 1684 1216 1756 perpetravit
1262 1699 1502 1754 unquam
1538 1683 1683 1753 quod
1732 1683 2028 1754 redarguit.

2119 494 2244 552 tem,
2274 491 2367 540 aut
2404 482 2790 538 inadorandam
2830 479 3043 536 Domini
3072 477 3247 533 nostri
3298 490 3524 532 carnem
3573 478 3712 537 sint

2116 579 2369 642 hominis,
2399 583 2453 630 et
2481 590 2588 629 non
2617 572 2950 629 adorandam
2981 569 3193 626 Domini
3220 577 3276 623 et
3313 568 3411 624 Dei
3440 582 3711 625 carnem:

2118 672 2264 727 hunc
2313 668 2734 725 anathematizat
2779 673 2966 722 sancta
3007 663 3276 720 catholica
3303 670 3360 717 et
3406 661 3713 733 apostolim

2119 762 2387 819 Ecclesia.
2427 781 2445 813 ι

2193 854 2324 908 Item
2351 853 2521 907 sancti
2551 850 2796 922 Gregorii
2817 847 3144 904 Nazianzeni
3183 846 3425 918 episcopi
3477 846 3550 901 ad
3595 844 3713 903 Clo-

2125 947 2346 1005 donium
2399 961 2414 999 :
2475 963 2495 998 ‹
2553 943 2611 999 Si
2659 944 2781 1013 quis
2827 941 3121 996 introducit
3163 940 3297 994 duos
3333 939 3504 1000 \IIIOS,
3555 954 3717 995 unum

2127 1039 2342 1112 quidem
2389 1038 2481 1108 qui
2508 1052 2575 1092 ex
2605 1037 2715 1092 Deo
2760 1035 2949 1101 Patre;
3000 1033 3296 1090 secundum
3333 1047 3490 1096 vero,
3524 1031 3619 1100 qui
3656 1046 3715 1088 ex

2129 1140 2319 1197 matre,
2337 1139 2390 1188 et
2409 1147 2517 1187 non
2540 1145 2705 1186 unum
2719 1129 3094 1197 eumdemque,
3119 1134 3173 1182 et
3187 1125 3481 1195 adoptione
3501 1125 3716 1180 excedat

2130 1227 2304 1299 gratia
2342 1240 2461 1295 qua:
2501 1223 2769 1295 promissa
2810 1229 2896 1277 est
2938 1222 3006 1276 iis
3044 1219 3137 1290 qui
3172 1218 3401 1273 credunt
3432 1235 3447 1269 :
3495 1216 3717 1273 alienum

2130 1335 2256 1376 eum
2283 1335 2314 1374 a
2341 1327 2526 1374 nostro
2549 1315 2821 1372 consortio
2835 1313 3162 1383 iudicamus.
3189 1308 3410 1364 Natura:
3448 1323 3586 1362 vero
3612 1308 3717 1362 dua:

2133 1413 2276 1468 Deus
2305 1419 2356 1466 et
2383 1411 2544 1466 homo
2569 1426 2582 1463 :
2630 1423 2755 1462 nam
2781 1415 2837 1461 et
2866 1405 3067 1469 anima,
3098 1410 3154 1458 et
3179 1415 3412 1471 corpus:
3444 1398 3577 1453 Filii
3603 1414 3716 1453 vero

2133 1504 2258 1567 duo,
2283 1517 2458 1573 neque
2477 1501 2549 1556 dii
2565 1499 2805 1573 [Leg.,...
2826 1510 3002 1567 neque
3016 1495 3142 1560 duo,
3158 1507 3336 1562 neque
3350 1492 3460 1546 duo
3487 1490 3584 1545 dii.
3606 1488 3715 1562 ll],

2134 1611 2308 1667 neque
2333 1597 2436 1650 duo
2464 1594 2730 1649 homines.
2771 1613 2789 1645 ι

2203 1688 2337 1742 Item
2380 1687 2570 1741 beatus
2617 1684 2726 1740 Leo
2770 1697 2908 1754 papa
2955 1680 3107 1736 urbis
3152 1680 3343 1735 Roma
3397 1678 3470 1732 ita
3523 1677 3648 1732 dicit
3699 1695 3712 1730 :

440 1752 588 1842 Quas
610 1777 829 1846 quidem
851 1752 1146 1833 sententias
1173 1777 1326 1850 prius
1353 1752 1460 1832 non
1495 1752 1643 1834 recte
1691 1752 2031 1848 intelligeba-
2059 1752 2108 1816 Β
2140 1799 2175 1867 «⁸
2197 1779 2443 1836 Ειδυιιει
2462 1786 2739 1834 rectarum
2760 1752 3020 1832 mentium
3049 1775 3200 1839 ﬁdes,
3229 1780 3287 1829 et
3309 1787 3505 1828 verum
3531 1787 3716 1826 unum-

440 1882 580 1922 mus.
629 1886 649 1919 ι

514 1957 650 2014 Item
692 1960 840 2016 beati
877 1961 1166 2018 Athanasii
1192 1962 1542 2018 Alexandrini
1571 1963 1812 2034 episcopi
1849 1977 1864 2017 :
1917 1980 1937 2014 ι
1973 1961 2032 2017 Si

445 2047 571 2119 quis
608 2065 736 2106 vero
775 2050 1032 2108 adversus
1065 2052 1275 2108 divinas
1303 2053 1615 2125 Scripturas
1648 2054 1824 2118 docet,
1866 2052 2032 2107 alium

443 2140 626 2196 dicens
666 2141 863 2198 Filium
891 2143 1009 2212 Dei,
1050 2152 1104 2198 et
1144 2144 1309 2198 alium
1346 2144 1439 2213 qui
1469 2159 1538 2198 ex
1575 2143 1746 2198 Maria
1793 2144 2026 2215 virgine,

444 2235 720 2290 hominem
745 2237 1040 2292 secundum
1084 2237 1318 2310 gratiam
1354 2238 1685 2306 adoptatum,
1714 2237 1856 2292 sicut
1886 2251 1983 2292 nos
2013 2251 2028 2290 :

444 2327 600 2398 quasi
632 2338 813 2384 essent
836 2329 944 2384 duo
971 2329 1087 2394 ﬁlii,
1120 2345 1259 2385 unus
1307 2332 1603 2386 secundum
1637 2340 1886 2386 naturam
1940 2328 2034 2400 qui

444 2434 512 2472 ex
538 2418 667 2486 Deo,
709 2432 765 2476 et
789 2438 955 2478 unum
993 2423 1290 2479 secundum
1337 2423 1569 2494 gratiam
1597 2423 1690 2492 qui
1717 2437 1786 2477 ex
1839 2421 2027 2476 Maria.

445 2510 514 2565 Et
559 2513 606 2567 si
633 2515 753 2584 quis
781 2516 992 2571 Domini
1023 2517 1196 2572 nostri
1236 2530 1458 2573 carnem
1484 2516 1769 2572 desursum
1797 2515 1949 2580 dicit,
1981 2523 2037 2570 et

411 2618 558 2664 -non
602 2620 669 2662 ex
711 2608 920 2682 virgine
958 2609 1162 2677 Maria,
1216 2617 1310 2667 aut
1355 2618 1620 2668 mutatam
1671 2608 1925 2668 deitatem
1979 2608 2038 2663 in

2137 1863 2242 1944 que
2270 1872 2367 1928 Dei
2394 1870 2589 1926 Filium
2617 1883 2727 1925 non
2755 1869 2932 1924 solum
2979 1866 3274 1923 secundum
3301 1863 3594 1929 deitatem,
3622 1878 3716 1932 qua

2138 1981 2171 2021 a
2192 1965 2352 2021 Patre
2387 1973 2471 2020 est
2496 1962 2727 2035 genitus,
2757 1960 2851 2016 sed
2889 1959 3054 2015 etiam
3099 1957 3399 2014 secundum
3427 1953 3718 2010 humanitao

2136 2067 2267 2123 tem,
2297 2071 2404 2128 qua
2432 2056 2500 2112 de
2521 2063 2693 2110 matre
2721 2054 2929 2125 virgine
2955 2047 3040 2107 est
3067 2059 3245 2116 natus,
3265 2047 3600 2119 intelligant.
3629 2065 3646 2098 ι

2203 2147 2339 2204 Item
2369 2148 2482 2219 ipse
2529 2146 2701 2201 alibi:
2740 2163 2760 2197 ι
2811 2143 3102 2214 Assumpta
3138 2148 3222 2197 est
3269 2139 3338 2195 de
3389 2147 3594 2201 matre,
3631 2137 3717 2192 Do-

2135 2242 2268 2297 mini
2299 2251 2512 2304 natura,
2547 2254 2655 2294 non
2676 2237 2861 2308 culpa;
2897 2242 3078 2291 creata
3113 2242 3196 2290 est
3217 2231 3399 2287 forma
3430 2231 3581 2286 servi
3619 2230 3719 2288 sine

2123 2332 2444 2390 conditione
2470 2329 2672 2395 servili,
2701 2329 2830 2400 quia
2864 2342 3034 2384 novus
3059 2332 3394 2396 temperatus
3424 2332 3512 2379 est
3539 2322 3712 2385 veteri,

2138 2435 2201 2484 ut
2229 2435 2284 2481 et
2306 2425 2589 2481 veritatem
2616 2424 2914 2497 susciperet
2937 2423 3166 2494 generis,
3196 2428 3252 2476 et
3297 2420 3502 2477 vitium
3548 2417 3715 2473 exclu-

2142 2518 2294 2576 deret
2319 2517 2625 2574 vetustatis.
2657 2535 2678 2572 ι

463 2760 3720 2794 W

1274 2910 1666 3044 VITA
1763 2907 2333 3041 SANCTI
2429 2907 2906 3041 BEATI

1738 3141 2005 3187 ABBATIS
2063 3140 2385 3186 HISPANICI
2420 3169 2436 3200 ,

1491 3271 1819 3330 AUCTORE
1856 3270 2197 3331 ANONYMO
2231 3270 2678 3330 RECENTIORI.

1589 3409 1688 3474 [Ex
1708 3410 1820 3464 Aet.
1845 3410 1954 3462 ord.
1978 3409 2034 3462 S.
2055 3409 2342 3475 Benedicti,
2361 3415 2483 3463 tom.
2505 3409 2593 3475 Y.]

1077 3661 1698 3746 MABILLONII
1755 3661 2594 3744 OBSERVATIONES
2651 3662 3094 3747 PBIEVL’E.

540 3901 594 3956 Ι.
606 3896 753 3954 Inter
775 3901 992 3954 sanctos
1004 3893 1184 3951 saeculi
1200 3895 1346 3950 tertii
1367 3894 1700 3951 Benedictini
1719 3896 2050 3966 praetermis-

468 3988 558 4031 sos
586 3970 745 4026 retuli
796 3969 941 4022 hunc
986 3967 1238 4029 Beatum;
1275 3967 1344 4020 ob
1391 3981 1511 4020 eam
1551 3966 1799 4021 videlicet
1827 3982 2048 4024 causam

468 4042 707 4116 quodin
719 4039 947 4116 vulgatis
969 4037 1085 4116 ej_us
1111 4037 1249 4091 actis
1273 4035 1418 4116 nulla
1445 4037 1705 4116 de_i_psius
1722 4039 2043 4116 monachatu

468 4107 673 4170 mentio
695 4107 975 4165 habeatur.
1003 4109 1198 4163 Postea
1221 4122 1345 4180 vero
1367 4107 1529 4180 incidi
1548 4109 1599 4163 in
1619 4109 1864 4178 quaedam
1888 4125 2050 4180 argu-

470 4193 649 4242 menta
672 4197 793 4253 qua:
823 4181 1176 4253 monasticam
1219 4177 1335 4246 ejus
1369 4178 1546 4253 vitam
1577 4177 1855 4253 probant,
1886 4177 2048 4253 atque

469 4257 606 4310 adeo
632 4250 806 4308 virum
842 4251 1086 4306 doctrina
1130 4265 1194 4304 ac
1222 4250 1507 4305 sanctitate
1535 4251 1798 4322 insignem
1825 4250 2049 4306 Benedi-

471 4327 628 4382 ctin:e
662 4323 876 4379 familiae
899 4322 1096 4378 ascribi
1126 4336 1283 4389 posse
1308 4321 1578 4376 existimo.

539 4397 592 4451 2.
635 4396 781 4474 Beati
809 4394 987 4474 Vit-am
1015 4394 1067 4447 in
1101 4392 1305 4474 litteras
1346 4393 1531 4474 retulit
1579 4406 1878 4474 anonymus
1921 4392 2045 4474 qui-

2155 3904 2372 3969 pantur.
2402 3895 2623 3969 Verum,
2651 3909 2720 3952 ne
2749 3896 2917 3969 gratis
2941 3897 3008 3953 de
3030 3896 3194 3969 Beato
3219 3897 3275 3954 id
3305 3900 3508 3958 dixisse
3527 3901 3718 3968 videar,

2152 3966 2472 4040 proferenda
2508 3977 2633 4040 sunt
2677 3966 3013 4039 argumenta,
3041 3968 3239 4040 quibus
3292 3971 3410 4028 sine
3440 3973 3602 4029 dubio
3645 3966 3722 4029 θεὲ

2154 4039 2397 4163 guiescet
2426 4037 2698 4103 Tamaius,
2734 4037 2788 4094 ét
2819 4040 2909 4122 qui
2941 4037 3075 4095 cum'
3097 4055 3163 4095 eo
3200 4042 3465 4097 sentiunt.
3496 4043 3723 4099 Primum

2190 4122 2377 4163 esumo
2443 4123 2510 4162 ex
2551 4107 2762 4163 Alcuini
2817 4109 3004 4163 hme
3050 4112 3310 4163 adversus
3361 4113 3614 4163 Felicem-
3645 4117 3720 4163 ubi

2190 4122 2377 4165 esumo
2443 4123 2510 4162 ex
2551 4107 2762 4164 Alcuini
2817 4107 3004 4167 libro!
3050 4112 3310 4167 adversus
3361 4113 3614 4176 Felicem,
3645 4117 3722 4170 ubi

2154 4179 2828 4256 Deatusmbbatisntitulo
2876 4182 3122 4256 donatur.
3176 4182 3359 4256 Neque
3409 4186 3559 4240 enim
3600 4187 3722 4256 apud

2161 4250 2476 4326 Vesigothos
2510 4265 2604 4305 seu
2632 4250 2899 4326 Hispanos
2945 4252 3036 4326 alii
3064 4261 3222 4326 erant
3265 4250 3493 4311 abbates
3541 4250 3722 4326 priter

2148 4322 2446 4395 monachos
2504 4329 2560 4376 et
2619 4323 2912 4395 regulares.
2954 4322 3165 4378 Alcumi
3205 4325 3320 4380 haec
3376 4322 3556 4382 verba
3593 4335 3718 4381 sunt.

2145 4392 2178 4467 ὃς
2207 4392 2358 4467 Quod
2392 4407 2521 4467 ve_r_o
2557 4392 3087 4467 quemdamBeatum
3109 4395 3381 4467 abbatem,
3409 4404 3466 4451 et
3507 4399 3723 4467 discipu-

472 4469 596 4524 dam
621 4466 854 4534 scriptor
884 4464 1179 4534 Hispanus,
1208 4463 1298 4532 qui
1327 4463 1647 4534 recentioris
1687 4456 1899 4534 videtur
1923 4456 2052 4534 tetas
2080 4456 2126 4520 C
2158 4456 2266 4516 lum
2305 4462 2421 4531 ejus
2451 4456 2726 4519 Hetérium
2773 4464 3084 4534 episcopum
3125 4465 3304 4520 dicitis
3357 4456 3488 4523 huic
3544 4456 3723 4523 vestrm

471 4539 560 4594 tis.
627 4532 778 4591 Hanc
837 4532 1185 4607 scriptionem
1222 4549 1289 4589 ex
1329 4533 1662 4607 Legendario
1718 4532 2053 4607 Asturicangsi

473 4625 576 4662 ms.
625 4608 836 4679 primus
871 4603 1116 4679 vulgavit
1141 4603 1377 4666 Joannes
1431 4603 1691 4679 Tamaius
1732 4603 1967 4679 Salazar
1997 4605 2053 4679 i_n

473 4673 856 4750 Martjrologio
901 4673 1209 4750 Hispanico,
1260 4684 1461 4750 e_t__post
1496 4691 1617 4729 eum
1663 4673 1896 4750 Joannes
1932 4674 2054 4729 Bol-

472 4721 665 4805 landtis
694 4751 746 4803 in
769 4721 1058 4803 ’I‘ebruarii
1102 4721 1245 4803 tonio
1281 4721 1372 4806 ιιιῗ
1395 4761 1518 4800 cum
1547 4745 1747 4815 praevio
1781 4761 2057 4800 commen-

474 4821 612 4876 tario
643 4818 919 4875 Godefridi
950 4817 1292 4873 Heuschenii.
1337 4816 1593 4870 Sanctum
1622 4817 1844 4870 Beatum
1873 4816 2056 4871 colunt

476 4891 719 4958 Hispani,
761 4890 1028 4958 praecipue
1069 4888 1466 4952 Asturiceuses,
1486 4901 1714 4958 eumque
1747 4887 1906 4958 vulgo
1927 4904 2055 4942 san-

477 4957 623 5030 ctum
652 4957 1146 5030 Biecoiap’pellant.
1177 4959 1252 5013 De
1296 4957 1643 5030 eoipraeclare
1684 4957 1795 5027 agit
1823 4957 2057 5030 Joannes

478 5029 716 5085 Mariana
746 5029 800 5082 in
826 5028 1024 5085 libgvu
1057 5031 1122 5084 de
1147 5031 1306 5083 rebus
1340 5028 1661 5098 Hispanicis,
1691 5041 1817 5098 cap.
1839 5028 1892 5083 8.

548 5099 604 5170 ξε
645 5099 871 5170 Miratur
893 5099 1147 5154 Tamaius
1175 5099 1396 5170 Salazar
1437 5097 1544 5170 quo
1568 5099 1722 5152 titulo
1774 5097 2058 5154 Menardus

479 5177 536 5226 et
557 5167 733 5239 Yepez
762 5167 1035 5241 (Wionem
1061 5170 1206 5241 addit
1228 5167 1619 5241 Henschénius)
1659 5170 1880 5224 Beatum
1907 5183 2058 5241 presf

480 5238 728 5311 byterum
772 5238 1101 5311 monachum
1151 5239 1331 5311 dicant
1384 5255 1397 5294 :
1445 5259 1463 5291 ‹
1499 5238 1621 5295 curn
1660 5255 1887 5306 concors
1919 5238 2058 5308 apud

483 5309 796 5378 scriptores,
822 5309 995 5378 inquit
1029 5310 1302 5373 Tamaius,
1328 5311 1591 5366 sententia
1617 5312 1686 5365 sit
1716 5311 1864 5364 illum
1888 5311 2057 5364 solam

481 5380 784 5452 presbyteri
809 5381 1329 5452 commendationem
1359 5382 1612 5435 tenuisse.
1644 5402 1662 5434 ι
1709 5381 1812 5435 Sed
1852 5380 2060 5435 Tamaii

486 5450 773 5530 admiratio
800 5451 1042 5530 procedit
1061 5466 1129 5530 e_x
1149 5451 1674 5530 ignorationgmoris
1703 5452 1907 5521 antiqui
1936 5467 2059 5530 cum

487 5521 738 5578 monachi
761 5521 960 5591 quique
983 5563 998 5586 ,
1027 5522 1119 5591 qui
1151 5522 1319 5577 sacris
1352 5521 1544 5576 initiati
1587 5531 1742 5576 erant
1763 5564 1776 5585 ,
1827 5521 2062 5591 suscepti

488 5536 738 5578 monacm
761 5536 960 5591 quique
983 5563 998 5586 ,
1027 5538 1119 5591 qui
1151 5537 1319 5577 sacris
1352 5536 1544 5576 minati
1587 5536 1742 5576 erant
1763 5564 1776 5585 ,
1827 5536 2062 5644 suscepti

488 5591 695 5648 ordinis
713 5593 990 5648 vocabulis
1018 5591 1219 5662 passim
1248 5593 1632 5662 insignirentur
1655 5635 1669 5656 ,
1709 5592 1918 5662 abiecta
1948 5607 1982 5660 p
2007 5607 2063 5662 e-

491 5679 738 5734 rumque,
796 5665 969 5719 rarius
998 5661 1206 5732 adjecta
1247 5661 1494 5718 monachi
1543 5661 1916 5734 appellatione.
1972 5661 2063 5716 Sic

493 5733 870 5807 IIierouymus,
907 5735 989 5792 sic
1035 5735 1179 5790 Beda
1219 5735 1551 5807 presbyteri;
1579 5733 1692 5803 “sic.
1725 5733 2063 5807 Paschasius

494 5798 800 5865 Radbertus
828 5798 1006 5874 levita,
1037 5798 1237 5881 aliIQué
1258 5798 1508 5925 eumdem
1527 5798 1583 5862 in
1613 5798 1832 5864 modum
1855 5809 2062 5862 nuncin

2159 4543 2320 4589 sectae
2357 4534 2589 4603 primum
2625 4535 2922 4597 contraire,
2975 4535 3258 4591 laudamus
3297 4551 3423 4602 eos,
3467 4549 3574 4594 etc.
3611 4559 3629 4591 ι
3668 4537 3724 4591 At

2159 4618 2226 4658 ne
2249 4603 2478 4676 fortasse
2503 4605 2665 4660 etiam
2693 4607 2831 4675 apud
2873 4605 3137 4676 Hispanos
3178 4607 3483 4664 obtinuisse
3518 4611 3722 4664 abbates

2158 4675 2946 4748 saecularesreponatialiquis,
2975 4675 3206 4731 alterum
3237 4691 3623 4748 argumentum
3657 4677 3723 4732 af-

2156 4745 2273 4820 fero
2307 4761 2380 4820 ex_
2412 4744 2652 4820 ejusdem
2701 4744 2850 4820 Beati
2907 4747 3002 4802 lib.
3064 4763 3102 4801 η
3150 4744 3340 4820 contra
3393 4750 3721 4820 Elipandum.

2163 4835 2182 4867 ι
2213 4817 2347 4871 Vere
2368 4817 2588 4882 bonum,
2636 4817 2828 4885 inquit,
2871 4826 2926 4872 et
2978 4831 3104 4872 vere
3144 4817 3441 4885 jucundum
3481 4817 3724 4875 habitare

2158 4885 2352 4941 fratres
2377 4887 2431 4941 in
2452 4902 2637 4941 unum.
2669 4885 2843 4943 Unum
2875 4887 3095 4942 fratrem
3111 4889 3415 4945 dimisimus
3438 4891 3496 4945 in
3523 4890 3720 4951 szeculo,

2156 4972 2284 5013 ecce
2309 4967 2540 5026 quantos
2567 4957 2869 5013 invenimus
2895 4959 2949 5013 in
2977 4959 3320 5015 Monasterio.
3366 4960 3566 5016 Frater
3593 4974 3725 5016 meus

2159 5028 2434 5100 stecularis
2460 5044 2566 5083 non
2588 5036 2796 5083 tantum
2821 5044 2908 5100 me
2939 5031 3172 5093 amabat,
3199 5039 3465 5100 quantum
3493 5034 3726 5087 substan-

2160 5099 2290 5172 tiam
2319 5114 2524 5172 meam;
2557 5107 2812 5172 czeterum
2860 5099 3054 5155 fratres
3099 5099 3408 5170 spirituales
3433 5143 3448 5166 ,
3509 5103 3600 5172 qui
3644 5115 3727 5172 sua

2160 5170 2346 5238 utique
2368 5170 2667 5241 negligunt,
2695 5169 2869 5241 aliena
2907 5186 3012 5225 non
3040 5169 3307 5240 qumrunt.
3345 5192 3365 5225 ι
3417 5169 3550 5227 Haec
3575 5171 3728 5227 nulla-

2160 5247 2318 5312 tenus
2345 5240 2590 5295 saeculari
2615 5240 2818 5312 homini
2845 5243 3132 5296 convenire
3160 5250 3405 5312 possunt,
3439 5244 3538 5297 sed
3560 5257 3729 5298 neces-

2161 5311 2304 5365 sario
2316 5313 2546 5379 aptanda
2567 5311 2852 5376 monacho,
2877 5313 2964 5381 qui
2996 5327 3120 5367 cum
3147 5311 3308 5366 unum
3343 5312 3566 5381 fratrm
3588 5313 3731 5367 dimi-

2161 5381 2319 5452 sisset
2344 5383 2396 5434 in
2423 5381 2631 5443 stmulo,
2666 5382 2820 5450 longe
2838 5382 3021 5451 plures
3043 5383 3300 5449 spiritales
3315 5382 3511 5452 fratres
3540 5383 3729 5438 invenit

2161 5451 2217 5504 in
2259 5449 2599 5524 Mona‘stcrio.
2625 5452 2715 5507 Isti
2745 5449 2869 5506 sunt
2901 5453 3169 5521 spiritales
3199 5449 3395 5524 fratres
3422 5453 3478 5507 in
3516 5469 3729 5524 quorum

2163 5521 2390 5591 gratiam
2419 5521 2556 5594 idem
2586 5523 2782 5577 Beatus
2803 5525 3249 5578 commentarium
3276 5523 3331 5576 in
3361 5521 3730 5594 Apocalypsim

2163 5592 2461 5664 composuit
2510 5593 2773 5664 hactenus
2803 5594 3060 5648 ineditum
3083 5636 3097 5656 ,
3148 5596 3202 5649 in
3241 5594 3395 5662 cujus
3413 5592 3730 5664 praefatione

2162 5661 2479 5736 Ambrosius
2509 5662 2735 5736 Morales
2755 5666 3032 5734 sequentia
3059 5668 3221 5720 verba
3244 5661 3389 5736 legit.
3421 5661 3446 5716 ἰ
3473 5665 3599 5720 Haec
3623 5680 3727 5735 ego,

2165 5741 2349 5805 sancte
2377 5731 2537 5805 Pater
2583 5734 2797 5802 Heteri,
2832 5731 2883 5790 te
2913 5745 3128 5805 petente
3151 5777 3166 5803 ,
3223 5731 3730 5801 ob'tedilicationcm

2166 5800 2327 5860 smdii
2388 5802 2616 5860 fratrum
2659 5806 2754 5862 tibi
2785 5800 3039 5864 'dedicavi
3073 5800 3174 5865 tut
3222 5815 3382 5878 quem
3433 5800 3727 5864 consortem
