3952 6318
169 403 284 463 893

842 397 1126 463 numen
1160 400 1252 462 ΕΤ
1289 399 1349 462 s.
1388 400 1592 464 eam
1627 403 1724 463 an
1757 405 2163 465 ELIPANDUM
2198 402 2420 466 EPlST.
2457 421 2532 479 ea,
2564 393 2694 466 sui.
2723 406 2771 468 ι.

3341 413 3449 472 898

167 515 435 578 haeresim
503 515 771 572 eatianam
798 515 864 572 de
883 515 1256 575 Asturicarum
1279 519 1550 576 montanis
1567 520 1763 576 exstir-
1791 531 1842 593 Α
1865 521 2006 592 copi,
2043 538 2110 578 ex
2136 521 2394 593 Hispania
2429 522 2624 579 beatus
2649 527 2706 578 et
2744 519 2999 581 ﬂeterius
3023 537 3129 597 pro
3163 525 3448 585 catholicis

165 623 313 685 pare
340 607 680 665 conﬁdimus.
702 605 822 664 Non
849 621 936 664 me
968 609 1099 666 latet
1129 609 1406 667 Haterium
1434 617 1594 684 prout
1611 611 1767 682 juve-

165 717 330 770 nem,
362 701 642 773 deceptum
668 701 835 758 fuisse
885 717 917 757 a
938 703 1136 770 ~Beato,
1181 705 1400 762 homine
1431 705 1666 764 silvestri
1710 713 1768 762 et

167 793 469 863 vaniloquo
495 809 510 848 :
542 807 726 864 quem,
757 795 803 849 si
835 795 934 850 tibi
958 805 1141 852 nostra
1161 796 1396 868 placent,
1418 795 1666 869 protinus
1696 797 1765 853 ad

167 892 232 941 te
258 886 484 951 advoca,
520 893 890 957 quantumque
911 902 1095 942 coram
1119 889 1249 954 Deo,
1273 888 1496 962 ejusque
1523 889 1763 946 Ecclesia

166 985 226 1031 et
251 976 417 1032 nobis
443 977 724 1043 erraverit,
769 977 949 1034 indica
975 997 988 1034 :
1015 985 1071 1034 et
1097 981 1160 1036 si‘
1180 981 1235 1035 in
1265 981 1548 1036 obstinatae
1575 996 1766 1053 propo-

165 1067 394 1123 sitionis
415 1067 627 1124 thecnis
657 1069 982 1138 perstiterit,
1006 1080 1190 1128 nostra
1219 1079 1274 1128 et
1309 1073 1474 1129 totius
1507 1073 1764 1130 Ecclesia:

165 1159 514 1215 correctione
545 1161 836 1216 contunde.
867 1179 885 1215 ι

238 1247 298 1302 5.
345 1247 526 1312 Beato,
559 1257 680 1320 post
711 1249 1136 1320 aliquantulum,
1187 1253 1516 1309 visitationis
1553 1267 1579 1296 ι
1621 1251 1764 1311 Ado-

162 1337 346 1393 sindte
371 1337 546 1410 gratia
574 1341 941 1409 perveniente,
962 1341 1166 1398 Fidelis
1191 1343 1359 1401 abbas
1379 1343 1624 1416 Elipandi
1650 1349 1766 1418 epi-

162 1430 372 1485 stolam
419 1432 810 1487 demonstravit
858 1433 1064 1501 eidetn;
1093 1435 1186 1506 qui
1229 1445 1388 1506 prout
1435 1426 1764 1494 catholicum

165 1521 352 1576 virum
381 1528 438 1578 et
482 1521 606 1578 ﬁdei
645 1521 985 1580 defensorem
1035 1526 1278 1591 decebat,
1326 1527 1499 1584 ascito
1545 1529 1765 1586 Heterio

162 1627 309 1682 opus
348 1613 618 1685 integrum
667 1615 878 1671 duobus
924 1616 1078 1673 libris
1111 1628 1473 1689 compactum,
1516 1622 1608 1692 qui
1652 1622 1764 1677 Eli-

162 1704 340 1775 pandi
363 1718 582 1760 errores
624 1706 815 1762 solidis
845 1723 1015 1764 sacrte
1043 1709 1340 1781 Scripturae
1383 1711 1516 1768 locis
1544 1714 1766 1769 rationi—

164 1795 384 1864 busque
412 1795 608 1852 validis
654 1795 986 1863 confutabat,
1034 1801 1272 1871 scripsit.
1321 1801 1490 1874 Cujus
1534 1819 1658 1860 cum
1705 1805 1763 1860 in
1830 1800 1844 1805 ’

1869 613 2054 680 missi,
2095 611 2388 669 interfuere
2441 613 2622 685 legati,
2673 627 2832 670 error
2883 629 3010 671 cum
3053 618 3367 674 auctoribus
3413 634 3442 672 a

1869 707 2288 779 congregatione
2307 707 2524 764 concilii
2554 707 2847 765 damnatus
2873 715 2979 778 est,
2999 709 3145 782 quod
3179 717 3234 767 et
3257 709 3453 768 Adria-

1869 811 1972 855 nus
1996 798 2235 868 pontifex
2264 795 2412 856 fecit.

1939 887 1994 944 7.
2035 887 2151 946 Hoc
2175 889 2441 962 siquidem
2469 889 2747 946 intelleao
2773 887 3068 961 Elipandus
3089 889 3383 946 Toletanus
3418 907 3446 946 a

1866 980 2236 1052 propositione
2285 980 2494 1046 resilire
2533 979 2846 1047 decernens,
2900 983 3273 1053 episcoporum
3321 997 3450 1038 con-

1867 1074 2238 1146 gregationem
2288 1073 2430 1144 apud
2473 1073 2718 1130 Toletum
2769 1073 2983 1139 indixit,
3033 1089 3140 1144 qua
3180 1074 3451 1144 paenitens

1869 1166 2225 1222 confessionis
2262 1165 2502 1222 libellum
2529 1209 2543 1234 ,
2593 1167 2688 1223 ubi
2731 1165 2926 1222 Filium
2969 1167 3066 1222 Dei
3114 1166 3448 1237 unigenitum

1867 1255 2128 1328 Patrique
2156 1257 2692 1324 consubstantialem,
2721 1273 2827 1313 non
2857 1259 3188 1329 adoptivum,
3217 1257 3311 1312 sed
3350 1271 3451 1310 na-

1871 1347 2121 1415 turalem,
2175 1349 2368 1405 humili
2407 1349 2746 1406 confessione
2793 1351 3090 1422 professus,
3142 1349 3360 1404 obtulit.
3403 1347 3450 1402 A

1869 1441 2126 1498 Patribus
2168 1441 2532 1514 lacrymarum
2561 1441 2898 1515 professione
2929 1452 3227 1513 susceptus,
3259 1457 3452 1499 recon-

1868 1533 2162 1589 ciliationis
2189 1533 2511 1590 beneﬁcium
2543 1535 2772 1605 accepit.
2809 1533 2910 1588 Hic
2957 1533 3175 1589 beatum
3197 1542 3253 1588 et
3287 1531 3452 1589 ﬂete-

1867 1625 2032 1691 rium,
2069 1626 2311 1696 deposita
2339 1627 2574 1697 antiquae
2603 1625 3008 1697 disceptationis
3049 1625 3448 1691 malevolentia,

1868 1717 2099 1787 benigne
2125 1716 2445 1786 suscipiens,
2474 1715 2594 1772 illos
2612 1715 2736 1772 fidei
2758 1714 3070 1772 defensores
3095 1725 3150 1771 et
3173 1715 3454 1771 catholicae

1867 1813 2116 1868 veritatis
2143 1814 2422 1883 patronos,
2452 1826 2562 1866 non
2605 1810 2811 1880 absque
2843 1809 3099 1882 lacrymis
3125 1817 3182 1864 et
3205 1806 3455 1878 singulti-

165 1901 372 1943 manus
423 1888 673 1960 Elipandi
717 1896 772 1945 et
799 1892 1029 1948 aliorum
1073 1895 1385 1964 sequacium
1427 1897 1764 1966 pervenisset
1793 1897 1838 1964 Β
1866 1907 1987 1973 bus,
2017 1905 2394 1976 compellabat.
2423 1905 2432 1914 '

161 1981 360 2044 codex,
393 1981 550 2038 illum
579 1983 950 2042 infestissimis
978 1997 1105 2043 sunt
1138 1989 1464 2046 dedecorum
1487 1991 1763 2048 ulceribus

162 2075 340 2130 verbo
368 2083 424 2130 ct
449 2077 663 2148 paginis
689 2078 939 2144 insecuti,
969 2081 1112 2137 inter
1135 2098 1256 2152 quze
1291 2083 1625 2155 Antiphrasii
1665 2102 1765 2142 no-

159 2166 320 2220 mine
367 2167 726 2223 maculat-unt.
769 2170 838 2224 At
873 2172 1048 2239 Deus,
1095 2175 1183 2229 cui
1213 2176 1454 2230 omnium
1493 2176 1763 2232 viscerum

156 2271 377 2313 arcana
406 2265 705 2329 patescunt,
741 2261 886 2318 Beati
915 2265 1236 2322 innocentia:
1273 2268 1524 2337 spiritum
1567 2283 1598 2323 a
1628 2269 1765 2324 solio

157 2348 486 2418 maiestatis
517 2365 625 2408 sua:
647 2364 928 2423 contuens,
960 2367 1015 2414 et
1043 2373 1238 2428 purum
1269 2359 1394 2416 fidei
1423 2361 1596 2418 zelum
1615 2379 1767 2433 pres-

155 2443 350 2514 byteri
384 2446 455 2500 ab
481 2446 591 2502 alto
629 2447 788 2520 longe
829 2464 1189 2521 cognoscens,
1239 2455 1310 2510 ab
1336 2456 1588 2512 omnibus
1614 2457 1764 2514 illum

159 2549 396 2591 suorum
427 2538 773 2596 inimicorum
799 2543 1058 2612 periculis
1087 2543 1356 2600 liberavit.

238 2625 294 2682 6.
335 2627 472 2684 Nam
518 2631 815 2703 Elipandus
865 2634 1055 2692 Toleto
1093 2635 1401 2707 profectus,
1442 2637 1671 2698 Astures
1711 2649 1768 2698 et

163 2719 438 2781 Gallaecns
457 2725 649 2793 obivit,
671 2729 845 2800 iisque
859 2730 914 2786 in
940 2731 1074 2787 locis
1101 2733 1300 2788 multos
1325 2749 1491 2804 prava
1513 2736 1768 2804 opinione

165 2812 366 2870 infecit
407 2819 670 2888 pestifero
700 2823 813 2876 oris
842 2820 1046 2878 aillatu.
1094 2821 1244 2880 Felix
1277 2825 1532 2882 Vaccaeos
1579 2827 1633 2881 in
1670 2825 1768 2882 Hi-

163 2906 386 2976 spania,
421 2909 789 2980 Septimauios
811 2913 866 2968 in
895 2913 1088 2981 Gallia,
1119 2914 1360 2986 aliosque
1399 2917 1453 2971 in
1477 2915 1768 2973 Germania

165 2997 402 3056 inﬁcere
427 3009 700 3074 satagens,
733 3003 801 3059 ab
845 3006 1097 3061 omnibus
1141 3005 1243 3060 fuit
1269 3008 1538 3062 constanti
1583 3007 1770 3065 defen-

165 3089 330 3146 sione
355 3089 631 3162 depulsus.
666 3093 758 3151 Sic
783 3097 930 3152 enim
971 3098 1110 3168 apud
1138 3098 1166 3138 δ
1197 3097 1462 3170 Reginum
1507 3099 1770 3171 Bajoariae

169 3184 457 3242 civitatem
477 3189 657 3258 primo
678 3189 732 3244 in
753 3199 1021 3246 conventu
1055 3193 1431 3262 episcoporum
1458 3192 1764 3261 damnatus,

1933 1997 1987 2054 8.
2004 1997 2247 2054 Concilio
2271 1997 2504 2067 denique
2527 1995 2704 2052 soluto
2717 2002 2771 2050 et
2792 1995 2951 2050 rebus
2969 1993 3096 2050 ﬁdei
3125 1992 3184 2048 in
3197 1989 3456 2061 Hispania

1862 2090 2002 2145 bene
2027 2087 2340 2158 compositis
2357 2127 2371 2152 ,
2403 2085 2696 2156 sedatoque
2721 2085 3008 2140 Felicianae
3031 2082 3318 2154 pravitatis
3329 2095 3451 2150 iur-

1865 2180 1974 2252 gio,
2001 2186 2222 2234 sanctus
2241 2177 2326 2230 vir
2344 2173 2544 2231 Beatus
2568 2175 2855 2230 Adosindaa
2875 2173 3020 2246 regis
3041 2172 3242 2228 Silonis
3262 2171 3442 2235 uxori,

1866 2285 1986 2344 quae
2011 2278 2234 2342 propter
2256 2268 2551 2340 Mauregati
2575 2266 2918 2340 tyrannidem
2963 2279 3175 2322 sacram
3201 2271 3320 2317 erat
3361 2277 3454 2317 ve-

1867 2375 2005 2424 stem
2035 2367 2218 2420 induta
2235 2405 2250 2430 ,
2278 2363 2568 2420 continuus
2591 2377 2693 2438 pro
2719 2361 2914 2432 animae
2936 2373 3047 2416 suae
3092 2355 3332 2414 remedio
3357 2369 3453 2410 ex-

1867 2459 2010 2514 stitit
2031 2459 2356 2528 paedagogus
2381 2474 2392 2510 :
2432 2456 2606 2512 donec
2634 2455 2775 2524 apud
2801 2451 3200 2510 Yallemcavam
3231 2448 3453 2504 secede-

1868 2558 1972 2616 ret,
2005 2549 2364 2614 orationibus,
2388 2545 2614 2618 jejuniis
2647 2554 2702 2600 et
2731 2559 2901 2600 sacrte
2937 2541 3232 2614 Scriptum
3275 2537 3456 2595 studio

1869 2641 2155 2706 insistens,
2193 2653 2354 2711 super
2396 2637 2749 2711 Apocalypsis
2789 2636 3049 2708 mysteria
3076 2635 3277 2690 librum
3317 2629 3458 2686 miro

1868 2733 2058 2788 ordine
2098 2733 2425 2804 scriptitavit
2453 2751 2466 2786 :
2501 2731 2722 2787 demum
2749 2729 3028 2786 miraculis
3058 2724 3321 2789 celebris,
3350 2721 3459 2778 Do-

1870 2825 2045 2889 mino,
2082 2824 2169 2881 cui
2212 2825 2498 2891 servierat,
2545 2823 2796 2893 spiritum
2834 2821 3048 2892 placida
3074 2815 3458 2874 dormitatione

1871 2917 2270 2973 commendavit
2303 2933 2356 2972 xi
2386 2915 2506 2972 Kal.
2535 2915 2733 2980 Martii,
2773 2927 2915 2968 anno
2937 2907 3151 2968 Domini
3181 2907 3306 2965 798.
3329 2903 3462 2976 Ejus

1872 3023 2069 3082 corpus
2091 3011 2291 3068 ibidem
2317 3012 2585 3081 sepultum
2601 3009 2774 3080 iacuit
2797 3023 2896 3079 per
2919 3015 3034 3062 tres
3063 3018 3253 3068 annos,
3285 3002 3460 3058 donec

1872 3103 1939 3159 ad
1977 3104 2384 3160 honoratiorem
2420 3103 2596 3158 locum
2629 3101 2978 3167 translatum,
3025 3103 3306 3155 reservato
3337 3095 3462 3150 bra-

1874 3197 1998 3253 chio
2025 3212 2125 3267 pro
2149 3205 2476 3267 aegrotorum
2506 3197 2576 3250 ad
2601 3194 2718 3264 ejus
2743 3193 3138 3264 sarcophagum
3169 3185 3460 3244 advenien-

167 3283 301 3348 post
322 3291 506 3333 coram
523 3277 762 3334 Adriano
781 3277 1036 3349 pontiiice
1060 3283 1300 3337 maximo
1313 3283 1564 3338 simulato
1587 3285 1769 3340 animo
1797 3257 1843 3320 Ο
1878 3289 2011 3344 tium
2034 3287 2334 3357 juvamine,
2387 3289 2545 3344 theca
2589 3299 2893 3342 marmorea
2933 3281 3222 3346 inclusum,
3279 3278 3463 3334 debito

167 3369 524 3440 nsipiscens,
572 3371 790 3426 demum
819 3369 958 3440 apud
1003 3369 1440 3438 Francofurtum,
1493 3371 1583 3428 ubi
1632 3389 1771 3444 pra:-

165 3467 333 3515 lente
365 3459 564 3516 Carolo
591 3459 926 3516 Francorum
959 3477 1087 3534 rege
1110 3461 1398 3518 concilium
1421 3461 1598 3518 fuerat
1627 3465 1768 3519 indi-

167 3559 350 3616 ctum,
397 3553 488 3608 cui
517 3548 694 3608 Roma
741 3551 1180 3626 Thcophylactus
1224 3561 1282 3609 et
1312 3551 1622 3624 Stephanus
1655 3556 1767 3626 epl-

249 3703 276 3768 ξι
299 3689 576 3752 Adosinda
599 3697 720 3768 erat
745 3688 1025 3748 Aldefonsi
1049 3693 1195 3768 regis
1208 3692 1345 3768 lilia,
1373 3700 1539 3768 nupta
1573 3691 1770 3768 Silani,

249 3708 276 3732 ι
299 3708 576 3752 Ααοειηωι
599 3708 720 3746 erat
745 3708 1025 3748 mactans!
1049 3708 1195 3816 regis
1215 3708 1345 3760 una,
1373 3708 1539 3768 nupta
1574 3708 1770 3760 buunt,

165 3759 334 3830 cujus
383 3776 610 3832 regnum
657 3760 1020 3832 Mauregatus,
1071 3763 1112 3816 A
1139 3761 1344 3820 defonsi
1372 3781 1439 3819 ex
1469 3763 1773 3820 concubina

165 3831 372 3887 itidem
403 3831 566 3896 ﬁlius,
595 3831 796 3888 invasit
832 3831 976 3888 anno
1004 3831 1126 3888 783.
1178 3835 1512 3890 Adosindam
1540 3849 1598 3889 se
1630 3834 1768 3888 invi-

165 3903 318 3958 sius
361 3917 484 3975 Ψ
530 3903 750 3975 Haterio
783 3903 953 3975 tradit
993 3904 1194 3960 Beatus
1239 3906 1354 3975 ipse
1403 3905 1559 3960 initio
1587 3904 1710 3975 libri
1751 3920 1768 3958 ι

166 3982 376 4030 contra
403 3973 759 4044 Elipaudum:
799 3991 820 4026 ι
859 3974 1103 4044 Cumque
1129 3991 1228 4032 nos
1251 3973 1320 4032 ad
1345 3975 1568 4032 fratrem
1608 3974 1770 4032 Fide—

167 4044 341 4118 ieru,_
365 4059 470 4097 non
490 4043 815 4118 ’_litteraru_tu
853 4043 1068 4118 illarum
1097 4047 1416 4118 compulsio,
1449 4047 1542 4102 sed
1573 4062 1763 4102 recens

169 4113 709 4186 religiosaeidominte
737 4115 1025 4171 Adusinda:
1055 4113 1374 4186 perduceret
1404 4113 1640 4180 devotio,
1669 4132 1763 4170 au-

167 4185 428 4259 divimus
459 4184 600 4240 illum
633 4185 874 4259 libellum
903 4184 1210 4259 (Elipandi)
1245 4189 1533 4242 adversum
1575 4203 1675 4243 nos
1716 4195 1774 4242 et

171 4253 353 4330 ﬁdem
382 4265 618 4330 nostram
647 4257 702 4312 in
723 4253 920 4314 cuncta
938 4253 1154 4330 Asturia
1177 4253 1392 4330 publice
1418 4259 1770 4330 divulgatum.

170 4321 246 4381 Et
274 4341 401 4398 curn
435 4326 566 4398 fides
611 4335 797 4385 nostra
837 4321 1384 4398 essetiiudissoluta,
1415 4321 1595 4398 ccepif
1632 4330 1776 4387 inter

171 4395 440 4466 scopulos
493 4393 757 4452 fluctuare
804 4397 1085 4465 navicula,
1140 4393 1540 4456 etdute’facta:
1595 4407 1769 4454 erant.

1874 3379 2098 3442 honoris
2121 3391 2346 3435 munere
2367 3375 2672 3434 custoditur
2697 3395 2710 3432 :
2731 3384 2895 3447 prout
2919 3373 3048 3429 illud
3072 3378 3127 3428 et
3152 3379 3462 3428 sanctorum

1877 3483 2098 3524 suorum
2127 3482 2250 3524 ossa
2277 3469 2555 3525 custodire
2577 3468 2827 3540 promisit
2846 3465 3010 3530 Deus,
3033 3463 3126 3536 qui
3144 3462 3279 3518 vivit
3299 3469 3353 3517 et
3376 3475 3464 3515 re-

1873 3567 2002 3634 gnat
2025 3575 2124 3632 per
2151 3559 2361 3616 inﬁnita
2391 3559 2587 3618 stecula
2609 3559 2951 3617 saeculorum.
2988 3557 3182 3612 Amen.

1882 3693 2076 3753 Postea
2099 3709 2224 3750 cum
2251 3693 2662 3764 tranquillitate,
2707 3707 2780 3747 ne
2802 3689 3097 3764 bipertita,_
3121 3685 3218 3742 sed
3250 3692 3464 3764 tantum

1880 3765 2159 3819 videretur
2185 3780 2320 3830 una;
2350 3753 2477 3821 tu'nc
2503 3753 2879 3834 colloquentes
2901 3759 3220 3834 adinvicem
3245 3753 3464 3827 (Beatus

1878 3835 2087 3890 scilicet
2109 3843 2162 3890 et
2185 3827 2458 3900 Haterius)
2491 3827 2743 3894 diximus,
2775 3842 2883 3886 etc.
2918 3849 2937 3884 ι
2973 3827 3114 3884 Hinc
3135 3834 3349 3896 arrepta
3371 3840 3464 3879 oc-

1879 3908 2028 3961 casio
2057 3915 2244 3960 mutuo
2267 3920 2536 3960 consensu
2567 3903 2840 3960 scribendi
2867 3916 3032 3958 unum
3058 3901 3308 3968 idemque
3329 3909 3468 3966 opus

1875 3975 1930 4033 in
1948 3975 2306 4048 ,Elipandum.
2336 3976 2412 4032 De
2433 3975 2861 4048 Atlosindajtem
2890 3971 2974 4048 inf
2975 3989 3051 4040 ra,
3070 3986 3236 4048 num.
3263 3971 3316 4024 8.
3397 4037 3409 4048 _

1946 4047 1974 4086 ι)
2007 4067 2024 4097 ι
2046 4041 2283 4113 Ductus,
2312 4047 2488 4117 inquit
2516 4041 2876 4117 Eginha'rdus,
2902 4041 2968 4096 ad
2997 4041 3256 4160 palatium
3298 4041 3464 4160 regiis,

1946 4118 1968 4160 1i
1997 4127 2127 4160 hino
2150 4119 2290 4160 simul
2323 4117 2586 4160 animIm
2627 4115 2889 4160 “uinaria!
2919 4115 3001 4160 civ
3027 4119 3192 4160 tatem
3221 4108 3335 4160 (3111
3415 4123 3464 4160 α⁴

1947 4059 1974 4086 n
2007 4067 2024 4097 ι
2062 4059 2283 4113 Ductus,
2312 4059 2488 4130 inquit
2517 4059 2876 4125 bgtnnaruus,
2902 4059 2968 4126 au
2997 4059 3256 4167 palatium
3298 4059 3464 4160 regis,

1877 4118 1968 4192 qui
1997 4127 2128 4172 tunc
2149 4119 2290 4187 apud
2323 4117 2590 4192 Reginum
2627 4115 2889 4192 Bajoariaa
2919 4129 3001 4168 etv
3027 4119 3192 4192 tatem
3221 4108 3335 4192 (alii
3386 4123 3470 4192 iu-

1875 4189 2135 4259 deponant
2159 4189 2374 4262 vocant)
2400 4187 2693 4262 residebat,
2717 4187 2810 4242 ubi
2835 4190 3162 4254 congregato
3183 4187 3468 4262 episcopo;

1877 4244 2000 4314 ru'tu
2027 4259 2261 4314 concilio
2309 4244 2527 4316 auditus
2563 4244 2692 4322 θαι(
2715 4267 2770 4312 et
2799 4244 3012 4311 errasse
3039 4244 3322 4309 amvic'tus
3347 4244 3470 4314 ,‘ad

1874 4330 2222 4400 praesentiam
2245 4327 2470 4385 Adriani
2491 4329 2764 4400 pontiﬁcis
2787 4327 3016 4383 Romam
3044 4325 3261 4386 missus,
3287 4325 3398 4373 etc.
3433 4333 3454 4370 ι

177 4526 3444 4558 ———————-p—————_——___._—_—__—__—_____—————-—

287 4727 360 4784 ω
739 4657 1400 4834 ῌΕΤΕΒΙΙ
1496 4658 1697 4784 ΕΤ

1878 4557 2371 4788 ιΑΝΕΤΙ
2463 4650 2942 4821 eam

303 4933 606 5075 ΑΙ)
721 4930 2012 5074 ELIPANDUM
2101 4918 3312 5071 EPISTULA.
3414 4921 3424 4931 ’

1340 5193 1436 5258 [ει
1461 5190 1683 5246 Galland.
1705 5191 1935 5242 Bibliotli.
1955 5195 2058 5243 ut.
2080 5191 2322 5255 ριν-ωδ

1429 5425 1728 5506 LIBER
1792 5421 2209 5505 PRIMUS.

249 5662 710 5725 Eminentissimo
721 5661 880 5718 nobis
905 5669 960 5718 et
981 5660 1095 5716 Deo
1131 5657 1351 5719 amabili
1390 5655 1654 5728 Elipando
1677 5655 1782 5710 Το-

1959 5653 2001 5708 l.
2041 5651 2296 5722 Legimus
2331 5648 2544 5704 litteras
2569 5648 2869 5718 prudentiae
2898 5657 3007 5707 tute
3033 5665 3176 5706 anno
3191 5659 3468 5722 presenti,

175 5771 386 5824 mea:
409 5759 556 5818 sedis
573 5756 1004 5830 archiepiscopo,
1031 5753 1287 5812 Hetarius
1311 5761 1368 5810 et
1390 5751 1589 5810 Beatus
1611 5747 1785 5804 iuDo-
1887 5755 1942 5805 et
1968 5761 2077 5804 non
2127 5743 2312 5815 nobis,
2360 5739 2457 5801 sed
2501 5739 2670 5804 Fideli
2717 5743 2900 5800 abbati
2937 5757 3124 5800 mense
3157 5741 3376 5802 Octobri
3414 5745 3469 5812 in

177 5857 341 5920 mino
367 5853 622 5920 salutem.
