3952 6318
473 379 578 437 895

1294 360 1704 428 EUPANDUS,
1745 352 1974 423 FELIX,
2013 349 2367 410 HETERIUS
2404 349 2497 408 ET
2535 349 2595 407 S.
2632 348 2928 408 BEATUS.

484 531 495 540 ε
524 509 633 552 :cra
661 489 765 548 825
795 489 935 547 clam
965 488 1067 544 sub
1095 483 1273 558 sigillo
1304 484 1542 540 directas
1569 497 1584 538 :
1626 496 1762 552 quas
1791 496 1860 536 ex
1878 477 2053 533 relatu
2080 473 2131 535 Δ
2156 471 2223 526 Et
2247 486 2372 526 cum
2407 471 2476 526 ab
2501 470 2720 526 homine
2750 469 3176 540 interrogaretur
3207 482 3222 524 :
3262 467 3429 536 Quem
3461 486 3546 524 me
3576 469 3759 526 dicunt

476 586 753 644 advenisse
782 583 1108 648 audivimus,
1141 580 1237 636 sed
1265 594 1360 636 eas
1398 592 1570 648 usque
1601 585 1756 633 sexto
1787 574 2060 631 Kalendas

473 680 795 737 Decembres
820 676 1044 732 minime
1067 674 1322 729 vidimus.
1349 672 1592 743 Cumque
1613 686 1711 726 nos
1739 670 1807 725 ad
1832 667 2060 723 fratrem

473 771 732 836 Fidelem,
761 783 869 823 non
905 766 1212 820 litterarum
1242 763 1456 819 illarum
1497 760 1817 831 compulsio,
1845 760 1938 814 sed
1975 772 2060 812 re-

474 879 602 921 cens
626 859 892 932 religiosae
923 856 1155 912 domina:
1177 855 1204 895 δ
1238 853 1524 909 Adosinda:
1559 851 1877 922 perduceret
1898 851 2062 905 devo-

473 955 570 1019 tio,
602 949 903 1006 audivimus
929 947 1105 1018 ipsum
1123 944 1360 1000 libellum
1386 943 1673 998 adversum
1694 957 1792 996 nos
1815 949 1870 994 et
1898 940 2061 996 ﬁdem

474 1058 720 1104 nostram
750 1052 946 1100 cuncta
972 1041 1193 1096 Asturia
1217 1038 1428 1111 publice
1452 1036 1806 1107 divulgatum.
1837 1034 1906 1088 Et
1936 1049 2062 1089 cum

475 1140 609 1196 ﬁdes
658 1146 844 1194 nostra
873 1150 980 1190 una
1004 1141 1150 1189 esset
1181 1131 1524 1194 indissoluta,
1557 1129 1723 1198 coepit
1763 1129 1905 1182 inter
1943 1141 2064 1180 sco-

475 1231 631 1301 pulos
653 1227 915 1282 ﬁuctuare
941 1223 1221 1288 navicula;
1250 1230 1306 1275 et
1332 1221 1451 1275 duae
1482 1218 1638 1274 facta:
1665 1224 1841 1271 erant.
1867 1215 2064 1270 Postea

474 1336 597 1376 cum
631 1316 1052 1388 tranquillitate,
1090 1329 1195 1368 non
1226 1313 1500 1381 bipertita,
1535 1311 1631 1366 sed
1680 1319 1886 1364 tantum
1918 1307 2066 1361 vide-

474 1425 624 1470 retur
648 1427 775 1474 una,
829 1420 958 1464 tunc
987 1407 1358 1476 colloquentes
1403 1407 1471 1460 ab
1518 1404 1749 1459 invicem
1771 1401 2060 1472 diximus:

476 1505 684 1560 Dormit
716 1501 875 1557 Jesus
903 1501 958 1554 in
990 1499 1135 1564 navi,
1160 1507 1215 1552 et
1260 1498 1388 1552 hinc
1433 1497 1556 1551 inde
1603 1495 1859 1550 ﬂuctibus
1893 1493 2067 1563 quati-

476 1612 616 1662 mur,
662 1603 718 1650 et
754 1597 1137 1662 tempestatum
1189 1588 1468 1643 molestias
1522 1587 1886 1648 sustinemus,
1938 1583 2065 1653 quia

477 1685 836 1757 importabilis
867 1685 1138 1740 excitatus
1165 1690 1248 1736 est
1272 1689 1500 1734 ventus:
1544 1677 1689 1732 nulla
1719 1676 1863 1731 salus
1900 1675 1954 1730 in
1976 1689 2068 1728 no-

475 1779 559 1833 bis
588 1793 710 1832 esse
737 1776 972 1840 videtur,
1021 1774 1126 1828 nisi
1173 1771 1330 1827 Jesus
1360 1771 1626 1826 excitetur
1665 1784 1680 1822 :
1723 1778 1778 1823 et
1801 1768 1964 1822 corde
2011 1774 2066 1822 et

480 1884 613 1924 voce
643 1867 985 1922 clamandum
1015 1872 1115 1928 est,
1169 1871 1228 1917 ut
1253 1863 1302 1918 ei
1333 1863 1574 1918 dicamus
1606 1876 1620 1915 :
1648 1859 1890 1922 Domine,
1920 1857 2067 1912 salva

478 1971 591 2018 nos,
645 1954 893 2024 perimus.
948 1951 1092 2006 Tunc
1143 1953 1371 2004 surrexit
1419 1950 1592 2013 Jesus,
1646 1950 1738 2018 qui
1796 1949 1849 2002 in
1882 1954 2069 2002 nostra

478 2046 780 2103 dormiebat
808 2046 950 2110 navi,
990 2044 1082 2114 qui
1109 2060 1232 2098 cum
1261 2041 1424 2098 Petro
1453 2058 1690 2098 eramus.
1723 2041 1874 2095 Tunc
1913 2042 2071 2111 impe-

479 2138 610 2192 ravit
656 2146 801 2191 vento
828 2144 876 2190 et
907 2136 1061 2200 mari,
1093 2144 1140 2189 et
1168 2135 1312 2204 facta
1339 2143 1413 2188 est
1457 2132 1814 2204 tranquillitas
1851 2148 2066 2202 magna.

479 2227 560 2281 Ex
591 2234 737 2291 tunc,
766 2225 876 2281 Deo
893 2222 1216 2290 miserante,
1250 2241 1357 2280 non
1394 2226 1644 2279 turbatur
1673 2225 1792 2286 ista,
1834 2223 2072 2294 quzePe-

479 2327 620 2374 trum
672 2319 867 2383 habet;
916 2318 1010 2373 sed
1059 2319 1309 2374 turbatur
1350 2318 1460 2384 illa,
1490 2333 1610 2388 qua:
1649 2317 1840 2372 Judam
1887 2318 2066 2381 habet,

479 2409 760 2478 Quomodo
785 2409 930 2464 enim
957 2410 1161 2464 turbari
1207 2418 1440 2480 poterat,
1478 2410 1566 2464 cui
1596 2417 1827 2479 praeerat
1859 2408 1972 2480 ipse
2014 2409 2070 2464 in

479 2519 586 2574 quo
613 2503 868 2559 Ecclesiae
906 2502 1306 2558 ﬁrmamentum
1336 2504 1458 2558 est?

548 2591 612 2647 II.
655 2592 908 2662 Plerique
943 2601 1124 2648 tamen
1151 2609 1219 2648 ex
1249 2593 1468 2657 nostris,
1514 2593 1679 2648 etiam
1716 2591 2072 2660 remigatores

481 2687 783 2755 fortissimi,
814 2688 977 2742 nimis
1006 2686 1390 2752 formidabant,
1435 2687 1562 2756 quia
1592 2687 1802 2756 longius
1836 2702 1865 2740 a
1891 2696 2066 2754 terra,

481 2778 541 2838 id
565 2788 649 2837 est
676 2796 706 2834 a
751 2795 977 2850 corpore
1003 2777 1223 2842 Christi,
1259 2765 1451 2833 inalto
1469 2779 1664 2861 pelago
1693 2778 1938 2834 navicula
1975 2777 2074 2833 flu-

486 2873 734 2939 ctuabat;
769 2873 897 2943 quia
924 2872 1136 2928 dixerat
1163 2872 1426 2927 Dominus
1447 2871 1610 2926 Petro
1634 2887 1649 2926 :
1678 2871 1792 2926 Duc
1820 2873 1874 2925 in
1903 2871 2070 2926 altum

486 2966 635 3028 retia,
669 2964 772 3019 hoc
800 2971 904 3027 est,
935 2963 989 3016 in
1023 2961 1349 3032 profundum
1372 2963 1818 3032 disputationum,
1849 2973 1902 3018 et
1927 2978 2073 3032 pera-

485 3073 584 3128 gus
619 3055 1045 3127 Scripturarum.
1084 3055 1224 3123 Quid
1251 3055 1396 3110 enim
1439 3065 1548 3110 tam
1577 3056 1745 3111 altum
1781 3072 1946 3127 quam
1988 3056 2070 3112 al-

487 3146 776 3202 titudinem
821 3147 1131 3202 divitiarum
1181 3148 1398 3202 videre?
1438 3147 1576 3214 Quid
1601 3149 1764 3203 etiam
1810 3157 1917 3202 tam
1952 3164 2074 3218 pro-

2160 562 2333 633 ﬁlium
2356 563 2622 618 hominis?
2650 572 2778 619 tunc
2805 564 2967 619 homo
2998 563 3204 619 homini
3232 564 3533 635 respondit,
3557 573 3622 619 et
3648 565 3758 622 ait:

2164 652 2241 707 Tu
2268 671 2322 708 es
2351 653 2590 708 Christus
2623 652 2798 708 Filius
2828 653 2928 708 Dei
2973 655 3092 709 vivi.
3137 654 3316 725 Ipsum
3345 654 3637 712 Christum
3678 655 3760 712 Fi-

2161 745 2294 803 lium
2325 747 2422 803 Dei
2452 747 2561 802 vivi
2594 747 2832 819 negavit,
2863 762 2988 802 cum
3015 747 3154 802 dixit
3194 765 3208 801 :
3260 745 3387 802 Non
3435 748 3556 802 novi
3593 748 3760 802 horni-

2163 858 2299 897 nem.

2231 933 2317 988 lll.
2358 932 2463 988 Sed
2489 933 2583 989 ubi
2631 933 2868 1002 negavit,
2901 931 3154 988 Christus
3185 931 3386 1004 ligatus
3415 931 3721 986 tenebatur
3747 947 3761 986 :

2161 1035 2288 1081 ante
2317 1025 2599 1096 przesidem
2627 1026 2825 1089 stabat,
2855 1025 3027 1094 alapis
3057 1033 3112 1080 et
3146 1024 3392 1095 colaphis
3417 1023 3759 1086 caedebatur,

2162 1121 2583 1190 conspuebatur.
2613 1119 2730 1175 Nox
2753 1129 2892 1186 erat,
2919 1121 3157 1176 tenebrae
3185 1129 3362 1186 erant,
3394 1120 3578 1190 frigus
3610 1128 3758 1186 erat;

2164 1212 2219 1266 in
2246 1212 2503 1280 praetorio
2533 1219 2672 1277 erat,
2703 1213 2898 1266 ancilla
2926 1213 3154 1268 ostiaria
3184 1214 3383 1268 ostium
3415 1214 3678 1267 clausum
3697 1220 3763 1267 te-

2165 1307 2346 1361 nebat.
2395 1305 2587 1361 Adhuc
2627 1306 2862 1375 Spiritus
2918 1317 3140 1362 sanctus
3181 1307 3391 1378 plenius
3442 1306 3623 1360 Petro
3668 1321 3762 1360 non

2164 1395 2339 1454 fuerat
2382 1399 2557 1464 datus,
2600 1401 2724 1471 quia
2774 1401 2947 1453 adhuc
2973 1401 3129 1454 Jesus
3161 1417 3264 1454 non
3291 1401 3460 1471 fuerat
3493 1399 3761 1470 gloriﬁca-

2163 1500 2268 1548 tus.
2308 1489 2410 1545 Ubi
2460 1506 2591 1546 vero
2639 1490 2920 1545 confessus
2945 1498 3029 1544 est
3055 1490 3336 1545 Christum
3384 1489 3586 1544 Filium
3644 1490 3758 1554 Dei,

2165 1599 2273 1639 non
2303 1594 2420 1638 erat
2446 1585 2643 1655 ligatus
2667 1583 2842 1649 lesus,
2885 1600 3060 1654 neque
3104 1583 3251 1638 solus
3291 1601 3302 1635 :
3337 1583 3430 1637 sed
3467 1582 3761 1636 multitudo

2167 1677 2493 1745 sequebatur
2519 1692 2664 1743 eum,
2713 1692 2946 1746 quorum
2990 1686 3234 1730 mortuos
3284 1675 3602 1732 suscitabat.
3663 1687 3763 1726 caa-

2169 1783 2262 1824 cos
2292 1768 2650 1833 illuminabat,
2700 1770 2946 1839 leprosos
2977 1769 3295 1832 mundabat,
3325 1769 3582 1821 daemones
3621 1764 3762 1819 effu-

2097 1844 2147 1906 Β
2172 1864 2350 1933 gabat,
2395 1872 2450 1918 et
2485 1864 2728 1918 diversas
2776 1862 3122 1916 infirmitates
3152 1861 3398 1916 curabat.
3432 1858 3646 1925 Quatrit
3692 1858 3762 1912 ab

2172 1958 2481 2012 hominibus
2507 1957 2630 2026 quis
2678 1957 2943 2012 habeatur
2989 1956 3043 2009 in
3093 1955 3310 2026 populis
3359 1955 3615 2024 egregius
3648 1952 3764 2006 ille?

2171 2048 2306 2104 Cum
2335 2049 2411 2104 illi
2439 2049 2680 2105 diversas
2707 2047 2995 2118 Opiniones
3025 2046 3354 2118 proferrent,
3395 2054 3448 2099 et
3472 2045 3569 2098 alii
3625 2045 3762 2098 dice-

2170 2148 2291 2195 rent
2317 2159 2329 2194 :
2365 2140 2445 2195 Tu
2472 2156 2531 2195 es
2561 2139 2738 2206 Elias;
2771 2140 2886 2205 alii,
2915 2138 3212 2203 Jeremias;
3236 2138 3348 2202 alii,
3384 2137 3463 2191 Tu
3508 2152 3570 2191 es
3601 2134 3763 2190 Joan-

2170 2246 2268 2286 nes
2319 2231 2590 2301 Baptista;
2648 2231 2758 2296 alii,
2810 2230 2891 2285 Tu
2940 2244 3000 2285 es
3051 2229 3350 2300 Propheta;
3399 2236 3530 2282 tunc
3571 2227 3762 2281 Petrus

2174 2323 2317 2378 inter
2376 2321 2574 2378 'omnes
2603 2363 2618 2388 ,
2683 2323 2801 2376 sine
2868 2321 3049 2390 aliqua
3129 2319 3490 2383 dubitatione,
3550 2318 3694 2372 dixit
3743 2336 3756 2370 :

2176 2416 2254 2471 Tu
2311 2433 2364 2470 es
2412 2414 2651 2470 Christus
2701 2413 2875 2467 Filius
2921 2413 3023 2467 Dei
3071 2413 3189 2466 vivi.
3243 2410 3530 2466 Exclamat
3584 2409 3762 2463 Domi-

2171 2520 2276 2560 nus
2299 2506 2515 2559 beatum
2544 2505 2630 2559 cui
2657 2519 2763 2558 non
2790 2517 2920 2558 caro
2949 2503 3092 2557 istud
3115 2510 3169 2556 et
3190 2501 3410 2571 sanguis
3434 2499 3748 2563 revelasset,

2173 2597 2266 2652 sed
2292 2597 2453 2651 Pater
2482 2595 2596 2664 ejus
2621 2596 2713 2665 qui
2737 2602 2883 2649 esset
2925 2595 2984 2649 in
3010 2593 3182 2649 cmlis.
3223 2592 3375 2646 Tunc
3399 2601 3452 2644 et
3484 2600 3648 2661 petra
3679 2605 3760 2641 vo-

2172 2700 2346 2755 catus,
2397 2699 2686 2760 postquam
2732 2689 3047 2758 angularem
3096 2696 3306 2758 petram
3359 2685 3518 2738 illum
3559 2683 3761 2752 primus

2173 2785 2409 2854 agnovit.
2466 2783 2592 2838 Haec
2637 2791 2721 2837 est
2750 2791 2905 2853 petra
2953 2784 3019 2836 de
3065 2796 3171 2851 qua
3217 2779 3379 2833 Pater
3414 2778 3638 2831 dixerat
3676 2790 3761 2845 per

2172 2876 2366 2932 Isaiam
2390 2878 2744 2946 prophetam:
2771 2874 2928 2939 Ecce,
2945 2875 3150 2928 mittam
3168 2875 3222 2928 in
3245 2872 3608 2942 fundamentis
3640 2871 3761 2925 Sion

2172 2967 2400 3039 lapidem
2425 2967 2721 3038 probatum,
2751 2965 2990 3030 electum,
3016 2963 3342 3035 angularem,
3371 2964 3696 3034 pretiosum;
3717 2969 3761 3014 et

2173 3062 2342 3114 omnis
2393 3061 2482 3132 qui
2512 3059 2790 3113 crediderit
2840 3060 2897 3112 in
2943 3075 3032 3122 eo,
3086 3074 3190 3111 non
3235 3056 3586 3125 confundetur
3619 3053 3756 3126 (Isis.

2175 3168 2367 3214 xxvm,
2405 3151 2516 3225 16).
2548 3152 2613 3205 Et
2641 3152 2826 3220 utique
2857 3152 2910 3204 in
2959 3150 3214 3220 lapidem,
3245 3149 3300 3203 in
3331 3164 3493 3218 quem
3543 3146 3760 3202 credere

487 3237 730 3304 fundum,
781 3253 942 3306 quam
970 3249 993 3277 ο
1035 3239 1174 3294 scire
1217 3239 1312 3294 Dei
1352 3239 1570 3304 Filium,
1602 3247 1656 3294 et
1691 3240 1884 3294 divinae
1912 3214 2074 3310 gene-
2096 3214 2145 3276 θ
2180 3243 2421 3308 mandat,
2472 3214 2612 3296 Deus
2646 3214 2756 3297 est.-
2783 3241 2858 3295 De
2891 3214 3195 3310 qua-petra
3247 3214 3446 3293 Paulus
3489 3237 3762 3308 apostolus

491 3329 718 3385 rationis
743 3329 1136 3402 professionem
1169 3333 1480 3387 assumere?
1511 3331 1644 3400 Quia
1673 3332 1799 3387 licet
1841 3333 2073 3387 humana

492 3434 646 3475 mens
687 3435 793 3475 non
823 3421 996 3490 possit
1036 3422 1196 3492 plene
1228 3425 1453 3480 rationis
1479 3424 1893 3494 investigatione
1927 3440 2078 3480 com-

489 3511 861 3581 prehendere,
915 3514 1040 3569 ﬁdei
1103 3523 1280 3570 tamen
1339 3515 1618 3587 plenitudo
1673 3517 2071 3588 complectitur.

491 3601 627 3656 Nam
655 3605 759 3658 etsi
811 3622 916 3661 non
947 3606 1074 3662 licet
1113 3609 1268 3663 nobis
1305 3610 1447 3665 scire
1484 3611 1756 3680 quomodo
1795 3618 1953 3666 natus
1993 3617 2077 3666 est

491 3694 586 3749 Dei
622 3694 810 3762 Filius,
845 3700 986 3754 scire
1035 3708 1212 3755 tamen
1249 3702 1406 3758 nobis
1444 3702 1568 3757 licet
1594 3712 1649 3758 et
1673 3705 1893 3759 credere
1931 3703 2077 3774 quod

492 3803 618 3842 vere
647 3798 804 3845 natus
827 3793 916 3846 sit.
951 3792 1142 3848 Fortes
1167 3803 1363 3860 estote,
1390 3812 1497 3850 non
1521 3795 1856 3852 formidetis:
1887 3796 2076 3851 nobis-

493 3893 617 3934 cum
642 3889 724 3934 est
748 3881 837 3937 ille
859 3898 958 3952 pro
986 3900 1094 3954 quo
1121 3887 1238 3941 haec
1259 3887 1484 3943 intentio
1509 3888 1752 3942 vertitur.
1801 3887 1936 3942 Ecce
1959 3904 2074 3958 ego,

494 3970 690 4040 inquit,
722 3973 983 4030 vobiscum
1011 3994 1127 4032 sum
1157 3979 1396 4033 omnibus
1425 3980 1625 4046 diebus,
1658 3997 1818 4051 usque
1859 3980 1928 4035 ad
1959 3997 2079 4035 con-

494 4063 894 4118 summationem
937 4066 1137 4120 steculi.
1193 4067 1378 4138 Neque
1425 4069 1571 4123 enim
1599 4069 1754 4124 nobis
1791 4077 1901 4123 tam
1943 4070 2076 4125 dura

495 4153 729 4208 intentio
760 4165 936 4224 esset,
975 4158 1076 4213 nisi
1105 4159 1268 4231 Virgo
1310 4161 1624 4232 peperisset,
1657 4171 1712 4216 et
1741 4162 1867 4231 quia
1912 4162 2078 4233 Virgo

494 4243 724 4313 peperit,
753 4244 982 4302 intentio
1024 4256 1143 4303 est:
1183 4257 1236 4303 et
1263 4250 1389 4320 quia
1425 4250 1587 4322 Virgo
1614 4252 1826 4323 peperit
1867 4251 2080 4308 Emma-

496 4336 639 4402 nuel,
672 4337 776 4393 hoc
804 4347 908 4405 est,
941 4338 1228 4396 Nobiscum
1280 4342 1441 4409 Deus,
1494 4344 1668 4414 ipsum
1716 4345 1984 4400 credimus
2022 4355 2078 4401 et

499 4431 807 4498 adoramus,
841 4435 966 4504 quia
997 4434 1178 4490 nullus
1209 4435 1345 4490 alter
1399 4437 1538 4496 Deus
1586 4446 1687 4494 est.
1734 4437 1976 4509 Denique
2021 4438 2077 4494 in

499 4526 872 4594 persecutione
905 4527 1035 4598 quid
1060 4529 1340 4598 qumritur,
1383 4531 1486 4585 nisi
1515 4539 1575 4585 ut
1603 4531 1774 4586 Deum
1797 4530 2075 4587 Christum

496 4618 787 4685 negemus?
806 4617 1012 4688 Itaque,
1037 4618 1128 4688 qui
1158 4635 1266 4674 non
1295 4618 1581 4675 conﬁtetur
1607 4619 1883 4676 Christum
1907 4620 2076 4676 Deum

499 4728 709 4781 verum,
747 4715 926 4771 Mariae
962 4715 1201 4787 Virginis
1229 4716 1417 4782 filium,
1463 4726 1651 4771 natum
1686 4733 1752 4772 ex
1780 4718 1888 4772 Deo
1925 4731 2074 4782 vero,

502 4807 715 4861 veniam
745 4823 854 4862 non
877 4809 1190 4864 merebitur.
1218 4807 1324 4863 Sed
1353 4818 1398 4863 et
1423 4811 1716 4880 quicunque
1740 4810 1952 4879 spiritus
1975 4825 2079 4862 non

502 4899 780 4966 conﬁtetur
806 4898 1069 4955 Christum
1096 4902 1166 4956 in'
1195 4918 1351 4956 carne
1375 4902 1589 4967 uenisse,
1621 4917 1687 4955 ea:
1711 4899 1820 4954 Deo
1850 4917 1954 4954 non
1983 4909 2076 4968 est,

504 4996 550 5040 et
580 4988 688 5056 ipse
715 4999 789 5042 est
817 4991 1182 5048 Antichristus.
1233 4993 1335 5060 Qui
1364 4994 1508 5048 enim
1554 4992 1828 5048 hominem
1859 5007 2082 5064 negave-

506 5077 598 5140 rit,
645 5077 813 5134 Deum
844 5084 1094 5152 negavit:
1123 5084 1249 5154 quia
1300 5085 1440 5139 Deus
1467 5085 1629 5139 homo
1672 5092 1775 5150 est,
1820 5092 1875 5138 et
1919 5083 2082 5140 homo

504 5166 646 5223 Deus
674 5178 776 5234 est,
801 5179 855 5225 et
881 5173 1022 5229 Deus
1043 5184 1096 5230 et
1131 5177 1290 5230 homo
1320 5175 1628 5246 unigenitus
1647 5174 1896 5230 Christus
1916 5173 2084 5230 Filius

505 5259 601 5314 Dei
629 5268 730 5314 est.
762 5260 953 5318 Petrus
982 5266 1146 5330 enim,
1175 5267 1267 5336 qui
1294 5267 1432 5322 hanc
1463 5266 1762 5321 naviculam
1794 5275 1960 5338 reget,
1985 5267 2084 5323 ho-

506 5349 706 5404 minem
730 5352 964 5423 negavit.
1015 5353 1106 5409 Sic
1130 5356 1272 5410 enim
1304 5356 1416 5411 ait:
1469 5355 1593 5411 Non
1639 5358 1756 5411 novi
1797 5357 2080 5412 hominem.

507 5437 624 5496 Non
645 5441 789 5495 enim
833 5441 970 5497 dixit
1017 5459 1029 5496 :
1068 5443 1182 5499 Non
1210 5447 1329 5500 novi
1366 5446 1555 5510 Deum,
1599 5454 1691 5501 aut
1722 5446 1918 5502 Filium
1953 5449 2078 5514 Dei;

507 5529 601 5588 sed
620 5545 742 5586 cum
757 5531 1030 5586 hominem
1053 5534 1286 5604 negavit,
1312 5534 1506 5590 Filium
1520 5536 1618 5592 Dei
1643 5537 1812 5594 Deum
1833 5539 2075 5609 negavit.

581 5701 605 5729 ει
636 5687 789 5764 Anno
825 5688 948 5755 785,
986 5705 1110 5764 nam
1140 5689 1243 5764 isti
1291 5699 1542 5747 auctores
1568 5703 1888 5764 sequuntur
1916 5709 2084 5764 teram

509 5757 854 5883 Hlispauicam
883 5775 1002 5833 qua:
1032 5760 1251 5831 triginta
1283 5770 1408 5818 octo
1452 5763 1611 5820 annis
1653 5757 1889 5821 differta
1931 5763 2086 5822 Chri-

509 5846 534 5883 ς
562 5841 702 5883 iana‘.

509 5841 702 5885 stlalla‘.

2177 3335 2316 3390 dixit
2345 3351 2360 3390 :
2411 3333 2570 3388 Petra
2610 3343 2783 3388 autem
2832 3344 2942 3387 erat
2967 3332 3206 3386 Christus
3239 3331 3290 3404 (I
3318 3331 3444 3385 Cor.
3481 3347 3543 3395 ι,
3579 3331 3651 3400 ι).
3704 3330 3760 3384 Et

2178 3430 2303 3498 quia
2342 3425 2548 3499 [Forte,
2583 3423 2825 3497 quidem]
2853 3439 3045 3479 omnes
3088 3423 3262 3479 sancti
3301 3423 3394 3494 qui
3442 3423 3495 3477 in
3550 3421 3759 3478 Christo

2179 3519 2390 3574 fundati
2416 3525 2562 3583 sunt,
2599 3517 2804 3586 lapides
2827 3525 2883 3571 et
2911 3523 3078 3586 petra:
3099 3515 3417 3570 scribuntur
3445 3530 3460 3568 :
3505 3514 3608 3570 sed
3645 3528 3759 3568 cum

2181 3613 2236 3666 in
2267 3627 2423 3667 sacro
2470 3609 2684 3679 eloquio
2735 3608 2996 3679 singulari
3042 3622 3270 3662 numero
3316 3615 3470 3676 petra
3518 3605 3606 3658 vel
3638 3605 3760 3673 lapis

2184 3704 2518 3766 nominatur,
2557 3700 2705 3756 solus
2731 3699 2983 3756 Christus
3011 3699 3298 3768 accipitur.
3330 3697 3467 3752 Cum
3515 3712 3649 3752 vero
3673 3711 3757 3766 pe-

2179 3803 2277 3848 trae
2303 3793 2586 3864 pluraliter
2613 3792 2972 3865 appellantur,
3024 3792 3269 3846 membra
3294 3791 3551 3845 videlicet
3600 3788 3759 3844 sancti

2177 3886 2302 3951 viri,
2334 3886 2425 3955 qui
2459 3885 2602 3941 illius
2627 3886 2822 3940 robore
2849 3884 3067 3940 solidati
3096 3891 3240 3950 sunt,
3266 3883 3629 3953 experiuntur
3654 3880 3760 3953 [ex-

2178 3974 2532 4048 primuntur].
2571 3975 2716 4042 Quos
2741 3975 2998 4030 nimirum
3027 3975 3220 4031 Petrus
3249 3975 3528 4045 apostolus
3568 3974 3760 4045 lapides

2179 4075 2355 4130 vocat,
2387 4065 2616 4122 dicens:
2660 4063 2762 4119 Vos
2792 4075 3043 4136 tanquam
3086 4065 3286 4136 lapides
3331 4067 3430 4120 viri
3469 4065 3760 4133 coa'diﬁca-

2178 4159 2308 4212 mini
2351 4158 2536 4212 domus
2579 4159 2871 4229 spiritualis
2916 4159 3002 4231 (II
3027 4159 3175 4213 Petr.
3207 4176 3269 4226 ιι,
3317 4160 3394 4223 5).
3430 4159 3537 4226 Qui
3582 4171 3758 4213 omnes

2179 4265 2288 4304 non
2317 4263 2348 4303 a
2376 4248 2560 4314 Petro,
2589 4251 2684 4304 sed
2727 4267 2757 4304 a
2787 4250 3010 4305 Christo
3039 4258 3212 4321 petra,
3263 4251 3402 4306 sicut
3441 4260 3498 4305 et
3544 4251 3753 4313 Petrus,

2179 4357 2376 4398 nomen
2399 4349 2755 4410 acceperunt;
2778 4350 2833 4395 et
2859 4341 3004 4411 quod
3029 4341 3195 4397 Petro
3229 4343 3365 4398 dixit
3391 4361 3402 4396 :
3435 4342 3610 4413 Super
3631 4344 3756 4395 hanc

2179 4442 2380 4506 petram
2401 4433 2673 4502 wdiﬁcabo
2701 4432 2992 4488 Ecclesium
3029 4450 3199 4488 meam
3231 4433 3451 4506 (Matth.
3500 4451 3615 4499 xvx,
3645 4431 3754 4503 l8),

2181 4539 2288 4581 non
2318 4525 2417 4580 soli
2444 4523 2624 4590 Petro,
2656 4525 2748 4580 sed
2769 4525 2926 4580 nobis
2949 4525 3202 4580 omnibus
3228 4525 3384 4580 dixit.
3415 4525 3545 4580 Non
3576 4524 3762 4580 reuela-

2182 4617 2252 4671 vit
2293 4615 2386 4669 tibi
2429 4614 2570 4669 istud
2615 4631 2736 4668 caro
2761 4623 2809 4668 et
2833 4616 3070 4686 sanguis,
3097 4615 3190 4668 sed
3216 4613 3382 4670 Pater
3403 4631 3575 4680 meus,
3599 4617 3682 4686 qui
3705 4617 3753 4667 in

2183 4708 2323 4764 caelis
2367 4717 2442 4762 est
2473 4707 2662 4779 (Ibid.,
2694 4725 2824 4762 vers.
2862 4708 2973 4779 17),
3016 4724 3123 4763 non
3149 4708 3324 4763 solum
3354 4707 3541 4769 Petro.
3574 4708 3666 4763 sed
3704 4715 3754 4760 et

2181 4799 2358 4863 nobis,
2395 4797 2486 4866 qui
2532 4798 2611 4851 sic
2659 4797 2931 4853 credimus
2972 4808 3032 4852 ut
3065 4799 3256 4853 Petrus
3301 4807 3356 4853 et
3408 4799 3573 4854 hodie
3614 4798 3752 4852 dicit.

2181 4890 2318 4946 Nam
2364 4905 2486 4945 cum
2518 4905 2618 4945 nos
2661 4889 2820 4945 hodie
2865 4891 3094 4946 dicimus
3137 4890 3320 4954 corde,
3363 4899 3414 4946 et
3461 4906 3560 4946 ore
3583 4903 3754 4945 coram

2181 4981 2330 5038 omni
2357 4979 2617 5047 Ecclesia,
2653 4979 2730 5034 Tu
2759 4997 2812 5034 es
2839 4978 3079 5037 Christus
3111 4980 3283 5035 Filius
3304 4979 3405 5034 Dei
3430 4983 3553 5046 vivi,
3598 4979 3757 5050 proti-

2183 5094 2289 5134 nus
2320 5077 2410 5132 ille
2445 5078 2735 5148 respondet
2765 5095 2778 5130 :
2817 5076 2935 5132 Non
2981 5077 3238 5132 revelavit
3263 5077 3419 5131 vobis
3469 5075 3612 5130 istud
3636 5087 3757 5128 caro

2183 5177 2238 5224 et
2261 5170 2501 5241 sanguis,
2531 5169 2626 5224 sed
2652 5167 2813 5223 Pater
2837 5184 2991 5224 meus
3012 5169 3104 5239 qui
3135 5169 3190 5224 in
3211 5167 3366 5223 ccelis
3387 5177 3474 5223 est
3502 5183 3517 5222 :
3543 5168 3642 5222 hoc.
3662 5165 3753 5221 Ve-

2185 5262 2320 5319 ritas
2347 5261 2482 5316 dixit
2511 5261 2624 5332 uni,
2659 5260 2801 5329 quod
2833 5261 3088 5316 omnibus
3126 5258 3342 5314 sufficit.
3381 5258 3498 5314 Hoc
3525 5274 3621 5313 nos
3646 5270 3754 5312 om-

2185 5370 2282 5411 nes
2315 5353 2608 5416 credimus,
2645 5353 2741 5407 sed
2770 5352 2858 5408 ille
2883 5353 3030 5408 solus
3051 5353 3331 5409 confessus
3353 5360 3457 5408 est.

2253 5448 2342 5504 1V.
2390 5445 2488 5502 Cui
2534 5461 2661 5502 caro
2703 5455 2758 5502 et
2802 5449 3020 5518 sanguis
3047 5449 3321 5512 revelavit,
3363 5447 3550 5501 dicat:
3589 5443 3662 5498 'l‘u
3694 5456 3757 5495 es

2185 5539 2467 5610 adoptivus
2500 5539 2853 5606 humanitate,
2886 5550 2941 5595 et
2984 5539 3152 5595 Filius
3195 5539 3291 5595 Dei
3321 5539 3430 5594 vivi
3473 5535 3758 5592 secundum

2257 5694 2286 5734 ὶι
2321 5693 2445 5748 Fuit
2469 5694 2560 5748 illa
2585 5695 2730 5764 regis
2755 5693 2954 5751 Silonis
2983 5693 3161 5749 vidua.

2261 5777 2283 5805 ε
2315 5757 2772 5838 Οοεηοεοεινᾷῡθί
2803 5765 3030 5838 FiliumL
3059 5771 3113 5818 et
3143 5763 3291 5820 illum
3326 5763 3593 5838 proﬁteri,
3631 5757 3758 5816 alte-

2187 5852 2310 5894 rum
2335 5837 2482 5893 enim
2503 5851 2573 5892 ex
2601 5835 2770 5893 altero
2798 5837 2971 5906 sequi.
2999 5835 3200 5892 Srevv.
