3952 6318
220 381 337 438 897

905 379 1185 438 HETERII
1221 379 1310 438 ET
1348 380 1408 438 S.
1447 382 1650 442 BEATI
1685 385 1779 444 AD
1812 385 2214 448 ELIPANDUM
2250 391 2469 450 EPIST.
2508 423 2580 437 -
2613 395 2741 453 LIB.
2781 399 2822 454 l.

3380 403 3486 462 898

220 490 584 554 divinitatem,
612 504 719 545 non
747 489 892 546 enim
935 491 1097 547 Petro
1131 507 1260 548 caro
1283 500 1338 548 et
1361 495 1579 567 sanguis
1602 496 1808 553 revela—
1835 503 1890 562 Α
1914 498 2164 571 clariﬁcet
2199 512 2268 558 te.
2320 505 2482 562 Pater
2521 508 2572 564 ei
2612 510 2779 566 dicit:
2832 509 3130 580 Clari/icavi
3151 555 3166 580 ,
3211 525 3259 570 et
3301 518 3491 576 iterum

220 591 376 638 verat
405 583 507 637 hoc
535 581 679 651 quod
705 582 873 638 dixit:
919 584 997 640 Tu
1030 604 1084 642 es
1113 587 1349 645 Christus
1370 589 1544 648 Filius
1567 593 1665 648 Dei
1692 596 1810 651 vivi.

220 673 389 744 Cujus
415 690 541 731 caro
569 682 624 731 et
651 677 913 748 sanguis?
945 678 1323 752 Nunquidnam
1361 684 1527 753 Petri,
1561 695 1621 742 ut
1645 688 1814 760 ipsius

223 785 358 825 caro
383 770 622 825 obstaret
655 780 708 825 et
733 774 951 843 sanguis
979 782 1039 830 ut
1075 775 1324 833 Christus
1351 777 1446 835 Dei
1471 778 1642 837 Filius
1669 782 1814 839 dice-

221 870 380 918 retur
399 862 423 916 ἳ
460 861 575 917 Non
598 861 774 932 plane,
804 866 899 921 sed
925 866 1092 936 ipsius
1111 868 1325 925 Domini
1349 887 1477 927 caro
1496 881 1551 927 et
1572 875 1810 946 sanguis.

217 950 284 1010 In
316 968 422 1022 qua
446 969 609 1009 carne
629 963 684 1008 et
709 957 986 1026 sanguine,
1024 959 1152 1015 dum
1191 960 1352 1018 homo
1396 964 1629 1031 videtur,
1669 968 1813 1036 quod

219 1054 597 1116 assumpserat
636 1046 798 1113 Deus,
851 1064 958 1105 non
1001 1053 1324 1109 credebatur
1355 1070 1472 1112 esse
1509 1058 1651 1126 quod
1674 1065 1811 1114 erat.

216 1135 561 1207 lmpossibile
590 1138 734 1192 enim
778 1141 1028 1199 omnibus
1056 1143 1340 1201 videbatur
1369 1155 1430 1202 ut
1474 1147 1644 1204 Deum
1691 1164 1812 1206 cre-

219 1227 416 1283 derent
463 1244 623 1299 quem
661 1230 935 1288 hominem
982 1234 1248 1292 viderent.
1300 1239 1368 1294 Et
1414 1248 1621 1296 tantam
1663 1242 1812 1298 illam

217 1320 582 1389 majestatem,
611 1323 666 1377 in
687 1339 791 1394 qua
817 1325 1018 1381 habitat
1042 1330 1208 1383 omnis
1228 1329 1498 1401 plenitudo
1524 1333 1813 1390 divinitatis

216 1414 582 1483 corporaliter,
618 1431 781 1485 quam
809 1415 924 1486 ipse
970 1435 1079 1475 non
1124 1421 1268 1491 capit
1316 1421 1568 1490 mundus,
1609 1425 1662 1478 in
1693 1441 1814 1482 cor-

216 1507 446 1575 pusculo
477 1508 743 1577 despecta:
771 1509 934 1564 etiam
967 1511 1215 1582 imaginis
1244 1514 1507 1571 inclusam
1546 1516 1652 1571 ait:
1694 1517 1811 1574 Non

217 1597 341 1653 haec
377 1615 504 1655 caro
553 1617 670 1657 mea
713 1611 769 1656 et
818 1604 1040 1674 sanguis
1069 1605 1166 1660 tibi
1209 1621 1330 1662 esse
1367 1623 1451 1663 me
1495 1609 1591 1663 Dei
1617 1609 1811 1665 Filium

218 1691 619 1756 revelaverunt,
652 1694 776 1764 quia
804 1695 907 1749 ista
934 1711 1020 1751 me
1047 1695 1252 1768 [Forte,
1277 1698 1440 1771 mea],
1474 1700 1528 1754 id
1554 1708 1656 1767 est,
1685 1716 1812 1756 caro

216 1803 362 1850 mea,
411 1796 466 1843 et
511 1790 733 1860 sanguis
763 1805 868 1845 non
904 1791 1222 1860 promittunt
1259 1793 1356 1848 Dei
1400 1793 1595 1849 Filium
1640 1795 1809 1851 credi.

217 1879 463 1950 Denique
492 1890 545 1935 et
577 1853 835 1952 propheta
871 1853 985 1950 jam
1027 1883 1274 1938 dixerat:
1317 1884 1387 1938 Et
1431 1885 1585 1940 homo
1616 1896 1712 1954 est,
1763 1895 1813 1942 et
1841 1853 1886 1914 Β

214 1975 336 2044 quis
365 1977 598 2045 agnoscit
637 1993 755 2030 eum
783 1975 918 2045 (lsa.
951 1993 1068 2042 un,
1094 1977 1413 2048 5)?Aperte
1443 1994 1573 2050 ergo
1619 1980 1697 2034 illi
1731 1995 1816 2036 se-

214 2068 460 2122 cundum
489 2068 703 2124 oculum
739 2066 1062 2137 judicantes,
1095 2085 1182 2126 me
1216 2079 1310 2125 aut
1345 2071 1517 2126 Eliam
1563 2082 1657 2127 aut
1683 2089 1811 2143 pro-

213 2159 468 2228 phetam,
497 2169 589 2215 aut
629 2177 795 2215 unum
825 2160 1058 2230 aliquem
1088 2161 1153 2216 de
1184 2162 1464 2232 prophetis
1498 2163 1810 2234 loquuntur,

213 2252 358 2322 quia
376 2267 465 2307 me
488 2253 755 2308 hominem
780 2254 927 2310 omni
951 2253 1139 2309 habitu
1159 2255 1340 2310 carnis
1364 2263 1683 2327 agnoscunt.
1706 2256 1813 2314 Sed

213 2345 323 2398 tibi
349 2345 579 2400 reuelauit
617 2345 775 2400 Pater
801 2363 947 2400 meus
974 2347 1064 2418 qui
1091 2347 1148 2400 in
1173 2347 1312 2402 caelis
1341 2359 1436 2402 est.

300 2438 364 2492 V.
416 2437 636 2505 Quando
687 2439 988 2494 revelavit?
1035 2439 1152 2507 Quo
1201 2449 1446 2511 tempore
1496 2441 1637 2499 Deus
1690 2458 1814 2499 cum

212 2529 388 2585 Petro
411 2529 621 2585 locutus
644 2531 769 2585 est?
808 2529 1068 2586 Reuelauit
1094 2531 1208 2597 tibi,
1248 2533 1442 2602 inquit,
1472 2533 1633 2588 Pater
1668 2551 1813 2590 meus

213 2624 310 2694 qui
337 2623 392 2676 in
416 2621 557 2677 cclis
585 2631 678 2676 est.
709 2622 789 2678 Ac
813 2622 861 2676 si
891 2631 1076 2693 aperte
1106 2623 1344 2679 diceret:
1384 2623 1650 2694 Operibus
1691 2638 1813 2680 cre-

1913 589 2233 663 clariﬁcabo.
2258 595 2422 653 Pater
2441 600 2661 667 veritas,
2685 603 2808 672 quia
2829 604 3154 662 testiﬁcatur
3171 609 3487 679 veritatem;

1913 681 2110 738 clamat
2134 685 2381 756 veritati,
2421 690 2488 746 de
2523 707 2631 762 quo
2656 702 2741 749 est
2779 694 2892 766 ipse
2931 696 3152 753 veritas.
3198 698 3495 770 Respondit

1913 775 2116 832 veritas
2141 779 2377 848 veritati,
2409 783 2502 853 qui
2539 784 2593 840 in
2629 785 2772 842 hunc
2805 788 3063 844 mundum
3091 805 3198 846 non
3227 791 3363 858 sibi,
3400 794 3496 869 sed

1913 867 2070 922 nobis
2093 869 2242 925 misit
2267 872 2408 929 hanc
2429 875 2733 932 veritatem.
2762 879 2924 935 Venit
2947 880 3150 938 veritas
3174 882 3243 938 ad
3269 867 3492 942 menda-

1911 975 2042 1017 ces:
2081 969 2137 1018 et
2170 973 2424 1034 putamus
2463 971 2607 1038 quod
2649 986 2768 1027 eam
2799 987 3083 1042 possumus
3125 973 3335 1041 facere,
3386 993 3496 1034 non

1912 1054 2202 1122 credendo,
2229 1059 2582 1115 mendacem?

1984 1142 2093 1198 VII.
2128 1144 2340 1202 Veritas
2380 1147 2512 1205 dicit
2547 1165 2646 1221 per
2682 1167 2745 1210 os
2787 1155 2971 1212 carnis
3013 1172 3157 1214 suae:
3188 1155 3363 1215 Filius
3384 1159 3497 1216 Dei

1910 1250 2046 1289 sum.
2079 1236 2166 1303 Et,
2197 1241 2287 1309 qui
2318 1251 2468 1312 negat
2507 1251 2608 1310 me,
2635 1255 2787 1316 negat
2831 1264 2950 1301 eum
2989 1250 3079 1320 qui
3119 1267 3202 1305 me
3227 1252 3387 1306 misit.
3431 1251 3499 1306 Et

1910 1335 2201 1393 praesumet
2245 1329 2438 1400 aliquis
2492 1332 2596 1388 hoc
2646 1333 2995 1406 Evangelium
3047 1340 3375 1395 dissolvere?
3413 1341 3497 1394 An

1912 1431 1979 1471 ex
2009 1426 2160 1487 parte
2185 1429 2397 1490 oportet
2427 1425 2648 1480 credere
2687 1426 2994 1496 Evangelio,
3032 1437 3085 1484 et
3115 1446 3178 1486 ex
3207 1441 3358 1501 parte
3390 1448 3497 1486 non

1913 1508 2173 1562 credere?
2212 1509 2313 1576 Qui
2337 1527 2444 1568 non
2467 1514 2639 1569 credit
2665 1515 2972 1588 Evangelio,
3005 1535 3110 1574 non
3141 1521 3313 1576 credit
3339 1520 3495 1586 Filio,

1913 1595 2066 1664 cujus
2099 1607 2180 1653 est
2204 1599 2574 1673 Evangelium.
2610 1604 2677 1658 Et
2720 1607 2812 1675 qui
2856 1623 2962 1662 non
2987 1610 3158 1664 credit
3182 1609 3349 1676 Filio,
3391 1627 3500 1667 non

1913 1690 2084 1744 credit
2107 1690 2273 1756 Patri,
2305 1693 2397 1762 qui
2421 1695 2566 1749 misit
2592 1695 2762 1751 illum.
2791 1697 2978 1768 Neque
3001 1701 3144 1755 enim
3176 1717 3355 1772 regem
3382 1702 3502 1757 (lili-

1913 1777 2107 1848 gimus,
2137 1781 2183 1836 si
2212 1780 2330 1850 ejus
2354 1783 2500 1855 leges
2526 1786 2649 1841 odio
2674 1787 2957 1845 habemus.
2986 1790 3088 1858 Qui
3116 1791 3265 1846 Patri
3288 1801 3342 1847 et
3364 1791 3500 1848 Filio

1914 1869 2016 1925 ista
2042 1872 2239 1928 dicenti
2263 1891 2369 1930 non
2397 1877 2590 1943 credit,
2629 1880 2860 1935 mendax
2885 1891 2987 1947 est,
3013 1882 3138 1952 quia
3159 1883 3326 1938 Deum
3349 1891 3504 1952 putat

1913 1979 2034 2022 esse
2064 1969 2370 2023 mentitum.
2402 1969 2459 2024 Si
2491 1971 2594 2026 viri
2619 1973 2747 2027 boni
2776 1974 3033 2039 dicerent,
3086 1975 3238 2032 nefas
3274 1989 3501 2046 putare-

1914 2074 2036 2114 mus
2060 2073 2308 2114 essenon
2344 2061 2585 2117 credere.
2634 2063 2776 2120 Deus
2815 2067 3029 2131 asserit,
3078 2069 3270 2136 probat
3312 2068 3500 2134 Filius,

1915 2159 2154 2224 tremens
2180 2159 2325 2207 terra
2355 2162 2620 2210 testatur:
2662 2156 2874 2212 inferna
2905 2161 3148 2228 captivos
3194 2161 3497 2226 absolvunt,

1914 2244 2084 2298 maria
2104 2244 2379 2311 obediunt,
2401 2246 2667 2302 elementa
2688 2250 2948 2317 serviunt,
2965 2261 3135 2320 petra:
3157 2252 3496 2316 scinduntur,

1913 2337 1994 2392 sol
2025 2338 2368 2404 obscuratur,
2415 2347 2470 2394 et
2515 2340 2818 2409 haereticus,
2861 2358 2984 2399 cum
3018 2351 3161 2400 esset
3197 2345 3500 2411 rationalis,

1913 2429 2083 2486 ﬁlium
2108 2431 2345 2503 Virginis
2371 2448 2479 2489 non
2506 2449 2627 2491 esse
2651 2436 2746 2492 Dei
2771 2436 2968 2492 Filium
2995 2440 3291 2494 causatur?

1986 2521 2116 2576 Vlll.
2144 2522 2275 2589 Quis
2299 2533 2382 2578 est
2408 2525 2502 2579 Dei
2527 2524 2716 2593 Filius,
2757 2527 2860 2583 nisi
2907 2526 3094 2596 Jesus,
3144 2545 3304 2599 quem
3351 2530 3503 2600 virgo

1914 2616 2122 2685 peperit
2148 2616 2352 2672 Maria?
2384 2617 2566 2688 ipsum
2594 2621 2748 2676 nobis
2773 2623 3022 2690 promisit
3054 2639 3154 2694 per
3180 2625 3502 2694 Prophetam

217 2713 429 2778 didisti,
457 2729 576 2784 quae
616 2729 702 2768 me
739 2713 1032 2784 loquuntur
1078 2713 1276 2770 Filium
1321 2715 1438 2771 Dei.
1490 2717 1683 2772 Vidisti
1728 2731 1815 2773 me
1915 2704 2095 2771 Pater,
2129 2707 2351 2763 dicens:
2392 2708 2724 2765 Revelabitur
2765 2714 2901 2767 enim
2946 2714 3087 2769 vobis
3138 2713 3314 2770 Filius
3359 2732 3507 2772 meus

220 2811 466 2858 mortuos
493 2805 776 2871 suscitare,
809 2820 981 2860 caecos
1019 2805 1343 2873 illuminare,
1394 2808 1588 2863 surdos
1635 2808 1816 2865 facere
1915 2799 2071 2854 188148
2117 2799 2280 2871 (ιιιοο
2311 2818 2351 2867 1,
2405 2801 2528 2872 51)-
2575 2803 2690 2859 Hoc
2719 2820 2913 2862 nomen
2947 2815 3002 2863 et
3033 2807 3256 2878 angelus
3300 2807 3509 2880 Virgini

226 2897 416 2952 θυᾶιιε
459 2907 514 2952 ει
557 2906 735 2954 mutos
773 2898 953 2968 loqui,
997 2916 1158 2970 super
1199 2916 1368 2971 aquas
1397 2901 1543 2958 sicco
1584 2903 1815 2974 vestigio
1915 2892 2224 2948 nuntiavit:
2276 2890 2515 2960 Vocabis,
2562 2896 2750 2966 inquit,
2783 2915 2969 2953 nomen
3011 2899 3125 2970 ejus
3168 2900 3394 2957 Iesum:
3422 2901 3509 2958 hic

221 2989 536 3055 ambulare,
568 2991 744 3045 νεηιίε
789 2990 1077 3061 imperare,
1124 2992 1368 3049 inﬁrmos
1407 2996 1571 3050 νει-δο
1598 3011 1812 3051 sanare,
1915 2983 2016 3036 erit
2059 2999 2300 3054 magnus,
2341 2995 2390 3039 et
2433 2984 2607 3040 Filius
2637 2987 2897 3042 Altissimi
2934 2990 3219 3044 vocabitur.
3252 2990 3511 3047 Potuerat

221 3079 324 3135 uis
356 3082 607 3151 operibus
635 3083 930 3150 credidisti,
981 3100 1100 3154 qua;
1147 3101 1234 3141 me
1278 3086 1573 3155 ιορυυηιυι-
1617 3087 1815 3142 Filium
1919 3075 2099 3132 dicere
2148 3088 2294 3144 tunc,
2343 3081 2388 3134 si
2431 3097 2617 3136 verum
2660 3090 2803 3138 esset
2839 3084 2983 3152 quod
3013 3085 3234 3141 dicitis:
3276 3088 3511 3144 Vocetur

221 3173 344 3228 Dei.
387 3173 521 3230 Nam
564 3186 618 3230 et
657 3176 732 3230 illi
781 3191 865 3232 me
910 3177 1013 3232 ista
1061 3178 1240 3234 facere
1281 3181 1550 3247 viderunt,
1598 3182 1690 3251 qui
1730 3197 1816 3238 me
1843 3219 1893 3285 ο
1917 3163 2073 3222 Jews
2101 3169 2384 3285 θάλοριξγυε
2565 3170 2828 3285 θηίδείῐτξιί
2853 3174 3205 3285 humanitati?»
3233 3187 3287 3232 ει
3311 3194 3508 3285 Ecqui“

222 3283 396 3323 unum
423 3285 489 3324 ex
508 3271 785 3340 prophetis
807 3280 1285 3341 nuncupaverunt:
1309 3273 1435 3342 quia
1455 3289 1645 3330 omnes
1667 3291 1820 3330 mea-
1844 3260 1893 3285 ν
1923 3272 2084 3327 quam
2119 3260 2402 3329 ad0ptivus
2431 3263 2731 3319 divinitate.
2760 3264 3015 3320 Potuerat
3039 3276 3093 3321 et
3127 3268 3268 3325 ﬁlius
3293 3271 3503 3326 dicere:

224 3362 445 3417 dacium
474 3362 745 3428 dixerunt,
770 3363 895 3432 quia
916 3364 982 3418 de
1008 3379 1107 3420 suo
1136 3365 1403 3428 dixerunt,
1437 3381 1544 3420 non
1570 3366 1636 3420 de
1661 3365 1819 3421 Patre

1924 3348 2015 3403 Sic
2043 3349 2226 3404 dilexit
2250 3350 2390 3406 Deus
2417 3353 2690 3420 mundum,
2715 3365 2773 3410 ut
2805 3356 2996 3412 Filium
3018 3374 3173 3414 suum
3198 3362 3506 3431 adOptivum

222 3451 529 3509 mvelatum
557 3453 879 3509 habuerunt.
907 3451 1009 3520 Qui
1029 3454 1173 3509 enim
1199 3454 1263 3508 de
1282 3471 1377 3509 suo
1404 3453 1655 3526 loquitur,
1679 3472 1823 3510 men-

221 3545 443 3600 dacium
484 3545 745 3616 loquitur:
775 3547 900 3616 quia
937 3546 1151 3616 qualem
1202 3560 1288 3600 me
1327 3547 1494 3613 videt,
1543 3547 1704 3603 talem
1736 3563 1824 3602 me

222 3646 390 3708 putat
417 3653 557 3692 esse.
589 3636 692 3703 Qui
727 3638 870 3693 enim
891 3637 957 3692 de
981 3637 1144 3692 Patre
1169 3638 1338 3703 audit,
1363 3639 1650 3694 veritatem
1671 3639 1820 3706 dicit,

223 3729 361 3799 quia
388 3727 456 3783 de
481 3730 710 3785 veritate
734 3730 938 3794 haurit,
971 3737 1024 3784 ct
1061 3731 1126 3785 de
1154 3731 1381 3785 veritate
1412 3732 1695 3788 certiﬂcat.

309 3819 392 3874 Vl.
431 3819 571 3887 Quid
605 3830 690 3876 est
732 3821 977 3875 veritas?
1019 3819 1095 3874 Tu
1134 3837 1186 3875 es
1224 3820 1462 3876 Christus
1510 3821 1681 3876 Filius
1726 3822 1824 3876 Dei

220 3912 352 3966 viri.
384 3911 501 3981 Ipse
533 3912 675 3966 enim
699 3912 948 3967 Christus
979 3911 1082 3966 hoc
1107 3911 1242 3966 dixit
1269 3929 1282 3965 :
1325 3912 1437 3983 Ego
1468 3930 1582 3966 sum
1611 3915 1710 3978 via,
1744 3931 1826 3968 ve-

1923 3440 2074 3496 daret
2105 3442 2156 3496 in
2184 3443 2401 3509 mundo,
2433 3455 2487 3499 ut
2518 3448 2685 3501 omnis
2712 3450 2802 3519 qui
2855 3451 3131 3504 crediderit
3159 3453 3213 3506 in
3236 3469 3374 3517 eum,
3405 3472 3506 3509 non

1921 3543 2117 3603 pereat.
2141 3535 2209 3588 Et
2235 3537 2420 3607 utique
2444 3538 2632 3594 missio
2657 3539 2774 3608 ejus
2799 3541 2959 3596 homo
2984 3550 3066 3596 est
3087 3561 3100 3596 :
3125 3551 3179 3596 et
3207 3544 3339 3598 nihil
3365 3545 3508 3601 aliud

1922 3633 2215 3694 potuerunt
2245 3629 2299 3682 in
2347 3644 2414 3684 eo
2459 3631 2642 3684 videre
2693 3631 2956 3687 increduli
2992 3634 3082 3702 qui
3129 3649 3252 3689 eum
3298 3636 3509 3691 cruciﬁ-

1924 3720 2120 3772 xcfhnt
2153 3721 2257 3774 nisi
2285 3729 2490 3776 tantum
2522 3724 2816 3780 hominem.
2844 3725 3056 3781 Etcum
3084 3727 3357 3785 hominem
3382 3745 3505 3785 cru—

1924 3808 2230 3876 ciﬁxerunt,
2258 3810 2452 3866 Filium
2477 3814 2572 3869 Dei
2596 3816 3002 3883 cruciﬁxerunt,
3028 3818 3194 3874 Deum
3224 3821 3509 3877 cruciﬁxe-

1925 3908 2073 3953 runt.
2104 3899 2210 3956 Pro
2237 3918 2322 3957 me
2351 3919 2543 3973 passus
2567 3915 2652 3960 est
2672 3905 2814 3962 Deus
2849 3922 3021 3975 meus,
3051 3924 3147 3981 pro
3176 3925 3263 3965 me
3289 3912 3506 3967 cruciﬁ-

223 4005 366 4065 titus
390 4014 437 4057 et
459 4005 582 4057 vita.
620 4003 737 4058 Non
765 4005 910 4059 enim
933 4019 1031 4058 nos
1061 4003 1423 4068 interfuimus,
1463 4021 1584 4058 cum
1606 4019 1637 4057 a
1664 4003 1819 4058 Patre

1924 4007 2025 4046 xus
2051 4000 2134 4047 est
2157 3993 2298 4049 Deus
2329 4011 2500 4051 meus.
2532 3997 2600 4050 Et
2631 3997 2757 4067 quid
2785 3999 2906 4056 dico
2924 4016 3024 4070 pro
3046 4003 3174 4058 me?
3197 4002 3304 4059 Pro
3336 4003 3507 4060 omni-

224 4097 335 4151 Dei
364 4095 525 4152 Filius
565 4098 854 4154 diceretur.
889 4096 1046 4151 Solus
1081 4096 1245 4150 Pater
1274 4097 1443 4150 dixit:
1485 4095 1588 4148 Hic
1624 4105 1697 4149 est
1729 4094 1819 4149 Fi-

1925 4082 2026 4136 bus
2053 4097 2245 4152 passus
2270 4093 2354 4140 est
2386 4086 2526 4142 Deus
2559 4098 2763 4143 noster.
2810 4090 3061 4148 Dicamus
3105 4108 3270 4164 ergo:
3313 4095 3504 4166 Surge,

223 4186 344 4240 lius
371 4202 512 4240 meus
531 4187 766 4251 dilectus,
797 4189 851 4264 in
877 4203 979 4257 quo
1000 4187 1128 4239 mihi
1153 4186 1275 4240 bene
1299 4184 1626 4256 complacui:
1653 4187 1824 4256 ipsum
1926 4170 2086 4237 De“,
2117 4175 2307 4244 Ῑαάίεα
2349 4186 2560 4231 “mim-
2593 4178 2690 4233 Cui
2724 4180 2833 4234 De“
2868 4182 3086 4248 diem",
3119 4201 3293 4255 ⁸⁸⁷9⁸»
3325 4186 3430 4240 ηίδί
3461 4186 3509 4242 εί

221 4281 418 4334 audite
448 4281 612 4334 omnis
653 4281 850 4334 anima.
881 4278 1016 4333 Nam
1056 4293 1178 4334 cum
1225 4279 1393 4332 omnis
1439 4279 1616 4332 anima
1665 4278 1822 4345 dixit,

219 4369 394 4427 nobis
418 4372 666 4426 omnibus
695 4371 852 4426 dixit.
877 4370 1068 4426 Omnis
1095 4369 1238 4424 enim
1266 4371 1446 4424 anima
1469 4370 1648 4426 omnis
1664 4371 1826 4426 homo

223 4463 455 4527 dicitur,
487 4462 628 4518 sicut
648 4471 731 4518 est
761 4463 890 4517 illud
921 4462 974 4516 in
1005 4460 1233 4517 Genesi:
1268 4459 1613 4532 Septuaginta
1635 4463 1826 4517 anima:

223 4557 485 4626 ingressa:
511 4565 629 4610 sunt
659 4559 716 4610 in
744 4555 1034 4627 :Egyptum
1058 4571 1175 4609 cum
1196 4554 1382 4609 Jacob.
1411 4553 1516 4608 Per
1541 4561 1620 4609 tot
1651 4555 1824 4610 homi—
1850 4577 1905 4640 ι)

225 4663 333 4703 nes
376 4647 538 4704 Pater
564 4649 762 4702 clamat
788 4648 856 4703 de
880 4648 1018 4703 caelo
1053 4647 1207 4702 nobis
1236 4646 1289 4700 in
1319 4656 1464 4701 terra
1494 4647 1818 4712 hominibus,

226 4751 296 4798 ut
318 4740 519 4796 Filium
549 4757 707 4797 suum
738 4742 1041 4796 audiamus.
1073 4740 1368 4796 Credamus
1393 4740 1464 4804 ei,
1492 4747 1547 4795 et
1568 4740 1826 4809 praedice-

225 4847 360 4886 mus
401 4847 524 4886 eum
567 4846 751 4886 coram
789 4831 1124 4895 hominibus,
1170 4830 1446 4900 proprium
1476 4844 1596 4885 esse
1629 4829 1823 4885 Filium

227 4923 356 4977 Dei.
395 4921 531 4988 Quid
569 4922 747 4992 primo
771 4921 1125 4977 dubitamus?
1163 4920 1223 4976 Si
1251 4921 1362 4977 Deo
1396 4937 1504 4976 non
1531 4921 1822 4988 credimus,

227 5015 321 5069 cui
351 5014 668 5069 credimus?
693 5013 874 5069 omnia
918 5014 1064 5069 enim
1107 5029 1227 5083 qua:
1268 5013 1570 5078 credimus,
1599 5013 1685 5069 vel
1711 5014 1826 5068 visu

229 5104 534 5170 credimus,
565 5104 649 5160 vel
683 5105 891 5160 auditu.
919 5104 1080 5160 Visus
1104 5104 1397 5174 aliquando
1425 5104 1647 5171 fallitur,
1678 5105 1829 5161 audi-

231 5208 329 5254 tus
366 5207 547 5253 tamen
600 5198 656 5252 in
687 5198 792 5254 ﬁde
833 5207 936 5254 est.
989 5195 1231 5252 Fuerunt
1273 5204 1402 5252 tunc
1431 5197 1521 5266 qui
1555 5195 1826 5251 Christum

232 5289 516 5353 viderunt,
554 5296 608 5344 et
635 5287 1017 5355 crediderunt;
1060 5287 1276 5344 fuerunt
1317 5287 1410 5358 qui
1455 5287 1734 5351 viderunt,
1776 5295 1830 5341 et

234 5399 351 5440 non
375 5382 739 5439 crediderunt.
769 5382 907 5437 Sunt
931 5397 1073 5437 nunc
1094 5382 1184 5450 qui
1207 5379 1558 5450 Evangelium
1583 5377 1827 5446 audiunt,

230 5483 297 5531 ct
328 5473 607 5530 Christum
633 5488 815 5530 coram
836 5473 1144 5528 hominibus
1170 5471 1266 5526 Dei
1292 5470 1486 5524 Filium
1511 5467 1829 5524 cruciﬁxum

233 5569 606 5633 conﬁtentur;
642 5575 698 5622 et
721 5575 866 5631 sunt,
894 5566 985 5636 qui
1015 5581 1140 5620 eum
1161 5564 1254 5618 Dei
1282 5563 1480 5617 Filium
1511 5576 1692 5617 coram
1715 5575 1831 5616 om-

237 5663 410 5721 nibus
429 5675 535 5715 non
553 5674 673 5714 esse
697 5657 1048 5714 contendunt.
1070 5655 1321 5712 Intonant
1342 5654 1638 5725 prephetze,
1660 5652 1831 5710 Evan-

239 5758 447 5829 genum
471 5753 686 5815 clamat,
715 5760 770 5807 et
804 5751 942 5807 idem
970 5750 1136 5805 Filius
1167 5765 1264 5820 per
1287 5747 1635 5819 Evangelium
1673 5761 1828 5802 suum

240 5846 416 5903 dicit:
461 5843 639 5910 Pater,
677 5839 913 5913 clariﬁca
945 5841 1142 5898 Filium
1171 5850 1349 5908 tuum,
1395 5848 1451 5895 ut
1493 5837 1666 5895 Filius
1705 5847 1829 5894 tuus

1925 4264 2015 4332 qui
2044 4275 2288 4320 mortuus
2323 4268 2448 4320 est?
2483 4267 2582 4322 Cui
2632 4269 2742 4324 Deo
2775 4268 3012 4325 dicitur:
3053 4272 3247 4326 Judica
3293 4283 3507 4340 terram,

1925 4354 2030 4408 nisi
2060 4355 2108 4408 ei
2139 4357 2231 4424 qui
2260 4371 2289 4411 a
2317 4355 2515 4413 Judaais
2538 4357 2812 4426 jud.catus
2835 4362 2962 4416 est?
3001 4362 3190 4432 Surge,
3215 4363 3375 4430 Deus,
3409 4364 3508 4434 ju-

1925 4441 2045 4497 dica
2093 4454 2319 4512 terram,
2349 4448 2440 4517 qui
2477 4447 2751 4517 judicatus
2791 4466 2850 4506 es
2897 4467 2927 4504 a
2955 4459 3120 4505 terra.
3168 4451 3318 4507 Unde
3365 4464 3419 4507 et
3455 4454 3506 4507 in

1926 4536 2133 4604 psalmo
2152 4554 2318 4592 Lxxxt
2339 4539 2562 4594 dicitur:
2591 4541 2728 4596 Deus
2751 4543 2888 4596 stetit
2912 4543 2966 4594 in
2985 4559 3248 4612 synagoga
3269 4541 3506 4610 deorum,

1925 4625 1981 4678 in
2006 4625 2175 4680 medio
2197 4637 2369 4682 autem
2391 4627 2513 4683 deos
2540 4630 2807 4685 discernit.
2837 4631 2903 4684 Et
2925 4631 3111 4700 utique
3137 4631 3227 4699 qui
3250 4631 3380 4686 deos
3408 4632 3511 4686 dis-

1925 4719 2118 4784 cernit,
2144 4719 2285 4775 Deus
2307 4729 2408 4776 est.
2438 4722 2502 4775 Et
2522 4739 2628 4778 non
2648 4732 2732 4778 est
2755 4724 2895 4778 Deus
2918 4723 3061 4777 inter
3087 4724 3234 4790 deos,
3259 4732 3319 4777 ut
3340 4725 3511 4779 haere-

1926 4811 2018 4867 tici
2059 4821 2327 4879 asserunt,
2375 4815 2468 4868 sed
2499 4814 2640 4868 Deus
2674 4815 2896 4869 deorum
2923 4821 3025 4868 est.
3067 4813 3158 4868 llle
3195 4813 3286 4882 qui
3333 4813 3506 4869 dixit:

1925 4901 2039 4975 Ego
2064 4904 2212 4959 dixi:
2237 4905 2327 4960 Dii
2352 4908 2495 4972 estis,
2523 4916 2571 4959 et
2600 4906 2700 4976 ﬁlii
2730 4905 2939 4960 Excelsi
2958 4947 2973 4971 ,
3004 4907 3116 4976 ipse
3142 4915 3224 4961 cst
3251 4905 3394 4962 Deus
3416 4920 3512 4962 ex-

1926 4997 2104 5053 celsus
2131 4981 2272 5054 ﬁlius
2303 4999 2558 5070 Virginis,
2593 4999 2659 5054 de
2684 5015 2791 5070 quo
2827 5000 3093 5068 Propheta
3113 4997 3226 5067 jam
3259 5001 3505 5056 dixerat:

1926 5087 2064 5142 Ecce
2089 5088 2228 5144 Deus
2253 5088 2486 5144 excelsus
2507 5091 2565 5143 in
2590 5090 2897 5159 fortitudine
2921 5107 3020 5144 sua
3040 5091 3224 5157 veniet,
3256 5101 3304 5145 et
3332 5090 3507 5146 nullus

1927 5182 1974 5235 ei
2007 5183 2214 5237 similis.
2247 5182 2350 5249 Qui
2373 5185 2557 5253 poterit
2580 5184 2806 5237 scrutari
2831 5184 2940 5238 vias
2969 5184 3082 5254 ejus
3113 5183 3246 5255 (lsa.
3271 5199 3360 5249 ιι,
3386 5181 3510 5255 10)?

1929 5279 2122 5328 cuncta
2144 5273 2528 5330 considerans:
2570 5283 2625 5329 et
2661 5289 2856 5329 nomen
2895 5273 3010 5344 ejus
3059 5289 3220 5344 supra
3249 5273 3508 5329 terminos

1930 5373 2106 5420 terrae.
2157 5365 2274 5435 Ipse
2318 5373 2401 5420 est
2444 5365 2704 5420 Dominus
2750 5365 3108 5433 dominorum,
3135 5365 3227 5435 qui
3255 5371 3338 5420 est
3367 5364 3508 5418 Deus

1930 5459 2173 5514 deorum.
2203 5456 2271 5511 Et
2297 5457 2438 5513 sicut
2459 5471 2565 5512 non
2589 5457 2656 5513 de
2685 5457 2788 5513 diis
2809 5456 2994 5512 multis
3022 5465 3127 5522 est,
3151 5455 3224 5510 ita
3248 5468 3424 5524 neque
3441 5452 3508 5509 de

1931 5550 2163 5607 dominis
2201 5549 2404 5616 multis,
2433 5551 2527 5606 sed
2568 5566 2708 5607 unus
2752 5550 3012 5606 Dominus
3049 5550 3212 5613 Deus,
3253 5543 3509 5617 Apostolo

1931 5651 2238 5707 attestante,
2277 5642 2368 5712 qui
2413 5642 2527 5697 ait:
2572 5642 2766 5698 Nullus
2803 5642 2964 5711 Deus,
3014 5642 3116 5696 nisi
3159 5656 3313 5694 unus.
3364 5636 3506 5691 Nam

1930 5743 1976 5798 si
2002 5719 2128 5797 sunt
2157 5741 2244 5811 qui
2270 5739 2515 5794 dicantur
2559 5738 2664 5804 dii,
2707 5739 2812 5794 sive
2843 5739 2898 5793 in
2923 5737 3076 5802 caelo,
3112 5736 3217 5789 sive
3263 5734 3504 5794 interra,

1930 5837 2184 5904 siquidem
2207 5843 2326 5892 sunt
2353 5833 2426 5887 dii
2448 5831 2616 5898 multi,
2644 5841 2692 5888 et
2721 5832 2918 5886 domini
2944 5827 3126 5884 multi:
3168 5824 3312 5880 nobis
3333 5830 3506 5877 autem
