  <div class='ocr_page' id='page_1' title='image "/cluster/home/n/w/nwhite01/storage/ocr_20150623/96/hvd.32044015471204/455.png"; bbox 0 0 3952 6318; ppageno 0'>
   <div class='ocr_carea' id='block_1_1' title="bbox 433 307 538 370">
    <p class='ocr_par' dir='ltr' id='par_1_1' title="bbox 433 307 538 370">
     <span class='ocr_line' id='line_1_1' title="bbox 433 307 538 370; baseline 0 0"><span class='ocrx_word' id='word_1_1' title='bbox 433 307 538 370; x_wconf 80' lang='lat'><strong>899</strong></span> 
     </span>
    </p>
   </div>
   <div class='ocr_carea' id='block_1_2' title="bbox 1292 301 2924 378">
    <p class='ocr_par' dir='ltr' id='par_1_2' title="bbox 1292 301 2924 378">
     <span class='ocr_line' id='line_1_2' title="bbox 1292 301 2924 378; baseline 0 -9"><span class='ocrx_word' id='word_1_2' title='bbox 1292 304 1704 378; x_wconf 77' lang='lat' dir='ltr'><strong>ELIPANDUS,</strong></span> <span class='ocrx_word' id='word_1_3' title='bbox 1744 303 1990 378; x_wconf 57' lang='lat' dir='ltr'><strong>FELIX,</strong></span> <span class='ocrx_word' id='word_1_4' title='bbox 2012 301 2362 375; x_wconf 51' lang='lat' dir='ltr'><strong>aramus</strong></span> <span class='ocrx_word' id='word_1_5' title='bbox 2396 305 2488 366; x_wconf 75' lang='grc' dir='ltr'><strong>ΕΤ</strong></span> <span class='ocrx_word' id='word_1_6' title='bbox 2527 304 2586 368; x_wconf 72' lang='grc' dir='ltr'><strong>Β.</strong></span> <span class='ocrx_word' id='word_1_7' title='bbox 2623 301 2924 369; x_wconf 73' lang='lat' dir='ltr'><strong>BEATUS.</strong></span> 
     </span>
    </p>
   </div>
   <div class='ocr_carea' id='block_1_3' title="bbox 435 421 3737 498">
    <p class='ocr_par' dir='ltr' id='par_1_3' title="bbox 435 421 3737 498">
     <span class='ocr_line' id='line_1_3' title="bbox 435 421 3737 498; baseline -0.001 -15"><span class='ocrx_word' id='word_1_8' title='bbox 435 445 570 483; x_wconf 89' lang='lat' dir='ltr'><strong>unus</strong></span> <span class='ocrx_word' id='word_1_9' title='bbox 599 426 742 482; x_wconf 91' lang='lat' dir='ltr'><strong>Deus</strong></span> <span class='ocrx_word' id='word_1_10' title='bbox 779 425 962 493; x_wconf 86' lang='lat' dir='ltr'><strong>Pater,</strong></span> <span class='ocrx_word' id='word_1_11' title='bbox 985 441 1052 482; x_wconf 78' lang='lat' dir='ltr'><strong>ea:</strong></span> <span class='ocrx_word' id='word_1_12' title='bbox 1073 442 1176 498; x_wconf 83' lang='lat' dir='ltr'><strong>quo</strong></span> <span class='ocrx_word' id='word_1_13' title='bbox 1203 427 1398 492; x_wconf 82' lang='lat' dir='ltr'><strong>omnia,</strong></span> <span class='ocrx_word' id='word_1_14' title='bbox 1423 435 1470 482; x_wconf 92' lang='lat' dir='ltr'><strong><em>et</em></strong></span> <span class='ocrx_word' id='word_1_15' title='bbox 1506 443 1598 484; x_wconf 81' lang='lat' dir='ltr'><strong>nos</strong></span> <span class='ocrx_word' id='word_1_16' title='bbox 1628 441 1720 497; x_wconf 90' lang='lat' dir='ltr'><strong>per</strong></span> <span class='ocrx_word' id='word_1_17' title='bbox 1749 423 1903 488; x_wconf 65' lang='lat' dir='ltr'><strong>illum</strong></span> <span class='ocrx_word' id='word_1_18' title='bbox 1921 438 1942 478; x_wconf 89' lang='lat'><strong><em>:</em></strong></span> <span class='ocrx_word' id='word_1_19' title='bbox 1966 428 2015 478; x_wconf 85' lang='lat' dir='ltr'><strong>et</strong></span> <span class='ocrx_word' id='word_1_20' title='bbox 2039 427 2094 489; x_wconf 72' lang='grc' dir='ltr'><strong>Δ</strong></span> <span class='ocrx_word' id='word_1_21' title='bbox 2119 421 2299 488; x_wconf 74' lang='lat' dir='ltr'><strong>stium,</strong></span> <span class='ocrx_word' id='word_1_22' title='bbox 2325 428 2374 478; x_wconf 81' lang='lat' dir='ltr'><strong>et</strong></span> <span class='ocrx_word' id='word_1_23' title='bbox 2395 423 2739 488; x_wconf 74' lang='lat' dir='ltr'><strong>terrestrium,</strong></span> <span class='ocrx_word' id='word_1_24' title='bbox 2767 433 2821 478; x_wconf 80' lang='lat' dir='ltr'><strong>et</strong></span> <span class='ocrx_word' id='word_1_25' title='bbox 2847 424 3177 496; x_wconf 64' lang='lat' dir='ltr'><strong>infernarum</strong></span> <span class='ocrx_word' id='word_1_26' title='bbox 3194 440 3216 480; x_wconf 88' lang='lat'><strong><em>:</em></strong></span> <span class='ocrx_word' id='word_1_27' title='bbox 3241 427 3291 480; x_wconf 74' lang='lat' dir='ltr'><strong>et</strong></span> <span class='ocrx_word' id='word_1_28' title='bbox 3319 426 3494 481; x_wconf 78' lang='lat' dir='ltr'><strong>omnis</strong></span> <span class='ocrx_word' id='word_1_29' title='bbox 3535 423 3737 498; x_wconf 64' lang='lat' dir='ltr'><strong>lingu</strong></span> 
     </span>
    </p>
   </div>
   <div class='ocr_carea' id='block_1_4' title="bbox 435 513 2022 588">
    <p class='ocr_par' dir='ltr' id='par_1_4' title="bbox 435 513 2022 588">
     <span class='ocr_line' id='line_1_4' title="bbox 435 513 2022 588; baseline -0.002 -17"><span class='ocrx_word' id='word_1_30' title='bbox 435 533 572 571; x_wconf 88' lang='lat' dir='ltr'><strong>unus</strong></span> <span class='ocrx_word' id='word_1_31' title='bbox 598 515 854 570; x_wconf 77' lang='lat' dir='ltr'><strong>Dominus</strong></span> <span class='ocrx_word' id='word_1_32' title='bbox 876 513 1032 570; x_wconf 76' lang='lat' dir='ltr'><strong>Iesus</strong></span> <span class='ocrx_word' id='word_1_33' title='bbox 1057 513 1315 584; x_wconf 87' lang='lat' dir='ltr'><strong>Christus,</strong></span> <span class='ocrx_word' id='word_1_34' title='bbox 1341 533 1433 587; x_wconf 84' lang='lat' dir='ltr'><strong>per</strong></span> <span class='ocrx_word' id='word_1_35' title='bbox 1451 533 1604 588; x_wconf 84' lang='lat' dir='ltr'><strong>quem</strong></span> <span class='ocrx_word' id='word_1_36' title='bbox 1629 515 1828 582; x_wconf 84' lang='lat' dir='ltr'><strong>omnia,</strong></span> <span class='ocrx_word' id='word_1_37' title='bbox 1859 523 1908 579; x_wconf 75' lang='lat' dir='ltr'><strong>et</strong></span> <span class='ocrx_word' id='word_1_38' title='bbox 1930 529 2022 572; x_wconf 81' lang='lat' dir='ltr'><strong>nos</strong></span> 
     </span>
    </p>
   </div>
   <div class='ocr_carea' id='block_1_5' title="bbox 433 605 2024 679">
    <p class='ocr_par' dir='ltr' id='par_1_5' title="bbox 433 605 2024 679">
     <span class='ocr_line' id='line_1_5' title="bbox 433 605 2024 679; baseline -0.001 -18"><span class='ocrx_word' id='word_1_39' title='bbox 433 624 526 679; x_wconf 88' lang='lat' dir='ltr'><strong>per</strong></span> <span class='ocrx_word' id='word_1_40' title='bbox 554 607 743 679; x_wconf 82' lang='lat' dir='ltr'><strong>ipsum.</strong></span> <span class='ocrx_word' id='word_1_41' title='bbox 774 605 881 663; x_wconf 85' lang='lat' dir='ltr'><strong>Sed</strong></span> <span class='ocrx_word' id='word_1_42' title='bbox 908 623 1014 661; x_wconf 87' lang='lat' dir='ltr'><strong>non</strong></span> <span class='ocrx_word' id='word_1_43' title='bbox 1051 607 1107 660; x_wconf 89' lang='lat' dir='ltr'><strong>in</strong></span> <span class='ocrx_word' id='word_1_44' title='bbox 1135 607 1375 664; x_wconf 86' lang='lat' dir='ltr'><strong>omnibus</strong></span> <span class='ocrx_word' id='word_1_45' title='bbox 1412 616 1487 662; x_wconf 89' lang='lat' dir='ltr'><strong>est</strong></span> <span class='ocrx_word' id='word_1_46' title='bbox 1524 607 1764 664; x_wconf 79' lang='lat' dir='ltr'><strong>scientia.</strong></span> <span class='ocrx_word' id='word_1_47' title='bbox 1789 606 1909 677; x_wconf 80' lang='lat' dir='ltr'><strong>Ipsa</strong></span> <span class='ocrx_word' id='word_1_48' title='bbox 1938 613 2024 664; x_wconf 78' lang='lat' dir='ltr'><strong>est</strong></span> 
     </span>
    </p>
   </div>
   <div class='ocr_carea' id='block_1_6' title="bbox 435 698 2027 778">
    <p class='ocr_par' dir='ltr' id='par_1_6' title="bbox 435 698 2027 778">
     <span class='ocr_line' id='line_1_6' title="bbox 435 698 2027 778; baseline 0 -21"><span class='ocrx_word' id='word_1_49' title='bbox 435 700 685 758; x_wconf 73' lang='lat' dir='ltr'><strong>Christus</strong></span> <span class='ocrx_word' id='word_1_50' title='bbox 717 699 1072 766; x_wconf 79' lang='lat' dir='ltr'><strong>christoruin,</strong></span> <span class='ocrx_word' id='word_1_51' title='bbox 1115 699 1210 770; x_wconf 87' lang='lat' dir='ltr'><strong>qui</strong></span> <span class='ocrx_word' id='word_1_52' title='bbox 1243 698 1508 756; x_wconf 86' lang='lat' dir='ltr'><strong>Dominus</strong></span> <span class='ocrx_word' id='word_1_53' title='bbox 1553 698 1930 766; x_wconf 85' lang='lat' dir='ltr'><strong>dominorum,</strong></span> <span class='ocrx_word' id='word_1_54' title='bbox 1968 705 2027 778; x_wconf 78' lang='lat' dir='ltr'><strong>et</strong></span> 
     </span>
    </p>
   </div>
   <div class='ocr_carea' id='block_1_7' title="bbox 439 793 856 850">
    <p class='ocr_par' dir='ltr' id='par_1_7' title="bbox 439 793 856 850">
     <span class='ocr_line' id='line_1_7' title="bbox 439 793 856 850; baseline -0.007 -2"><span class='ocrx_word' id='word_1_55' title='bbox 439 794 582 850; x_wconf 86' lang='lat' dir='ltr'><strong>Deus</strong></span> <span class='ocrx_word' id='word_1_56' title='bbox 607 793 856 849; x_wconf 89' lang='lat' dir='ltr'><strong>deorum.</strong></span> 
     </span>
    </p>
   </div>
   <div class='ocr_carea' id='block_1_8' title="bbox 509 881 2026 954">
    <p class='ocr_par' dir='ltr' id='par_1_8' title="bbox 509 881 2026 954">
     <span class='ocr_line' id='line_1_8' title="bbox 509 881 2026 954; baseline 0.001 -15"><span class='ocrx_word' id='word_1_57' title='bbox 509 883 600 939; x_wconf 83' lang='lat' dir='ltr'><strong>1X.</strong></span> <span class='ocrx_word' id='word_1_58' title='bbox 635 882 740 940; x_wconf 87' lang='lat' dir='ltr'><strong>Sed</strong></span> <span class='ocrx_word' id='word_1_59' title='bbox 769 899 875 938; x_wconf 85' lang='lat' dir='ltr'><strong>non</strong></span> <span class='ocrx_word' id='word_1_60' title='bbox 897 889 979 937; x_wconf 86' lang='lat' dir='ltr'><strong>est</strong></span> <span class='ocrx_word' id='word_1_61' title='bbox 1001 881 1066 937; x_wconf 91' lang='lat' dir='ltr'><strong>de</strong></span> <span class='ocrx_word' id='word_1_62' title='bbox 1095 881 1201 937; x_wconf 88' lang='lat' dir='ltr'><strong>illis</strong></span> <span class='ocrx_word' id='word_1_63' title='bbox 1229 881 1471 947; x_wconf 88' lang='lat' dir='ltr'><strong>christis,</strong></span> <span class='ocrx_word' id='word_1_64' title='bbox 1507 887 1573 939; x_wconf 89' lang='lat' dir='ltr'><strong>de</strong></span> <span class='ocrx_word' id='word_1_65' title='bbox 1604 883 1798 954; x_wconf 82' lang='lat' dir='ltr'><strong>quibus</strong></span> <span class='ocrx_word' id='word_1_66' title='bbox 1823 883 2026 940; x_wconf 86' lang='lat' dir='ltr'><strong>dictum</strong></span> 
     </span>
    </p>
   </div>
   <div class='ocr_carea' id='block_1_9' title="bbox 438 971 2028 1046">
    <p class='ocr_par' dir='ltr' id='par_1_9' title="bbox 438 971 2028 1046">
     <span class='ocr_line' id='line_1_9' title="bbox 438 971 2028 1046; baseline 0.001 -17"><span class='ocrx_word' id='word_1_67' title='bbox 438 983 522 1030; x_wconf 89' lang='lat' dir='ltr'><strong>est</strong></span> <span class='ocrx_word' id='word_1_68' title='bbox 548 993 562 1028; x_wconf 87' lang='lat'>:</span> <span class='ocrx_word' id='word_1_69' title='bbox 606 971 786 1028; x_wconf 89' lang='lat' dir='ltr'><strong>Nolite</strong></span> <span class='ocrx_word' id='word_1_70' title='bbox 811 982 1021 1043; x_wconf 81' lang='lat' dir='ltr'><strong>tangere</strong></span> <span class='ocrx_word' id='word_1_71' title='bbox 1045 973 1428 1034; x_wconf 82' lang='lat' dir='ltr'><strong>christosmeos</strong></span> <span class='ocrx_word' id='word_1_72' title='bbox 1449 972 1621 1045; x_wconf 88' lang='lat' dir='ltr'><strong>(Psal.</strong></span> <span class='ocrx_word' id='word_1_73' title='bbox 1649 990 1757 1044; x_wconf 76' lang='lat' dir='ltr'><strong>cur,</strong></span> <span class='ocrx_word' id='word_1_74' title='bbox 1786 973 1896 1046; x_wconf 79' lang='grc'><strong>15).</strong></span> <span class='ocrx_word' id='word_1_75' title='bbox 1920 973 2028 1030; x_wconf 84' lang='lat' dir='ltr'><strong>Sed</strong></span> 
     </span>
    </p>
   </div>
   <div class='ocr_carea' id='block_1_10' title="bbox 439 1063 2028 1136">
    <p class='ocr_par' dir='ltr' id='par_1_10' title="bbox 439 1063 2028 1136">
     <span class='ocr_line' id='line_1_10' title="bbox 439 1063 2028 1136; baseline 0 -16"><span class='ocrx_word' id='word_1_76' title='bbox 439 1080 616 1135; x_wconf 89' lang='lat' dir='ltr'><strong>neque</strong></span> <span class='ocrx_word' id='word_1_77' title='bbox 664 1065 730 1120; x_wconf 89' lang='lat' dir='ltr'><strong>de</strong></span> <span class='ocrx_word' id='word_1_78' title='bbox 779 1063 916 1130; x_wconf 88' lang='lat' dir='ltr'><strong>illis,</strong></span> <span class='ocrx_word' id='word_1_79' title='bbox 951 1064 1017 1118; x_wconf 89' lang='lat' dir='ltr'><strong>de</strong></span> <span class='ocrx_word' id='word_1_80' title='bbox 1045 1065 1242 1136; x_wconf 83' lang='lat' dir='ltr'><strong>quibus</strong></span> <span class='ocrx_word' id='word_1_81' title='bbox 1283 1064 1524 1132; x_wconf 64' lang='lat' dir='ltr'><strong>haeretici</strong></span> <span class='ocrx_word' id='word_1_82' title='bbox 1567 1065 1794 1122; x_wconf 88' lang='lat' dir='ltr'><strong>dicunt:</strong></span> <span class='ocrx_word' id='word_1_83' title='bbox 1831 1065 1899 1125; x_wconf 80' lang='lat' dir='ltr'><strong>Et</strong></span> <span class='ocrx_word' id='word_1_84' title='bbox 1940 1065 2028 1120; x_wconf 90' lang='lat' dir='ltr'><strong>ille</strong></span> 
     </span>
    </p>
   </div>
   <div class='ocr_carea' id='block_1_11' title="bbox 439 1155 2028 1230">
    <p class='ocr_par' dir='ltr' id='par_1_11' title="bbox 439 1155 2028 1230">
     <span class='ocr_line' id='line_1_11' title="bbox 439 1155 2028 1230; baseline 0 -18"><span class='ocrx_word' id='word_1_85' title='bbox 439 1156 721 1219; x_wconf 80' lang='lat' dir='ltr'><strong>Christus,</strong></span> <span class='ocrx_word' id='word_1_86' title='bbox 763 1163 817 1210; x_wconf 92' lang='lat' dir='ltr'><strong>et</strong></span> <span class='ocrx_word' id='word_1_87' title='bbox 860 1171 960 1210; x_wconf 91' lang='lat' dir='ltr'><strong>nos</strong></span> <span class='ocrx_word' id='word_1_88' title='bbox 1011 1155 1222 1210; x_wconf 79' lang='lat' dir='ltr'><strong>Christi.</strong></span> <span class='ocrx_word' id='word_1_89' title='bbox 1275 1156 1343 1212; x_wconf 89' lang='lat' dir='ltr'><strong>Et</strong></span> <span class='ocrx_word' id='word_1_90' title='bbox 1392 1173 1702 1230; x_wconf 81' lang='lat' dir='ltr'><strong>quanquam</strong></span> <span class='ocrx_word' id='word_1_91' title='bbox 1747 1164 1804 1212; x_wconf 86' lang='lat' dir='ltr'><strong>et</strong></span> <span class='ocrx_word' id='word_1_92' title='bbox 1855 1157 2028 1218; x_wconf 85' lang='lat' dir='ltr'><strong>sancti</strong></span> 
     </span>
    </p>
   </div>
   <div class='ocr_carea' id='block_1_12' title="bbox 439 1249 2031 1318">
    <p class='ocr_par' dir='ltr' id='par_1_12' title="bbox 439 1249 2031 1318">
     <span class='ocr_line' id='line_1_12' title="bbox 439 1249 2031 1318; baseline 0.001 -14"><span class='ocrx_word' id='word_1_93' title='bbox 439 1249 632 1304; x_wconf 88' lang='lat' dir='ltr'><strong>cbristi</strong></span> <span class='ocrx_word' id='word_1_94' title='bbox 668 1249 884 1314; x_wconf 85' lang='lat' dir='ltr'><strong>sint,&#39;et</strong></span> <span class='ocrx_word' id='word_1_95' title='bbox 915 1249 1116 1304; x_wconf 86' lang='lat' dir='ltr'><strong>domini</strong></span> <span class='ocrx_word' id='word_1_96' title='bbox 1145 1249 1273 1318; x_wconf 86' lang='lat' dir='ltr'><strong>sint,</strong></span> <span class='ocrx_word' id='word_1_97' title='bbox 1319 1258 1376 1307; x_wconf 90' lang='lat' dir='ltr'><strong>et</strong></span> <span class='ocrx_word' id='word_1_98' title='bbox 1417 1251 1492 1306; x_wconf 86' lang='lat' dir='ltr'><strong>dii</strong></span> <span class='ocrx_word' id='word_1_99' title='bbox 1521 1251 1671 1314; x_wconf 84' lang='lat' dir='ltr'><strong>sint;</strong></span> <span class='ocrx_word' id='word_1_100' title='bbox 1715 1251 1811 1308; x_wconf 84' lang='lat' dir='ltr'><strong>sed</strong></span> <span class='ocrx_word' id='word_1_101' title='bbox 1851 1250 2031 1311; x_wconf 81' lang='lat' dir='ltr'><strong>nullus</strong></span> 
     </span>
    </p>
   </div>
   <div class='ocr_carea' id='block_1_13' title="bbox 438 1339 2032 1404">
    <p class='ocr_par' dir='ltr' id='par_1_13' title="bbox 438 1339 2032 1404">
     <span class='ocr_line' id='line_1_13' title="bbox 438 1339 2032 1404; baseline 0.002 -9"><span class='ocrx_word' id='word_1_102' title='bbox 438 1355 506 1395; x_wconf 80' lang='lat' dir='ltr'><strong>ex</strong></span> <span class='ocrx_word' id='word_1_103' title='bbox 532 1339 636 1394; x_wconf 88' lang='lat' dir='ltr'><strong>illis</strong></span> <span class='ocrx_word' id='word_1_104' title='bbox 666 1339 912 1394; x_wconf 89' lang='lat' dir='ltr'><strong>absolute</strong></span> <span class='ocrx_word' id='word_1_105' title='bbox 959 1339 1158 1396; x_wconf 88' lang='lat' dir='ltr'><strong>dicitur</strong></span> <span class='ocrx_word' id='word_1_106' title='bbox 1181 1357 1290 1396; x_wconf 90' lang='lat' dir='ltr'><strong>uno</strong></span> <span class='ocrx_word' id='word_1_107' title='bbox 1317 1355 1566 1404; x_wconf 81' lang='lat' dir='ltr'><strong>sermone</strong></span> <span class='ocrx_word' id='word_1_108' title='bbox 1591 1340 1842 1398; x_wconf 76' lang='lat' dir='ltr'><strong>Christus</strong></span> <span class='ocrx_word' id='word_1_109' title='bbox 1873 1341 2032 1398; x_wconf 80' lang='lat' dir='ltr'><strong>Jesus</strong></span> 
     </span>
    </p>
   </div>
   <div class='ocr_carea' id='block_1_14' title="bbox 439 1431 2031 1502">
    <p class='ocr_par' dir='ltr' id='par_1_14' title="bbox 439 1431 2031 1502">
     <span class='ocr_line' id='line_1_14' title="bbox 439 1431 2031 1502; baseline 0 -14"><span class='ocrx_word' id='word_1_110' title='bbox 439 1433 582 1488; x_wconf 87' lang='lat' dir='ltr'><strong>Deus</strong></span> <span class='ocrx_word' id='word_1_111' title='bbox 620 1441 826 1487; x_wconf 90' lang='lat' dir='ltr'><strong>noster.</strong></span> <span class='ocrx_word' id='word_1_112' title='bbox 859 1431 1048 1488; x_wconf 90' lang='lat' dir='ltr'><strong>Nullus</strong></span> <span class='ocrx_word' id='word_1_113' title='bbox 1075 1449 1144 1489; x_wconf 83' lang='lat' dir='ltr'><strong>ex</strong></span> <span class='ocrx_word' id='word_1_114' title='bbox 1174 1433 1279 1490; x_wconf 90' lang='lat' dir='ltr'><strong>illis</strong></span> <span class='ocrx_word' id='word_1_115' title='bbox 1321 1433 1500 1492; x_wconf 90' lang='lat' dir='ltr'><strong>dictus</strong></span> <span class='ocrx_word' id='word_1_116' title='bbox 1527 1443 1630 1502; x_wconf 86' lang='lat' dir='ltr'><strong>est,</strong></span> <span class='ocrx_word' id='word_1_117' title='bbox 1655 1433 1896 1490; x_wconf 87' lang='lat' dir='ltr'><strong>Christus</strong></span> <span class='ocrx_word' id='word_1_118' title='bbox 1933 1433 2031 1488; x_wconf 88' lang='lat' dir='ltr'><strong><em>Dei</em></strong></span> 
     </span>
    </p>
   </div>
   <div class='ocr_carea' id='block_1_15' title="bbox 439 1521 2032 1594">
    <p class='ocr_par' dir='ltr' id='par_1_15' title="bbox 439 1521 2032 1594">
     <span class='ocr_line' id='line_1_15' title="bbox 439 1521 2032 1594; baseline 0.004 -17"><span class='ocrx_word' id='word_1_119' title='bbox 439 1526 602 1578; x_wconf 84' lang='lat' dir='ltr'><strong>virtus</strong></span> <span class='ocrx_word' id='word_1_120' title='bbox 641 1534 688 1578; x_wconf 90' lang='lat' dir='ltr'><strong>et</strong></span> <span class='ocrx_word' id='word_1_121' title='bbox 717 1521 817 1578; x_wconf 89' lang='lat' dir='ltr'><strong><em>Dei</em></strong></span> <span class='ocrx_word' id='word_1_122' title='bbox 855 1525 1132 1594; x_wconf 81' lang='lat' dir='ltr'><strong>sapientia.</strong></span> <span class='ocrx_word' id='word_1_123' title='bbox 1171 1525 1362 1581; x_wconf 87' lang='lat' dir='ltr'><strong>Nullus</strong></span> <span class='ocrx_word' id='word_1_124' title='bbox 1395 1541 1466 1582; x_wconf 82' lang='lat' dir='ltr'><strong>ex</strong></span> <span class='ocrx_word' id='word_1_125' title='bbox 1511 1525 1619 1581; x_wconf 85' lang='lat' dir='ltr'><strong>illis</strong></span> <span class='ocrx_word' id='word_1_126' title='bbox 1665 1533 1911 1585; x_wconf 85' lang='lat' dir='ltr'><strong>mortuus</strong></span> <span class='ocrx_word' id='word_1_127' title='bbox 1950 1532 2032 1583; x_wconf 77' lang='lat' dir='ltr'><strong>est</strong></span> 
     </span>
    </p>
   </div>
   <div class='ocr_carea' id='block_1_16' title="bbox 437 1613 2030 1688">
    <p class='ocr_par' dir='ltr' id='par_1_16' title="bbox 437 1613 2030 1688">
     <span class='ocr_line' id='line_1_16' title="bbox 437 1613 2030 1688; baseline 0.004 -19"><span class='ocrx_word' id='word_1_128' title='bbox 437 1629 536 1684; x_wconf 90' lang='lat' dir='ltr'><strong>pro</strong></span> <span class='ocrx_word' id='word_1_129' title='bbox 562 1616 782 1671; x_wconf 89' lang='lat' dir='ltr'><strong>mundo.</strong></span> <span class='ocrx_word' id='word_1_130' title='bbox 815 1613 974 1670; x_wconf 87' lang='lat' dir='ltr'><strong>Solus</strong></span> <span class='ocrx_word' id='word_1_131' title='bbox 999 1615 1122 1672; x_wconf 86' lang='lat' dir='ltr'><strong>iste.</strong></span> <span class='ocrx_word' id='word_1_132' title='bbox 1156 1616 1346 1672; x_wconf 88' lang='lat' dir='ltr'><strong>Nullus</strong></span> <span class='ocrx_word' id='word_1_133' title='bbox 1371 1631 1439 1674; x_wconf 81' lang='lat' dir='ltr'><strong>ex</strong></span> <span class='ocrx_word' id='word_1_134' title='bbox 1468 1617 1574 1675; x_wconf 84' lang='lat' dir='ltr'><strong>illis</strong></span> <span class='ocrx_word' id='word_1_135' title='bbox 1595 1618 1814 1688; x_wconf 83' lang='lat' dir='ltr'><strong>propria</strong></span> <span class='ocrx_word' id='word_1_136' title='bbox 1835 1617 2030 1676; x_wconf 80' lang='lat' dir='ltr'><strong>volun-</strong></span> 
     </span>
    </p>
   </div>
   <div class='ocr_carea' id='block_1_17' title="bbox 439 1709 2026 1780">
    <p class='ocr_par' dir='ltr' id='par_1_17' title="bbox 439 1709 2026 1780">
     <span class='ocr_line' id='line_1_17' title="bbox 439 1709 2026 1780; baseline 0.004 -20"><span class='ocrx_word' id='word_1_137' title='bbox 439 1715 550 1762; x_wconf 96' lang='lat' dir='ltr'><strong>tate</strong></span> <span class='ocrx_word' id='word_1_138' title='bbox 571 1717 836 1772; x_wconf 88' lang='lat' dir='ltr'><strong>mortuus,</strong></span> <span class='ocrx_word' id='word_1_139' title='bbox 851 1716 943 1763; x_wconf 88' lang='lat' dir='ltr'><strong>aut</strong></span> <span class='ocrx_word' id='word_1_140' title='bbox 956 1710 1170 1778; x_wconf 87' lang='lat' dir='ltr'><strong>quando</strong></span> <span class='ocrx_word' id='word_1_141' title='bbox 1189 1709 1470 1777; x_wconf 87' lang='lat' dir='ltr'><strong>voluisset,</strong></span> <span class='ocrx_word' id='word_1_142' title='bbox 1482 1709 1753 1780; x_wconf 83' lang='lat' dir='ltr'><strong>posuisset</strong></span> <span class='ocrx_word' id='word_1_143' title='bbox 1768 1711 2026 1776; x_wconf 84' lang='lat' dir='ltr'><strong>animam;</strong></span> 
     </span>
    </p>
   </div>
   <div class='ocr_carea' id='block_1_18' title="bbox 2123 515 3500 590">
    <p class='ocr_par' dir='ltr' id='par_1_18' title="bbox 2123 515 3500 590">
     <span class='ocr_line' id='line_1_18' title="bbox 2123 515 3500 590; baseline 0 -16"><span class='ocrx_word' id='word_1_144' title='bbox 2123 515 2438 586; x_wconf 73' lang='lat' dir='ltr'><strong>conﬁteatur</strong></span> <span class='ocrx_word' id='word_1_145' title='bbox 2459 519 2589 589; x_wconf 58' lang='lat' dir='ltr'><strong>Quia</strong></span> <span class='ocrx_word' id='word_1_146' title='bbox 2611 517 2768 574; x_wconf 71' lang='lat' dir='ltr'><strong>Iesus</strong></span> <span class='ocrx_word' id='word_1_147' title='bbox 2795 520 2854 574; x_wconf 76' lang='lat' dir='ltr'><strong>in</strong></span> <span class='ocrx_word' id='word_1_148' title='bbox 2872 518 3047 590; x_wconf 70' lang='lat' dir='ltr'><strong>gloria</strong></span> <span class='ocrx_word' id='word_1_149' title='bbox 3068 527 3145 574; x_wconf 77' lang='lat' dir='ltr'><strong>est</strong></span> <span class='ocrx_word' id='word_1_150' title='bbox 3169 518 3270 574; x_wconf 82' lang='lat' dir='ltr'><strong>Dei</strong></span> <span class='ocrx_word' id='word_1_151' title='bbox 3295 517 3500 575; x_wconf 72' lang='lat' dir='ltr'><strong>Putris.</strong></span> 
     </span>
    </p>
   </div>
   <div class='ocr_carea' id='block_1_19' title="bbox 2197 606 3736 681">
    <p class='ocr_par' dir='ltr' id='par_1_19' title="bbox 2197 606 3736 681">
     <span class='ocr_line' id='line_1_19' title="bbox 2197 606 3736 681; baseline 0.006 -19"><span class='ocrx_word' id='word_1_152' title='bbox 2197 606 2266 662; x_wconf 79' lang='grc' dir='ltr'><strong>Χ.</strong></span> <span class='ocrx_word' id='word_1_153' title='bbox 2295 606 2450 664; x_wconf 86' lang='lat' dir='ltr'><strong>Nulli</strong></span> <span class='ocrx_word' id='word_1_154' title='bbox 2471 610 2613 666; x_wconf 76' lang='lat' dir='ltr'><strong>enim</strong></span> <span class='ocrx_word' id='word_1_155' title='bbox 2640 609 2950 681; x_wconf 70' lang='lat' dir='ltr'><strong>angelorum</strong></span> <span class='ocrx_word' id='word_1_156' title='bbox 2976 610 3116 666; x_wconf 64' lang='lat' dir='ltr'><strong>dicit</strong></span> <span class='ocrx_word' id='word_1_157' title='bbox 3139 609 3342 666; x_wconf 63' lang='lat' dir='ltr'><strong>Pater:</strong></span> <span class='ocrx_word' id='word_1_158' title='bbox 3372 610 3551 668; x_wconf 73' lang='lat' dir='ltr'><strong>Filius</strong></span> <span class='ocrx_word' id='word_1_159' title='bbox 3581 627 3736 672; x_wconf 67' lang='lat' dir='ltr'><strong>meus</strong></span> 
     </span>
    </p>
   </div>
   <div class='ocr_carea' id='block_1_20' title="bbox 2124 699 3738 774">
    <p class='ocr_par' dir='ltr' id='par_1_20' title="bbox 2124 699 3738 774">
     <span class='ocr_line' id='line_1_20' title="bbox 2124 699 3738 774; baseline 0.002 -20"><span class='ocrx_word' id='word_1_160' title='bbox 2124 714 2180 756; x_wconf 85' lang='lat' dir='ltr'><strong>es</strong></span> <span class='ocrx_word' id='word_1_161' title='bbox 2205 706 2282 764; x_wconf 90' lang='lat' dir='ltr'><strong>tu,</strong></span> <span class='ocrx_word' id='word_1_162' title='bbox 2305 714 2400 769; x_wconf 68' lang='lat' dir='ltr'><strong>ego</strong></span> <span class='ocrx_word' id='word_1_163' title='bbox 2425 699 2582 759; x_wconf 80' lang='lat' dir='ltr'><strong>hodie</strong></span> <span class='ocrx_word' id='word_1_164' title='bbox 2607 701 2767 771; x_wconf 69' lang='lat' dir='ltr'><strong>genui</strong></span> <span class='ocrx_word' id='word_1_165' title='bbox 2793 708 2864 756; x_wconf 82' lang='lat' dir='ltr'><strong>te.</strong></span> <span class='ocrx_word' id='word_1_166' title='bbox 2897 701 3022 756; x_wconf 80' lang='lat' dir='ltr'><strong>Pete</strong></span> <span class='ocrx_word' id='word_1_167' title='bbox 3045 718 3081 759; x_wconf 74' lang='grc' dir='ltr'>ι</span> <span class='ocrx_word' id='word_1_168' title='bbox 3103 713 3207 768; x_wconf 74' lang='lat' dir='ltr'><strong>use,</strong></span> <span class='ocrx_word' id='word_1_169' title='bbox 3241 711 3290 756; x_wconf 89' lang='lat' dir='ltr'><strong>et</strong></span> <span class='ocrx_word' id='word_1_170' title='bbox 3309 701 3450 758; x_wconf 76' lang='lat' dir='ltr'><strong>dabo</strong></span> <span class='ocrx_word' id='word_1_171' title='bbox 3475 704 3578 758; x_wconf 74' lang='lat' dir='ltr'><strong>tibi</strong></span> <span class='ocrx_word' id='word_1_172' title='bbox 3607 719 3738 774; x_wconf 74' lang='lat' dir='ltr'><strong>gen-</strong></span> 
     </span>
    </p>
   </div>
   <div class='ocr_carea' id='block_1_21' title="bbox 2124 790 3738 864">
    <p class='ocr_par' dir='ltr' id='par_1_21' title="bbox 2124 790 3738 864">
     <span class='ocr_line' id='line_1_21' title="bbox 2124 790 3738 864; baseline 0.001 -14"><span class='ocrx_word' id='word_1_173' title='bbox 2124 798 2202 850; x_wconf 72' lang='lat' dir='ltr'><strong>tes</strong></span> <span class='ocrx_word' id='word_1_174' title='bbox 2229 790 2584 850; x_wconf 62' lang='lat' dir='ltr'><strong>haereditath</strong></span> <span class='ocrx_word' id='word_1_175' title='bbox 2605 799 2773 858; x_wconf 69' lang='lat' dir='ltr'><strong>tuam,</strong></span> <span class='ocrx_word' id='word_1_176' title='bbox 2803 802 2855 848; x_wconf 84' lang='lat' dir='ltr'><strong><em>et</em></strong></span> <span class='ocrx_word' id='word_1_177' title='bbox 2881 795 3260 864; x_wconf 75' lang='lat' dir='ltr'><strong>possessionem</strong></span> <span class='ocrx_word' id='word_1_178' title='bbox 3295 799 3447 848; x_wconf 75' lang='lat' dir='ltr'><strong>tuam</strong></span> <span class='ocrx_word' id='word_1_179' title='bbox 3473 796 3738 852; x_wconf 76' lang='lat' dir='ltr'><strong>terminos</strong></span> 
     </span>
    </p>
   </div>
   <div class='ocr_carea' id='block_1_22' title="bbox 2127 882 3740 958">
    <p class='ocr_par' dir='ltr' id='par_1_22' title="bbox 2127 882 3740 958">
     <span class='ocr_line' id='line_1_22' title="bbox 2127 882 3740 958; baseline 0.001 -18"><span class='ocrx_word' id='word_1_180' title='bbox 2127 891 2303 940; x_wconf 63' lang='lat' dir='ltr'><strong>terra.</strong></span> <span class='ocrx_word' id='word_1_181' title='bbox 2326 882 2494 955; x_wconf 72' lang='lat' dir='ltr'><strong><em>Reges</em></strong></span> <span class='ocrx_word' id='word_1_182' title='bbox 2517 901 2608 942; x_wconf 78' lang='lat' dir='ltr'><strong><em>eos</em></strong></span> <span class='ocrx_word' id='word_1_183' title='bbox 2632 886 2692 942; x_wconf 72' lang='lat' dir='ltr'><strong>in</strong></span> <span class='ocrx_word' id='word_1_184' title='bbox 2715 887 2866 956; x_wconf 72' lang='lat' dir='ltr'><strong>virga</strong></span> <span class='ocrx_word' id='word_1_185' title='bbox 2891 886 3086 955; x_wconf 78' lang='lat' dir='ltr'><strong>ferrea,</strong></span> <span class='ocrx_word' id='word_1_186' title='bbox 3109 894 3159 941; x_wconf 80' lang='lat' dir='ltr'><strong>et</strong></span> <span class='ocrx_word' id='word_1_187' title='bbox 3178 895 3433 956; x_wconf 60' lang='lat' dir='ltr'><strong>tanquam</strong></span> <span class='ocrx_word' id='word_1_188' title='bbox 3459 894 3554 942; x_wconf 71' lang='lat' dir='ltr'><strong>vas</strong></span> <span class='ocrx_word' id='word_1_189' title='bbox 3579 887 3740 958; x_wconf 59' lang='lat' dir='ltr'><strong>ﬁguli</strong></span> 
     </span>
    </p>
   </div>
   <div class='ocr_carea' id='block_1_23' title="bbox 2127 975 3740 1048">
    <p class='ocr_par' dir='ltr' id='par_1_23' title="bbox 2127 975 3740 1048">
     <span class='ocr_line' id='line_1_23' title="bbox 2127 975 3740 1048; baseline 0 -14"><span class='ocrx_word' id='word_1_190' title='bbox 2127 975 2423 1046; x_wconf 76' lang='lat' dir='ltr'><strong>confringes</strong></span> <span class='ocrx_word' id='word_1_191' title='bbox 2441 993 2552 1036; x_wconf 82' lang='lat' dir='ltr'><strong>eos.</strong></span> <span class='ocrx_word' id='word_1_192' title='bbox 2592 977 2674 1034; x_wconf 69' lang='lat' dir='ltr'><strong>Ad</strong></span> <span class='ocrx_word' id='word_1_193' title='bbox 2701 975 2916 1048; x_wconf 62' lang='lat' dir='ltr'><strong>angelus</strong></span> <span class='ocrx_word' id='word_1_194' title='bbox 2943 977 3156 1048; x_wconf 70' lang='lat' dir='ltr'><strong>quidem</strong></span> <span class='ocrx_word' id='word_1_195' title='bbox 3199 977 3330 1031; x_wconf 76' lang='lat' dir='ltr'><strong>dicit</strong></span> <span class='ocrx_word' id='word_1_196' title='bbox 3350 993 3370 1032; x_wconf 89' lang='lat'><strong><em>:</em></strong></span> <span class='ocrx_word' id='word_1_197' title='bbox 3396 977 3648 1033; x_wconf 68' lang='lat' dir='ltr'><strong>Aderant</strong></span> <span class='ocrx_word' id='word_1_198' title='bbox 3671 979 3740 1034; x_wconf 70' lang='grc' dir='ltr'><strong>ει-</strong></span> 
     </span>
    </p>
   </div>
   <div class='ocr_carea' id='block_1_24' title="bbox 2130 1055 3738 1137">
    <p class='ocr_par' dir='ltr' id='par_1_24' title="bbox 2130 1055 3738 1137">
     <span class='ocr_line' id='line_1_24' title="bbox 2130 1055 3738 1137; baseline 0.004 -17"><span class='ocrx_word' id='word_1_199' title='bbox 2130 1062 2239 1123; x_wconf 83' lang='lat' dir='ltr'><strong>lum</strong></span> <span class='ocrx_word' id='word_1_200' title='bbox 2269 1055 2643 1137; x_wconf 63' lang='grc' dir='ltr'><strong>σηιεεάηαὶ</strong></span> <span class='ocrx_word' id='word_1_201' title='bbox 2669 1067 2790 1124; x_wconf 79' lang='lat' dir='ltr'><strong>Dei.</strong></span> <span class='ocrx_word' id='word_1_202' title='bbox 2819 1068 2902 1122; x_wconf 76' lang='lat' dir='ltr'><strong>Ad</strong></span> <span class='ocrx_word' id='word_1_203' title='bbox 2929 1064 3136 1122; x_wconf 68' lang='lat' dir='ltr'><strong>Filium</strong></span> <span class='ocrx_word' id='word_1_204' title='bbox 3164 1077 3341 1122; x_wconf 77' lang='lat' dir='ltr'><strong>autem</strong></span> <span class='ocrx_word' id='word_1_205' title='bbox 3367 1067 3532 1124; x_wconf 76' lang='lat' dir='ltr'><strong>dicit:</strong></span> <span class='ocrx_word' id='word_1_206' title='bbox 3567 1067 3738 1126; x_wconf 67' lang='lat' dir='ltr'><strong>Wtri-</strong></span> 
     </span>
    </p>
   </div>
   <div class='ocr_carea' id='block_1_25' title="bbox 2130 1156 3738 1233">
    <p class='ocr_par' dir='ltr' id='par_1_25' title="bbox 2130 1156 3738 1233">
     <span class='ocr_line' id='line_1_25' title="bbox 2130 1156 3738 1233; baseline 0.004 -23"><span class='ocrx_word' id='word_1_207' title='bbox 2130 1171 2230 1212; x_wconf 80' lang='lat' dir='ltr'><strong>nus</strong></span> <span class='ocrx_word' id='word_1_208' title='bbox 2259 1167 2378 1213; x_wconf 86' lang='lat' dir='ltr'><strong>tuus</strong></span> <span class='ocrx_word' id='word_1_209' title='bbox 2415 1156 2560 1212; x_wconf 83' lang='lat' dir='ltr'><strong>Deus</strong></span> <span class='ocrx_word' id='word_1_210' title='bbox 2598 1159 2656 1216; x_wconf 83' lang='lat' dir='ltr'><strong>in</strong></span> <span class='ocrx_word' id='word_1_211' title='bbox 2692 1157 2946 1215; x_wconf 66' lang='lat' dir='ltr'><strong>malum</strong></span> <span class='ocrx_word' id='word_1_212' title='bbox 2988 1158 3213 1215; x_wconf 64' lang='lat' dir='ltr'><strong>seculi:</strong></span> <span class='ocrx_word' id='word_1_213' title='bbox 3253 1161 3398 1230; x_wconf 67' lang='lat' dir='ltr'><strong>virga</strong></span> <span class='ocrx_word' id='word_1_214' title='bbox 3439 1163 3738 1233; x_wconf 58' lang='lat' dir='ltr'><strong>«quisuis,</strong></span> 
     </span>
    </p>
   </div>
   <div class='ocr_carea' id='block_1_26' title="bbox 2131 1248 3738 1322">
    <p class='ocr_par' dir='ltr' id='par_1_26' title="bbox 2131 1248 3738 1322">
     <span class='ocr_line' id='line_1_26' title="bbox 2131 1248 3738 1322; baseline 0.002 -16"><span class='ocrx_word' id='word_1_215' title='bbox 2131 1248 2277 1318; x_wconf 74' lang='lat' dir='ltr'><strong>virga</strong></span> <span class='ocrx_word' id='word_1_216' title='bbox 2305 1249 2450 1320; x_wconf 72' lang='lat' dir='ltr'><strong>regni</strong></span> <span class='ocrx_word' id='word_1_217' title='bbox 2477 1249 2577 1307; x_wconf 77' lang='lat' dir='ltr'><strong>tui.</strong></span> <span class='ocrx_word' id='word_1_218' title='bbox 2617 1248 2863 1306; x_wconf 68' lang='lat' dir='ltr'><strong>Bileaisti</strong></span> <span class='ocrx_word' id='word_1_219' title='bbox 2889 1250 3170 1318; x_wconf 68' lang='lat' dir='ltr'><strong>iustitiam,</strong></span> <span class='ocrx_word' id='word_1_220' title='bbox 3207 1259 3259 1306; x_wconf 80' lang='lat' dir='ltr'><strong>et</strong></span> <span class='ocrx_word' id='word_1_221' title='bbox 3283 1251 3442 1306; x_wconf 76' lang='lat' dir='ltr'><strong>odisti</strong></span> <span class='ocrx_word' id='word_1_222' title='bbox 3473 1254 3738 1322; x_wconf 59' lang='lat' dir='ltr'><strong>cum</strong></span> 
     </span>
    </p>
   </div>
   <div class='ocr_carea' id='block_1_27' title="bbox 2131 1341 3737 1410">
    <p class='ocr_par' dir='ltr' id='par_1_27' title="bbox 2131 1341 3737 1410">
     <span class='ocr_line' id='line_1_27' title="bbox 2131 1341 3737 1410; baseline 0.007 -18"><span class='ocrx_word' id='word_1_223' title='bbox 2131 1345 2250 1402; x_wconf 88' lang='lat' dir='ltr'><strong>tem,</strong></span> <span class='ocrx_word' id='word_1_224' title='bbox 2273 1347 2548 1410; x_wconf 71' lang='lat' dir='ltr'><strong><em>propterea</em></strong></span> <span class='ocrx_word' id='word_1_225' title='bbox 2572 1341 2726 1398; x_wconf 60' lang='lat' dir='ltr'><strong>uncis</strong></span> <span class='ocrx_word' id='word_1_226' title='bbox 2753 1351 2805 1398; x_wconf 84' lang='lat' dir='ltr'><strong>ts</strong></span> <span class='ocrx_word' id='word_1_227' title='bbox 2837 1341 3001 1408; x_wconf 75' lang='lat' dir='ltr'><strong>Dus,</strong></span> <span class='ocrx_word' id='word_1_228' title='bbox 3041 1342 3184 1398; x_wconf 72' lang='lat' dir='ltr'><strong>Deus</strong></span> <span class='ocrx_word' id='word_1_229' title='bbox 3207 1353 3352 1408; x_wconf 70' lang='lat' dir='ltr'><strong>tuus,</strong></span> <span class='ocrx_word' id='word_1_230' title='bbox 3382 1345 3494 1399; x_wconf 67' lang='lat' dir='ltr'><strong>oleo</strong></span> <span class='ocrx_word' id='word_1_231' title='bbox 3525 1346 3737 1402; x_wconf 64' lang='lat' dir='ltr'><strong>ueritis</strong></span> 
     </span>
    </p>
   </div>
   <div class='ocr_carea' id='block_1_28' title="bbox 2129 1429 3740 1506">
    <p class='ocr_par' dir='ltr' id='par_1_28' title="bbox 2129 1429 3740 1506">
     <span class='ocr_line' id='line_1_28' title="bbox 2129 1429 3740 1506; baseline 0.007 -24"><span class='ocrx_word' id='word_1_232' title='bbox 2129 1443 2240 1502; x_wconf 69' lang='lat' dir='ltr'><strong>pra:</strong></span> <span class='ocrx_word' id='word_1_233' title='bbox 2269 1429 2594 1489; x_wconf 68' lang='lat' dir='ltr'><strong>consortibus</strong></span> <span class='ocrx_word' id='word_1_234' title='bbox 2626 1432 2752 1488; x_wconf 74' lang='lat' dir='ltr'><strong>tuis.</strong></span> <span class='ocrx_word' id='word_1_235' title='bbox 2782 1431 2872 1498; x_wconf 76' lang='lat' dir='ltr'><strong>Et,</strong></span> <span class='ocrx_word' id='word_1_236' title='bbox 2904 1431 3004 1499; x_wconf 74' lang='lat' dir='ltr'><strong>Tu,</strong></span> <span class='ocrx_word' id='word_1_237' title='bbox 3033 1433 3280 1500; x_wconf 74' lang='lat' dir='ltr'><strong>Domine,</strong></span> <span class='ocrx_word' id='word_1_238' title='bbox 3299 1436 3451 1491; x_wconf 70' lang='lat' dir='ltr'><strong>initio</strong></span> <span class='ocrx_word' id='word_1_239' title='bbox 3487 1437 3740 1506; x_wconf 65' lang='lat' dir='ltr'><strong>fundali</strong></span> 
     </span>
    </p>
   </div>
   <div class='ocr_carea' id='block_1_29' title="bbox 2132 1525 3740 1598">
    <p class='ocr_par' dir='ltr' id='par_1_29' title="bbox 2132 1525 3740 1598">
     <span class='ocr_line' id='line_1_29' title="bbox 2132 1525 3740 1598; baseline 0.002 -22"><span class='ocrx_word' id='word_1_240' title='bbox 2132 1527 2368 1587; x_wconf 84' lang='lat' dir='ltr'><strong>terram;</strong></span> <span class='ocrx_word' id='word_1_241' title='bbox 2391 1531 2440 1576; x_wconf 79' lang='lat' dir='ltr'><strong>et</strong></span> <span class='ocrx_word' id='word_1_242' title='bbox 2460 1538 2620 1593; x_wconf 78' lang='lat' dir='ltr'><strong><em>opera</em></strong></span> <span class='ocrx_word' id='word_1_243' title='bbox 2645 1539 2902 1580; x_wconf 69' lang='lat' dir='ltr'><strong>manuum</strong></span> <span class='ocrx_word' id='word_1_244' title='bbox 2927 1532 3144 1580; x_wconf 65' lang='lat' dir='ltr'><strong>turum</strong></span> <span class='ocrx_word' id='word_1_245' title='bbox 3168 1533 3292 1580; x_wconf 76' lang='lat' dir='ltr'><strong>sunt</strong></span> <span class='ocrx_word' id='word_1_246' title='bbox 3311 1525 3443 1581; x_wconf 72' lang='lat' dir='ltr'><strong>ccli.</strong></span> <span class='ocrx_word' id='word_1_247' title='bbox 3470 1525 3594 1598; x_wconf 72' lang='lat' dir='ltr'><strong>Ipsi</strong></span> <span class='ocrx_word' id='word_1_248' title='bbox 3621 1535 3740 1598; x_wconf 67' lang='lat' dir='ltr'><strong>per-</strong></span> 
     </span>
    </p>
   </div>
   <div class='ocr_carea' id='block_1_30' title="bbox 2132 1608 3740 1684">
    <p class='ocr_par' dir='ltr' id='par_1_30' title="bbox 2132 1608 3740 1684">
     <span class='ocr_line' id='line_1_30' title="bbox 2132 1608 3740 1684; baseline 0.004 -18"><span class='ocrx_word' id='word_1_249' title='bbox 2132 1608 2300 1676; x_wconf 83' lang='lat' dir='ltr'><strong>ibunt,</strong></span> <span class='ocrx_word' id='word_1_250' title='bbox 2330 1620 2386 1668; x_wconf 84' lang='lat' dir='ltr'><strong>tu</strong></span> <span class='ocrx_word' id='word_1_251' title='bbox 2417 1622 2594 1666; x_wconf 81' lang='lat' dir='ltr'><strong>autem</strong></span> <span class='ocrx_word' id='word_1_252' title='bbox 2631 1629 2944 1684; x_wconf 72' lang='lat' dir='ltr'><strong>pensiones:</strong></span> <span class='ocrx_word' id='word_1_253' title='bbox 2973 1624 3022 1669; x_wconf 91' lang='lat' dir='ltr'><strong><em>et</em></strong></span> <span class='ocrx_word' id='word_1_254' title='bbox 3058 1615 3238 1670; x_wconf 75' lang='lat' dir='ltr'><strong>munia</strong></span> <span class='ocrx_word' id='word_1_255' title='bbox 3283 1616 3416 1670; x_wconf 75' lang='lat' dir='ltr'><strong>sicut</strong></span> <span class='ocrx_word' id='word_1_256' title='bbox 3441 1618 3740 1672; x_wconf 62' lang='lat' dir='ltr'><strong>redissen-</strong></span> 
     </span>
    </p>
   </div>
   <div class='ocr_carea' id='block_1_31' title="bbox 2133 1706 3740 1779">
    <p class='ocr_par' dir='ltr' id='par_1_31' title="bbox 2133 1706 3740 1779">
     <span class='ocr_line' id='line_1_31' title="bbox 2133 1706 3740 1779; baseline 0.006 -23"><span class='ocrx_word' id='word_1_257' title='bbox 2133 1709 2244 1761; x_wconf 83' lang='lat' dir='ltr'><strong>tum</strong></span> <span class='ocrx_word' id='word_1_258' title='bbox 2275 1711 2612 1772; x_wconf 80' lang='lat' dir='ltr'><strong>oeterascent,</strong></span> <span class='ocrx_word' id='word_1_259' title='bbox 2653 1715 2704 1758; x_wconf 76' lang='lat' dir='ltr'><strong>et</strong></span> <span class='ocrx_word' id='word_1_260' title='bbox 2748 1706 2886 1764; x_wconf 87' lang='lat' dir='ltr'><strong>sicut</strong></span> <span class='ocrx_word' id='word_1_261' title='bbox 2915 1709 3240 1779; x_wconf 70' lang='lat' dir='ltr'><strong>opertorium</strong></span> <span class='ocrx_word' id='word_1_262' title='bbox 3283 1709 3497 1766; x_wconf 61' lang='lat' dir='ltr'><strong>manus</strong></span> <span class='ocrx_word' id='word_1_263' title='bbox 3535 1727 3650 1776; x_wconf 70' lang='lat' dir='ltr'><strong>ea,</strong></span> <span class='ocrx_word' id='word_1_264' title='bbox 3681 1719 3740 1766; x_wconf 79' lang='lat' dir='ltr'><strong>et</strong></span> 
     </span>
    </p>
   </div>
   <div class='ocr_carea' id='block_1_32' title="bbox 390 1781 3742 1884">
    <p class='ocr_par' dir='ltr' id='par_1_32' title="bbox 390 1781 3742 1884">
     <span class='ocr_line' id='line_1_32' title="bbox 390 1781 3742 1884; baseline 0.001 -28"><span class='ocrx_word' id='word_1_265' title='bbox 390 1878 396 1884; x_wconf 78' lang='lat'><em>_</em></span> <span class='ocrx_word' id='word_1_266' title='bbox 440 1811 533 1856; x_wconf 88' lang='lat' dir='ltr'><strong>aut</strong></span> <span class='ocrx_word' id='word_1_267' title='bbox 570 1804 786 1872; x_wconf 83' lang='lat' dir='ltr'><strong>quando</strong></span> <span class='ocrx_word' id='word_1_268' title='bbox 811 1803 1088 1869; x_wconf 76' lang='lat' dir='ltr'><strong>voluisset,</strong></span> <span class='ocrx_word' id='word_1_269' title='bbox 1121 1813 1424 1860; x_wconf 78' lang='lat' dir='ltr'><strong><em>resumeret</em></strong></span> <span class='ocrx_word' id='word_1_270' title='bbox 1445 1821 1462 1872; x_wconf 87' lang='lat'><strong>;</strong></span> <span class='ocrx_word' id='word_1_271' title='bbox 1482 1804 1578 1862; x_wconf 84' lang='lat' dir='ltr'><strong>sed</strong></span> <span class='ocrx_word' id='word_1_272' title='bbox 1609 1803 1758 1862; x_wconf 81' lang='lat' dir='ltr'><strong>solus</strong></span> <span class='ocrx_word' id='word_1_273' title='bbox 1785 1804 1910 1860; x_wconf 82' lang='lat' dir='ltr'><strong>iste.</strong></span> <span class='ocrx_word' id='word_1_274' title='bbox 1939 1804 2031 1860; x_wconf 88' lang='lat' dir='ltr'><strong>Sic</strong></span> <span class='ocrx_word' id='word_1_275' title='bbox 2057 1781 2108 1848; x_wconf 78' lang='grc' dir='ltr'><strong>Β</strong></span> <span class='ocrx_word' id='word_1_276' title='bbox 2134 1793 2476 1850; x_wconf 81' lang='lat' dir='ltr'><strong>mutabuntur</strong></span> <span class='ocrx_word' id='word_1_277' title='bbox 2497 1811 2516 1850; x_wconf 88' lang='lat'><strong><em>:</em></strong></span> <span class='ocrx_word' id='word_1_278' title='bbox 2545 1804 2604 1852; x_wconf 76' lang='lat' dir='ltr'><strong>tu</strong></span> <span class='ocrx_word' id='word_1_279' title='bbox 2631 1806 2804 1854; x_wconf 69' lang='lat' dir='ltr'><strong>atticus</strong></span> <span class='ocrx_word' id='word_1_280' title='bbox 2847 1799 2990 1858; x_wconf 60' lang='lat' dir='ltr'><strong>ide.</strong></span> <span class='ocrx_word' id='word_1_281' title='bbox 3015 1801 3126 1870; x_wconf 75' lang='lat' dir='ltr'><strong>ipse</strong></span> <span class='ocrx_word' id='word_1_282' title='bbox 3167 1815 3243 1868; x_wconf 73' lang='grc' dir='ltr'><strong>α,</strong></span> <span class='ocrx_word' id='word_1_283' title='bbox 3287 1809 3340 1856; x_wconf 70' lang='grc' dir='ltr'><em>α</em></span> <span class='ocrx_word' id='word_1_284' title='bbox 3363 1803 3482 1855; x_wconf 73' lang='lat' dir='ltr'><strong>ni</strong></span> <span class='ocrx_word' id='word_1_285' title='bbox 3501 1804 3586 1858; x_wconf 68' lang='lat' dir='ltr'><strong>tui</strong></span> <span class='ocrx_word' id='word_1_286' title='bbox 3621 1819 3742 1858; x_wconf 72' lang='lat' dir='ltr'><strong>non</strong></span> 
     </span>
    </p>
   </div>
   <div class='ocr_carea' id='block_1_33' title="bbox 439 1893 2036 1968">
    <p class='ocr_par' dir='ltr' id='par_1_33' title="bbox 439 1893 2036 1968">
     <span class='ocr_line' id='line_1_33' title="bbox 439 1893 2036 1968; baseline 0.003 -18"><span class='ocrx_word' id='word_1_287' title='bbox 439 1895 585 1950; x_wconf 90' lang='lat' dir='ltr'><strong>enim</strong></span> <span class='ocrx_word' id='word_1_288' title='bbox 623 1896 698 1951; x_wconf 88' lang='lat' dir='ltr'><strong>ait</strong></span> <span class='ocrx_word' id='word_1_289' title='bbox 725 1893 924 1952; x_wconf 66' lang='lat' dir='ltr'><strong>Iudaeis</strong></span> <span class='ocrx_word' id='word_1_290' title='bbox 949 1911 963 1950; x_wconf 89' lang='lat'><strong>:</strong></span> <span class='ocrx_word' id='word_1_291' title='bbox 995 1895 1192 1952; x_wconf 80' lang='lat' dir='ltr'><strong>Solvite</strong></span> <span class='ocrx_word' id='word_1_292' title='bbox 1214 1896 1462 1968; x_wconf 73' lang='lat' dir='ltr'><strong>templum</strong></span> <span class='ocrx_word' id='word_1_293' title='bbox 1491 1897 1608 1963; x_wconf 86' lang='lat' dir='ltr'><strong>hoc,</strong></span> <span class='ocrx_word' id='word_1_294' title='bbox 1633 1906 1685 1952; x_wconf 88' lang='lat' dir='ltr'><strong><em>et</em></strong></span> <span class='ocrx_word' id='word_1_295' title='bbox 1711 1896 1887 1954; x_wconf 81' lang='lat' dir='ltr'><strong>triduo</strong></span> <span class='ocrx_word' id='word_1_296' title='bbox 1916 1914 2036 1956; x_wconf 75' lang='lat' dir='ltr'><strong>stto—</strong></span> 
     </span>
    </p>
   </div>
   <div class='ocr_carea' id='block_1_34' title="bbox 439 1987 2033 2062">
    <p class='ocr_par' dir='ltr' id='par_1_34' title="bbox 439 1987 2033 2062">
     <span class='ocr_line' id='line_1_34' title="bbox 439 1987 2033 2062; baseline 0.003 -20"><span class='ocrx_word' id='word_1_297' title='bbox 439 1987 610 2042; x_wconf 87' lang='lat' dir='ltr'><strong>citabo</strong></span> <span class='ocrx_word' id='word_1_298' title='bbox 649 1987 803 2043; x_wconf 86' lang='lat' dir='ltr'><strong>illud.</strong></span> <span class='ocrx_word' id='word_1_299' title='bbox 840 1989 956 2044; x_wconf 82' lang='lat' dir='ltr'><strong>Non</strong></span> <span class='ocrx_word' id='word_1_300' title='bbox 984 1989 1120 2044; x_wconf 83' lang='lat' dir='ltr'><strong>dixit</strong></span> <span class='ocrx_word' id='word_1_301' title='bbox 1147 2033 1159 2044; x_wconf 94' lang='lat'><strong>.</strong></span> <span class='ocrx_word' id='word_1_302' title='bbox 1201 1989 1406 2047; x_wconf 84' lang='lat' dir='ltr'><strong>Solvite</strong></span> <span class='ocrx_word' id='word_1_303' title='bbox 1429 1991 1688 2060; x_wconf 80' lang='lat' dir='ltr'><strong>templum</strong></span> <span class='ocrx_word' id='word_1_304' title='bbox 1717 1991 1840 2057; x_wconf 88' lang='lat' dir='ltr'><strong>hoc,</strong></span> <span class='ocrx_word' id='word_1_305' title='bbox 1873 2005 2033 2062; x_wconf 85' lang='lat' dir='ltr'><strong>quem</strong></span> 
     </span>
    </p>
   </div>
   <div class='ocr_carea' id='block_1_35' title="bbox 439 2079 2035 2154">
    <p class='ocr_par' dir='ltr' id='par_1_35' title="bbox 439 2079 2035 2154">
     <span class='ocr_line' id='line_1_35' title="bbox 439 2079 2035 2154; baseline 0.002 -18"><span class='ocrx_word' id='word_1_306' title='bbox 439 2079 604 2137; x_wconf 86' lang='lat' dir='ltr'><strong>Pater</strong></span> <span class='ocrx_word' id='word_1_307' title='bbox 631 2082 876 2146; x_wconf 83' lang='lat' dir='ltr'><strong>suscitet,</strong></span> <span class='ocrx_word' id='word_1_308' title='bbox 905 2083 1020 2148; x_wconf 89' lang='lat' dir='ltr'><strong>sed,</strong></span> <span class='ocrx_word' id='word_1_309' title='bbox 1053 2082 1168 2154; x_wconf 84' lang='lat' dir='ltr'><strong>Ego</strong></span> <span class='ocrx_word' id='word_1_310' title='bbox 1189 2083 1462 2140; x_wconf 84' lang='lat' dir='ltr'><strong>suscitabo</strong></span> <span class='ocrx_word' id='word_1_311' title='bbox 1483 2083 1636 2140; x_wconf 89' lang='lat' dir='ltr'><strong>illud.</strong></span> <span class='ocrx_word' id='word_1_312' title='bbox 1662 2083 1731 2138; x_wconf 86' lang='lat' dir='ltr'><strong>Et</strong></span> <span class='ocrx_word' id='word_1_313' title='bbox 1753 2083 1808 2142; x_wconf 89' lang='lat' dir='ltr'><strong>in</strong></span> <span class='ocrx_word' id='word_1_314' title='bbox 1826 2085 2035 2154; x_wconf 79' lang='lat' dir='ltr'><strong>psalmo</strong></span> 
     </span>
    </p>
   </div>
   <div class='ocr_carea' id='block_1_36' title="bbox 442 2175 2039 2248">
    <p class='ocr_par' dir='ltr' id='par_1_36' title="bbox 442 2175 2039 2248">
     <span class='ocr_line' id='line_1_36' title="bbox 442 2175 2039 2248; baseline 0.002 -19"><span class='ocrx_word' id='word_1_315' title='bbox 442 2177 607 2231; x_wconf 85' lang='lat' dir='ltr'><strong>tertio</strong></span> <span class='ocrx_word' id='word_1_316' title='bbox 632 2176 740 2231; x_wconf 84' lang='lat' dir='ltr'><strong>ait:</strong></span> <span class='ocrx_word' id='word_1_317' title='bbox 781 2175 892 2248; x_wconf 87' lang='lat' dir='ltr'><strong>Ego</strong></span> <span class='ocrx_word' id='word_1_318' title='bbox 922 2175 1144 2232; x_wconf 86' lang='lat' dir='ltr'><strong>dormivi</strong></span> <span class='ocrx_word' id='word_1_319' title='bbox 1174 2185 1220 2232; x_wconf 86' lang='lat' dir='ltr'><strong><em>et</em></strong></span> <span class='ocrx_word' id='word_1_320' title='bbox 1259 2178 1554 2234; x_wconf 71' lang='lat' dir='ltr'><strong><em>exsurrexi.</em></strong></span> <span class='ocrx_word' id='word_1_321' title='bbox 1595 2175 1711 2234; x_wconf 83' lang='lat' dir='ltr'><strong>Hoc</strong></span> <span class='ocrx_word' id='word_1_322' title='bbox 1749 2183 1922 2233; x_wconf 86' lang='lat' dir='ltr'><strong>totum</strong></span> <span class='ocrx_word' id='word_1_323' title='bbox 1969 2177 2039 2232; x_wconf 87' lang='lat' dir='ltr'><strong>li-</strong></span> 
     </span>
    </p>
   </div>
   <div class='ocr_carea' id='block_1_37' title="bbox 440 2261 2038 2342">
    <p class='ocr_par' dir='ltr' id='par_1_37' title="bbox 440 2261 2038 2342">
     <span class='ocr_line' id='line_1_37' title="bbox 440 2261 2038 2342; baseline 0.003 -22"><span class='ocrx_word' id='word_1_324' title='bbox 440 2261 572 2320; x_wconf 88' lang='lat' dir='ltr'><strong>bera</strong></span> <span class='ocrx_word' id='word_1_325' title='bbox 597 2264 800 2320; x_wconf 88' lang='lat' dir='ltr'><strong>Christi</strong></span> <span class='ocrx_word' id='word_1_326' title='bbox 823 2274 1078 2338; x_wconf 86' lang='lat' dir='ltr'><strong>potestas,</strong></span> <span class='ocrx_word' id='word_1_327' title='bbox 1106 2264 1242 2342; x_wconf 79' lang='lat' dir='ltr'><strong>ejus,</strong></span> <span class='ocrx_word' id='word_1_328' title='bbox 1272 2267 1365 2340; x_wconf 87' lang='lat' dir='ltr'><strong>qui</strong></span> <span class='ocrx_word' id='word_1_329' title='bbox 1384 2275 1652 2338; x_wconf 84' lang='lat' dir='ltr'><strong>potestate</strong></span> <span class='ocrx_word' id='word_1_330' title='bbox 1671 2283 1769 2324; x_wconf 87' lang='lat' dir='ltr'><strong>sua</strong></span> <span class='ocrx_word' id='word_1_331' title='bbox 1792 2278 2038 2326; x_wconf 84' lang='lat' dir='ltr'><strong>mortuus</strong></span> 
     </span>
    </p>
   </div>
   <div class='ocr_carea' id='block_1_38' title="bbox 444 2357 2038 2428">
    <p class='ocr_par' dir='ltr' id='par_1_38' title="bbox 444 2357 2038 2428">
     <span class='ocr_line' id='line_1_38' title="bbox 444 2357 2038 2428; baseline 0.003 -18"><span class='ocrx_word' id='word_1_332' title='bbox 444 2363 546 2420; x_wconf 85' lang='lat' dir='ltr'><strong>est,</strong></span> <span class='ocrx_word' id='word_1_333' title='bbox 577 2365 849 2426; x_wconf 84' lang='lat' dir='ltr'><strong>potestate</strong></span> <span class='ocrx_word' id='word_1_334' title='bbox 878 2371 975 2412; x_wconf 90' lang='lat' dir='ltr'><strong>sua</strong></span> <span class='ocrx_word' id='word_1_335' title='bbox 1007 2358 1323 2413; x_wconf 74' lang='lat' dir='ltr'><strong>resurrexit.</strong></span> <span class='ocrx_word' id='word_1_336' title='bbox 1366 2357 1434 2412; x_wconf 89' lang='lat' dir='ltr'><strong>Et</strong></span> <span class='ocrx_word' id='word_1_337' title='bbox 1461 2357 1556 2428; x_wconf 86' lang='lat' dir='ltr'><strong>qui</strong></span> <span class='ocrx_word' id='word_1_338' title='bbox 1583 2366 1908 2428; x_wconf 82' lang='lat' dir='ltr'><strong>potestatem</strong></span> <span class='ocrx_word' id='word_1_339' title='bbox 1941 2359 2038 2414; x_wconf 83' lang='lat' dir='ltr'><strong>ha-</strong></span> 
     </span>
    </p>
   </div>
   <div class='ocr_carea' id='block_1_39' title="bbox 444 2448 2034 2522">
    <p class='ocr_par' dir='ltr' id='par_1_39' title="bbox 444 2448 2034 2522">
     <span class='ocr_line' id='line_1_39' title="bbox 444 2448 2034 2522; baseline 0.001 -19"><span class='ocrx_word' id='word_1_340' title='bbox 444 2448 556 2514; x_wconf 89' lang='lat' dir='ltr'><strong>bet,</strong></span> <span class='ocrx_word' id='word_1_341' title='bbox 581 2449 726 2503; x_wconf 86' lang='lat' dir='ltr'><strong>Deus</strong></span> <span class='ocrx_word' id='word_1_342' title='bbox 747 2457 862 2515; x_wconf 90' lang='lat' dir='ltr'><strong>est;</strong></span> <span class='ocrx_word' id='word_1_343' title='bbox 887 2456 942 2504; x_wconf 91' lang='lat' dir='ltr'><strong>et</strong></span> <span class='ocrx_word' id='word_1_344' title='bbox 961 2465 1070 2504; x_wconf 89' lang='lat' dir='ltr'><strong>non</strong></span> <span class='ocrx_word' id='word_1_345' title='bbox 1087 2449 1344 2518; x_wconf 88' lang='lat' dir='ltr'><strong>quislibet</strong></span> <span class='ocrx_word' id='word_1_346' title='bbox 1369 2449 1530 2518; x_wconf 88' lang='lat' dir='ltr'><strong>Deus,</strong></span> <span class='ocrx_word' id='word_1_347' title='bbox 1558 2449 1654 2506; x_wconf 85' lang='lat' dir='ltr'><strong>sed</strong></span> <span class='ocrx_word' id='word_1_348' title='bbox 1673 2450 2034 2522; x_wconf 83' lang='lat' dir='ltr'><strong>omnipotens,</strong></span> 
     </span>
    </p>
   </div>
   <div class='ocr_carea' id='block_1_40' title="bbox 445 2538 2040 2612">
    <p class='ocr_par' dir='ltr' id='par_1_40' title="bbox 445 2538 2040 2612">
     <span class='ocr_line' id='line_1_40' title="bbox 445 2538 2040 2612; baseline 0.001 -20"><span class='ocrx_word' id='word_1_349' title='bbox 445 2539 573 2610; x_wconf 85' lang='lat' dir='ltr'><strong>quia</strong></span> <span class='ocrx_word' id='word_1_350' title='bbox 595 2539 776 2595; x_wconf 87' lang='lat' dir='ltr'><strong>omnia</strong></span> <span class='ocrx_word' id='word_1_351' title='bbox 803 2546 1002 2609; x_wconf 83' lang='lat' dir='ltr'><strong>potest.</strong></span> <span class='ocrx_word' id='word_1_352' title='bbox 1039 2539 1106 2592; x_wconf 88' lang='lat' dir='ltr'><strong>Et</strong></span> <span class='ocrx_word' id='word_1_353' title='bbox 1141 2538 1318 2594; x_wconf 87' lang='lat' dir='ltr'><strong>nullus</strong></span> <span class='ocrx_word' id='word_1_354' title='bbox 1337 2549 1518 2610; x_wconf 85' lang='lat' dir='ltr'><strong>potest</strong></span> <span class='ocrx_word' id='word_1_355' title='bbox 1542 2541 1722 2597; x_wconf 83' lang='lat' dir='ltr'><strong>facere</strong></span> <span class='ocrx_word' id='word_1_356' title='bbox 1747 2541 1891 2612; x_wconf 90' lang='lat' dir='ltr'><strong>quod</strong></span> <span class='ocrx_word' id='word_1_357' title='bbox 1912 2540 2040 2596; x_wconf 80' lang='lat' dir='ltr'><strong>fecit</strong></span> 
     </span>
    </p>
   </div>
   <div class='ocr_carea' id='block_1_41' title="bbox 444 2629 2038 2703">
    <p class='ocr_par' dir='ltr' id='par_1_41' title="bbox 444 2629 2038 2703">
     <span class='ocr_line' id='line_1_41' title="bbox 444 2629 2038 2703; baseline 0.001 -17"><span class='ocrx_word' id='word_1_358' title='bbox 444 2629 658 2686; x_wconf 76' lang='lat' dir='ltr'><strong>etfacit</strong></span> <span class='ocrx_word' id='word_1_359' title='bbox 686 2631 1031 2701; x_wconf 86' lang='lat' dir='ltr'><strong>omnipotens</strong></span> <span class='ocrx_word' id='word_1_360' title='bbox 1060 2631 1220 2686; x_wconf 88' lang='lat' dir='ltr'><strong>Deus.</strong></span> <span class='ocrx_word' id='word_1_361' title='bbox 1271 2630 1406 2687; x_wconf 86' lang='lat' dir='ltr'><strong>Nam</strong></span> <span class='ocrx_word' id='word_1_362' title='bbox 1450 2633 1574 2703; x_wconf 87' lang='lat' dir='ltr'><strong>quia</strong></span> <span class='ocrx_word' id='word_1_363' title='bbox 1619 2643 1674 2690; x_wconf 89' lang='lat' dir='ltr'><strong>et</strong></span> <span class='ocrx_word' id='word_1_364' title='bbox 1707 2633 1871 2688; x_wconf 85' lang='lat' dir='ltr'><strong>Pater</strong></span> <span class='ocrx_word' id='word_1_365' title='bbox 1914 2645 2038 2694; x_wconf 85' lang='lat' dir='ltr'><strong>eum</strong></span> 
     </span>
    </p>
   </div>
   <div class='ocr_carea' id='block_1_42' title="bbox 445 2723 2038 2796">
    <p class='ocr_par' dir='ltr' id='par_1_42' title="bbox 445 2723 2038 2796">
     <span class='ocr_line' id='line_1_42' title="bbox 445 2723 2038 2796; baseline 0 -18"><span class='ocrx_word' id='word_1_366' title='bbox 445 2723 753 2790; x_wconf 84' lang='lat' dir='ltr'><strong>suscitavit,</strong></span> <span class='ocrx_word' id='word_1_367' title='bbox 773 2723 906 2779; x_wconf 88' lang='lat' dir='ltr'><strong>dicit</strong></span> <span class='ocrx_word' id='word_1_368' title='bbox 923 2723 978 2778; x_wconf 90' lang='lat' dir='ltr'><strong>in</strong></span> <span class='ocrx_word' id='word_1_369' title='bbox 1007 2724 1196 2780; x_wconf 91' lang='lat' dir='ltr'><strong>eodem</strong></span> <span class='ocrx_word' id='word_1_370' title='bbox 1215 2725 1456 2796; x_wconf 88' lang='lat' dir='ltr'><strong>psalmo:</strong></span> <span class='ocrx_word' id='word_1_371' title='bbox 1487 2725 1747 2782; x_wconf 86' lang='lat' dir='ltr'><strong>Dominus</strong></span> <span class='ocrx_word' id='word_1_372' title='bbox 1767 2725 2038 2782; x_wconf 80' lang='lat' dir='ltr'><strong>suscitavit</strong></span> 
     </span>
    </p>
   </div>
   <div class='ocr_carea' id='block_1_43' title="bbox 447 2812 2042 2885">
    <p class='ocr_par' dir='ltr' id='par_1_43' title="bbox 447 2812 2042 2885">
     <span class='ocr_line' id='line_1_43' title="bbox 447 2812 2042 2885; baseline 0.002 -19"><span class='ocrx_word' id='word_1_373' title='bbox 447 2829 552 2867; x_wconf 87' lang='lat' dir='ltr'><strong>me.</strong></span> <span class='ocrx_word' id='word_1_374' title='bbox 595 2812 884 2867; x_wconf 88' lang='lat' dir='ltr'><strong>Dominum</strong></span> <span class='ocrx_word' id='word_1_375' title='bbox 929 2813 1080 2882; x_wconf 84' lang='lat' dir='ltr'><strong>dicit,</strong></span> <span class='ocrx_word' id='word_1_376' title='bbox 1119 2831 1278 2885; x_wconf 90' lang='lat' dir='ltr'><strong>quem</strong></span> <span class='ocrx_word' id='word_1_377' title='bbox 1325 2815 1542 2871; x_wconf 89' lang='lat' dir='ltr'><strong>Patrem</strong></span> <span class='ocrx_word' id='word_1_378' title='bbox 1582 2816 1766 2872; x_wconf 84' lang='lat' dir='ltr'><strong>habet.</strong></span> <span class='ocrx_word' id='word_1_379' title='bbox 1813 2814 1950 2872; x_wconf 85' lang='lat' dir='ltr'><strong>Nam</strong></span> <span class='ocrx_word' id='word_1_380' title='bbox 1993 2815 2042 2873; x_wconf 83' lang='lat' dir='ltr'><strong>si</strong></span> 
     </span>
    </p>
   </div>
   <div class='ocr_carea' id='block_1_44' title="bbox 447 2889 2042 2976">
    <p class='ocr_par' dir='ltr' id='par_1_44' title="bbox 447 2889 2042 2976">
     <span class='ocr_line' id='line_1_44' title="bbox 447 2889 2042 2976; baseline 0.004 -18"><span class='ocrx_word' id='word_1_381' title='bbox 447 2919 572 2958; x_wconf 91' lang='lat' dir='ltr'><strong>eum</strong></span> <span class='ocrx_word' id='word_1_382' title='bbox 604 2889 822 2958; x_wconf 85' lang='lat' dir='ltr'><strong>Patrem</strong></span> <span class='ocrx_word' id='word_1_383' title='bbox 871 2920 978 2958; x_wconf 89' lang='lat' dir='ltr'><strong>non</strong></span> <span class='ocrx_word' id='word_1_384' title='bbox 1017 2905 1261 2970; x_wconf 80' lang='lat' dir='ltr'><strong>haberet,</strong></span> <span class='ocrx_word' id='word_1_385' title='bbox 1314 2906 1508 2964; x_wconf 87' lang='lat' dir='ltr'><strong>Petrus</strong></span> <span class='ocrx_word' id='word_1_386' title='bbox 1543 2905 1818 2976; x_wconf 85' lang='lat' dir='ltr'><strong>apostolus</strong></span> <span class='ocrx_word' id='word_1_387' title='bbox 1865 2905 1934 2962; x_wconf 89' lang='lat' dir='ltr'><strong>de</strong></span> <span class='ocrx_word' id='word_1_388' title='bbox 1975 2921 2042 2964; x_wconf 87' lang='lat' dir='ltr'><strong>eo</strong></span> 
     </span>
    </p>
   </div>
   <div class='ocr_carea' id='block_1_45' title="bbox 447 2991 2044 3070">
    <p class='ocr_par' dir='ltr' id='par_1_45' title="bbox 447 2991 2044 3070">
     <span class='ocr_line' id='line_1_45' title="bbox 447 2991 2044 3070; baseline 0.001 -20"><span class='ocrx_word' id='word_1_389' title='bbox 447 3010 558 3050; x_wconf 90' lang='lat' dir='ltr'><strong>non</strong></span> <span class='ocrx_word' id='word_1_390' title='bbox 588 2993 790 3070; x_wconf 67' lang='lat' dir='ltr'><strong>diceret</strong></span> <span class='ocrx_word' id='word_1_391' title='bbox 830 2991 1072 3052; x_wconf 62' lang='lat' dir='ltr'><strong>Judaeis:</strong></span> <span class='ocrx_word' id='word_1_392' title='bbox 1113 2996 1370 3054; x_wconf 81' lang='lat' dir='ltr'><strong>Dominus</strong></span> <span class='ocrx_word' id='word_1_393' title='bbox 1406 2997 1548 3054; x_wconf 84' lang='lat' dir='ltr'><strong><em>Deus</em></strong></span> <span class='ocrx_word' id='word_1_394' title='bbox 1584 3007 1795 3068; x_wconf 84' lang='lat' dir='ltr'><strong>patrum</strong></span> <span class='ocrx_word' id='word_1_395' title='bbox 1839 3006 2044 3052; x_wconf 79' lang='lat' dir='ltr'><strong>nostro-</strong></span> 
     </span>
    </p>
   </div>
   <div class='ocr_carea' id='block_1_46' title="bbox 449 3085 2043 3160">
    <p class='ocr_par' dir='ltr' id='par_1_46' title="bbox 449 3085 2043 3160">
     <span class='ocr_line' id='line_1_46' title="bbox 449 3085 2043 3160; baseline 0.002 -21"><span class='ocrx_word' id='word_1_396' title='bbox 449 3102 566 3140; x_wconf 85' lang='lat' dir='ltr'><strong>rum</strong></span> <span class='ocrx_word' id='word_1_397' title='bbox 597 3089 865 3142; x_wconf 82' lang='lat' dir='ltr'><strong>suscitavit</strong></span> <span class='ocrx_word' id='word_1_398' title='bbox 893 3085 1096 3142; x_wconf 85' lang='lat' dir='ltr'><strong>Filium</strong></span> <span class='ocrx_word' id='word_1_399' title='bbox 1118 3104 1299 3157; x_wconf 50' lang='lat' dir='ltr'><strong>,suum</strong></span> <span class='ocrx_word' id='word_1_400' title='bbox 1325 3087 1529 3154; x_wconf 86' lang='lat' dir='ltr'><strong>Jesum,</strong></span> <span class='ocrx_word' id='word_1_401' title='bbox 1561 3104 1717 3160; x_wconf 86' lang='lat' dir='ltr'><strong>quem</strong></span> <span class='ocrx_word' id='word_1_402' title='bbox 1751 3104 1838 3146; x_wconf 84' lang='lat' dir='ltr'><strong>vos</strong></span> <span class='ocrx_word' id='word_1_403' title='bbox 1880 3089 2043 3145; x_wconf 83' lang='lat' dir='ltr'><strong>inter-</strong></span> 
     </span>
    </p>
   </div>
   <div class='ocr_carea' id='block_1_47' title="bbox 447 3177 2043 3250">
    <p class='ocr_par' dir='ltr' id='par_1_47' title="bbox 447 3177 2043 3250">
     <span class='ocr_line' id='line_1_47' title="bbox 447 3177 2043 3250; baseline 0.004 -19"><span class='ocrx_word' id='word_1_404' title='bbox 447 3179 668 3233; x_wconf 87' lang='lat' dir='ltr'><strong>emistis.</strong></span> <span class='ocrx_word' id='word_1_405' title='bbox 704 3177 907 3236; x_wconf 74' lang='lat' dir='ltr'><strong>Servus</strong></span> <span class='ocrx_word' id='word_1_406' title='bbox 949 3181 1126 3236; x_wconf 86' lang='lat' dir='ltr'><strong>dictus</strong></span> <span class='ocrx_word' id='word_1_407' title='bbox 1155 3188 1240 3234; x_wconf 84' lang='lat' dir='ltr'><strong>est</strong></span> <span class='ocrx_word' id='word_1_408' title='bbox 1273 3178 1451 3234; x_wconf 86' lang='lat' dir='ltr'><strong>Patris</strong></span> <span class='ocrx_word' id='word_1_409' title='bbox 1471 3217 1485 3246; x_wconf 89' lang='lat'><strong>,</strong></span> <span class='ocrx_word' id='word_1_410' title='bbox 1532 3179 1661 3250; x_wconf 86' lang='lat' dir='ltr'><strong>quia</strong></span> <span class='ocrx_word' id='word_1_411' title='bbox 1691 3179 2043 3250; x_wconf 85' lang='lat' dir='ltr'><strong>semetipsum</strong></span> 
     </span>
    </p>
   </div>
   <div class='ocr_carea' id='block_1_48' title="bbox 449 3271 2046 3342">
    <p class='ocr_par' dir='ltr' id='par_1_48' title="bbox 449 3271 2046 3342">
     <span class='ocr_line' id='line_1_48' title="bbox 449 3271 2046 3342; baseline 0.003 -18"><span class='ocrx_word' id='word_1_412' title='bbox 449 3271 776 3340; x_wconf 79' lang='lat' dir='ltr'><strong>exinanivit,</strong></span> <span class='ocrx_word' id='word_1_413' title='bbox 831 3271 886 3327; x_wconf 88' lang='lat' dir='ltr'><strong>id</strong></span> <span class='ocrx_word' id='word_1_414' title='bbox 943 3280 1056 3338; x_wconf 90' lang='lat' dir='ltr'><strong>est,</strong></span> <span class='ocrx_word' id='word_1_415' title='bbox 1114 3271 1464 3342; x_wconf 82' lang='lat' dir='ltr'><strong>semetipsum</strong></span> <span class='ocrx_word' id='word_1_416' title='bbox 1519 3273 1723 3330; x_wconf 86' lang='lat' dir='ltr'><strong>mundo</strong></span> <span class='ocrx_word' id='word_1_417' title='bbox 1775 3272 2046 3328; x_wconf 78' lang='lat' dir='ltr'><strong>visibilem</strong></span> 
     </span>
    </p>
   </div>
   <div class='ocr_carea' id='block_1_49' title="bbox 447 3361 2044 3436">
    <p class='ocr_par' dir='ltr' id='par_1_49' title="bbox 447 3361 2044 3436">
     <span class='ocr_line' id='line_1_49' title="bbox 447 3361 2044 3436; baseline 0.003 -22"><span class='ocrx_word' id='word_1_418' title='bbox 447 3362 703 3416; x_wconf 85' lang='lat' dir='ltr'><strong>ostendit.</strong></span> <span class='ocrx_word' id='word_1_419' title='bbox 733 3363 867 3430; x_wconf 87' lang='lat' dir='ltr'><strong>Quia</strong></span> <span class='ocrx_word' id='word_1_420' title='bbox 893 3363 1120 3433; x_wconf 78' lang='lat' dir='ltr'><strong>formam</strong></span> <span class='ocrx_word' id='word_1_421' title='bbox 1150 3362 1282 3416; x_wconf 85' lang='lat' dir='ltr'><strong>servi</strong></span> <span class='ocrx_word' id='word_1_422' title='bbox 1311 3363 1588 3436; x_wconf 87' lang='lat' dir='ltr'><strong>accipiens,</strong></span> <span class='ocrx_word' id='word_1_423' title='bbox 1611 3363 1787 3434; x_wconf 82' lang='lat' dir='ltr'><strong>inquit</strong></span> <span class='ocrx_word' id='word_1_424' title='bbox 1810 3361 2044 3433; x_wconf 80' lang='lat' dir='ltr'><strong>Aposto—</strong></span> 
     </span>
    </p>
   </div>
   <div class='ocr_carea' id='block_1_50' title="bbox 449 3451 2048 3526">
    <p class='ocr_par' dir='ltr' id='par_1_50' title="bbox 449 3451 2048 3526">
     <span class='ocr_line' id='line_1_50' title="bbox 449 3451 2048 3526; baseline 0.003 -21"><span class='ocrx_word' id='word_1_425' title='bbox 449 3451 554 3519; x_wconf 88' lang='lat' dir='ltr'><strong>lus,</strong></span> <span class='ocrx_word' id='word_1_426' title='bbox 585 3455 643 3508; x_wconf 90' lang='lat' dir='ltr'><strong>in</strong></span> <span class='ocrx_word' id='word_1_427' title='bbox 666 3453 1068 3510; x_wconf 83' lang='lat' dir='ltr'><strong>similitudinem</strong></span> <span class='ocrx_word' id='word_1_428' title='bbox 1107 3453 1377 3508; x_wconf 84' lang='lat' dir='ltr'><strong>hominum</strong></span> <span class='ocrx_word' id='word_1_429' title='bbox 1409 3455 1580 3526; x_wconf 74' lang='lat' dir='ltr'><strong>[actus</strong></span> <span class='ocrx_word' id='word_1_430' title='bbox 1607 3464 1716 3522; x_wconf 81' lang='lat' dir='ltr'><strong>est,</strong></span> <span class='ocrx_word' id='word_1_431' title='bbox 1754 3454 1938 3510; x_wconf 84' lang='lat' dir='ltr'><strong>habitu</strong></span> <span class='ocrx_word' id='word_1_432' title='bbox 1965 3455 2048 3510; x_wconf 84' lang='lat' dir='ltr'><strong>in—</strong></span> 
     </span>
    </p>
   </div>
   <div class='ocr_carea' id='block_1_51' title="bbox 450 3543 2046 3616">
    <p class='ocr_par' dir='ltr' id='par_1_51' title="bbox 450 3543 2046 3616">
     <span class='ocr_line' id='line_1_51' title="bbox 450 3543 2046 3616; baseline 0.001 -18"><span class='ocrx_word' id='word_1_433' title='bbox 450 3555 629 3599; x_wconf 82' lang='lat' dir='ltr'><strong>ventus</strong></span> <span class='ocrx_word' id='word_1_434' title='bbox 662 3557 717 3598; x_wconf 89' lang='lat' dir='ltr'><strong>ut</strong></span> <span class='ocrx_word' id='word_1_435' title='bbox 749 3546 925 3599; x_wconf 92' lang='lat' dir='ltr'><strong>homo.</strong></span> <span class='ocrx_word' id='word_1_436' title='bbox 953 3543 1022 3600; x_wconf 86' lang='lat' dir='ltr'><strong>Et</strong></span> <span class='ocrx_word' id='word_1_437' title='bbox 1058 3544 1179 3601; x_wconf 89' lang='lat' dir='ltr'><strong>ideo</strong></span> <span class='ocrx_word' id='word_1_438' title='bbox 1204 3545 1382 3600; x_wconf 87' lang='lat' dir='ltr'><strong>Patris</strong></span> <span class='ocrx_word' id='word_1_439' title='bbox 1427 3555 1511 3601; x_wconf 87' lang='lat' dir='ltr'><strong>est</strong></span> <span class='ocrx_word' id='word_1_440' title='bbox 1557 3561 1766 3614; x_wconf 80' lang='lat' dir='ltr'><strong>servus,</strong></span> <span class='ocrx_word' id='word_1_441' title='bbox 1799 3545 1894 3616; x_wconf 88' lang='lat' dir='ltr'><strong>qui</strong></span> <span class='ocrx_word' id='word_1_442' title='bbox 1923 3561 2046 3600; x_wconf 89' lang='lat' dir='ltr'><strong>cum</strong></span> 
     </span>
    </p>
   </div>
   <div class='ocr_carea' id='block_1_52' title="bbox 448 3631 2048 3702">
    <p class='ocr_par' dir='ltr' id='par_1_52' title="bbox 448 3631 2048 3702">
     <span class='ocr_line' id='line_1_52' title="bbox 448 3631 2048 3702; baseline 0.001 -14"><span class='ocrx_word' id='word_1_443' title='bbox 448 3631 612 3688; x_wconf 87' lang='lat' dir='ltr'><strong>Patre</strong></span> <span class='ocrx_word' id='word_1_444' title='bbox 635 3641 720 3688; x_wconf 90' lang='lat' dir='ltr'><strong>est</strong></span> <span class='ocrx_word' id='word_1_445' title='bbox 745 3650 884 3689; x_wconf 86' lang='lat' dir='ltr'><strong>unus</strong></span> <span class='ocrx_word' id='word_1_446' title='bbox 915 3633 1198 3702; x_wconf 91' lang='lat' dir='ltr'><strong>Dominus,</strong></span> <span class='ocrx_word' id='word_1_447' title='bbox 1236 3643 1291 3689; x_wconf 90' lang='lat' dir='ltr'><strong>et</strong></span> <span class='ocrx_word' id='word_1_448' title='bbox 1309 3649 1448 3689; x_wconf 90' lang='lat' dir='ltr'><strong>unus</strong></span> <span class='ocrx_word' id='word_1_449' title='bbox 1470 3635 1633 3690; x_wconf 78' lang='lat' dir='ltr'><strong>Deus.</strong></span> <span class='ocrx_word' id='word_1_450' title='bbox 1665 3635 2048 3692; x_wconf 75' lang='lat' dir='ltr'><strong>Verumtamen</strong></span> 
     </span>
    </p>
   </div>
   <div class='ocr_carea' id='block_1_53' title="bbox 453 3723 2048 3793">
    <p class='ocr_par' dir='ltr' id='par_1_53' title="bbox 453 3723 2048 3793">
     <span class='ocr_line' id='line_1_53' title="bbox 453 3723 2048 3793; baseline 0.003 -16"><span class='ocrx_word' id='word_1_451' title='bbox 453 3723 570 3793; x_wconf 89' lang='lat' dir='ltr'><strong>ipse</strong></span> <span class='ocrx_word' id='word_1_452' title='bbox 603 3723 706 3778; x_wconf 88' lang='lat' dir='ltr'><strong>sibi</strong></span> <span class='ocrx_word' id='word_1_453' title='bbox 737 3739 838 3777; x_wconf 76' lang='lat' dir='ltr'><strong>nec</strong></span> <span class='ocrx_word' id='word_1_454' title='bbox 875 3723 1148 3787; x_wconf 85' lang='lat' dir='ltr'><strong>dominus,</strong></span> <span class='ocrx_word' id='word_1_455' title='bbox 1189 3739 1291 3779; x_wconf 91' lang='lat' dir='ltr'><strong>nec</strong></span> <span class='ocrx_word' id='word_1_456' title='bbox 1317 3740 1506 3780; x_wconf 83' lang='lat' dir='ltr'><strong>servus</strong></span> <span class='ocrx_word' id='word_1_457' title='bbox 1531 3734 1634 3780; x_wconf 88' lang='lat' dir='ltr'><strong>est.</strong></span> <span class='ocrx_word' id='word_1_458' title='bbox 1663 3723 1844 3782; x_wconf 89' lang='lat' dir='ltr'><strong>Solius</strong></span> <span class='ocrx_word' id='word_1_459' title='bbox 1873 3724 2048 3784; x_wconf 86' lang='lat' dir='ltr'><strong>Patris</strong></span> 
     </span>
    </p>
   </div>
   <div class='ocr_carea' id='block_1_54' title="bbox 451 3813 2049 3888">
    <p class='ocr_par' dir='ltr' id='par_1_54' title="bbox 451 3813 2049 3888">
     <span class='ocr_line' id='line_1_54' title="bbox 451 3813 2049 3888; baseline 0.003 -20"><span class='ocrx_word' id='word_1_460' title='bbox 451 3821 536 3868; x_wconf 90' lang='lat' dir='ltr'><strong>est</strong></span> <span class='ocrx_word' id='word_1_461' title='bbox 560 3827 769 3879; x_wconf 75' lang='lat' dir='ltr'><strong>servus,</strong></span> <span class='ocrx_word' id='word_1_462' title='bbox 802 3814 928 3883; x_wconf 86' lang='lat' dir='ltr'><strong>quia</strong></span> <span class='ocrx_word' id='word_1_463' title='bbox 956 3813 1088 3868; x_wconf 85' lang='lat' dir='ltr'><strong>facit</strong></span> <span class='ocrx_word' id='word_1_464' title='bbox 1121 3813 1450 3873; x_wconf 74' lang='lat' dir='ltr'><strong>voluntatem</strong></span> <span class='ocrx_word' id='word_1_465' title='bbox 1475 3817 1686 3883; x_wconf 84' lang='lat' dir='ltr'><strong>Patris,</strong></span> <span class='ocrx_word' id='word_1_466' title='bbox 1725 3825 1785 3872; x_wconf 90' lang='lat' dir='ltr'><strong>ut</strong></span> <span class='ocrx_word' id='word_1_467' title='bbox 1831 3817 1946 3888; x_wconf 88' lang='lat' dir='ltr'><strong>ipse</strong></span> <span class='ocrx_word' id='word_1_468' title='bbox 1983 3818 2049 3872; x_wconf 87' lang='lat' dir='ltr'><strong>de</strong></span> 
     </span>
    </p>
   </div>
   <div class='ocr_carea' id='block_1_55' title="bbox 2135 1883 3740 1956">
    <p class='ocr_par' dir='ltr' id='par_1_55' title="bbox 2135 1883 3740 1956">
     <span class='ocr_line' id='line_1_55' title="bbox 2135 1883 3740 1956; baseline 0.004 -14"><span class='ocrx_word' id='word_1_469' title='bbox 2135 1885 2396 1954; x_wconf 81' lang='lat' dir='ltr'><strong>deﬁcient.</strong></span> <span class='ocrx_word' id='word_1_470' title='bbox 2411 1883 2545 1943; x_wconf 83' lang='lat' dir='ltr'><strong>Filii</strong></span> <span class='ocrx_word' id='word_1_471' title='bbox 2565 1902 2833 1944; x_wconf 71' lang='lat' dir='ltr'><strong>servorum</strong></span> <span class='ocrx_word' id='word_1_472' title='bbox 2855 1897 3066 1952; x_wconf 72' lang='lat' dir='ltr'><strong>tuorum</strong></span> <span class='ocrx_word' id='word_1_473' title='bbox 3085 1891 3468 1956; x_wconf 65' lang='lat' dir='ltr'><strong>inhabitabant,</strong></span> <span class='ocrx_word' id='word_1_474' title='bbox 3481 1901 3529 1947; x_wconf 74' lang='lat' dir='ltr'><strong>et</strong></span> <span class='ocrx_word' id='word_1_475' title='bbox 3547 1907 3740 1948; x_wconf 63' lang='lat' dir='ltr'><strong>sane.</strong></span> 
     </span>
    </p>
   </div>
   <div class='ocr_carea' id='block_1_56' title="bbox 2136 1976 3740 2051">
    <p class='ocr_par' dir='ltr' id='par_1_56' title="bbox 2136 1976 3740 2051">
     <span class='ocr_line' id='line_1_56' title="bbox 2136 1976 3740 2051; baseline 0.007 -22"><span class='ocrx_word' id='word_1_476' title='bbox 2136 1991 2316 2033; x_wconf 87' lang='lat' dir='ltr'><strong>eorum</strong></span> <span class='ocrx_word' id='word_1_477' title='bbox 2343 1977 2400 2030; x_wconf 92' lang='lat' dir='ltr'><strong>in</strong></span> <span class='ocrx_word' id='word_1_478' title='bbox 2424 1976 2677 2038; x_wconf 63' lang='lat' dir='ltr'><strong>stantium</strong></span> <span class='ocrx_word' id='word_1_479' title='bbox 2712 1978 2896 2036; x_wconf 76' lang='lat' dir='ltr'><strong>steculi</strong></span> <span class='ocrx_word' id='word_1_480' title='bbox 2931 1979 3210 2051; x_wconf 72' lang='lat' dir='ltr'><strong>dirigetur.</strong></span> <span class='ocrx_word' id='word_1_481' title='bbox 3251 1981 3646 2039; x_wconf 65' lang='lat' dir='ltr'><strong>licem</strong></span> <span class='ocrx_word' id='word_1_482' title='bbox 3673 1985 3740 2040; x_wconf 75' lang='lat' dir='ltr'><strong>Ile</strong></span> 
     </span>
    </p>
   </div>
   <div class='ocr_carea' id='block_1_57' title="bbox 2137 2065 3742 2142">
    <p class='ocr_par' dir='ltr' id='par_1_57' title="bbox 2137 2065 3742 2142">
     <span class='ocr_line' id='line_1_57' title="bbox 2137 2065 3742 2142; baseline 0.004 -18"><span class='ocrx_word' id='word_1_483' title='bbox 2137 2065 2355 2124; x_wconf 82' lang='lat' dir='ltr'><strong>Christo</strong></span> <span class='ocrx_word' id='word_1_484' title='bbox 2386 2068 2536 2126; x_wconf 85' lang='lat' dir='ltr'><strong>dicit.</strong></span> <span class='ocrx_word' id='word_1_485' title='bbox 2560 2070 2628 2126; x_wconf 88' lang='lat' dir='ltr'><strong>Et</strong></span> <span class='ocrx_word' id='word_1_486' title='bbox 2651 2071 2778 2142; x_wconf 75' lang='lat' dir='ltr'><strong>quia</strong></span> <span class='ocrx_word' id='word_1_487' title='bbox 2807 2071 2864 2126; x_wconf 87' lang='lat' dir='ltr'><strong>in</strong></span> <span class='ocrx_word' id='word_1_488' title='bbox 2899 2072 3005 2130; x_wconf 81' lang='lat' dir='ltr'><strong>hoc</strong></span> <span class='ocrx_word' id='word_1_489' title='bbox 3026 2075 3228 2132; x_wconf 73' lang='lat' dir='ltr'><strong>mundo</strong></span> <span class='ocrx_word' id='word_1_490' title='bbox 3251 2074 3556 2136; x_wconf 69' lang='lat' dir='ltr'><strong>Illitteratu-</strong></span> <span class='ocrx_word' id='word_1_491' title='bbox 3587 2076 3742 2132; x_wconf 61' lang='lat' dir='ltr'><strong>venit</strong></span> 
     </span>
    </p>
   </div>
   <div class='ocr_carea' id='block_1_58' title="bbox 2136 2157 3740 2238">
    <p class='ocr_par' dir='ltr' id='par_1_58' title="bbox 2136 2157 3740 2238">
     <span class='ocr_line' id='line_1_58' title="bbox 2136 2157 3740 2238; baseline 0.008 -26"><span class='ocrx_word' id='word_1_492' title='bbox 2136 2157 2296 2231; x_wconf 86' lang='lat' dir='ltr'><strong>paulo</strong></span> <span class='ocrx_word' id='word_1_493' title='bbox 2325 2161 2500 2216; x_wconf 89' lang='lat' dir='ltr'><strong>minus</strong></span> <span class='ocrx_word' id='word_1_494' title='bbox 2529 2159 2595 2216; x_wconf 87' lang='lat' dir='ltr'><strong>ab</strong></span> <span class='ocrx_word' id='word_1_495' title='bbox 2626 2160 2850 2232; x_wconf 80' lang='lat' dir='ltr'><strong>angelis,</strong></span> <span class='ocrx_word' id='word_1_496' title='bbox 2890 2171 2950 2220; x_wconf 82' lang='lat' dir='ltr'><strong>et</strong></span> <span class='ocrx_word' id='word_1_497' title='bbox 2990 2179 3098 2222; x_wconf 84' lang='lat' dir='ltr'><strong>non</strong></span> <span class='ocrx_word' id='word_1_498' title='bbox 3142 2165 3319 2224; x_wconf 82' lang='lat' dir='ltr'><strong>solum</strong></span> <span class='ocrx_word' id='word_1_499' title='bbox 3361 2169 3596 2238; x_wconf 67' lang='lat' dir='ltr'><strong>angelis,</strong></span> <span class='ocrx_word' id='word_1_500' title='bbox 3650 2169 3740 2224; x_wconf 57' lang='lat' dir='ltr'><strong>ul</strong></span> 
     </span>
    </p>
   </div>
   <div class='ocr_carea' id='block_1_59' title="bbox 2137 2250 3740 2328">
    <p class='ocr_par' dir='ltr' id='par_1_59' title="bbox 2137 2250 3740 2328">
     <span class='ocr_line' id='line_1_59' title="bbox 2137 2250 3740 2328; baseline 0.007 -23"><span class='ocrx_word' id='word_1_501' title='bbox 2137 2250 2303 2305; x_wconf 88' lang='lat' dir='ltr'><strong>etiam</strong></span> <span class='ocrx_word' id='word_1_502' title='bbox 2334 2251 2664 2320; x_wconf 87' lang='lat' dir='ltr'><strong>hominibus,</strong></span> <span class='ocrx_word' id='word_1_503' title='bbox 2690 2256 2818 2325; x_wconf 86' lang='lat' dir='ltr'><strong>quia</strong></span> <span class='ocrx_word' id='word_1_504' title='bbox 2840 2255 3022 2317; x_wconf 74' lang='lat' dir='ltr'><strong>minor</strong></span> <span class='ocrx_word' id='word_1_505' title='bbox 3041 2265 3163 2315; x_wconf 68' lang='lat' dir='ltr'><strong>aut</strong></span> <span class='ocrx_word' id='word_1_506' title='bbox 3181 2259 3498 2328; x_wconf 62' lang='lat' dir='ltr'><strong>parentibus</strong></span> <span class='ocrx_word' id='word_1_507' title='bbox 3513 2260 3668 2326; x_wconf 72' lang='lat' dir='ltr'><strong>suis,</strong></span> <span class='ocrx_word' id='word_1_508' title='bbox 3687 2268 3740 2317; x_wconf 75' lang='lat' dir='ltr'><strong>ut</strong></span> 
     </span>
    </p>
   </div>
   <div class='ocr_carea' id='block_1_60' title="bbox 2141 2340 3742 2418">
    <p class='ocr_par' dir='ltr' id='par_1_60' title="bbox 2141 2340 3742 2418">
     <span class='ocr_line' id='line_1_60' title="bbox 2141 2340 3742 2418; baseline 0.011 -23"><span class='ocrx_word' id='word_1_509' title='bbox 2141 2340 2348 2414; x_wconf 85' lang='lat' dir='ltr'><strong>[Forte,</strong></span> <span class='ocrx_word' id='word_1_510' title='bbox 2377 2344 2496 2416; x_wconf 86' lang='lat' dir='ltr'><strong>sed]</strong></span> <span class='ocrx_word' id='word_1_511' title='bbox 2521 2352 2650 2402; x_wconf 85' lang='lat' dir='ltr'><strong>ante</strong></span> <span class='ocrx_word' id='word_1_512' title='bbox 2673 2347 3005 2418; x_wconf 83' lang='lat' dir='ltr'><strong>passionem,</strong></span> <span class='ocrx_word' id='word_1_513' title='bbox 3043 2359 3174 2410; x_wconf 74' lang='lat' dir='ltr'><strong>ante</strong></span> <span class='ocrx_word' id='word_1_514' title='bbox 3205 2359 3454 2418; x_wconf 73' lang='lat' dir='ltr'><strong>mortem,</strong></span> <span class='ocrx_word' id='word_1_515' title='bbox 3497 2362 3640 2410; x_wconf 75' lang='lat' dir='ltr'><strong>ante</strong></span> <span class='ocrx_word' id='word_1_516' title='bbox 3661 2369 3742 2412; x_wconf 80' lang='lat' dir='ltr'><strong>rc-</strong></span> 
     </span>
    </p>
   </div>
   <div class='ocr_carea' id='block_1_61' title="bbox 2140 2437 3739 2517">
    <p class='ocr_par' dir='ltr' id='par_1_61' title="bbox 2140 2437 3739 2517">
     <span class='ocr_line' id='line_1_61' title="bbox 2140 2437 3739 2517; baseline 0.008 -25"><span class='ocrx_word' id='word_1_517' title='bbox 2140 2437 2553 2492; x_wconf 83' lang='lat' dir='ltr'><strong>surrectionem.</strong></span> <span class='ocrx_word' id='word_1_518' title='bbox 2577 2437 2712 2494; x_wconf 85' lang='lat' dir='ltr'><strong>Nam</strong></span> <span class='ocrx_word' id='word_1_519' title='bbox 2733 2449 3092 2510; x_wconf 78' lang='lat' dir='ltr'><strong>posteaquam</strong></span> <span class='ocrx_word' id='word_1_520' title='bbox 3109 2445 3410 2501; x_wconf 77' lang='lat' dir='ltr'><strong>resth</strong></span> <span class='ocrx_word' id='word_1_521' title='bbox 3425 2461 3462 2501; x_wconf 78' lang='grc' dir='ltr'>ι</span> <span class='ocrx_word' id='word_1_522' title='bbox 3482 2450 3739 2517; x_wconf 62' lang='lat' dir='ltr'><strong>multis,</strong></span> 
     </span>
    </p>
   </div>
   <div class='ocr_carea' id='block_1_62' title="bbox 2141 2527 3741 2607">
    <p class='ocr_par' dir='ltr' id='par_1_62' title="bbox 2141 2527 3741 2607">
     <span class='ocr_line' id='line_1_62' title="bbox 2141 2527 3741 2607; baseline 0.009 -25"><span class='ocrx_word' id='word_1_523' title='bbox 2141 2527 2279 2582; x_wconf 78' lang='lat' dir='ltr'><strong>dixit</strong></span> <span class='ocrx_word' id='word_1_524' title='bbox 2307 2527 2585 2598; x_wconf 83' lang='lat' dir='ltr'><strong>discipulis</strong></span> <span class='ocrx_word' id='word_1_525' title='bbox 2610 2531 2726 2588; x_wconf 80' lang='lat' dir='ltr'><strong>suis</strong></span> <span class='ocrx_word' id='word_1_526' title='bbox 2748 2549 2762 2584; x_wconf 87' lang='lat'><strong>:</strong></span> <span class='ocrx_word' id='word_1_527' title='bbox 2791 2531 2936 2590; x_wconf 85' lang='lat' dir='ltr'><strong>Data</strong></span> <span class='ocrx_word' id='word_1_528' title='bbox 2962 2543 3038 2590; x_wconf 87' lang='lat' dir='ltr'><strong>est</strong></span> <span class='ocrx_word' id='word_1_529' title='bbox 3067 2535 3196 2592; x_wconf 74' lang='lat' dir='ltr'><strong>mihi</strong></span> <span class='ocrx_word' id='word_1_530' title='bbox 3217 2546 3446 2607; x_wconf 68' lang='lat' dir='ltr'><strong>pom</strong></span> <span class='ocrx_word' id='word_1_531' title='bbox 3480 2541 3665 2596; x_wconf 70' lang='lat' dir='ltr'><strong>anuis</strong></span> <span class='ocrx_word' id='word_1_532' title='bbox 3687 2542 3741 2598; x_wconf 59' lang='grc' dir='ltr'><strong><em>ἡ</em></strong></span> 
     </span>
    </p>
   </div>
   <div class='ocr_carea' id='block_1_63' title="bbox 2141 2619 3744 2700">
    <p class='ocr_par' dir='ltr' id='par_1_63' title="bbox 2141 2619 3744 2700">
     <span class='ocr_line' id='line_1_63' title="bbox 2141 2619 3744 2700; baseline 0.011 -28"><span class='ocrx_word' id='word_1_533' title='bbox 2141 2619 2270 2674; x_wconf 73' lang='lat' dir='ltr'><strong>creto</strong></span> <span class='ocrx_word' id='word_1_534' title='bbox 2310 2628 2360 2676; x_wconf 90' lang='lat' dir='ltr'><strong><em>et</em></strong></span> <span class='ocrx_word' id='word_1_535' title='bbox 2402 2619 2458 2674; x_wconf 88' lang='lat' dir='ltr'><strong>in</strong></span> <span class='ocrx_word' id='word_1_536' title='bbox 2485 2628 2646 2676; x_wconf 76' lang='lat' dir='ltr'><strong>terra.</strong></span> <span class='ocrx_word' id='word_1_537' title='bbox 2693 2620 2849 2678; x_wconf 85' lang='lat' dir='ltr'><strong>Sicut</strong></span> <span class='ocrx_word' id='word_1_538' title='bbox 2871 2639 2955 2678; x_wconf 82' lang='lat' dir='ltr'><strong>me</strong></span> <span class='ocrx_word' id='word_1_539' title='bbox 2977 2626 3124 2682; x_wconf 69' lang='lat' dir='ltr'><strong>misit</strong></span> <span class='ocrx_word' id='word_1_540' title='bbox 3163 2625 3344 2692; x_wconf 78' lang='lat' dir='ltr'><strong>Pater,</strong></span> <span class='ocrx_word' id='word_1_541' title='bbox 3377 2636 3426 2682; x_wconf 77' lang='lat' dir='ltr'><strong>et</strong></span> <span class='ocrx_word' id='word_1_542' title='bbox 3463 2645 3562 2700; x_wconf 77' lang='lat' dir='ltr'><strong>ego</strong></span> <span class='ocrx_word' id='word_1_543' title='bbox 3589 2629 3744 2688; x_wconf 51' lang='lat' dir='ltr'><strong>ait</strong></span> 
     </span>
    </p>
   </div>
   <div class='ocr_carea' id='block_1_64' title="bbox 2142 2710 3744 2787">
    <p class='ocr_par' dir='ltr' id='par_1_64' title="bbox 2142 2710 3744 2787">
     <span class='ocr_line' id='line_1_64' title="bbox 2142 2710 3744 2787; baseline 0.004 -19"><span class='ocrx_word' id='word_1_544' title='bbox 2142 2727 2252 2768; x_wconf 73' lang='lat' dir='ltr'><strong>vos.</strong></span> <span class='ocrx_word' id='word_1_545' title='bbox 2279 2710 2397 2768; x_wconf 84' lang='lat' dir='ltr'><strong>Hoc</strong></span> <span class='ocrx_word' id='word_1_546' title='bbox 2431 2728 2550 2766; x_wconf 89' lang='lat' dir='ltr'><strong>cum</strong></span> <span class='ocrx_word' id='word_1_547' title='bbox 2591 2712 2830 2781; x_wconf 76' lang='lat' dir='ltr'><strong>dixisset,</strong></span> <span class='ocrx_word' id='word_1_548' title='bbox 2859 2715 3164 2787; x_wconf 61' lang='lat' dir='ltr'><strong>insuﬂaoit,</strong></span> <span class='ocrx_word' id='word_1_549' title='bbox 3190 2727 3239 2772; x_wconf 75' lang='lat' dir='ltr'><strong>et</strong></span> <span class='ocrx_word' id='word_1_550' title='bbox 3439 2719 3522 2772; x_wconf 82' lang='lat' dir='ltr'><strong>eis</strong></span> <span class='ocrx_word' id='word_1_551' title='bbox 3544 2735 3564 2773; x_wconf 87' lang='lat'><strong><em>:</em></strong></span> <span class='ocrx_word' id='word_1_552' title='bbox 3591 2721 3744 2774; x_wconf 71' lang='lat' dir='ltr'><strong>Asci-</strong></span> 
     </span>
    </p>
   </div>
   <div class='ocr_carea' id='block_1_65' title="bbox 2141 2802 3742 2882">
    <p class='ocr_par' dir='ltr' id='par_1_65' title="bbox 2141 2802 3742 2882">
     <span class='ocr_line' id='line_1_65' title="bbox 2141 2802 3742 2882; baseline 0.006 -24"><span class='ocrx_word' id='word_1_553' title='bbox 2141 2805 2248 2876; x_wconf 86' lang='lat' dir='ltr'><strong>pite</strong></span> <span class='ocrx_word' id='word_1_554' title='bbox 2269 2802 2526 2876; x_wconf 83' lang='lat' dir='ltr'><strong>Spiritum</strong></span> <span class='ocrx_word' id='word_1_555' title='bbox 2564 2815 2806 2860; x_wconf 87' lang='lat' dir='ltr'><strong>sanctum</strong></span> <span class='ocrx_word' id='word_1_556' title='bbox 2826 2823 2845 2862; x_wconf 89' lang='lat'><strong><em>:</em></strong></span> <span class='ocrx_word' id='word_1_557' title='bbox 2891 2823 3117 2879; x_wconf 80' lang='lat' dir='ltr'><strong>quorum</strong></span> <span class='ocrx_word' id='word_1_558' title='bbox 3159 2810 3466 2866; x_wconf 77' lang='lat' dir='ltr'><strong>ranissritis</strong></span> <span class='ocrx_word' id='word_1_559' title='bbox 3502 2822 3742 2882; x_wconf 65' lang='lat' dir='ltr'><strong>paulo,</strong></span> 
     </span>
    </p>
   </div>
   <div class='ocr_carea' id='block_1_66' title="bbox 2145 2896 3742 2970">
    <p class='ocr_par' dir='ltr' id='par_1_66' title="bbox 2145 2896 3742 2970">
     <span class='ocr_line' id='line_1_66' title="bbox 2145 2896 3742 2970; baseline 0.008 -22"><span class='ocrx_word' id='word_1_560' title='bbox 2145 2896 2482 2950; x_wconf 85' lang='lat' dir='ltr'><strong>remittuntur</strong></span> <span class='ocrx_word' id='word_1_561' title='bbox 2509 2897 2584 2952; x_wconf 86' lang='lat' dir='ltr'><strong><em>eis</em></strong></span> <span class='ocrx_word' id='word_1_562' title='bbox 2603 2912 2623 2952; x_wconf 82' lang='lat'><strong>.°</strong></span> <span class='ocrx_word' id='word_1_563' title='bbox 2658 2907 2708 2954; x_wconf 87' lang='lat' dir='ltr'><strong><em>et</em></strong></span> <span class='ocrx_word' id='word_1_564' title='bbox 2732 2915 2959 2970; x_wconf 79' lang='lat' dir='ltr'><strong>quorum</strong></span> <span class='ocrx_word' id='word_1_565' title='bbox 2987 2902 3326 2968; x_wconf 73' lang='lat' dir='ltr'><strong>minueritis,</strong></span> <span class='ocrx_word' id='word_1_566' title='bbox 3363 2912 3568 2959; x_wconf 69' lang='lat' dir='ltr'><strong>rem</strong></span> <span class='ocrx_word' id='word_1_567' title='bbox 3593 2915 3742 2960; x_wconf 62' lang='lat' dir='ltr'><strong>sunt.</strong></span> 
     </span>
    </p>
   </div>
   <div class='ocr_carea' id='block_1_67' title="bbox 2145 2986 3738 3068">
    <p class='ocr_par' dir='ltr' id='par_1_67' title="bbox 2145 2986 3738 3068">
     <span class='ocr_line' id='line_1_67' title="bbox 2145 2986 3738 3068; baseline 0.008 -26"><span class='ocrx_word' id='word_1_568' title='bbox 2145 2986 2214 3042; x_wconf 92' lang='lat' dir='ltr'><strong>Et</strong></span> <span class='ocrx_word' id='word_1_569' title='bbox 2242 2989 2367 3058; x_wconf 84' lang='lat' dir='ltr'><strong>quia</strong></span> <span class='ocrx_word' id='word_1_570' title='bbox 2393 2989 2628 3062; x_wconf 89' lang='lat' dir='ltr'><strong>Spiritus</strong></span> <span class='ocrx_word' id='word_1_571' title='bbox 2655 2999 2879 3050; x_wconf 85' lang='lat' dir='ltr'><strong>sanctus</strong></span> <span class='ocrx_word' id='word_1_572' title='bbox 2901 2993 2973 3052; x_wconf 83' lang='lat' dir='ltr'><strong>de</strong></span> <span class='ocrx_word' id='word_1_573' title='bbox 3000 2992 3162 3050; x_wconf 86' lang='lat' dir='ltr'><strong>Patre</strong></span> <span class='ocrx_word' id='word_1_574' title='bbox 3204 2993 3448 3066; x_wconf 75' lang='lat' dir='ltr'><strong>Filioqu</strong></span> <span class='ocrx_word' id='word_1_575' title='bbox 3472 2995 3738 3068; x_wconf 65' lang='lat' dir='ltr'><strong>placuit,</strong></span> 
     </span>
    </p>
   </div>
   <div class='ocr_carea' id='block_1_68' title="bbox 2148 3081 3746 3159">
    <p class='ocr_par' dir='ltr' id='par_1_68' title="bbox 2148 3081 3746 3159">
     <span class='ocr_line' id='line_1_68' title="bbox 2148 3081 3746 3159; baseline 0.004 -19"><span class='ocrx_word' id='word_1_576' title='bbox 2148 3081 2327 3153; x_wconf 89' lang='lat' dir='ltr'><strong>ipsum</strong></span> <span class='ocrx_word' id='word_1_577' title='bbox 2351 3081 2618 3154; x_wconf 85' lang='lat' dir='ltr'><strong>Spiritum</strong></span> <span class='ocrx_word' id='word_1_578' title='bbox 2641 3094 2891 3144; x_wconf 82' lang='lat' dir='ltr'><strong>sanctum</strong></span> <span class='ocrx_word' id='word_1_579' title='bbox 2921 3085 3204 3144; x_wconf 77' lang='lat' dir='ltr'><strong>insutilans</strong></span> <span class='ocrx_word' id='word_1_580' title='bbox 3227 3089 3512 3159; x_wconf 74' lang='lat' dir='ltr'><strong>apostolis,</strong></span> <span class='ocrx_word' id='word_1_581' title='bbox 3536 3099 3599 3146; x_wconf 77' lang='lat' dir='ltr'><strong>ut</strong></span> <span class='ocrx_word' id='word_1_582' title='bbox 3621 3103 3746 3146; x_wconf 73' lang='lat' dir='ltr'><strong>m-</strong></span> 
     </span>
    </p>
   </div>
   <div class='ocr_carea' id='block_1_69' title="bbox 2151 3175 3746 3254">
    <p class='ocr_par' dir='ltr' id='par_1_69' title="bbox 2151 3175 3746 3254">
     <span class='ocr_line' id='line_1_69' title="bbox 2151 3175 3746 3254; baseline 0.006 -22"><span class='ocrx_word' id='word_1_583' title='bbox 2151 3175 2398 3234; x_wconf 80' lang='lat' dir='ltr'><strong>nifestius</strong></span> <span class='ocrx_word' id='word_1_584' title='bbox 2419 3179 2793 3237; x_wconf 80' lang='lat' dir='ltr'><strong>ostenderetur</strong></span> <span class='ocrx_word' id='word_1_585' title='bbox 2811 3180 2956 3250; x_wconf 74' lang='grc' dir='ltr'><strong>(μιοά</strong></span> <span class='ocrx_word' id='word_1_586' title='bbox 2973 3190 3230 3250; x_wconf 68' lang='lat' dir='ltr'><strong>meet</strong></span> <span class='ocrx_word' id='word_1_587' title='bbox 3241 3180 3448 3254; x_wconf 69' lang='lat' dir='ltr'><strong>(Forte,</strong></span> <span class='ocrx_word' id='word_1_588' title='bbox 3460 3185 3612 3254; x_wconf 66' lang='lat' dir='ltr'><strong>quod</strong></span> <span class='ocrx_word' id='word_1_589' title='bbox 3631 3183 3746 3254; x_wconf 52' lang='grc' dir='ltr'>μ</span> 
     </span>
    </p>
   </div>
   <div class='ocr_carea' id='block_1_70' title="bbox 2147 3265 3745 3344">
    <p class='ocr_par' dir='ltr' id='par_1_70' title="bbox 2147 3265 3745 3344">
     <span class='ocr_line' id='line_1_70' title="bbox 2147 3265 3745 3344; baseline 0.004 -20"><span class='ocrx_word' id='word_1_590' title='bbox 2147 3265 2314 3340; x_wconf 86' lang='lat' dir='ltr'><strong>esset]</strong></span> <span class='ocrx_word' id='word_1_591' title='bbox 2341 3267 2513 3325; x_wconf 87' lang='lat' dir='ltr'><strong>Filius</strong></span> <span class='ocrx_word' id='word_1_592' title='bbox 2535 3268 2655 3336; x_wconf 83' lang='lat' dir='ltr'><strong>Dei,</strong></span> <span class='ocrx_word' id='word_1_593' title='bbox 2680 3284 2712 3324; x_wconf 88' lang='lat' dir='ltr'><strong>a</strong></span> <span class='ocrx_word' id='word_1_594' title='bbox 2737 3285 2846 3341; x_wconf 88' lang='lat' dir='ltr'><strong>quo</strong></span> <span class='ocrx_word' id='word_1_595' title='bbox 2872 3272 3120 3341; x_wconf 82' lang='lat' dir='ltr'><strong>procedit</strong></span> <span class='ocrx_word' id='word_1_596' title='bbox 3155 3271 3394 3344; x_wconf 77' lang='lat' dir='ltr'><strong>Spiritus</strong></span> <span class='ocrx_word' id='word_1_597' title='bbox 3417 3283 3670 3340; x_wconf 61' lang='lat' dir='ltr'><strong>unum,</strong></span> <span class='ocrx_word' id='word_1_598' title='bbox 3691 3282 3745 3330; x_wconf 78' lang='lat' dir='ltr'><strong>et</strong></span> 
     </span>
    </p>
   </div>
   <div class='ocr_carea' id='block_1_71' title="bbox 2149 3357 3742 3433">
    <p class='ocr_par' dir='ltr' id='par_1_71' title="bbox 2149 3357 3742 3433">
     <span class='ocr_line' id='line_1_71' title="bbox 2149 3357 3742 3433; baseline 0.006 -21"><span class='ocrx_word' id='word_1_599' title='bbox 2149 3357 2267 3430; x_wconf 86' lang='lat' dir='ltr'><strong>ipsa</strong></span> <span class='ocrx_word' id='word_1_600' title='bbox 2289 3366 2372 3414; x_wconf 86' lang='lat' dir='ltr'><strong>est</strong></span> <span class='ocrx_word' id='word_1_601' title='bbox 2410 3358 2569 3416; x_wconf 88' lang='lat' dir='ltr'><strong>tertia</strong></span> <span class='ocrx_word' id='word_1_602' title='bbox 2591 3359 2650 3416; x_wconf 85' lang='lat' dir='ltr'><strong>in</strong></span> <span class='ocrx_word' id='word_1_603' title='bbox 2675 3358 2944 3418; x_wconf 83' lang='lat' dir='ltr'><strong>Trinitate</strong></span> <span class='ocrx_word' id='word_1_604' title='bbox 2967 3373 3239 3431; x_wconf 84' lang='lat' dir='ltr'><strong>persona:</strong></span> <span class='ocrx_word' id='word_1_605' title='bbox 3281 3363 3377 3433; x_wconf 80' lang='lat' dir='ltr'><strong>qui</strong></span> <span class='ocrx_word' id='word_1_606' title='bbox 3403 3363 3610 3421; x_wconf 67' lang='lat' dir='ltr'><strong>dum</strong></span> <span class='ocrx_word' id='word_1_607' title='bbox 3639 3363 3742 3420; x_wconf 79' lang='lat' dir='ltr'><strong>Pn-</strong></span> 
     </span>
    </p>
   </div>
   <div class='ocr_carea' id='block_1_72' title="bbox 2149 3446 3746 3525">
    <p class='ocr_par' dir='ltr' id='par_1_72' title="bbox 2149 3446 3746 3525">
     <span class='ocr_line' id='line_1_72' title="bbox 2149 3446 3746 3525; baseline 0.006 -25"><span class='ocrx_word' id='word_1_608' title='bbox 2149 3447 2251 3502; x_wconf 87' lang='lat' dir='ltr'><strong>tris</strong></span> <span class='ocrx_word' id='word_1_609' title='bbox 2280 3456 2334 3502; x_wconf 90' lang='lat' dir='ltr'><strong>et</strong></span> <span class='ocrx_word' id='word_1_610' title='bbox 2355 3446 2481 3504; x_wconf 88' lang='lat' dir='ltr'><strong>Filii</strong></span> <span class='ocrx_word' id='word_1_611' title='bbox 2505 3449 2704 3508; x_wconf 86' lang='lat' dir='ltr'><strong>dicitur</strong></span> <span class='ocrx_word' id='word_1_612' title='bbox 2725 3466 2744 3516; x_wconf 83' lang='lat'><strong>;</strong></span> <span class='ocrx_word' id='word_1_613' title='bbox 2766 3465 2928 3518; x_wconf 82' lang='lat' dir='ltr'><strong>quem</strong></span> <span class='ocrx_word' id='word_1_614' title='bbox 2967 3460 3097 3510; x_wconf 84' lang='lat' dir='ltr'><strong>tunc</strong></span> <span class='ocrx_word' id='word_1_615' title='bbox 3130 3452 3308 3520; x_wconf 83' lang='lat' dir='ltr'><strong>dedit,</strong></span> <span class='ocrx_word' id='word_1_616' title='bbox 3353 3461 3412 3512; x_wconf 85' lang='lat' dir='ltr'><strong>et</strong></span> <span class='ocrx_word' id='word_1_617' title='bbox 3441 3463 3640 3525; x_wconf 75' lang='lat' dir='ltr'><strong>postea</strong></span> <span class='ocrx_word' id='word_1_618' title='bbox 3681 3455 3746 3510; x_wconf 68' lang='grc' dir='ltr'>ὼ</span> 
     </span>
    </p>
   </div>
   <div class='ocr_carea' id='block_1_73' title="bbox 2151 3541 3742 3621">
    <p class='ocr_par' dir='ltr' id='par_1_73' title="bbox 2151 3541 3742 3621">
     <span class='ocr_line' id='line_1_73' title="bbox 2151 3541 3742 3621; baseline 0.005 -23"><span class='ocrx_word' id='word_1_619' title='bbox 2151 3541 2289 3598; x_wconf 71' lang='lat' dir='ltr'><strong>casio</strong></span> <span class='ocrx_word' id='word_1_620' title='bbox 2317 3543 2487 3610; x_wconf 88' lang='lat' dir='ltr'><strong>misit,</strong></span> <span class='ocrx_word' id='word_1_621' title='bbox 2520 3553 2584 3600; x_wconf 92' lang='lat' dir='ltr'><strong>ut</strong></span> <span class='ocrx_word' id='word_1_622' title='bbox 2608 3545 2918 3603; x_wconf 87' lang='lat' dir='ltr'><strong>ostenderet</strong></span> <span class='ocrx_word' id='word_1_623' title='bbox 2942 3546 3286 3606; x_wconf 84' lang='lat' dir='ltr'><strong>dilectionem</strong></span> <span class='ocrx_word' id='word_1_624' title='bbox 3307 3548 3404 3604; x_wconf 86' lang='lat' dir='ltr'><strong>Dei</strong></span> <span class='ocrx_word' id='word_1_625' title='bbox 3431 3558 3490 3604; x_wconf 84' lang='lat' dir='ltr'><strong>et</strong></span> <span class='ocrx_word' id='word_1_626' title='bbox 3509 3548 3742 3621; x_wconf 63' lang='grc' dir='ltr'><strong>ιπηιίή</strong></span> 
     </span>
    </p>
   </div>
   <div class='ocr_carea' id='block_1_74' title="bbox 2151 3638 3742 3714">
    <p class='ocr_par' dir='ltr' id='par_1_74' title="bbox 2151 3638 3742 3714">
     <span class='ocr_line' id='line_1_74' title="bbox 2151 3638 3742 3714; baseline 0.005 -23"><span class='ocrx_word' id='word_1_627' title='bbox 2151 3639 2448 3694; x_wconf 83' lang='lat' dir='ltr'><strong>secundum</strong></span> <span class='ocrx_word' id='word_1_628' title='bbox 2476 3638 2568 3694; x_wconf 84' lang='lat' dir='ltr'><strong>illa</strong></span> <span class='ocrx_word' id='word_1_629' title='bbox 2591 3648 2884 3710; x_wconf 65' lang='lat' dir='ltr'><strong>praecepta,</strong></span> <span class='ocrx_word' id='word_1_630' title='bbox 2912 3641 2968 3698; x_wconf 78' lang='lat' dir='ltr'><strong>in</strong></span> <span class='ocrx_word' id='word_1_631' title='bbox 2995 3639 3191 3712; x_wconf 76' lang='lat' dir='ltr'><strong>quibus</strong></span> <span class='ocrx_word' id='word_1_632' title='bbox 3211 3651 3323 3698; x_wconf 84' lang='lat' dir='ltr'><strong>tota</strong></span> <span class='ocrx_word' id='word_1_633' title='bbox 3347 3641 3436 3698; x_wconf 76' lang='lat' dir='ltr'><strong>lea:</strong></span> <span class='ocrx_word' id='word_1_634' title='bbox 3457 3643 3671 3714; x_wconf 68' lang='lat' dir='ltr'><strong>pendes,</strong></span> <span class='ocrx_word' id='word_1_635' title='bbox 3695 3650 3742 3699; x_wconf 81' lang='lat' dir='ltr'><strong>st</strong></span> 
     </span>
    </p>
   </div>
   <div class='ocr_carea' id='block_1_75' title="bbox 2147 3728 2432 3800">
    <p class='ocr_par' dir='ltr' id='par_1_75' title="bbox 2147 3728 2432 3800">
     <span class='ocr_line' id='line_1_75' title="bbox 2147 3728 2432 3800; baseline -0.007 -16"><span class='ocrx_word' id='word_1_636' title='bbox 2147 3728 2432 3800; x_wconf 72' lang='lat' dir='ltr'><strong>prophetae.</strong></span> 
     </span>
    </p>
   </div>
   <div class='ocr_carea' id='block_1_76' title="bbox 2224 3816 3744 3896">
    <p class='ocr_par' dir='ltr' id='par_1_76' title="bbox 2224 3816 3744 3896">
     <span class='ocr_line' id='line_1_76' title="bbox 2224 3816 3744 3896; baseline 0.006 -22"><span class='ocrx_word' id='word_1_637' title='bbox 2224 3816 2314 3874; x_wconf 79' lang='lat' dir='ltr'><strong>XI.</strong></span> <span class='ocrx_word' id='word_1_638' title='bbox 2341 3819 2522 3878; x_wconf 88' lang='lat' dir='ltr'><strong>Semel</strong></span> <span class='ocrx_word' id='word_1_639' title='bbox 2541 3820 2595 3876; x_wconf 90' lang='lat' dir='ltr'><strong>in</strong></span> <span class='ocrx_word' id='word_1_640' title='bbox 2625 3827 2772 3876; x_wconf 85' lang='lat' dir='ltr'><strong>terra</strong></span> <span class='ocrx_word' id='word_1_641' title='bbox 2797 3820 2944 3878; x_wconf 87' lang='lat' dir='ltr'><strong>dedit</strong></span> <span class='ocrx_word' id='word_1_642' title='bbox 2971 3821 3233 3892; x_wconf 82' lang='lat' dir='ltr'><strong>Spiritum</strong></span> <span class='ocrx_word' id='word_1_643' title='bbox 3251 3831 3508 3880; x_wconf 66' lang='lat' dir='ltr'><strong>sanam</strong></span> <span class='ocrx_word' id='word_1_644' title='bbox 3528 3833 3744 3896; x_wconf 64' lang='lat' dir='ltr'><strong>propu-</strong></span> 
     </span>
    </p>
   </div>
   <div class='ocr_carea' id='block_1_77' title="bbox 454 3905 3742 3992">
    <p class='ocr_par' dir='ltr' id='par_1_77' title="bbox 454 3905 3742 3992">
     <span class='ocr_line' id='line_1_77' title="bbox 454 3905 3742 3992; baseline 0.004 -31"><span class='ocrx_word' id='word_1_645' title='bbox 454 3905 746 3975; x_wconf 81' lang='lat' dir='ltr'><strong>semetipso</strong></span> <span class='ocrx_word' id='word_1_646' title='bbox 768 3906 871 3960; x_wconf 77' lang='lat' dir='ltr'><strong>ait:</strong></span> <span class='ocrx_word' id='word_1_647' title='bbox 902 3905 1026 3962; x_wconf 86' lang='lat' dir='ltr'><strong>Non</strong></span> <span class='ocrx_word' id='word_1_648' title='bbox 1062 3905 1174 3964; x_wconf 84' lang='lat' dir='ltr'><strong>veni</strong></span> <span class='ocrx_word' id='word_1_649' title='bbox 1197 3905 1513 3964; x_wconf 82' lang='lat' dir='ltr'><strong>voluntatem</strong></span> <span class='ocrx_word' id='word_1_650' title='bbox 1541 3925 1710 3964; x_wconf 90' lang='lat' dir='ltr'><strong>meam</strong></span> <span class='ocrx_word' id='word_1_651' title='bbox 1732 3908 1924 3978; x_wconf 76' lang='lat' dir='ltr'><strong>facere,</strong></span> <span class='ocrx_word' id='word_1_652' title='bbox 1957 3908 2048 3964; x_wconf 83' lang='lat' dir='ltr'><strong>sed</strong></span> <span class='ocrx_word' id='word_1_653' title='bbox 2151 3911 2496 3968; x_wconf 87' lang='lat' dir='ltr'><strong>dilectionem</strong></span> <span class='ocrx_word' id='word_1_654' title='bbox 2521 3913 2776 3982; x_wconf 79' lang='lat' dir='ltr'><strong>proximi,</strong></span> <span class='ocrx_word' id='word_1_655' title='bbox 2804 3922 2860 3968; x_wconf 88' lang='lat' dir='ltr'><strong>et</strong></span> <span class='ocrx_word' id='word_1_656' title='bbox 2888 3915 3125 3974; x_wconf 86' lang='lat' dir='ltr'><strong>secundo</strong></span> <span class='ocrx_word' id='word_1_657' title='bbox 3158 3916 3306 3972; x_wconf 87' lang='lat' dir='ltr'><strong>dedit</strong></span> <span class='ocrx_word' id='word_1_658' title='bbox 3338 3917 3410 3972; x_wconf 87' lang='lat' dir='ltr'><strong>de</strong></span> <span class='ocrx_word' id='word_1_659' title='bbox 3444 3917 3590 3973; x_wconf 60' lang='lat' dir='ltr'><strong>caelo</strong></span> <span class='ocrx_word' id='word_1_660' title='bbox 3620 3933 3742 3992; x_wconf 72' lang='lat' dir='ltr'><strong>pn-</strong></span> 
     </span>
    </p>
   </div>
   <div class='ocr_carea' id='block_1_78' title="bbox 453 3996 3746 4075">
    <p class='ocr_par' dir='ltr' id='par_1_78' title="bbox 453 3996 3746 4075">
     <span class='ocr_line' id='line_1_78' title="bbox 453 3996 3746 4075; baseline 0.004 -23"><span class='ocrx_word' id='word_1_661' title='bbox 453 3996 768 4053; x_wconf 81' lang='lat' dir='ltr'><strong>voluntatem</strong></span> <span class='ocrx_word' id='word_1_662' title='bbox 794 3999 908 4070; x_wconf 86' lang='lat' dir='ltr'><strong>ejus</strong></span> <span class='ocrx_word' id='word_1_663' title='bbox 955 4001 1044 4072; x_wconf 87' lang='lat' dir='ltr'><strong>qui</strong></span> <span class='ocrx_word' id='word_1_664' title='bbox 1079 4001 1218 4054; x_wconf 85' lang='lat' dir='ltr'><strong>misit</strong></span> <span class='ocrx_word' id='word_1_665' title='bbox 1242 4017 1342 4068; x_wconf 86' lang='lat' dir='ltr'><strong>me,</strong></span> <span class='ocrx_word' id='word_1_666' title='bbox 1387 4001 1580 4056; x_wconf 85' lang='lat' dir='ltr'><strong>Patris.</strong></span> <span class='ocrx_word' id='word_1_667' title='bbox 1622 4000 1740 4056; x_wconf 90' lang='lat' dir='ltr'><strong>Non</strong></span> <span class='ocrx_word' id='word_1_668' title='bbox 1786 4001 1890 4057; x_wconf 90' lang='lat' dir='ltr'><strong>hoc</strong></span> <span class='ocrx_word' id='word_1_669' title='bbox 1931 4001 2050 4056; x_wconf 90' lang='lat' dir='ltr'><strong>loco</strong></span> <span class='ocrx_word' id='word_1_670' title='bbox 2151 4011 2272 4075; x_wconf 86' lang='lat' dir='ltr'><strong>pter</strong></span> <span class='ocrx_word' id='word_1_671' title='bbox 2308 4005 2652 4060; x_wconf 85' lang='lat' dir='ltr'><strong>dilectionem</strong></span> <span class='ocrx_word' id='word_1_672' title='bbox 2701 4006 2816 4061; x_wconf 87' lang='lat' dir='ltr'><strong>Dei.</strong></span> <span class='ocrx_word' id='word_1_673' title='bbox 2849 4006 2986 4064; x_wconf 80' lang='lat' dir='ltr'><strong>Nam</strong></span> <span class='ocrx_word' id='word_1_674' title='bbox 3032 4023 3155 4064; x_wconf 89' lang='lat' dir='ltr'><strong>cum</strong></span> <span class='ocrx_word' id='word_1_675' title='bbox 3204 4007 3524 4074; x_wconf 70' lang='lat' dir='ltr'><strong>insulDavit,</strong></span> <span class='ocrx_word' id='word_1_676' title='bbox 3572 4021 3628 4066; x_wconf 84' lang='lat' dir='ltr'><strong>ct</strong></span> <span class='ocrx_word' id='word_1_677' title='bbox 3671 4009 3746 4064; x_wconf 85' lang='lat' dir='ltr'><strong>illi</strong></span> 
     </span>
    </p>
   </div>
   <div class='ocr_carea' id='block_1_79' title="bbox 457 4090 3744 4173">
    <p class='ocr_par' dir='ltr' id='par_1_79' title="bbox 457 4090 3744 4173">
     <span class='ocr_line' id='line_1_79' title="bbox 457 4090 3744 4173; baseline 0.003 -27"><span class='ocrx_word' id='word_1_678' title='bbox 457 4090 593 4146; x_wconf 84' lang='lat' dir='ltr'><strong>dixit</strong></span> <span class='ocrx_word' id='word_1_679' title='bbox 622 4091 956 4147; x_wconf 78' lang='lat' dir='ltr'><strong>voluntatem</strong></span> <span class='ocrx_word' id='word_1_680' title='bbox 1003 4090 1099 4148; x_wconf 88' lang='lat' dir='ltr'><strong>Dei</strong></span> <span class='ocrx_word' id='word_1_681' title='bbox 1136 4091 1314 4150; x_wconf 78' lang='lat' dir='ltr'><strong>facere</strong></span> <span class='ocrx_word' id='word_1_682' title='bbox 1337 4133 1352 4158; x_wconf 91' lang='lat'><strong>,</strong></span> <span class='ocrx_word' id='word_1_683' title='bbox 1409 4092 1502 4149; x_wconf 88' lang='lat' dir='ltr'><strong>sed</strong></span> <span class='ocrx_word' id='word_1_684' title='bbox 1549 4093 1749 4148; x_wconf 88' lang='lat' dir='ltr'><strong>Patris.</strong></span> <span class='ocrx_word' id='word_1_685' title='bbox 1793 4093 2050 4163; x_wconf 85' lang='lat' dir='ltr'><strong>Quamvis</strong></span> <span class='ocrx_word' id='word_1_686' title='bbox 2151 4097 2486 4168; x_wconf 84' lang='lat' dir='ltr'><strong>accepissent</strong></span> <span class='ocrx_word' id='word_1_687' title='bbox 2513 4097 2776 4168; x_wconf 83' lang='lat' dir='ltr'><strong>Spiritum</strong></span> <span class='ocrx_word' id='word_1_688' title='bbox 2799 4111 3068 4165; x_wconf 65' lang='lat' dir='ltr'><strong>sanctum,</strong></span> <span class='ocrx_word' id='word_1_689' title='bbox 3092 4099 3232 4156; x_wconf 76' lang='lat' dir='ltr'><strong>dixit</strong></span> <span class='ocrx_word' id='word_1_690' title='bbox 3265 4100 3384 4156; x_wconf 85' lang='lat' dir='ltr'><strong>eis:</strong></span> <span class='ocrx_word' id='word_1_691' title='bbox 3423 4099 3540 4168; x_wconf 70' lang='lat' dir='ltr'><strong>ita,</strong></span> <span class='ocrx_word' id='word_1_692' title='bbox 3579 4102 3744 4173; x_wconf 67' lang='grc' dir='ltr'><strong>δεψιὶ-</strong></span> 
     </span>
    </p>
   </div>
   <div class='ocr_carea' id='block_1_80' title="bbox 455 4182 3745 4262">
    <p class='ocr_par' dir='ltr' id='par_1_80' title="bbox 455 4182 3745 4262">
     <span class='ocr_line' id='line_1_80' title="bbox 455 4182 3745 4262; baseline 0.002 -22"><span class='ocrx_word' id='word_1_693' title='bbox 455 4187 599 4242; x_wconf 90' lang='lat' dir='ltr'><strong>enim</strong></span> <span class='ocrx_word' id='word_1_694' title='bbox 621 4185 791 4243; x_wconf 89' lang='lat' dir='ltr'><strong>Deum</strong></span> <span class='ocrx_word' id='word_1_695' title='bbox 820 4204 972 4244; x_wconf 86' lang='lat' dir='ltr'><strong>suum</strong></span> <span class='ocrx_word' id='word_1_696' title='bbox 1005 4188 1222 4244; x_wconf 82' lang='lat' dir='ltr'><strong>Patrem</strong></span> <span class='ocrx_word' id='word_1_697' title='bbox 1247 4189 1462 4253; x_wconf 81' lang='lat' dir='ltr'><strong>dixerit,</strong></span> <span class='ocrx_word' id='word_1_698' title='bbox 1481 4205 1602 4244; x_wconf 89' lang='lat' dir='ltr'><strong>cum</strong></span> <span class='ocrx_word' id='word_1_699' title='bbox 1633 4189 1776 4244; x_wconf 88' lang='lat' dir='ltr'><strong>Deus</strong></span> <span class='ocrx_word' id='word_1_700' title='bbox 1797 4189 1868 4244; x_wconf 87' lang='lat' dir='ltr'><strong>sit</strong></span> <span class='ocrx_word' id='word_1_701' title='bbox 1885 4189 2052 4246; x_wconf 86' lang='lat' dir='ltr'><strong>etiam</strong></span> <span class='ocrx_word' id='word_1_702' title='bbox 2154 4198 2268 4244; x_wconf 77' lang='lat' dir='ltr'><strong>sate</strong></span> <span class='ocrx_word' id='word_1_703' title='bbox 2295 4205 2472 4244; x_wconf 85' lang='lat' dir='ltr'><strong>omnes</strong></span> <span class='ocrx_word' id='word_1_704' title='bbox 2494 4199 2690 4260; x_wconf 80' lang='lat' dir='ltr'><strong>gentes,</strong></span> <span class='ocrx_word' id='word_1_705' title='bbox 2717 4190 2774 4244; x_wconf 89' lang='lat' dir='ltr'><strong>in</strong></span> <span class='ocrx_word' id='word_1_706' title='bbox 2813 4191 3021 4246; x_wconf 78' lang='lat' dir='ltr'><strong>nomine</strong></span> <span class='ocrx_word' id='word_1_707' title='bbox 3059 4182 3260 4254; x_wconf 76' lang='lat' dir='ltr'><strong>Patris,</strong></span> <span class='ocrx_word' id='word_1_708' title='bbox 3284 4199 3337 4247; x_wconf 79' lang='lat' dir='ltr'><strong>et</strong></span> <span class='ocrx_word' id='word_1_709' title='bbox 3361 4189 3523 4256; x_wconf 81' lang='lat' dir='ltr'><strong>Filii,</strong></span> <span class='ocrx_word' id='word_1_710' title='bbox 3546 4203 3598 4246; x_wconf 83' lang='lat' dir='ltr'><strong>et</strong></span> <span class='ocrx_word' id='word_1_711' title='bbox 3623 4190 3745 4262; x_wconf 66' lang='lat' dir='ltr'><strong>Spi-</strong></span> 
     </span>
    </p>
   </div>
   <div class='ocr_carea' id='block_1_81' title="bbox 455 4275 3743 4352">
    <p class='ocr_par' dir='ltr' id='par_1_81' title="bbox 455 4275 3743 4352">
     <span class='ocr_line' id='line_1_81' title="bbox 455 4275 3743 4352; baseline 0.002 -17"><span class='ocrx_word' id='word_1_712' title='bbox 455 4275 572 4351; x_wconf 72' lang='lat' dir='ltr'><strong>ipsa</strong></span> <span class='ocrx_word' id='word_1_713' title='bbox 613 4291 808 4337; x_wconf 89' lang='lat' dir='ltr'><strong>natura</strong></span> <span class='ocrx_word' id='word_1_714' title='bbox 847 4296 902 4338; x_wconf 87' lang='lat' dir='ltr'><strong>et</strong></span> <span class='ocrx_word' id='word_1_715' title='bbox 945 4285 1012 4339; x_wconf 87' lang='lat' dir='ltr'><strong>de</strong></span> <span class='ocrx_word' id='word_1_716' title='bbox 1046 4284 1192 4338; x_wconf 88' lang='lat' dir='ltr'><strong>illius</strong></span> <span class='ocrx_word' id='word_1_717' title='bbox 1226 4285 1494 4350; x_wconf 86' lang='lat' dir='ltr'><strong>essentia,</strong></span> <span class='ocrx_word' id='word_1_718' title='bbox 1537 4292 1718 4342; x_wconf 86' lang='lat' dir='ltr'><strong>tamen</strong></span> <span class='ocrx_word' id='word_1_719' title='bbox 1743 4284 2052 4341; x_wconf 84' lang='lat' dir='ltr'><strong>nullatenus</strong></span> <span class='ocrx_word' id='word_1_720' title='bbox 2155 4281 2288 4337; x_wconf 81' lang='lat' dir='ltr'><strong>ritus</strong></span> <span class='ocrx_word' id='word_1_721' title='bbox 2330 4281 2501 4336; x_wconf 83' lang='lat' dir='ltr'><strong>sancti</strong></span> <span class='ocrx_word' id='word_1_722' title='bbox 2544 4280 2759 4352; x_wconf 78' lang='lat' dir='ltr'><strong>(Matth.</strong></span> <span class='ocrx_word' id='word_1_723' title='bbox 2791 4297 2986 4348; x_wconf 67' lang='lat' dir='ltr'><strong>sum,</strong></span> <span class='ocrx_word' id='word_1_724' title='bbox 3028 4281 3140 4352; x_wconf 81' lang='grc'><strong>19).</strong></span> <span class='ocrx_word' id='word_1_725' title='bbox 3191 4283 3295 4339; x_wconf 87' lang='lat' dir='ltr'><strong>Ubi</strong></span> <span class='ocrx_word' id='word_1_726' title='bbox 3321 4284 3568 4340; x_wconf 75' lang='lat' dir='ltr'><strong>maxime</strong></span> <span class='ocrx_word' id='word_1_727' title='bbox 3605 4300 3743 4340; x_wconf 78' lang='lat' dir='ltr'><strong>estn-</strong></span> 
     </span>
    </p>
   </div>
   <div class='ocr_carea' id='block_1_82' title="bbox 457 4373 3746 4448">
    <p class='ocr_par' dir='ltr' id='par_1_82' title="bbox 457 4373 3746 4448">
     <span class='ocr_line' id='line_1_82' title="bbox 457 4373 3746 4448; baseline 0.002 -19"><span class='ocrx_word' id='word_1_728' title='bbox 457 4373 772 4447; x_wconf 79' lang='lat' dir='ltr'><strong>ignoramus</strong></span> <span class='ocrx_word' id='word_1_729' title='bbox 817 4376 960 4445; x_wconf 89' lang='lat' dir='ltr'><strong>quod</strong></span> <span class='ocrx_word' id='word_1_730' title='bbox 1009 4392 1236 4432; x_wconf 79' lang='lat' dir='ltr'><strong>manens</strong></span> <span class='ocrx_word' id='word_1_731' title='bbox 1270 4376 1432 4432; x_wconf 91' lang='lat' dir='ltr'><strong>homo</strong></span> <span class='ocrx_word' id='word_1_732' title='bbox 1475 4391 1692 4446; x_wconf 89' lang='lat' dir='ltr'><strong>quoque</strong></span> <span class='ocrx_word' id='word_1_733' title='bbox 1738 4375 1915 4434; x_wconf 80' lang='lat' dir='ltr'><strong>factus</strong></span> <span class='ocrx_word' id='word_1_734' title='bbox 1959 4377 2048 4442; x_wconf 83' lang='lat' dir='ltr'><strong>sit,</strong></span> <span class='ocrx_word' id='word_1_735' title='bbox 2153 4375 2440 4432; x_wconf 86' lang='lat' dir='ltr'><strong>mendatur</strong></span> <span class='ocrx_word' id='word_1_736' title='bbox 2467 4375 2584 4432; x_wconf 74' lang='lat' dir='ltr'><strong>lucc</strong></span> <span class='ocrx_word' id='word_1_737' title='bbox 2621 4373 2878 4438; x_wconf 82' lang='lat' dir='ltr'><strong>Trinitas,</strong></span> <span class='ocrx_word' id='word_1_738' title='bbox 2909 4375 3161 4432; x_wconf 87' lang='lat' dir='ltr'><strong>dubitare</strong></span> <span class='ocrx_word' id='word_1_739' title='bbox 3184 4392 3292 4432; x_wconf 87' lang='lat' dir='ltr'><strong>non</strong></span> <span class='ocrx_word' id='word_1_740' title='bbox 3317 4377 3604 4434; x_wconf 81' lang='lat' dir='ltr'><strong>debemus.</strong></span> <span class='ocrx_word' id='word_1_741' title='bbox 3633 4376 3746 4448; x_wconf 75' lang='lat' dir='ltr'><strong>Ipse</strong></span> 
     </span>
    </p>
   </div>
   <div class='ocr_carea' id='block_1_83' title="bbox 387 4464 3750 4540">
    <p class='ocr_par' dir='ltr' id='par_1_83' title="bbox 387 4464 3750 4540">
     <span class='ocr_line' id='line_1_83' title="bbox 387 4464 3750 4540; baseline 0.002 -19"><span class='ocrx_word' id='word_1_742' title='bbox 387 4517 396 4528; x_wconf 86' lang='grc'><em>,</em></span> <span class='ocrx_word' id='word_1_743' title='bbox 457 4468 550 4536; x_wconf 87' lang='lat' dir='ltr'><strong>qui</strong></span> <span class='ocrx_word' id='word_1_744' title='bbox 575 4469 675 4523; x_wconf 89' lang='lat' dir='ltr'><strong>sub</strong></span> <span class='ocrx_word' id='word_1_745' title='bbox 695 4468 804 4523; x_wconf 93' lang='lat' dir='ltr'><strong>Deo</strong></span> <span class='ocrx_word' id='word_1_746' title='bbox 825 4467 980 4537; x_wconf 80' lang='lat' dir='ltr'><strong>juxta</strong></span> <span class='ocrx_word' id='word_1_747' title='bbox 1009 4469 1246 4525; x_wconf 86' lang='lat' dir='ltr'><strong>debitam</strong></span> <span class='ocrx_word' id='word_1_748' title='bbox 1273 4469 1444 4540; x_wconf 79' lang='lat' dir='ltr'><strong>legem</strong></span> <span class='ocrx_word' id='word_1_749' title='bbox 1475 4479 1684 4526; x_wconf 62' lang='lat' dir='ltr'><strong>naturae</strong></span> <span class='ocrx_word' id='word_1_750' title='bbox 1703 4471 2053 4528; x_wconf 83' lang='lat' dir='ltr'><strong>humanitatis</strong></span> <span class='ocrx_word' id='word_1_751' title='bbox 2077 4513 2129 4540; x_wconf 59' lang='grc' dir='ltr'>η</span> <span class='ocrx_word' id='word_1_752' title='bbox 2155 4472 2239 4520; x_wconf 71' lang='grc' dir='ltr'><strong>εει</strong></span> <span class='ocrx_word' id='word_1_753' title='bbox 2268 4465 2432 4538; x_wconf 65' lang='lat' dir='ltr'><strong>igitur</strong></span> <span class='ocrx_word' id='word_1_754' title='bbox 2467 4464 2703 4535; x_wconf 68' lang='grc' dir='ltr'><strong>εφὶτίωδ</strong></span> <span class='ocrx_word' id='word_1_755' title='bbox 2733 4473 2974 4531; x_wconf 57' lang='lat' dir='ltr'><strong>sanctus.</strong></span> <span class='ocrx_word' id='word_1_756' title='bbox 3006 4467 3100 4536; x_wconf 74' lang='lat' dir='ltr'><strong>cui</strong></span> <span class='ocrx_word' id='word_1_757' title='bbox 3127 4468 3292 4524; x_wconf 72' lang='lat' dir='ltr'><strong>etiam</strong></span> <span class='ocrx_word' id='word_1_758' title='bbox 3323 4467 3394 4522; x_wconf 77' lang='lat' dir='ltr'><strong>de</strong></span> <span class='ocrx_word' id='word_1_759' title='bbox 3417 4470 3565 4524; x_wconf 64' lang='lat' dir='ltr'><strong>celo</strong></span> <span class='ocrx_word' id='word_1_760' title='bbox 3596 4470 3750 4524; x_wconf 74' lang='lat' dir='ltr'><strong>datus</strong></span> 
     </span>
    </p>
   </div>
   <div class='ocr_carea' id='block_1_84' title="bbox 458 4554 3748 4633">
    <p class='ocr_par' dir='ltr' id='par_1_84' title="bbox 458 4554 3748 4633">
     <span class='ocr_line' id='line_1_84' title="bbox 458 4554 3748 4633; baseline -0 -15"><span class='ocrx_word' id='word_1_761' title='bbox 458 4562 734 4618; x_wconf 77' lang='lat' dir='ltr'><strong>existeret.</strong></span> <span class='ocrx_word' id='word_1_762' title='bbox 775 4560 894 4631; x_wconf 88' lang='lat' dir='ltr'><strong>Ipse</strong></span> <span class='ocrx_word' id='word_1_763' title='bbox 917 4577 1048 4617; x_wconf 80' lang='lat' dir='ltr'><strong>vero</strong></span> <span class='ocrx_word' id='word_1_764' title='bbox 1089 4561 1193 4616; x_wconf 87' lang='lat' dir='ltr'><strong>sibi</strong></span> <span class='ocrx_word' id='word_1_765' title='bbox 1239 4562 1511 4630; x_wconf 88' lang='lat' dir='ltr'><strong>quomodo</strong></span> <span class='ocrx_word' id='word_1_766' title='bbox 1554 4562 1638 4616; x_wconf 85' lang='lat' dir='ltr'><strong>vel</strong></span> <span class='ocrx_word' id='word_1_767' title='bbox 1681 4562 1824 4619; x_wconf 83' lang='lat' dir='ltr'><strong>Deus</strong></span> <span class='ocrx_word' id='word_1_768' title='bbox 1853 4564 2054 4633; x_wconf 82' lang='lat' dir='ltr'><strong>poterit</strong></span> <span class='ocrx_word' id='word_1_769' title='bbox 2076 4554 2128 4575; x_wconf 80' lang='grc'><strong>¹¹</strong></span> <span class='ocrx_word' id='word_1_770' title='bbox 2155 4563 2238 4610; x_wconf 72' lang='lat' dir='ltr'><strong>est</strong></span> <span class='ocrx_word' id='word_1_771' title='bbox 2259 4555 2346 4610; x_wconf 73' lang='lat' dir='ltr'><strong>die</strong></span> <span class='ocrx_word' id='word_1_772' title='bbox 2369 4554 2733 4623; x_wconf 72' lang='grc' dir='ltr'><strong>Ρεηῑθθοειθε,</strong></span> <span class='ocrx_word' id='word_1_773' title='bbox 2757 4564 2880 4626; x_wconf 67' lang='lat' dir='ltr'><strong>post</strong></span> <span class='ocrx_word' id='word_1_774' title='bbox 2899 4557 3018 4614; x_wconf 79' lang='lat' dir='ltr'><strong>dies</strong></span> <span class='ocrx_word' id='word_1_775' title='bbox 3039 4558 3226 4616; x_wconf 77' lang='lat' dir='ltr'><strong>decem</strong></span> <span class='ocrx_word' id='word_1_776' title='bbox 3243 4560 3466 4628; x_wconf 76' lang='lat' dir='ltr'><strong>quando</strong></span> <span class='ocrx_word' id='word_1_777' title='bbox 3492 4561 3748 4616; x_wconf 73' lang='lat' dir='ltr'><strong>Dominus</strong></span> 
     </span>
    </p>
   </div>
   <div class='ocr_carea' id='block_1_85' title="bbox 457 4645 3748 4727">
    <p class='ocr_par' dir='ltr' id='par_1_85' title="bbox 457 4645 3748 4727">
     <span class='ocr_line' id='line_1_85' title="bbox 457 4645 3748 4727; baseline -0.003 -17"><span class='ocrx_word' id='word_1_778' title='bbox 457 4668 598 4720; x_wconf 86' lang='lat' dir='ltr'><strong>esse,</strong></span> <span class='ocrx_word' id='word_1_779' title='bbox 633 4654 716 4710; x_wconf 75' lang='lat' dir='ltr'><strong>vel</strong></span> <span class='ocrx_word' id='word_1_780' title='bbox 751 4652 1058 4708; x_wconf 84' lang='lat' dir='ltr'><strong>Dominus?</strong></span> <span class='ocrx_word' id='word_1_781' title='bbox 1095 4651 1238 4720; x_wconf 78' lang='lat' dir='ltr'><strong>Ergo</strong></span> <span class='ocrx_word' id='word_1_782' title='bbox 1276 4651 1444 4706; x_wconf 89' lang='lat' dir='ltr'><strong>solius</strong></span> <span class='ocrx_word' id='word_1_783' title='bbox 1489 4651 1669 4707; x_wconf 87' lang='lat' dir='ltr'><strong>Patris</strong></span> <span class='ocrx_word' id='word_1_784' title='bbox 1713 4662 1796 4709; x_wconf 86' lang='lat' dir='ltr'><strong>est</strong></span> <span class='ocrx_word' id='word_1_785' title='bbox 1841 4669 2050 4720; x_wconf 84' lang='lat' dir='ltr'><strong>servus,</strong></span> <span class='ocrx_word' id='word_1_786' title='bbox 2155 4645 2400 4702; x_wconf 87' lang='lat' dir='ltr'><strong>ascendit</strong></span> <span class='ocrx_word' id='word_1_787' title='bbox 2425 4646 2478 4704; x_wconf 87' lang='lat' dir='ltr'><strong>in</strong></span> <span class='ocrx_word' id='word_1_788' title='bbox 2507 4646 2725 4727; x_wconf 59' lang='lat' dir='ltr'><strong>malum.</strong></span> <span class='ocrx_word' id='word_1_789' title='bbox 2759 4646 3040 4716; x_wconf 83' lang='lat' dir='ltr'><strong>Quomodo</strong></span> <span class='ocrx_word' id='word_1_790' title='bbox 3069 4664 3177 4704; x_wconf 85' lang='lat' dir='ltr'><strong>non</strong></span> <span class='ocrx_word' id='word_1_791' title='bbox 3202 4658 3288 4704; x_wconf 84' lang='lat' dir='ltr'><strong>est</strong></span> <span class='ocrx_word' id='word_1_792' title='bbox 3314 4647 3479 4708; x_wconf 68' lang='lat' dir='ltr'><strong>Iesus</strong></span> <span class='ocrx_word' id='word_1_793' title='bbox 3505 4649 3748 4706; x_wconf 67' lang='lat' dir='ltr'><strong>Christus</strong></span> 
     </span>
    </p>
   </div>
   <div class='ocr_carea' id='block_1_86' title="bbox 459 4737 3748 4811">
    <p class='ocr_par' dir='ltr' id='par_1_86' title="bbox 459 4737 3748 4811">
     <span class='ocr_line' id='line_1_86' title="bbox 459 4737 3748 4811; baseline -0.001 -11"><span class='ocrx_word' id='word_1_794' title='bbox 459 4759 565 4800; x_wconf 91' lang='lat' dir='ltr'><strong>non</strong></span> <span class='ocrx_word' id='word_1_795' title='bbox 595 4745 697 4800; x_wconf 87' lang='lat' dir='ltr'><strong>sibi</strong></span> <span class='ocrx_word' id='word_1_796' title='bbox 727 4757 936 4807; x_wconf 84' lang='lat' dir='ltr'><strong>servus,</strong></span> <span class='ocrx_word' id='word_1_797' title='bbox 967 4755 1076 4796; x_wconf 90' lang='lat' dir='ltr'><strong>non</strong></span> <span class='ocrx_word' id='word_1_798' title='bbox 1105 4755 1236 4796; x_wconf 87' lang='lat' dir='ltr'><strong>suus</strong></span> <span class='ocrx_word' id='word_1_799' title='bbox 1271 4755 1480 4796; x_wconf 85' lang='lat' dir='ltr'><strong>servus.</strong></span> <span class='ocrx_word' id='word_1_800' title='bbox 1505 4740 1623 4797; x_wconf 86' lang='lat' dir='ltr'><strong>Non</strong></span> <span class='ocrx_word' id='word_1_801' title='bbox 1651 4743 1754 4800; x_wconf 86' lang='lat' dir='ltr'><strong>sibi</strong></span> <span class='ocrx_word' id='word_1_802' title='bbox 1781 4744 2052 4811; x_wconf 76' lang='lat' dir='ltr'><strong>dominus,</strong></span> <span class='ocrx_word' id='word_1_803' title='bbox 2155 4737 2299 4796; x_wconf 84' lang='lat' dir='ltr'><strong>Deus</strong></span> <span class='ocrx_word' id='word_1_804' title='bbox 2323 4739 2422 4797; x_wconf 88' lang='lat' dir='ltr'><strong>Dei</strong></span> <span class='ocrx_word' id='word_1_805' title='bbox 2445 4738 2635 4805; x_wconf 88' lang='lat' dir='ltr'><strong>Filius,</strong></span> <span class='ocrx_word' id='word_1_806' title='bbox 2677 4740 2768 4810; x_wconf 87' lang='lat' dir='ltr'><strong>qui</strong></span> <span class='ocrx_word' id='word_1_807' title='bbox 2799 4739 2868 4795; x_wconf 91' lang='lat' dir='ltr'><strong>de</strong></span> <span class='ocrx_word' id='word_1_808' title='bbox 2899 4739 3122 4811; x_wconf 71' lang='lat' dir='ltr'><strong>Virgine</strong></span> <span class='ocrx_word' id='word_1_809' title='bbox 3153 4749 3315 4800; x_wconf 85' lang='lat' dir='ltr'><strong>natus</strong></span> <span class='ocrx_word' id='word_1_810' title='bbox 3351 4751 3440 4798; x_wconf 83' lang='lat' dir='ltr'><strong>est</strong></span> <span class='ocrx_word' id='word_1_811' title='bbox 3485 4741 3631 4797; x_wconf 82' lang='lat' dir='ltr'><strong>Dens</strong></span> <span class='ocrx_word' id='word_1_812' title='bbox 3660 4754 3748 4794; x_wconf 73' lang='lat' dir='ltr'><strong>rc-</strong></span> 
     </span>
    </p>
   </div>
   <div class='ocr_carea' id='block_1_87' title="bbox 459 4813 3748 4904">
    <p class='ocr_par' dir='ltr' id='par_1_87' title="bbox 459 4813 3748 4904">
     <span class='ocr_line' id='line_1_87' title="bbox 459 4813 3748 4904; baseline 0 -15"><span class='ocrx_word' id='word_1_813' title='bbox 459 4851 569 4890; x_wconf 88' lang='lat' dir='ltr'><strong>non</strong></span> <span class='ocrx_word' id='word_1_814' title='bbox 600 4847 732 4892; x_wconf 84' lang='lat' dir='ltr'><strong>suus</strong></span> <span class='ocrx_word' id='word_1_815' title='bbox 768 4813 1039 4886; x_wconf 83' lang='lat' dir='ltr'><strong>dominus.</strong></span> <span class='ocrx_word' id='word_1_816' title='bbox 1073 4827 1230 4886; x_wconf 85' lang='lat' dir='ltr'><strong>Sicut</strong></span> <span class='ocrx_word' id='word_1_817' title='bbox 1251 4829 1397 4886; x_wconf 89' lang='lat' dir='ltr'><strong>solus</strong></span> <span class='ocrx_word' id='word_1_818' title='bbox 1423 4831 1602 4889; x_wconf 87' lang='lat' dir='ltr'><strong>Patris</strong></span> <span class='ocrx_word' id='word_1_819' title='bbox 1623 4837 1706 4886; x_wconf 89' lang='lat' dir='ltr'><strong>est</strong></span> <span class='ocrx_word' id='word_1_820' title='bbox 1733 4830 1922 4898; x_wconf 83' lang='lat' dir='ltr'><strong>Filius,</strong></span> <span class='ocrx_word' id='word_1_821' title='bbox 1945 4848 2055 4890; x_wconf 85' lang='lat' dir='ltr'><strong>non</strong></span> <span class='ocrx_word' id='word_1_822' title='bbox 2108 4897 2110 4899; x_wconf 22' lang='lat'><strong>,</strong></span> <span class='ocrx_word' id='word_1_823' title='bbox 2155 4848 2270 4900; x_wconf 87' lang='lat' dir='ltr'><strong>rus,</strong></span> <span class='ocrx_word' id='word_1_824' title='bbox 2307 4832 2402 4902; x_wconf 86' lang='lat' dir='ltr'><strong>qui</strong></span> <span class='ocrx_word' id='word_1_825' title='bbox 2436 4833 2527 4888; x_wconf 87' lang='lat' dir='ltr'><strong>dat</strong></span> <span class='ocrx_word' id='word_1_826' title='bbox 2557 4831 2819 4901; x_wconf 79' lang='lat' dir='ltr'><strong>Spiritum</strong></span> <span class='ocrx_word' id='word_1_827' title='bbox 2851 4834 3140 4892; x_wconf 71' lang='lat' dir='ltr'><strong>sanctum?</strong></span> <span class='ocrx_word' id='word_1_828' title='bbox 3175 4833 3290 4889; x_wconf 80' lang='lat' dir='ltr'><strong>[mo</strong></span> <span class='ocrx_word' id='word_1_829' title='bbox 3335 4842 3584 4904; x_wconf 81' lang='lat' dir='ltr'><strong>quantus</strong></span> <span class='ocrx_word' id='word_1_830' title='bbox 3612 4835 3748 4890; x_wconf 72' lang='lat' dir='ltr'><strong>Deus</strong></span> 
     </span>
    </p>
   </div>
   <div class='ocr_carea' id='block_1_88' title="bbox 460 4922 3745 4996">
    <p class='ocr_par' dir='ltr' id='par_1_88' title="bbox 460 4922 3745 4996">
     <span class='ocr_line' id='line_1_88' title="bbox 460 4922 3745 4996; baseline 0.001 -16"><span class='ocrx_word' id='word_1_831' title='bbox 460 4940 592 4985; x_wconf 88' lang='lat' dir='ltr'><strong>suns</strong></span> <span class='ocrx_word' id='word_1_832' title='bbox 629 4924 790 4990; x_wconf 87' lang='lat' dir='ltr'><strong>ﬁlius,</strong></span> <span class='ocrx_word' id='word_1_833' title='bbox 817 4939 929 4979; x_wconf 90' lang='lat' dir='ltr'><strong>non</strong></span> <span class='ocrx_word' id='word_1_834' title='bbox 954 4923 1058 4980; x_wconf 88' lang='lat' dir='ltr'><strong>sibi</strong></span> <span class='ocrx_word' id='word_1_835' title='bbox 1091 4923 1250 4990; x_wconf 89' lang='lat' dir='ltr'><strong>ﬁlius,</strong></span> <span class='ocrx_word' id='word_1_836' title='bbox 1274 4923 1416 4980; x_wconf 89' lang='lat' dir='ltr'><strong>sicut</strong></span> <span class='ocrx_word' id='word_1_837' title='bbox 1445 4923 1561 4994; x_wconf 89' lang='lat' dir='ltr'><strong>ipso</strong></span> <span class='ocrx_word' id='word_1_838' title='bbox 1590 4922 1766 4993; x_wconf 80' lang='lat' dir='ltr'><strong>major</strong></span> <span class='ocrx_word' id='word_1_839' title='bbox 1781 4933 1839 4983; x_wconf 86' lang='lat' dir='ltr'><strong>et</strong></span> <span class='ocrx_word' id='word_1_840' title='bbox 1856 4925 2052 4984; x_wconf 86' lang='lat' dir='ltr'><strong>minor.</strong></span> <span class='ocrx_word' id='word_1_841' title='bbox 2155 4932 2258 4990; x_wconf 88' lang='lat' dir='ltr'><strong>est,</strong></span> <span class='ocrx_word' id='word_1_842' title='bbox 2287 4923 2378 4996; x_wconf 80' lang='lat' dir='ltr'><strong>qui</strong></span> <span class='ocrx_word' id='word_1_843' title='bbox 2410 4923 2499 4978; x_wconf 88' lang='lat' dir='ltr'><strong>dat</strong></span> <span class='ocrx_word' id='word_1_844' title='bbox 2530 4922 2702 4980; x_wconf 89' lang='lat' dir='ltr'><strong>Deum</strong></span> <span class='ocrx_word' id='word_1_845' title='bbox 2729 4925 2740 4976; x_wconf 90' lang='lat'>!</span> <span class='ocrx_word' id='word_1_846' title='bbox 2769 4923 2955 4993; x_wconf 82' lang='lat' dir='ltr'><strong>Neque</strong></span> <span class='ocrx_word' id='word_1_847' title='bbox 2977 4924 3120 4982; x_wconf 84' lang='lat' dir='ltr'><strong>enim</strong></span> <span class='ocrx_word' id='word_1_848' title='bbox 3145 4924 3341 4995; x_wconf 80' lang='lat' dir='ltr'><strong>aliquis</strong></span> <span class='ocrx_word' id='word_1_849' title='bbox 3361 4926 3745 4996; x_wconf 76' lang='lat' dir='ltr'><strong>discipulam</strong></span> 
     </span>
    </p>
   </div>
   <div class='ocr_carea' id='block_1_89' title="bbox 461 5013 3749 5089">
    <p class='ocr_par' dir='ltr' id='par_1_89' title="bbox 461 5013 3749 5089">
     <span class='ocr_line' id='line_1_89' title="bbox 461 5013 3749 5089; baseline -0 -15"><span class='ocrx_word' id='word_1_850' title='bbox 461 5015 530 5074; x_wconf 78' lang='lat' dir='ltr'><strong>Et</strong></span> <span class='ocrx_word' id='word_1_851' title='bbox 557 5015 678 5072; x_wconf 86' lang='lat' dir='ltr'><strong>ideo</strong></span> <span class='ocrx_word' id='word_1_852' title='bbox 699 5015 754 5070; x_wconf 90' lang='lat' dir='ltr'><strong>in</strong></span> <span class='ocrx_word' id='word_1_853' title='bbox 779 5031 886 5086; x_wconf 89' lang='lat' dir='ltr'><strong>quo</strong></span> <span class='ocrx_word' id='word_1_854' title='bbox 915 5015 1089 5088; x_wconf 80' lang='lat' dir='ltr'><strong>major</strong></span> <span class='ocrx_word' id='word_1_855' title='bbox 1114 5016 1217 5075; x_wconf 89' lang='lat' dir='ltr'><strong>sibi</strong></span> <span class='ocrx_word' id='word_1_856' title='bbox 1258 5015 1386 5086; x_wconf 86' lang='lat' dir='ltr'><strong>ipsi,</strong></span> <span class='ocrx_word' id='word_1_857' title='bbox 1416 5015 1642 5086; x_wconf 73' lang='lat' dir='ltr'><strong>aequalis</strong></span> <span class='ocrx_word' id='word_1_858' title='bbox 1664 5024 1749 5074; x_wconf 88' lang='lat' dir='ltr'><strong>est</strong></span> <span class='ocrx_word' id='word_1_859' title='bbox 1777 5016 1956 5083; x_wconf 86' lang='lat' dir='ltr'><strong>Patri;</strong></span> <span class='ocrx_word' id='word_1_860' title='bbox 1999 5018 2057 5074; x_wconf 85' lang='lat' dir='ltr'><strong>in</strong></span> <span class='ocrx_word' id='word_1_861' title='bbox 2156 5014 2274 5089; x_wconf 73' lang='lat' dir='ltr'><strong>ejus</strong></span> <span class='ocrx_word' id='word_1_862' title='bbox 2323 5013 2472 5072; x_wconf 86' lang='lat' dir='ltr'><strong>dedit</strong></span> <span class='ocrx_word' id='word_1_863' title='bbox 2519 5014 2781 5085; x_wconf 87' lang='lat' dir='ltr'><strong>Spiritum</strong></span> <span class='ocrx_word' id='word_1_864' title='bbox 2823 5026 3094 5074; x_wconf 68' lang='lat' dir='ltr'><strong>sanctum.</strong></span> <span class='ocrx_word' id='word_1_865' title='bbox 3143 5014 3390 5074; x_wconf 72' lang='lat' dir='ltr'><strong>Orabam</strong></span> <span class='ocrx_word' id='word_1_866' title='bbox 3441 5019 3640 5088; x_wconf 78' lang='lat' dir='ltr'><strong>quippe</strong></span> <span class='ocrx_word' id='word_1_867' title='bbox 3675 5022 3749 5072; x_wconf 63' lang='grc' dir='ltr'><strong>τι</strong></span> 
     </span>
    </p>
   </div>
   <div class='ocr_carea' id='block_1_90' title="bbox 463 5106 3749 5180">
    <p class='ocr_par' dir='ltr' id='par_1_90' title="bbox 463 5106 3749 5180">
     <span class='ocr_line' id='line_1_90' title="bbox 463 5106 3749 5180; baseline 0.001 -18"><span class='ocrx_word' id='word_1_868' title='bbox 463 5123 570 5178; x_wconf 88' lang='lat' dir='ltr'><strong>quo</strong></span> <span class='ocrx_word' id='word_1_869' title='bbox 599 5106 780 5162; x_wconf 88' lang='lat' dir='ltr'><strong>minor</strong></span> <span class='ocrx_word' id='word_1_870' title='bbox 813 5107 915 5164; x_wconf 85' lang='lat' dir='ltr'><strong>sibi</strong></span> <span class='ocrx_word' id='word_1_871' title='bbox 946 5109 1069 5180; x_wconf 87' lang='lat' dir='ltr'><strong>ipsi,</strong></span> <span class='ocrx_word' id='word_1_872' title='bbox 1097 5107 1274 5166; x_wconf 83' lang='lat' dir='ltr'><strong>minor</strong></span> <span class='ocrx_word' id='word_1_873' title='bbox 1305 5114 1390 5164; x_wconf 83' lang='lat' dir='ltr'><strong>est</strong></span> <span class='ocrx_word' id='word_1_874' title='bbox 1423 5106 1617 5175; x_wconf 86' lang='lat' dir='ltr'><strong>Patre;</strong></span> <span class='ocrx_word' id='word_1_875' title='bbox 1656 5107 1711 5164; x_wconf 88' lang='lat' dir='ltr'><strong>in</strong></span> <span class='ocrx_word' id='word_1_876' title='bbox 1743 5124 1852 5178; x_wconf 87' lang='lat' dir='ltr'><strong>quo</strong></span> <span class='ocrx_word' id='word_1_877' title='bbox 1879 5109 2059 5168; x_wconf 78' lang='lat' dir='ltr'><strong>minor</strong></span> <span class='ocrx_word' id='word_1_878' title='bbox 2156 5107 2367 5162; x_wconf 80' lang='lat' dir='ltr'><strong>veniret</strong></span> <span class='ocrx_word' id='word_1_879' title='bbox 2397 5107 2452 5162; x_wconf 86' lang='lat' dir='ltr'><strong>in</strong></span> <span class='ocrx_word' id='word_1_880' title='bbox 2493 5122 2590 5162; x_wconf 85' lang='lat' dir='ltr'><strong>eos</strong></span> <span class='ocrx_word' id='word_1_881' title='bbox 2630 5107 2828 5176; x_wconf 86' lang='lat' dir='ltr'><strong>quibus</strong></span> <span class='ocrx_word' id='word_1_882' title='bbox 2853 5121 3046 5168; x_wconf 70' lang='lat' dir='ltr'><strong>manus</strong></span> <span class='ocrx_word' id='word_1_883' title='bbox 3088 5107 3470 5177; x_wconf 78' lang='lat' dir='ltr'><strong>imponebant:</strong></span> <span class='ocrx_word' id='word_1_884' title='bbox 3511 5123 3620 5164; x_wconf 82' lang='lat' dir='ltr'><strong>non</strong></span> <span class='ocrx_word' id='word_1_885' title='bbox 3649 5106 3749 5176; x_wconf 73' lang='lat' dir='ltr'><strong>ipsi</strong></span> 
     </span>
    </p>
   </div>
   <div class='ocr_carea' id='block_1_91' title="bbox 463 5197 3748 5272">
    <p class='ocr_par' dir='ltr' id='par_1_91' title="bbox 463 5197 3748 5272">
     <span class='ocr_line' id='line_1_91' title="bbox 463 5197 3748 5272; baseline 0.001 -18"><span class='ocrx_word' id='word_1_886' title='bbox 463 5197 634 5266; x_wconf 87' lang='lat' dir='ltr'><strong>Patri,</strong></span> <span class='ocrx_word' id='word_1_887' title='bbox 665 5197 926 5256; x_wconf 89' lang='lat' dir='ltr'><strong>Dominus</strong></span> <span class='ocrx_word' id='word_1_888' title='bbox 951 5199 1100 5256; x_wconf 86' lang='lat' dir='ltr'><strong>omni</strong></span> <span class='ocrx_word' id='word_1_889' title='bbox 1127 5209 1418 5267; x_wconf 70' lang='lat' dir='ltr'><strong>creatum;</strong></span> <span class='ocrx_word' id='word_1_890' title='bbox 1459 5199 1517 5256; x_wconf 89' lang='lat' dir='ltr'><strong>in</strong></span> <span class='ocrx_word' id='word_1_891' title='bbox 1541 5215 1651 5272; x_wconf 88' lang='lat' dir='ltr'><strong>quo</strong></span> <span class='ocrx_word' id='word_1_892' title='bbox 1676 5215 1867 5257; x_wconf 76' lang='lat' dir='ltr'><strong>servus</strong></span> <span class='ocrx_word' id='word_1_893' title='bbox 1886 5199 2056 5268; x_wconf 85' lang='lat' dir='ltr'><strong>Patri,</strong></span> <span class='ocrx_word' id='word_1_894' title='bbox 2156 5212 2281 5254; x_wconf 88' lang='lat' dir='ltr'><strong>eum</strong></span> <span class='ocrx_word' id='word_1_895' title='bbox 2304 5199 2524 5259; x_wconf 83' lang='lat' dir='ltr'><strong>dabant.</strong></span> <span class='ocrx_word' id='word_1_896' title='bbox 2549 5197 2722 5266; x_wconf 84' lang='lat' dir='ltr'><strong>Quam</strong></span> <span class='ocrx_word' id='word_1_897' title='bbox 2750 5199 3195 5262; x_wconf 70' lang='lat' dir='ltr'><strong>consuetudinem</strong></span> <span class='ocrx_word' id='word_1_898' title='bbox 3215 5199 3572 5272; x_wconf 73' lang='lat' dir='ltr'><strong>lnepincupis</strong></span> <span class='ocrx_word' id='word_1_899' title='bbox 3587 5202 3748 5258; x_wconf 65' lang='grc' dir='ltr'>ω</span> 
     </span>
    </p>
   </div>
   <div class='ocr_carea' id='block_1_92' title="bbox 465 5289 2806 5365">
    <p class='ocr_par' dir='ltr' id='par_1_92' title="bbox 465 5289 2806 5365">
     <span class='ocr_line' id='line_1_92' title="bbox 465 5289 2806 5365; baseline 0.003 -21"><span class='ocrx_word' id='word_1_900' title='bbox 465 5289 716 5365; x_wconf 79' lang='lat' dir='ltr'><strong>dominus</strong></span> <span class='ocrx_word' id='word_1_901' title='bbox 745 5289 869 5346; x_wconf 74' lang='lat' dir='ltr'><strong>cmli</strong></span> <span class='ocrx_word' id='word_1_902' title='bbox 892 5299 949 5346; x_wconf 90' lang='lat' dir='ltr'><strong>et</strong></span> <span class='ocrx_word' id='word_1_903' title='bbox 975 5301 1153 5360; x_wconf 70' lang='lat' dir='ltr'><strong>terrm,</strong></span> <span class='ocrx_word' id='word_1_904' title='bbox 1168 5291 1226 5348; x_wconf 83' lang='lat' dir='ltr'><strong>id</strong></span> <span class='ocrx_word' id='word_1_905' title='bbox 1244 5299 1328 5354; x_wconf 89' lang='lat' dir='ltr'><strong>est</strong></span> <span class='ocrx_word' id='word_1_906' title='bbox 1347 5291 1662 5364; x_wconf 72' lang='lat' dir='ltr'><strong>angelorum</strong></span> <span class='ocrx_word' id='word_1_907' title='bbox 1682 5302 1737 5348; x_wconf 88' lang='lat' dir='ltr'><strong>et</strong></span> <span class='ocrx_word' id='word_1_908' title='bbox 1757 5292 2054 5359; x_wconf 79' lang='lat' dir='ltr'><strong>hominum,</strong></span> <span class='ocrx_word' id='word_1_909' title='bbox 2158 5307 2304 5348; x_wconf 81' lang='lat' dir='ltr'><strong>nunc</strong></span> <span class='ocrx_word' id='word_1_910' title='bbox 2331 5297 2512 5346; x_wconf 66' lang='lat' dir='ltr'><strong>servat</strong></span> <span class='ocrx_word' id='word_1_911' title='bbox 2541 5289 2806 5346; x_wconf 73' lang='lat' dir='ltr'><strong>Ecclesia-</strong></span> 
     </span>
    </p>
   </div>
   <div class='ocr_carea' id='block_1_93' title="bbox 465 5366 3752 5454">
    <p class='ocr_par' dir='ltr' id='par_1_93' title="bbox 465 5366 3752 5454">
     <span class='ocr_line' id='line_1_93' title="bbox 465 5366 3752 5454; baseline 0.002 -20"><span class='ocrx_word' id='word_1_912' title='bbox 465 5369 632 5438; x_wconf 85' lang='lat' dir='ltr'><strong>Paulo</strong></span> <span class='ocrx_word' id='word_1_913' title='bbox 663 5381 906 5452; x_wconf 87' lang='lat' dir='ltr'><strong>apostolo</strong></span> <span class='ocrx_word' id='word_1_914' title='bbox 931 5390 1244 5450; x_wconf 81' lang='lat' dir='ltr'><strong>attestante,</strong></span> <span class='ocrx_word' id='word_1_915' title='bbox 1275 5366 1370 5452; x_wconf 83' lang='lat' dir='ltr'><strong>qui</strong></span> <span class='ocrx_word' id='word_1_916' title='bbox 1395 5383 1506 5438; x_wconf 84' lang='lat' dir='ltr'><strong>ait:</strong></span> <span class='ocrx_word' id='word_1_917' title='bbox 1539 5381 1854 5450; x_wconf 78' lang='lat' dir='ltr'><strong>Humiliavit</strong></span> <span class='ocrx_word' id='word_1_918' title='bbox 1876 5391 2060 5440; x_wconf 78' lang='lat' dir='ltr'><strong>scmet-</strong></span> <span class='ocrx_word' id='word_1_919' title='bbox 2229 5381 2342 5438; x_wconf 72' lang='grc' dir='ltr'><strong>ΧΠ.</strong></span> <span class='ocrx_word' id='word_1_920' title='bbox 2376 5382 2620 5452; x_wconf 85' lang='lat' dir='ltr'><strong>Denique</strong></span> <span class='ocrx_word' id='word_1_921' title='bbox 2643 5390 2701 5436; x_wconf 87' lang='lat' dir='ltr'><strong>et</strong></span> <span class='ocrx_word' id='word_1_922' title='bbox 2738 5380 2928 5440; x_wconf 87' lang='lat' dir='ltr'><strong>Simon</strong></span> <span class='ocrx_word' id='word_1_923' title='bbox 2966 5381 3174 5454; x_wconf 64' lang='lat' dir='ltr'><strong>Iasus,</strong></span> <span class='ocrx_word' id='word_1_924' title='bbox 3214 5381 3456 5440; x_wconf 67' lang='lat' dir='ltr'><strong>odorem</strong></span> <span class='ocrx_word' id='word_1_925' title='bbox 3495 5382 3752 5454; x_wconf 56' lang='lat' dir='ltr'><strong>spondis</strong></span> 
     </span>
    </p>
   </div>
   <div class='ocr_carea' id='block_1_94' title="bbox 465 5469 3750 5544">
    <p class='ocr_par' dir='ltr' id='par_1_94' title="bbox 465 5469 3750 5544">
     <span class='ocr_line' id='line_1_94' title="bbox 465 5469 3750 5544; baseline 0.002 -20"><span class='ocrx_word' id='word_1_926' title='bbox 465 5469 638 5542; x_wconf 86' lang='lat' dir='ltr'><strong>ipsum</strong></span> <span class='ocrx_word' id='word_1_927' title='bbox 661 5489 821 5544; x_wconf 87' lang='lat' dir='ltr'><strong>usque</strong></span> <span class='ocrx_word' id='word_1_928' title='bbox 840 5471 910 5528; x_wconf 87' lang='lat' dir='ltr'><strong>ad</strong></span> <span class='ocrx_word' id='word_1_929' title='bbox 941 5481 1181 5540; x_wconf 89' lang='lat' dir='ltr'><strong>mortem,</strong></span> <span class='ocrx_word' id='word_1_930' title='bbox 1211 5482 1435 5530; x_wconf 85' lang='lat' dir='ltr'><strong>mortem</strong></span> <span class='ocrx_word' id='word_1_931' title='bbox 1478 5483 1654 5529; x_wconf 85' lang='lat' dir='ltr'><strong>autem</strong></span> <span class='ocrx_word' id='word_1_932' title='bbox 1691 5476 1885 5530; x_wconf 86' lang='lat' dir='ltr'><strong>crucis.</strong></span> <span class='ocrx_word' id='word_1_933' title='bbox 1917 5474 2058 5530; x_wconf 84' lang='lat' dir='ltr'><strong>Pro-</strong></span> <span class='ocrx_word' id='word_1_934' title='bbox 2158 5472 2464 5544; x_wconf 85' lang='lat' dir='ltr'><strong>pecuniam,</strong></span> <span class='ocrx_word' id='word_1_935' title='bbox 2495 5488 2604 5530; x_wconf 86' lang='lat' dir='ltr'><strong>non</strong></span> <span class='ocrx_word' id='word_1_936' title='bbox 2639 5473 2756 5528; x_wconf 84' lang='lat' dir='ltr'><strong>ait:</strong></span> <span class='ocrx_word' id='word_1_937' title='bbox 2795 5471 2931 5528; x_wconf 82' lang='lat' dir='ltr'><strong>Date</strong></span> <span class='ocrx_word' id='word_1_938' title='bbox 2963 5478 3020 5533; x_wconf 87' lang='lat' dir='ltr'><strong>et</strong></span> <span class='ocrx_word' id='word_1_939' title='bbox 3061 5471 3198 5538; x_wconf 85' lang='lat' dir='ltr'><strong>mihi</strong></span> <span class='ocrx_word' id='word_1_940' title='bbox 3239 5471 3385 5528; x_wconf 82' lang='lat' dir='ltr'><strong>hanc</strong></span> <span class='ocrx_word' id='word_1_941' title='bbox 3427 5479 3750 5542; x_wconf 67' lang='lat' dir='ltr'><strong>potestatem</strong></span> 
     </span>
    </p>
   </div>
   <div class='ocr_carea' id='block_1_95' title="bbox 467 5563 3750 5638">
    <p class='ocr_par' dir='ltr' id='par_1_95' title="bbox 467 5563 3750 5638">
     <span class='ocr_line' id='line_1_95' title="bbox 467 5563 3750 5638; baseline -0.001 -18"><span class='ocrx_word' id='word_1_942' title='bbox 467 5574 583 5638; x_wconf 86' lang='lat' dir='ltr'><strong><em>pter</em></strong></span> <span class='ocrx_word' id='word_1_943' title='bbox 623 5566 762 5638; x_wconf 86' lang='lat' dir='ltr'><strong>quod</strong></span> <span class='ocrx_word' id='word_1_944' title='bbox 790 5576 838 5623; x_wconf 91' lang='lat' dir='ltr'><strong><em>et</em></strong></span> <span class='ocrx_word' id='word_1_945' title='bbox 881 5567 1020 5622; x_wconf 90' lang='lat' dir='ltr'><strong>Deus</strong></span> <span class='ocrx_word' id='word_1_946' title='bbox 1064 5565 1228 5622; x_wconf 89' lang='lat' dir='ltr'><strong>Pater</strong></span> <span class='ocrx_word' id='word_1_947' title='bbox 1249 5566 1498 5624; x_wconf 66' lang='lat' dir='ltr'><strong>esaltavit</strong></span> <span class='ocrx_word' id='word_1_948' title='bbox 1545 5567 1716 5635; x_wconf 75' lang='lat' dir='ltr'><strong>illum,</strong></span> <span class='ocrx_word' id='word_1_949' title='bbox 1756 5577 1804 5624; x_wconf 87' lang='lat' dir='ltr'><strong>et</strong></span> <span class='ocrx_word' id='word_1_950' title='bbox 1848 5567 2062 5624; x_wconf 75' lang='lat' dir='ltr'><strong>donavit</strong></span> <span class='ocrx_word' id='word_1_951' title='bbox 2159 5574 2220 5622; x_wconf 89' lang='lat' dir='ltr'><strong>ut</strong></span> <span class='ocrx_word' id='word_1_952' title='bbox 2250 5567 2371 5622; x_wconf 88' lang='lat' dir='ltr'><strong>dem</strong></span> <span class='ocrx_word' id='word_1_953' title='bbox 2403 5563 2670 5637; x_wconf 86' lang='lat' dir='ltr'><strong>Spiritum</strong></span> <span class='ocrx_word' id='word_1_954' title='bbox 2696 5573 2968 5632; x_wconf 81' lang='lat' dir='ltr'><strong>sanctum,</strong></span> <span class='ocrx_word' id='word_1_955' title='bbox 2995 5564 3110 5630; x_wconf 82' lang='lat' dir='ltr'><strong>sed,</strong></span> <span class='ocrx_word' id='word_1_956' title='bbox 3138 5566 3432 5636; x_wconf 64' lang='lat' dir='ltr'><strong>enisum</strong></span> <span class='ocrx_word' id='word_1_957' title='bbox 3453 5565 3750 5636; x_wconf 66' lang='lat' dir='ltr'><strong>imposuere</strong></span> 
     </span>
    </p>
   </div>
   <div class='ocr_carea' id='block_1_96' title="bbox 470 5652 3747 5734">
    <p class='ocr_par' dir='ltr' id='par_1_96' title="bbox 470 5652 3747 5734">
     <span class='ocr_line' id='line_1_96' title="bbox 470 5652 3747 5734; baseline -0.002 -20"><span class='ocrx_word' id='word_1_958' title='bbox 470 5659 551 5714; x_wconf 87' lang='lat' dir='ltr'><strong>illi</strong></span> <span class='ocrx_word' id='word_1_959' title='bbox 577 5677 763 5716; x_wconf 86' lang='lat' dir='ltr'><strong>nomen</strong></span> <span class='ocrx_word' id='word_1_960' title='bbox 784 5659 924 5734; x_wconf 81' lang='lat' dir='ltr'><strong>quod</strong></span> <span class='ocrx_word' id='word_1_961' title='bbox 950 5668 1025 5716; x_wconf 89' lang='lat' dir='ltr'><strong>est</strong></span> <span class='ocrx_word' id='word_1_962' title='bbox 1054 5676 1211 5734; x_wconf 81' lang='lat' dir='ltr'><strong>super</strong></span> <span class='ocrx_word' id='word_1_963' title='bbox 1241 5676 1394 5716; x_wconf 89' lang='lat' dir='ltr'><strong>omne</strong></span> <span class='ocrx_word' id='word_1_964' title='bbox 1421 5677 1629 5728; x_wconf 88' lang='lat' dir='ltr'><strong>nomen,</strong></span> <span class='ocrx_word' id='word_1_965' title='bbox 1673 5671 1732 5716; x_wconf 85' lang='lat' dir='ltr'><strong>ut</strong></span> <span class='ocrx_word' id='word_1_966' title='bbox 1766 5663 1824 5717; x_wconf 90' lang='lat' dir='ltr'><strong>in</strong></span> <span class='ocrx_word' id='word_1_967' title='bbox 1854 5661 2060 5717; x_wconf 87' lang='lat' dir='ltr'><strong>nomine</strong></span> <span class='ocrx_word' id='word_1_968' title='bbox 2160 5675 2370 5726; x_wconf 88' lang='lat' dir='ltr'><strong>manus,</strong></span> <span class='ocrx_word' id='word_1_969' title='bbox 2419 5659 2646 5731; x_wconf 88' lang='lat' dir='ltr'><strong>accipiat</strong></span> <span class='ocrx_word' id='word_1_970' title='bbox 2684 5657 2946 5729; x_wconf 81' lang='lat' dir='ltr'><strong>Spiritum</strong></span> <span class='ocrx_word' id='word_1_971' title='bbox 2987 5668 3228 5714; x_wconf 80' lang='lat' dir='ltr'><strong>sanctum</strong></span> <span class='ocrx_word' id='word_1_972' title='bbox 3271 5655 3430 5730; x_wconf 75' lang='lat' dir='ltr'><strong>(Act.</strong></span> <span class='ocrx_word' id='word_1_973' title='bbox 3462 5671 3585 5719; x_wconf 72' lang='lat' dir='ltr'><strong>vui,</strong></span> <span class='ocrx_word' id='word_1_974' title='bbox 3615 5655 3679 5710; x_wconf 76' lang='grc'><strong>19</strong></span> <span class='ocrx_word' id='word_1_975' title='bbox 3703 5652 3747 5723; x_wconf 88' lang='grc'><strong>).</strong></span> 
     </span>
    </p>
   </div>
   <div class='ocr_carea' id='block_1_97' title="bbox 473 5748 3740 5830">
    <p class='ocr_par' dir='ltr' id='par_1_97' title="bbox 473 5748 3740 5830">
     <span class='ocr_line' id='line_1_97' title="bbox 473 5748 3740 5830; baseline 0 -24"><span class='ocrx_word' id='word_1_976' title='bbox 473 5749 620 5822; x_wconf 72' lang='lat' dir='ltr'><strong>Iesu,</strong></span> <span class='ocrx_word' id='word_1_977' title='bbox 649 5753 745 5810; x_wconf 89' lang='lat' dir='ltr'><strong>ﬁlii</strong></span> <span class='ocrx_word' id='word_1_978' title='bbox 772 5752 954 5810; x_wconf 60' lang='lat' dir='ltr'><strong>Marias</strong></span> <span class='ocrx_word' id='word_1_979' title='bbox 979 5752 1236 5824; x_wconf 72' lang='lat' dir='ltr'><strong>Virginis,</strong></span> <span class='ocrx_word' id='word_1_980' title='bbox 1287 5767 1440 5809; x_wconf 88' lang='lat' dir='ltr'><strong>omne</strong></span> <span class='ocrx_word' id='word_1_981' title='bbox 1459 5770 1595 5824; x_wconf 78' lang='lat' dir='ltr'><strong>genu</strong></span> <span class='ocrx_word' id='word_1_982' title='bbox 1638 5753 1882 5822; x_wconf 81' lang='lat' dir='ltr'><strong>ﬂectatur</strong></span> <span class='ocrx_word' id='word_1_983' title='bbox 1911 5751 2064 5808; x_wconf 70' lang='lat' dir='ltr'><strong>cccle-</strong></span> <span class='ocrx_word' id='word_1_984' title='bbox 2161 5749 2298 5822; x_wconf 83' lang='lat' dir='ltr'><strong>Quia</strong></span> <span class='ocrx_word' id='word_1_985' title='bbox 2325 5763 2510 5830; x_wconf 84' lang='lat' dir='ltr'><strong>neque</strong></span> <span class='ocrx_word' id='word_1_986' title='bbox 2541 5748 2822 5822; x_wconf 84' lang='lat' dir='ltr'><strong>Scriptura</strong></span> <span class='ocrx_word' id='word_1_987' title='bbox 2857 5750 3106 5822; x_wconf 75' lang='lat' dir='ltr'><strong>superius</strong></span> <span class='ocrx_word' id='word_1_988' title='bbox 3135 5750 3382 5812; x_wconf 62' lang='lat' dir='ltr'><strong>dixerat:</strong></span> <span class='ocrx_word' id='word_1_989' title='bbox 3424 5749 3628 5809; x_wconf 66' lang='lat' dir='ltr'><strong>Vident</strong></span> <span class='ocrx_word' id='word_1_990' title='bbox 3651 5759 3740 5806; x_wconf 74' lang='lat' dir='ltr'><strong>al-</strong></span> 
     </span>
    </p>
   </div>
  </div>
