3952 6318
821 311 1104 375 ΗΕΤΕΒΠ
1139 313 1232 375 ET
1266 315 1328 375 S.
1365 311 1572 374 BEATI
1598 313 1696 374 AD
1731 315 1738 375 1

1843 305 2134 380 'PANDUH
2165 311 2387 381 EPIST.
2423 353 2496 367 —
2529 321 2662 385 LIB.
2702 321 2748 386 Ι.

3324 325 3432 392 901

144 447 260 495 tem
288 431 482 490 Simon
508 431 654 504 quod
685 431 914 502 apostoli
939 433 1132 490 darent
1161 431 1424 505 Spiritum
1460 442 1732 501 sanctum,
1759 439 1810 498 Α
1838 433 1974 490 falsa
2003 435 2091 502 sit,
2129 439 2350 508 grandis
2374 439 2612 497 inventio
2642 450 2725 498 est
2750 461 2763 497 :
2790 444 2972 500 ethoc
2997 462 3104 502 non
3132 446 3187 504 in
3223 449 3428 507 minuta

144 531 244 589 sed
266 531 524 588 dixerat:
568 525 761 583 Videris
790 537 966 584 eum
1013 528 1199 586 Simon
1233 526 1374 603 quod
1401 545 1494 602 per
1533 529 1750 602 imposl.
1850 526 2025 597 plebe,
2049 529 2144 585 sed
2190 529 2334 587 inter
2365 533 2644 604 episcopos
2688 542 2788 590 est.
2839 535 2956 592 Una
3001 553 3128 608 pars
3156 539 3432 612 episcopo-

143 626 344 680 tionern
361 637 614 677 manuum
639 619 996 679 apostolorum
1017 623 1236 679 daretur
1252 621 1483 695 Spiritus
1505 631 1740 679 sanctus.
1779 664 1790 680 κ

141 713 380 785 Propter
404 714 509 770 hoc
557 712 820 769 Dominus
847 712 966 783 ipse
999 711 1158 770 Iesus
1187 713 1450 785 Spiritum
1495 723 1744 771 sanetum

142 822 260 866 non
290 807 460 864 solum
503 807 650 863 dedit
675 815 736 862 ut
763 807 936 874 Deus,
985 808 1079 863 sed
1121 817 1176 864 et
1219 810 1428 880 accepit
1457 817 1518 864 ut
1555 811 1738 865 homo.

141 900 442 972 Propterea
469 899 674 956 dictum
697 906 814 955 est:
850 899 1046 971 Plenus
1066 903 1260 972 gratia.
1298 900 1366 956 Et
1403 901 1743 958 manifestius

141 993 210 1049 de
239 992 338 1050 illo
360 991 626 1063 scriptum
649 991 808 1046 estin
835 990 1064 1048 Actibus
1089 994 1458 1064 apostolorum
1486 995 1610 1065 quia
1649 1009 1744 1049 un-

138 1084 222 1140 sit
249 1100 374 1139 eum
401 1082 543 1138 Deus
567 1082 632 1137 de
663 1081 868 1154 Spiritu
888 1093 1091 1138 saneto.
1119 1083 1236 1140 Non
1257 1085 1445 1156 utique
1469 1085 1588 1142 oleo
1613 1085 1743 1140 visi-

142 1177 257 1242 bili,
288 1176 387 1233 sed
416 1177 556 1233 dono
579 1175 788 1248 gratiae,
829 1177 972 1246 quod
1003 1177 1204 1233 visibili
1251 1178 1591 1248 signiﬁcatur
1633 1195 1739 1234 uu-

143 1275 350 1338 gucnto
375 1281 486 1337 quo
507 1266 993 1338 baptizatosungit
1020 1268 1280 1324 Ecclesia.
1311 1269 1425 1326 Nec
1448 1284 1581 1326 sane
1609 1277 1740 1326 tunc

144 1367 342 1415 unctus
365 1366 452 1415 est
465 1357 714 1414 Christus
739 1357 944 1429 Spiritu
969 1369 1176 1427 sancto,
1199 1361 1413 1431 quando
1434 1373 1596 1432 super
1613 1373 1739 1416 eum

143 1449 482 1520 baptizatum
513 1457 574 1504 ut
597 1447 845 1504 columba
873 1448 1188 1506 descendit:
1223 1459 1351 1507 tunc
1373 1453 1518 1506 enim
1541 1465 1738 1522 corpus

143 1555 324 1606 suum,
351 1540 408 1596 id
438 1547 525 1598 est
563 1539 862 1596 Ecclesium
892 1556 1076 1606 suam,
1121 1541 1467 1616 prmtlgurate
1491 1543 1741 1612 dignatus

143 1637 246 1694 est,
290 1629 348 1684 in
381 1644 491 1700 quo
531 1629 802 1698 praecipue
845 1629 1104 1699 baptizati
1147 1633 1442 1702 accipimus
1475 1632 1738 1703 Spiritum

145 1731 396 1778 sanctum
420 1739 436 1788 ;
477 1723 573 1778 sed
600 1722 704 1778 ista
725 1722 952 1793 mystica
975 1731 1032 1778 et
1055 1723 1312 1780 invisibili
1337 1729 1590 1784 unctione
1609 1736 1738 1786 tunc

1850 633 1971 674 rum
2001 619 2131 676 dicit
2153 621 2296 692 quod
2319 619 2476 680 Jesus
2497 623 2745 682 Christus
2768 626 3050 698 adoptivus
3073 640 3157 684 est
3186 631 3432 687 humani-

1848 719 1975 775 tate,
2007 720 2063 767 et
2091 729 2431 786 nequaquam
2461 717 2742 788 adoptivus
2769 718 3070 776 divinitate.
3096 719 3282 777 Altera
3304 739 3434 794 pars

1845 804 2017 858 dicit:
2052 803 2165 861 Nisi
2200 823 2266 862 ex
2297 815 2524 880 utraque
2553 819 2745 866 natura
2782 812 2976 868 unicus
3009 823 3091 869 est
3115 815 3211 870 Dei
3255 815 3433 872 Patris

1847 894 2014 951 Filius
2033 898 2297 967 proprius,
2315 916 2421 956 non
2444 899 2746 970 adoptivus,
2773 903 2827 957 in
2858 909 3064 958 tantum
3080 906 3351 976 proprius,
3373 912 3434 962 ut

1845 985 1960 1056 ipse
1977 987 2049 1042 sit
2069 987 2163 1044 Dei
2191 988 2359 1045 Filius
2379 990 2521 1047 Deus
2540 1007 2700 1064 verus
2719 1009 2734 1060 ;
2760 1003 2814 1048 et
2833 994 2948 1064 ipse
2967 996 3240 1062 adoretur,
3260 1005 3316 1052 ει
3341 1012 3435 1054 co-

1842 1075 2003 1142 latur,
2017 1083 2107 1148 qui
2121 1081 2222 1134 sub
2233 1079 2428 1136 Pontio
2438 1080 2610 1138 Pilato
2625 1091 2710 1138 cst
2724 1084 3035 1140 cruciﬁxus.
3055 1083 3182 1141 Hzec
3194 1103 3322 1158 pars
3332 1101 3435 1146 nos

1843 1183 2046 1235 sumus,
2072 1171 2127 1226 id
2151 1183 2235 1227 est
2252 1171 2504 1230 Heterius
2522 1182 2578 1231 et
2601 1175 2816 1243 Beatus,
2834 1191 2956 1232 cum
2986 1179 3196 1235 cieteris
3217 1179 3290 1234 ita
3313 1195 3436 1237 cre-

1843 1261 2116 1320 dentibus.
2137 1263 2421 1322 Credimus
2441 1276 2588 1323 certe
2614 1284 2722 1323 non
2744 1269 2916 1324 solum
2947 1269 3000 1324 in
3027 1269 3196 1325 Deum
3215 1269 3436 1329 Patrem

1841 1355 2284 1426 omnipotentem,
2299 1358 2395 1414 sed
2416 1359 2470 1414 in
2490 1358 2674 1417 Jesum
2686 1359 2963 1418 Christum
2976 1361 3173 1418 Filium
3185 1363 3299 1434 ejus
3315 1365 3437 1420 uni-

1840 1459 1965 1500 cum
1983 1445 2154 1500 Deum
2171 1455 2226 1502 et
2241 1448 2528 1504 Dominum
2548 1459 2816 1517 nostrum,
2834 1452 2926 1523 qui
2948 1463 3106 1510 natus
3126 1463 3210 1510 est
3225 1456 3292 1510 de
3313 1455 3436 1525 Spi-

1840 1535 1950 1590 ritu
1973 1544 2158 1594 saucto
2177 1545 2232 1592 et
2253 1538 2420 1594 Maria
2439 1540 2668 1612 virgine,
2691 1545 3006 1613 passus-sub
3024 1544 3216 1601 Pontio
3236 1546 3432 1603 Pilato.

1909 1626 2052 1683 XIV.
2103 1628 2243 1686 Ecce
2270 1637 2498 1701 utraque
2535 1633 2670 1688 ﬁdes
2705 1643 2895 1705 patet:
2927 1637 3021 1692 sed
3063 1651 3162 1693 nos
3206 1653 3305 1708 pro
3333 1637 3438 1695 hac

1840 1717 1946 1773 ﬁde
1991 1735 2153 1790 quam
2195 1723 2552 1791 vindicamus,
2613 1742 2722 1782 non
2783 1729 2958 1784 solum
3020 1729 3293 1797 exsilium,
3342 1731 3438 1788 sed

149 1815 534 1886 intelligendus
578 1825 662 1872 est
706 1823 932 1882 unctus,
979 1819 1195 1886 quando
1225 1819 1458 1875 Verbum
1489 1822 1582 1877 Dei
1614 1838 1738 1878 caro

1845 1809 2011 1864 etiam
2057 1811 2196 1866 mori
2230 1814 2406 1882 parati
2453 1830 2661 1872 sumus.
2707 1815 3018 1888 Tempestat
3047 1836 3199 1878 mare
3243 1829 3299 1877 et
3340 1819 3441 1877 llu-

148 1905 356 1964 factum
383 1917 488 1972 εει,
521 1907 576 1964 id
595 1915 698 1972 est,
729 1908 948 1977 quando
977 1909 1210 1964 humana
1236 1920 1448 1977 natura,
1473 1915 1592 1969 sine
1617 1915 1742 1971 ullis

145 2000 581 2073 praecedentibus
607 2002 870 2057 bonorum
901 2017 1126 2072 operum
1154 2006 1393 2074 meritis,
1423 2007 1535 2064 Deo
1565 2009 1743 2066 Verbo

145 2099 230 2146 est
258 2092 317 2148 in
348 2100 506 2148 utero
529 2091 770 2162 Virginis
817 2093 1088 2162 copulata,
1123 2096 1196 2151 ita
1225 2106 1285 2151 ut
1320 2113 1444 2153 cum
1471 2099 1563 2156 illo
1587 2100 1742 2156 ﬁeret

145 2196 256 2238 una
287 2197 543 2251 persona.
579 2181 660 2239 οι)
689 2184 794 2240 hoc
817 2199 941 2239 eum
969 2188 1293 2243 conﬁtemur
1314 2199 1498 2246 natum
1523 2193 1590 2248 de
1620 2193 1744 2264 Spi-

139 2272 254 2330 ritu
289 2281 483 2330 sancto
504 2282 556 2330 et
575 2275 778 2346 virgine
799 2275 988 2332 Maria.
1007 2279 1469 2337 Absurdissimum
1491 2293 1574 2339 est
1594 2286 1743 2342 enim

141 2373 206 2420 ut
241 2366 535 2422 credamus
560 2382 700 2433 eum,
744 2384 868 2424 cum
887 2367 1001 2439 jam
1031 2371 1250 2442 triginta
1293 2384 1436 2430 esset
1475 2392 1742 2434 annorum

142 2455 351 2521 atatis,
387 2465 444 2512 et
475 2472 505 2514 a
535 2455 741 2515 Joanne
773 2460 1079 2531 baptizatus
1103 2472 1216 2528 est,
1259 2468 1534 2536 accepisse
1565 2469 1744 2540 Spiri-

142 2555 262 2604 tum
295 2555 567 2604 sanctum.
613 2547 720 2606 Sed
765 2552 912 2608 venit
945 2553 1012 2608 ad
1039 2554 1305 2623 baptisma
1331 2555 1557 2613 Joannis
1601 2560 1745 2616 sicut

144 2641 266 2698 sine
293 2652 536 2713 peccato,
561 2643 638 2698 ita
669 2643 862 2714 plenus
896 2645 1101 2715 Spiritu
1139 2656 1348 2703 sancto.
1394 2648 1452 2703 Si
1495 2651 1638 2705 enim
1675 2653 1743 2708 de

145 2748 310 2788 servo
337 2748 438 2788 suo
460 2743 517 2788 et
540 2750 878 2805 praecursore
907 2736 1080 2807 ipsius
1104 2736 1312 2793 Joanne
1333 2741 1596 2810 scriptum
1624 2751 1738 2798 est:

145 2820 358 2895 Spiritu
395 2832 576 2880 sancto
620 2824 903 2896 replebitur
937 2826 1111 2882 adhuc
1141 2829 1197 2882 in
1216 2838 1364 2882 utero
1394 2831 1580 2884 matris
1609 2847 1738 2895 suat,

143 2915 282 2986 quia
322 2915 569 2986 quamvis
604 2916 903 2972 seminatus
944 2933 978 2972 a
1022 2926 1196 2988 patre,
1249 2928 1428 2974 tamen
1479 2919 1743 2990 Spiritum

141 3014 398 3064 sanctum
423 3007 478 3062 in
504 3018 660 3064 utero
692 3005 958 3064 formatus
991 3009 1228 3079 accepit,
1273 3011 1400 3080 quid
1430 3011 1496 3066 de
1527 3011 1745 3066 homine

139 3097 363 3159 Christo
383 3101 788 3174 intelligendum
811 3112 894 3160 est
912 3101 999 3158 vel
1020 3104 1371 3171 credendum,
1387 3105 1542 3176 cujus
1563 3105 1744 3161 carnis

141 3192 258 3265 ipsa
287 3193 576 3264 conceptio
606 3209 713 3249 non
739 3193 998 3261 carnalis,
1025 3196 1122 3252 sed
1147 3195 1410 3266 spiritalis
1442 3196 1584 3252 fuit?

208 3282 353 3339 XIII.
394 3283 510 3340 Hoc
562 3291 733 3339 totum
783 3298 952 3353 quare
1001 3283 1254 3351 diximus,
1288 3286 1392 3342 nisi
1443 3295 1504 3342 ut
1553 3287 1738 3342 Jesum

138 3374 420 3431 Christum
464 3374 560 3445 qui
594 3374 662 3431 de
705 3374 927 3446 Virgine
975 3386 1136 3434 natus
1176 3385 1276 3441 est,
1316 3391 1505 3434 verum
1545 3378 1738 3445 Deum,

138 3478 194 3525 ct
222 3483 419 3524 verum
448 3467 644 3525 Filium
675 3468 773 3524 Dei
806 3484 928 3526 esse
950 3470 1231 3540 proprium
1267 3470 1651 3527 ﬁrmaremus:
1683 3480 1742 3527 ει

139 3560 316 3616 Deum
363 3560 506 3616 inter
551 3561 699 3626 deos,
753 3568 810 3616 et
854 3561 1166 3632 adoptivum
1206 3578 1330 3618 cum
1369 3563 1656 3633 adoptivis,
1683 3571 1742 3619 et

137 3653 431 3724 parvulum
472 3669 598 3709 cum
637 3653 895 3724 parvulis,
934 3661 992 3709 et
1038 3670 1255 3710 servum
1296 3671 1422 3712 cum
1459 3657 1648 3722 servis,
1681 3663 1740 3711 ut

139 3743 398 3811 haeretici
443 3743 848 3814 blasphemaut,
899 3754 1091 3816 aperta
1141 3744 1320 3803 fronte
1381 3749 1740 3818 negaremus?

140 3833 370 3892 Ululaut
393 3835 520 3906 ipsi,
568 3833 906 3904 Scripturam
933 3852 1042 3891 non
1088 3845 1340 3894 tractant.
1373 3838 1440 3894 Et
1469 3839 1596 3909 quia
1626 3839 1743 3895 ulu-

133 3925 271 3991 lant,
315 3925 428 3995 lupi
464 3933 610 3992 sunt,
659 3927 714 3982 in
749 3927 985 3983 tenebris
1031 3929 1328 3997 ambulant,
1367 3933 1558 3998 iii-est,
1599 3933 1742 3990 inter

132 4017 368 4089 ignaros
401 4017 734 4086 praedicant:
771 4020 1034 4078 obscuras
1061 4030 1117 4076 et
1155 4022 1514 4080 distortuosas
1562 4025 1743 4096 dispu-

127 4111 385 4164 tationes
407 4109 704 4180 proﬁarunt,
735 4114 933 4182 quibus
962 4115 1180 4186 ignaros
1216 4119 1508 4190 decipiunt.
1549 4120 1740 4178 Pasto-

127 4216 225 4257 res
269 4200 636 4258 Ecclesiarum
679 4203 896 4262 auferre
945 4217 1232 4276 conantur,
1262 4219 1321 4266 ut
1357 4227 1486 4268 oves
1523 4213 1738 4270 Domini
1774 4264 1780 4272 .

125 4289 353 4348 facilius
398 4294 754 4364 strangulent.
816 4297 1033 4364 Videte,
1076 4298 1305 4370 fratres,
1343 4319 1452 4358 non
1501 4306 1740 4362 credatis

126 4381 227 4446 eis,
257 4381 518 4450 expellite
549 4399 644 4440 eos
675 4400 705 4439 a
733 4387 907 4453 vobis,
933 4397 988 4442 et
1017 4384 1186 4460 fugite
1207 4406 1317 4456 eos,
1351 4393 1398 4448 si
1421 4408 1548 4448 oves
1581 4395 1735 4461 estis,

127 4474 258 4546 quia
287 4491 399 4528 non
427 4477 628 4532 habent
654 4493 816 4534 voces
845 4483 1107 4558 pastoris._
1130 4484 1312 4540 Bonus
1341 4495 1528 4556 pastor
1551 4497 1739 4543 noster

1847 1910 2015 1968 ctuat,
2067 1904 2162 1960 sed
2209 1907 2457 1962 navicula
2513 1921 2622 1965 non
2671 1911 2953 1981 mergitur,
2996 1917 3122 1984 quia
3153 1914 3287 1970 ﬁdes
3331 1929 3441 1970 non

1845 1994 2142 2050 dubitatur.
2194 1997 2538 2056 Descendunt
2607 2002 2988 2059 haereticorum
3045 2006 3258 2077 pluviae,
3309 2003 3442 2062 ﬂant

1843 2089 2280 2159 persecutionum
2349 2093 2518 2159 venti,
2583 2095 2879 2150 adveniunt
2938 2095 3198 2165 ﬂumina,
3250 2099 3304 2154 id
3357 2103 3441 2154 est

1845 2181 2007 2237 minas
2037 2193 2092 2238 ει
2123 2192 2362 2239 terrores
2389 2185 2769 2241 haereticorum
2801 2205 2816 2243 :
2850 2189 2946 2244 sed
2969 2189 3162 2244 domus
3193 2203 3224 2244 a
3251 2187 3439 2245 funda-

1843 2280 2028 2328 mento
2052 2283 2160 2328 non
2181 2274 2513 2341 dissolvitur,
2557 2291 2678 2347 quae
2723 2277 2816 2332 diu
2859 2293 3022 2348 supra
3070 2278 3440 2335 ﬁrmissimam

1844 2371 2052 2434 petram
2090 2365 2368 2435 quadratis
2399 2366 2667 2436 lapidibus
2704 2369 2931 2425 artiﬁcis
2963 2385 3127 2425 manu
3173 2372 3442 2427 construi-

1843 2462 1952 2509 tur.
1978 2456 2046 2510 Et
2062 2457 2178 2513 licet
2203 2458 2419 2528 angelus
2444 2460 2508 2514 de
2533 2461 2658 2516 creto
2673 2462 2876 2528 veniat,
2907 2461 3000 2532 qui
3022 2463 3179 2519 nobis
3203 2471 3442 2519 vestram

1843 2545 2005 2601 ﬁdem
2029 2549 2372 2619 peregrinam
2407 2551 2650 2607 inserere
2672 2553 2943 2624 disponat,
2971 2556 3258 2610 anathema
3282 2554 3440 2611 nobis

1844 2639 2164 2693 maranatha
2211 2642 2571 2710 reputabitur.
2625 2643 2696 2698 Et
2735 2644 2865 2714 quia
2915 2646 2998 2718 (ut
3029 2645 3284 2717 diximus)
3325 2644 3443 2715 jam

1845 2728 1992 2782 venti
2019 2738 2074 2782 et
2101 2728 2323 2785 flumina
2350 2733 2652 2801 imminent,
2679 2735 2797 2804 ipsa
2818 2736 3012 2791 domus
3031 2736 3295 2792 radicitus
3315 2737 3443 2792 sub—

1843 2829 2110 2888 vertetnr,
2139 2838 2262 2893 quae
2296 2839 2460 2894 supra
2486 2841 2706 2881 arenam
2739 2825 2960 2883 fundata
2997 2841 3118 2884 esse
3142 2843 3250 2884 non
3284 2829 3444 2884 dubi-

1847 2919 2012 2966 tatur.
2043 2913 2182 2980 Quid
2211 2924 2295 2971 est
2323 2931 2510 2984 arena,
2555 2919 2662 2975 nisi
2699 2920 2968 2976 haereses?
3009 2921 3078 2976 Et
3116 2937 3242 2978 cum
3282 2921 3442 2978 multi

1845 3005 2088 3061 haeretici
2108 3007 2234 3073 sint,
2257 3009 2429 3066 multa
2451 3011 2618 3066 etiam
2650 3013 2931 3069 mendacia
2953 3014 3290 3086 conﬁngunt,
3313 3015 3442 3086 quia

1846 3101 2109 3157 adversus
2133 3101 2454 3158 catholicam
2483 3104 2642 3160 ﬁdem
2669 3106 2882 3162 diversa
2902 3108 3160 3175 sentiunt,
3184 3116 3238 3164 et
3260 3117 3442 3164 tamen

1760 3199 1816 3269 ο
1844 3189 1990 3246 inter
2025 3205 2086 3246 se
2110 3191 2334 3248 minime
2367 3197 2700 3252 concordare
2740 3207 2986 3268 possunt.
3014 3198 3156 3254 Ecce
3189 3215 3440 3271 campum

1845 3282 2272 3354 Scripturarum,
2327 3295 2385 3341 et
2429 3301 2598 3342 unum
2653 3287 2951 3364 Christum,
2997 3297 3054 3346 et
3083 3299 3266 3346 tamen
3297 3294 3444 3347 inter

1843 3383 2104 3446 utrasque
2129 3386 2317 3448 partes
2367 3378 2620 3434 divisum.
2649 3377 2803 3446 Pars,
2845 3395 2967 3450 qua;
2994 3390 3142 3437 recte
3176 3383 3349 3438 credit
3384 3383 3442 3436 in

1842 3466 2091 3533 Christo,
2145 3469 2289 3524 sicut
2356 3469 2473 3540 ipse
2531 3471 2651 3525 ait:
2684 3470 2940 3526 Flumina
2991 3473 3058 3528 de
3107 3484 3282 3528 ventre
3325 3475 3441 3546 ejus

1840 3559 2006 3629 ﬂuent
2033 3573 2184 3630 aqum
2217 3559 2366 3614 aiore.
2419 3560 2488 3615 Et
2515 3575 2641 3616 cum
2680 3563 2931 3618 habuerit
2978 3564 3278 3630 Christum,
3311 3572 3442 3620 tunc

1841 3649 2065 3704 habebit
2093 3650 2269 3722 legem
2293 3660 2350 3706 et
2373 3649 2748 3723 Evangelium.
2775 3653 2844 3710 Et
2885 3669 3013 3725 pars
3055 3669 3176 3724 qua:
3201 3670 3311 3709 non
3343 3655 3442 3710 ha-

1839 3739 2021 3798 buerit
2048 3739 2346 3809 Christum,
2373 3757 2482 3799 non
2505 3745 2707 3816 poterit
2731 3744 2823 3800 illa
2865 3759 3007 3815 aqua
3050 3761 3119 3800 ex
3143 3761 3210 3802 eo
3248 3744 3437 3814 ﬂuere,

1841 3839 1898 3888 et
1932 3832 1990 3888 in
2017 3848 2082 3888 ea
2107 3832 2330 3890 ﬁumina
2359 3850 2469 3891 nou
2512 3835 2716 3892 valebit
2755 3837 3007 3892 derivare
3053 3853 3174 3910 quae
3203 3837 3441 3910 Spiritus

1841 3932 2062 3982 sanctus
2085 3941 2194 3982 nou
2221 3927 2529 3983 dictaverit.
2577 3927 2686 3986 Sed
2718 3929 2906 4002 procul
2955 3930 3122 3987 dubio
3164 3931 3256 3987 illa
3301 3947 3441 4003 aqua

1841 4030 1964 4088 qua:
2002 4019 2146 4090 apud
2196 4020 2546 4078 Salomonem
2585 4037 2756 4094 prava
2797 4025 3022 4080 scientia
3069 4035 3436 4097 nuncupatur,

1839 4125 1942 4180 per
1967 4111 2273 4179 mulierem,
2300 4129 2421 4184 quae
2445 4123 2631 4188 typum
2657 4118 2930 4173 ιιιεινεεεοε
2951 4127 3125 4184 tenet,
3153 4127 3208 4174 et
3230 4119 3442 4176 callidis

1841 4202 2186 4260 suasionibus
2213 4205 2508 4274 blanditur,
2546 4209 2770 4265 dicens:
2797 4211 2960 4276 Aquae
2998 4211 3206 4282 furtiva:
3234 4211 3440 4267 dulcio-

1842 4308 1924 4346 res
1957 4303 2076 4347 sunt
2105 4293 2290 4366 (Prov.
2318 4312 2396 4364 1x,
2439 4297 2550 4371 l7).
2588 4300 2658 4362 Et
2697 4316 2802 4355 non
2842 4302 3275 4373 philosophando
3301 4303 3439 4357 scri-

1842 4383 2035 4438 bamus
2060 4387 2309 4464 o‘bscuris
2343 4391 2704 4457 sermonibus,
2737 4393 2831 4448 sed
2859 4395 3196 4464 simpliciter,
3235 4402 3294 4449 ut
3319 4410 3438 4450 om-
3469 4391 3486 4414 '

1841 4489 1939 4529 nes
1991 4447 2116 4546 'qui‘
2132 4479 2422 4534 audierunt
2472 4480 2706 4537 alterum
2756 4447 3094 4556 interrogare
3138 4501 3246 4542 non
3296 4487 3439 4542 indi-

125 4567 291 4622 nobis
315 4566 455 4622 dixit
483 4585 496 4622 :
539 4566 725 4624 Cavete
747 4588 779 4624 a
815 4573 1296 4648 pseudOprophetis,
1321 4577 1412 4650 qui
1439 4578 1646 4632 veniunt
1667 4578 1736 4633 ad

1843 4574 2022 4637 geant,
2053 4568 2150 4622 sed
2173 4584 2364 4626 omnes
2395 4571 2716 4644 intelligant.

125 4674 214 4712 eos
240 4659 300 4712 in
343 4659 658 4714 vestimentis
695 4662 889 4727 ovium,
927 4664 1238 4722 intrinsecus
1268 4677 1442 4722 autem
1471 4679 1592 4723 sunt
1622 4668 1733 4740 lupi

125 4765 373 4820 rapaces.
409 4748 597 4806 Nonne
618 4752 726 4822 lupi
765 4761 909 4819 sunt,
939 4756 1029 4824 qui
1067 4757 1220 4812 vobis
1247 4757 1432 4814 dicunt
1458 4777 1471 4813 :
1502 4760 1732 4830 Adopti-

122 4854 254 4895 vum
282 4839 493 4896 credite
516 4839 699 4898 Iesum
731 4844 1009 4901 Christum
1041 4865 1054 4900 :
1092 4856 1148 4904 et
1175 4850 1268 4919 qui
1297 4850 1371 4905 ita
1414 4867 1522 4908 non
1557 4853 1734 4908 credi-

123 4933 290 5000 derit,
332 4935 754 4990 exterminetur?
779 4937 844 4991 Et
869 4939 1152 5008 episcopus
1178 4943 1641 5012 metrepolitanus,
1673 4951 1732 4998 et

120 5025 388 5095 princeps
433 5035 610 5094 terrae,
643 5027 760 5097 pari
797 5030 1091 5086 certamine
1140 5031 1517 5089 hazreticorum
1551 5034 1726 5091 schis-

119 5126 298 5181 mata,
334 5131 478 5171 unus
507 5112 654 5174 verbi
686 5119 882 5191 gladio,
932 5121 1070 5177 alter
1114 5123 1265 5195 virga
1320 5123 1599 5198 regiminis
1649 5127 1730 5183 ul-

119 5207 368 5274 ciscens,
413 5205 481 5263 de
507 5217 652 5264 terra
701 5220 880 5266 vestra
923 5210 1166 5272 funditus
1195 5214 1548 5272 auferantur:
1579 5226 1729 5274 certe

113 5296 231 5372 jam
259 5313 459 5354 rumor
481 5309 582 5364 est,
612 5299 725 5372 jam
753 5301 896 5357 fama
927 5314 1030 5371 est,
1058 5313 1113 5360 et
1142 5321 1249 5361 non
1296 5306 1467 5362 solum
1489 5323 1588 5379 per
1623 5308 1726 5364 As-

113 5393 359 5457 turiam,
388 5393 482 5448 sed
508 5409 606 5465 per
629 5403 798 5451 tutam
819 5397 1155 5470 Hispaniam,
1177 5409 1231 5458 et
1259 5418 1431 5472 usque
1457 5404 1524 5460 ad
1552 5404 1724 5460 Fran-

110 5485 268 5542 ciam
301 5485 637 5557 divulgatum
662 5500 766 5557 est,
801 5491 947 5562 quod
980 5492 1099 5550 dua:
1132 5495 1458 5564 qumstiones
1484 5495 1538 5549 in
1566 5495 1730 5551 Astu-

111 5576 300 5632 rieusi
339 5573 584 5632 Ecclesia
612 5589 747 5636 orta:
787 5590 932 5636 sunt.
965 5581 1034 5638 Et
1061 5584 1201 5640 sicut
1236 5586 1355 5642 duo:
1379 5587 1724 5656 quaestiones,

109 5670 194 5727 ita
229 5669 350 5726 duo
373 5670 559 5743 populi
594 5684 648 5729 et
673 5674 792 5732 dua:
819 5675 1094 5746 Ecclesiae,
1123 5693 1230 5734 una
1253 5693 1382 5751 pars
1406 5696 1529 5736 cum
1554 5681 1724 5736 altera

108 5777 220 5836 pro
281 5780 396 5822 uno
439 5763 656 5825 Christo
699 5770 1052 5830 contendunt.
1101 5771 1270 5846 Cuius
1309 5775 1446 5836 ﬁdes
1482 5792 1611 5835 vera
1655 5793 1727 5836 an
1767 5865 1772 5868 _

1909 4661 2026 4718 XV.
2064 4661 2136 4718 Et
2161 4665 2289 4734 quia
2312 4681 2412 4736 pro
2443 4667 2548 4722 ﬁde
2573 4669 2724 4725 recta
2748 4676 2850 4734 est,
2886 4683 2992 4724 non
3016 4678 3211 4725 ornato
3239 4670 3435 4740 polito-

1836 4769 1942 4826 que
1967 4769 2238 4823 sermone,
2269 4758 2366 4812 sed
2413 4760 2576 4814 rebus
2604 4759 2907 4816 manifestis
2934 4762 3300 4818 convincenda
3323 4772 3430 4822 est.

1839 4845 2072 4904 Hauriat
2123 4851 2494 4921 unusquisque
2557 4861 2805 4908 nostrum
2853 4870 3021 4926 aquas
3073 4854 3140 4910 de
3200 4836 3460 4926 fontibus.

1839 4939 2154 5009 Saluatoris,
2198 4943 2252 4998 id
2283 4952 2386 5011 est,
2425 4946 2499 5022 pde
2542 4947 2930 5016 prophetarum
2973 4955 3030 5004 et
3063 4949 3433 5019 apostolorum

1837 5036 2120 5091 doctrinis.
2147 5035 2264 5092 Non
2297 5039 2402 5094 sibi
2427 5038 2596 5095 fodiat
2623 5040 2888 5097 cisternas
2909 5057 3078 5098 novus
3101 5061 3115 5098 :
3147 5044 3218 5100 de
3236 5045 3432 5116 quibus

1835 5128 2096 5184 Dominus
2142 5145 2241 5202 per
2295 5132 2616 5202 prophetam
2663 5133 2797 5188 dicit
2843 5152 2857 5188 :
2909 5134 2997 5190 Me
3045 5136 3434 5211 dereliquerunt

1835 5220 2029 5291 [autent
2057 5240 2208 5295 aqua
2235 5225 2361 5279 uiam
2391 5241 2410 5280 :
2437 5235 2486 5280 et
2513 5226 2808 5297 effoderunt
2839 5230 2941 5284 sibi
2979 5233 3233 5290 cisternas
3277 5237 3436 5292 dissi-

1833 5323 2007 5385 patas,
2032 5331 2151 5386 qua:
2175 5332 2280 5370 non
2306 5315 2471 5372 solent
2518 5319 2785 5374 continere
2831 5320 2998 5394 aquas
3019 5339 3039 5378 :
3068 5325 3195 5394 quia
3239 5326 3434 5399 repleta

1833 5414 1909 5462 est
1929 5415 2071 5460 terra
2099 5407 2319 5462 scientia
2352 5407 2588 5477 Domini,
2627 5412 2766 5466 sicut
2805 5430 2949 5486 aqua
2994 5419 3158 5473 maris
3188 5418 3324 5490 (lor.
3367 5433 3429 5487 ιι,

1837 5498 1948 5570 l5).
1999 5499 2305 5557 Cisteruam
2353 5517 2550 5559 novam
2593 5502 2815 5573 fodisse,
2861 5517 2947 5564 est
2994 5525 3129 5567 nova
3167 5511 3333 5567 verba
3364 5510 3433 5567 de

1835 5593 2053 5650 Christo
2089 5594 2376 5662 conﬁcere,
2419 5613 2541 5668 qua:
2571 5599 2626 5654 in
2647 5599 2765 5671 lege
2809 5609 2865 5656 et
2909 5603 3200 5676 Evangelio
3227 5604 3432 5675 scripta

1833 5701 1942 5741 non
1967 5695 2116 5742 sunt.
2167 5686 2245 5745 De
2291 5705 2399 5760 qua
2443 5690 2683 5748 cisterna
2722 5693 2779 5748 iu
2821 5695 3114 5767 Evangelio
3169 5695 3432 5750 Dominus

1831 5790 2224 5842 commemorat
2249 5783 2318 5842 de
2347 5783 2526 5842 villico
2561 5784 2888 5857 iniqui-tatis,
2930 5787 3024 5858 qui
3067 5787 3146 5843 ait
3177 5805 3192 5844 :
3220 5785 3432 5842 Fodere
