3952 6318
451 249 558 314 905

1304 246 1710 317 EIJPANDUS,
1746 244 1975 317 FELIX,
2015 243 2364 305 HETERIUS
2399 246 2491 305 ET
2530 247 2590 304 S.
2631 245 2927 304 BEATUS.

3629 251 3749 309 904

448 384 556 428 non
587 366 751 431 valeo,
794 362 1091 420 mendicare
1142 363 1383 420 erubesco
1431 365 1582 437 (Luc.
1637 381 1749 434 xvr,
1797 364 1875 436 5).
1928 363 2036 419 Iste
2061 366 2115 426 Α
2138 370 2194 417 et
2216 361 2373 432 panis
2407 361 2571 417 estin
2605 361 2888 418 divinitate
2935 361 3183 427 fortibus,
3221 371 3278 419 et
3326 362 3415 421 Iac
3445 356 3506 420 in
3539 364 3754 423 buma-

449 458 663 514 villicus
708 454 1011 526 iniquitatis
1060 454 1255 511 Saulus
1298 465 1435 522 erat,
1463 458 1555 527 qui
1608 466 1797 528 postea
1845 455 2042 523 Paulus

450 548 728 623 apostolus
782 548 959 605 factus
992 554 1093 604 est.
1150 547 1376 617 Quando
1428 548 1623 605 Saulus
1679 558 1818 617 erat,
1869 549 2044 604 elatus

453 649 573 698 erat
612 648 668 697 et
717 640 1012 711 superbus,
1068 647 1123 694 et
1176 638 1509 710 gloriabatur
1561 641 1628 697 de
1683 641 1800 713 lege
1851 647 1907 696 et
1957 654 2046 695 sa-

452 734 657 807 pientia
702 732 1104 804 Scripturarum
1134 746 1149 785 :
1182 744 1238 787 et
1262 732 1332 787 ad
1384 734 1537 804 pedes
1577 732 1914 801 Gamalielis,
1952 733 2045 803 qui

453 844 519 886 eo
554 837 794 898 tempore
815 825 1177 898 peritissimus
1202 833 1321 881 erat
1358 826 1413 881 in
1441 825 1576 896 lege,
1614 825 1945 898 gloriabatur
1986 841 2048 881 se

453 919 667 977 litteras
699 918 981 985 didicisse;
1010 925 1064 974 et
1097 918 1167 974 ob
1195 918 1298 974 hoc
1321 920 1746 989 persequebatur
1779 918 2049 989 apostolos

455 1010 677 1075 Christi,
717 1010 902 1066 dicens
922 1010 1135 1065 nescire
1176 1025 1271 1066 eos
1311 1010 1486 1081 legem
1533 1018 1588 1065 et
1640 1011 1873 1067 rusticos
1906 1024 2046 1066 esse.

454 1102 815 1172 Quamobrem
850 1103 1027 1159 adhuc
1063 1103 1336 1174 suspirans
1377 1104 1549 1157 minas
1589 1110 1637 1157 et
1671 1103 1958 1158 homicidia
1996 1102 2053 1157 in

455 1194 741 1267 discipulos
772 1194 1008 1261 Domini,
1034 1195 1250 1248 accessit
1277 1194 1346 1248 ad
1374 1193 1698 1249 sacerdotem
1734 1202 1781 1248 et
1806 1194 1954 1264 petiit
1987 1192 2051 1246 ab

456 1304 516 1344 eo
534 1286 789 1359 epistolas
817 1288 873 1343 in
912 1287 1235 1342 Damascum
1283 1286 1353 1342 ad
1393 1303 1707 1358 synagogas,
1760 1295 1816 1340 ut
1850 1287 2053 1358 siquos

456 1379 709 1435 inveniret
741 1381 831 1452 qui
853 1390 1021 1436 essent
1065 1380 1130 1435 de
1153 1380 1253 1434 hac
1281 1380 1364 1434 via
1401 1380 1535 1434 viros
1569 1397 1632 1433 ac
1659 1377 1921 1445 mulieres,
1945 1380 2057 1434 vin-

457 1480 567 1526 ctos
594 1472 897 1543 perduceret
933 1471 989 1526 in
1031 1469 1326 1526 Jerusalem
1368 1470 1507 1541 (Act.
1552 1486 1629 1536 ιι,
1665 1468 1742 1533 2).
1783 1468 1886 1536 Qui
1933 1485 2057 1525 cum

458 1563 715 1635 cepisset
740 1565 1024 1620 credentes
1048 1580 1103 1618 ιιι
1127 1562 1406 1619 Christum
1441 1564 1713 1634 persequi,
1752 1562 1939 1632 ligare,
1967 1577 2059 1618 oc-

458 1653 663 1722 cidere,
721 1662 778 1711 et
828 1669 1046 1711 omnem
1092 1654 1187 1709 Dei
1229 1654 1311 1709 sui
1358 1653 1624 1724 dissipare
1673 1653 2054 1720 substantiam,

2140 454 2309 510 nitate
2340 452 2594 524 parvulis,
2627 454 2759 524 quid
2778 454 2865 510 cui
2889 453 3169 520 debeatur,
3210 464 3396 527 aptum
3421 458 3620 515 cibum
3649 461 3754 516 mi-

2140 545 2377 602 nistrare
2402 555 2755 617 utrorumque
2782 546 2909 603 ﬁliis
2933 563 3042 604 non
3069 563 3347 618 negemus,
3393 558 3458 605 ut
3505 550 3657 608 illud
3700 551 3759 608 in

2141 637 2298 694 nobis
2326 636 2659 707 compleatur
2689 638 2834 708 quod
2860 638 3121 693 Dominus
3150 638 3206 694 in
3229 639 3532 713 Evangelia
3568 640 3713 698 dicit
3738 660 3753 694 :

2146 728 2299 796 Quis,
2325 739 2501 800 putas,
2533 738 2608 784 est
2644 729 2820 800 fidelis
2861 747 3041 786 servus
3068 739 3119 785 et
3157 733 3409 804 prudens,
3438 751 3608 806 quem
3642 752 3760 791 cou-

2144 823 2314 877 stituit
2342 821 2598 878 Dominus
2625 839 2780 895 super
2819 822 3083 895 familiam
3127 842 3298 891 suam,
3342 836 3401 881 ut
3428 827 3521 882 det
3548 827 3672 884 illis
3689 846 3759 883 cs-

2148 912 2269 967 bum
2306 913 2364 967 in
2409 915 2678 986 tempore?
2724 914 3075 984 Dispensator
3109 917 3367 988 prudens,
3403 927 3613 989 pastor
3660 919 3760 976 Ec-

2149 1004 2327 1060 clesia:
2349 1045 2365 1071 ,
2425 1006 2716 1077 unicuique
2758 1006 2943 1063 cibum
2995 1022 3094 1062 suo
3148 1016 3393 1080 tempore
3442 1010 3577 1077 dat,
3639 1026 3759 1066 cum

2148 1098 2374 1152 verbum
2397 1098 2793 1168 prmdicationis
2816 1099 2895 1155 sic
2922 1101 3198 1171 dispensat
3220 1102 3470 1172 singulis,
3498 1111 3568 1158 ut
3590 1103 3752 1160 liben-

2152 1196 2238 1246 ter
2269 1190 2540 1260 accipiens
2567 1191 2745 1247 anima
2775 1208 2970 1264 capere
3021 1201 3076 1248 et
3117 1204 3337 1264 portare
3376 1197 3574 1266 possit
3621 1199 3759 1267 quod

2154 1281 2403 1338 dederit:
2433 1298 2501 1339 ne
2529 1283 2695 1358 (quod
2731 1284 2893 1355 absit)
2931 1293 3114 1340 mente
3150 1285 3377 1357 parvulo
3417 1286 3557 1341 dum
3607 1288 3760 1357 panis

2155 1373 2323 1430 durus
2355 1375 2411 1429 in
2435 1392 2516 1440 os,
2553 1377 2608 1432 id
2641 1378 2806 1433 estin
2851 1378 3143 1444 locutione,
3187 1378 3333 1449 quod
3365 1391 3451 1434 est
3471 1380 3757 1445 divinitas,

2156 1466 2407 1534 mittitur,
2441 1468 2557 1523 sine
2586 1469 2929 1526 trituratione
2957 1471 3220 1538 dentium,
3250 1472 3568 1528 suﬂ'ocetur.
3597 1472 3760 1527 Lacu

2157 1574 2287 1632 ergo
2333 1560 2510 1615 alendi
2562 1571 2707 1628 sunt,
2756 1562 2811 1617 id
2854 1572 2958 1630 est,
2990 1564 3216 1619 credant
3241 1579 3364 1618 eum
3404 1579 3523 1620 esse
3554 1563 3760 1618 Filium

2159 1651 2256 1706 Dei
2281 1652 2580 1722 proprium,
2617 1668 2724 1709 non
2760 1654 3108 1725 adoptivum:
3139 1655 3308 1709 Deum
3340 1670 3535 1718 venint,
3588 1669 3764 1724 quem

461 1758 746 1819 correptus
771 1764 802 1802 a
829 1749 1057 1804 Domino
1091 1756 1194 1803 est.
1226 1748 1410 1815 Saule,
1441 1746 1623 1812 Saule,
1658 1747 1785 1819 quid
1826 1765 1908 1802 me
1940 1765 2057 1819 per-
2088 1727 2135 1789 Β
2160 1741 2330 1798 Jud.ei
2379 1744 2784 1800 cruciﬁxerunt.
2841 1745 2959 1818 Ipse
3007 1754 3094 1801 est
3141 1761 3302 1801 verus
3340 1745 3487 1811 Deus,
3518 1756 3583 1801 et
3642 1746 3764 1798 vita

460 1842 731 1912 sequeris?
758 1841 963 1896 Durum
997 1852 1072 1897 est
1095 1843 1188 1896 tibi
1227 1853 1408 1898 contra
1446 1842 1717 1898 stimulum
1764 1841 2058 1896 calcitrare.

461 1932 719 2004 Dixitque
742 1933 798 1988 in
826 1933 988 1989 corde
1031 1948 1175 1989 suo:
1216 1933 1357 2000 Quid
1405 1933 1622 2000 faciam,
1667 1934 1760 2005 qui
1802 1933 2065 2003 magister

463 2023 543 2081 fui
577 2033 632 2079 et
669 2025 901 2091 villicus,
939 2041 1105 2097 cogor
1144 2040 1265 2082 esse
1312 2026 1607 2098 discipulus
1654 2036 1709 2083 et
1748 2025 2064 2097 operarius?

464 2114 674 2172 Fodere
695 2134 801 2172 non
828 2117 994 2173 valeo.
1023 2118 1162 2185 Quid
1191 2118 1345 2183 dixrt,
1382 2116 1588 2173 Fodere
1626 2134 1733 2172 non
1777 2116 1962 2173 valeo?
1984 2115 2065 2171 Ac

465 2207 513 2264 si
560 2220 748 2280 aperte
789 2208 996 2265 diceret
1043 2227 1057 2264 :
1114 2225 1221 2265 non
1269 2225 1487 2281 possum
1542 2225 1705 2280 supra
1739 2208 2065 2280 prophetare

466 2318 629 2373 quam
670 2305 1053 2375 prophetatum
1079 2312 1181 2361 est.
1226 2305 1345 2361 Non
1375 2319 1597 2375 possum
1639 2319 1840 2360 novum
1871 2303 2065 2373 dogma

467 2409 810 2466 componere,
841 2397 968 2466 quia
996 2411 1060 2451 ea
1094 2412 1215 2466 qua:
1242 2397 1520 2467 propheta:
1546 2395 1794 2451 dixerant
1814 2393 1928 2464 jam
1950 2410 2067 2449 om-

466 2487 558 2543 nia
586 2489 640 2543 in
678 2488 896 2545 Christo
936 2489 1205 2559 completa
1244 2499 1419 2544 erant.
1450 2489 1572 2545 Jam
1607 2496 1959 2545 cessaverant
1984 2487 2068 2543 lex

467 2586 517 2632 et
544 2579 809 2650 prophetae
838 2598 1001 2651 usque
1030 2581 1098 2634 ad
1140 2581 1402 2636 Joannem
1441 2582 1760 2651 Baptistam.
1809 2581 1917 2637 Sed
1959 2597 2068 2636 non

468 2676 590 2725 erat
616 2668 852 2727 Joannes
895 2673 1284 2743 prophetarum
1333 2673 1457 2727 linis
1496 2680 1550 2727 et
1584 2672 1742 2744 legis,
1790 2673 1884 2727 sed
1912 2670 2072 2727 Chri-

469 2767 609 2828 stus,
663 2762 804 2818 sicut
843 2763 960 2834 ipse
1005 2763 1296 2835 Apostolus
1342 2763 1422 2818 ait
1469 2780 1482 2816 :
1528 2761 1682 2819 Finis
1720 2773 1909 2821 autem.
1943 2763 2071 2834 legis

472 2852 733 2920 Christus,
760 2854 829 2908 ad
848 2854 1118 2924 justitiam
1149 2856 1291 2910 omni
1318 2854 1570 2910 credenti.

543 2945 682 3001 XVI.
728 2944 961 3011 Fodere,
998 2947 1200 3016 inquit,
1254 2964 1357 3002 non
1404 2946 1569 3013 valeo,
1615 2947 1912 3002 mendicare
1957 2964 2073 3002 eru-

2160 1848 2383 1901 asterna,
2410 1835 2616 1892 Joanne
2644 1838 2886 1909 apostolo
2915 1846 3226 1904 attestante,
3268 1841 3361 1908 qui
3393 1839 3466 1893 ait
3490 1856 3505 1891 :
3533 1838 3765 1894 Scimus

2158 1932 2406 2000 quoniam
2442 1928 2618 1985 Filius
2646 1930 2745 1986 Dei
2774 1933 2931 1999 venit,
2957 1941 3007 1988 et
3048 1933 3191 1987 dedit
3218 1934 3365 1988 nobis
3408 1931 3764 1999 intellectum,

2160 2031 2216 2075 ut
2251 2038 2625 2093 cognoscamus
2665 2041 2841 2079 verum
2878 2024 3069 2091 Deum,
3116 2034 3164 2079 et
3197 2026 3360 2080 simus
3405 2027 3464 2079 in
3500 2042 3634 2079 vero
3658 2024 3765 2094 ﬁlis

2160 2113 2276 2184 ejus
2315 2101 2541 2170 Christo.
2575 2115 2679 2170 Hic
2702 2126 2776 2171 est
2800 2109 2952 2172 verus
2992 2117 3136 2172 Deus
3159 2127 3207 2172 et
3243 2119 3348 2172 vita
3372 2127 3598 2172 (eterna.
3631 2117 3763 2171 Pau-

2162 2205 2248 2261 lus
2276 2188 2551 2275 apostolus
2574 2208 2643 2263 ad
2668 2207 2944 2263 Romanos
2989 2208 3065 2262 ait
3103 2226 3115 2256 τ
3162 2207 3225 2264 Si
3264 2207 3403 2262 Deus
3443 2225 3539 2279 pro
3593 2209 3760 2273 nobis,

2163 2302 2281 2371 quis
2328 2310 2510 2355 contra
2565 2303 2697 2357 nos.’
2752 2301 2857 2369 Qui
2883 2304 3041 2357 etiam
3084 2303 3293 2374 proprio
3339 2300 3485 2355 Filio
3520 2319 3631 2357 suo
3673 2320 3762 2357 non

2164 2394 2430 2466 pepercit:
2457 2394 2547 2448 sed
2568 2412 2662 2467 pro
2695 2395 2843 2449 nobis
2889 2395 3127 2450 omnibus
3154 2394 3373 2448 tradidit
3409 2393 3595 2448 illum.
3623 2393 3763 2460 Qu-

2167 2487 2322 2542 modo
2353 2504 2457 2542 non
2485 2490 2643 2543 etiam
2681 2506 2800 2543 cum
2826 2487 2919 2543 illo
2959 2490 3133 2544 omnia
3171 2490 3316 2544 nobis
3347 2488 3614 2543 donabit?
3642 2488 3765 2544 Item

2168 2580 2300 2635 ibid.
2332 2598 2345 2634 :
2386 2580 2623 2647 Quorum
2650 2592 2845 2650 patres,
2877 2600 2940 2638 ea:
2976 2584 3163 2655 quibus
3194 2582 3428 2639 Christus
3479 2586 3766 2639 secundum

2169 2689 2399 2739 carnem,
2430 2674 2519 2744 qui
2547 2684 2622 2728 est
2647 2691 2804 2747 super
2829 2677 3006 2730 omnia
3053 2676 3195 2730 Deus
3225 2676 3531 2731 benedictus
3570 2677 3634 2731 in
3676 2692 3766 2731 se-

2169 2765 2309 2820 cula.
2338 2768 2405 2822 Et
2431 2769 2546 2838 ipse
2577 2769 2839 2825 Dominus
2864 2770 2920 2824 in
2955 2768 3247 2841 Evangelio
3276 2785 3421 2826 caeco
3462 2768 3766 2826 illmninato

2172 2856 2309 2912 dixit
2337 2872 2354 2913 :
2384 2856 2460 2911 Tu
2495 2859 2664 2913 credis
2704 2860 2758 2913 in
2797 2857 2996 2914 Filium
3027 2859 3164 2914 Det?
3191 2860 3259 2915 Et
3282 2861 3464 2916 dixit:
3501 2860 3640 2927 Quis
3681 2872 3767 2925 est,

2172 2946 2412 3013 Domine,
2442 2958 2498 3002 ut
2528 2949 2738 3003 credam
2775 2951 2830 3005 in
2873 2951 3030 3005 eum?
3065 2951 3351 3021 Respondit
3378 2952 3603 3006 ciJesus
3643 2968 3668 3004 :
3707 2950 3770 3004 Et

473 3037 643 3094 besco.
697 3037 778 3095 Ac
822 3040 869 3095 si
923 3040 1128 3095 diceret
1167 3059 1179 3094 :
1226 3039 1297 3097 Ut
1338 3041 1431 3111 qui
1479 3042 1670 3097 doctor
1713 3040 1924 3095 fueram
1976 3039 2071 3095 Ju—
2099 3092 2140 3114 η
2175 3039 2350 3093 vidisti
2394 3057 2533 3105 eum,
2575 3051 2625 3094 et
2666 3043 2753 3113 qui
2800 3041 3033 3114 loquitur
3061 3052 3250 3109 tecum,
3275 3044 3387 3113 ipse
3430 3054 3521 3097 est.
3559 3042 3772 3097 ltemiu

474 3132 736 3195 daeorum,
762 3150 926 3204 cogor
954 3135 1022 3190 ab
1062 3133 1322 3205 apostolis
1348 3134 1567 3189 rusticis
1593 3143 1649 3189 et
1687 3134 1989 3203 egentibus,
2018 3140 2073 3187 et
2100 3132 2141 3154 ν
2178 3132 2470 3203 Evangelio
2530 3136 2824 3190 secundum
2873 3134 3134 3191 Joannem
3156 3176 3172 3203 ,
3224 3140 3443 3208 quando
3508 3137 3770 3191 Lazarum

476 3241 507 3282 a
534 3227 798 3298 discipulo
824 3227 1053 3293 Anania,
1085 3228 1273 3283 salutis
1297 3235 1352 3282 et
1378 3228 1503 3284 ﬁdei
1529 3228 1840 3284 mendicare
1871 3227 2075 3283 doctri—

476 3333 604 3373 nam
630 3321 642 3373 ε
675 3318 1003 3391 Aperiamus
1028 3318 1233 3385 oculos,
1259 3327 1313 3375 et
1337 3320 1618 3375 videamus
1638 3320 1861 3375 Saulum
1889 3319 2076 3389 lupum

478 3409 702 3466 Ananiae
725 3412 813 3467 ovi
843 3412 1163 3468 submittere
1186 3421 1369 3483 caput.
1402 3414 1695 3469 Videamus
1724 3413 1995 3468 eruditum
2019 3412 2076 3467 iu

480 3504 598 3578 lege
624 3522 656 3561 a
684 3507 906 3563 rusticis
931 3507 1179 3579 accipere
1203 3507 1508 3563 doctrinam
1536 3507 1743 3563 salutis.
1766 3506 1912 3561 Nihil
1941 3505 2079 3561 scie-

480 3601 574 3656 bat
594 3599 791 3656 Saulus
814 3600 870 3655 in
900 3601 1037 3672 lege,
1074 3616 1237 3671 quam
1262 3600 1484 3655 dederat
1509 3600 1670 3664 Deus,
1688 3599 1783 3668 qui
1804 3599 2080 3654 Christum

482 3691 928 3761 persequebatur,
967 3691 1061 3760 qui
1114 3692 1337 3747 dederat
1393 3691 1568 3762 ipsam
1613 3692 1806 3762 legem.
1854 3690 2099 3757 Omnem

485 3781 659 3849 legem
688 3780 933 3836 sciebant
976 3780 1207 3850 apostoli
1236 3781 1443 3845 rustici,
1479 3782 1571 3850 qui
1600 3781 1878 3836 Christum
1913 3781 2084 3835 Deum

486 3874 752 3940 sciebant,
790 3874 883 3944 qui
909 3874 1274 3944 compleverat
1288 3874 1403 3944 jam
1429 3874 1603 3945 legem
1632 3890 1793 3946 quam
1819 3876 2080 3930 dederat:

490 3966 621 4037 quia
651 3966 831 4021 nullus
857 3967 1137 4023 hominum
1162 3977 1414 4039 potuerat
1447 3969 1741 4039 adimplere
1761 3969 1953 4041 legem,
1982 3969 2087 4025 nisi

492 4060 641 4116 solus
665 4059 912 4117 Christus
942 4061 1036 4131 qui
1070 4077 1190 4117 eam
1220 4061 1462 4127 dederat,
1492 4064 1633 4119 sicut
1662 4064 1777 4134 ipse
1815 4064 1893 4118 ait
1919 4082 1932 4117 :
1964 4062 2089 4119 Non

490 4152 605 4207 veni
632 4150 796 4224 legem
838 4152 1052 4219 solvere,
1076 4153 1167 4208 sed
1193 4153 1499 4225 adimplere.
1530 4154 1685 4223 Quod
1725 4156 1771 4211 si
1808 4156 2090 4227 quaesieris

493 4260 660 4317 quare
700 4254 924 4302 vocetur
960 4246 1162 4301 villicus
1200 4247 1495 4319 iniquitatis
1541 4249 1597 4304 in
1642 4249 1780 4322 lege,
1833 4266 1953 4321 quae
1994 4250 2089 4307 Dei

493 4349 598 4405 est,
617 4340 897 4396 dicamus:
924 4350 1073 4396 recte
1093 4340 1349 4396 credebat
1372 4341 1426 4395 in
1451 4341 1689 4409 Patrem,
1708 4342 1917 4399 villicus
1939 4352 2086 4409 erat;

494 4427 694 4487 Filium
734 4432 1178 4501 persequebatur,
1226 4432 1441 4502 iniquus
1487 4442 1623 4489 erat.
1654 4434 1878 4490 Villicus
1910 4446 2091 4491 autem

498 4520 697 4579 dicitur
734 4493 972 4593 propriae
1018 4493 1171 4579 villm‘
1204 4493 1563 4596 gubiarnator,
1617 4528 1759 4584 unde
1802 4537 1855 4583 et
1899 4545 1930 4583 a
1968 4529 2094 4585 villa
2119 4493 2175 4557 υ

496 4618 711 4675 villicus
736 4618 933 4674 nomen
961 4618 1191 4689 accepit.
1219 4619 1320 4688 Qui
1344 4621 1410 4676 de
1437 4620 1601 4679 Saulo
1622 4623 1766 4679 elato
1785 4632 1841 4678 et
1864 4626 2097 4694 superbo

498 4715 673 4773 factus
711 4722 794 4771 est
833 4714 1053 4771 humilis
1094 4714 1313 4783 Paulus,
1353 4735 1443 4773 vas
1472 4718 1738 4774 electionis
1769 4719 1995 4785 Christi,
2028 4719 2098 4774 ad

499 4825 652 4864 omne
686 4825 815 4879 opus
864 4808 1056 4863 bonum
1101 4819 1320 4880 paratus
1351 4827 1370 4865 :
1400 4812 1492 4881 qui
1534 4828 1643 4867 non
1682 4820 1827 4869 esset
1862 4814 2099 4884 discipu-

500 4899 606 4967 lus,
656 4902 762 4956 nisi
812 4902 1076 4972 discipulo
1105 4904 1309 4958 rustico
1352 4906 1695 4961 submitteret
1735 4906 1953 4963 collum.
1997 4906 2100 4975 Qui

503 4992 672 5051 etiam
702 5010 810 5049 non
853 4995 1021 5049 valuit
1067 4996 1363 5052 cisternam
1413 4996 1597 5055 fodere
1630 5016 1847 5068 novam,
1895 5002 1950 5057 id
1994 5009 2100 5070 est,

506 5082 679 5155 legem
715 5100 1039 5156 componere
1066 5102 1291 5155 novam;
1322 5088 1414 5144 sed
1450 5090 1593 5146 illam
1620 5108 1740 5163 quae
1766 5091 1933 5148 fodita
1962 5102 2101 5160 erat,

508 5178 721 5248 aperuit
749 5190 804 5234 et
848 5179 902 5235 in
935 5180 1156 5236 ﬂumina
1197 5182 1483 5249 derivavit,
1528 5185 1580 5240 id
1612 5195 1715 5253 est,
1752 5186 1897 5242 illam
1933 5187 2105 5260 legem

508 5285 630 5342 quae
658 5271 724 5327 de
752 5271 967 5330 Christo
1011 5284 1150 5343 erat,
1190 5278 1405 5348 aperuit
1431 5286 1486 5332 et
1533 5278 1837 5349 explanavit
1872 5294 1889 5335 :
1935 5291 1990 5335 et
2026 5288 2109 5334 to-

511 5370 627 5418 tum
680 5366 939 5421 mundum
971 5367 1025 5421 in
1055 5369 1309 5438 gentibus
1351 5369 1563 5426 aridum
1617 5371 1854 5439 satiavit,
1893 5371 2108 5443 quando

512 5452 789 5511 Christum
829 5456 936 5510 illis
964 5457 1059 5511 Dei
1088 5457 1285 5512 Filium
1317 5475 1645 5531 cognoscere
1674 5462 1823 5518 fecit.

585 5547 749 5605 XVII.
791 5548 918 5604 Haec
953 5550 1202 5621 exempla
1230 5567 1330 5607 nos
1362 5553 1515 5625 sequi
1556 5562 1789 5624 oportet.
1819 5554 1936 5612 Non
1981 5570 2112 5612 con-

516 5639 788 5712 ﬁngamus
811 5640 878 5696 de
902 5648 1110 5729 nostro,
1143 5642 1239 5699 sed
1267 5643 1357 5699 illa
1383 5645 1735 5718 explanemus
1760 5662 1881 5717 qua:
1915 5648 1969 5704 in
1995 5648 2114 5720 lege

520 5740 576 5790 et
602 5732 895 5806 Evangelio
936 5733 1139 5805 scripta
1174 5743 1320 5796 sunt.
1366 5735 1436 5794 Et
1464 5736 1595 5811 quia
1630 5737 1883 5798 Christus
1928 5748 2115 5799 noster

2179 3222 2540 3280 suscitaturus
2576 3226 2745 3290 venit,
2776 3226 2908 3279 dixit
2939 3224 3151 3279 Martha
3178 3225 3245 3279 ad
3277 3226 3460 3279 Jesum
3489 3242 3507 3279 :
3536 3226 3769 3288 Domine,

2177 3322 2222 3375 si
2248 3319 2436 3389 fuisses
2463 3320 2568 3387 hic,
2606 3320 2772 3390 frater
2799 3337 2945 3393 meus
2974 3336 3078 3374 non
3115 3321 3295 3391 fuisset
3337 3329 3602 3373 mortuus.
3639 3318 3771 3372 Dixit

2178 3411 2258 3468 illi
2300 3413 2496 3468 Jesus:
2532 3410 2783 3483 Resurget
2832 3412 2999 3482 frater
3042 3421 3183 3465 tuus.
3237 3410 3375 3464 Dicit
3421 3412 3468 3463 ei
3520 3409 3771 3463 Martha:

2184 3503 2307 3560 Scio
2338 3506 2464 3575 quia
2490 3515 2719 3576 resurget
2748 3505 2805 3557 in
2842 3505 3236 3569 resurrectione,
3272 3505 3330 3557 in
3365 3504 3655 3557 novissimo
3678 3503 3768 3555 die.
3860 3559 3874 3574 ο

2184 3598 2322 3654 Dicit
2367 3599 2449 3653 illi
2484 3599 2639 3654 Jesus
2682 3614 2701 3653 :
2738 3597 2852 3669 Ego
2899 3615 3014 3652 sum
3047 3598 3357 3652 resurrectio
3399 3607 3448 3651 et
3500 3597 3630 3651 vita.
3681 3593 3772 3661 Qui

2185 3693 2346 3747 credit
2368 3694 2424 3748 in
2450 3709 2549 3757 me,
2574 3701 2621 3747 et
2648 3694 2692 3747 si
2718 3701 2957 3746 mortuus
2982 3691 3161 3762 fuerit,
3192 3692 3319 3745 vivet
3345 3706 3364 3745 :
3398 3699 3448 3744 et
3488 3690 3661 3743 omnis
3696 3686 3774 3758 qui

2185 3785 2304 3838 vivit
2334 3794 2381 3839 et
2404 3784 2567 3839 credit
2594 3785 2649 3837 in
2682 3800 2784 3850 me,
2810 3800 2914 3837 non
2945 3784 3197 3837 morietur
3215 3783 3271 3836 in
3296 3792 3580 3837 mternusn.
3605 3779 3775 3834 Credis

2187 3879 2323 3933 hoc?
2351 3877 2421 3931 Et
2448 3879 2521 3931 ait
2550 3877 2628 3931 illi
2678 3876 2892 3931 Martha
2922 3892 2941 3930 :
2972 3874 3182 3947 Utique,
3215 3874 3459 3929 Domine.
3509 3873 3627 3945 Ego
3670 3890 3775 3926 crc-

2189 3971 2299 4025 didi
2334 3971 2459 4042 quia
2514 3979 2572 4024 tu
2630 3987 2684 4024 es
2719 3967 2958 4025 Christus
3005 3967 3179 4023 Filius
3231 3967 3347 4034 Dei,
3401 3967 3493 4038 qui
3547 3966 3605 4021 in
3652 3966 3776 4019 hunc

2190 4063 2446 4118 mundum
2467 4064 2674 4118 venisti.

2261 4156 2445 4211 XVIII.
2480 4156 2597 4211 Non
2643 4156 2902 4213 debemus
2956 4171 3086 4227 ergo
3113 4154 3361 4211 dubitare
3406 4152 3475 4208 de
3513 4167 3585 4207 eo
3630 4163 3778 4221 quem

2192 4247 2363 4304 Judaei
2405 4249 2809 4315 crucitixerunt,
2839 4248 2983 4320 quod
3013 4247 3127 4318 ipse
3159 4247 3231 4303 sit
3273 4259 3441 4299 verus
3479 4244 3654 4300 Filius
3692 4241 3781 4298 Dei

2192 4345 2463 4416 proprius,
2500 4360 2608 4401 non
2638 4345 2922 4415 adoptivus
2952 4362 2965 4399 :
2997 4343 3091 4399 sed
3122 4344 3315 4397 unicus
3358 4340 3457 4395 Dei
3499 4334 3677 4394 Patris
3700 4337 3784 4393 Fi-

2198 4437 2321 4501 lius,
2362 4437 2504 4492 Deus
2543 4451 2705 4492 verus
2745 4444 2798 4492 et
2842 4437 2952 4490 vita
2992 4444 3214 4491 acterna.
3246 4432 3553 4489 Credamus
3593 4433 3646 4486 in
3673 4444 3781 4486 eum

2202 4539 2312 4585 tam
2341 4530 2552 4600 parvuli
2576 4545 2736 4599 quam
2758 4545 2931 4595 senes,
2957 4539 3069 4585 tam
3092 4528 3282 4584 rustici
3303 4542 3472 4598 quam
3499 4526 3779 4596 sapientes.

2201 4634 2310 4678 tam
2336 4638 2603 4694 pauperes
2627 4638 2789 4694 quam
2828 4622 3043 4688 divites,
3075 4630 3184 4676 tam
3210 4620 3313 4675 viri
3338 4635 3507 4691 quam
3532 4618 3743 4674 femina
3767 4632 3779 4668 :

2199 4723 2309 4769 tam
2345 4714 2513 4768 omnis
2563 4714 2874 4785 omninoque
2923 4728 3085 4769 sexus
3132 4712 3436 4768 moriamur
3490 4727 3598 4781 pro
3642 4727 3705 4767 eo
3737 4714 3784 4762 at

2200 4807 2447 4863 vivamus
2502 4806 2556 4861 in
2611 4823 2695 4862 eo.
2749 4807 3052 4863 Adoremus
3108 4821 3232 4862 eum
3274 4806 3394 4861 sine
3437 4805 3780 4864 dubitatione.

2201 4899 2329 4969 quia
2356 4913 2463 4953 non
2491 4906 2576 4954 est
2604 4898 2742 4954 alter
2767 4898 2911 4954 Deus
2938 4907 3135 4968 praeter
3173 4912 3316 4963 eum,
3346 4898 3625 4968 prOpheta
3653 4895 3785 4953 Jereo

2203 4992 2312 5046 mia
2346 4999 2599 5058 testante,
2630 4992 2724 5062 qui
2766 4992 2885 5047 ait:
2920 4991 3024 5045 Hic
3070 4991 3212 5046 Dens
3240 4999 3449 5057 noster,
3490 5002 3541 5047 et
3581 5008 3686 5047 non
3723 4999 3786 5045 est

2204 5083 2342 5140 alius
2372 5084 2512 5140 Deus
2540 5094 2731 5156 praeter
2756 5101 2875 5139 eum
2925 5100 2944 5139 :
2988 5086 3079 5157 qui
3119 5084 3387 5139 adinvenit
3419 5102 3639 5141 omnem
3672 5085 3789 5141 sic:

2203 5178 2498 5250 prudentia:
2523 5195 2542 5232 :
2580 5188 2627 5233 et
2662 5177 2805 5232 dedit
2843 5194 2960 5233 eam
3000 5178 3165 5233 Jacob
3202 5194 3363 5249 puero
3402 5196 3527 5245 suo,
3560 5190 3613 5234 et
3642 5173 3791 5234 Israel

2207 5269 2393 5325 dilecto
2415 5287 2532 5325 suo.
2558 5268 2685 5324 Post
2714 5269 2826 5324 haec
2855 5270 2912 5324 in
2940 5270 3094 5324 terris
3120 5269 3257 5324 visus
3285 5279 3381 5334 est,
3413 5279 3468 5325 et
3499 5288 3624 5324 cum
3645 5266 3793 5324 hosti-

2207 5364 2360 5418 nibus
2383 5372 2714 5419 conversatus
2743 5373 2816 5418 est
2849 5362 3105 5436 (Baruch.
3139 5380 3223 5429 ut,
3255 5361 3472 5436 56-58).

2283 5456 2423 5511 XIX.
2475 5455 2590 5512 Non
2639 5471 2768 5527 ergo
2812 5471 3127 5527 separamus
3182 5456 3395 5512 Patrem
3441 5466 3502 5512 et
3546 5459 3795 5529 Spiritum

2211 5563 2458 5611 sanctum
2481 5552 2691 5618 aFilio,
2724 5567 2845 5608 cum
2882 5551 3057 5606 solum
3087 5550 3283 5607 Filium
3327 5552 3570 5608 dicimus
3619 5553 3794 5608 Deum.

2212 5646 2373 5701 Pater
2411 5653 2465 5701 et
2491 5644 2664 5699 Filius
2706 5645 2866 5699 ambo
2895 5643 3057 5700 simul
3089 5659 3228 5699 unus
3269 5643 3432 5699 Deus.
3486 5643 3608 5699 Non
3649 5643 3797 5700 Pater

2212 5739 2374 5797 ambo
2398 5736 2561 5796 simul
2587 5744 2734 5806 sunt,
2759 5752 2866 5795 non
2892 5735 3063 5795 Filius
3090 5737 3250 5795 ambo
3275 5736 3439 5793 simul
3468 5746 3622 5794 sunt.
3651 5732 3792 5794 Solus
