3952 6318
115 413 212 470 905

771 400 1053 460 unrsnu
1091 400 1180 457 nr
1220 396 1280 455 s.
1316 351 1520 454 smn
1556 394 1649 451 sn
1687 390 2088 450 ELIPANDUM
2124 390 2344 448 EPIST.
2383 420 2453 433 —
2489 390 2618 447 LIB.
2651 393 2692 446 ι.

3251 390 3358 448 906

115 529 165 585 in
186 524 274 581 illa
295 533 504 580 summa
530 515 793 574 Trinitate
815 515 976 571 Pater
997 522 1202 569 tantum
1221 511 1381 567 Pater
1400 518 1484 565 est
1508 509 1563 563 in
1586 521 1682 563 sua
1709 508 1760 568 Α
1787 505 1945 563 ﬁdem
1990 513 2193 561 rectam
2228 504 2407 559 habet.
2465 503 2608 558 Nihil
2655 520 2784 576 ergo
2828 506 3075 580 intelligit
3125 509 3217 580 qui
3255 527 3362 568 non

114 629 356 690 persona,
371 612 518 668 solus
533 609 702 666 Filius
719 608 774 663 in
791 622 887 663 sua
908 621 1140 676 persona
1159 610 1365 659 tantum
1388 601 1557 656 Filius
1579 609 1681 663 est,

118 708 255 766 solus
279 706 332 760 in
352 719 447 759 sua
473 715 704 772 persona
726 698 961 769 Spiritus
981 703 1200 752 sanctus
1225 701 1440 748 tantum
1457 690 1689 762 Spiritus

119 807 329 858 sanctus
354 803 458 852 est.
491 794 560 850 Et
590 794 712 849 ideo
741 805 841 846 nec
875 789 1094 845 Patrem
1113 786 1307 841 Filium
1327 785 1688 847 nominamus,

121 909 213 951 nec
227 890 405 946 Patris
417 902 614 945 nomen
633 885 770 940 Filio
789 883 1131 953 imponimus,
1147 895 1247 936 nec
1268 877 1491 950 Spiritui
1507 883 1692 932 sancto

123 1000 308 1042 nomen
332 981 511 1038 Patris
532 988 627 1035 aut
655 977 780 1032 Filii
801 975 1050 1032 dicimus.
1073 973 1141 1027 Et
1167 971 1292 1027 inde
1313 984 1440 1026 vere
1457 968 1694 1024 Trinitas

121 1086 216 1142 est,
239 1074 366 1147 quia
388 1088 490 1129 nec
500 1071 664 1126 Pater
683 1076 842 1124 natus
856 1074 958 1133 est,
974 1081 1075 1122 nec
1095 1063 1328 1136 Spiritus
1344 1068 1584 1126 sanctus,
1601 1059 1698 1116 sed

123 1169 260 1226 solus
281 1166 470 1222 Filius.
502 1163 613 1219 Nec
636 1161 806 1218 Filius
831 1159 1035 1232 genuit,
1063 1172 1164 1215 nec
1189 1156 1422 1227 Spiritus
1454 1166 1694 1220 sanctus,

127 1259 213 1314 sed
238 1257 384 1314 solus
405 1254 584 1310 Pater.
606 1251 790 1322 Neque
815 1250 977 1306 Pater
1002 1264 1034 1304 a
1063 1249 1270 1305 duobus
1294 1247 1580 1320 processit,
1606 1253 1699 1300 aut

125 1349 306 1416 Filius,
337 1347 432 1404 sed
456 1354 663 1402 tantum
684 1343 919 1416 Spiritus
945 1350 1184 1398 sanctus.
1208 1341 1287 1397 Ac
1303 1355 1402 1411 per
1425 1341 1529 1396 hoc
1553 1336 1700 1394 solus

127 1439 276 1494 Pater
321 1439 464 1493 Deus
504 1452 535 1491 a
579 1435 728 1491 nullo
757 1435 867 1491 Deo
911 1443 1016 1499 est,
1060 1433 1155 1488 sed
1181 1447 1212 1487 a
1238 1446 1316 1487 se.
1347 1429 1518 1486 Filius
1559 1429 1702 1485 Deus

126 1540 220 1597 est,
265 1531 406 1587 sicut
449 1528 630 1594 Pater,
669 1527 764 1584 sed
799 1543 831 1582 a
868 1526 1028 1582 Patre
1071 1533 1155 1580 est
1201 1524 1362 1589 Deus,
1405 1538 1511 1578 non
1552 1537 1585 1576 a
1609 1536 1698 1593 se.

129 1623 356 1694 Spiritus
374 1636 589 1693 quoque
609 1626 827 1674 sanctus
840 1618 983 1674 Deus
1000 1623 1102 1682 est,
1118 1616 1258 1671 sicut
1272 1613 1432 1668 Pater
1447 1621 1502 1668 et
1514 1611 1700 1678 Filius,

130 1715 217 1771 sed
237 1730 268 1769 a
292 1713 453 1769 Patre
469 1720 527 1768 et
549 1710 688 1766 Filio
708 1711 851 1765 Deus
875 1717 978 1776 est,
995 1724 1101 1764 non
1129 1723 1162 1762 a
1190 1721 1268 1762 se.
1301 1705 1460 1761 Solus
1483 1705 1645 1760 Pater
1672 1719 1703 1760 a
1802 1705 1887 1752 Sto
1929 1696 2108 1752 dicere
2153 1709 2169 1749 :

130 1819 185 1860 se
202 1805 369 1859 Deus:
393 1803 450 1858 hi
465 1817 593 1857 vero
615 1802 720 1857 duo
737 1801 804 1856 ab
819 1815 927 1855 uno
946 1807 1073 1855 sunt
1093 1799 1254 1864 Deus,
1271 1797 1324 1854 id
1342 1806 1424 1853 est
1449 1813 1479 1852 a
1499 1796 1658 1852 Patre
1685 1814 1699 1852 :

131 1912 190 1952 ac
216 1912 311 1967 per
344 1896 448 1952 hoc
473 1903 529 1951 et
558 1894 720 1949 Pater
743 1894 904 1958 Deus,
935 1902 991 1948 et
1012 1892 1184 1948 Filius
1205 1863 1367 1957 Deus,
1393 1899 1448 1947 et
1469 1890 1704 1961 Spiritus
1732 1863 1779 1928 Β
1809 1882 2033 1937 rendum
2081 1895 2210 1937 vero
2261 1895 2425 1951 super
2470 1881 2573 1936 hoc
2609 1880 2774 1934 ctiam
2819 1879 2952 1936 illud
2989 1881 3169 1936 dicere
3213 1895 3230 1935 :

131 2000 343 2045 sanctus
371 1989 551 2044 Deus:
581 1997 637 2043 et
657 2003 764 2042 non
790 1994 902 2042 tres
930 1985 1022 2049 dii,
1052 1985 1144 2040 sed
1165 2000 1306 2039 unus
1336 1983 1498 2048 Deus,
1526 1981 1704 2049 Pater,

131 2090 183 2136 et
208 2082 392 2147 Filius,
423 2089 477 2136 et
505 2080 740 2150 Spiritus
777 2086 1016 2134 sanctus.
1063 2076 1132 2131 Et
1171 2077 1291 2131 ideo
1317 2091 1439 2131 cum
1478 2073 1708 2130 dicimus

133 2173 185 2228 in
229 2173 524 2243 Scripturis
555 2189 567 2226 :
603 2170 763 2228 Solus
810 2169 1058 2227 Christus
1084 2167 1255 2223 Filius
1299 2167 1395 2221 Dei
1444 2175 1604 2222 natus
1642 2167 1708 2222 de

131 2264 372 2334 Virgine,
421 2271 476 2318 et
518 2263 692 2333 ipsum
741 2260 1126 2316 cruciﬁxerunt
1164 2257 1356 2323 Judmi,
1393 2264 1448 2310 et
1487 2257 1599 2327 ipse
1627 2263 1709 2310 est

131 2371 315 2422 verus,
349 2364 404 2410 et
441 2371 545 2411 non
591 2363 673 2411 est
701 2354 838 2410 alter
889 2352 1032 2408 Deus
1074 2359 1273 2422 praeter
1321 2363 1466 2414 eum,
1522 2362 1710 2402 verum

133 2448 391 2513 dicimus,
452 2448 577 2519 quia
635 2462 743 2502 non
805 2454 890 2502 est
940 2445 1077 2500 alter
1113 2443 1256 2499 Deus
1315 2450 1511 2511 praeter
1562 2457 1707 2497 eum.

135 2541 268 2610 Quia
313 2543 476 2598 Pater
515 2542 658 2598 Deus
691 2549 776 2598 est
804 2541 1143 2611 omnipotens
1182 2547 1237 2594 et
1273 2537 1420 2593 solus
1461 2535 1565 2592 sibi
1603 2533 1715 2590 suf-

136 2634 242 2689 ﬁcit
285 2636 342 2689 in
393 2648 488 2690 sua
535 2648 788 2705 persona.
831 2633 899 2687 Et
937 2631 1171 2702 Spiritus
1216 2637 1434 2684 sanctus
1463 2627 1606 2682 Deus
1633 2633 1717 2682 est

135 2725 503 2795 omnipotens,
558 2732 615 2779 et
674 2723 820 2779 solus
877 2722 979 2778 sibi
1027 2719 1298 2776 suﬁiciens
1341 2720 1394 2773 in
1446 2733 1541 2773 sua
1596 2731 1718 2787 per.

1786 599 1976 665 credit,
2009 598 2221 654 dicente
2253 597 2515 666 propheta
2543 610 2558 650 :
2592 595 2713 652 Nisi
2749 599 3106 666 credideritis,
3153 619 3255 656 non
3284 603 3367 656 in-

1789 689 2046 761 telligetis.
2105 689 2247 760 Ergo
2281 689 2332 743 in
2373 689 2567 744 divinis
2614 690 2774 746 rebus
2817 690 2952 747 ﬁdes
2993 695 3369 752 tantummodo

1790 782 1950 848 adsit,
1988 789 2043 836 et
2067 781 2212 835 nulla
2240 779 2464 849 quaestio
2490 781 2808 835 remanebit.
2838 780 2991 849 Quod
3019 785 3064 838 si
3101 784 3370 840 discutere

1791 872 2046 937 volueris,
2073 880 2128 927 et
2142 872 2404 926 rationem
2417 871 2482 926 de
2496 871 2605 928 Deo
2617 880 2670 926 et
2684 871 2902 928 homine
2912 873 3089 931 facere
3105 891 3371 946 praesum-

1793 964 1986 1035 pseris,
2014 964 2271 1020 continuo
2297 964 2352 1018 in
2379 963 2573 1033 laqueo
2613 966 2932 1036 perditionis
2959 967 3318 1040 immergeris.

1813 1066 1832 1086 ο
1865 1054 2006 1110 XXI.
2048 1054 2158 1111 Nos
2185 1070 2313 1126 ergo
2344 1055 2600 1111 debemus
2628 1057 2809 1112 dicere
2850 1073 2865 1112 :
2917 1059 3069 1113 lllum
3116 1060 3282 1115 Deum
3319 1067 3376 1117 et

1796 1146 1958 1202 istum
1986 1146 2257 1202 hominem
2284 1163 2449 1202 unum
2487 1147 2746 1203 habemus
2777 1156 2832 1202 et
2861 1149 3151 1206 adoramus
3182 1151 3370 1219 Deum,

1796 1253 1918 1295 cum
1948 1237 2106 1294 Patre
2148 1247 2203 1294 et
2237 1237 2443 1309 Spiritu
2472 1248 2660 1295 sancto
2705 1256 2870 1294 unum
2911 1239 3102 1308 Deum,
3137 1258 3243 1296 non
3278 1243 3375 1296 ho-

1797 1331 2028 1397 minem,
2056 1339 2306 1401 quartam
2333 1331 2736 1386 introducentes
2762 1347 3046 1402 personam
3074 1350 3087 1398 ;
3133 1335 3225 1388 sed
3253 1350 3376 1389 cum

1799 1422 1914 1493 ipsa
1960 1437 2124 1478 carne
2165 1422 2383 1492 propria
2425 1438 2593 1477 unum
2643 1423 2928 1479 adoremus
2974 1423 3247 1480 Christum
3290 1425 3381 1480 Fi-

1799 1512 1932 1568 lium
1983 1513 2080 1570 Dei
2109 1513 2279 1568 Deum
2303 1553 2319 1580 ,
2351 1511 2512 1582 juxta
2541 1513 2794 1584 Ephesini
2825 1515 3037 1569 concilii
3071 1531 3214 1571 verae
3255 1515 3381 1572 ﬁdei

1803 1606 2180 1660 documentum
2204 1644 2220 1671 ,
2267 1619 2389 1674 quae
2413 1604 2490 1658 ait
2519 1619 2534 1658 :
2571 1623 2590 1654 ι
2621 1602 2886 1660 Cavemus
2913 1613 3093 1660 autem
3131 1605 3198 1661 de
3226 1604 3383 1661 Chri-

2224 1694 2452 1765 Propter
2499 1702 2862 1750 assumentem
2903 1708 3133 1750 veneror
3176 1711 3381 1750 assum-v

1804 1796 1978 1860 ptum,
1999 1796 2052 1844 et
2073 1795 2295 1860 propter
2320 1787 2645 1844 invisibilem
2671 1787 2837 1844 adoro
2864 1787 3150 1844 visibilem.
3189 1807 3207 1840 ι
3244 1789 3384 1845 lior-

3289 1879 3388 1938 (IS

1807 1974 1898 2044 qui
1932 1980 2212 2042 susceptus
2263 1979 2346 2028 est
2397 1987 2520 2027 cum
2558 1986 2622 2027 eo
2669 1971 2760 2041 qui
2813 1972 3049 2043 suscepit
3094 1987 3202 2027 non
3253 1989 3391 2027 mm-

1807 2073 2034 2135 cupatur
2060 2065 2221 2120 Deus.
2258 2085 2293 2138 )_
2317 2063 2420 2132 Qui
2448 2064 2592 2119 enim
2634 2064 2750 2120 hrec
2777 2065 2928 2132 dicit,
2969 2065 3160 2122 dividit
3193 2066 3391 2122 iterum

1808 2158 1862 2212 in
1889 2158 2024 2214 duos
2056 2157 2302 2214 Christos
2347 2173 2470 2213 eum
2499 2158 2591 2228 qui
2640 2172 2780 2212 unus
2818 2166 2903 2214 est
2948 2173 2963 2212 :
3017 2167 3074 2214 et
3116 2159 3390 2214 hominem

1808 2269 2050 2310 seorsum
2091 2254 2144 2309 in
2198 2262 2429 2324 partem,
2480 2262 2536 2308 et
2590 2253 2758 2310 Deum
2797 2253 3049 2308 similiter
3086 2253 3142 2307 in
3185 2260 3392 2322 partem

1809 2346 2162 2402 constituens.
2200 2346 2492 2403 Evidenter
2527 2346 2671 2402 enim
2713 2346 2941 2416 denegat
2977 2344 3262 2410 unitatem,
3311 2359 3397 2398 se-

1811 2442 2045 2499 cundum
2073 2457 2236 2514 quam
2259 2457 2368 2498 non
2411 2441 2550 2497 alter
2579 2456 2704 2497 cum
2731 2439 2902 2495 altero
2927 2439 3264 2504 coadoratur,
3305 2447 3398 2492 aut

1813 2545 2226 2606 conuncupatur.
2269 2534 2515 2591 Sedunus
2571 2533 2887 2604 intelligitur
2931 2531 3182 2589 Christus
3215 2529 3395 2597 Jesus,

1814 2629 1985 2686 Filius
2023 2629 2119 2684 Dei
2159 2628 2506 2701 unigenitus,
2557 2642 2666 2682 una
2712 2626 2973 2682 servitute
3013 2640 3138 2679 cum
3181 2624 3399 2694 propria

1816 2735 1980 2779 carne
2008 2722 2368 2777 venerandus.
2406 2720 2533 2776 Haec
2558 2718 2688 2775 ﬁdes
2711 2717 2872 2789 primi
2902 2715 3163 2787 Ephesini
3186 2713 3403 2770 concilii

135 2830 288 2871 sona.
335 2815 399 2870 Et
436 2815 492 2870 hi
547 2823 662 2870 tres
702 2829 809 2869 non
859 2819 985 2868 sunt
1035 2821 1145 2867 tres
1168 2811 1242 2867 dii
1289 2810 1717 2880 omnipotentes,
1819 2824 1920 2881 est,
1946 2815 2090 2886 quod
2130 2822 2185 2870 et
2213 2820 2394 2870 textus
2423 2811 2664 2884 Symboli
2689 2812 2903 2883 probat.
2948 2809 3088 2877 Quid
3116 2822 3245 2880 ergo
3281 2822 3407 2878 pos-

138 2908 232 2962 sed
267 2923 408 2962 unus
463 2907 608 2962 Deus
649 2907 1015 2977 omnipotens,
1074 2903 1254 2971 Pater,
1309 2909 1366 2958 et
1413 2901 1610 2967 FiliuS.
1667 2909 1723 2956 et
1821 2922 1942 2963 sum
1979 2905 2159 2962 facere
2185 2913 2367 2961 mente
2399 2903 2658 2976 parvulis,
2706 2903 2752 2958 si
2783 2903 2851 2958 ab
2877 2902 2981 2957 ista
3011 2900 3222 2955 unitate
3258 2898 3405 2964 ﬁdei,

138 2993 375 3064 Spiritus
402 3002 640 3049 sanctus.
671 2993 740 3048 Et
769 2994 887 3048 ideo
925 2991 1072 3049 solus
1111 2989 1306 3046 suﬁicit
1351 2989 1511 3044 Pater
1555 2989 1720 3053 Deus,

1823 3014 1920 3054 vos
1954 2999 2249 3062 audientes,
2279 2996 2626 3062 recesserint,
2653 3002 2708 3051 et
2733 3008 2902 3050 unum
2931 2992 3208 3049 Christum
3233 2999 3289 3045 et
3317 3003 3406 3046 se-

139 3089 259 3158 quia
290 3087 531 3158 separari
560 3103 591 3142 ³
612 3086 751 3143 Filio
777 3094 831 3143 ει
859 3086 1062 3157 δρίτίῑιι
1089 3093 1278 3140 sane“)
1299 3098 1406 3138 ηοῐι
1429 3088 1625 3153 Dom“-
1657 3081 1725 3136 Ει
1827 3093 2063 3149 cundum
2097 3091 2432 3148 divinitatem
2468 3089 2766 3160 proprium,
2807 3095 2862 3144 et
2891 3086 3186 3143 secundum
3218 3084 3410 3139 huma-

139 3179 285 3284 50135
319 3177 791 3284 sumCi‘nChrism-‘i
823 3177 992 3234 Filius
1019 3177 1113 3232 Dei
1143 3177 1305 3241 Deus:
1334 3175 1466 3284 (12ίῆ
1482 3174 1724 3244 separari
1752 3219 1801 3284 ο
1831 3187 2058 3243 nitatem
2097 3183 2405 3255 adoptivum
2451 3180 2682 3238 confessi
2726 3177 2960 3234 fuerint?
2986 3175 3125 3244 Quid
3154 3190 3282 3246 ergo
3311 3188 3413 3229 nos

139 3284 169 3323 a
204 3269 372 3326 Patre
413 3279 468 3326 et
523 3269 727 3341 Spiritu
773 3277 961 3325 sancto
1001 3284 1108 3324 non
1135 3276 1333 3339 potest.
1375 3267 1534 3323 Solus
1561 3267 1721 3322 etiam

1828 3277 2107 3339 faciemus,
2147 3275 2238 3344 qui
2267 3288 2362 3329 eos
2390 3271 2739 3344 apostolicam
2790 3269 2950 3324 ﬁdem
2998 3277 3184 3322 tenere
3226 3265 3411 3321 docui-

139 3360 342 3417 sutﬁcit
369 3361 602 3431 Spiritus
645 3370 882 3426 sanctus,
930 3361 1056 3432 quia
1098 3359 1339 3431 separari
1387 3373 1419 3413 a
1461 3357 1622 3412 Patre
1675 3363 1730 3410 et
1828 3384 1982 3431 mus,
2038 3382 2161 3421 cum
2213 3373 2270 3421 ει
2318 3363 2423 3436 ipsi
2472 3379 2504 3418 ει
2546 3377 2684 3434 puro
2732 3361 2870 3416 lacte
2909 3359 3098 3414 matris
3135 3356 3411 3421 Ecclesiae,

139 3447 277 3503 Filio
307 3464 416 3504 non
439 3456 636 3518 potest,
665 3449 790 3518 quia
819 3448 979 3504 simul
1008 3457 1118 3504 tres
1147 3462 1284 3503 unus
1311 3447 1473 3501 Deus.

1828 3461 1961 3532 legis
2006 3467 2060 3514 et
2102 3455 2380 3528 Evangelii
2411 3463 2664 3526 sugentes
2707 3455 2897 3519 ubera,
2942 3453 3054 3507 Deo
3097 3451 3412 3515 miserante,

209 3539 338 3594 XX-
374 3539 734 3606 QuamObl'em
763 3556 870 3596 non
895 3540 1152 3595 debemus
1177 3540 1422 3594 dubitare
1446 3537 1728 3594 (Πιτίδῑυω
1829 3552 1900 3606 ad
1952 3550 2182 3606 solidum
2228 3548 2422 3603 divinae
2466 3547 2750 3603 Trinitatis
2802 3546 2980 3601 cibum
3019 3543 3413 3615 pervenimus?

139 3629 344 3686 Filium
372 3631 489 3696 Dei,
533 3645 694 3701 quem
733 3629 903 3687 Judaei
947 3631 1356 3696 cruciﬁxerunt,
1392 3645 1512 3686 esse
1539 3644 1729 3684 verum

141 3719 319 3776 Deum
349 3763 365 3788 ,
416 3729 472 3776 et
520 3737 629 3777 non
663 3737 785 3778 esse
832 3722 1062 3781 alterum
1120 3723 1286 3778 Deum
1334 3728 1532 3792 praeter
1583 3735 1729 3776 eum.

139 3811 446 3868 Credamus
486 3813 542 3868 in
572 3829 726 3881 eum,
757 3823 811 3871 et
841 3815 1130 3871 adoremus
1156 3831 1278 3871 eum
1302 3855 1318 3883 ,
1364 3815 1491 3885 quia
1517 3828 1626 3870 non
1650 3821 1735 3870 est

138 3903 283 3960 alter
335 3905 644 3962 adorandus
688 3915 887 3977 praeter
931 3922 1076 3962 eum.
1129 3908 1268 3965 Ecce
1305 3922 1498 3979 panem
1537 3914 1592 3962 et
1650 3905 1736 3963 lac

137 3997 511 4068 protulimus,
559 3999 790 4071 accipiat
835 4001 957 4071 quis
1010 4010 1270 4072 quantum
1321 4000 1482 4056 valet.
1523 3999 1592 4055 Et
1631 4000 1737 4056 hoc

138 4087 373 4142 Domini
399 4098 481 4145 est
521 4090 664 4160 quod
695 4091 924 4147 dicimus
973 4109 986 4146 :
1036 4107 1162 4146 nam
1211 4091 1304 4162 qui
1347 4091 1576 4148 dicimus
1603 4090 1737 4146 nihil

135 4193 371 4243 sumus,
403 4177 492 4234 sed
533 4181 596 4236 de
624 4197 732 4250 quo
767 4183 1027 4249 dicimus,
1069 4193 1289 4254 magnus
1320 4192 1415 4249 est,
1459 4193 1505 4237 et
1545 4198 1738 4252 magna

137 4273 321 4327 virtus
350 4270 462 4342 ejus
487 4287 506 4326 :
527 4282 573 4326 et
599 4275 864 4344 sapientia:
886 4275 1000 4346 ejus
1021 4291 1126 4329 non
1147 4283 1222 4330 est
1245 4291 1510 4329 numerus.
1534 4274 1741 4331 Tantus

139 4381 208 4420 ac
240 4363 381 4418 talis
405 4371 506 4429 est,
535 4373 595 4420 ut
620 4379 719 4420 nec
745 4367 809 4420 de
833 4365 897 4420 eo
923 4363 1192 4436 possimus
1215 4363 1414 4429 dicere,
1451 4378 1552 4418 nec
1581 4365 1647 4420 de
1674 4379 1741 4419 eo

140 4457 382 4512 omnino
423 4465 622 4512 tacere.
673 4455 782 4512 Sed
833 4463 1013 4510 tamen
1059 4471 1184 4511 cum
1235 4456 1307 4511 sit
1339 4454 1738 4522 inenarrabilis,

1833 3644 2128 3714 Surgamus
2156 3656 2285 3713 ergo
2312 3656 2437 3696 eum
2480 3640 2612 3711 ipsis
2654 3639 2931 3712 apostolis,
2967 3648 3024 3695 et
3053 3637 3174 3694 fidei
3214 3643 3417 3694 nostrre

1833 3733 2132 3806 symbolum
2159 3772 2174 3797 ,
2230 3746 2391 3802 quem
2438 3730 2775 3786 tradiderunt
2821 3729 2980 3786 nobis
3004 3770 3020 3796 ,
3071 3728 3222 3785 brevi
3268 3721 3415 3783 com:

1833 3825 2028 3897 pendio
2092 3823 2422 3886 recitemus,
2483 3821 2791 3892 quicunque
2856 3836 3024 3876 unum
3087 3819 3414 3887 Dominum,

1835 3932 1998 3972 unam
2052 3915 2240 3979 ﬁdem,
2277 3927 2444 3969 unum
2481 3913 2748 3982 baptisma
2787 3912 3050 3967 habemus
3086 3927 3100 3965 :
3139 3918 3195 3966 et
3232 3909 3413 3978 ﬁdem,

1836 4012 1891 4068 in
1922 4026 2027 4082 qua
2072 4007 2330 4079 haptizati
2359 4019 2566 4070 sumus,
2615 4005 2670 4059 in
2698 4006 2815 4064 .hac
2838 4004 3196 4075 perversitate
3231 4011 3286 4058 et
3318 4003 3420 4058 du-

1837 4101 2077 4175 plicitate
2103 4098 2477 4155 hatreticorum
2502 4111 2610 4151 non
2629 4110 2906 4166 negemus.
2941 4093 3047 4150 Sed
3074 4094 3216 4149 sicut
3256 4092 3422 4149 corde

1839 4192 2128 4254 credimus,
2169 4203 2263 4244 ore
2309 4187 2528 4258 proprio
2575 4185 2916 4256 proferamus
2957 4183 3191 4254 publice,
3244 4191 3299 4238 et
3339 4182 3423 4238 di-

1841 4298 2028 4339 camus
2059 4297 2074 4336 2

1911 4369 2075 4427 XXII.
2117 4370 2284 4425 Credo
2321 4370 2378 4424 in
2413 4368 2582 4424 Deum
2631 4367 2846 4423 Patrem
2891 4369 3310 4438 omnipotentem.
3352 4364 3422 4421 Et

1840 4465 1897 4519 in
1923 4463 2104 4520 Iesum
2142 4460 2405 4517 Christum
2448 4459 2652 4514 Filium
2686 4461 2802 4532 ejus
2854 4461 3100 4524 unicum,
3152 4458 3319 4512 Deum
3378 4467 3426 4512 et

138 4561 256 4640 non
291 4547 462 4603 debet
499 4559 620 4603 esse
663 4546 993 4618 ignorabilis.
1045 4546 1186 4602 Dicit
1224 4547 1370 4602 enim
1409 4545 1687 4616 Scriptum

1844 4555 2126 4610 Dominum
2151 4562 2405 4616 nostrum,
2435 4551 2524 4622 qui
2554 4561 2707 4606 natus
2732 4560 2807 4606 est
2845 4550 2910 4605 de
2937 4548 3139 4620 Spiritu
3163 4555 3343 4603 sancto
3377 4555 3428 4600 et

140 4635 565 4692 Generationem
617 4638 732 4708 ejus
783 4639 898 4709 quis
947 4638 1260 4692 enarrabit?
1310 4636 1445 4708 (Isa.
1503 4653 1618 4702 LIII,
1659 4635 1740 4709 8.)

135 4726 264 4782 Non
323 4726 482 4793 dicit,
532 4727 817 4797 ignorabit.
865 4727 932 4782 Et
981 4728 1100 4783 ideo
1135 4735 1350 4798 oportet
1400 4727 1636 4798 primum
1686 4718 1748 4783 ut

134 4823 450 4877 credamus
471 4820 524 4874 in
562 4834 708 4887 eum,
735 4827 790 4875 et
820 4828 946 4875 tunc
979 4819 1276 4890 intelligere
1302 4835 1588 4889 possumus
1627 4835 1747 4889 qua:

132 4915 364 4984 scripta
397 4911 464 4966 de
494 4925 560 4967 eo
597 4911 845 4984 legimus.
898 4911 1038 4979 Quid
1081 4911 1224 4966 enim
1275 4904 1495 4983 prodest
1529 4920 1588 4968 ut
1622 4927 1746 4968 cum

130 5004 409 5077 periculo
468 5013 743 5074 quaeratur
795 5004 938 5071 quod
999 5004 1114 5058 sine
1165 5004 1406 5073 periculo
1461 5005 1747 5061 nescitur?

1846 4645 2022 4702 Maria
2049 4645 2262 4716 virgine.
2301 4642 2498 4697 Passus
2531 4643 2625 4697 sub
2667 4641 2860 4697 Pontio
2890 4639 3087 4696 Pilato.
3127 4638 3425 4707 Cruci/ﬁxus

1845 4747 1893 4792 et
1917 4738 2168 4809 sepultus.
2215 4736 2489 4792 Descendit
2527 4737 2596 4789 ad
2633 4734 2864 4804 inferna.
2919 4732 3098 4787 Tertia
3135 4732 3220 4786 die
3251 4747 3424 4785 resur-

1847 4831 1980 4884 rexit
2024 4831 2166 4884 vivus
2201 4846 2234 4882 a
2275 4828 2515 4883 mortuis.
2561 4826 2805 4880 Ascendit
2847 4826 2902 4879 in
2948 4823 3120 4878 calas.
3160 4822 3316 4878 Sedet
3353 4822 3424 4878 ad

1847 4922 2114 4977 dexteram
2142 4920 2240 4975 Dei
2267 4919 2447 4974 Patris
2475 4918 2857 4988 omnipotentis.
2901 4915 3034 4970 Inde
3068 4923 3310 4970 venturus
3331 4916 3429 4986 ju-

1848 5012 2027 5066 dicare
2050 5012 2186 5066 vivos
2222 5020 2269 5065 et
2299 5019 2553 5064 mortuos.
2596 5005 2764 5061 Credo
2789 5008 2845 5061 in
2881 5006 3137 5077 Spiritum
3164 5016 3428 5072 sanctum,

129 5097 294 5169 Ergo
335 5093 536 5151 melius
579 5103 664 5151 est
708 5111 817 5152 non
848 5093 1118 5150 intellecta
1154 5096 1394 5159 credere,
1423 5111 1585 5166 quam
1633 5112 1751 5152 cre-

131 5191 331 5246 denda
384 5187 566 5242 verbis
611 5187 960 5243 mendacibus
998 5189 1310 5258 perdocere.
1357 5187 1579 5244 Multum
1606 5191 1749 5245 enim

124 5280 428 5354 praecedit
452 5279 584 5337 ﬁdes
619 5280 971 5336 intellectum.
1013 5281 1072 5336 Si
1100 5281 1242 5337 enim
1266 5281 1398 5338 ﬁdes
1434 5263 1598 5338 habet
1638 5298 1752 5337 me-

127 5380 326 5433 ritum
355 5414 373 5440 ,
408 5381 464 5428 et
490 5388 586 5442 per
615 5374 786 5446 ipsam
817 5376 981 5430 etiam
1009 5376 1224 5432 rusticis
1256 5375 1505 5432 Christus
1531 5377 1755 5432 daturus

124 5482 224 5531 est
265 5468 593 5544 praemium,
636 5467 892 5538 przecedit
927 5470 1115 5540 utique
1156 5470 1505 5526 intellectum.
1557 5469 1757 5538 Quam-

121 5567 357 5622 obrem
413 5559 592 5615 omnis
643 5561 881 5615 rusticus
931 5561 1116 5627 idiota,
1165 5563 1257 5631 qui
1301 5571 1447 5618 recte
1493 5563 1666 5619 credit
1699 5563 1756 5618 in

122 5657 482 5718 Christum,
523 5651 839 5722 simpliciter
868 5655 1010 5710 vivet
1052 5663 1108 5711 et
1151 5657 1365 5713 recedet
1398 5673 1427 5713 a
1459 5659 1601 5715 malo
1626 5699 1641 5725 ,
1675 5674 1759 5714 su-
1856 5655 2072 5720 ﬁnibus,
2114 5663 2170 5710 et
2197 5654 2338 5709 hane
2361 5653 2520 5711 ﬁdem
2559 5664 2613 5711 et
2657 5657 2797 5712 hanc
2826 5655 3126 5714 doctrinam
3172 5648 3430 5722 apostoli-

115 5755 315 5824 petat
362 5744 717 5799 intellectum.
754 5746 1060 5804 Intellectus
1094 5757 1304 5816 tamen,
1332 5750 1580 5821 quamvis
1616 5750 1757 5805 bona
1855 5762 1975 5801 cam
2003 5747 2306 5814 adduxerit,
2339 5749 2662 5819 recipiamus
2693 5765 2818 5806 eum
2848 5751 2903 5806 in
2940 5756 3126 5806 sancta
3164 5742 3427 5802 Ecclesia.

123 5852 332 5912 opera
393 5836 640 5891 videatur
687 5836 906 5904 habere,
948 5841 1204 5910 pmcedit
1247 5855 1372 5897 eum
1417 5842 1675 5899 rusticus.
1711 5839 1759 5896 si
1859 5837 2239 5898 Manducemus
2291 5849 2347 5898 et
2412 5842 2661 5900 bibamus
2705 5858 2828 5900 cum
2885 5859 2952 5902 eo
2981 5885 2998 5911 ,
3051 5841 3186 5912 quia'
3234 5851 3428 5908 Pacem

457 5943 734 6010 νισι-λοι.
779 5949 998 6017 XCVI.

1863 5975 1870 5986 '
2897 5947 3122 6022 ’29

1848 5112 2084 5158 sanctam
2120 5099 2412 5156 Ecclesium
2434 5096 2762 5161 catholicam,
2798 5098 3154 5152 remissionem
3194 5099 3427 5152 omnium

1848 5201 2197 5263 peccatorum,
2226 5191 2400 5246 carnis
2423 5189 2851 5243 resurrectionem
2877 5197 2925 5244 et
2961 5188 3119 5243 vitam
3152 5197 3423 5243 reternam.

1850 5284 2034 5338 Amen.

1920 5374 2110 5430 XXIII.
2151 5375 2289 5431 Ecce
2325 5373 2483 5431 ﬁdem
2513 5373 2890 5445 apostolicam,
2929 5374 2984 5428 in
3029 5388 3132 5443 qua
3167 5369 3430 5442 baptizati

1853 5482 2072 5534 sumus,
2104 5483 2267 5538 quam
2303 5467 2574 5523 credimus
2617 5473 2671 5522 et
2712 5475 2977 5523 tenemus.
3019 5466 3086 5522 Et
3109 5465 3200 5538 qui
3232 5465 3298 5519 ad
3329 5477 3430 5517 nos

1854 5558 2059 5613 venerit
2112 5558 2178 5613 de
2223 5556 2344 5613 aliis
2398 5557 2737 5629 regionibus,
2783 5567 2876 5614 aut
2925 5565 3070 5617 certe
3113 5557 3179 5612 de
3231 5553 3432 5610 nostris
