3952 6318
521 377 619 439 ιιι

1349 337 1754 435 nummus,
1794 364 2019 432 usus,
2061 355 2420 420 navemus“
2444 361 2535 418 nr
2577 363 2635 418 ε.
2677 361 2972 421 BEATUS.

3689 371 3780 429 913

519 493 752 551 Domini.
784 490 1058 548 Elisabeth
1083 489 1255 546 dixit:
1284 485 1510 542 Matrem
1546 483 1774 540 Domini.
1836 482 1904 536 Et
1927 481 2096 551 virgo,
2125 491 2176 552 Α
2203 484 2404 532 terram
2427 485 2628 533 nostra:
2682 478 2863 534 calatis
2924 478 3251 549 assumpsit,
3291 478 3667 540 inﬁrmitate
3704 504 3781 544 no-

517 595 574 646 et
597 587 808 651 mulier,
837 584 959 642 cmli
1014 592 1072 640 et
1118 589 1278 637 terrae
1314 578 1602 635 Dominum
1649 572 1911 631 confessae
1954 579 2100 628 sunt.

521 677 772 736 Decursis
790 677 980 732 decem
1005 673 1301 738 mensibus,
1330 669 1541 740 Peperit
1584 667 1727 738 virgo
1751 665 1923 736 ﬁlium
1947 681 2102 719 suum

517 770 937 844 primogenitum,
959 776 1006 821 et
1028 765 1218 838 pannis
1261 779 1381 818 eum
1409 759 1639 825 involvit,
1663 767 1713 815 et
1737 756 2005 812 reclinavit
2048 757 2104 811 in

516 861 770 936 prcesepio
793 876 811 914 :
837 860 960 932 quia
981 874 1087 912 non
1111 864 1224 912 erat
1250 854 1298 910 ei
1323 852 1468 908 locus
1489 853 1546 906 in
1581 850 1886 906 diversorio.
1933 849 2105 920 Ange-

519 953 600 1009 lus
631 964 805 1008 autem
831 950 1040 1005 Domini
1065 946 1308 1020 apparuit
1334 941 1628 1017 pastoribus
1677 941 1853 996 dicens
1876 956 1895 995 :
1925 938 2104 994 Nolite

517 1047 719 1100 timere.
748 1044 886 1099 Ecce
910 1042 1048 1097 enim
1070 1037 1368 1110 evangeliso
1382 1037 1522 1092 vobis
1543 1033 1798 1108 gaudium
1828 1048 2096 1104 magnum,

515 1136 654 1209 quod
701 1137 798 1190 erit
836 1135 975 1188 omni
1021 1130 1212 1203 populo
1235 1148 1254 1185 :
1280 1130 1405 1202 quia
1451 1136 1604 1199 natus
1641 1137 1716 1181 est
1769 1125 1922 1181 hodie
1962 1125 2101 1179 vobis

517 1229 783 1294 Salvator,
814 1227 1015 1299 quiest
1041 1223 1280 1279 Christus
1310 1221 1584 1284 Dominus,
1608 1221 1664 1274 in
1684 1219 1886 1274 civitate
1906 1216 2097 1272 David.

515 1321 670 1380 Jesus
698 1323 841 1376 ειιὶιιι
863 1322 916 1376 in
947 1320 1129 1390 lingua
1153 1317 1367 1383 Latina,
1415 1315 1665 1370 Salvator
1705 1313 1936 1376 dicitur,
1994 1310 2101 1365 He-

513 1415 696 1473 braice
726 1428 855 1469 vero
881 1412 1056 1468 Jesus.
1114 1409 1184 1464 Et
1219 1409 1391 1463 subito
1422 1399 1586 1477 'facta
1636 1413 1711 1459 est
1760 1419 1877 1458 cum
1914 1400 2099 1473 angelo

513 1506 794 1563 multitudo
836 1504 1038 1558 militiis
1064 1501 1302 1566 caelestis,
1336 1498 1668 1553 laudantium
1714 1494 1882 1548 Deum
1917 1501 1968 1546 et
2015 1491 2100 1544 di-

513 1600 739 1654 centium
762 1613 780 1651 :
811 1595 994 1651 Gloria
1018 1594 1073 1647 in
1097 1591 1365 1647 altissimis
1387 1589 1519 1654 Deo,
1549 1597 1598 1642 et
1629 1588 1685 1640 in
1711 1596 1851 1641 terra
1871 1600 1977 1657 pax
1997 1583 2096 1637 Ito-
2136 1590 2140 1595 ‘

513 1690 741 1745 minibus
770 1688 917 1742 bona:
945 1683 1246 1740 voluntatis.

581 1781 774 1839 XXXI.
815 1779 1177 1849 Requiramus
1198 1790 1343 1830 nunc
1381 1789 1503 1845 qum
1528 1778 1612 1829 est
1636 1772 1738 1827 ista
1767 1780 1910 1826 terra
1930 1785 2094 1840 quam

2207 579 2374 625 stram
2404 568 2492 623 illa
2512 567 2629 638 jam
2655 569 2896 640 angelica
2949 569 3213 627 celsitudo
3262 586 3371 628 non
3410 573 3668 645 despicit.
3713 579 3781 638 Ad

2203 680 2394 738 pacem
2421 675 2663 721 nostram
2696 665 2872 737 angeli
2919 665 3165 733 redeunt,
3195 667 3556 726 intentionem
3604 672 3781 742 prioris

2203 757 2485 814 discordia
2506 765 2854 828 postponunt.
2888 758 2953 814 Et
2987 774 3126 832 quos
3176 759 3424 817 infirmos
3450 763 3611 833 prius
3657 764 3780 836 abie-

2205 858 2432 920 ctosque
2457 848 2837 920 despexerunt,
2853 848 2968 918 jam
2981 850 3160 907 socios
3184 861 3536 918 venerantur,
3563 869 3691 910 cum
3710 872 3782 912 ua-

2204 945 2384 1020 turam
2407 945 2650 993 nostram
2675 939 2730 994 iu
2781 940 2909 995 sede
2932 939 3212 996 Dominica
3248 940 3553 997 immortali
3591 941 3784 1015 fulges.

2203 1043 2316 1091 tem
2342 1029 2512 1102 gloria
2529 1033 2898 1106 perviderunt.
2926 1031 3092 1088 Plane
3113 1031 3204 1088 illa
3233 1041 3450 1100 natura,
3479 1050 3610 1106 qua:
3647 1038 3786 1094 audi-

2201 1128 2312 1183 vit:
2345 1128 2507 1184 Terra
2529 1145 2602 1195 es,
2627 1136 2674 1181 et
2701 1127 2759 1181 in
2789 1135 2984 1180 terram
3167 1123 3433 1192 Quoniam
3457 1136 3683 1184 natura:
3703 1130 3786 1184 hu-

2201 1234 2375 1275 manae
2403 1219 2780 1292 gratulandum
2801 1225 2888 1273 est
2919 1232 2933 1270 :
2965 1230 3033 1272 eo
3070 1216 3215 1286 quod
3240 1216 3322 1272 sic
3344 1229 3638 1288 assumpta
3665 1229 3742 1275 est
3760 1237 3786 1278 ι

2201 1312 2378 1368 Verbo
2405 1312 2681 1383 unigenito
2709 1321 2861 1366 terra
2895 1309 3242 1366 mortalitatis
3296 1320 3505 1367 nostra:
3530 1351 3548 1378 ,
3610 1320 3673 1366 ut
3702 1313 3788 1368 im-

2199 1404 2444 1460 mortalis
2479 1405 2900 1460 constitueretur
2917 1402 2972 1457 in
2999 1400 3158 1467 nmio,
3181 1408 3350 1471 utque
3377 1402 3456 1456 ita
3482 1401 3645 1458 ﬂeret
3656 1413 3786 1460 terra

2197 1497 2463 1563 sublimis,
2480 1505 2539 1552 ut
2556 1495 2979 1568 incorruptibilis
2999 1495 3180 1566 pulvis
3197 1494 3403 1550 rediret
3419 1493 3495 1550 ad
3516 1497 3786 1552 dexteram

2197 1585 2393 1644 Patris.
2422 1589 2491 1644 Et
2527 1589 2631 1644 hoc
2664 1596 2749 1644 est
2776 1586 2920 1658 quod
2945 1586 3182 1642 clamant
3205 1585 3384 1658 angeli
3410 1595 3470 1641 et
3493 1588 3677 1643 omnis
3695 1588 3786 1644 Ee-

2196 1679 2390 1735 clesia:
2423 1678 2606 1734 Gloria
2629 1679 2686 1733 in
2705 1677 2922 1733 excelsis
2946 1677 3078 1742 Deo,
3097 1685 3146 1731 et
3178 1677 3235 1729 in
3258 1686 3403 1730 terra
3428 1694 3541 1748 pax
3562 1678 3786 1732 bomini~

2198 1768 2293 1824 bus
2323 1769 2470 1824 bonae
2496 1769 2772 1824 voluntatis
2796 1768 2948 1841 (Luc.
2989 1785 3049 1834 ιι,
3089 1766 3200 1840 14).
3258 1767 3424 1824 Bona:
3449 1768 3741 1826 voluntatis
3764 1811 3782 1838 ,

510 1874 834 1948 paciﬁcavit.
857 1871 1086 1928 Oremus
1119 1883 1261 1933 eum,
1297 1875 1354 1923 et
1391 1865 1598 1938 aperiat
1630 1858 1785 1920 nobis
1805 1878 1868 1918 os
1889 1862 1980 1918 ille
2000 1861 2094 1932 qui
2124 1861 2250 1948 Bid
2271 1870 2375 1927 est,
2411 1861 2502 1932 qui
2525 1863 2663 1918 bene
2695 1860 2896 1916 \olunt.
2926 1859 3029 1927 Qui
3071 1860 3209 1914 bene
3234 1859 3505 1926 credunt,
3550 1869 3615 1914 ut
3659 1876 3784 1915 cum

510 1969 714 2023 veritas
739 1972 852 2030 est,
893 1973 954 2019 ut
976 1963 1254 2018 veritatem
1279 1960 1346 2015 de
1384 1974 1449 2014 eo
1486 1959 1758 2023 dicamus;
1789 1964 1845 2012 et
1887 1954 2093 2024 aperiat

511 2073 671 2115 aures
700 2057 899 2122 cordis,
928 2064 988 2110 ut
1009 2053 1310 2122 intelligant
1332 2066 1520 2107 omnes
1542 2051 1636 2120 qui
1669 2049 1956 2114 audierint,
1972 2062 2092 2118 quae

511 2150 824 2206 (ﬁxerimus.
853 2147 912 2202 Si
937 2147 1333 2215 interrogamus
1360 2158 1549 2198 omnes
1582 2159 1595 2196 :
1637 2141 1810 2197 Adam
1849 2141 1990 2195 unde
2014 2139 2094 2194 fa-

454 2227 463 2236 ’
509 2249 630 2298 ειυε
658 2241 774 2296 est?
799 2239 858 2294 Si
879 2254 1018 2293 unus
1046 2238 1190 2292 inter
1210 2236 1407 2291 multos
1427 2235 1697 2303 loquatur,
1721 2241 1776 2288 et
1801 2232 1944 2287 dicat
1963 2231 2092 2301 quia

507 2336 575 2393 de
599 2345 742 2391 terra
765 2335 939 2389 lactus
957 2340 1078 2399 est;
1104 2340 1215 2386 tam
1244 2331 1301 2385 in
1330 2329 1530 2385 Judazis
1557 2343 1719 2399 quam
1746 2328 1799 2382 in
1821 2327 2086 2396 gentibus,

508 2429 622 2484 sive
645 2425 994 2492 Christianis,
1047 2423 1193 2479 nulla
1226 2423 1491 2478 dubitatio
1539 2429 1623 2476 est
1672 2420 1816 2490 quod
1855 2433 1981 2473 vere
2026 2418 2092 2472 de

507 2530 653 2577 terra
685 2520 787 2585 sit;
821 2527 876 2573 et
902 2517 1003 2588 ipsi
1041 2520 1097 2572 in
1136 2515 1563 2588 transgressione
1591 2513 1794 2568 dictum
1821 2521 1906 2567 est
1929 2526 1958 2564 a
1991 2510 2093 2564 Do-

506 2615 656 2670 mino
683 2630 698 2667 :
731 2611 893 2666 Terra
930 2627 1005 2677 es,
1036 2619 1082 2663 et
1111 2611 1166 2662 in
1189 2618 1385 2662 terram
1411 2607 1528 2660 ibis.
1558 2605 1849 2661 Veniamus
1875 2618 1972 2673 per
2000 2615 2090 2657 se—

506 2709 643 2764 riem
665 2703 1031 2779 generationis
1055 2701 1258 2757 Christi
1279 2713 1460 2770 usque
1486 2699 1553 2754 ad
1578 2697 1860 2761 diluvium,
1884 2695 1974 2750 ubi
1997 2710 2090 2750 so-

506 2799 590 2857 lus
615 2798 727 2854 Noe
758 2798 812 2852 in
842 2797 933 2852 illa
974 2793 1320 2866 generatione
1360 2790 1542 2859 justus
1591 2789 1839 2844 inventus
1860 2795 1962 2843 est.
1991 2787 2090 2842 Cui

504 2904 603 2961 pro
639 2903 737 2944 sua
753 2886 962 2958 justitia
992 2886 1203 2940 donatae
1224 2891 1350 2937 sunt
1373 2888 1578 2950 septem
1601 2879 1815 2943 animae,
1849 2893 1970 2947 quae
1994 2892 2090 2948 per

2183 1945 2398 2025 angelis
2450 1953 2759 2008 socientur:
2783 1967 2894 2008 non
2933 1950 3027 2022 qui
3060 1949 3203 2006 male
3253 1949 3518 2018 credunt,
3569 1959 3630 2006 ut
3669 1967 3783 2006 cum

2193 2045 2404 2102 diabolo
2433 2047 2774 2101 damnentur.

2262 2136 2497 2194 XXXIII.
2540 2139 2607 2194 Et
2630 2149 2903 2212 postquam
2927 2141 3273 2194 consummati
3317 2149 3443 2195 sunt
3484 2140 3606 2195 dies
3634 2148 3741 2194 octo
3763 2179 3779 2208 ,

2193 2240 2247 2284 ut
2270 2232 2728 2286 circumcideretur
2754 2231 3033 2297 Dominus,
3055 2241 3295 2286 vocatum
3323 2241 3404 2286 est
3441 2248 3642 2287 nomen
3678 2231 3780 2302 ejas

2189 2323 2384 2379 Iesus:
2414 2325 2552 2395 quod
2577 2334 2812 2379 vocatum
2841 2334 2915 2379 est
2930 2325 2994 2378 ab
3011 2322 3216 2395 angelo,
3236 2324 3558 2395 priusquam
3580 2324 3779 2378 inutero

2191 2417 2547 2487 conciperetur
2579 2416 2769 2488 (Ibid.,
2799 2433 2931 2472 vers.
2952 2417 3067 2488 21).
3098 2417 3156 2472 Si
3185 2417 3537 2488 requiramus
3566 2431 3779 2472 corisue-

2191 2506 2430 2562 tudinem
2473 2506 2794 2572 mulierum,
2845 2507 2912 2562 de
2955 2507 3102 2562 nulla
3135 2508 3336 2563 dictum
3381 2515 3488 2572 est,
3530 2507 3595 2562 In
3641 2518 3776 2562 utere

2190 2601 2455 2670 concepit,
2480 2601 2607 2671 quia
2639 2602 2976 2657 extrinsecus
3003 2617 3031 2656 a
3063 2602 3195 2656 viris
3213 2609 3576 2672 acceperunt.
3611 2600 3668 2656 Si
3696 2616 3770 2655 re-

2188 2691 2468 2760 quiramus
2499 2691 2844 2761 Scripturas,
2885 2701 3013 2747 tunc
3061 2691 3327 2762 promissa
3372 2701 3462 2748 est
3517 2694 3626 2748 ista
3666 2708 3776 2747 cou-

2188 2785 2365 2853 ceptio
2393 2823 2408 2849 ,
2456 2785 2670 2854 quando
2707 2784 2944 2855 serpenti
2991 2784 3194 2840 dictum
3239 2791 3323 2839 est
3377 2783 3436 2838 in
3489 2784 3770 2854 paradiso:

2189 2875 2506 2930 Inimicitias
2528 2892 2720 2947 ponam
2741 2878 2876 2930 inter
2894 2885 2943 2930 te
2972 2885 3020 2930 et
3036 2874 3338 2942 'mulierem,
3363 2884 3413 2929 et
3432 2891 3616 2930 semen
3638 2885 3772 2928 tum

503 2996 628 3038 eum
659 2986 947 3036 evaserunt
970 2975 1248 3032 diluvium.
1283 2973 1434 3028 Sicut
1477 2971 1622 3027 solus
1663 2969 1842 3040 justus
1891 2971 1948 3025 in
1986 2970 2091 3024 hoc
2188 2977 2235 3023 et
2257 2985 2430 3023 semen
2463 2969 2577 3040 ejus
2603 2967 2758 3040 (Gen.
2799 2985 2891 3036 ιιι,
2929 2968 3040 3038 15).
3087 2969 3155 3023 Ει
3204 2977 3353 3023 recte
3403 2970 3771 3040 cognoscimus

505 3074 706 3128 mundo
737 3070 897 3126 Jesus
923 3069 1169 3125 Christus
1197 3067 1446 3121 inventus
1470 3073 1574 3129 est,
1598 3064 1684 3118 cui
1707 3063 1921 3118 donata:
1963 3068 2090 3116 sunt
2188 3062 2314 3132 quia
2342 3062 2596 3117 mulieres
2636 3063 2843 3118 semina
2875 3078 2982 3118 non
3013 3061 3231 3127 habent,
3260 3076 3363 3116 nec
3389 3062 3510 3116 sine
3532 3061 3664 3114 virili
3683 3077 3767 3115 se-

505 3177 711 3237 septem
736 3162 1011 3227 Ecclesiae,
1035 3176 1152 3230 quae
1169 3165 1460 3214 evaserunt
1481 3158 1775 3212 secundum
1797 3154 1935 3224 ignis
1949 3152 2086 3208 dilu-
2115 3215 2158 3237 η
2189 3155 2334 3209 mine
2369 3155 2653 3224 concipere
2673 3163 2916 3224 possunt.
2960 3153 3154 3209 Semen
3191 3168 3320 3224 ergo
3347 3153 3612 3218 mulieris,
3633 3154 3765 3207 Ver-

505 3215 671 3311 vium.
691 3256 980 3310 Veniamus
998 3215 1194 3309 Noe
1221 3264 1391 3320 usque
1416 3251 1484 3304 ad
1497 3248 1787 3314 Abraham,
1809 3215 1894 3302 cui
1910 3246 2083 3315 prima
2113 3215 2160 3280 ο
2191 3247 2320 3301 bum
2345 3261 2507 3300 carne
2524 3215 2744 3301 .factu-m
2767 3254 2877 3312 est,
2904 3246 2996 3315 qui
3035 3261 3142 3301 non
3189 3215 3452 3313 de-terra,
3476 3247 3574 3302 sed
3598 3215 3667 3300 ide
3684 3262 3770 3300 ex-

506 3349 854 3422 repromissio
880 3348 1024 3404 facta
1044 3356 1147 3413 est,
1170 3346 1310 3418 quod
1335 3347 1390 3399 in
1409 3345 1604 3399 semine
1626 3343 1742 3414 ejus
1767 3382 1782 3407 ,
1827 3341 1971 3411 quod
2003 3349 2088 3395 est
2191 3339 2351 3394 celsis
2380 3347 2484 3403 est,
2510 3339 2651 3394 sicut
2670 3339 2784 3409 ipse
2799 3337 2956 3394 Jesus
2984 3339 3061 3393 ait
3087 3356 3100 3392 :
3142 3338 3256 3410 Ego
3278 3339 3344 3394 de
3375 3341 3626 3409 supernis
3643 3354 3766 3401 ειιιιι,

504 3443 751 3499 Christus
777 3439 951 3506 Jesus,
984 3439 1418 3494 htereditarentur
1455 3452 1630 3491 omnes
1658 3444 1851 3506 gentes.
1897 3433 2089 3489 Venia-
2191 3446 2278 3486 vos
2321 3430 2385 3483 de
2433 3430 2767 3499 inferioribus
2805 3429 2948 3483 estis.
2997 3429 3066 3484 Et
3091 3427 3288 3483 Paulus
3326 3430 3613 3498 apostolus
3663 3429 3766 3482 ait:

505 3554 625 3593 mus
651 3539 716 3593 de
735 3536 1005 3591 Abraham
1029 3548 1200 3603 usque
1221 3531 1287 3586 ad
1309 3530 1497 3597 David,
1529 3531 1616 3585 cui
1641 3530 1842 3585 dictum
1869 3535 1951 3583 est
1973 3542 1988 3580 :
2013 3526 2089 3581 De
2193 3523 2406 3578 Primus
2436 3525 2609 3588 homo,
2635 3523 2700 3577 de
2730 3534 2871 3577 terra
2892 3532 3127 3578 terrenus
3151 3538 3168 3576 :
3200 3523 3462 3577 secundus
3501 3524 3680 3588 homo,
3715 3523 3769 3574 de

505 3631 680 3699 [ructu
711 3629 900 3682 ventris
923 3627 999 3679 tui
1020 3641 1209 3695 ponam
1233 3639 1388 3693 super
1408 3623 1581 3676 sedem
1611 3631 1776 3674 tuam.
1800 3621 1898 3674 Et:
1923 3620 2091 3690 Egre-
2190 3615 2316 3670 caelo
2347 3613 2585 3669 ccelestis.
2612 3613 2682 3667 Et
2709 3623 2982 3685 postquam
3033 3613 3227 3685 impleti
3264 3623 3385 3668 sunt
3421 3613 3540 3668 dies
3585 3630 3768 3685 purga-

505 3721 678 3775 dietzir
705 3722 848 3790 virga
900 3719 962 3773 de
1011 3718 1185 3771 radice
1227 3717 1409 3781 .Iesse,
1445 3723 1492 3768 et
1549 3716 1646 3783 ﬂos
1673 3715 1737 3768 de
1779 3714 1954 3768 radice
1974 3713 2088 3782 ejus
2190 3709 2346 3762 tionis
2369 3708 2483 3778 ejus
2503 3707 2789 3761 secundum
2819 3705 2981 3777 legem
3023 3705 3216 3776 Moysi,
3243 3706 3478 3760 tulerunt
3527 3707 3681 3759 illam
3723 3707 3770 3759 is

506 3810 746 3865 ascendet
771 3810 906 3880 (lsa.
943 3824 1019 3871 ιι,
1046 3809 1122 3880 1).
1177 3807 1339 3876 Virga
1388 3810 1455 3860 de
1479 3807 1658 3860 radice
1703 3803 1886 3868 Jesse,
1938 3804 2089 3872 virgo

507 3903 674 3958 Maria
703 3910 804 3956 est.
833 3902 956 3956 Flos
977 3901 1043 3956 de
1061 3899 1402 3971 virga,-Jesus
1418 3900 1664 3966 Christus
1680 3898 1846 3953 Filius
1868 3896 1960 3950 Dei
1982 3905 2083 3951 est.

506 3995 644 4063 Quia
687 4011 800 4065 ego,
827 3994 1018 4064 inquit,
1048 3994 1148 4063 ﬂos
1178 3994 1385 4063 campi,
1443 4002 1492 4046 et
1537 3991 1706 4045 lilium
1749 3991 2082 4046 convallium.

505 4085 644 4142 Ecce
669 4085 840 4140 Adam
867 4085 933 4139 de
956 4091 1099 4138 terra
1122 4123 1138 4150 ,
1185 4082 1298 4138 Noe
1325 4083 1390 4137 de
1431 4081 1601 4137 Adam
1631 4123 1645 4148 ,
1699 4080 1972 4138 Abraham
2020 4083 2086 4137 de

504 4175 640 4243 Noe,
679 4175 848 4231 David
869 4177 935 4231 de
957 4176 1250 4241 Abraham,
1278 4175 1430 4246 virgo
1473 4173 1640 4230 Maria
1689 4175 1756 4230 de
1777 4175 1964 4242 David,
1990 4175 2083 4231 Je-

505 4287 598 4329 sus
634 4273 882 4330 Christus
902 4273 1073 4328 Filius
1118 4274 1214 4328 Dei
1243 4273 1308 4328 de
1335 4273 1522 4328 Maria.
1549 4273 1662 4329 Hoc
1687 4283 1791 4341 est,
1823 4273 2006 4330 Gloria
2028 4276 2086 4329 in

503 4367 718 4423 excelsis
747 4366 873 4433 Deo,
903 4376 950 4421 et
970 4368 1026 4421 in
1049 4376 1188 4421 terra
1216 4385 1322 4438 pax
1365 4367 1515 4440 (Luc.
1550 4384 1607 4431 ιι,
1637 4368 1746 4440 ll).
1779 4368 1897 4438 Ipsa
1940 4379 2084 4424 terra

504 4457 790 4512 sublimata
835 4467 938 4522 est,
960 4456 1172 4525 quando
1208 4456 1385 4512 Verbo
1408 4457 1697 4528 conjuncta
1749 4467 1850 4513 est.
1884 4459 1975 4514 Sic
2001 4468 2084 4514 est

2187 3798 2502 3863 Jerusalem,
2529 3808 2586 3851 ut
2614 3798 2852 3852 sisterent
2897 3812 3016 3850 eum
3042 3795 3267 3851 Domino
3293 3836 3308 3861 ,
3357 3798 3498 3850 sicut
3529 3799 3769 3868 scriptun

2189 3902 2263 3945 est
2287 3893 2343 3944 in
2379 3891 2487 3961 lege
2519 3889 2774 3944 Domini:
2817 3887 2955 3955 Quia
2995 3904 3145 3942 omne
3181 3887 3545 3943 masculinum
3591 3892 3772 3959 adape-

2188 3987 2326 4040 riens
2357 3984 2558 4038 vulvam
2580 4024 2596 4050 ,
2645 3991 2884 4038 sanctum
2917 3982 3140 4037 Domino
3170 3982 3459 4037 vocabitur.
3511 3983 3772 4053 Require-

2188 4093 2306 4134 mus
2337 4077 2458 4147 quis
2482 4075 2753 4131 masculus
2803 4073 3017 4129 vulvam
3056 4073 3248 4129 matris
3286 4074 3522 4144 aperuit.
3569 4075 3705 4129 Nam
3733 4075 3773 4128 si

2188 4176 2333 4224 recta
2359 4175 2670 4231 tractamus,
2708 4181 2898 4222 omnes
2935 4165 3190 4222 mulieres
3234 4181 3356 4236 qua:
3379 4166 3596 4236 primos
3639 4168 3774 4220 ﬁlios

2186 4260 2456 4318 masculos
2484 4261 2804 4326 habuerunt,
2834 4259 2936 4314 viri
2961 4258 3078 4328 ejus
3114 4262 3364 4327 aperiunt
3388 4258 3634 4326 vulvam,
3660 4275 3772 4330 qua

2187 4353 2301 4409 sola
2332 4352 2386 4406 in
2414 4360 2570 4407 utero
2597 4351 2861 4422 concepit.

2257 4466 2497 4522 XXXIV.
2538 4465 2748 4520 Etcum
2786 4465 3087 4520 inducerent
3111 4483 3328 4537 puerum
3352 4467 3544 4523 Jesuns
3591 4485 3771 4540 paren-

506 4549 744 4606 Vel'bum
779 4563 943 4605 came
965 4548 1164 4603 ramum
1188 4563 1327 4602 unus
1354 4547 1511 4603 19505
1530 4549 1800 4616 (Ππίδῑυδν
1821 4565 1927 4604 una
1963 4565 2085 4619 Pel-
2109 4572 2163 4632 υ
2185 4569 2260 4614 tes
2292 4561 2404 4630 ejus
2428 4561 2483 4612 in
2510 4558 2776 4629 templum,
2808 4568 2862 4612 ut
2902 4559 3131 4629 facerent
3160 4562 3450 4615 secundum
3505 4573 3774 4619 constet»

505 4656 658 4709 sona,
682 4643 824 4698 Deus
855 4649 910 4697 et
930 4643 1092 4698 homo
1118 4681 1134 4708 ,
1175 4641 1627 4711 quemadmodum
1671 4651 1763 4698 tua
1809 4644 1986 4698 anima
2031 4653 2086 4700 et

505 4749 632 4790 caro
666 4749 808 4788 unus
845 4742 928 4790 est
970 4733 1152 4789 homo.
1183 4731 1272 4788 Sic
1303 4741 1386 4788 est
1413 4741 1573 4790 natus
1597 4735 1663 4789 de
1689 4735 1897 4804 virgine
1928 4734 2084 4790 Jesus

503 4825 754 4882 Christus
798 4824 966 4881 Filius
1002 4825 1098 4880 Dei
1125 4825 1267 4881 Deus
1311 4827 1472 4881 homo
1511 4842 1578 4882 eo
1624 4836 1782 4897 pacto
1826 4844 1932 4898 quo
1961 4843 2085 4883 cum

505 4933 733 4988 corpore
781 4919 931 4974 nasci
973 4918 1196 4974 docetur
1221 4920 1418 4974 anima.
1464 4919 1581 4976 Non
1628 4921 1753 4992 quia
1805 4921 2087 4992 utriusque

505 5016 591 5061 est
611 5024 715 5062 una
743 5010 1064 5078 substantia,
1094 5011 1190 5066 sed
1211 5013 1336 5082 quia
1371 5011 1426 5066 in
1454 5021 1684 5084 utroque
1709 5014 1780 5069 sit
1838 5029 1945 5068 una
1969 4999 2088 5085 per-

505 5111 658 5152 $0113.

576 5189 794 5245 XXXII.
826 5190 986 5250 Prius
1009 5196 1207 5267 quippe
1249 5212 1410 5268 quam
1433 5199 1760 5272 Redemptor
1785 5209 1968 5259 noster
1987 5217 2088 5274 per

507 5299 729 5340 carnem
766 5298 1107 5356 nasceretur,
1134 5291 1462 5348 discordiam
1510 5310 1634 5350 cum
1662 5295 1866 5366 angelis
1890 5298 2085 5354 habui-

507 5391 648 5442 mus,
680 5392 712 5432 a
746 5392 973 5448 quorum
996 5381 1241 5439 claritate
1283 5392 1444 5456 atque
1467 5388 1730 5443 munditia
1771 5404 1868 5460 per
1898 5392 2086 5461 prima:

507 5471 678 5544 culpae
697 5471 966 5537 meritum,
997 5490 1093 5546 per
1119 5478 1428 5548 quotidiana
1480 5483 1672 5538 delicta
1709 5483 1866 5556 longe
1921 5485 2087 5541 dista-

505 5563 718 5622 bamus.
747 5562 884 5634 Quia
906 5566 1050 5622 enim
1084 5571 1356 5638 peccando
1379 5574 1622 5630 extranei
1648 5587 1866 5632 eramus
1894 5591 1928 5631 a
1951 5576 2081 5644 Deo,

504 5667 797 5716 extraneos
833 5672 932 5716 nos
979 5673 1012 5714 a
1051 5673 1150 5716 suo
1175 5663 1449 5720 consortio
1484 5665 1821 5737 deputabunt
1875 5670 2052 5743 angeli
2065 5711 2084 5740 ,

507 5751 654 5808 cives
680 5752 794 5808 Dei.
821 5749 926 5808 Sed
961 5753 1086 5824 quia
1111 5769 1211 5809 nos
1240 5756 1587 5826 cognovimus
1605 5773 1787 5830 regem
1816 5769 2081 5829 nostrum,

505 5851 932 5914 recognoverunt
957 5844 1130 5916 angeli
1167 5845 1312 5901 cives
1333 5861 1478 5902 suos.
1503 5845 1637 5912 Quia
1661 5850 1805 5906 enim
1842 5851 1965 5907 ειειί
1989 5868 2082 5908 rex

2185 4651 2359 4705 dinem
2386 4649 2512 4720 legis
2570 4665 2665 4720 pro
2690 4665 2784 4716 eo,
2837 4650 3032 4720 accepit
3069 4666 3186 4704 eum
3232 4650 3451 4706 Simeon
3487 4652 3548 4707 in
3590 4667 3770 4707 manus

2183 4758 2328 4809 suas,
2350 4751 2397 4795 et
2419 4741 2678 4796 benedixit
2705 4741 2892 4809 Deum,
2921 4753 2968 4796 et
3005 4741 3176 4796 dixit:
3207 4742 3365 4796 Nunc
3397 4745 3629 4802 dimittis
3671 4761 3770 4802 ser-

2185 4849 2304 4887 vum
2327 4843 2494 4897 tuum,
2522 4832 2763 4900 Domine,
2803 4834 3086 4888 secundum
3113 4835 3323 4889 verbum
3353 4845 3529 4907 tuum,
3546 4841 3607 4894 in
3629 4856 3770 4912 pace.

2189 4924 2328 4991 Quia
2351 4927 2587 4981 viderunt
2607 4927 2746 4980 oculi
2778 4928 2877 4982 mei
2921 4927 3153 4983 salutare
3175 4939 3343 4984 tuum.
3373 4931 3534 4999 Quod
3576 4952 3775 5006 prepa-

2187 5018 2318 5071 rasti
2341 5026 2458 5072 ante
2476 5017 2664 5087 faciem
2692 5019 2922 5072 omnium
2941 5019 3272 5090 populorum.
3301 5021 3426 5078 Jam
3447 5040 3621 5096 supra
3644 5026 3775 5083 dili-

2186 5125 2307 5166 mus
2349 5111 2476 5181 quia
2519 5111 2768 5166 salutaris
2807 5129 3005 5170 nomen
3041 5111 3198 5169 Jesus
3231 5123 3336 5182 est,
3380 5115 3439 5170 id
3463 5127 3556 5173 est
3600 5117 3776 5174 Salva—

2185 5209 2290 5258 tor.
2319 5203 2388 5257 Et
2432 5204 2547 5274 ipse
2577 5205 2735 5260 datus
2779 5214 2864 5260 est
2912 5205 3086 5261 lumen
3121 5207 3190 5261 ad
3248 5207 3622 5266 reuelationem
3658 5228 3778 5282 gel-

2184 5297 2335 5362 tium,
2362 5306 2410 5352 et
2431 5297 2654 5368 gloriam
2688 5297 2849 5369 plebis
2871 5316 2982 5355 suae
3003 5299 3193 5354 Israel.
3213 5300 3281 5354 Et
3303 5302 3442 5356 dixit
3462 5303 3687 5360 Simeon
3709 5304 3777 5357 ad

2186 5386 2418 5442 Mariam
2447 5397 2665 5443 matrem
2688 5389 2801 5459 ejus
2827 5405 2846 5443 :
2882 5390 3013 5445 Ecce
3032 5393 3230 5463 positus
3255 5402 3331 5446 est
3365 5394 3452 5446 hic
3476 5395 3533 5448 in
3571 5397 3778 5449 nim

2183 5487 2234 5532 et
2256 5478 2315 5533 in
2343 5480 2767 5534 resurrectionem
2807 5479 3091 5536 multorum
3117 5483 3174 5537 in
3214 5481 3406 5538 Israel.
3454 5485 3518 5541 In
3565 5488 3778 5544 ruinam

2184 5573 2394 5645 positus
2426 5582 2510 5631 est
2527 5575 2684 5646 plane
2704 5591 2813 5632 non
2844 5577 3192 5636 credentibus
3212 5619 3228 5645 ,
3273 5587 3330 5635 et
3355 5581 3499 5652 lapis
3521 5583 3756 5641 on‘ensio

2185 5666 2289 5732 nis,
2310 5672 2366 5719 et
2395 5673 2549 5735 petra
2573 5667 2835 5724 scaudali.
2881 5668 3228 5727 Resurrectio
3267 5685 3398 5729 vero
3444 5681 3503 5727 et
3547 5675 3661 5730 vita
3695 5683 3776 5730 est

2181 5760 2542 5816 credentibus.
2575 5761 2645 5816 Et
2685 5763 2741 5816 in
2765 5764 2971 5834 signum
2998 5802 3014 5829 ,
3061 5765 3148 5818 cui
3189 5766 3584 5822 contradicetur
3621 5768 3756 5841 (Luc

2183 5868 2244 5918 ιι,
2269 5850 2380 5923 54).
2407 5851 2611 5908 Videtis
2635 5855 2759 5924 quia
2804 5856 2856 5911 in
2881 5855 3091 5928 signum
3114 5863 3216 5921 est,
3231 5855 3317 5911 cui
3337 5857 3773 5914 contradicetur.
