  <div class='ocr_page' id='page_1' title='image "/cluster/home/n/w/nwhite01/storage/ocr_20150623/96/hvd.32044015471204/462.png"; bbox 0 0 3952 6318; ppageno 0'>
   <div class='ocr_carea' id='block_1_1' title="bbox 157 387 265 445">
    <p class='ocr_par' dir='ltr' id='par_1_1' title="bbox 157 387 265 445">
     <span class='ocr_line' id='line_1_1' title="bbox 157 387 265 445; baseline 0 -1"><span class='ocrx_word' id='word_1_1' title='bbox 157 387 265 445; x_wconf 72' lang='grc'><strong>913</strong></span> 
     </span>
    </p>
   </div>
   <div class='ocr_carea' id='block_1_2' title="bbox 836 382 2762 454">
    <p class='ocr_par' dir='ltr' id='par_1_2' title="bbox 836 382 2762 454">
     <span class='ocr_line' id='line_1_2' title="bbox 836 382 2762 454; baseline 0.006 -10"><span class='ocrx_word' id='word_1_2' title='bbox 836 385 1115 446; x_wconf 79' lang='lat' dir='ltr'><strong>HETERII</strong></span> <span class='ocrx_word' id='word_1_3' title='bbox 1151 385 1252 446; x_wconf 71' lang='grc' dir='ltr'><strong>ΕΤ</strong></span> <span class='ocrx_word' id='word_1_4' title='bbox 1277 386 1336 444; x_wconf 89' lang='lat' dir='ltr'><strong>S.</strong></span> <span class='ocrx_word' id='word_1_5' title='bbox 1382 384 1589 444; x_wconf 80' lang='lat' dir='ltr'><strong>BEATI</strong></span> <span class='ocrx_word' id='word_1_6' title='bbox 1631 385 1715 440; x_wconf 66' lang='grc' dir='ltr'><strong>ιι)</strong></span> <span class='ocrx_word' id='word_1_7' title='bbox 1750 382 2150 448; x_wconf 81' lang='lat' dir='ltr'><strong>ELIPANDUM</strong></span> <span class='ocrx_word' id='word_1_8' title='bbox 2188 389 2406 450; x_wconf 84' lang='lat' dir='ltr'><strong>EPIST.</strong></span> <span class='ocrx_word' id='word_1_9' title='bbox 2448 425 2518 438; x_wconf 85' lang='lat'><strong>—-</strong></span> <span class='ocrx_word' id='word_1_10' title='bbox 2552 395 2683 454; x_wconf 86' lang='lat' dir='ltr'><strong>LIB.</strong></span> <span class='ocrx_word' id='word_1_11' title='bbox 2719 399 2762 454; x_wconf 90' lang='lat' dir='ltr'><strong>I.</strong></span> 
     </span>
    </p>
   </div>
   <div class='ocr_carea' id='block_1_3' title="bbox 3311 399 3418 461">
    <p class='ocr_par' dir='ltr' id='par_1_3' title="bbox 3311 399 3418 461">
     <span class='ocr_line' id='line_1_3' title="bbox 3311 399 3418 461; baseline -0.009 0"><span class='ocrx_word' id='word_1_12' title='bbox 3311 399 3418 461; x_wconf 73' lang='lat' dir='ltr'><strong>9M</strong></span> 
     </span>
    </p>
   </div>
   <div class='ocr_carea' id='block_1_4' title="bbox 164 493 3423 588">
    <p class='ocr_par' dir='ltr' id='par_1_4' title="bbox 164 493 3423 588">
     <span class='ocr_line' id='line_1_4' title="bbox 164 493 3423 588; baseline 0.007 -38"><span class='ocrx_word' id='word_1_13' title='bbox 164 495 300 565; x_wconf 84' lang='lat' dir='ltr'><strong>Quid</strong></span> <span class='ocrx_word' id='word_1_14' title='bbox 323 493 534 588; x_wconf 85' lang='lat' dir='ltr'><strong>est</strong></span> <span class='ocrx_word' id='word_1_15' title='bbox 552 493 783 566; x_wconf 87' lang='lat' dir='ltr'><strong>signum,</strong></span> <span class='ocrx_word' id='word_1_16' title='bbox 818 497 906 588; x_wconf 88' lang='lat' dir='ltr'><strong>cui</strong></span> <span class='ocrx_word' id='word_1_17' title='bbox 951 497 1352 555; x_wconf 85' lang='lat' dir='ltr'><strong>contradicetur</strong></span> <span class='ocrx_word' id='word_1_18' title='bbox 1377 539 1394 565; x_wconf 90' lang='lat'><strong>,</strong></span> <span class='ocrx_word' id='word_1_19' title='bbox 1443 499 1548 554; x_wconf 89' lang='lat' dir='ltr'><strong>nisi</strong></span> <span class='ocrx_word' id='word_1_20' title='bbox 1573 511 1736 563; x_wconf 81' lang='lat' dir='ltr'><strong>crux,</strong></span> <span class='ocrx_word' id='word_1_21' title='bbox 1766 499 1821 560; x_wconf 77' lang='grc' dir='ltr'>Α</span> <span class='ocrx_word' id='word_1_22' title='bbox 1844 504 1984 570; x_wconf 83' lang='lat' dir='ltr'><strong>quod</strong></span> <span class='ocrx_word' id='word_1_23' title='bbox 2003 503 2162 578; x_wconf 84' lang='lat' dir='ltr'><strong>Virgo</strong></span> <span class='ocrx_word' id='word_1_24' title='bbox 2174 506 2340 563; x_wconf 90' lang='lat' dir='ltr'><strong>Deum</strong></span> <span class='ocrx_word' id='word_1_25' title='bbox 2353 510 2614 566; x_wconf 76' lang='lat' dir='ltr'><strong>hominem</strong></span> <span class='ocrx_word' id='word_1_26' title='bbox 2633 514 2866 584; x_wconf 86' lang='lat' dir='ltr'><strong>peperit:</strong></span> <span class='ocrx_word' id='word_1_27' title='bbox 2885 515 3010 588; x_wconf 90' lang='lat' dir='ltr'><strong>quia</strong></span> <span class='ocrx_word' id='word_1_28' title='bbox 3029 519 3219 574; x_wconf 85' lang='lat' dir='ltr'><strong>creavit</strong></span> <span class='ocrx_word' id='word_1_29' title='bbox 3242 518 3423 576; x_wconf 81' lang='lat' dir='ltr'><strong>Domi-</strong></span> 
     </span>
    </p>
   </div>
   <div class='ocr_carea' id='block_1_5' title="bbox 163 586 1745 659">
    <p class='ocr_par' dir='ltr' id='par_1_5' title="bbox 163 586 1745 659">
     <span class='ocr_line' id='line_1_5' title="bbox 163 586 1745 659; baseline -0.001 -15"><span class='ocrx_word' id='word_1_30' title='bbox 163 589 266 644; x_wconf 85' lang='lat' dir='ltr'><strong>nisi</strong></span> <span class='ocrx_word' id='word_1_31' title='bbox 302 586 503 658; x_wconf 92' lang='lat' dir='ltr'><strong>passio,</strong></span> <span class='ocrx_word' id='word_1_32' title='bbox 537 594 729 655; x_wconf 90' lang='lat' dir='ltr'><strong>sputa,</strong></span> <span class='ocrx_word' id='word_1_33' title='bbox 770 587 991 656; x_wconf 88' lang='lat' dir='ltr'><strong>probra,</strong></span> <span class='ocrx_word' id='word_1_34' title='bbox 1031 589 1264 657; x_wconf 89' lang='lat' dir='ltr'><strong>vincula,</strong></span> <span class='ocrx_word' id='word_1_35' title='bbox 1289 589 1517 659; x_wconf 88' lang='lat' dir='ltr'><strong>colaphi,</strong></span> <span class='ocrx_word' id='word_1_36' title='bbox 1547 589 1745 658; x_wconf 68' lang='lat' dir='ltr'><strong>alapae,</strong></span> 
     </span>
    </p>
   </div>
   <div class='ocr_carea' id='block_1_6' title="bbox 162 659 1748 752">
    <p class='ocr_par' dir='ltr' id='par_1_6' title="bbox 162 659 1748 752">
     <span class='ocr_line' id='line_1_6' title="bbox 162 659 1748 752; baseline 0 -16"><span class='ocrx_word' id='word_1_37' title='bbox 343 677 646 734; x_wconf 77' lang='lat' dir='ltr'><strong>amaritudo</strong></span> <span class='ocrx_word' id='word_1_38' title='bbox 685 676 843 744; x_wconf 80' lang='lat' dir='ltr'><strong>fellis,</strong></span> <span class='ocrx_word' id='word_1_39' title='bbox 875 694 1044 747; x_wconf 87' lang='lat' dir='ltr'><strong>mors,</strong></span> <span class='ocrx_word' id='word_1_40' title='bbox 1068 679 1275 747; x_wconf 79' lang='lat' dir='ltr'><strong>lancea,</strong></span> <span class='ocrx_word' id='word_1_41' title='bbox 1297 681 1604 752; x_wconf 77' lang='lat' dir='ltr'><strong>sepultura?</strong></span> <span class='ocrx_word' id='word_1_42' title='bbox 1630 679 1748 736; x_wconf 89' lang='lat' dir='ltr'><strong>Sic-</strong></span> 
     </span>
    </p>
   </div>
   <div class='ocr_carea' id='block_1_7' title="bbox 164 767 1741 840">
    <p class='ocr_par' dir='ltr' id='par_1_7' title="bbox 164 767 1741 840">
     <span class='ocr_line' id='line_1_7' title="bbox 164 767 1741 840; baseline 0.002 -17"><span class='ocrx_word' id='word_1_43' title='bbox 164 775 226 823; x_wconf 91' lang='lat' dir='ltr'><strong>ut</strong></span> <span class='ocrx_word' id='word_1_44' title='bbox 273 776 329 824; x_wconf 88' lang='lat' dir='ltr'><strong>et</strong></span> <span class='ocrx_word' id='word_1_45' title='bbox 355 767 469 837; x_wconf 85' lang='lat' dir='ltr'><strong>ipse</strong></span> <span class='ocrx_word' id='word_1_46' title='bbox 496 767 759 824; x_wconf 85' lang='lat' dir='ltr'><strong>Dominus</strong></span> <span class='ocrx_word' id='word_1_47' title='bbox 787 767 1000 840; x_wconf 86' lang='lat' dir='ltr'><strong>signum</strong></span> <span class='ocrx_word' id='word_1_48' title='bbox 1024 770 1218 826; x_wconf 88' lang='lat' dir='ltr'><strong>mortis</strong></span> <span class='ocrx_word' id='word_1_49' title='bbox 1241 786 1352 827; x_wconf 73' lang='lat' dir='ltr'><strong>sua:</strong></span> <span class='ocrx_word' id='word_1_50' title='bbox 1387 771 1741 827; x_wconf 74' lang='lat' dir='ltr'><strong>annuntians:</strong></span> 
     </span>
    </p>
   </div>
   <div class='ocr_carea' id='block_1_8' title="bbox 164 845 1746 932">
    <p class='ocr_par' dir='ltr' id='par_1_8' title="bbox 164 845 1746 932">
     <span class='ocr_line' id='line_1_8' title="bbox 164 845 1746 932; baseline 0.003 -19"><span class='ocrx_word' id='word_1_51' title='bbox 164 856 443 913; x_wconf 81' lang='lat' dir='ltr'><strong>Generatio</strong></span> <span class='ocrx_word' id='word_1_52' title='bbox 477 855 621 912; x_wconf 84' lang='lat' dir='ltr'><strong>mala</strong></span> <span class='ocrx_word' id='word_1_53' title='bbox 658 845 970 912; x_wconf 84' lang='lat' dir='ltr'><strong>etadultera</strong></span> <span class='ocrx_word' id='word_1_54' title='bbox 1005 859 1212 930; x_wconf 87' lang='lat' dir='ltr'><strong>signum</strong></span> <span class='ocrx_word' id='word_1_55' title='bbox 1233 862 1439 931; x_wconf 66' lang='lat' dir='ltr'><strong>quaerit,</strong></span> <span class='ocrx_word' id='word_1_56' title='bbox 1469 871 1516 915; x_wconf 92' lang='lat' dir='ltr'><strong>et</strong></span> <span class='ocrx_word' id='word_1_57' title='bbox 1541 863 1746 932; x_wconf 85' lang='lat' dir='ltr'><strong>signum</strong></span> 
     </span>
    </p>
   </div>
   <div class='ocr_carea' id='block_1_9' title="bbox 163 949 1745 1025">
    <p class='ocr_par' dir='ltr' id='par_1_9' title="bbox 163 949 1745 1025">
     <span class='ocr_line' id='line_1_9' title="bbox 163 949 1745 1025; baseline 0.004 -21"><span class='ocrx_word' id='word_1_58' title='bbox 163 966 272 1004; x_wconf 81' lang='lat' dir='ltr'><strong>non</strong></span> <span class='ocrx_word' id='word_1_59' title='bbox 294 949 531 1018; x_wconf 88' lang='lat' dir='ltr'><strong>dabitur,</strong></span> <span class='ocrx_word' id='word_1_60' title='bbox 559 951 663 1006; x_wconf 97' lang='lat' dir='ltr'><strong>nisi</strong></span> <span class='ocrx_word' id='word_1_61' title='bbox 690 951 898 1021; x_wconf 82' lang='lat' dir='ltr'><strong>signum</strong></span> <span class='ocrx_word' id='word_1_62' title='bbox 925 951 1080 1008; x_wconf 74' lang='lat' dir='ltr'><strong>Ionte</strong></span> <span class='ocrx_word' id='word_1_63' title='bbox 1099 955 1381 1025; x_wconf 69' lang='lat' dir='ltr'><strong>prophetae.</strong></span> <span class='ocrx_word' id='word_1_64' title='bbox 1419 954 1568 1011; x_wconf 94' lang='lat' dir='ltr'><strong>Sicut</strong></span> <span class='ocrx_word' id='word_1_65' title='bbox 1607 957 1745 1012; x_wconf 84' lang='lat' dir='ltr'><strong>enim</strong></span> 
     </span>
    </p>
   </div>
   <div class='ocr_carea' id='block_1_10' title="bbox 161 1028 1748 1112">
    <p class='ocr_par' dir='ltr' id='par_1_10' title="bbox 161 1028 1748 1112">
     <span class='ocr_line' id='line_1_10' title="bbox 161 1028 1748 1112; baseline 0.003 -16"><span class='ocrx_word' id='word_1_66' title='bbox 161 1041 332 1096; x_wconf 82' lang='lat' dir='ltr'><strong>Ionas</strong></span> <span class='ocrx_word' id='word_1_67' title='bbox 357 1041 457 1112; x_wconf 91' lang='lat' dir='ltr'><strong>fuit</strong></span> <span class='ocrx_word' id='word_1_68' title='bbox 485 1043 543 1096; x_wconf 90' lang='lat' dir='ltr'><strong>in</strong></span> <span class='ocrx_word' id='word_1_69' title='bbox 578 1052 750 1098; x_wconf 81' lang='lat' dir='ltr'><strong>ventre</strong></span> <span class='ocrx_word' id='word_1_70' title='bbox 770 1044 868 1098; x_wconf 91' lang='lat' dir='ltr'><strong>ceti</strong></span> <span class='ocrx_word' id='word_1_71' title='bbox 892 1028 1075 1099; x_wconf 35' lang='lat' dir='ltr'><strong>tribus.</strong></span> <span class='ocrx_word' id='word_1_72' title='bbox 1098 1045 1278 1101; x_wconf 89' lang='lat' dir='ltr'><strong>diebus</strong></span> <span class='ocrx_word' id='word_1_73' title='bbox 1306 1056 1354 1100; x_wconf 91' lang='lat' dir='ltr'><strong>et</strong></span> <span class='ocrx_word' id='word_1_74' title='bbox 1395 1047 1560 1102; x_wconf 90' lang='lat' dir='ltr'><strong>tribus</strong></span> <span class='ocrx_word' id='word_1_75' title='bbox 1582 1047 1748 1102; x_wconf 89' lang='lat' dir='ltr'><strong>nocti-</strong></span> 
     </span>
    </p>
   </div>
   <div class='ocr_carea' id='block_1_11' title="bbox 163 1131 1749 1209">
    <p class='ocr_par' dir='ltr' id='par_1_11' title="bbox 163 1131 1749 1209">
     <span class='ocr_line' id='line_1_11' title="bbox 163 1131 1749 1209; baseline 0.004 -23"><span class='ocrx_word' id='word_1_76' title='bbox 163 1131 281 1186; x_wconf 83' lang='lat' dir='ltr'><strong>bus.</strong></span> <span class='ocrx_word' id='word_1_77' title='bbox 304 1131 434 1189; x_wconf 62' lang='lat' dir='ltr'><strong>Hec</strong></span> <span class='ocrx_word' id='word_1_78' title='bbox 468 1141 551 1188; x_wconf 84' lang='lat' dir='ltr'><strong>est</strong></span> <span class='ocrx_word' id='word_1_79' title='bbox 574 1131 632 1187; x_wconf 90' lang='lat' dir='ltr'><strong>in</strong></span> <span class='ocrx_word' id='word_1_80' title='bbox 655 1133 808 1205; x_wconf 85' lang='lat' dir='ltr'><strong>signo</strong></span> <span class='ocrx_word' id='word_1_81' title='bbox 837 1132 973 1206; x_wconf 82' lang='lat' dir='ltr'><strong>[Hoc</strong></span> <span class='ocrx_word' id='word_1_82' title='bbox 995 1142 1080 1190; x_wconf 89' lang='lat' dir='ltr'><strong>est</strong></span> <span class='ocrx_word' id='word_1_83' title='bbox 1100 1135 1333 1209; x_wconf 89' lang='lat' dir='ltr'><strong>signum]</strong></span> <span class='ocrx_word' id='word_1_84' title='bbox 1363 1137 1450 1192; x_wconf 90' lang='lat' dir='ltr'><strong>cui</strong></span> <span class='ocrx_word' id='word_1_85' title='bbox 1475 1137 1749 1194; x_wconf 80' lang='lat' dir='ltr'><strong>contradi-</strong></span> 
     </span>
    </p>
   </div>
   <div class='ocr_carea' id='block_1_12' title="bbox 164 1225 1746 1296">
    <p class='ocr_par' dir='ltr' id='par_1_12' title="bbox 164 1225 1746 1296">
     <span class='ocr_line' id='line_1_12' title="bbox 164 1225 1746 1296; baseline 0.004 -16"><span class='ocrx_word' id='word_1_86' title='bbox 164 1234 336 1280; x_wconf 89' lang='lat' dir='ltr'><strong>cetur.</strong></span> <span class='ocrx_word' id='word_1_87' title='bbox 370 1225 476 1281; x_wconf 89' lang='lat' dir='ltr'><strong>Ista</strong></span> <span class='ocrx_word' id='word_1_88' title='bbox 525 1225 732 1282; x_wconf 75' lang='lat' dir='ltr'><strong>faciunt</strong></span> <span class='ocrx_word' id='word_1_89' title='bbox 755 1227 1064 1282; x_wconf 81' lang='lat' dir='ltr'><strong>scandalum</strong></span> <span class='ocrx_word' id='word_1_90' title='bbox 1102 1227 1410 1296; x_wconf 87' lang='lat' dir='ltr'><strong>incredulis,</strong></span> <span class='ocrx_word' id='word_1_91' title='bbox 1434 1246 1543 1286; x_wconf 90' lang='lat' dir='ltr'><strong>non</strong></span> <span class='ocrx_word' id='word_1_92' title='bbox 1572 1229 1746 1286; x_wconf 89' lang='lat' dir='ltr'><strong>solum</strong></span> 
     </span>
    </p>
   </div>
   <div class='ocr_carea' id='block_1_13' title="bbox 162 1311 1744 1389">
    <p class='ocr_par' dir='ltr' id='par_1_13' title="bbox 162 1311 1744 1389">
     <span class='ocr_line' id='line_1_13' title="bbox 162 1311 1744 1389; baseline 0.006 -22"><span class='ocrx_word' id='word_1_93' title='bbox 162 1311 385 1380; x_wconf 66' lang='lat' dir='ltr'><strong>Iudaeis,</strong></span> <span class='ocrx_word' id='word_1_94' title='bbox 407 1313 502 1370; x_wconf 86' lang='lat' dir='ltr'><strong>sed</strong></span> <span class='ocrx_word' id='word_1_95' title='bbox 547 1322 602 1371; x_wconf 91' lang='lat' dir='ltr'><strong>et</strong></span> <span class='ocrx_word' id='word_1_96' title='bbox 643 1315 946 1372; x_wconf 65' lang='lat' dir='ltr'><strong>haereticis:</strong></span> <span class='ocrx_word' id='word_1_97' title='bbox 977 1317 1167 1372; x_wconf 91' lang='lat' dir='ltr'><strong>nolunt</strong></span> <span class='ocrx_word' id='word_1_98' title='bbox 1196 1319 1299 1374; x_wconf 88' lang='lat' dir='ltr'><strong>ista</strong></span> <span class='ocrx_word' id='word_1_99' title='bbox 1336 1319 1608 1389; x_wconf 89' lang='lat' dir='ltr'><strong>applicare</strong></span> <span class='ocrx_word' id='word_1_100' title='bbox 1635 1320 1744 1376; x_wconf 90' lang='lat' dir='ltr'><strong>Deo</strong></span> 
     </span>
    </p>
   </div>
   <div class='ocr_carea' id='block_1_14' title="bbox 163 1407 1744 1484">
    <p class='ocr_par' dir='ltr' id='par_1_14' title="bbox 163 1407 1744 1484">
     <span class='ocr_line' id='line_1_14' title="bbox 163 1407 1744 1484; baseline 0.003 -21"><span class='ocrx_word' id='word_1_101' title='bbox 163 1407 301 1463; x_wconf 82' lang='lat' dir='ltr'><strong>Filio</strong></span> <span class='ocrx_word' id='word_1_102' title='bbox 328 1408 445 1463; x_wconf 91' lang='lat' dir='ltr'><strong>Dei.</strong></span> <span class='ocrx_word' id='word_1_103' title='bbox 469 1407 538 1463; x_wconf 87' lang='lat' dir='ltr'><strong>Et</strong></span> <span class='ocrx_word' id='word_1_104' title='bbox 565 1409 792 1479; x_wconf 88' lang='lat' dir='ltr'><strong>proinde</strong></span> <span class='ocrx_word' id='word_1_105' title='bbox 821 1409 1005 1464; x_wconf 91' lang='lat' dir='ltr'><strong>dicunt</strong></span> <span class='ocrx_word' id='word_1_106' title='bbox 1031 1424 1046 1464; x_wconf 92' lang='lat'><strong>:</strong></span> <span class='ocrx_word' id='word_1_107' title='bbox 1086 1408 1258 1465; x_wconf 87' lang='lat' dir='ltr'><strong>Homo</strong></span> <span class='ocrx_word' id='word_1_108' title='bbox 1279 1410 1539 1480; x_wconf 74' lang='lat' dir='ltr'><strong>Christus,</strong></span> <span class='ocrx_word' id='word_1_109' title='bbox 1566 1413 1655 1484; x_wconf 87' lang='lat' dir='ltr'><strong>qui</strong></span> <span class='ocrx_word' id='word_1_110' title='bbox 1681 1412 1744 1468; x_wconf 86' lang='lat' dir='ltr'><strong>de</strong></span> 
     </span>
    </p>
   </div>
   <div class='ocr_carea' id='block_1_15' title="bbox 177 1499 1747 1571">
    <p class='ocr_par' dir='ltr' id='par_1_15' title="bbox 177 1499 1747 1571">
     <span class='ocr_line' id='line_1_15' title="bbox 177 1499 1747 1571; baseline 0.004 -18"><span class='ocrx_word' id='word_1_111' title='bbox 177 1499 388 1571; x_wconf 80' lang='lat' dir='ltr'><strong>Virgine</strong></span> <span class='ocrx_word' id='word_1_112' title='bbox 422 1511 576 1556; x_wconf 88' lang='lat' dir='ltr'><strong>natus</strong></span> <span class='ocrx_word' id='word_1_113' title='bbox 601 1511 718 1568; x_wconf 89' lang='lat' dir='ltr'><strong>est,</strong></span> <span class='ocrx_word' id='word_1_114' title='bbox 769 1502 924 1557; x_wconf 89' lang='lat' dir='ltr'><strong>Iesus</strong></span> <span class='ocrx_word' id='word_1_115' title='bbox 948 1500 1184 1559; x_wconf 76' lang='lat' dir='ltr'><strong>Christus</strong></span> <span class='ocrx_word' id='word_1_116' title='bbox 1206 1503 1285 1558; x_wconf 86' lang='lat' dir='ltr'><strong>illi</strong></span> <span class='ocrx_word' id='word_1_117' title='bbox 1323 1521 1509 1560; x_wconf 81' lang='lat' dir='ltr'><strong>nomen</strong></span> <span class='ocrx_word' id='word_1_118' title='bbox 1533 1514 1628 1559; x_wconf 91' lang='lat' dir='ltr'><strong>est.</strong></span> <span class='ocrx_word' id='word_1_119' title='bbox 1678 1505 1747 1560; x_wconf 88' lang='lat' dir='ltr'><strong>Et</strong></span> 
     </span>
    </p>
   </div>
   <div class='ocr_carea' id='block_1_16' title="bbox 164 1591 1744 1663">
    <p class='ocr_par' dir='ltr' id='par_1_16' title="bbox 164 1591 1744 1663">
     <span class='ocr_line' id='line_1_16' title="bbox 164 1591 1744 1663; baseline 0.004 -18"><span class='ocrx_word' id='word_1_120' title='bbox 164 1592 255 1660; x_wconf 90' lang='lat' dir='ltr'><strong>qui</strong></span> <span class='ocrx_word' id='word_1_121' title='bbox 282 1591 424 1647; x_wconf 90' lang='lat' dir='ltr'><strong>hunc</strong></span> <span class='ocrx_word' id='word_1_122' title='bbox 447 1600 610 1663; x_wconf 85' lang='lat' dir='ltr'><strong>negat</strong></span> <span class='ocrx_word' id='word_1_123' title='bbox 645 1591 844 1647; x_wconf 86' lang='lat' dir='ltr'><strong>Filium</strong></span> <span class='ocrx_word' id='word_1_124' title='bbox 874 1593 970 1648; x_wconf 92' lang='lat' dir='ltr'><strong>Dei</strong></span> <span class='ocrx_word' id='word_1_125' title='bbox 998 1608 1137 1662; x_wconf 88' lang='lat' dir='ltr'><strong>esse,</strong></span> <span class='ocrx_word' id='word_1_126' title='bbox 1163 1595 1458 1652; x_wconf 85' lang='lat' dir='ltr'><strong>secundum</strong></span> <span class='ocrx_word' id='word_1_127' title='bbox 1482 1594 1744 1652; x_wconf 87' lang='lat' dir='ltr'><strong>Joannem</strong></span> 
     </span>
    </p>
   </div>
   <div class='ocr_carea' id='block_1_17' title="bbox 162 1681 792 1753">
    <p class='ocr_par' dir='ltr' id='par_1_17' title="bbox 162 1681 792 1753">
     <span class='ocr_line' id='line_1_17' title="bbox 162 1681 792 1753; baseline 0.003 -15"><span class='ocrx_word' id='word_1_128' title='bbox 162 1683 280 1753; x_wconf 87' lang='lat' dir='ltr'><strong>ipse</strong></span> <span class='ocrx_word' id='word_1_129' title='bbox 306 1681 792 1740; x_wconf 83' lang='lat' dir='ltr'><strong>estAntichristus.</strong></span> 
     </span>
    </p>
   </div>
   <div class='ocr_carea' id='block_1_18' title="bbox 233 1793 1741 1875">
    <p class='ocr_par' dir='ltr' id='par_1_18' title="bbox 233 1793 1741 1875">
     <span class='ocr_line' id='line_1_18' title="bbox 233 1793 1741 1875; baseline 0.01 -27"><span class='ocrx_word' id='word_1_130' title='bbox 233 1793 453 1851; x_wconf 77' lang='lat' dir='ltr'><strong>XXXV.</strong></span> <span class='ocrx_word' id='word_1_131' title='bbox 492 1795 608 1852; x_wconf 83' lang='lat' dir='ltr'><strong>Hoc</strong></span> <span class='ocrx_word' id='word_1_132' title='bbox 631 1804 804 1853; x_wconf 90' lang='lat' dir='ltr'><strong>totum</strong></span> <span class='ocrx_word' id='word_1_133' title='bbox 831 1813 1000 1869; x_wconf 89' lang='lat' dir='ltr'><strong>quare</strong></span> <span class='ocrx_word' id='word_1_134' title='bbox 1036 1800 1305 1858; x_wconf 83' lang='lat' dir='ltr'><strong>diximus?</strong></span> <span class='ocrx_word' id='word_1_135' title='bbox 1337 1802 1472 1871; x_wconf 85' lang='lat' dir='ltr'><strong>Quia</strong></span> <span class='ocrx_word' id='word_1_136' title='bbox 1487 1804 1741 1875; x_wconf 85' lang='lat' dir='ltr'><strong>Joannes,</strong></span> 
     </span>
    </p>
   </div>
   <div class='ocr_carea' id='block_1_19' title="bbox 163 1885 1742 1962">
    <p class='ocr_par' dir='ltr' id='par_1_19' title="bbox 163 1885 1742 1962">
     <span class='ocr_line' id='line_1_19' title="bbox 163 1885 1742 1962; baseline 0.008 -23"><span class='ocrx_word' id='word_1_137' title='bbox 163 1885 254 1954; x_wconf 90' lang='lat' dir='ltr'><strong>qui</strong></span> <span class='ocrx_word' id='word_1_138' title='bbox 295 1885 455 1940; x_wconf 82' lang='lat' dir='ltr'><strong>istam</strong></span> <span class='ocrx_word' id='word_1_139' title='bbox 479 1885 782 1943; x_wconf 86' lang='lat' dir='ltr'><strong>doctrinam</strong></span> <span class='ocrx_word' id='word_1_140' title='bbox 815 1889 970 1944; x_wconf 90' lang='lat' dir='ltr'><strong>nobis</strong></span> <span class='ocrx_word' id='word_1_141' title='bbox 1021 1891 1185 1957; x_wconf 89' lang='lat' dir='ltr'><strong>dedit,</strong></span> <span class='ocrx_word' id='word_1_142' title='bbox 1218 1894 1332 1962; x_wconf 89' lang='lat' dir='ltr'><strong>ipse</strong></span> <span class='ocrx_word' id='word_1_143' title='bbox 1385 1895 1542 1951; x_wconf 89' lang='lat' dir='ltr'><strong>nobis</strong></span> <span class='ocrx_word' id='word_1_144' title='bbox 1573 1897 1742 1952; x_wconf 84' lang='lat' dir='ltr'><strong>dixit:</strong></span> 
     </span>
    </p>
   </div>
   <div class='ocr_carea' id='block_1_20' title="bbox 162 1975 1745 2054">
    <p class='ocr_par' dir='ltr' id='par_1_20' title="bbox 162 1975 1745 2054">
     <span class='ocr_line' id='line_1_20' title="bbox 162 1975 1745 2054; baseline 0.008 -24"><span class='ocrx_word' id='word_1_145' title='bbox 162 1975 288 2047; x_wconf 85' lang='lat' dir='ltr'><strong>Ipse</strong></span> <span class='ocrx_word' id='word_1_146' title='bbox 314 1977 434 2032; x_wconf 83' lang='lat' dir='ltr'><strong>vicit</strong></span> <span class='ocrx_word' id='word_1_147' title='bbox 458 1977 732 2045; x_wconf 83' lang='lat' dir='ltr'><strong>mundum,</strong></span> <span class='ocrx_word' id='word_1_148' title='bbox 763 1980 854 2050; x_wconf 90' lang='lat' dir='ltr'><strong>qui</strong></span> <span class='ocrx_word' id='word_1_149' title='bbox 887 1980 1048 2036; x_wconf 88' lang='lat' dir='ltr'><strong>credit</strong></span> <span class='ocrx_word' id='word_1_150' title='bbox 1091 1984 1216 2054; x_wconf 85' lang='lat' dir='ltr'><strong>quia</strong></span> <span class='ocrx_word' id='word_1_151' title='bbox 1266 1984 1420 2039; x_wconf 88' lang='lat' dir='ltr'><strong>Iesus</strong></span> <span class='ocrx_word' id='word_1_152' title='bbox 1465 1996 1539 2041; x_wconf 86' lang='lat' dir='ltr'><strong>est</strong></span> <span class='ocrx_word' id='word_1_153' title='bbox 1570 1985 1745 2044; x_wconf 83' lang='lat' dir='ltr'><strong>Filius</strong></span> 
     </span>
    </p>
   </div>
   <div class='ocr_carea' id='block_1_21' title="bbox 161 2065 1746 2152">
    <p class='ocr_par' dir='ltr' id='par_1_21' title="bbox 161 2065 1746 2152">
     <span class='ocr_line' id='line_1_21' title="bbox 161 2065 1746 2152; baseline 0.01 -31"><span class='ocrx_word' id='word_1_154' title='bbox 161 2065 284 2122; x_wconf 93' lang='lat' dir='ltr'><strong>Dei.</strong></span> <span class='ocrx_word' id='word_1_155' title='bbox 313 2067 473 2138; x_wconf 88' lang='lat' dir='ltr'><strong>lpsud</strong></span> <span class='ocrx_word' id='word_1_156' title='bbox 509 2085 704 2126; x_wconf 88' lang='lat' dir='ltr'><strong>nomen</strong></span> <span class='ocrx_word' id='word_1_157' title='bbox 757 2070 920 2127; x_wconf 90' lang='lat' dir='ltr'><strong>habet</strong></span> <span class='ocrx_word' id='word_1_158' title='bbox 967 2075 1244 2144; x_wconf 88' lang='lat' dir='ltr'><strong>proprium</strong></span> <span class='ocrx_word' id='word_1_159' title='bbox 1279 2075 1470 2133; x_wconf 90' lang='lat' dir='ltr'><strong>Iesus:</strong></span> <span class='ocrx_word' id='word_1_160' title='bbox 1499 2087 1555 2134; x_wconf 88' lang='lat' dir='ltr'><strong>et</strong></span> <span class='ocrx_word' id='word_1_161' title='bbox 1592 2081 1746 2152; x_wconf 90' lang='lat' dir='ltr'><strong>ipsud</strong></span> 
     </span>
    </p>
   </div>
   <div class='ocr_carea' id='block_1_22' title="bbox 159 2165 1742 2247">
    <p class='ocr_par' dir='ltr' id='par_1_22' title="bbox 159 2165 1742 2247">
     <span class='ocr_line' id='line_1_22' title="bbox 159 2165 1742 2247; baseline 0.011 -31"><span class='ocrx_word' id='word_1_162' title='bbox 159 2173 422 2233; x_wconf 82' lang='lat' dir='ltr'><strong>personat</strong></span> <span class='ocrx_word' id='word_1_163' title='bbox 440 2165 811 2237; x_wconf 84' lang='lat' dir='ltr'><strong>Evangelium,</strong></span> <span class='ocrx_word' id='word_1_164' title='bbox 827 2167 966 2224; x_wconf 89' lang='lat' dir='ltr'><strong>sicut</strong></span> <span class='ocrx_word' id='word_1_165' title='bbox 985 2171 1063 2224; x_wconf 88' lang='lat' dir='ltr'><strong>ait</strong></span> <span class='ocrx_word' id='word_1_166' title='bbox 1086 2189 1099 2224; x_wconf 87' lang='lat'><strong>:</strong></span> <span class='ocrx_word' id='word_1_167' title='bbox 1127 2171 1334 2244; x_wconf 82' lang='lat' dir='ltr'><strong>Accepit</strong></span> <span class='ocrx_word' id='word_1_168' title='bbox 1349 2174 1504 2231; x_wconf 87' lang='lat' dir='ltr'><strong>Iesus</strong></span> <span class='ocrx_word' id='word_1_169' title='bbox 1534 2194 1742 2247; x_wconf 89' lang='lat' dir='ltr'><strong>panem,</strong></span> 
     </span>
    </p>
   </div>
   <div class='ocr_carea' id='block_1_23' title="bbox 159 2258 1747 2335">
    <p class='ocr_par' dir='ltr' id='par_1_23' title="bbox 159 2258 1747 2335">
     <span class='ocr_line' id='line_1_23' title="bbox 159 2258 1747 2335; baseline 0.008 -24"><span class='ocrx_word' id='word_1_170' title='bbox 159 2267 210 2311; x_wconf 92' lang='lat' dir='ltr'><strong>et</strong></span> <span class='ocrx_word' id='word_1_171' title='bbox 242 2258 526 2323; x_wconf 66' lang='lat' dir='ltr'><strong>benedixit,</strong></span> <span class='ocrx_word' id='word_1_172' title='bbox 558 2259 728 2331; x_wconf 90' lang='lat' dir='ltr'><strong>fregit,</strong></span> <span class='ocrx_word' id='word_1_173' title='bbox 753 2269 802 2316; x_wconf 91' lang='lat' dir='ltr'><strong>et</strong></span> <span class='ocrx_word' id='word_1_174' title='bbox 847 2262 989 2316; x_wconf 83' lang='lat' dir='ltr'><strong>dedit</strong></span> <span class='ocrx_word' id='word_1_175' title='bbox 1029 2263 1297 2335; x_wconf 82' lang='lat' dir='ltr'><strong>discipulis</strong></span> <span class='ocrx_word' id='word_1_176' title='bbox 1341 2269 1449 2322; x_wconf 86' lang='lat' dir='ltr'><strong>suis</strong></span> <span class='ocrx_word' id='word_1_177' title='bbox 1473 2309 1487 2334; x_wconf 93' lang='lat'><strong>,</strong></span> <span class='ocrx_word' id='word_1_178' title='bbox 1527 2277 1632 2325; x_wconf 89' lang='lat' dir='ltr'><strong>etc.</strong></span> <span class='ocrx_word' id='word_1_179' title='bbox 1680 2270 1747 2324; x_wconf 86' lang='lat' dir='ltr'><strong>Et</strong></span> 
     </span>
    </p>
   </div>
   <div class='ocr_carea' id='block_1_24' title="bbox 161 2352 1748 2433">
    <p class='ocr_par' dir='ltr' id='par_1_24' title="bbox 161 2352 1748 2433">
     <span class='ocr_line' id='line_1_24' title="bbox 161 2352 1748 2433; baseline 0.009 -29"><span class='ocrx_word' id='word_1_180' title='bbox 161 2365 300 2404; x_wconf 83' lang='lat' dir='ltr'><strong>cum</strong></span> <span class='ocrx_word' id='word_1_181' title='bbox 333 2352 848 2421; x_wconf 88' lang='lat' dir='ltr'><strong>comprehenderunt</strong></span> <span class='ocrx_word' id='word_1_182' title='bbox 878 2371 1001 2410; x_wconf 92' lang='lat' dir='ltr'><strong>eum</strong></span> <span class='ocrx_word' id='word_1_183' title='bbox 1053 2355 1243 2423; x_wconf 70' lang='lat' dir='ltr'><strong>Iudaei,</strong></span> <span class='ocrx_word' id='word_1_184' title='bbox 1276 2359 1627 2433; x_wconf 78' lang='lat' dir='ltr'><strong>interrogavit</strong></span> <span class='ocrx_word' id='word_1_185' title='bbox 1653 2377 1748 2420; x_wconf 90' lang='lat' dir='ltr'><strong>eos</strong></span> 
     </span>
    </p>
   </div>
   <div class='ocr_carea' id='block_1_25' title="bbox 160 2443 1743 2518">
    <p class='ocr_par' dir='ltr' id='par_1_25' title="bbox 160 2443 1743 2518">
     <span class='ocr_line' id='line_1_25' title="bbox 160 2443 1743 2518; baseline 0.008 -22"><span class='ocrx_word' id='word_1_186' title='bbox 160 2457 331 2511; x_wconf 82' lang='lat' dir='ltr'><strong>quem</strong></span> <span class='ocrx_word' id='word_1_187' title='bbox 359 2453 676 2513; x_wconf 61' lang='lat' dir='ltr'><strong>quaererent.</strong></span> <span class='ocrx_word' id='word_1_188' title='bbox 727 2443 1153 2518; x_wconf 84' lang='lat' dir='ltr'><strong>Responderunt:</strong></span> <span class='ocrx_word' id='word_1_189' title='bbox 1179 2452 1357 2506; x_wconf 90' lang='lat' dir='ltr'><strong>Iesum</strong></span> <span class='ocrx_word' id='word_1_190' title='bbox 1384 2452 1743 2509; x_wconf 74' lang='lat' dir='ltr'><strong>Nazarenam.</strong></span> 
     </span>
    </p>
   </div>
   <div class='ocr_carea' id='block_1_26' title="bbox 143 2533 1739 2612">
    <p class='ocr_par' dir='ltr' id='par_1_26' title="bbox 143 2533 1739 2612">
     <span class='ocr_line' id='line_1_26' title="bbox 143 2533 1739 2612; baseline 0.007 -20"><span class='ocrx_word' id='word_1_191' title='bbox 143 2533 306 2592; x_wconf 83' lang='lat' dir='ltr'><strong>.Tum</strong></span> <span class='ocrx_word' id='word_1_192' title='bbox 331 2536 465 2592; x_wconf 73' lang='lat' dir='ltr'><strong>dixit</strong></span> <span class='ocrx_word' id='word_1_193' title='bbox 493 2539 568 2593; x_wconf 91' lang='lat' dir='ltr'><strong>eis</strong></span> <span class='ocrx_word' id='word_1_194' title='bbox 599 2539 796 2595; x_wconf 86' lang='lat' dir='ltr'><strong>Iesus:</strong></span> <span class='ocrx_word' id='word_1_195' title='bbox 826 2540 941 2612; x_wconf 87' lang='lat' dir='ltr'><strong>Ego</strong></span> <span class='ocrx_word' id='word_1_196' title='bbox 965 2559 1101 2597; x_wconf 88' lang='lat' dir='ltr'><strong>sum.</strong></span> <span class='ocrx_word' id='word_1_197' title='bbox 1125 2543 1194 2599; x_wconf 88' lang='lat' dir='ltr'><strong>Et</strong></span> <span class='ocrx_word' id='word_1_198' title='bbox 1226 2560 1364 2602; x_wconf 89' lang='lat' dir='ltr'><strong>unus</strong></span> <span class='ocrx_word' id='word_1_199' title='bbox 1390 2547 1457 2602; x_wconf 88' lang='lat' dir='ltr'><strong>de</strong></span> <span class='ocrx_word' id='word_1_200' title='bbox 1479 2547 1739 2604; x_wconf 84' lang='lat' dir='ltr'><strong>illudenti-</strong></span> 
     </span>
    </p>
   </div>
   <div class='ocr_carea' id='block_1_27' title="bbox 163 2627 1750 2707">
    <p class='ocr_par' dir='ltr' id='par_1_27' title="bbox 163 2627 1750 2707">
     <span class='ocr_line' id='line_1_27' title="bbox 163 2627 1750 2707; baseline 0.009 -25"><span class='ocrx_word' id='word_1_201' title='bbox 163 2629 269 2683; x_wconf 85' lang='lat' dir='ltr'><strong>bus</strong></span> <span class='ocrx_word' id='word_1_202' title='bbox 296 2627 438 2682; x_wconf 86' lang='lat' dir='ltr'><strong>dedit</strong></span> <span class='ocrx_word' id='word_1_203' title='bbox 480 2628 690 2701; x_wconf 83' lang='lat' dir='ltr'><strong>alapam</strong></span> <span class='ocrx_word' id='word_1_204' title='bbox 727 2630 877 2686; x_wconf 82' lang='lat' dir='ltr'><strong>Iesu.</strong></span> <span class='ocrx_word' id='word_1_205' title='bbox 923 2631 995 2686; x_wconf 85' lang='lat' dir='ltr'><strong>Et</strong></span> <span class='ocrx_word' id='word_1_206' title='bbox 1047 2634 1383 2707; x_wconf 84' lang='lat' dir='ltr'><strong>interrogavit</strong></span> <span class='ocrx_word' id='word_1_207' title='bbox 1423 2636 1631 2694; x_wconf 87' lang='lat' dir='ltr'><strong>Pilatus</strong></span> <span class='ocrx_word' id='word_1_208' title='bbox 1659 2639 1750 2695; x_wconf 84' lang='lat' dir='ltr'><strong>Ie-</strong></span> 
     </span>
    </p>
   </div>
   <div class='ocr_carea' id='block_1_28' title="bbox 162 2718 1751 2802">
    <p class='ocr_par' dir='ltr' id='par_1_28' title="bbox 162 2718 1751 2802">
     <span class='ocr_line' id='line_1_28' title="bbox 162 2718 1751 2802; baseline 0.009 -29"><span class='ocrx_word' id='word_1_209' title='bbox 162 2734 305 2774; x_wconf 82' lang='lat' dir='ltr'><strong>sum.</strong></span> <span class='ocrx_word' id='word_1_210' title='bbox 328 2719 396 2774; x_wconf 83' lang='lat' dir='ltr'><strong>Et</strong></span> <span class='ocrx_word' id='word_1_211' title='bbox 425 2718 718 2777; x_wconf 85' lang='lat' dir='ltr'><strong>Barrabam</strong></span> <span class='ocrx_word' id='word_1_212' title='bbox 743 2722 978 2778; x_wconf 89' lang='lat' dir='ltr'><strong>dimisit:</strong></span> <span class='ocrx_word' id='word_1_213' title='bbox 1009 2722 1190 2781; x_wconf 86' lang='lat' dir='ltr'><strong>Iesum</strong></span> <span class='ocrx_word' id='word_1_214' title='bbox 1238 2742 1367 2784; x_wconf 90' lang='lat' dir='ltr'><strong>vero</strong></span> <span class='ocrx_word' id='word_1_215' title='bbox 1404 2726 1626 2802; x_wconf 83' lang='lat' dir='ltr'><strong>ﬂagellis</strong></span> <span class='ocrx_word' id='word_1_216' title='bbox 1649 2747 1751 2788; x_wconf 72' lang='lat' dir='ltr'><strong>cae-</strong></span> 
     </span>
    </p>
   </div>
   <div class='ocr_carea' id='block_1_29' title="bbox 165 2808 1750 2884">
    <p class='ocr_par' dir='ltr' id='par_1_29' title="bbox 165 2808 1750 2884">
     <span class='ocr_line' id='line_1_29' title="bbox 165 2808 1750 2884; baseline 0.008 -21"><span class='ocrx_word' id='word_1_217' title='bbox 165 2823 289 2864; x_wconf 86' lang='lat' dir='ltr'><strong>sum</strong></span> <span class='ocrx_word' id='word_1_218' title='bbox 317 2808 538 2867; x_wconf 87' lang='lat' dir='ltr'><strong>tradidit</strong></span> <span class='ocrx_word' id='word_1_219' title='bbox 569 2811 670 2877; x_wconf 90' lang='lat' dir='ltr'><strong>eis,</strong></span> <span class='ocrx_word' id='word_1_220' title='bbox 690 2819 750 2867; x_wconf 90' lang='lat' dir='ltr'><strong>ut</strong></span> <span class='ocrx_word' id='word_1_221' title='bbox 779 2813 1158 2884; x_wconf 85' lang='lat' dir='ltr'><strong>cmcitlgerent</strong></span> <span class='ocrx_word' id='word_1_222' title='bbox 1177 2831 1320 2872; x_wconf 92' lang='lat' dir='ltr'><strong>eum.</strong></span> <span class='ocrx_word' id='word_1_223' title='bbox 1347 2818 1416 2872; x_wconf 81' lang='lat' dir='ltr'><strong>Et</strong></span> <span class='ocrx_word' id='word_1_224' title='bbox 1430 2819 1671 2876; x_wconf 88' lang='lat' dir='ltr'><strong>clamavit</strong></span> <span class='ocrx_word' id='word_1_225' title='bbox 1693 2824 1750 2876; x_wconf 86' lang='lat' dir='ltr'><strong>in</strong></span> 
     </span>
    </p>
   </div>
   <div class='ocr_carea' id='block_1_30' title="bbox 165 2904 1751 2976">
    <p class='ocr_par' dir='ltr' id='par_1_30' title="bbox 165 2904 1751 2976">
     <span class='ocr_line' id='line_1_30' title="bbox 165 2904 1751 2976; baseline 0.009 -21"><span class='ocrx_word' id='word_1_226' title='bbox 165 2917 325 2956; x_wconf 81' lang='lat' dir='ltr'><strong>cruce</strong></span> <span class='ocrx_word' id='word_1_227' title='bbox 352 2919 470 2958; x_wconf 80' lang='lat' dir='ltr'><strong>voce</strong></span> <span class='ocrx_word' id='word_1_228' title='bbox 488 2919 682 2976; x_wconf 85' lang='lat' dir='ltr'><strong>magna</strong></span> <span class='ocrx_word' id='word_1_229' title='bbox 701 2904 878 2960; x_wconf 88' lang='lat' dir='ltr'><strong>Iesus.</strong></span> <span class='ocrx_word' id='word_1_230' title='bbox 906 2906 974 2961; x_wconf 88' lang='lat' dir='ltr'><strong>Et</strong></span> <span class='ocrx_word' id='word_1_231' title='bbox 995 2917 1242 2966; x_wconf 90' lang='lat' dir='ltr'><strong>mortuus</strong></span> <span class='ocrx_word' id='word_1_232' title='bbox 1263 2920 1346 2966; x_wconf 89' lang='lat' dir='ltr'><strong>est</strong></span> <span class='ocrx_word' id='word_1_233' title='bbox 1369 2910 1544 2969; x_wconf 90' lang='lat' dir='ltr'><strong>Iesus.</strong></span> <span class='ocrx_word' id='word_1_234' title='bbox 1569 2912 1638 2968; x_wconf 89' lang='lat' dir='ltr'><strong>Et</strong></span> <span class='ocrx_word' id='word_1_235' title='bbox 1660 2913 1751 2969; x_wconf 85' lang='lat' dir='ltr'><strong>Ie-</strong></span> 
     </span>
    </p>
   </div>
   <div class='ocr_carea' id='block_1_31' title="bbox 162 2998 1748 3068">
    <p class='ocr_par' dir='ltr' id='par_1_31' title="bbox 162 2998 1748 3068">
     <span class='ocr_line' id='line_1_31' title="bbox 162 2998 1748 3068; baseline 0.008 -20"><span class='ocrx_word' id='word_1_236' title='bbox 162 3010 256 3049; x_wconf 90' lang='lat' dir='ltr'><strong>sus</strong></span> <span class='ocrx_word' id='word_1_237' title='bbox 283 3012 434 3067; x_wconf 86' lang='lat' dir='ltr'><strong>quem</strong></span> <span class='ocrx_word' id='word_1_238' title='bbox 456 2998 694 3068; x_wconf 64' lang='lat' dir='ltr'><strong>queritis</strong></span> <span class='ocrx_word' id='word_1_239' title='bbox 720 2998 1052 3066; x_wconf 79' lang='lat' dir='ltr'><strong>Nazarenus,</strong></span> <span class='ocrx_word' id='word_1_240' title='bbox 1080 3005 1306 3058; x_wconf 73' lang='lat' dir='ltr'><strong>surrexit</strong></span> <span class='ocrx_word' id='word_1_241' title='bbox 1340 3021 1374 3058; x_wconf 85' lang='lat' dir='ltr'><strong>a</strong></span> <span class='ocrx_word' id='word_1_242' title='bbox 1406 3005 1646 3060; x_wconf 85' lang='lat' dir='ltr'><strong>mortuis.</strong></span> <span class='ocrx_word' id='word_1_243' title='bbox 1678 3005 1748 3060; x_wconf 82' lang='lat' dir='ltr'><strong>Et</strong></span> 
     </span>
    </p>
   </div>
   <div class='ocr_carea' id='block_1_32' title="bbox 163 3087 1749 3167">
    <p class='ocr_par' dir='ltr' id='par_1_32' title="bbox 163 3087 1749 3167">
     <span class='ocr_line' id='line_1_32' title="bbox 163 3087 1749 3167; baseline 0.005 -25"><span class='ocrx_word' id='word_1_244' title='bbox 163 3089 306 3142; x_wconf 78' lang='lat' dir='ltr'><strong>venit</strong></span> <span class='ocrx_word' id='word_1_245' title='bbox 324 3087 480 3145; x_wconf 87' lang='lat' dir='ltr'><strong>Iesus</strong></span> <span class='ocrx_word' id='word_1_246' title='bbox 509 3090 696 3160; x_wconf 83' lang='lat' dir='ltr'><strong>januis</strong></span> <span class='ocrx_word' id='word_1_247' title='bbox 715 3090 931 3157; x_wconf 84' lang='lat' dir='ltr'><strong>clausis,</strong></span> <span class='ocrx_word' id='word_1_248' title='bbox 951 3101 998 3147; x_wconf 89' lang='lat' dir='ltr'><strong>et</strong></span> <span class='ocrx_word' id='word_1_249' title='bbox 1020 3095 1160 3148; x_wconf 89' lang='lat' dir='ltr'><strong>stetit</strong></span> <span class='ocrx_word' id='word_1_250' title='bbox 1183 3095 1238 3149; x_wconf 91' lang='lat' dir='ltr'><strong>in</strong></span> <span class='ocrx_word' id='word_1_251' title='bbox 1267 3095 1438 3150; x_wconf 90' lang='lat' dir='ltr'><strong>medio</strong></span> <span class='ocrx_word' id='word_1_252' title='bbox 1461 3095 1749 3167; x_wconf 88' lang='lat' dir='ltr'><strong>discipulo-</strong></span> 
     </span>
    </p>
   </div>
   <div class='ocr_carea' id='block_1_33' title="bbox 1848 605 3419 676">
    <p class='ocr_par' dir='ltr' id='par_1_33' title="bbox 1848 605 3419 676">
     <span class='ocr_line' id='line_1_33' title="bbox 1848 605 3419 676; baseline 0.01 -25"><span class='ocrx_word' id='word_1_253' title='bbox 1848 613 1949 652; x_wconf 87' lang='lat' dir='ltr'><strong>nus</strong></span> <span class='ocrx_word' id='word_1_254' title='bbox 1976 614 2165 654; x_wconf 88' lang='lat' dir='ltr'><strong>novum</strong></span> <span class='ocrx_word' id='word_1_255' title='bbox 2199 617 2355 672; x_wconf 90' lang='lat' dir='ltr'><strong>super</strong></span> <span class='ocrx_word' id='word_1_256' title='bbox 2373 611 2566 658; x_wconf 86' lang='lat' dir='ltr'><strong>terram</strong></span> <span class='ocrx_word' id='word_1_257' title='bbox 2590 621 2611 660; x_wconf 91' lang='lat'><strong>:</strong></span> <span class='ocrx_word' id='word_1_258' title='bbox 2643 605 2838 676; x_wconf 86' lang='lat' dir='ltr'><strong>femina</strong></span> <span class='ocrx_word' id='word_1_259' title='bbox 2863 608 3205 665; x_wconf 82' lang='lat' dir='ltr'><strong>circumdabit</strong></span> <span class='ocrx_word' id='word_1_260' title='bbox 3229 611 3419 667; x_wconf 88' lang='lat' dir='ltr'><strong>virum.</strong></span> 
     </span>
    </p>
   </div>
   <div class='ocr_carea' id='block_1_34' title="bbox 1915 708 3423 788">
    <p class='ocr_par' dir='ltr' id='par_1_34' title="bbox 1915 708 3423 788">
     <span class='ocr_line' id='line_1_34' title="bbox 1915 708 3423 788; baseline 0.011 -25"><span class='ocrx_word' id='word_1_261' title='bbox 1915 708 2176 766; x_wconf 80' lang='lat' dir='ltr'><strong>XXXVII.</strong></span> <span class='ocrx_word' id='word_1_262' title='bbox 2210 711 2476 770; x_wconf 83' lang='lat' dir='ltr'><strong>Caeterum</strong></span> <span class='ocrx_word' id='word_1_263' title='bbox 2498 716 2730 787; x_wconf 88' lang='lat' dir='ltr'><strong>qualiter</strong></span> <span class='ocrx_word' id='word_1_264' title='bbox 2755 719 2938 776; x_wconf 84' lang='lat' dir='ltr'><strong>vivere</strong></span> <span class='ocrx_word' id='word_1_265' title='bbox 2963 721 3270 788; x_wconf 86' lang='lat' dir='ltr'><strong>debeamus,</strong></span> <span class='ocrx_word' id='word_1_266' title='bbox 3309 721 3423 778; x_wconf 82' lang='lat' dir='ltr'><strong>suf-</strong></span> 
     </span>
    </p>
   </div>
   <div class='ocr_carea' id='block_1_35' title="bbox 1845 799 3425 880">
    <p class='ocr_par' dir='ltr' id='par_1_35' title="bbox 1845 799 3425 880">
     <span class='ocr_line' id='line_1_35' title="bbox 1845 799 3425 880; baseline 0.011 -26"><span class='ocrx_word' id='word_1_267' title='bbox 1845 799 1958 856; x_wconf 84' lang='lat' dir='ltr'><strong>ﬁcit</strong></span> <span class='ocrx_word' id='word_1_268' title='bbox 1993 802 2147 859; x_wconf 91' lang='lat' dir='ltr'><strong>nobis</strong></span> <span class='ocrx_word' id='word_1_269' title='bbox 2176 803 2307 860; x_wconf 90' lang='lat' dir='ltr'><strong>illud</strong></span> <span class='ocrx_word' id='word_1_270' title='bbox 2352 806 2573 878; x_wconf 88' lang='lat' dir='ltr'><strong>vulgare</strong></span> <span class='ocrx_word' id='word_1_271' title='bbox 2609 812 2994 880; x_wconf 87' lang='lat' dir='ltr'><strong>proverbium:</strong></span> <span class='ocrx_word' id='word_1_272' title='bbox 3025 813 3179 880; x_wconf 91' lang='lat' dir='ltr'><strong>Quod</strong></span> <span class='ocrx_word' id='word_1_273' title='bbox 3200 815 3292 870; x_wconf 91' lang='lat' dir='ltr'><strong>tibi</strong></span> <span class='ocrx_word' id='word_1_274' title='bbox 3319 832 3425 871; x_wconf 88' lang='lat' dir='ltr'><strong>non</strong></span> 
     </span>
    </p>
   </div>
   <div class='ocr_carea' id='block_1_36' title="bbox 1843 892 3423 976">
    <p class='ocr_par' dir='ltr' id='par_1_36' title="bbox 1843 892 3423 976">
     <span class='ocr_line' id='line_1_36' title="bbox 1843 892 3423 976; baseline 0.011 -30"><span class='ocrx_word' id='word_1_275' title='bbox 1843 893 1939 958; x_wconf 89' lang='lat' dir='ltr'><strong>vis,</strong></span> <span class='ocrx_word' id='word_1_276' title='bbox 1965 892 2118 948; x_wconf 88' lang='lat' dir='ltr'><strong>alteri</strong></span> <span class='ocrx_word' id='word_1_277' title='bbox 2143 911 2207 950; x_wconf 89' lang='lat' dir='ltr'><strong>ne</strong></span> <span class='ocrx_word' id='word_1_278' title='bbox 2233 895 2417 966; x_wconf 81' lang='lat' dir='ltr'><strong>feceris</strong></span> <span class='ocrx_word' id='word_1_279' title='bbox 2441 916 2461 954; x_wconf 91' lang='lat'><strong>:</strong></span> <span class='ocrx_word' id='word_1_280' title='bbox 2492 909 2539 954; x_wconf 87' lang='lat' dir='ltr'><strong>et</strong></span> <span class='ocrx_word' id='word_1_281' title='bbox 2565 901 2774 957; x_wconf 86' lang='lat' dir='ltr'><strong>habebis</strong></span> <span class='ocrx_word' id='word_1_282' title='bbox 2803 905 2964 958; x_wconf 88' lang='lat' dir='ltr'><strong>vitam</strong></span> <span class='ocrx_word' id='word_1_283' title='bbox 2982 914 3233 961; x_wconf 72' lang='lat' dir='ltr'><strong>wternam</strong></span> <span class='ocrx_word' id='word_1_284' title='bbox 3268 905 3423 976; x_wconf 87' lang='lat' dir='ltr'><strong>(Tob.</strong></span> 
     </span>
    </p>
   </div>
   <div class='ocr_carea' id='block_1_37' title="bbox 1845 983 3423 1068">
    <p class='ocr_par' dir='ltr' id='par_1_37' title="bbox 1845 983 3423 1068">
     <span class='ocr_line' id='line_1_37' title="bbox 1845 983 3423 1068; baseline 0.01 -30"><span class='ocrx_word' id='word_1_285' title='bbox 1845 999 1920 1051; x_wconf 81' lang='lat' dir='ltr'><strong>Iv,</strong></span> <span class='ocrx_word' id='word_1_286' title='bbox 1953 983 2062 1056; x_wconf 82' lang='grc'><strong>16).</strong></span> <span class='ocrx_word' id='word_1_287' title='bbox 2097 985 2325 1057; x_wconf 83' lang='lat' dir='ltr'><strong>Vulgare</strong></span> <span class='ocrx_word' id='word_1_288' title='bbox 2352 997 2454 1056; x_wconf 89' lang='lat' dir='ltr'><strong>est,</strong></span> <span class='ocrx_word' id='word_1_289' title='bbox 2495 991 2621 1062; x_wconf 90' lang='lat' dir='ltr'><strong>quia</strong></span> <span class='ocrx_word' id='word_1_290' title='bbox 2650 993 2754 1048; x_wconf 88' lang='lat' dir='ltr'><strong>hoc</strong></span> <span class='ocrx_word' id='word_1_291' title='bbox 2784 994 2976 1066; x_wconf 90' lang='lat' dir='ltr'><strong>vulgus</strong></span> <span class='ocrx_word' id='word_1_292' title='bbox 3016 997 3194 1053; x_wconf 86' lang='lat' dir='ltr'><strong>dicere</strong></span> <span class='ocrx_word' id='word_1_293' title='bbox 3222 1005 3423 1068; x_wconf 87' lang='lat' dir='ltr'><strong>potest.</strong></span> 
     </span>
    </p>
   </div>
   <div class='ocr_carea' id='block_1_38' title="bbox 1844 1071 3422 1160">
    <p class='ocr_par' dir='ltr' id='par_1_38' title="bbox 1844 1071 3422 1160">
     <span class='ocr_line' id='line_1_38' title="bbox 1844 1071 3422 1160; baseline 0.01 -31"><span class='ocrx_word' id='word_1_294' title='bbox 1844 1071 2108 1130; x_wconf 77' lang='lat' dir='ltr'><strong>Czeterum</strong></span> <span class='ocrx_word' id='word_1_295' title='bbox 2153 1077 2411 1135; x_wconf 87' lang='lat' dir='ltr'><strong>Dominus</strong></span> <span class='ocrx_word' id='word_1_296' title='bbox 2451 1079 2506 1135; x_wconf 92' lang='lat' dir='ltr'><strong>in</strong></span> <span class='ocrx_word' id='word_1_297' title='bbox 2542 1081 2837 1155; x_wconf 89' lang='lat' dir='ltr'><strong>Evangelio</strong></span> <span class='ocrx_word' id='word_1_298' title='bbox 2890 1085 3006 1141; x_wconf 89' lang='lat' dir='ltr'><strong>ait:</strong></span> <span class='ocrx_word' id='word_1_299' title='bbox 3037 1084 3232 1142; x_wconf 86' lang='lat' dir='ltr'><strong>Omnia</strong></span> <span class='ocrx_word' id='word_1_300' title='bbox 3273 1105 3422 1160; x_wconf 69' lang='lat' dir='ltr'><strong>qutu-</strong></span> 
     </span>
    </p>
   </div>
   <div class='ocr_carea' id='block_1_39' title="bbox 1845 1158 3429 1242">
    <p class='ocr_par' dir='ltr' id='par_1_39' title="bbox 1845 1158 3429 1242">
     <span class='ocr_line' id='line_1_39' title="bbox 1845 1158 3429 1242; baseline 0.01 -24"><span class='ocrx_word' id='word_1_301' title='bbox 1845 1181 2046 1236; x_wconf 83' lang='lat' dir='ltr'><strong>cunque</strong></span> <span class='ocrx_word' id='word_1_302' title='bbox 2070 1165 2220 1222; x_wconf 89' lang='lat' dir='ltr'><strong>vultis</strong></span> <span class='ocrx_word' id='word_1_303' title='bbox 2248 1165 2304 1222; x_wconf 80' lang='lat' dir='ltr'><strong>ul</strong></span> <span class='ocrx_word' id='word_1_304' title='bbox 2330 1169 2532 1239; x_wconf 81' lang='lat' dir='ltr'><strong>faciant</strong></span> <span class='ocrx_word' id='word_1_305' title='bbox 2564 1173 2705 1228; x_wconf 85' lang='lat' dir='ltr'><strong>vobis</strong></span> <span class='ocrx_word' id='word_1_306' title='bbox 2730 1175 2985 1242; x_wconf 88' lang='lat' dir='ltr'><strong>homines,</strong></span> <span class='ocrx_word' id='word_1_307' title='bbox 3009 1185 3057 1232; x_wconf 89' lang='lat' dir='ltr'><strong>et</strong></span> <span class='ocrx_word' id='word_1_308' title='bbox 3079 1194 3164 1233; x_wconf 86' lang='lat' dir='ltr'><strong>vos</strong></span> <span class='ocrx_word' id='word_1_309' title='bbox 3186 1158 3429 1234; x_wconf 82' lang='lat' dir='ltr'><strong>similiter</strong></span> 
     </span>
    </p>
   </div>
   <div class='ocr_carea' id='block_1_40' title="bbox 1845 1254 3427 1330">
    <p class='ocr_par' dir='ltr' id='par_1_40' title="bbox 1845 1254 3427 1330">
     <span class='ocr_line' id='line_1_40' title="bbox 1845 1254 3427 1330; baseline 0.008 -21"><span class='ocrx_word' id='word_1_310' title='bbox 1845 1254 2003 1325; x_wconf 89' lang='lat' dir='ltr'><strong>facite</strong></span> <span class='ocrx_word' id='word_1_311' title='bbox 2041 1258 2134 1312; x_wconf 85' lang='lat' dir='ltr'><strong>eis.</strong></span> <span class='ocrx_word' id='word_1_312' title='bbox 2179 1258 2246 1312; x_wconf 90' lang='lat' dir='ltr'><strong>Et</strong></span> <span class='ocrx_word' id='word_1_313' title='bbox 2290 1259 2395 1316; x_wconf 90' lang='lat' dir='ltr'><strong>hoc</strong></span> <span class='ocrx_word' id='word_1_314' title='bbox 2432 1270 2516 1317; x_wconf 91' lang='lat' dir='ltr'><strong>est</strong></span> <span class='ocrx_word' id='word_1_315' title='bbox 2563 1263 2821 1330; x_wconf 89' lang='lat' dir='ltr'><strong>Ecclesia,</strong></span> <span class='ocrx_word' id='word_1_316' title='bbox 2856 1273 2910 1321; x_wconf 90' lang='lat' dir='ltr'><strong>et</strong></span> <span class='ocrx_word' id='word_1_317' title='bbox 2935 1265 3201 1323; x_wconf 89' lang='lat' dir='ltr'><strong>Christus.</strong></span> <span class='ocrx_word' id='word_1_318' title='bbox 3241 1267 3427 1324; x_wconf 87' lang='lat' dir='ltr'><strong>Credit</strong></span> 
     </span>
    </p>
   </div>
   <div class='ocr_carea' id='block_1_41' title="bbox 1843 1350 3426 1428">
    <p class='ocr_par' dir='ltr' id='par_1_41' title="bbox 1843 1350 3426 1428">
     <span class='ocr_line' id='line_1_41' title="bbox 1843 1350 3426 1428; baseline 0.007 -26"><span class='ocrx_word' id='word_1_319' title='bbox 1843 1356 1990 1403; x_wconf 90' lang='lat' dir='ltr'><strong>recte</strong></span> <span class='ocrx_word' id='word_1_320' title='bbox 2017 1350 2269 1415; x_wconf 88' lang='lat' dir='ltr'><strong>rusticus,</strong></span> <span class='ocrx_word' id='word_1_321' title='bbox 2301 1352 2425 1422; x_wconf 88' lang='lat' dir='ltr'><strong>quia</strong></span> <span class='ocrx_word' id='word_1_322' title='bbox 2451 1354 2752 1424; x_wconf 85' lang='lat' dir='ltr'><strong>symbolum</strong></span> <span class='ocrx_word' id='word_1_323' title='bbox 2781 1370 2993 1428; x_wconf 89' lang='lat' dir='ltr'><strong>semper</strong></span> <span class='ocrx_word' id='word_1_324' title='bbox 3031 1358 3243 1414; x_wconf 86' lang='lat' dir='ltr'><strong>recitat.</strong></span> <span class='ocrx_word' id='word_1_325' title='bbox 3290 1357 3426 1414; x_wconf 89' lang='lat' dir='ltr'><strong>Orat</strong></span> 
     </span>
    </p>
   </div>
   <div class='ocr_carea' id='block_1_42' title="bbox 1845 1442 3421 1517">
    <p class='ocr_par' dir='ltr' id='par_1_42' title="bbox 1845 1442 3421 1517">
     <span class='ocr_line' id='line_1_42' title="bbox 1845 1442 3421 1517; baseline 0.008 -23"><span class='ocrx_word' id='word_1_326' title='bbox 1845 1447 2010 1504; x_wconf 91' lang='lat' dir='ltr'><strong>recte,</strong></span> <span class='ocrx_word' id='word_1_327' title='bbox 2049 1442 2174 1510; x_wconf 90' lang='lat' dir='ltr'><strong>quia</strong></span> <span class='ocrx_word' id='word_1_328' title='bbox 2221 1457 2433 1513; x_wconf 84' lang='lat' dir='ltr'><strong>semper</strong></span> <span class='ocrx_word' id='word_1_329' title='bbox 2478 1446 2777 1502; x_wconf 87' lang='lat' dir='ltr'><strong>orationem</strong></span> <span class='ocrx_word' id='word_1_330' title='bbox 2826 1447 3160 1505; x_wconf 91' lang='lat' dir='ltr'><strong>Dominicam</strong></span> <span class='ocrx_word' id='word_1_331' title='bbox 3209 1450 3421 1517; x_wconf 87' lang='lat' dir='ltr'><strong>recitat,</strong></span> 
     </span>
    </p>
   </div>
   <div class='ocr_carea' id='block_1_43' title="bbox 1844 1528 3424 1604">
    <p class='ocr_par' dir='ltr' id='par_1_43' title="bbox 1844 1528 3424 1604">
     <span class='ocr_line' id='line_1_43' title="bbox 1844 1528 3424 1604; baseline 0.008 -21"><span class='ocrx_word' id='word_1_332' title='bbox 1844 1536 1898 1583; x_wconf 89' lang='lat' dir='ltr'><strong>et</strong></span> <span class='ocrx_word' id='word_1_333' title='bbox 1942 1528 2072 1584; x_wconf 86' lang='lat' dir='ltr'><strong>dicit</strong></span> <span class='ocrx_word' id='word_1_334' title='bbox 2098 1543 2112 1583; x_wconf 90' lang='lat'><strong>:</strong></span> <span class='ocrx_word' id='word_1_335' title='bbox 2138 1529 2300 1584; x_wconf 88' lang='lat' dir='ltr'><strong>Pater</strong></span> <span class='ocrx_word' id='word_1_336' title='bbox 2325 1542 2519 1600; x_wconf 85' lang='lat' dir='ltr'><strong>noster,</strong></span> <span class='ocrx_word' id='word_1_337' title='bbox 2542 1535 2630 1604; x_wconf 90' lang='lat' dir='ltr'><strong>qui</strong></span> <span class='ocrx_word' id='word_1_338' title='bbox 2657 1552 2709 1589; x_wconf 89' lang='lat' dir='ltr'><strong>es</strong></span> <span class='ocrx_word' id='word_1_339' title='bbox 2731 1536 2786 1590; x_wconf 91' lang='lat' dir='ltr'><strong>in</strong></span> <span class='ocrx_word' id='word_1_340' title='bbox 2811 1535 2970 1592; x_wconf 75' lang='lat' dir='ltr'><strong>caelis.</strong></span> <span class='ocrx_word' id='word_1_341' title='bbox 3004 1537 3072 1592; x_wconf 87' lang='lat' dir='ltr'><strong>Et</strong></span> <span class='ocrx_word' id='word_1_342' title='bbox 3097 1551 3223 1594; x_wconf 87' lang='lat' dir='ltr'><strong>vere</strong></span> <span class='ocrx_word' id='word_1_343' title='bbox 3252 1538 3424 1595; x_wconf 87' lang='lat' dir='ltr'><strong>Filius</strong></span> 
     </span>
    </p>
   </div>
   <div class='ocr_carea' id='block_1_44' title="bbox 1844 1618 3423 1692">
    <p class='ocr_par' dir='ltr' id='par_1_44' title="bbox 1844 1618 3423 1692">
     <span class='ocr_line' id='line_1_44' title="bbox 1844 1618 3423 1692; baseline 0.006 -18"><span class='ocrx_word' id='word_1_344' title='bbox 1844 1618 1939 1674; x_wconf 91' lang='lat' dir='ltr'><strong>Dei</strong></span> <span class='ocrx_word' id='word_1_345' title='bbox 1976 1628 2077 1685; x_wconf 90' lang='lat' dir='ltr'><strong>est,</strong></span> <span class='ocrx_word' id='word_1_346' title='bbox 2109 1621 2151 1675; x_wconf 92' lang='lat' dir='ltr'><strong>si</strong></span> <span class='ocrx_word' id='word_1_347' title='bbox 2181 1630 2238 1676; x_wconf 92' lang='lat' dir='ltr'><strong>ut</strong></span> <span class='ocrx_word' id='word_1_348' title='bbox 2266 1622 2367 1677; x_wconf 91' lang='lat' dir='ltr'><strong>sibi</strong></span> <span class='ocrx_word' id='word_1_349' title='bbox 2413 1639 2519 1679; x_wconf 89' lang='lat' dir='ltr'><strong>non</strong></span> <span class='ocrx_word' id='word_1_350' title='bbox 2564 1625 2679 1680; x_wconf 88' lang='lat' dir='ltr'><strong>vult</strong></span> <span class='ocrx_word' id='word_1_351' title='bbox 2715 1625 2854 1692; x_wconf 86' lang='lat' dir='ltr'><strong>ﬁeri,</strong></span> <span class='ocrx_word' id='word_1_352' title='bbox 2898 1627 3054 1684; x_wconf 88' lang='lat' dir='ltr'><strong>alteri</strong></span> <span class='ocrx_word' id='word_1_353' title='bbox 3102 1644 3170 1684; x_wconf 92' lang='lat' dir='ltr'><strong>ne</strong></span> <span class='ocrx_word' id='word_1_354' title='bbox 3210 1627 3423 1686; x_wconf 83' lang='lat' dir='ltr'><strong>fecerit.</strong></span> 
     </span>
    </p>
   </div>
   <div class='ocr_carea' id='block_1_45' title="bbox 1846 1710 3428 1785">
    <p class='ocr_par' dir='ltr' id='par_1_45' title="bbox 1846 1710 3428 1785">
     <span class='ocr_line' id='line_1_45' title="bbox 1846 1710 3428 1785; baseline 0.009 -19"><span class='ocrx_word' id='word_1_355' title='bbox 1846 1710 1975 1779; x_wconf 63' lang='lat' dir='ltr'><strong>Quae</strong></span> <span class='ocrx_word' id='word_1_356' title='bbox 2031 1723 2085 1768; x_wconf 91' lang='lat' dir='ltr'><strong>et</strong></span> <span class='ocrx_word' id='word_1_357' title='bbox 2115 1715 2168 1768; x_wconf 91' lang='lat' dir='ltr'><strong>in</strong></span> <span class='ocrx_word' id='word_1_358' title='bbox 2218 1714 2308 1768; x_wconf 88' lang='lat' dir='ltr'><strong>illa</strong></span> <span class='ocrx_word' id='word_1_359' title='bbox 2365 1716 2592 1785; x_wconf 88' lang='lat' dir='ltr'><strong>epistola</strong></span> <span class='ocrx_word' id='word_1_360' title='bbox 2642 1720 2968 1775; x_wconf 86' lang='lat' dir='ltr'><strong>sanctissimi</strong></span> <span class='ocrx_word' id='word_1_361' title='bbox 3012 1720 3234 1779; x_wconf 86' lang='lat' dir='ltr'><strong>Ioannis</strong></span> <span class='ocrx_word' id='word_1_362' title='bbox 3291 1724 3428 1779; x_wconf 89' lang='lat' dir='ltr'><strong>nihil</strong></span> 
     </span>
    </p>
   </div>
   <div class='ocr_carea' id='block_1_46' title="bbox 1846 1802 3427 1879">
    <p class='ocr_par' dir='ltr' id='par_1_46' title="bbox 1846 1802 3427 1879">
     <span class='ocr_line' id='line_1_46' title="bbox 1846 1802 3427 1879; baseline 0.009 -24"><span class='ocrx_word' id='word_1_363' title='bbox 1846 1802 1989 1858; x_wconf 87' lang='lat' dir='ltr'><strong>aliud</strong></span> <span class='ocrx_word' id='word_1_364' title='bbox 2015 1805 2360 1860; x_wconf 88' lang='lat' dir='ltr'><strong>recitavimus</strong></span> <span class='ocrx_word' id='word_1_365' title='bbox 2401 1822 2563 1877; x_wconf 91' lang='lat' dir='ltr'><strong>quam</strong></span> <span class='ocrx_word' id='word_1_366' title='bbox 2609 1809 2713 1864; x_wconf 86' lang='lat' dir='ltr'><strong>hoc</strong></span> <span class='ocrx_word' id='word_1_367' title='bbox 2757 1811 2898 1879; x_wconf 92' lang='lat' dir='ltr'><strong>quod</strong></span> <span class='ocrx_word' id='word_1_368' title='bbox 2936 1812 3138 1867; x_wconf 88' lang='lat' dir='ltr'><strong>rustico</strong></span> <span class='ocrx_word' id='word_1_369' title='bbox 3175 1828 3427 1870; x_wconf 88' lang='lat' dir='ltr'><strong>sermone</strong></span> 
     </span>
    </p>
   </div>
   <div class='ocr_carea' id='block_1_47' title="bbox 1847 1897 3428 1976">
    <p class='ocr_par' dir='ltr' id='par_1_47' title="bbox 1847 1897 3428 1976">
     <span class='ocr_line' id='line_1_47' title="bbox 1847 1897 3428 1976; baseline 0.008 -26"><span class='ocrx_word' id='word_1_370' title='bbox 1847 1903 1900 1950; x_wconf 91' lang='lat' dir='ltr'><strong>et</strong></span> <span class='ocrx_word' id='word_1_371' title='bbox 1929 1897 2078 1952; x_wconf 87' lang='lat' dir='ltr'><strong>brevi</strong></span> <span class='ocrx_word' id='word_1_372' title='bbox 2120 1898 2273 1953; x_wconf 88' lang='lat' dir='ltr'><strong>vobis</strong></span> <span class='ocrx_word' id='word_1_373' title='bbox 2309 1897 2564 1955; x_wconf 81' lang='lat' dir='ltr'><strong>diximus.</strong></span> <span class='ocrx_word' id='word_1_374' title='bbox 2597 1899 2732 1956; x_wconf 89' lang='lat' dir='ltr'><strong>Nam</strong></span> <span class='ocrx_word' id='word_1_375' title='bbox 2769 1903 2836 1967; x_wconf 92' lang='lat' dir='ltr'><strong>si,</strong></span> <span class='ocrx_word' id='word_1_376' title='bbox 2873 1905 3166 1958; x_wconf 89' lang='lat' dir='ltr'><strong>secundum</strong></span> <span class='ocrx_word' id='word_1_377' title='bbox 3194 1904 3428 1976; x_wconf 81' lang='lat' dir='ltr'><strong>Aposto-</strong></span> 
     </span>
    </p>
   </div>
   <div class='ocr_carea' id='block_1_48' title="bbox 1846 1989 3474 2062">
    <p class='ocr_par' dir='ltr' id='par_1_48' title="bbox 1846 1989 3474 2062">
     <span class='ocr_line' id='line_1_48' title="bbox 1846 1989 3474 2062; baseline 0.007 -20"><span class='ocrx_word' id='word_1_378' title='bbox 1846 1989 1976 2054; x_wconf 89' lang='lat' dir='ltr'><strong>lum,</strong></span> <span class='ocrx_word' id='word_1_379' title='bbox 2003 1991 2230 2060; x_wconf 86' lang='lat' dir='ltr'><strong>imperiti</strong></span> <span class='ocrx_word' id='word_1_380' title='bbox 2259 2008 2439 2045; x_wconf 88' lang='lat' dir='ltr'><strong>sumus</strong></span> <span class='ocrx_word' id='word_1_381' title='bbox 2467 1992 2668 2062; x_wconf 84' lang='lat' dir='ltr'><strong>lingua,</strong></span> <span class='ocrx_word' id='word_1_382' title='bbox 2703 1995 2923 2049; x_wconf 87' lang='lat' dir='ltr'><strong>scientia</strong></span> <span class='ocrx_word' id='word_1_383' title='bbox 2958 2005 3156 2060; x_wconf 87' lang='lat' dir='ltr'><strong>tamen,</strong></span> <span class='ocrx_word' id='word_1_384' title='bbox 3190 1997 3301 2052; x_wconf 90' lang='lat' dir='ltr'><strong>Deo</strong></span> <span class='ocrx_word' id='word_1_385' title='bbox 3326 1997 3430 2052; x_wconf 82' lang='lat' dir='ltr'><strong>mi—</strong></span> <span class='ocrx_word' id='word_1_386' title='bbox 3469 1997 3474 2003; x_wconf 85' lang='grc'><em>’</em></span> 
     </span>
    </p>
   </div>
   <div class='ocr_carea' id='block_1_49' title="bbox 1848 2083 3430 2158">
    <p class='ocr_par' dir='ltr' id='par_1_49' title="bbox 1848 2083 3430 2158">
     <span class='ocr_line' id='line_1_49' title="bbox 1848 2083 3430 2158; baseline 0.004 -21"><span class='ocrx_word' id='word_1_387' title='bbox 1848 2088 2078 2146; x_wconf 73' lang='lat' dir='ltr'><strong>serente,</strong></span> <span class='ocrx_word' id='word_1_388' title='bbox 2124 2099 2228 2136; x_wconf 90' lang='lat' dir='ltr'><strong>non</strong></span> <span class='ocrx_word' id='word_1_389' title='bbox 2263 2099 2442 2136; x_wconf 86' lang='lat' dir='ltr'><strong>sumus</strong></span> <span class='ocrx_word' id='word_1_390' title='bbox 2472 2083 2699 2154; x_wconf 87' lang='lat' dir='ltr'><strong>imperiti</strong></span> <span class='ocrx_word' id='word_1_391' title='bbox 2734 2100 2753 2138; x_wconf 90' lang='lat'><strong>:</strong></span> <span class='ocrx_word' id='word_1_392' title='bbox 2780 2099 2879 2140; x_wconf 88' lang='lat' dir='ltr'><strong>nec</strong></span> <span class='ocrx_word' id='word_1_393' title='bbox 2909 2086 2974 2140; x_wconf 92' lang='lat' dir='ltr'><strong>de</strong></span> <span class='ocrx_word' id='word_1_394' title='bbox 3008 2088 3278 2158; x_wconf 85' lang='lat' dir='ltr'><strong>imperitia</strong></span> <span class='ocrx_word' id='word_1_395' title='bbox 3309 2103 3430 2144; x_wconf 85' lang='lat' dir='ltr'><strong>eru-</strong></span> 
     </span>
    </p>
   </div>
   <div class='ocr_carea' id='block_1_50' title="bbox 1846 2173 3429 2247">
    <p class='ocr_par' dir='ltr' id='par_1_50' title="bbox 1846 2173 3429 2247">
     <span class='ocr_line' id='line_1_50' title="bbox 1846 2173 3429 2247; baseline 0.004 -19"><span class='ocrx_word' id='word_1_396' title='bbox 1846 2173 2138 2239; x_wconf 90' lang='lat' dir='ltr'><strong>bescimus,</strong></span> <span class='ocrx_word' id='word_1_397' title='bbox 2175 2174 2317 2243; x_wconf 91' lang='lat' dir='ltr'><strong>quod</strong></span> <span class='ocrx_word' id='word_1_398' title='bbox 2355 2173 2586 2229; x_wconf 88' lang='lat' dir='ltr'><strong>lectione</strong></span> <span class='ocrx_word' id='word_1_399' title='bbox 2623 2189 2731 2228; x_wconf 91' lang='lat' dir='ltr'><strong>non</strong></span> <span class='ocrx_word' id='word_1_400' title='bbox 2753 2175 3009 2231; x_wconf 90' lang='lat' dir='ltr'><strong>docemur</strong></span> <span class='ocrx_word' id='word_1_401' title='bbox 3038 2195 3050 2230; x_wconf 92' lang='lat'><strong>:</strong></span> <span class='ocrx_word' id='word_1_402' title='bbox 3087 2192 3187 2231; x_wconf 90' lang='lat' dir='ltr'><strong>nec</strong></span> <span class='ocrx_word' id='word_1_403' title='bbox 3222 2177 3429 2247; x_wconf 91' lang='lat' dir='ltr'><strong>simpli-</strong></span> 
     </span>
    </p>
   </div>
   <div class='ocr_carea' id='block_1_51' title="bbox 1846 2265 3427 2336">
    <p class='ocr_par' dir='ltr' id='par_1_51' title="bbox 1846 2265 3427 2336">
     <span class='ocr_line' id='line_1_51' title="bbox 1846 2265 3427 2336; baseline 0.003 -16"><span class='ocrx_word' id='word_1_404' title='bbox 1846 2267 1982 2320; x_wconf 85' lang='lat' dir='ltr'><strong>citas</strong></span> <span class='ocrx_word' id='word_1_405' title='bbox 2019 2265 2157 2320; x_wconf 88' lang='lat' dir='ltr'><strong>inter</strong></span> <span class='ocrx_word' id='word_1_406' title='bbox 2178 2265 2523 2336; x_wconf 90' lang='lat' dir='ltr'><strong>philosophos</strong></span> <span class='ocrx_word' id='word_1_407' title='bbox 2567 2281 2597 2319; x_wconf 88' lang='lat' dir='ltr'><strong>a</strong></span> <span class='ocrx_word' id='word_1_408' title='bbox 2645 2265 2748 2320; x_wconf 82' lang='lat' dir='ltr'><strong>lide</strong></span> <span class='ocrx_word' id='word_1_409' title='bbox 2783 2279 2908 2321; x_wconf 89' lang='lat' dir='ltr'><strong>vera</strong></span> <span class='ocrx_word' id='word_1_410' title='bbox 2935 2268 3257 2332; x_wconf 82' lang='lat' dir='ltr'><strong>dubitamus,</strong></span> <span class='ocrx_word' id='word_1_411' title='bbox 3300 2283 3427 2325; x_wconf 87' lang='lat' dir='ltr'><strong>cum</strong></span> 
     </span>
    </p>
   </div>
   <div class='ocr_carea' id='block_1_52' title="bbox 1847 2356 3423 2429">
    <p class='ocr_par' dir='ltr' id='par_1_52' title="bbox 1847 2356 3423 2429">
     <span class='ocr_line' id='line_1_52' title="bbox 1847 2356 3423 2429; baseline 0.003 -17"><span class='ocrx_word' id='word_1_412' title='bbox 1847 2357 2118 2429; x_wconf 86' lang='lat' dir='ltr'><strong>apostolos</strong></span> <span class='ocrx_word' id='word_1_413' title='bbox 2157 2356 2425 2426; x_wconf 87' lang='lat' dir='ltr'><strong>simplices</strong></span> <span class='ocrx_word' id='word_1_414' title='bbox 2461 2365 2517 2411; x_wconf 89' lang='lat' dir='ltr'><strong>et</strong></span> <span class='ocrx_word' id='word_1_415' title='bbox 2548 2358 2778 2412; x_wconf 90' lang='lat' dir='ltr'><strong>rusticos</strong></span> <span class='ocrx_word' id='word_1_416' title='bbox 2810 2358 3097 2428; x_wconf 84' lang='lat' dir='ltr'><strong>magistros</strong></span> <span class='ocrx_word' id='word_1_417' title='bbox 3139 2360 3423 2416; x_wconf 87' lang='lat' dir='ltr'><strong>habemus.</strong></span> 
     </span>
    </p>
   </div>
   <div class='ocr_carea' id='block_1_53' title="bbox 1847 2443 3428 2521">
    <p class='ocr_par' dir='ltr' id='par_1_53' title="bbox 1847 2443 3428 2521">
     <span class='ocr_line' id='line_1_53' title="bbox 1847 2443 3428 2521; baseline 0.002 -19"><span class='ocrx_word' id='word_1_418' title='bbox 1847 2447 2034 2504; x_wconf 86' lang='lat' dir='ltr'><strong>Nullus</strong></span> <span class='ocrx_word' id='word_1_419' title='bbox 2078 2447 2517 2517; x_wconf 88' lang='lat' dir='ltr'><strong>philosophorum</strong></span> <span class='ocrx_word' id='word_1_420' title='bbox 2559 2448 2734 2517; x_wconf 92' lang='lat' dir='ltr'><strong>potuit</strong></span> <span class='ocrx_word' id='word_1_421' title='bbox 2767 2447 2946 2503; x_wconf 89' lang='lat' dir='ltr'><strong>dicere</strong></span> <span class='ocrx_word' id='word_1_422' title='bbox 2981 2449 3188 2521; x_wconf 87' lang='lat' dir='ltr'><strong>primus</strong></span> <span class='ocrx_word' id='word_1_423' title='bbox 3206 2443 3231 2503; x_wconf 72' lang='grc' dir='ltr'>ἐ</span> <span class='ocrx_word' id='word_1_424' title='bbox 3266 2448 3344 2504; x_wconf 89' lang='lat' dir='ltr'><strong>Tu</strong></span> <span class='ocrx_word' id='word_1_425' title='bbox 3372 2467 3428 2506; x_wconf 92' lang='lat' dir='ltr'><strong>es</strong></span> 
     </span>
    </p>
   </div>
   <div class='ocr_carea' id='block_1_54' title="bbox 1849 2538 3427 2612">
    <p class='ocr_par' dir='ltr' id='par_1_54' title="bbox 1849 2538 3427 2612">
     <span class='ocr_line' id='line_1_54' title="bbox 1849 2538 3427 2612; baseline 0.004 -18"><span class='ocrx_word' id='word_1_426' title='bbox 1849 2539 2085 2595; x_wconf 85' lang='lat' dir='ltr'><strong>Christus</strong></span> <span class='ocrx_word' id='word_1_427' title='bbox 2124 2538 2296 2594; x_wconf 85' lang='lat' dir='ltr'><strong>Filius</strong></span> <span class='ocrx_word' id='word_1_428' title='bbox 2332 2539 2431 2594; x_wconf 87' lang='lat' dir='ltr'><strong>Dei</strong></span> <span class='ocrx_word' id='word_1_429' title='bbox 2474 2541 2592 2607; x_wconf 83' lang='lat' dir='ltr'><strong>vivi,</strong></span> <span class='ocrx_word' id='word_1_430' title='bbox 2621 2541 2726 2596; x_wconf 89' lang='lat' dir='ltr'><strong>nisi</strong></span> <span class='ocrx_word' id='word_1_431' title='bbox 2751 2540 2944 2598; x_wconf 89' lang='lat' dir='ltr'><strong>Petrus</strong></span> <span class='ocrx_word' id='word_1_432' title='bbox 2963 2543 3220 2612; x_wconf 85' lang='lat' dir='ltr'><strong>piscator,</strong></span> <span class='ocrx_word' id='word_1_433' title='bbox 3263 2544 3427 2601; x_wconf 90' lang='lat' dir='ltr'><strong>homo</strong></span> 
     </span>
    </p>
   </div>
   <div class='ocr_carea' id='block_1_55' title="bbox 1848 2631 3432 2702">
    <p class='ocr_par' dir='ltr' id='par_1_55' title="bbox 1848 2631 3432 2702">
     <span class='ocr_line' id='line_1_55' title="bbox 1848 2631 3432 2702; baseline 0.001 -14"><span class='ocrx_word' id='word_1_434' title='bbox 1848 2633 2153 2688; x_wconf 89' lang='lat' dir='ltr'><strong>rusticanus</strong></span> <span class='ocrx_word' id='word_1_435' title='bbox 2177 2639 2233 2686; x_wconf 90' lang='lat' dir='ltr'><strong>et</strong></span> <span class='ocrx_word' id='word_1_436' title='bbox 2266 2645 2484 2701; x_wconf 85' lang='lat' dir='ltr'><strong>pauper,</strong></span> <span class='ocrx_word' id='word_1_437' title='bbox 2511 2631 2603 2701; x_wconf 88' lang='lat' dir='ltr'><strong>qui</strong></span> <span class='ocrx_word' id='word_1_438' title='bbox 2626 2632 2692 2686; x_wconf 90' lang='lat' dir='ltr'><strong>ab</strong></span> <span class='ocrx_word' id='word_1_439' title='bbox 2721 2647 2884 2702; x_wconf 87' lang='lat' dir='ltr'><strong>opere</strong></span> <span class='ocrx_word' id='word_1_440' title='bbox 2913 2632 3167 2689; x_wconf 88' lang='lat' dir='ltr'><strong>callosam</strong></span> <span class='ocrx_word' id='word_1_441' title='bbox 3197 2633 3432 2689; x_wconf 88' lang='lat' dir='ltr'><strong>habebat</strong></span> 
     </span>
    </p>
   </div>
   <div class='ocr_carea' id='block_1_56' title="bbox 1847 2724 3426 2802">
    <p class='ocr_par' dir='ltr' id='par_1_56' title="bbox 1847 2724 3426 2802">
     <span class='ocr_line' id='line_1_56' title="bbox 1847 2724 3426 2802; baseline 0.001 -21"><span class='ocrx_word' id='word_1_442' title='bbox 1847 2741 2086 2781; x_wconf 89' lang='lat' dir='ltr'><strong>manum.</strong></span> <span class='ocrx_word' id='word_1_443' title='bbox 2134 2725 2240 2780; x_wconf 89' lang='lat' dir='ltr'><strong>Iste</strong></span> <span class='ocrx_word' id='word_1_444' title='bbox 2278 2725 2517 2794; x_wconf 87' lang='lat' dir='ltr'><strong>piscator</strong></span> <span class='ocrx_word' id='word_1_445' title='bbox 2553 2731 2609 2780; x_wconf 88' lang='lat' dir='ltr'><strong>et</strong></span> <span class='ocrx_word' id='word_1_446' title='bbox 2655 2724 2964 2782; x_wconf 87' lang='lat' dir='ltr'><strong>rusticanus</strong></span> <span class='ocrx_word' id='word_1_447' title='bbox 2993 2726 3058 2802; x_wconf 88' lang='lat' dir='ltr'><strong>de</strong></span> <span class='ocrx_word' id='word_1_448' title='bbox 3090 2724 3426 2798; x_wconf 86' lang='lat' dir='ltr'><strong>Ierosolyma</strong></span> 
     </span>
    </p>
   </div>
   <div class='ocr_carea' id='block_1_57' title="bbox 1847 2802 3430 2889">
    <p class='ocr_par' dir='ltr' id='par_1_57' title="bbox 1847 2802 3430 2889">
     <span class='ocr_line' id='line_1_57' title="bbox 1847 2802 3430 2889; baseline 0.003 -20"><span class='ocrx_word' id='word_1_449' title='bbox 1847 2815 2084 2887; x_wconf 82' lang='lat' dir='ltr'><strong>perrexit</strong></span> <span class='ocrx_word' id='word_1_450' title='bbox 2107 2814 2356 2870; x_wconf 82' lang='lat' dir='ltr'><strong>Romam.</strong></span> <span class='ocrx_word' id='word_1_451' title='bbox 2383 2814 2451 2870; x_wconf 89' lang='lat' dir='ltr'><strong>Et</strong></span> <span class='ocrx_word' id='word_1_452' title='bbox 2483 2815 2787 2873; x_wconf 90' lang='lat' dir='ltr'><strong>rusticanus</strong></span> <span class='ocrx_word' id='word_1_453' title='bbox 2819 2815 2961 2889; x_wconf 91' lang='lat' dir='ltr'><strong>cepit</strong></span> <span class='ocrx_word' id='word_1_454' title='bbox 2977 2802 3232 2884; x_wconf 57' lang='lat' dir='ltr'><strong>Itomam,</strong></span> <span class='ocrx_word' id='word_1_455' title='bbox 3265 2833 3430 2888; x_wconf 77' lang='lat' dir='ltr'><strong>quam</strong></span> 
     </span>
    </p>
   </div>
   <div class='ocr_carea' id='block_1_58' title="bbox 1848 2909 3432 2981">
    <p class='ocr_par' dir='ltr' id='par_1_58' title="bbox 1848 2909 3432 2981">
     <span class='ocr_line' id='line_1_58' title="bbox 1848 2909 3432 2981; baseline 0.002 -17"><span class='ocrx_word' id='word_1_456' title='bbox 1848 2909 2161 2979; x_wconf 87' lang='lat' dir='ltr'><strong>eloquentes</strong></span> <span class='ocrx_word' id='word_1_457' title='bbox 2215 2922 2410 2978; x_wconf 87' lang='lat' dir='ltr'><strong>capere</strong></span> <span class='ocrx_word' id='word_1_458' title='bbox 2458 2924 2566 2966; x_wconf 90' lang='lat' dir='ltr'><strong>non</strong></span> <span class='ocrx_word' id='word_1_459' title='bbox 2619 2917 2931 2981; x_wconf 90' lang='lat' dir='ltr'><strong>potuerunt.</strong></span> <span class='ocrx_word' id='word_1_460' title='bbox 2981 2909 3170 2966; x_wconf 84' lang='lat' dir='ltr'><strong>Nullus</strong></span> <span class='ocrx_word' id='word_1_461' title='bbox 3215 2910 3432 2980; x_wconf 86' lang='lat' dir='ltr'><strong>sapiens</strong></span> 
     </span>
    </p>
   </div>
   <div class='ocr_carea' id='block_1_59' title="bbox 1847 3001 3433 3074">
    <p class='ocr_par' dir='ltr' id='par_1_59' title="bbox 1847 3001 3433 3074">
     <span class='ocr_line' id='line_1_59' title="bbox 1847 3001 3433 3074; baseline -0.001 -17"><span class='ocrx_word' id='word_1_462' title='bbox 1847 3002 2036 3057; x_wconf 89' lang='lat' dir='ltr'><strong>mundi</strong></span> <span class='ocrx_word' id='word_1_463' title='bbox 2077 3003 2285 3073; x_wconf 89' lang='lat' dir='ltr'><strong>primus</strong></span> <span class='ocrx_word' id='word_1_464' title='bbox 2322 3001 2498 3072; x_wconf 90' lang='lat' dir='ltr'><strong>potuit</strong></span> <span class='ocrx_word' id='word_1_465' title='bbox 2533 3002 2751 3059; x_wconf 91' lang='lat' dir='ltr'><strong>dicere:</strong></span> <span class='ocrx_word' id='word_1_466' title='bbox 2774 3001 2840 3057; x_wconf 85' lang='lat' dir='ltr'><strong>In</strong></span> <span class='ocrx_word' id='word_1_467' title='bbox 2871 3003 3128 3074; x_wconf 87' lang='lat' dir='ltr'><strong>principio</strong></span> <span class='ocrx_word' id='word_1_468' title='bbox 3152 3011 3264 3057; x_wconf 89' lang='lat' dir='ltr'><strong>erat</strong></span> <span class='ocrx_word' id='word_1_469' title='bbox 3303 3001 3433 3057; x_wconf 86' lang='lat' dir='ltr'><strong>Ver-</strong></span> 
     </span>
    </p>
   </div>
   <div class='ocr_carea' id='block_1_60' title="bbox 1850 3091 3430 3165">
    <p class='ocr_par' dir='ltr' id='par_1_60' title="bbox 1850 3091 3430 3165">
     <span class='ocr_line' id='line_1_60' title="bbox 1850 3091 3430 3165; baseline 0.001 -16"><span class='ocrx_word' id='word_1_470' title='bbox 1850 3095 1991 3161; x_wconf 89' lang='lat' dir='ltr'><strong>bum,</strong></span> <span class='ocrx_word' id='word_1_471' title='bbox 2029 3103 2075 3148; x_wconf 89' lang='lat' dir='ltr'><strong>et</strong></span> <span class='ocrx_word' id='word_1_472' title='bbox 2109 3091 2333 3149; x_wconf 83' lang='lat' dir='ltr'><strong>Verbum</strong></span> <span class='ocrx_word' id='word_1_473' title='bbox 2365 3104 2478 3148; x_wconf 89' lang='lat' dir='ltr'><strong>erat</strong></span> <span class='ocrx_word' id='word_1_474' title='bbox 2518 3096 2658 3165; x_wconf 84' lang='lat' dir='ltr'><strong>apud</strong></span> <span class='ocrx_word' id='word_1_475' title='bbox 2688 3094 2877 3165; x_wconf 86' lang='lat' dir='ltr'><strong>Deum,</strong></span> <span class='ocrx_word' id='word_1_476' title='bbox 2905 3105 2954 3150; x_wconf 92' lang='lat' dir='ltr'><strong>et</strong></span> <span class='ocrx_word' id='word_1_477' title='bbox 2989 3095 3131 3150; x_wconf 87' lang='lat' dir='ltr'><strong>Deus</strong></span> <span class='ocrx_word' id='word_1_478' title='bbox 3153 3106 3265 3151; x_wconf 85' lang='lat' dir='ltr'><strong>erat</strong></span> <span class='ocrx_word' id='word_1_479' title='bbox 3299 3094 3430 3153; x_wconf 82' lang='lat' dir='ltr'><strong>Ver-</strong></span> 
     </span>
    </p>
   </div>
   <div class='ocr_carea' id='block_1_61' title="bbox 165 3181 3434 3269">
    <p class='ocr_par' dir='ltr' id='par_1_61' title="bbox 165 3181 3434 3269">
     <span class='ocr_line' id='line_1_61' title="bbox 165 3181 3434 3269; baseline 0.004 -36"><span class='ocrx_word' id='word_1_480' title='bbox 165 3196 309 3247; x_wconf 78' lang='lat' dir='ltr'><strong>runt,</strong></span> <span class='ocrx_word' id='word_1_481' title='bbox 327 3189 377 3235; x_wconf 90' lang='lat' dir='ltr'><strong>et</strong></span> <span class='ocrx_word' id='word_1_482' title='bbox 403 3181 536 3235; x_wconf 76' lang='lat' dir='ltr'><strong>dixit</strong></span> <span class='ocrx_word' id='word_1_483' title='bbox 563 3183 638 3236; x_wconf 91' lang='lat' dir='ltr'><strong>eis</strong></span> <span class='ocrx_word' id='word_1_484' title='bbox 656 3199 674 3236; x_wconf 90' lang='lat'><strong>:</strong></span> <span class='ocrx_word' id='word_1_485' title='bbox 702 3181 822 3238; x_wconf 79' lang='lat' dir='ltr'><strong>Paa:</strong></span> <span class='ocrx_word' id='word_1_486' title='bbox 834 3183 994 3239; x_wconf 81' lang='lat' dir='ltr'><strong>vobis.</strong></span> <span class='ocrx_word' id='word_1_487' title='bbox 1021 3183 1091 3237; x_wconf 82' lang='lat' dir='ltr'><strong>Et</strong></span> <span class='ocrx_word' id='word_1_488' title='bbox 1111 3184 1321 3240; x_wconf 88' lang='lat' dir='ltr'><strong>elevatis</strong></span> <span class='ocrx_word' id='word_1_489' title='bbox 1349 3185 1590 3240; x_wconf 86' lang='lat' dir='ltr'><strong>manibus</strong></span> <span class='ocrx_word' id='word_1_490' title='bbox 1614 3187 1741 3253; x_wconf 88' lang='lat' dir='ltr'><strong>suis,</strong></span> <span class='ocrx_word' id='word_1_491' title='bbox 1773 3204 1821 3269; x_wconf 59' lang='grc' dir='ltr'><strong>(ς</strong></span> <span class='ocrx_word' id='word_1_492' title='bbox 1850 3189 1990 3243; x_wconf 89' lang='lat' dir='ltr'><strong>bum.</strong></span> <span class='ocrx_word' id='word_1_493' title='bbox 2028 3188 2143 3244; x_wconf 81' lang='lat' dir='ltr'><strong>Hoc</strong></span> <span class='ocrx_word' id='word_1_494' title='bbox 2179 3198 2291 3244; x_wconf 90' lang='lat' dir='ltr'><strong>erat</strong></span> <span class='ocrx_word' id='word_1_495' title='bbox 2320 3190 2374 3243; x_wconf 90' lang='lat' dir='ltr'><strong>in</strong></span> <span class='ocrx_word' id='word_1_496' title='bbox 2405 3189 2664 3260; x_wconf 89' lang='lat' dir='ltr'><strong>principio</strong></span> <span class='ocrx_word' id='word_1_497' title='bbox 2699 3188 2838 3260; x_wconf 86' lang='lat' dir='ltr'><strong>apud</strong></span> <span class='ocrx_word' id='word_1_498' title='bbox 2873 3189 3061 3243; x_wconf 87' lang='lat' dir='ltr'><strong>Deum.</strong></span> <span class='ocrx_word' id='word_1_499' title='bbox 3109 3188 3299 3244; x_wconf 89' lang='lat' dir='ltr'><strong>Omnia</strong></span> <span class='ocrx_word' id='word_1_500' title='bbox 3336 3204 3434 3261; x_wconf 81' lang='lat' dir='ltr'><strong>per</strong></span> 
     </span>
    </p>
   </div>
   <div class='ocr_carea' id='block_1_62' title="bbox 165 3272 1745 3348">
    <p class='ocr_par' dir='ltr' id='par_1_62' title="bbox 165 3272 1745 3348">
     <span class='ocr_line' id='line_1_62' title="bbox 165 3272 1745 3348; baseline 0.003 -20"><span class='ocrx_word' id='word_1_501' title='bbox 165 3274 430 3330; x_wconf 72' lang='lat' dir='ltr'><strong>benedixit</strong></span> <span class='ocrx_word' id='word_1_502' title='bbox 453 3272 560 3343; x_wconf 80' lang='lat' dir='ltr'><strong>eos,</strong></span> <span class='ocrx_word' id='word_1_503' title='bbox 583 3286 632 3331; x_wconf 92' lang='lat' dir='ltr'><strong>et</strong></span> <span class='ocrx_word' id='word_1_504' title='bbox 662 3279 870 3332; x_wconf 88' lang='lat' dir='ltr'><strong>recessit</strong></span> <span class='ocrx_word' id='word_1_505' title='bbox 895 3278 960 3332; x_wconf 90' lang='lat' dir='ltr'><strong>ab</strong></span> <span class='ocrx_word' id='word_1_506' title='bbox 988 3277 1082 3344; x_wconf 87' lang='lat' dir='ltr'><strong>eis,</strong></span> <span class='ocrx_word' id='word_1_507' title='bbox 1108 3287 1158 3332; x_wconf 93' lang='lat' dir='ltr'><strong>et</strong></span> <span class='ocrx_word' id='word_1_508' title='bbox 1176 3278 1439 3348; x_wconf 90' lang='lat' dir='ltr'><strong>ferebatur</strong></span> <span class='ocrx_word' id='word_1_509' title='bbox 1463 3280 1517 3333; x_wconf 90' lang='lat' dir='ltr'><strong>in</strong></span> <span class='ocrx_word' id='word_1_510' title='bbox 1542 3278 1745 3333; x_wconf 72' lang='lat' dir='ltr'><strong>caelum.</strong></span> 
     </span>
    </p>
   </div>
   <div class='ocr_carea' id='block_1_63' title="bbox 162 3365 1749 3442">
    <p class='ocr_par' dir='ltr' id='par_1_63' title="bbox 162 3365 1749 3442">
     <span class='ocr_line' id='line_1_63' title="bbox 162 3365 1749 3442; baseline 0.004 -23"><span class='ocrx_word' id='word_1_511' title='bbox 162 3365 235 3420; x_wconf 80' lang='lat' dir='ltr'><strong>Et</strong></span> <span class='ocrx_word' id='word_1_512' title='bbox 271 3368 444 3422; x_wconf 75' lang='lat' dir='ltr'><strong>munis</strong></span> <span class='ocrx_word' id='word_1_513' title='bbox 469 3366 652 3439; x_wconf 87' lang='lat' dir='ltr'><strong>lingua</strong></span> <span class='ocrx_word' id='word_1_514' title='bbox 703 3369 1014 3438; x_wconf 85' lang='lat' dir='ltr'><strong>confiteatur</strong></span> <span class='ocrx_word' id='word_1_515' title='bbox 1039 3370 1164 3440; x_wconf 89' lang='lat' dir='ltr'><strong>quia</strong></span> <span class='ocrx_word' id='word_1_516' title='bbox 1203 3369 1359 3425; x_wconf 88' lang='lat' dir='ltr'><strong>Iesus</strong></span> <span class='ocrx_word' id='word_1_517' title='bbox 1382 3371 1437 3424; x_wconf 90' lang='lat' dir='ltr'><strong>in</strong></span> <span class='ocrx_word' id='word_1_518' title='bbox 1475 3369 1644 3442; x_wconf 88' lang='lat' dir='ltr'><strong>gloria</strong></span> <span class='ocrx_word' id='word_1_519' title='bbox 1673 3379 1749 3425; x_wconf 87' lang='lat' dir='ltr'><strong>est</strong></span> 
     </span>
    </p>
   </div>
   <div class='ocr_carea' id='block_1_64' title="bbox 162 3457 1750 3532">
    <p class='ocr_par' dir='ltr' id='par_1_64' title="bbox 162 3457 1750 3532">
     <span class='ocr_line' id='line_1_64' title="bbox 162 3457 1750 3532; baseline 0.001 -18"><span class='ocrx_word' id='word_1_520' title='bbox 162 3457 263 3514; x_wconf 85' lang='lat' dir='ltr'><strong>Dei</strong></span> <span class='ocrx_word' id='word_1_521' title='bbox 300 3457 500 3525; x_wconf 83' lang='lat' dir='ltr'><strong>Patris,</strong></span> <span class='ocrx_word' id='word_1_522' title='bbox 531 3461 619 3516; x_wconf 91' lang='lat' dir='ltr'><strong>cui</strong></span> <span class='ocrx_word' id='word_1_523' title='bbox 654 3475 778 3516; x_wconf 90' lang='lat' dir='ltr'><strong>cum</strong></span> <span class='ocrx_word' id='word_1_524' title='bbox 803 3461 964 3517; x_wconf 89' lang='lat' dir='ltr'><strong>Patre</strong></span> <span class='ocrx_word' id='word_1_525' title='bbox 999 3471 1055 3517; x_wconf 90' lang='lat' dir='ltr'><strong>et</strong></span> <span class='ocrx_word' id='word_1_526' title='bbox 1092 3461 1296 3532; x_wconf 89' lang='lat' dir='ltr'><strong>Spiritu</strong></span> <span class='ocrx_word' id='word_1_527' title='bbox 1331 3470 1516 3519; x_wconf 90' lang='lat' dir='ltr'><strong>sancto</strong></span> <span class='ocrx_word' id='word_1_528' title='bbox 1565 3478 1669 3516; x_wconf 90' lang='lat' dir='ltr'><strong>una</strong></span> <span class='ocrx_word' id='word_1_529' title='bbox 1695 3470 1750 3517; x_wconf 89' lang='lat' dir='ltr'><strong>et</strong></span> 
     </span>
    </p>
   </div>
   <div class='ocr_carea' id='block_1_65' title="bbox 161 3549 1750 3622">
    <p class='ocr_par' dir='ltr' id='par_1_65' title="bbox 161 3549 1750 3622">
     <span class='ocr_line' id='line_1_65' title="bbox 161 3549 1750 3622; baseline 0.001 -17"><span class='ocrx_word' id='word_1_530' title='bbox 161 3549 392 3620; x_wconf 67' lang='lat' dir='ltr'><strong>aqualis</strong></span> <span class='ocrx_word' id='word_1_531' title='bbox 418 3558 501 3606; x_wconf 90' lang='lat' dir='ltr'><strong>est</strong></span> <span class='ocrx_word' id='word_1_532' title='bbox 523 3550 714 3621; x_wconf 84' lang='lat' dir='ltr'><strong>gloria.</strong></span> <span class='ocrx_word' id='word_1_533' title='bbox 751 3550 811 3606; x_wconf 89' lang='lat' dir='ltr'><strong>In</strong></span> <span class='ocrx_word' id='word_1_534' title='bbox 852 3549 1006 3620; x_wconf 84' lang='lat' dir='ltr'><strong>cujus</strong></span> <span class='ocrx_word' id='word_1_535' title='bbox 1033 3551 1140 3607; x_wconf 82' lang='lat' dir='ltr'><strong>(ide</strong></span> <span class='ocrx_word' id='word_1_536' title='bbox 1164 3551 1276 3621; x_wconf 90' lang='lat' dir='ltr'><strong>jam</strong></span> <span class='ocrx_word' id='word_1_537' title='bbox 1304 3567 1466 3622; x_wconf 84' lang='lat' dir='ltr'><strong>supra</strong></span> <span class='ocrx_word' id='word_1_538' title='bbox 1517 3551 1750 3608; x_wconf 83' lang='lat' dir='ltr'><strong>confessi</strong></span> 
     </span>
    </p>
   </div>
   <div class='ocr_carea' id='block_1_66' title="bbox 159 3643 1616 3716">
    <p class='ocr_par' dir='ltr' id='par_1_66' title="bbox 159 3643 1616 3716">
     <span class='ocr_line' id='line_1_66' title="bbox 159 3643 1616 3716; baseline 0 -17"><span class='ocrx_word' id='word_1_539' title='bbox 159 3658 358 3699; x_wconf 85' lang='lat' dir='ltr'><strong>sumus</strong></span> <span class='ocrx_word' id='word_1_540' title='bbox 386 3643 688 3700; x_wconf 88' lang='lat' dir='ltr'><strong>doctrinam</strong></span> <span class='ocrx_word' id='word_1_541' title='bbox 716 3659 880 3716; x_wconf 87' lang='lat' dir='ltr'><strong>quam</strong></span> <span class='ocrx_word' id='word_1_542' title='bbox 906 3645 976 3702; x_wconf 86' lang='lat' dir='ltr'><strong>ab</strong></span> <span class='ocrx_word' id='word_1_543' title='bbox 1012 3645 1270 3715; x_wconf 88' lang='lat' dir='ltr'><strong>apostolis</strong></span> <span class='ocrx_word' id='word_1_544' title='bbox 1291 3646 1616 3715; x_wconf 88' lang='lat' dir='ltr'><strong>accepimus.</strong></span> 
     </span>
    </p>
   </div>
   <div class='ocr_carea' id='block_1_67' title="bbox 233 3735 1751 3813">
    <p class='ocr_par' dir='ltr' id='par_1_67' title="bbox 233 3735 1751 3813">
     <span class='ocr_line' id='line_1_67' title="bbox 233 3735 1751 3813; baseline 0.003 -21"><span class='ocrx_word' id='word_1_545' title='bbox 233 3735 482 3793; x_wconf 73' lang='lat' dir='ltr'><strong>XXXVI.</strong></span> <span class='ocrx_word' id='word_1_546' title='bbox 519 3736 686 3794; x_wconf 89' lang='lat' dir='ltr'><strong>Credo</strong></span> <span class='ocrx_word' id='word_1_547' title='bbox 712 3740 768 3795; x_wconf 87' lang='lat' dir='ltr'><strong>in</strong></span> <span class='ocrx_word' id='word_1_548' title='bbox 797 3739 968 3794; x_wconf 87' lang='lat' dir='ltr'><strong>Deum</strong></span> <span class='ocrx_word' id='word_1_549' title='bbox 994 3739 1207 3795; x_wconf 89' lang='lat' dir='ltr'><strong>Patrem</strong></span> <span class='ocrx_word' id='word_1_550' title='bbox 1237 3742 1657 3813; x_wconf 88' lang='lat' dir='ltr'><strong>omnipotentem.</strong></span> <span class='ocrx_word' id='word_1_551' title='bbox 1680 3741 1751 3796; x_wconf 87' lang='lat' dir='ltr'><strong>Et</strong></span> 
     </span>
    </p>
   </div>
   <div class='ocr_carea' id='block_1_68' title="bbox 160 3822 1752 3901">
    <p class='ocr_par' dir='ltr' id='par_1_68' title="bbox 160 3822 1752 3901">
     <span class='ocr_line' id='line_1_68' title="bbox 160 3822 1752 3901; baseline 0.006 -24"><span class='ocrx_word' id='word_1_552' title='bbox 160 3824 219 3878; x_wconf 80' lang='lat' dir='ltr'><strong>in</strong></span> <span class='ocrx_word' id='word_1_553' title='bbox 244 3822 435 3880; x_wconf 80' lang='lat' dir='ltr'><strong>Iesum</strong></span> <span class='ocrx_word' id='word_1_554' title='bbox 458 3825 724 3884; x_wconf 80' lang='lat' dir='ltr'><strong>Christum</strong></span> <span class='ocrx_word' id='word_1_555' title='bbox 760 3822 958 3885; x_wconf 78' lang='lat' dir='ltr'><strong>Filium</strong></span> <span class='ocrx_word' id='word_1_556' title='bbox 977 3831 1094 3901; x_wconf 85' lang='lat' dir='ltr'><strong>ejus</strong></span> <span class='ocrx_word' id='word_1_557' title='bbox 1123 3832 1355 3899; x_wconf 83' lang='lat' dir='ltr'><strong>unicum,</strong></span> <span class='ocrx_word' id='word_1_558' title='bbox 1381 3831 1549 3886; x_wconf 90' lang='lat' dir='ltr'><strong>Deum</strong></span> <span class='ocrx_word' id='word_1_559' title='bbox 1572 3841 1622 3887; x_wconf 92' lang='lat' dir='ltr'><strong>et</strong></span> <span class='ocrx_word' id='word_1_560' title='bbox 1648 3831 1752 3887; x_wconf 92' lang='lat' dir='ltr'><strong>Do-</strong></span> 
     </span>
    </p>
   </div>
   <div class='ocr_carea' id='block_1_69' title="bbox 159 3917 1752 3993">
    <p class='ocr_par' dir='ltr' id='par_1_69' title="bbox 159 3917 1752 3993">
     <span class='ocr_line' id='line_1_69' title="bbox 159 3917 1752 3993; baseline 0.006 -24"><span class='ocrx_word' id='word_1_561' title='bbox 159 3917 373 3970; x_wconf 65' lang='lat' dir='ltr'><strong>minum</strong></span> <span class='ocrx_word' id='word_1_562' title='bbox 395 3927 648 3987; x_wconf 84' lang='lat' dir='ltr'><strong>nostrum,</strong></span> <span class='ocrx_word' id='word_1_563' title='bbox 674 3922 764 3992; x_wconf 88' lang='lat' dir='ltr'><strong>qui</strong></span> <span class='ocrx_word' id='word_1_564' title='bbox 783 3930 938 3976; x_wconf 85' lang='lat' dir='ltr'><strong>natus</strong></span> <span class='ocrx_word' id='word_1_565' title='bbox 960 3922 1025 3977; x_wconf 90' lang='lat' dir='ltr'><strong>de</strong></span> <span class='ocrx_word' id='word_1_566' title='bbox 1047 3921 1250 3993; x_wconf 88' lang='lat' dir='ltr'><strong>Spiritu</strong></span> <span class='ocrx_word' id='word_1_567' title='bbox 1288 3934 1466 3979; x_wconf 86' lang='lat' dir='ltr'><strong>sancto</strong></span> <span class='ocrx_word' id='word_1_568' title='bbox 1495 3933 1545 3978; x_wconf 91' lang='lat' dir='ltr'><strong>et</strong></span> <span class='ocrx_word' id='word_1_569' title='bbox 1575 3922 1752 3979; x_wconf 74' lang='lat' dir='ltr'><strong>Maria</strong></span> 
     </span>
    </p>
   </div>
   <div class='ocr_carea' id='block_1_70' title="bbox 157 4007 1751 4077">
    <p class='ocr_par' dir='ltr' id='par_1_70' title="bbox 157 4007 1751 4077">
     <span class='ocr_line' id='line_1_70' title="bbox 157 4007 1751 4077; baseline 0.006 -17"><span class='ocrx_word' id='word_1_570' title='bbox 157 4008 388 4077; x_wconf 79' lang='lat' dir='ltr'><strong>virgine.</strong></span> <span class='ocrx_word' id='word_1_571' title='bbox 420 4007 625 4076; x_wconf 85' lang='lat' dir='ltr'><strong>Quibus</strong></span> <span class='ocrx_word' id='word_1_572' title='bbox 649 4011 823 4068; x_wconf 88' lang='lat' dir='ltr'><strong>tribus</strong></span> <span class='ocrx_word' id='word_1_573' title='bbox 853 4013 1132 4069; x_wconf 88' lang='lat' dir='ltr'><strong>sententiis</strong></span> <span class='ocrx_word' id='word_1_574' title='bbox 1170 4015 1412 4070; x_wconf 88' lang='lat' dir='ltr'><strong>omnium</strong></span> <span class='ocrx_word' id='word_1_575' title='bbox 1439 4014 1554 4071; x_wconf 81' lang='lat' dir='ltr'><strong>fere</strong></span> <span class='ocrx_word' id='word_1_576' title='bbox 1574 4015 1751 4070; x_wconf 79' lang='lat' dir='ltr'><strong>haere-</strong></span> 
     </span>
    </p>
   </div>
   <div class='ocr_carea' id='block_1_71' title="bbox 159 4099 1753 4172">
    <p class='ocr_par' dir='ltr' id='par_1_71' title="bbox 159 4099 1753 4172">
     <span class='ocr_line' id='line_1_71' title="bbox 159 4099 1753 4172; baseline 0.005 -19"><span class='ocrx_word' id='word_1_577' title='bbox 159 4099 558 4156; x_wconf 85' lang='lat' dir='ltr'><strong>ticorum.....</strong></span> <span class='ocrx_word' id='word_1_578' title='bbox 607 4102 974 4159; x_wconf 86' lang='lat' dir='ltr'><strong>destruuntur.</strong></span> <span class='ocrx_word' id='word_1_579' title='bbox 1023 4103 1196 4172; x_wconf 91' lang='lat' dir='ltr'><strong>Quam</strong></span> <span class='ocrx_word' id='word_1_580' title='bbox 1237 4103 1539 4160; x_wconf 87' lang='lat' dir='ltr'><strong>doctrinam</strong></span> <span class='ocrx_word' id='word_1_581' title='bbox 1596 4105 1753 4162; x_wconf 88' lang='lat' dir='ltr'><strong>nobis</strong></span> 
     </span>
    </p>
   </div>
   <div class='ocr_carea' id='block_1_72' title="bbox 154 4187 1752 4264">
    <p class='ocr_par' dir='ltr' id='par_1_72' title="bbox 154 4187 1752 4264">
     <span class='ocr_line' id='line_1_72' title="bbox 154 4187 1752 4264; baseline 0.004 -20"><span class='ocrx_word' id='word_1_582' title='bbox 154 4187 412 4244; x_wconf 84' lang='lat' dir='ltr'><strong>Ioannes</strong></span> <span class='ocrx_word' id='word_1_583' title='bbox 445 4192 712 4261; x_wconf 87' lang='lat' dir='ltr'><strong>apostolus</strong></span> <span class='ocrx_word' id='word_1_584' title='bbox 733 4193 1108 4250; x_wconf 78' lang='lat' dir='ltr'><strong>conﬁrmavit:</strong></span> <span class='ocrx_word' id='word_1_585' title='bbox 1137 4204 1192 4249; x_wconf 91' lang='lat' dir='ltr'><strong>et</strong></span> <span class='ocrx_word' id='word_1_586' title='bbox 1217 4195 1448 4264; x_wconf 88' lang='lat' dir='ltr'><strong>qualiter</strong></span> <span class='ocrx_word' id='word_1_587' title='bbox 1470 4196 1752 4252; x_wconf 67' lang='lat' dir='ltr'><strong>haereticos</strong></span> 
     </span>
    </p>
   </div>
   <div class='ocr_carea' id='block_1_73' title="bbox 154 4285 1750 4362">
    <p class='ocr_par' dir='ltr' id='par_1_73' title="bbox 154 4285 1750 4362">
     <span class='ocr_line' id='line_1_73' title="bbox 154 4285 1750 4362; baseline 0.003 -21"><span class='ocrx_word' id='word_1_588' title='bbox 154 4301 187 4341; x_wconf 87' lang='lat' dir='ltr'><strong>a</strong></span> <span class='ocrx_word' id='word_1_589' title='bbox 212 4285 384 4342; x_wconf 88' lang='lat' dir='ltr'><strong>nobis</strong></span> <span class='ocrx_word' id='word_1_590' title='bbox 400 4288 748 4358; x_wconf 87' lang='lat' dir='ltr'><strong>expellamus,</strong></span> <span class='ocrx_word' id='word_1_591' title='bbox 783 4290 1077 4362; x_wconf 86' lang='lat' dir='ltr'><strong>instigavit,</strong></span> <span class='ocrx_word' id='word_1_592' title='bbox 1104 4290 1328 4346; x_wconf 89' lang='lat' dir='ltr'><strong>dicens:</strong></span> <span class='ocrx_word' id='word_1_593' title='bbox 1370 4289 1433 4346; x_wconf 88' lang='lat' dir='ltr'><strong>Si</strong></span> <span class='ocrx_word' id='word_1_594' title='bbox 1469 4291 1588 4362; x_wconf 86' lang='lat' dir='ltr'><strong>quis</strong></span> <span class='ocrx_word' id='word_1_595' title='bbox 1615 4291 1750 4346; x_wconf 84' lang='lat' dir='ltr'><strong>venit</strong></span> 
     </span>
    </p>
   </div>
   <div class='ocr_carea' id='block_1_74' title="bbox 155 4376 1751 4451">
    <p class='ocr_par' dir='ltr' id='par_1_74' title="bbox 155 4376 1751 4451">
     <span class='ocr_line' id='line_1_74' title="bbox 155 4376 1751 4451; baseline 0.004 -21"><span class='ocrx_word' id='word_1_596' title='bbox 155 4376 229 4430; x_wconf 85' lang='lat' dir='ltr'><strong>ad</strong></span> <span class='ocrx_word' id='word_1_597' title='bbox 261 4393 377 4440; x_wconf 81' lang='lat' dir='ltr'><strong>vos,</strong></span> <span class='ocrx_word' id='word_1_598' title='bbox 399 4386 448 4431; x_wconf 90' lang='lat' dir='ltr'><strong>et</strong></span> <span class='ocrx_word' id='word_1_599' title='bbox 475 4378 612 4433; x_wconf 87' lang='lat' dir='ltr'><strong>hanc</strong></span> <span class='ocrx_word' id='word_1_600' title='bbox 631 4379 925 4436; x_wconf 88' lang='lat' dir='ltr'><strong>doctrinam</strong></span> <span class='ocrx_word' id='word_1_601' title='bbox 948 4396 1051 4436; x_wconf 88' lang='lat' dir='ltr'><strong>non</strong></span> <span class='ocrx_word' id='word_1_602' title='bbox 1074 4381 1228 4450; x_wconf 74' lang='lat' dir='ltr'><strong>aﬁ‘ert</strong></span> <span class='ocrx_word' id='word_1_603' title='bbox 1253 4421 1268 4446; x_wconf 94' lang='lat'><strong>,</strong></span> <span class='ocrx_word' id='word_1_604' title='bbox 1319 4380 1478 4436; x_wconf 89' lang='lat' dir='ltr'><strong>nolite</strong></span> <span class='ocrx_word' id='word_1_605' title='bbox 1525 4382 1751 4451; x_wconf 87' lang='lat' dir='ltr'><strong>recipere</strong></span> 
     </span>
    </p>
   </div>
   <div class='ocr_carea' id='block_1_75' title="bbox 155 4467 1750 4539">
    <p class='ocr_par' dir='ltr' id='par_1_75' title="bbox 155 4467 1750 4539">
     <span class='ocr_line' id='line_1_75' title="bbox 155 4467 1750 4539; baseline 0.003 -17"><span class='ocrx_word' id='word_1_606' title='bbox 155 4483 281 4522; x_wconf 82' lang='lat' dir='ltr'><strong>eum</strong></span> <span class='ocrx_word' id='word_1_607' title='bbox 314 4467 370 4521; x_wconf 84' lang='lat' dir='ltr'><strong>in</strong></span> <span class='ocrx_word' id='word_1_608' title='bbox 406 4468 639 4538; x_wconf 86' lang='lat' dir='ltr'><strong>domum,</strong></span> <span class='ocrx_word' id='word_1_609' title='bbox 666 4488 759 4527; x_wconf 91' lang='lat' dir='ltr'><strong>nec</strong></span> <span class='ocrx_word' id='word_1_610' title='bbox 811 4489 903 4528; x_wconf 90' lang='lat' dir='ltr'><strong>ave</strong></span> <span class='ocrx_word' id='word_1_611' title='bbox 935 4473 982 4527; x_wconf 90' lang='lat' dir='ltr'><strong>ei</strong></span> <span class='ocrx_word' id='word_1_612' title='bbox 1004 4472 1262 4528; x_wconf 69' lang='lat' dir='ltr'><strong>dixeritis.</strong></span> <span class='ocrx_word' id='word_1_613' title='bbox 1296 4472 1400 4539; x_wconf 89' lang='lat' dir='ltr'><strong>Qui</strong></span> <span class='ocrx_word' id='word_1_614' title='bbox 1443 4474 1579 4528; x_wconf 92' lang='lat' dir='ltr'><strong>enim</strong></span> <span class='ocrx_word' id='word_1_615' title='bbox 1623 4473 1750 4527; x_wconf 88' lang='lat' dir='ltr'><strong>dicit</strong></span> 
     </span>
    </p>
   </div>
   <div class='ocr_carea' id='block_1_76' title="bbox 1848 3279 3430 3353">
    <p class='ocr_par' dir='ltr' id='par_1_76' title="bbox 1848 3279 3430 3353">
     <span class='ocr_line' id='line_1_76' title="bbox 1848 3279 3430 3353; baseline 0 -18"><span class='ocrx_word' id='word_1_616' title='bbox 1848 3283 2018 3353; x_wconf 86' lang='lat' dir='ltr'><strong>ipsum</strong></span> <span class='ocrx_word' id='word_1_617' title='bbox 2060 3281 2201 3351; x_wconf 90' lang='lat' dir='ltr'><strong>facta</strong></span> <span class='ocrx_word' id='word_1_618' title='bbox 2231 3291 2372 3347; x_wconf 91' lang='lat' dir='ltr'><strong>sunt,</strong></span> <span class='ocrx_word' id='word_1_619' title='bbox 2424 3289 2472 3335; x_wconf 89' lang='lat' dir='ltr'><strong>et</strong></span> <span class='ocrx_word' id='word_1_620' title='bbox 2516 3285 2634 3334; x_wconf 86' lang='lat' dir='ltr'><strong>sine</strong></span> <span class='ocrx_word' id='word_1_621' title='bbox 2671 3297 2784 3350; x_wconf 75' lang='lat' dir='ltr'><strong>ipso</strong></span> <span class='ocrx_word' id='word_1_622' title='bbox 2811 3279 3007 3349; x_wconf 91' lang='lat' dir='ltr'><strong>factum</strong></span> <span class='ocrx_word' id='word_1_623' title='bbox 3053 3289 3128 3334; x_wconf 90' lang='lat' dir='ltr'><strong>est</strong></span> <span class='ocrx_word' id='word_1_624' title='bbox 3165 3280 3316 3334; x_wconf 84' lang='lat' dir='ltr'><strong>nihil.</strong></span> <span class='ocrx_word' id='word_1_625' title='bbox 3356 3279 3430 3335; x_wconf 81' lang='lat' dir='ltr'><strong>Et</strong></span> 
     </span>
    </p>
   </div>
   <div class='ocr_carea' id='block_1_77' title="bbox 1849 3371 3430 3443">
    <p class='ocr_par' dir='ltr' id='par_1_77' title="bbox 1849 3371 3430 3443">
     <span class='ocr_line' id='line_1_77' title="bbox 1849 3371 3430 3443; baseline -0.003 -14"><span class='ocrx_word' id='word_1_626' title='bbox 1849 3375 2073 3429; x_wconf 86' lang='lat' dir='ltr'><strong>vidimus</strong></span> <span class='ocrx_word' id='word_1_627' title='bbox 2098 3371 2320 3443; x_wconf 87' lang='lat' dir='ltr'><strong>gloriam</strong></span> <span class='ocrx_word' id='word_1_628' title='bbox 2341 3372 2474 3442; x_wconf 87' lang='lat' dir='ltr'><strong>ejus,</strong></span> <span class='ocrx_word' id='word_1_629' title='bbox 2510 3372 2732 3442; x_wconf 88' lang='lat' dir='ltr'><strong>gloriam</strong></span> <span class='ocrx_word' id='word_1_630' title='bbox 2759 3373 3011 3441; x_wconf 85' lang='lat' dir='ltr'><strong>unigeniti</strong></span> <span class='ocrx_word' id='word_1_631' title='bbox 3033 3390 3065 3426; x_wconf 93' lang='lat' dir='ltr'><strong>a</strong></span> <span class='ocrx_word' id='word_1_632' title='bbox 3092 3371 3270 3436; x_wconf 84' lang='lat' dir='ltr'><strong>Patre,</strong></span> <span class='ocrx_word' id='word_1_633' title='bbox 3315 3371 3430 3443; x_wconf 89' lang='lat' dir='ltr'><strong>ple-</strong></span> 
     </span>
    </p>
   </div>
   <div class='ocr_carea' id='block_1_78' title="bbox 1849 3460 3427 3535">
    <p class='ocr_par' dir='ltr' id='par_1_78' title="bbox 1849 3460 3427 3535">
     <span class='ocr_line' id='line_1_78' title="bbox 1849 3460 3427 3535; baseline 0 -17"><span class='ocrx_word' id='word_1_634' title='bbox 1849 3481 1974 3518; x_wconf 89' lang='lat' dir='ltr'><strong>num</strong></span> <span class='ocrx_word' id='word_1_635' title='bbox 2001 3465 2186 3535; x_wconf 82' lang='lat' dir='ltr'><strong>gratia:</strong></span> <span class='ocrx_word' id='word_1_636' title='bbox 2211 3472 2258 3517; x_wconf 89' lang='lat' dir='ltr'><strong>et</strong></span> <span class='ocrx_word' id='word_1_637' title='bbox 2287 3463 2539 3517; x_wconf 85' lang='lat' dir='ltr'><strong>veritatis.</strong></span> <span class='ocrx_word' id='word_1_638' title='bbox 2587 3461 2657 3516; x_wconf 87' lang='lat' dir='ltr'><strong>Et</strong></span> <span class='ocrx_word' id='word_1_639' title='bbox 2711 3460 2929 3516; x_wconf 84' lang='lat' dir='ltr'><strong>Verbum</strong></span> <span class='ocrx_word' id='word_1_640' title='bbox 2954 3479 3078 3517; x_wconf 90' lang='lat' dir='ltr'><strong>caro</strong></span> <span class='ocrx_word' id='word_1_641' title='bbox 3102 3464 3300 3533; x_wconf 90' lang='lat' dir='ltr'><strong>factum</strong></span> <span class='ocrx_word' id='word_1_642' title='bbox 3330 3473 3427 3530; x_wconf 89' lang='lat' dir='ltr'><strong>est,</strong></span> 
     </span>
    </p>
   </div>
   <div class='ocr_carea' id='block_1_79' title="bbox 1848 3553 3430 3622">
    <p class='ocr_par' dir='ltr' id='par_1_79' title="bbox 1848 3553 3430 3622">
     <span class='ocr_line' id='line_1_79' title="bbox 1848 3553 3430 3622; baseline 0 -11"><span class='ocrx_word' id='word_1_643' title='bbox 1848 3565 1896 3611; x_wconf 87' lang='lat' dir='ltr'><strong>et</strong></span> <span class='ocrx_word' id='word_1_644' title='bbox 1923 3555 2172 3610; x_wconf 88' lang='lat' dir='ltr'><strong>habitavit</strong></span> <span class='ocrx_word' id='word_1_645' title='bbox 2196 3555 2252 3608; x_wconf 91' lang='lat' dir='ltr'><strong>in</strong></span> <span class='ocrx_word' id='word_1_646' title='bbox 2275 3554 2442 3621; x_wconf 90' lang='lat' dir='ltr'><strong>nobis,</strong></span> <span class='ocrx_word' id='word_1_647' title='bbox 2479 3553 2535 3608; x_wconf 90' lang='lat' dir='ltr'><strong>id</strong></span> <span class='ocrx_word' id='word_1_648' title='bbox 2559 3561 2658 3617; x_wconf 86' lang='lat' dir='ltr'><strong>est,</strong></span> <span class='ocrx_word' id='word_1_649' title='bbox 2689 3553 2832 3610; x_wconf 85' lang='lat' dir='ltr'><strong>Deus</strong></span> <span class='ocrx_word' id='word_1_650' title='bbox 2856 3555 3018 3609; x_wconf 89' lang='lat' dir='ltr'><strong>homo</strong></span> <span class='ocrx_word' id='word_1_651' title='bbox 3042 3555 3215 3612; x_wconf 82' lang='lat' dir='ltr'><strong>factus</strong></span> <span class='ocrx_word' id='word_1_652' title='bbox 3239 3562 3351 3622; x_wconf 89' lang='lat' dir='ltr'><strong>est;</strong></span> <span class='ocrx_word' id='word_1_653' title='bbox 3378 3565 3430 3611; x_wconf 88' lang='lat' dir='ltr'><strong>et</strong></span> 
     </span>
    </p>
   </div>
   <div class='ocr_carea' id='block_1_80' title="bbox 1848 3644 3429 3716">
    <p class='ocr_par' dir='ltr' id='par_1_80' title="bbox 1848 3644 3429 3716">
     <span class='ocr_line' id='line_1_80' title="bbox 1848 3644 3429 3716; baseline 0 -14"><span class='ocrx_word' id='word_1_654' title='bbox 1848 3647 2096 3702; x_wconf 82' lang='lat' dir='ltr'><strong>habitavit</strong></span> <span class='ocrx_word' id='word_1_655' title='bbox 2139 3647 2196 3700; x_wconf 90' lang='lat' dir='ltr'><strong>in</strong></span> <span class='ocrx_word' id='word_1_656' title='bbox 2239 3644 2406 3712; x_wconf 86' lang='lat' dir='ltr'><strong>nobis,</strong></span> <span class='ocrx_word' id='word_1_657' title='bbox 2449 3644 2552 3700; x_wconf 86' lang='lat' dir='ltr'><strong>hoc</strong></span> <span class='ocrx_word' id='word_1_658' title='bbox 2575 3653 2678 3710; x_wconf 88' lang='lat' dir='ltr'><strong>est,</strong></span> <span class='ocrx_word' id='word_1_659' title='bbox 2712 3645 2975 3700; x_wconf 88' lang='lat' dir='ltr'><strong>habitavit</strong></span> <span class='ocrx_word' id='word_1_660' title='bbox 2999 3646 3054 3700; x_wconf 91' lang='lat' dir='ltr'><strong>in</strong></span> <span class='ocrx_word' id='word_1_661' title='bbox 3077 3660 3260 3713; x_wconf 89' lang='lat' dir='ltr'><strong>carne,</strong></span> <span class='ocrx_word' id='word_1_662' title='bbox 3307 3660 3429 3716; x_wconf 67' lang='lat' dir='ltr'><strong>quae</strong></span> 
     </span>
    </p>
   </div>
   <div class='ocr_carea' id='block_1_81' title="bbox 1849 3733 3432 3805">
    <p class='ocr_par' dir='ltr' id='par_1_81' title="bbox 1849 3733 3432 3805">
     <span class='ocr_line' id='line_1_81' title="bbox 1849 3733 3432 3805; baseline 0 -13"><span class='ocrx_word' id='word_1_663' title='bbox 1849 3753 1950 3794; x_wconf 91' lang='lat' dir='ltr'><strong>nos</strong></span> <span class='ocrx_word' id='word_1_664' title='bbox 1969 3752 2174 3794; x_wconf 87' lang='lat' dir='ltr'><strong>sumus.</strong></span> <span class='ocrx_word' id='word_1_665' title='bbox 2202 3734 2317 3792; x_wconf 82' lang='lat' dir='ltr'><strong>Nisi</strong></span> <span class='ocrx_word' id='word_1_666' title='bbox 2339 3733 2573 3791; x_wconf 86' lang='lat' dir='ltr'><strong>Ioannes</strong></span> <span class='ocrx_word' id='word_1_667' title='bbox 2599 3736 2704 3791; x_wconf 89' lang='lat' dir='ltr'><strong>hoc</strong></span> <span class='ocrx_word' id='word_1_668' title='bbox 2740 3735 2894 3802; x_wconf 85' lang='lat' dir='ltr'><strong>dixit,</strong></span> <span class='ocrx_word' id='word_1_669' title='bbox 2921 3736 3157 3805; x_wconf 88' lang='lat' dir='ltr'><strong>piscator</strong></span> <span class='ocrx_word' id='word_1_670' title='bbox 3189 3744 3245 3794; x_wconf 85' lang='lat' dir='ltr'><strong>et</strong></span> <span class='ocrx_word' id='word_1_671' title='bbox 3265 3738 3432 3792; x_wconf 87' lang='lat' dir='ltr'><strong>rusti-</strong></span> 
     </span>
    </p>
   </div>
   <div class='ocr_carea' id='block_1_82' title="bbox 1849 3827 3429 3900">
    <p class='ocr_par' dir='ltr' id='par_1_82' title="bbox 1849 3827 3429 3900">
     <span class='ocr_line' id='line_1_82' title="bbox 1849 3827 3429 3900; baseline -0.001 -13"><span class='ocrx_word' id='word_1_672' title='bbox 1849 3845 1964 3897; x_wconf 89' lang='lat' dir='ltr'><strong>cus,</strong></span> <span class='ocrx_word' id='word_1_673' title='bbox 1992 3828 2145 3898; x_wconf 90' lang='lat' dir='ltr'><strong>cujus</strong></span> <span class='ocrx_word' id='word_1_674' title='bbox 2170 3827 2455 3900; x_wconf 87' lang='lat' dir='ltr'><strong>epistolam</strong></span> <span class='ocrx_word' id='word_1_675' title='bbox 2487 3827 2643 3884; x_wconf 88' lang='lat' dir='ltr'><strong>vobis</strong></span> <span class='ocrx_word' id='word_1_676' title='bbox 2672 3827 2920 3898; x_wconf 87' lang='lat' dir='ltr'><strong>legimus,</strong></span> <span class='ocrx_word' id='word_1_677' title='bbox 2956 3828 3189 3898; x_wconf 89' lang='lat' dir='ltr'><strong>qualiter</strong></span> <span class='ocrx_word' id='word_1_678' title='bbox 3217 3829 3272 3886; x_wconf 90' lang='lat' dir='ltr'><strong>in</strong></span> <span class='ocrx_word' id='word_1_679' title='bbox 3299 3827 3429 3886; x_wconf 90' lang='lat' dir='ltr'><strong>Iesu</strong></span> 
     </span>
    </p>
   </div>
   <div class='ocr_carea' id='block_1_83' title="bbox 1849 3918 3432 3991">
    <p class='ocr_par' dir='ltr' id='par_1_83' title="bbox 1849 3918 3432 3991">
     <span class='ocr_line' id='line_1_83' title="bbox 1849 3918 3432 3991; baseline -0.003 -11"><span class='ocrx_word' id='word_1_680' title='bbox 1849 3923 2066 3981; x_wconf 87' lang='lat' dir='ltr'><strong>Christo</strong></span> <span class='ocrx_word' id='word_1_681' title='bbox 2098 3921 2238 3976; x_wconf 87' lang='lat' dir='ltr'><strong>Filio</strong></span> <span class='ocrx_word' id='word_1_682' title='bbox 2267 3921 2364 3976; x_wconf 92' lang='lat' dir='ltr'><strong>Dei</strong></span> <span class='ocrx_word' id='word_1_683' title='bbox 2399 3919 2702 3986; x_wconf 87' lang='lat' dir='ltr'><strong>credamus,</strong></span> <span class='ocrx_word' id='word_1_684' title='bbox 2754 3927 2809 3973; x_wconf 91' lang='lat' dir='ltr'><strong>et</strong></span> <span class='ocrx_word' id='word_1_685' title='bbox 2855 3934 2978 3975; x_wconf 89' lang='lat' dir='ltr'><strong>cum</strong></span> <span class='ocrx_word' id='word_1_686' title='bbox 3019 3918 3110 3974; x_wconf 91' lang='lat' dir='ltr'><strong>illo</strong></span> <span class='ocrx_word' id='word_1_687' title='bbox 3158 3935 3266 3975; x_wconf 90' lang='lat' dir='ltr'><strong>una</strong></span> <span class='ocrx_word' id='word_1_688' title='bbox 3306 3935 3432 3991; x_wconf 88' lang='lat' dir='ltr'><strong>per-</strong></span> 
     </span>
    </p>
   </div>
   <div class='ocr_carea' id='block_1_84' title="bbox 1851 4009 3431 4079">
    <p class='ocr_par' dir='ltr' id='par_1_84' title="bbox 1851 4009 3431 4079">
     <span class='ocr_line' id='line_1_84' title="bbox 1851 4009 3431 4079; baseline -0.003 -10"><span class='ocrx_word' id='word_1_689' title='bbox 1851 4028 1981 4069; x_wconf 84' lang='lat' dir='ltr'><strong>sona</strong></span> <span class='ocrx_word' id='word_1_690' title='bbox 2016 4012 2204 4077; x_wconf 89' lang='lat' dir='ltr'><strong>simus,</strong></span> <span class='ocrx_word' id='word_1_691' title='bbox 2249 4010 2294 4066; x_wconf 88' lang='lat' dir='ltr'><strong>si</strong></span> <span class='ocrx_word' id='word_1_692' title='bbox 2332 4009 2675 4066; x_wconf 87' lang='lat' dir='ltr'><strong>dilectionem</strong></span> <span class='ocrx_word' id='word_1_693' title='bbox 2714 4009 2810 4064; x_wconf 88' lang='lat' dir='ltr'><strong>Dei</strong></span> <span class='ocrx_word' id='word_1_694' title='bbox 2857 4018 2912 4064; x_wconf 89' lang='lat' dir='ltr'><strong>et</strong></span> <span class='ocrx_word' id='word_1_695' title='bbox 2960 4010 3190 4079; x_wconf 78' lang='lat' dir='ltr'><strong>proximi</strong></span> <span class='ocrx_word' id='word_1_696' title='bbox 3226 4011 3431 4065; x_wconf 78' lang='lat' dir='ltr'><strong>habue-</strong></span> 
     </span>
    </p>
   </div>
   <div class='ocr_carea' id='block_1_85' title="bbox 1851 4087 3429 4171">
    <p class='ocr_par' dir='ltr' id='par_1_85' title="bbox 1851 4087 3429 4171">
     <span class='ocr_line' id='line_1_85' title="bbox 1851 4087 3429 4171; baseline -0.003 -11"><span class='ocrx_word' id='word_1_697' title='bbox 1851 4105 2039 4160; x_wconf 88' lang='lat' dir='ltr'><strong>rimus.</strong></span> <span class='ocrx_word' id='word_1_698' title='bbox 2070 4103 2197 4158; x_wconf 70' lang='lat' dir='ltr'><strong>Haec</strong></span> <span class='ocrx_word' id='word_1_699' title='bbox 2220 4111 2304 4158; x_wconf 87' lang='lat' dir='ltr'><strong>est</strong></span> <span class='ocrx_word' id='word_1_700' title='bbox 2329 4087 2572 4158; x_wconf 86' lang='lat' dir='ltr'><strong>Ecclesia</strong></span> <span class='ocrx_word' id='word_1_701' title='bbox 2600 4101 2654 4156; x_wconf 91' lang='lat' dir='ltr'><strong>in</strong></span> <span class='ocrx_word' id='word_1_702' title='bbox 2677 4101 2944 4157; x_wconf 87' lang='lat' dir='ltr'><strong>charitate</strong></span> <span class='ocrx_word' id='word_1_703' title='bbox 2961 4116 3060 4171; x_wconf 90' lang='lat' dir='ltr'><strong>per</strong></span> <span class='ocrx_word' id='word_1_704' title='bbox 3083 4103 3429 4169; x_wconf 86' lang='lat' dir='ltr'><strong>charitatem,</strong></span> 
     </span>
    </p>
   </div>
   <div class='ocr_carea' id='block_1_86' title="bbox 1851 4192 3432 4267">
    <p class='ocr_par' dir='ltr' id='par_1_86' title="bbox 1851 4192 3432 4267">
     <span class='ocr_line' id='line_1_86' title="bbox 1851 4192 3432 4267; baseline -0.002 -16"><span class='ocrx_word' id='word_1_705' title='bbox 1851 4212 1971 4267; x_wconf 75' lang='lat' dir='ltr'><strong>qua:</strong></span> <span class='ocrx_word' id='word_1_706' title='bbox 2002 4195 2144 4250; x_wconf 90' lang='lat' dir='ltr'><strong>Deus</strong></span> <span class='ocrx_word' id='word_1_707' title='bbox 2182 4202 2293 4259; x_wconf 88' lang='lat' dir='ltr'><strong>est;</strong></span> <span class='ocrx_word' id='word_1_708' title='bbox 2333 4202 2396 4248; x_wconf 90' lang='lat' dir='ltr'><strong>ut</strong></span> <span class='ocrx_word' id='word_1_709' title='bbox 2423 4208 2743 4247; x_wconf 88' lang='lat' dir='ltr'><strong>maneamus</strong></span> <span class='ocrx_word' id='word_1_710' title='bbox 2765 4193 2822 4246; x_wconf 92' lang='lat' dir='ltr'><strong>in</strong></span> <span class='ocrx_word' id='word_1_711' title='bbox 2846 4193 2976 4258; x_wconf 90' lang='lat' dir='ltr'><strong>Deo,</strong></span> <span class='ocrx_word' id='word_1_712' title='bbox 3008 4199 3062 4247; x_wconf 92' lang='lat' dir='ltr'><strong>et</strong></span> <span class='ocrx_word' id='word_1_713' title='bbox 3083 4192 3224 4248; x_wconf 88' lang='lat' dir='ltr'><strong>Deus</strong></span> <span class='ocrx_word' id='word_1_714' title='bbox 3255 4194 3311 4246; x_wconf 93' lang='lat' dir='ltr'><strong>in</strong></span> <span class='ocrx_word' id='word_1_715' title='bbox 3338 4209 3432 4248; x_wconf 89' lang='lat' dir='ltr'><strong>no-</strong></span> 
     </span>
    </p>
   </div>
   <div class='ocr_carea' id='block_1_87' title="bbox 1850 4284 3432 4356">
    <p class='ocr_par' dir='ltr' id='par_1_87' title="bbox 1850 4284 3432 4356">
     <span class='ocr_line' id='line_1_87' title="bbox 1850 4284 3432 4356; baseline -0.001 -14"><span class='ocrx_word' id='word_1_716' title='bbox 1850 4287 1954 4352; x_wconf 91' lang='lat' dir='ltr'><strong>bis,</strong></span> <span class='ocrx_word' id='word_1_717' title='bbox 1987 4287 2032 4341; x_wconf 88' lang='lat' dir='ltr'><strong>si</strong></span> <span class='ocrx_word' id='word_1_718' title='bbox 2061 4287 2163 4341; x_wconf 91' lang='lat' dir='ltr'><strong>hoc</strong></span> <span class='ocrx_word' id='word_1_719' title='bbox 2191 4284 2478 4342; x_wconf 80' lang='lat' dir='ltr'><strong>fecerimus</strong></span> <span class='ocrx_word' id='word_1_720' title='bbox 2506 4284 2758 4356; x_wconf 83' lang='lat' dir='ltr'><strong>proximo</strong></span> <span class='ocrx_word' id='word_1_721' title='bbox 2791 4285 2932 4354; x_wconf 92' lang='lat' dir='ltr'><strong>quod</strong></span> <span class='ocrx_word' id='word_1_722' title='bbox 2958 4284 3075 4340; x_wconf 84' lang='lat' dir='ltr'><strong>ﬁeri</strong></span> <span class='ocrx_word' id='word_1_723' title='bbox 3102 4285 3350 4341; x_wconf 89' lang='lat' dir='ltr'><strong>volumus</strong></span> <span class='ocrx_word' id='word_1_724' title='bbox 3376 4294 3432 4341; x_wconf 88' lang='lat' dir='ltr'><strong>et</strong></span> 
     </span>
    </p>
   </div>
   <div class='ocr_carea' id='block_1_88' title="bbox 1849 4376 3428 4448">
    <p class='ocr_par' dir='ltr' id='par_1_88' title="bbox 1849 4376 3428 4448">
     <span class='ocr_line' id='line_1_88' title="bbox 1849 4376 3428 4448; baseline -0.003 -13"><span class='ocrx_word' id='word_1_725' title='bbox 1849 4378 2024 4435; x_wconf 87' lang='lat' dir='ltr'><strong>nobis.</strong></span> <span class='ocrx_word' id='word_1_726' title='bbox 2069 4376 2207 4432; x_wconf 88' lang='lat' dir='ltr'><strong>Nam</strong></span> <span class='ocrx_word' id='word_1_727' title='bbox 2247 4379 2336 4448; x_wconf 91' lang='lat' dir='ltr'><strong>qui</strong></span> <span class='ocrx_word' id='word_1_728' title='bbox 2371 4377 2478 4431; x_wconf 89' lang='lat' dir='ltr'><strong>odit</strong></span> <span class='ocrx_word' id='word_1_729' title='bbox 2523 4377 2740 4447; x_wconf 88' lang='lat' dir='ltr'><strong>fratrem</strong></span> <span class='ocrx_word' id='word_1_730' title='bbox 2787 4393 2962 4443; x_wconf 88' lang='lat' dir='ltr'><strong>suum,</strong></span> <span class='ocrx_word' id='word_1_731' title='bbox 3007 4376 3271 4431; x_wconf 85' lang='lat' dir='ltr'><strong>homicida</strong></span> <span class='ocrx_word' id='word_1_732' title='bbox 3309 4386 3428 4431; x_wconf 90' lang='lat' dir='ltr'><strong>est:</strong></span> 
     </span>
    </p>
   </div>
   <div class='ocr_carea' id='block_1_89' title="bbox 1849 4465 3428 4535">
    <p class='ocr_par' dir='ltr' id='par_1_89' title="bbox 1849 4465 3428 4535">
     <span class='ocr_line' id='line_1_89' title="bbox 1849 4465 3428 4535; baseline 0.001 -14"><span class='ocrx_word' id='word_1_733' title='bbox 1849 4477 1896 4522; x_wconf 93' lang='lat' dir='ltr'><strong>et</strong></span> <span class='ocrx_word' id='word_1_734' title='bbox 1924 4465 2044 4520; x_wconf 88' lang='lat' dir='ltr'><strong>talis</strong></span> <span class='ocrx_word' id='word_1_735' title='bbox 2073 4465 2337 4520; x_wconf 80' lang='lat' dir='ltr'><strong>homicida</strong></span> <span class='ocrx_word' id='word_1_736' title='bbox 2367 4482 2472 4520; x_wconf 90' lang='lat' dir='ltr'><strong>non</strong></span> <span class='ocrx_word' id='word_1_737' title='bbox 2499 4466 2650 4521; x_wconf 85' lang='lat' dir='ltr'><strong>habet</strong></span> <span class='ocrx_word' id='word_1_738' title='bbox 2688 4467 2845 4520; x_wconf 83' lang='lat' dir='ltr'><strong>vitam</strong></span> <span class='ocrx_word' id='word_1_739' title='bbox 2871 4476 3138 4530; x_wconf 74' lang='lat' dir='ltr'><strong>wtemam,</strong></span> <span class='ocrx_word' id='word_1_740' title='bbox 3171 4466 3316 4535; x_wconf 86' lang='lat' dir='ltr'><strong>quod</strong></span> <span class='ocrx_word' id='word_1_741' title='bbox 3342 4475 3428 4523; x_wconf 81' lang='lat' dir='ltr'><strong>est</strong></span> 
     </span>
    </p>
   </div>
   <div class='ocr_carea' id='block_1_90' title="bbox 152 4556 3431 4636">
    <p class='ocr_par' dir='ltr' id='par_1_90' title="bbox 152 4556 3431 4636">
     <span class='ocr_line' id='line_1_90' title="bbox 152 4556 3431 4636; baseline 0.005 -26"><span class='ocrx_word' id='word_1_742' title='bbox 152 4556 237 4611; x_wconf 89' lang='lat' dir='ltr'><strong>illi</strong></span> <span class='ocrx_word' id='word_1_743' title='bbox 264 4575 386 4623; x_wconf 75' lang='lat' dir='ltr'><strong>ave,</strong></span> <span class='ocrx_word' id='word_1_744' title='bbox 414 4563 760 4617; x_wconf 87' lang='lat' dir='ltr'><strong>communicat</strong></span> <span class='ocrx_word' id='word_1_745' title='bbox 803 4564 1043 4634; x_wconf 83' lang='lat' dir='ltr'><strong>operibus</strong></span> <span class='ocrx_word' id='word_1_746' title='bbox 1085 4564 1228 4619; x_wconf 89' lang='lat' dir='ltr'><strong>illius</strong></span> <span class='ocrx_word' id='word_1_747' title='bbox 1264 4564 1528 4636; x_wconf 81' lang='lat' dir='ltr'><strong>malignis.</strong></span> <span class='ocrx_word' id='word_1_748' title='bbox 1581 4564 1751 4621; x_wconf 82' lang='lat' dir='ltr'><strong>Nemo</strong></span> <span class='ocrx_word' id='word_1_749' title='bbox 1777 4557 2010 4624; x_wconf 66' lang='lat' dir='ltr'><strong>DJBSUS</strong></span> <span class='ocrx_word' id='word_1_750' title='bbox 2053 4557 2316 4624; x_wconf 69' lang='grc' dir='ltr'><strong>(Ἇιΐίειυερ</strong></span> <span class='ocrx_word' id='word_1_751' title='bbox 2363 4559 2504 4614; x_wconf 60' lang='lat' dir='ltr'><strong>Sim“</strong></span> <span class='ocrx_word' id='word_1_752' title='bbox 2536 4558 2824 4628; x_wconf 70' lang='lat' dir='ltr'><strong>Apostolus</strong></span> <span class='ocrx_word' id='word_1_753' title='bbox 2863 4557 2940 4614; x_wconf 66' lang='grc' dir='ltr'><strong>³η</strong></span> <span class='ocrx_word' id='word_1_754' title='bbox 2963 4577 2978 4614; x_wconf 72' lang='grc' dir='ltr'><strong>ε</strong></span> <span class='ocrx_word' id='word_1_755' title='bbox 3002 4557 3071 4612; x_wconf 70' lang='grc' dir='ltr'>ω</span> <span class='ocrx_word' id='word_1_756' title='bbox 3115 4566 3431 4628; x_wconf 56' lang='lat' dir='ltr'><strong>cognomini</strong></span> 
     </span>
    </p>
   </div>
   <div class='ocr_carea' id='block_1_91' title="bbox 152 4649 1750 4720">
    <p class='ocr_par' dir='ltr' id='par_1_91' title="bbox 152 4649 1750 4720">
     <span class='ocr_line' id='line_1_91' title="bbox 152 4649 1750 4720; baseline 0.006 -15"><span class='ocrx_word' id='word_1_757' title='bbox 152 4649 308 4706; x_wconf 86' lang='lat' dir='ltr'><strong>dicat</strong></span> <span class='ocrx_word' id='word_1_758' title='bbox 343 4651 423 4706; x_wconf 91' lang='lat' dir='ltr'><strong>illi</strong></span> <span class='ocrx_word' id='word_1_759' title='bbox 442 4668 554 4719; x_wconf 79' lang='lat' dir='ltr'><strong>ave,</strong></span> <span class='ocrx_word' id='word_1_760' title='bbox 581 4653 636 4709; x_wconf 93' lang='lat' dir='ltr'><strong>id</strong></span> <span class='ocrx_word' id='word_1_761' title='bbox 655 4662 758 4720; x_wconf 88' lang='lat' dir='ltr'><strong>est,</strong></span> <span class='ocrx_word' id='word_1_762' title='bbox 783 4670 943 4712; x_wconf 89' lang='lat' dir='ltr'><strong>nemo</strong></span> <span class='ocrx_word' id='word_1_763' title='bbox 975 4656 1118 4711; x_wconf 91' lang='lat' dir='ltr'><strong>dicat</strong></span> <span class='ocrx_word' id='word_1_764' title='bbox 1141 4656 1215 4710; x_wconf 88' lang='lat' dir='ltr'><strong>illi</strong></span> <span class='ocrx_word' id='word_1_765' title='bbox 1239 4655 1461 4712; x_wconf 89' lang='lat' dir='ltr'><strong>Gaude:</strong></span> <span class='ocrx_word' id='word_1_766' title='bbox 1493 4664 1586 4712; x_wconf 91' lang='lat' dir='ltr'><strong>aut</strong></span> <span class='ocrx_word' id='word_1_767' title='bbox 1602 4667 1750 4714; x_wconf 89' lang='lat' dir='ltr'><strong>certe</strong></span> 
     </span>
    </p>
   </div>
   <div class='ocr_carea' id='block_1_92' title="bbox 150 4742 1750 4820">
    <p class='ocr_par' dir='ltr' id='par_1_92' title="bbox 150 4742 1750 4820">
     <span class='ocr_line' id='line_1_92' title="bbox 150 4742 1750 4820; baseline 0.005 -22"><span class='ocrx_word' id='word_1_768' title='bbox 150 4742 334 4810; x_wconf 87' lang='lat' dir='ltr'><strong>aliud,</strong></span> <span class='ocrx_word' id='word_1_769' title='bbox 350 4744 492 4813; x_wconf 92' lang='lat' dir='ltr'><strong>quod</strong></span> <span class='ocrx_word' id='word_1_770' title='bbox 513 4745 844 4802; x_wconf 88' lang='lat' dir='ltr'><strong>consuetudo</strong></span> <span class='ocrx_word' id='word_1_771' title='bbox 866 4755 949 4803; x_wconf 91' lang='lat' dir='ltr'><strong>est</strong></span> <span class='ocrx_word' id='word_1_772' title='bbox 970 4747 1257 4803; x_wconf 86' lang='lat' dir='ltr'><strong>salutandi.</strong></span> <span class='ocrx_word' id='word_1_773' title='bbox 1282 4748 1442 4804; x_wconf 90' lang='lat' dir='ltr'><strong>Fides</strong></span> <span class='ocrx_word' id='word_1_774' title='bbox 1468 4764 1614 4815; x_wconf 87' lang='lat' dir='ltr'><strong>vera,</strong></span> <span class='ocrx_word' id='word_1_775' title='bbox 1629 4765 1750 4820; x_wconf 78' lang='lat' dir='ltr'><strong>qua:</strong></span> 
     </span>
    </p>
   </div>
   <div class='ocr_carea' id='block_1_93' title="bbox 150 4835 1750 4912">
    <p class='ocr_par' dir='ltr' id='par_1_93' title="bbox 150 4835 1750 4912">
     <span class='ocr_line' id='line_1_93' title="bbox 150 4835 1750 4912; baseline 0.005 -23"><span class='ocrx_word' id='word_1_776' title='bbox 150 4835 223 4890; x_wconf 88' lang='lat' dir='ltr'><strong>ab</strong></span> <span class='ocrx_word' id='word_1_777' title='bbox 267 4835 540 4906; x_wconf 88' lang='lat' dir='ltr'><strong>apostolis</strong></span> <span class='ocrx_word' id='word_1_778' title='bbox 561 4837 754 4892; x_wconf 90' lang='lat' dir='ltr'><strong>tradita</strong></span> <span class='ocrx_word' id='word_1_779' title='bbox 782 4846 884 4906; x_wconf 90' lang='lat' dir='ltr'><strong>est,</strong></span> <span class='ocrx_word' id='word_1_780' title='bbox 912 4839 966 4894; x_wconf 91' lang='lat' dir='ltr'><strong>in</strong></span> <span class='ocrx_word' id='word_1_781' title='bbox 1000 4840 1150 4896; x_wconf 88' lang='lat' dir='ltr'><strong>brevi</strong></span> <span class='ocrx_word' id='word_1_782' title='bbox 1206 4847 1310 4896; x_wconf 86' lang='lat' dir='ltr'><strong>est.</strong></span> <span class='ocrx_word' id='word_1_783' title='bbox 1355 4840 1484 4896; x_wconf 90' lang='lat' dir='ltr'><strong>Sine</strong></span> <span class='ocrx_word' id='word_1_784' title='bbox 1513 4841 1750 4912; x_wconf 90' lang='lat' dir='ltr'><strong>philoso-</strong></span> 
     </span>
    </p>
   </div>
   <div class='ocr_carea' id='block_1_94' title="bbox 147 4925 1752 5000">
    <p class='ocr_par' dir='ltr' id='par_1_94' title="bbox 147 4925 1752 5000">
     <span class='ocr_line' id='line_1_94' title="bbox 147 4925 1752 5000; baseline 0.004 -19"><span class='ocrx_word' id='word_1_785' title='bbox 147 4925 284 4996; x_wconf 85' lang='lat' dir='ltr'><strong>phia</strong></span> <span class='ocrx_word' id='word_1_786' title='bbox 317 4927 507 4982; x_wconf 69' lang='lat' dir='ltr'><strong>saeculi</strong></span> <span class='ocrx_word' id='word_1_787' title='bbox 533 4936 646 4994; x_wconf 88' lang='lat' dir='ltr'><strong>est,</strong></span> <span class='ocrx_word' id='word_1_788' title='bbox 681 4927 906 5000; x_wconf 86' lang='lat' dir='ltr'><strong>simplex</strong></span> <span class='ocrx_word' id='word_1_789' title='bbox 935 4938 1036 4995; x_wconf 89' lang='lat' dir='ltr'><strong>est,</strong></span> <span class='ocrx_word' id='word_1_790' title='bbox 1055 4938 1108 4985; x_wconf 90' lang='lat' dir='ltr'><strong>et</strong></span> <span class='ocrx_word' id='word_1_791' title='bbox 1122 4931 1372 4988; x_wconf 88' lang='lat' dir='ltr'><strong>omnibus</strong></span> <span class='ocrx_word' id='word_1_792' title='bbox 1398 4932 1614 4988; x_wconf 88' lang='lat' dir='ltr'><strong>rusticis</strong></span> <span class='ocrx_word' id='word_1_793' title='bbox 1641 4948 1752 4987; x_wconf 88' lang='lat' dir='ltr'><strong>ma-</strong></span> 
     </span>
    </p>
   </div>
   <div class='ocr_carea' id='block_1_95' title="bbox 147 5019 1752 5094">
    <p class='ocr_par' dir='ltr' id='par_1_95' title="bbox 147 5019 1752 5094">
     <span class='ocr_line' id='line_1_95' title="bbox 147 5019 1752 5094; baseline 0.002 -20"><span class='ocrx_word' id='word_1_794' title='bbox 147 5019 387 5084; x_wconf 79' lang='lat' dir='ltr'><strong>nifesta,</strong></span> <span class='ocrx_word' id='word_1_795' title='bbox 415 5026 471 5074; x_wconf 90' lang='lat' dir='ltr'><strong>et</strong></span> <span class='ocrx_word' id='word_1_796' title='bbox 483 5019 735 5076; x_wconf 87' lang='lat' dir='ltr'><strong>omnibus</strong></span> <span class='ocrx_word' id='word_1_797' title='bbox 759 5021 1002 5090; x_wconf 85' lang='lat' dir='ltr'><strong>captivis,</strong></span> <span class='ocrx_word' id='word_1_798' title='bbox 1029 5030 1085 5076; x_wconf 91' lang='lat' dir='ltr'><strong>et</strong></span> <span class='ocrx_word' id='word_1_799' title='bbox 1101 5022 1398 5093; x_wconf 87' lang='lat' dir='ltr'><strong>peregrinis</strong></span> <span class='ocrx_word' id='word_1_800' title='bbox 1429 5023 1662 5094; x_wconf 87' lang='lat' dir='ltr'><strong>cognita.</strong></span> <span class='ocrx_word' id='word_1_801' title='bbox 1685 5022 1752 5078; x_wconf 87' lang='lat' dir='ltr'><strong>Et</strong></span> 
     </span>
    </p>
   </div>
   <div class='ocr_carea' id='block_1_96' title="bbox 145 5109 1737 5184">
    <p class='ocr_par' dir='ltr' id='par_1_96' title="bbox 145 5109 1737 5184">
     <span class='ocr_line' id='line_1_96' title="bbox 145 5109 1737 5184; baseline 0.003 -19"><span class='ocrx_word' id='word_1_802' title='bbox 145 5119 209 5166; x_wconf 93' lang='lat' dir='ltr'><strong>ut</strong></span> <span class='ocrx_word' id='word_1_803' title='bbox 231 5109 464 5182; x_wconf 88' lang='lat' dir='ltr'><strong>plenius</strong></span> <span class='ocrx_word' id='word_1_804' title='bbox 493 5111 754 5178; x_wconf 89' lang='lat' dir='ltr'><strong>dicamus,</strong></span> <span class='ocrx_word' id='word_1_805' title='bbox 783 5113 930 5168; x_wconf 93' lang='lat' dir='ltr'><strong>omni</strong></span> <span class='ocrx_word' id='word_1_806' title='bbox 955 5113 1230 5180; x_wconf 66' lang='lat' dir='ltr'><strong>Ecclesiae,</strong></span> <span class='ocrx_word' id='word_1_807' title='bbox 1256 5130 1376 5184; x_wconf 80' lang='lat' dir='ltr'><strong>quae</strong></span> <span class='ocrx_word' id='word_1_808' title='bbox 1409 5129 1506 5184; x_wconf 89' lang='lat' dir='ltr'><strong>per</strong></span> <span class='ocrx_word' id='word_1_809' title='bbox 1529 5115 1737 5170; x_wconf 64' lang='lat' dir='ltr'><strong>univero</strong></span> 
     </span>
    </p>
   </div>
   <div class='ocr_carea' id='block_1_97' title="bbox 145 5201 1752 5276">
    <p class='ocr_par' dir='ltr' id='par_1_97' title="bbox 145 5201 1752 5276">
     <span class='ocr_line' id='line_1_97' title="bbox 145 5201 1752 5276; baseline 0.003 -20"><span class='ocrx_word' id='word_1_810' title='bbox 145 5217 278 5257; x_wconf 88' lang='lat' dir='ltr'><strong>sum</strong></span> <span class='ocrx_word' id='word_1_811' title='bbox 316 5201 512 5258; x_wconf 89' lang='lat' dir='ltr'><strong>orbem</strong></span> <span class='ocrx_word' id='word_1_812' title='bbox 539 5212 807 5260; x_wconf 88' lang='lat' dir='ltr'><strong>terrarum</strong></span> <span class='ocrx_word' id='word_1_813' title='bbox 835 5213 918 5260; x_wconf 91' lang='lat' dir='ltr'><strong>est</strong></span> <span class='ocrx_word' id='word_1_814' title='bbox 961 5206 1270 5272; x_wconf 89' lang='lat' dir='ltr'><strong>constituta,</strong></span> <span class='ocrx_word' id='word_1_815' title='bbox 1295 5207 1510 5276; x_wconf 85' lang='lat' dir='ltr'><strong>publice</strong></span> <span class='ocrx_word' id='word_1_816' title='bbox 1552 5208 1752 5263; x_wconf 89' lang='lat' dir='ltr'><strong>consti-</strong></span> 
     </span>
    </p>
   </div>
   <div class='ocr_carea' id='block_1_98' title="bbox 147 5292 1755 5370">
    <p class='ocr_par' dir='ltr' id='par_1_98' title="bbox 147 5292 1755 5370">
     <span class='ocr_line' id='line_1_98' title="bbox 147 5292 1755 5370; baseline 0.003 -22"><span class='ocrx_word' id='word_1_817' title='bbox 147 5301 272 5348; x_wconf 84' lang='lat' dir='ltr'><strong>tuta</strong></span> <span class='ocrx_word' id='word_1_818' title='bbox 314 5301 427 5349; x_wconf 88' lang='lat' dir='ltr'><strong>est.</strong></span> <span class='ocrx_word' id='word_1_819' title='bbox 458 5292 527 5349; x_wconf 88' lang='lat' dir='ltr'><strong>Et</strong></span> <span class='ocrx_word' id='word_1_820' title='bbox 545 5297 914 5366; x_wconf 86' lang='lat' dir='ltr'><strong>unusquisque</strong></span> <span class='ocrx_word' id='word_1_821' title='bbox 945 5297 1175 5368; x_wconf 89' lang='lat' dir='ltr'><strong>qualiter</strong></span> <span class='ocrx_word' id='word_1_822' title='bbox 1203 5299 1408 5364; x_wconf 86' lang='lat' dir='ltr'><strong>credat,</strong></span> <span class='ocrx_word' id='word_1_823' title='bbox 1432 5298 1583 5354; x_wconf 89' lang='lat' dir='ltr'><strong>brevi</strong></span> <span class='ocrx_word' id='word_1_824' title='bbox 1613 5313 1755 5370; x_wconf 86' lang='lat' dir='ltr'><strong>sym-</strong></span> 
     </span>
    </p>
   </div>
   <div class='ocr_carea' id='block_1_99' title="bbox 143 5386 1753 5462">
    <p class='ocr_par' dir='ltr' id='par_1_99' title="bbox 143 5386 1753 5462">
     <span class='ocr_line' id='line_1_99' title="bbox 143 5386 1753 5462; baseline 0.002 -20"><span class='ocrx_word' id='word_1_825' title='bbox 143 5386 284 5442; x_wconf 85' lang='lat' dir='ltr'><strong>bolo</strong></span> <span class='ocrx_word' id='word_1_826' title='bbox 315 5386 601 5458; x_wconf 82' lang='lat' dir='ltr'><strong>complexa</strong></span> <span class='ocrx_word' id='word_1_827' title='bbox 637 5396 738 5444; x_wconf 89' lang='lat' dir='ltr'><strong>est.</strong></span> <span class='ocrx_word' id='word_1_828' title='bbox 768 5389 837 5444; x_wconf 86' lang='lat' dir='ltr'><strong>Et</strong></span> <span class='ocrx_word' id='word_1_829' title='bbox 874 5390 1106 5460; x_wconf 88' lang='lat' dir='ltr'><strong>qualiter</strong></span> <span class='ocrx_word' id='word_1_830' title='bbox 1140 5399 1259 5447; x_wconf 90' lang='lat' dir='ltr'><strong>oret</strong></span> <span class='ocrx_word' id='word_1_831' title='bbox 1279 5431 1294 5455; x_wconf 94' lang='lat'><strong>,</strong></span> <span class='ocrx_word' id='word_1_832' title='bbox 1355 5399 1410 5446; x_wconf 92' lang='lat' dir='ltr'><strong>et</strong></span> <span class='ocrx_word' id='word_1_833' title='bbox 1428 5391 1543 5462; x_wconf 88' lang='lat' dir='ltr'><strong>ipsa</strong></span> <span class='ocrx_word' id='word_1_834' title='bbox 1571 5389 1753 5446; x_wconf 90' lang='lat' dir='ltr'><strong>brevis</strong></span> 
     </span>
    </p>
   </div>
   <div class='ocr_carea' id='block_1_100' title="bbox 142 5477 1754 5552">
    <p class='ocr_par' dir='ltr' id='par_1_100' title="bbox 142 5477 1754 5552">
     <span class='ocr_line' id='line_1_100' title="bbox 142 5477 1754 5552; baseline 0.001 -18"><span class='ocrx_word' id='word_1_835' title='bbox 142 5478 346 5534; x_wconf 87' lang='lat' dir='ltr'><strong>oratio</strong></span> <span class='ocrx_word' id='word_1_836' title='bbox 370 5477 645 5536; x_wconf 87' lang='lat' dir='ltr'><strong>Dominica</strong></span> <span class='ocrx_word' id='word_1_837' title='bbox 696 5488 798 5548; x_wconf 90' lang='lat' dir='ltr'><strong>est,</strong></span> <span class='ocrx_word' id='word_1_838' title='bbox 829 5496 946 5551; x_wconf 69' lang='lat' dir='ltr'><strong>qua:</strong></span> <span class='ocrx_word' id='word_1_839' title='bbox 996 5490 1199 5552; x_wconf 87' lang='lat' dir='ltr'><strong>septem</strong></span> <span class='ocrx_word' id='word_1_840' title='bbox 1248 5481 1598 5552; x_wconf 89' lang='lat' dir='ltr'><strong>petitionibus</strong></span> <span class='ocrx_word' id='word_1_841' title='bbox 1625 5497 1754 5538; x_wconf 88' lang='lat' dir='ltr'><strong>oon-</strong></span> 
     </span>
    </p>
   </div>
   <div class='ocr_carea' id='block_1_101' title="bbox 143 5571 1754 5644">
    <p class='ocr_par' dir='ltr' id='par_1_101' title="bbox 143 5571 1754 5644">
     <span class='ocr_line' id='line_1_101' title="bbox 143 5571 1754 5644; baseline 0.001 -16"><span class='ocrx_word' id='word_1_842' title='bbox 143 5579 289 5637; x_wconf 84' lang='lat' dir='ltr'><strong>stat,</strong></span> <span class='ocrx_word' id='word_1_843' title='bbox 318 5585 444 5640; x_wconf 64' lang='lat' dir='ltr'><strong>quae</strong></span> <span class='ocrx_word' id='word_1_844' title='bbox 472 5571 540 5625; x_wconf 89' lang='lat' dir='ltr'><strong>ah</strong></span> <span class='ocrx_word' id='word_1_845' title='bbox 567 5571 682 5642; x_wconf 87' lang='lat' dir='ltr'><strong>ipso</strong></span> <span class='ocrx_word' id='word_1_846' title='bbox 703 5573 946 5637; x_wconf 90' lang='lat' dir='ltr'><strong>Domino,</strong></span> <span class='ocrx_word' id='word_1_847' title='bbox 963 5573 1198 5644; x_wconf 88' lang='lat' dir='ltr'><strong>qualiter</strong></span> <span class='ocrx_word' id='word_1_848' title='bbox 1221 5588 1412 5628; x_wconf 89' lang='lat' dir='ltr'><strong>omnes</strong></span> <span class='ocrx_word' id='word_1_849' title='bbox 1440 5572 1642 5628; x_wconf 90' lang='lat' dir='ltr'><strong>creduli</strong></span> <span class='ocrx_word' id='word_1_850' title='bbox 1665 5573 1754 5629; x_wconf 84' lang='lat' dir='ltr'><strong>de-</strong></span> 
     </span>
    </p>
   </div>
   <div class='ocr_carea' id='block_1_102' title="bbox 145 5663 1755 5735">
    <p class='ocr_par' dir='ltr' id='par_1_102' title="bbox 145 5663 1755 5735">
     <span class='ocr_line' id='line_1_102' title="bbox 145 5663 1755 5735; baseline -0.001 -17"><span class='ocrx_word' id='word_1_851' title='bbox 145 5663 399 5718; x_wconf 87' lang='lat' dir='ltr'><strong>beamus</strong></span> <span class='ocrx_word' id='word_1_852' title='bbox 415 5676 593 5728; x_wconf 86' lang='lat' dir='ltr'><strong>orare,</strong></span> <span class='ocrx_word' id='word_1_853' title='bbox 611 5664 804 5718; x_wconf 88' lang='lat' dir='ltr'><strong>tradita</strong></span> <span class='ocrx_word' id='word_1_854' title='bbox 826 5673 928 5719; x_wconf 91' lang='lat' dir='ltr'><strong>est.</strong></span> <span class='ocrx_word' id='word_1_855' title='bbox 956 5663 1304 5732; x_wconf 86' lang='lat' dir='ltr'><strong>Quamobrem</strong></span> <span class='ocrx_word' id='word_1_856' title='bbox 1325 5682 1416 5720; x_wconf 89' lang='lat' dir='ltr'><strong>nec</strong></span> <span class='ocrx_word' id='word_1_857' title='bbox 1437 5673 1584 5719; x_wconf 64' lang='lat' dir='ltr'><strong>extra</strong></span> <span class='ocrx_word' id='word_1_858' title='bbox 1613 5681 1755 5735; x_wconf 83' lang='lat' dir='ltr'><strong>sgm-</strong></span> 
     </span>
    </p>
   </div>
   <div class='ocr_carea' id='block_1_103' title="bbox 144 5753 1753 5827">
    <p class='ocr_par' dir='ltr' id='par_1_103' title="bbox 144 5753 1753 5827">
     <span class='ocr_line' id='line_1_103' title="bbox 144 5753 1753 5827; baseline 0.001 -19"><span class='ocrx_word' id='word_1_859' title='bbox 144 5753 353 5810; x_wconf 75' lang='lat' dir='ltr'><strong>bolum</strong></span> <span class='ocrx_word' id='word_1_860' title='bbox 369 5753 614 5811; x_wconf 88' lang='lat' dir='ltr'><strong>habemus</strong></span> <span class='ocrx_word' id='word_1_861' title='bbox 626 5756 764 5826; x_wconf 89' lang='lat' dir='ltr'><strong>quod</strong></span> <span class='ocrx_word' id='word_1_862' title='bbox 775 5758 998 5820; x_wconf 85' lang='lat' dir='ltr'><strong>credere,</strong></span> <span class='ocrx_word' id='word_1_863' title='bbox 1014 5774 1104 5811; x_wconf 89' lang='lat' dir='ltr'><strong>nec</strong></span> <span class='ocrx_word' id='word_1_864' title='bbox 1115 5757 1252 5827; x_wconf 89' lang='lat' dir='ltr'><strong>quod</strong></span> <span class='ocrx_word' id='word_1_865' title='bbox 1263 5766 1344 5811; x_wconf 74' lang='lat' dir='ltr'><strong>ext</strong></span> <span class='ocrx_word' id='word_1_866' title='bbox 1352 5774 1410 5810; x_wconf 89' lang='lat' dir='ltr'><strong>ra</strong></span> <span class='ocrx_word' id='word_1_867' title='bbox 1427 5756 1753 5810; x_wconf 80' lang='lat' dir='ltr'><strong>Dominicam</strong></span> 
     </span>
    </p>
   </div>
   <div class='ocr_carea' id='block_1_104' title="bbox 147 5845 1752 5920">
    <p class='ocr_par' dir='ltr' id='par_1_104' title="bbox 147 5845 1752 5920">
     <span class='ocr_line' id='line_1_104' title="bbox 147 5845 1752 5920; baseline 0.001 -19"><span class='ocrx_word' id='word_1_868' title='bbox 147 5845 466 5904; x_wconf 83' lang='lat' dir='ltr'><strong>orationem</strong></span> <span class='ocrx_word' id='word_1_869' title='bbox 502 5862 676 5907; x_wconf 88' lang='lat' dir='ltr'><strong>orare.</strong></span> <span class='ocrx_word' id='word_1_870' title='bbox 705 5849 816 5906; x_wconf 84' lang='lat' dir='ltr'><strong>Nec</strong></span> <span class='ocrx_word' id='word_1_871' title='bbox 842 5848 971 5905; x_wconf 88' lang='lat' dir='ltr'><strong>nihil</strong></span> <span class='ocrx_word' id='word_1_872' title='bbox 996 5864 1203 5917; x_wconf 85' lang='lat' dir='ltr'><strong>novum,</strong></span> <span class='ocrx_word' id='word_1_873' title='bbox 1241 5856 1452 5920; x_wconf 74' lang='lat' dir='ltr'><strong>excepta</strong></span> <span class='ocrx_word' id='word_1_874' title='bbox 1471 5847 1568 5904; x_wconf 87' lang='lat' dir='ltr'><strong>hoc</strong></span> <span class='ocrx_word' id='word_1_875' title='bbox 1589 5863 1752 5916; x_wconf 71' lang='lat' dir='ltr'><strong>novo,</strong></span> 
     </span>
    </p>
   </div>
   <div class='ocr_carea' id='block_1_105' title="bbox 1849 4649 3431 4722">
    <p class='ocr_par' dir='ltr' id='par_1_105' title="bbox 1849 4649 3431 4722">
     <span class='ocr_line' id='line_1_105' title="bbox 1849 4649 3431 4722; baseline -0.001 -14"><span class='ocrx_word' id='word_1_876' title='bbox 1849 4663 1898 4708; x_wconf 89' lang='lat' dir='ltr'><strong>te</strong></span> <span class='ocrx_word' id='word_1_877' title='bbox 1923 4651 2094 4708; x_wconf 89' lang='lat' dir='ltr'><strong>solum</strong></span> <span class='ocrx_word' id='word_1_878' title='bbox 2134 4669 2309 4707; x_wconf 88' lang='lat' dir='ltr'><strong>verum</strong></span> <span class='ocrx_word' id='word_1_879' title='bbox 2348 4651 2537 4718; x_wconf 92' lang='lat' dir='ltr'><strong>Deum,</strong></span> <span class='ocrx_word' id='word_1_880' title='bbox 2569 4661 2618 4706; x_wconf 89' lang='lat' dir='ltr'><strong>et</strong></span> <span class='ocrx_word' id='word_1_881' title='bbox 2647 4669 2798 4722; x_wconf 89' lang='lat' dir='ltr'><strong>quem</strong></span> <span class='ocrx_word' id='word_1_882' title='bbox 2837 4652 3026 4705; x_wconf 87' lang='lat' dir='ltr'><strong>misisti</strong></span> <span class='ocrx_word' id='word_1_883' title='bbox 3060 4651 3242 4706; x_wconf 84' lang='lat' dir='ltr'><strong>Iesum</strong></span> <span class='ocrx_word' id='word_1_884' title='bbox 3283 4649 3431 4706; x_wconf 85' lang='lat' dir='ltr'><strong>Chri-</strong></span> 
     </span>
    </p>
   </div>
   <div class='ocr_carea' id='block_1_106' title="bbox 1847 4739 3429 4807">
    <p class='ocr_par' dir='ltr' id='par_1_106' title="bbox 1847 4739 3429 4807">
     <span class='ocr_line' id='line_1_106' title="bbox 1847 4739 3429 4807; baseline -0.003 -7"><span class='ocrx_word' id='word_1_885' title='bbox 1847 4753 2005 4800; x_wconf 91' lang='lat' dir='ltr'><strong>stum.</strong></span> <span class='ocrx_word' id='word_1_886' title='bbox 2035 4742 2138 4798; x_wconf 84' lang='lat' dir='ltr'><strong>Hic</strong></span> <span class='ocrx_word' id='word_1_887' title='bbox 2164 4753 2240 4800; x_wconf 90' lang='lat' dir='ltr'><strong>est</strong></span> <span class='ocrx_word' id='word_1_888' title='bbox 2277 4760 2426 4799; x_wconf 89' lang='lat' dir='ltr'><strong>verus</strong></span> <span class='ocrx_word' id='word_1_889' title='bbox 2457 4743 2618 4807; x_wconf 89' lang='lat' dir='ltr'><strong>Deus,</strong></span> <span class='ocrx_word' id='word_1_890' title='bbox 2649 4752 2698 4796; x_wconf 90' lang='lat' dir='ltr'><strong>et</strong></span> <span class='ocrx_word' id='word_1_891' title='bbox 2724 4743 2827 4796; x_wconf 91' lang='lat' dir='ltr'><strong>vita</strong></span> <span class='ocrx_word' id='word_1_892' title='bbox 2851 4750 3068 4795; x_wconf 78' lang='lat' dir='ltr'><strong>teterna.</strong></span> <span class='ocrx_word' id='word_1_893' title='bbox 3093 4741 3232 4796; x_wconf 89' lang='lat' dir='ltr'><strong>Ecce</strong></span> <span class='ocrx_word' id='word_1_894' title='bbox 3267 4739 3429 4796; x_wconf 80' lang='lat' dir='ltr'><strong>ﬁdem</strong></span> 
     </span>
    </p>
   </div>
   <div class='ocr_carea' id='block_1_107' title="bbox 1847 4832 3432 4907">
    <p class='ocr_par' dir='ltr' id='par_1_107' title="bbox 1847 4832 3432 4907">
     <span class='ocr_line' id='line_1_107' title="bbox 1847 4832 3432 4907; baseline -0.005 -13"><span class='ocrx_word' id='word_1_895' title='bbox 1847 4847 2113 4904; x_wconf 88' lang='lat' dir='ltr'><strong>nostram,</strong></span> <span class='ocrx_word' id='word_1_896' title='bbox 2160 4837 2392 4907; x_wconf 87' lang='lat' dir='ltr'><strong>qualiter</strong></span> <span class='ocrx_word' id='word_1_897' title='bbox 2436 4835 2705 4890; x_wconf 88' lang='lat' dir='ltr'><strong>credimus</strong></span> <span class='ocrx_word' id='word_1_898' title='bbox 2732 4842 2788 4887; x_wconf 88' lang='lat' dir='ltr'><strong>et</strong></span> <span class='ocrx_word' id='word_1_899' title='bbox 2810 4848 3049 4897; x_wconf 88' lang='lat' dir='ltr'><strong>oramus,</strong></span> <span class='ocrx_word' id='word_1_900' title='bbox 3091 4832 3241 4888; x_wconf 86' lang='lat' dir='ltr'><strong>brevi</strong></span> <span class='ocrx_word' id='word_1_901' title='bbox 3281 4849 3432 4888; x_wconf 82' lang='lat' dir='ltr'><strong>com-</strong></span> 
     </span>
    </p>
   </div>
   <div class='ocr_carea' id='block_1_108' title="bbox 1834 4922 3426 4999">
    <p class='ocr_par' dir='ltr' id='par_1_108' title="bbox 1834 4922 3426 4999">
     <span class='ocr_line' id='line_1_108' title="bbox 1834 4922 3426 4999; baseline -0.002 -19"><span class='ocrx_word' id='word_1_902' title='bbox 1834 4928 2098 4999; x_wconf 89' lang='lat' dir='ltr'><strong>.pendiolo</strong></span> <span class='ocrx_word' id='word_1_903' title='bbox 2153 4926 2344 4983; x_wconf 85' lang='lat' dir='ltr'><strong>rustici</strong></span> <span class='ocrx_word' id='word_1_904' title='bbox 2410 4925 2654 4980; x_wconf 91' lang='lat' dir='ltr'><strong>homines</strong></span> <span class='ocrx_word' id='word_1_905' title='bbox 2717 4922 3052 4993; x_wconf 87' lang='lat' dir='ltr'><strong>sapientibus</strong></span> <span class='ocrx_word' id='word_1_906' title='bbox 3097 4922 3426 4991; x_wconf 89' lang='lat' dir='ltr'><strong>pandimus:</strong></span> 
     </span>
    </p>
   </div>
   <div class='ocr_carea' id='block_1_109' title="bbox 1849 5013 3430 5087">
    <p class='ocr_par' dir='ltr' id='par_1_109' title="bbox 1849 5013 3430 5087">
     <span class='ocr_line' id='line_1_109' title="bbox 1849 5013 3430 5087; baseline -0.006 -8"><span class='ocrx_word' id='word_1_907' title='bbox 1849 5023 2056 5087; x_wconf 91' lang='lat' dir='ltr'><strong>docete,</strong></span> <span class='ocrx_word' id='word_1_908' title='bbox 2085 5021 2131 5077; x_wconf 89' lang='lat' dir='ltr'><strong>si</strong></span> <span class='ocrx_word' id='word_1_909' title='bbox 2159 5020 2332 5076; x_wconf 88' lang='lat' dir='ltr'><strong>nostis</strong></span> <span class='ocrx_word' id='word_1_910' title='bbox 2375 5017 2624 5087; x_wconf 89' lang='lat' dir='ltr'><strong>amplius.</strong></span> <span class='ocrx_word' id='word_1_911' title='bbox 2657 5014 2814 5082; x_wconf 83' lang='lat' dir='ltr'><strong>Nam,</strong></span> <span class='ocrx_word' id='word_1_912' title='bbox 2842 5014 2983 5070; x_wconf 90' lang='lat' dir='ltr'><strong>sicut</strong></span> <span class='ocrx_word' id='word_1_913' title='bbox 3006 5014 3258 5080; x_wconf 78' lang='lat' dir='ltr'><strong>diximus,</strong></span> <span class='ocrx_word' id='word_1_914' title='bbox 3293 5013 3430 5070; x_wconf 80' lang='lat' dir='ltr'><strong>ﬁdes</strong></span> 
     </span>
    </p>
   </div>
   <div class='ocr_carea' id='block_1_110' title="bbox 1850 5103 3423 5177">
    <p class='ocr_par' dir='ltr' id='par_1_110' title="bbox 1850 5103 3423 5177">
     <span class='ocr_line' id='line_1_110' title="bbox 1850 5103 3423 5177; baseline -0.006 -9"><span class='ocrx_word' id='word_1_915' title='bbox 1850 5114 1905 5168; x_wconf 93' lang='lat' dir='ltr'><strong>in</strong></span> <span class='ocrx_word' id='word_1_916' title='bbox 1933 5111 2082 5169; x_wconf 87' lang='lat' dir='ltr'><strong>brevi</strong></span> <span class='ocrx_word' id='word_1_917' title='bbox 2114 5118 2218 5166; x_wconf 89' lang='lat' dir='ltr'><strong>est.</strong></span> <span class='ocrx_word' id='word_1_918' title='bbox 2263 5109 2378 5165; x_wconf 81' lang='lat' dir='ltr'><strong>Hoc</strong></span> <span class='ocrx_word' id='word_1_919' title='bbox 2419 5108 2593 5177; x_wconf 90' lang='lat' dir='ltr'><strong>ipsum</strong></span> <span class='ocrx_word' id='word_1_920' title='bbox 2621 5105 2788 5160; x_wconf 89' lang='lat' dir='ltr'><strong>Isaias</strong></span> <span class='ocrx_word' id='word_1_921' title='bbox 2831 5111 3137 5170; x_wconf 88' lang='lat' dir='ltr'><strong>attestatur,</strong></span> <span class='ocrx_word' id='word_1_922' title='bbox 3179 5103 3271 5174; x_wconf 91' lang='lat' dir='ltr'><strong>qui</strong></span> <span class='ocrx_word' id='word_1_923' title='bbox 3308 5105 3423 5160; x_wconf 88' lang='lat' dir='ltr'><strong>ait:</strong></span> 
     </span>
    </p>
   </div>
   <div class='ocr_carea' id='block_1_111' title="bbox 1852 5195 3414 5272">
    <p class='ocr_par' dir='ltr' id='par_1_111' title="bbox 1852 5195 3414 5272">
     <span class='ocr_line' id='line_1_111' title="bbox 1852 5195 3414 5272; baseline -0.006 -13"><span class='ocrx_word' id='word_1_924' title='bbox 1852 5204 2252 5259; x_wconf 83' lang='lat' dir='ltr'><strong>Consummatas</strong></span> <span class='ocrx_word' id='word_1_925' title='bbox 2281 5199 2488 5272; x_wconf 89' lang='lat' dir='ltr'><strong>quidem</strong></span> <span class='ocrx_word' id='word_1_926' title='bbox 2504 5208 2552 5254; x_wconf 91' lang='lat' dir='ltr'><strong>et</strong></span> <span class='ocrx_word' id='word_1_927' title='bbox 2579 5197 2831 5252; x_wconf 86' lang='lat' dir='ltr'><strong>breviatas</strong></span> <span class='ocrx_word' id='word_1_928' title='bbox 2865 5213 2944 5250; x_wconf 88' lang='lat' dir='ltr'><strong>res</strong></span> <span class='ocrx_word' id='word_1_929' title='bbox 2969 5195 3304 5268; x_wconf 85' lang='lat' dir='ltr'><strong>audivi,quia</strong></span> <span class='ocrx_word' id='word_1_930' title='bbox 3325 5213 3414 5252; x_wconf 90' lang='lat' dir='ltr'><strong>ver</strong></span> 
     </span>
    </p>
   </div>
   <div class='ocr_carea' id='block_1_112' title="bbox 1852 5290 3428 5364">
    <p class='ocr_par' dir='ltr' id='par_1_112' title="bbox 1852 5290 3428 5364">
     <span class='ocr_line' id='line_1_112' title="bbox 1852 5290 3428 5364; baseline -0.004 -11"><span class='ocrx_word' id='word_1_931' title='bbox 1852 5299 1974 5354; x_wconf 91' lang='lat' dir='ltr'><strong>bum</strong></span> <span class='ocrx_word' id='word_1_932' title='bbox 2011 5297 2295 5352; x_wconf 85' lang='lat' dir='ltr'><strong>breviatum</strong></span> <span class='ocrx_word' id='word_1_933' title='bbox 2322 5293 2476 5364; x_wconf 90' lang='lat' dir='ltr'><strong>faciet</strong></span> <span class='ocrx_word' id='word_1_934' title='bbox 2501 5291 2758 5346; x_wconf 89' lang='lat' dir='ltr'><strong>Dominus</strong></span> <span class='ocrx_word' id='word_1_935' title='bbox 2795 5291 2850 5344; x_wconf 94' lang='lat' dir='ltr'><strong>in</strong></span> <span class='ocrx_word' id='word_1_936' title='bbox 2889 5298 3029 5345; x_wconf 90' lang='lat' dir='ltr'><strong>terra</strong></span> <span class='ocrx_word' id='word_1_937' title='bbox 3059 5290 3193 5362; x_wconf 88' lang='lat' dir='ltr'><strong>(lsa.</strong></span> <span class='ocrx_word' id='word_1_938' title='bbox 3226 5307 3280 5355; x_wconf 91' lang='lat' dir='ltr'><strong>x,</strong></span> <span class='ocrx_word' id='word_1_939' title='bbox 3311 5290 3428 5361; x_wconf 76' lang='lat'><strong>25).</strong></span> 
     </span>
    </p>
   </div>
   <div class='ocr_carea' id='block_1_113' title="bbox 1852 5379 3468 5459">
    <p class='ocr_par' dir='ltr' id='par_1_113' title="bbox 1852 5379 3468 5459">
     <span class='ocr_line' id='line_1_113' title="bbox 1852 5379 3468 5459; baseline -0.006 -15"><span class='ocrx_word' id='word_1_940' title='bbox 1852 5389 1928 5444; x_wconf 92' lang='lat' dir='ltr'><strong>De</strong></span> <span class='ocrx_word' id='word_1_941' title='bbox 1953 5400 2061 5459; x_wconf 91' lang='lat' dir='ltr'><strong>quo</strong></span> <span class='ocrx_word' id='word_1_942' title='bbox 2089 5399 2218 5440; x_wconf 87' lang='lat' dir='ltr'><strong>vero</strong></span> <span class='ocrx_word' id='word_1_943' title='bbox 2245 5384 2386 5439; x_wconf 89' lang='lat' dir='ltr'><strong>idem</strong></span> <span class='ocrx_word' id='word_1_944' title='bbox 2413 5380 2784 5452; x_wconf 84' lang='lat' dir='ltr'><strong>prophetavit:</strong></span> <span class='ocrx_word' id='word_1_945' title='bbox 2807 5379 2946 5435; x_wconf 87' lang='lat' dir='ltr'><strong>Ecce</strong></span> <span class='ocrx_word' id='word_1_946' title='bbox 2977 5381 3187 5435; x_wconf 88' lang='lat' dir='ltr'><strong>verbum</strong></span> <span class='ocrx_word' id='word_1_947' title='bbox 3213 5379 3430 5436; x_wconf 79' lang='lat' dir='ltr'><strong>Domini</strong></span> <span class='ocrx_word' id='word_1_948' title='bbox 3466 5409 3468 5412; x_wconf 63' lang='grc' dir='ltr'><strong><em>τ</em></strong></span> 
     </span>
    </p>
   </div>
   <div class='ocr_carea' id='block_1_114' title="bbox 1853 5469 3432 5549">
    <p class='ocr_par' dir='ltr' id='par_1_114' title="bbox 1853 5469 3432 5549">
     <span class='ocr_line' id='line_1_114' title="bbox 1853 5469 3432 5549; baseline -0.004 -15"><span class='ocrx_word' id='word_1_949' title='bbox 1853 5479 2048 5549; x_wconf 88' lang='lat' dir='ltr'><strong>factum</strong></span> <span class='ocrx_word' id='word_1_950' title='bbox 2061 5485 2132 5530; x_wconf 91' lang='lat' dir='ltr'><strong>est</strong></span> <span class='ocrx_word' id='word_1_951' title='bbox 2151 5472 2256 5529; x_wconf 90' lang='lat' dir='ltr'><strong>illis</strong></span> <span class='ocrx_word' id='word_1_952' title='bbox 2271 5475 2328 5527; x_wconf 92' lang='lat' dir='ltr'><strong>in</strong></span> <span class='ocrx_word' id='word_1_953' title='bbox 2343 5471 2780 5537; x_wconf 88' lang='lat' dir='ltr'><strong>maledictionem,</strong></span> <span class='ocrx_word' id='word_1_954' title='bbox 2797 5481 2845 5525; x_wconf 89' lang='lat' dir='ltr'><strong>et</strong></span> <span class='ocrx_word' id='word_1_955' title='bbox 2865 5469 3142 5526; x_wconf 87' lang='lat' dir='ltr'><strong>noluerunt</strong></span> <span class='ocrx_word' id='word_1_956' title='bbox 3157 5471 3310 5526; x_wconf 89' lang='lat' dir='ltr'><strong>illud.</strong></span> <span class='ocrx_word' id='word_1_957' title='bbox 3325 5471 3432 5538; x_wconf 85' lang='lat' dir='ltr'><strong>Qui</strong></span> 
     </span>
    </p>
   </div>
   <div class='ocr_carea' id='block_1_115' title="bbox 1853 5561 3431 5638">
    <p class='ocr_par' dir='ltr' id='par_1_115' title="bbox 1853 5561 3431 5638">
     <span class='ocr_line' id='line_1_115' title="bbox 1853 5561 3431 5638; baseline -0.006 -13"><span class='ocrx_word' id='word_1_958' title='bbox 1853 5576 1978 5625; x_wconf 90' lang='lat' dir='ltr'><strong>sunt</strong></span> <span class='ocrx_word' id='word_1_959' title='bbox 2000 5567 2092 5638; x_wconf 91' lang='lat' dir='ltr'><strong>qui</strong></span> <span class='ocrx_word' id='word_1_960' title='bbox 2126 5564 2405 5620; x_wconf 86' lang='lat' dir='ltr'><strong>noluerunt</strong></span> <span class='ocrx_word' id='word_1_961' title='bbox 2437 5562 2588 5628; x_wconf 85' lang='lat' dir='ltr'><strong>illud,</strong></span> <span class='ocrx_word' id='word_1_962' title='bbox 2619 5563 2723 5618; x_wconf 84' lang='lat' dir='ltr'><strong>nisi</strong></span> <span class='ocrx_word' id='word_1_963' title='bbox 2750 5561 2920 5619; x_wconf 69' lang='lat' dir='ltr'><strong>Iudaei</strong></span> <span class='ocrx_word' id='word_1_964' title='bbox 2955 5569 3011 5616; x_wconf 90' lang='lat' dir='ltr'><strong>et</strong></span> <span class='ocrx_word' id='word_1_965' title='bbox 3039 5562 3300 5629; x_wconf 65' lang='lat' dir='ltr'><strong>haeretici,</strong></span> <span class='ocrx_word' id='word_1_966' title='bbox 3334 5562 3431 5633; x_wconf 89' lang='lat' dir='ltr'><strong>qui</strong></span> 
     </span>
    </p>
   </div>
   <div class='ocr_carea' id='block_1_116' title="bbox 1854 5653 3428 5720">
    <p class='ocr_par' dir='ltr' id='par_1_116' title="bbox 1854 5653 3428 5720">
     <span class='ocr_line' id='line_1_116' title="bbox 1854 5653 3428 5720; baseline -0.006 -3"><span class='ocrx_word' id='word_1_967' title='bbox 1854 5663 2090 5718; x_wconf 82' lang='lat' dir='ltr'><strong>Verbum</strong></span> <span class='ocrx_word' id='word_1_968' title='bbox 2130 5656 2520 5720; x_wconf 88' lang='lat' dir='ltr'><strong>abbreviatum,</strong></span> <span class='ocrx_word' id='word_1_969' title='bbox 2559 5654 2613 5710; x_wconf 94' lang='lat' dir='ltr'><strong>id</strong></span> <span class='ocrx_word' id='word_1_970' title='bbox 2638 5661 2740 5720; x_wconf 90' lang='lat' dir='ltr'><strong>est,</strong></span> <span class='ocrx_word' id='word_1_971' title='bbox 2768 5653 3042 5712; x_wconf 86' lang='lat' dir='ltr'><strong>hominem</strong></span> <span class='ocrx_word' id='word_1_972' title='bbox 3070 5653 3290 5718; x_wconf 79' lang='lat' dir='ltr'><strong>factum,</strong></span> <span class='ocrx_word' id='word_1_973' title='bbox 3318 5666 3428 5707; x_wconf 86' lang='lat' dir='ltr'><strong>non</strong></span> 
     </span>
    </p>
   </div>
   <div class='ocr_carea' id='block_1_117' title="bbox 1854 5743 3428 5816">
    <p class='ocr_par' dir='ltr' id='par_1_117' title="bbox 1854 5743 3428 5816">
     <span class='ocr_line' id='line_1_117' title="bbox 1854 5743 3428 5816; baseline -0.01 -5"><span class='ocrx_word' id='word_1_974' title='bbox 1854 5755 2078 5812; x_wconf 89' lang='lat' dir='ltr'><strong>credunt</strong></span> <span class='ocrx_word' id='word_1_975' title='bbox 2102 5764 2220 5804; x_wconf 90' lang='lat' dir='ltr'><strong>esse</strong></span> <span class='ocrx_word' id='word_1_976' title='bbox 2248 5747 2443 5803; x_wconf 85' lang='lat' dir='ltr'><strong>Filium</strong></span> <span class='ocrx_word' id='word_1_977' title='bbox 2459 5747 2573 5814; x_wconf 89' lang='lat' dir='ltr'><strong>Dei,</strong></span> <span class='ocrx_word' id='word_1_978' title='bbox 2600 5747 2796 5816; x_wconf 89' lang='lat' dir='ltr'><strong>ipsum,</strong></span> <span class='ocrx_word' id='word_1_979' title='bbox 2827 5745 2919 5816; x_wconf 90' lang='lat' dir='ltr'><strong>qui</strong></span> <span class='ocrx_word' id='word_1_980' title='bbox 2946 5759 3044 5815; x_wconf 92' lang='lat' dir='ltr'><strong>pro</strong></span> <span class='ocrx_word' id='word_1_981' title='bbox 3070 5745 3228 5801; x_wconf 86' lang='lat' dir='ltr'><strong>nobis</strong></span> <span class='ocrx_word' id='word_1_982' title='bbox 3247 5743 3428 5797; x_wconf 56' lang='lat' dir='ltr'><strong>vulne.</strong></span> 
     </span>
    </p>
   </div>
   <div class='ocr_carea' id='block_1_118' title="bbox 1858 5831 3426 5914">
    <p class='ocr_par' dir='ltr' id='par_1_118' title="bbox 1858 5831 3426 5914">
     <span class='ocr_line' id='line_1_118' title="bbox 1858 5831 3426 5914; baseline -0.008 -10"><span class='ocrx_word' id='word_1_983' title='bbox 1858 5855 2007 5904; x_wconf 88' lang='lat' dir='ltr'><strong>ratus</strong></span> <span class='ocrx_word' id='word_1_984' title='bbox 2020 5851 2125 5914; x_wconf 90' lang='lat' dir='ltr'><strong>est,</strong></span> <span class='ocrx_word' id='word_1_985' title='bbox 2141 5848 2200 5900; x_wconf 88' lang='lat' dir='ltr'><strong>ut</strong></span> <span class='ocrx_word' id='word_1_986' title='bbox 2216 5840 2438 5904; x_wconf 88' lang='lat' dir='ltr'><strong>vulnera</strong></span> <span class='ocrx_word' id='word_1_987' title='bbox 2456 5847 2642 5898; x_wconf 87' lang='lat' dir='ltr'><strong>nostra</strong></span> <span class='ocrx_word' id='word_1_988' title='bbox 2661 5846 2879 5899; x_wconf 80' lang='lat' dir='ltr'><strong>sanaret</strong></span> <span class='ocrx_word' id='word_1_989' title='bbox 2891 5838 2914 5894; x_wconf 82' lang='lat'><strong>?</strong></span> <span class='ocrx_word' id='word_1_990' title='bbox 2928 5837 3005 5897; x_wconf 87' lang='lat' dir='ltr'><strong>De</strong></span> <span class='ocrx_word' id='word_1_991' title='bbox 3022 5851 3130 5907; x_wconf 83' lang='lat' dir='ltr'><strong>quo</strong></span> <span class='ocrx_word' id='word_1_992' title='bbox 3144 5836 3200 5892; x_wconf 90' lang='lat' dir='ltr'><strong>in</strong></span> <span class='ocrx_word' id='word_1_993' title='bbox 3216 5831 3426 5906; x_wconf 79' lang='lat' dir='ltr'><strong>psalm0</strong></span> 
     </span>
    </p>
   </div>
  </div>
