3952 6318
1357 377 1762 473 ELIPANDUS,
1802 405 2026 474 FELIX,
2067 403 2410 464 HETERIUS
2447 407 2537 464 ET
2577 407 2637 465 S.
2677 407 2968 466 BEATUS.

3643 416 3740 468 920

509 524 762 591 fratrum,
805 530 861 579 et
903 522 1008 578 erit
1051 520 1206 577 vobis
1255 517 1670 592 ignominiosum
1718 517 1766 574 si
1792 517 1860 573 ab
1890 517 1994 573 illis
2023 517 2078 572 in
2105 522 2157 582 Α
2180 517 2422 588 singulis.
2461 517 2580 572 Non
2605 519 2795 588 utique
2831 521 3072 590 corporis
3125 519 3329 588 dolore,
3382 521 3480 578 sed
3517 527 3750 594 quadam

509 617 663 674 vobis
706 616 1089 688 reprehensum
1115 612 1297 668 fuerit.

579 708 762 764 XLIV.
809 725 830 760 ς
868 705 1302 762 Adolescentiam
1346 717 1478 759 sane
1522 700 1710 757 fratris
1758 701 1930 758 nostri
1973 701 2080 757 He-

509 800 635 855 terii
669 799 808 854 lacte
839 798 1015 852 adhuc
1059 797 1266 861 alitam,
1315 801 1371 850 et
1404 794 1639 850 nondum
1670 793 1737 849 ad
1766 793 1934 849 robur
1959 808 2082 864 per-

511 890 664 948 fecta:
701 889 1067 959 intelligentize
1125 887 1460 956 perductam,
1526 893 1705 940 vestra
1767 883 2081 941 fraternitas

510 982 721 1038 erudiat
747 998 762 1036 :
803 980 930 1050 quia
953 994 1062 1034 non
1088 994 1210 1034 cum
1264 975 1538 1047 magistris
1559 974 1794 1045 optimis,
1839 973 1935 1030 sed
1957 989 2080 1029 cum

511 1072 716 1142 ignaris
765 1078 821 1126 et
866 1069 1248 1132 schismaticis,
1299 1066 1549 1122 videlicet
1593 1065 1773 1120 Felice
1811 1070 1867 1118 et
1917 1064 2082 1118 Beato

511 1174 538 1202 ιι
563 1159 890 1230 Atiphrasio,
934 1158 1167 1229 atquales
1204 1158 1261 1211 in
1289 1157 1506 1221 virtute,
1533 1163 1588 1210 et
1612 1169 1771 1224 pares
1799 1155 1853 1208 in
1873 1167 2077 1218 errore,

507 1251 694 1307 habuit
722 1249 1082 1307 collationem.
1124 1247 1365 1302 Bonosus
1401 1253 1456 1300 et
1492 1244 1687 1299 Beatus
1741 1243 1860 1313 pari
1898 1257 2082 1297 errore

509 1340 850 1396 condemnati
888 1346 1032 1394 sunt.
1073 1336 1164 1392 llle
1198 1335 1426 1391 credidit
1454 1335 1521 1389 de
1549 1341 1721 1388 matre
1750 1333 2078 1402 adoptivum,

507 1439 565 1487 et
590 1447 697 1487 non
738 1430 806 1486 de
860 1431 1020 1486 Patre
1073 1438 1198 1484 ante
1238 1428 1433 1484 saecula
1487 1427 1703 1498 proprie
1743 1425 2000 1497 genitum,
2027 1433 2084 1479 et

506 1539 614 1582 non
659 1524 727 1579 de
768 1532 941 1578 matre
982 1521 1351 1592 temporaliter
1391 1519 1720 1589 adoptivum.
1777 1517 1880 1572 Cui
1931 1517 2082 1572 simi-

505 1613 616 1670 lem
641 1613 963 1670 existimabo
992 1611 1162 1676 illum,
1212 1611 1316 1665 nisi
1345 1610 1542 1665 Fausto
1564 1607 1895 1663 Manichaao?
1917 1606 2084 1662 Faus-

507 1715 592 1762 tus
617 1706 992 1762 condemnavit
1024 1703 1361 1775 patriarchas
1381 1709 1436 1757 et
1458 1701 1770 1772 prophetas,
1818 1699 1922 1754 iste
1949 1714 2081 1753 con-

507 1796 724 1851 demnat
753 1796 1000 1850 doctoces
1047 1793 1256 1862 priscos
1296 1801 1350 1847 et
1401 1792 1706 1846 modernos.
1747 1789 1984 1846 Obsecro
2020 1795 2081 1844 ut

2180 609 2561 665 misericordiae
2608 613 2999 680 compassione,
3048 622 3139 669 aut
3185 615 3369 686 glorias
3415 615 3750 674 celebritate.

2180 700 2248 755 Et
2289 717 2580 758 conversus
2640 703 2822 757 statim
2877 703 3070 760 Petrus
3128 706 3182 760 in
3212 707 3490 764 civitatem
3554 710 3752 766 rediit:

2181 794 2703 866 comprehensusque
2748 811 2780 849 a
2804 797 3259 866 persecutoribus,
3288 802 3438 857 cruci
3477 801 3756 871 adiudica-

2181 895 2292 941 tur.
2343 886 2540 942 Paulus
2565 887 2682 959 ipse
2720 903 2815 944 vas
2860 889 3137 946 electionis
3200 893 3482 964 discipulis
3527 906 3749 952 narrat:

2172 975 2427 1043 "Quotidie
2456 976 2685 1050 compleo
2714 996 2776 1034 ea
2812 998 2930 1052 qua:
2965 983 3152 1038 desunt
3196 987 3430 1056 passioni
3452 985 3675 1053 Christi,
3705 992 3754 1044 in

2182 1085 2338 1123 carne
2366 1085 2503 1124 mea.
2557 1072 2625 1127 Et
2653 1073 2777 1141 quia
2809 1074 2914 1130 duo
2969 1091 3170 1146 genera
3218 1087 3343 1133 sunt
3398 1082 3677 1153 martyrii,
3708 1084 3755 1137 id

2182 1167 2264 1214 est
2290 1159 2471 1230 passio
2498 1168 2554 1216 et
2581 1163 2901 1232 compassio,
2949 1180 3142 1234 passus
3168 1176 3254 1222 est
3281 1168 3546 1224 Dominus
3578 1169 3634 1224 in
3662 1169 3755 1224 Pe-

2183 1257 2268 1306 tro
2316 1259 2370 1306 et
2419 1251 2639 1319 Jacobo,
2688 1270 3001 1325 compassus
3036 1265 3120 1313 est
3182 1259 3238 1314 in
3307 1258 3538 1316 Joanne.
3580 1262 3758 1332 Deque

2181 1337 2382 1396 Jacoho
2428 1349 2483 1396 et
2544 1340 2749 1399 Joanne
2803 1345 2974 1399 dixit:
3039 1345 3264 1402 Potestis
3319 1349 3541 1403 calicem
3596 1350 3765 1406 bibere

2182 1446 2333 1501 quem
2359 1448 2450 1501 ego
2482 1432 2736 1489 bibiturus
2790 1437 2954 1490 sum?
2991 1436 3411 1508 Responderunt,
3445 1439 3762 1495 Possumus.

2182 1522 2322 1578 Dicit
2357 1525 2432 1578 eis
2464 1524 2617 1580 Iesus
2640 1543 2658 1580 :
2707 1525 2932 1582 Calicem
2978 1546 3148 1583 meum
3183 1531 3364 1585 bibetis
3387 1547 3407 1586 :
3467 1541 3526 1587 et
3580 1534 3764 1604 utique

2184 1629 2306 1668 cum
2353 1614 2491 1669 calix
2518 1616 2574 1670 in
2615 1615 2908 1687 Scripturis
2953 1619 3168 1691 legitur,
3217 1624 3394 1691 passio
3425 1625 3763 1681 nominatur.

2184 1703 2370 1760 Omnis
2408 1707 2550 1761 cnim
2599 1723 2786 1764 servus
2830 1711 2926 1766 Dei
2978 1712 3072 1781 qui
3113 1722 3315 1768 rectam
3369 1714 3538 1770 ﬁdem
3585 1716 3761 1780 habet,

2184 1797 2310 1865 quia
2349 1797 2530 1866 justus
2553 1814 2619 1852 ea:
2641 1799 2747 1867 ﬁde
2770 1801 2888 1855 vivit
2915 1819 2935 1866 ;
2970 1812 3026 1857 et
3045 1818 3260 1858 omnem
3287 1804 3597 1872 hominem,
3633 1808 3766 1862 sicut

507 1886 686 1942 calore
715 1887 838 1941 ﬁdei
887 1885 1121 1951 accensi,
1153 1894 1303 1940 tanta
1354 1884 1473 1939 sitis
1518 1883 1814 1939 intentione
1870 1897 2080 1953 praeca-
2106 1879 2156 1934 Β
2184 1887 2532 1956 semetipsum
2559 1887 2747 1960 diligit,
2798 1891 3019 1948 calicem
3070 1893 3270 1950 Christi
3318 1896 3484 1952 bibit.
3524 1898 3646 1953 Non
3690 1910 3765 1955 est

504 1976 620 2043 lidi,
666 1985 728 2032 ut
756 1990 996 2032 errorem
1044 1977 1360 2047 praedictum
1411 1977 1476 2032 de
1514 1975 1690 2030 medio
1716 1975 1881 2029 vestri
1929 1973 2082 2029 aufe—

513 2071 687 2125 ratis:
729 2078 789 2125 ut
827 2070 967 2126 sicut
995 2084 1092 2139 per
1128 2085 1313 2125 servos
1338 2084 1464 2124 suos
1505 2068 1763 2124 Dominus
1787 2066 1854 2121 de
1889 2067 2086 2122 ﬁnibus

509 2161 719 2216 Bzeticse
770 2159 1063 2216 eradicavit
1102 2160 1348 2216 hmresim
1374 2158 1734 2229 Migetianam,
1770 2156 1842 2210 ita
1867 2172 1963 2226 per
1989 2172 2084 2211 vos

508 2251 573 2305 de
627 2251 822 2306 ﬁnibus
864 2250 1260 2306 Asturiensium
1315 2249 1555 2304 funditus
1599 2248 1795 2304 evellat
1833 2247 2082 2302 hazresim

505 2342 837 2397 Beatianam.
856 2341 962 2398 Sed
985 2342 1110 2412 quia
1125 2341 1303 2397 audivi
1323 2340 1466 2410 quod
1486 2355 1788 2410 praecursor
1808 2337 2085 2393 Antichri-

510 2436 579 2491 sti
615 2436 668 2490 in
701 2435 877 2491 medio
921 2435 1089 2490 vestri
1123 2433 1390 2504 apparuit,
1423 2432 1516 2502 qui
1559 2432 1710 2486 illum
1756 2429 1868 2499 jam
1897 2437 2083 2484 natum

507 2529 808 2594 annuntiat,
842 2543 1023 2598 quaeso
1048 2536 1109 2582 ut
1139 2526 1421 2597 perquiras
1463 2525 1531 2579 ab
1561 2539 1645 2588 eo,
1679 2523 1791 2587 ubi,
1835 2530 1930 2578 aut
1951 2537 2085 2592 quo-

507 2619 682 2681 modo,
715 2627 808 2673 aut
854 2619 1068 2688 quando
1120 2626 1277 2672 natus
1324 2625 1408 2672 est
1460 2615 1683 2686 spiritus
1730 2614 1819 2669 ille
1855 2615 2086 2669 mendax

505 2707 906 2776 prophetarum,
955 2707 1125 2776 quiin
1162 2723 1227 2762 eo
1269 2707 1526 2776 loquitur,
1585 2713 1639 2760 et
1689 2720 1788 2760 nos
1825 2704 2086 2760 sollicitos

507 2798 670 2854 redde
707 2797 943 2868 [Florez,
989 2797 1218 2870 reddat].
1268 2820 1287 2852 ι

582 2889 739 2944 XLV.
781 2888 907 2945 Haec
931 2889 1158 2959 epistola
1188 2897 1280 2944 tua
1323 2897 1426 2946 est.
1457 2888 1585 2945 Haec
1616 2889 1780 2944 verba
1809 2895 1900 2942 tua
1936 2894 2081 2942 sunt.

509 2977 637 3034 Haec
665 2979 798 3034 ﬁdes
842 2987 935 3034 tua
961 2989 1065 3036 est.
1106 2980 1232 3036 Haec
1275 2979 1518 3036 doctrina
1552 2989 1644 3036 tua
1689 2988 1794 3036 est.
1835 2978 1963 3034 Haec
1992 2994 2082 3034 sa-

507 3069 710 3138 pientia
759 3077 849 3125 tua
883 3079 985 3125 est.
1023 3071 1090 3125 Et
1137 3071 1205 3125 ad
1255 3071 1369 3141 ipsa
1415 3085 1518 3125 nos
1574 3069 1839 3124 inclinare
1899 3067 2078 3136 jubes.

511 3163 578 3217 Et
611 3163 739 3233 quia
781 3177 888 3218 non
925 3163 1265 3228 inclinamus,
1309 3163 1510 3218 clamas
1539 3162 1666 3232 quia
1722 3158 1962 3215 haeretici
1989 3174 2080 3212 su-

513 3265 632 3306 mus
674 3259 729 3307 et
772 3267 1135 3322 prtecursores
1186 3251 1524 3308 Antichristi.
1567 3250 1636 3304 Et
1680 3250 1794 3320 ipse
1857 3249 2081 3318 spiritus

510 3343 742 3398 mendax
775 3343 867 3414 qui
896 3345 951 3398 in
979 3360 1066 3399 ore
1093 3344 1270 3403 Achab
1297 3345 1666 3415 prophetarum
1692 3343 1954 3413 ingressus
1982 3351 2077 3408 est,

513 3435 630 3505 ipse
656 3436 893 3506 loquitur
917 3437 972 3493 in
1016 3438 1190 3493 nobis.
1230 3437 1298 3492 Et
1332 3437 1479 3492 dicas
1527 3436 1696 3492 Fideli
1728 3445 1858 3489 tuo:
1899 3453 1916 3486 ‹
1947 3435 2080 3490 Per-

2104 3211 2157 3280 ο

2185 1987 2369 2044 aperte
2397 1978 2674 2048 sanguinis
2713 1978 2924 2047 ell'usio,
2972 1991 3067 2036 aut
3120 1985 3366 2055 corporis
3419 1988 3634 2057 passio,
3678 1990 3767 2045 sed

2184 2065 2350 2119 animi
2379 2069 2701 2136 compassio.
2757 2069 2891 2136 Quia
2939 2080 3163 2142 uterque
3189 2087 3346 2132 unus
3382 2076 3596 2133 Christi
3636 2080 3766 2134 hihi-

2184 2160 2274 2207 tur
2310 2155 2472 2221 calix,
2503 2164 2562 2210 ut
2613 2157 2866 2214 Salomon
2897 2161 2951 2215 in
3001 2161 3224 2219 Cantico
3272 2166 3622 2222 canticorum
3650 2171 3762 2223 ait:

2183 2239 2363 2298 Fortis
2393 2255 2468 2298 est
2517 2245 2725 2302 dilectio
2771 2249 2906 2304 sicut
2953 2267 3091 2306 mors
3120 2253 3299 2324 (Cant.
3351 2271 3480 2323 vui,
3514 2257 3596 2329 6).
3627 2259 3767 2315 Sicut

2183 2332 2326 2386 enim
2353 2335 2445 2403 qui
2492 2337 2741 2404 moritur,
2766 2338 2881 2408 jam
2908 2339 3050 2394 ultra
3077 2341 3238 2397 istum
3267 2360 3376 2400 non
3427 2347 3586 2403 videt
3624 2365 3768 2404 mun-

2184 2423 2329 2489 dum,
2384 2425 2458 2479 ita
2486 2433 2542 2481 et
2577 2429 2669 2497 qui
2699 2444 2915 2485 omnem
2958 2432 3231 2489 hominem
3282 2436 3470 2508 diligit
3525 2441 3668 2495 sicut
3696 2457 3763 2505 se,

2183 2532 2288 2572 non
2314 2524 2491 2586 potest
2533 2519 2716 2574 videre
2759 2521 2901 2577 hunc
2927 2525 3186 2580 mundum
3211 2566 3225 2592 ,
3277 2527 3331 2582 id
3361 2539 3450 2584 est
3501 2540 3768 2588 amatores

2184 2607 2388 2662 mundi.
2429 2608 2496 2662 Et
2524 2609 2626 2664 iste
2663 2618 2840 2681 potest
2884 2613 3064 2670 dicere
3104 2631 3226 2672 cum
3277 2618 3454 2676 Paulo
3487 2625 3767 2693 apostolo:

2186 2693 2315 2760 Quis
2339 2697 2659 2767 inﬁrmatur,
2689 2710 2735 2755 et
2771 2718 2865 2773 ego
2919 2720 3023 2759 non
3048 2705 3335 2775 inﬁrmari
3375 2710 3518 2776 Quis
3553 2717 3770 2768 scanda-

2183 2787 2395 2857 lizatur,
2423 2803 2470 2845 et
2499 2809 2591 2863 ego
2622 2810 2727 2850 non
2761 2811 2890 2850 uror
2915 2797 2941 2850 1’
2973 2797 3109 2864 Quia
3138 2801 3450 2874 ubicunque
3491 2807 3766 2862 tribulatio

2185 2887 2280 2934 aut
2323 2880 2546 2938 haeresis
2573 2886 2808 2940 surrexit
2833 2887 2891 2941 in
2923 2887 3194 2957 Ecclesia,
3221 2893 3520 2950 confestim
3550 2898 3770 2952 tribula-

2181 2972 2376 3040 batur;
2418 2976 2604 3030 statim
2626 2981 3058 3049 compatiebatur
3080 2982 3136 3038 in
3165 2985 3418 3057 singulis,
3449 2990 3596 3044 sicut
3616 2990 3764 3046 Chrio

2184 3076 2320 3133 stus,
2369 3070 2461 3139 qui
2504 3071 2707 3142 patitur
2731 3074 2785 3128 in
2813 3075 3056 3146 singulis,
3121 3093 3228 3134 non
3273 3080 3469 3152 utique
3519 3085 3755 3152 corporis

2185 3158 2388 3226 dolore,
2419 3162 2513 3215 sed
2551 3162 2716 3216 animi
2745 3166 3134 3234 compassione.
3175 3166 3304 3235 Quae
3324 3171 3516 3239 passio
3542 3180 3595 3227 et
3611 3188 3752 3227 com-

2183 3251 2362 3322 passio
2389 3268 2494 3306 una
2521 3261 2606 3309 est
2634 3256 2833 3324 passio,
2863 3257 2988 3326 quia
3018 3275 3158 3315 unus
3185 3269 3269 3316 est
3315 3262 3464 3319 calix
3506 3266 3601 3335 qui
3626 3266 3759 3321 hibi-

2183 3351 2290 3409 tur,
2319 3352 2374 3400 et
2401 3361 2505 3401 una
2532 3361 2765 3416 persona
2787 3359 2870 3406 est
2911 3361 3072 3421 caput
3097 3360 3153 3409 et
3179 3370 3378 3426 corpus
3415 3359 3513 3430 qui
3543 3361 3756 3430 patitur.

2183 3433 2286 3500 Qui
2315 3436 2447 3492 dicit
2471 3452 2530 3492 se
2585 3448 2730 3495 recte
2777 3443 2998 3498 credere
3025 3444 3081 3499 in
3137 3444 3376 3514 Christo,
3408 3457 3464 3504 et
3525 3452 3756 3507 membra

512 3530 666 3598 quire
703 3530 794 3586 ubi
829 3538 914 3586 est
940 3538 1116 3594 natus,
1147 3537 1203 3584 et
1248 3544 1347 3584 nos
1387 3528 1648 3584 sollicitos
1675 3528 1858 3582 redde.
1899 3547 1917 3579 ι
1956 3525 2085 3582 Rrec
2181 3525 2299 3595 ejus
2325 3544 2434 3584 non
2459 3530 2669 3600 recipit,
2704 3534 2972 3603 quomodo
3033 3534 3308 3592 Christum
3355 3549 3512 3596 recte
3559 3542 3756 3606 credat,

510 3617 706 3687 injuria
738 3635 846 3676 non
883 3631 1090 3685 nostra,
1124 3618 1219 3675 sed
1258 3619 1426 3688 ipsius
1472 3634 1632 3688 quem
1672 3616 1978 3672 adoramus.
2015 3615 2085 3672 Et
2181 3632 2290 3672 non
2329 3620 2501 3676 video.
2546 3622 2739 3678 Totum
2779 3626 2924 3681 enim
2966 3625 3238 3684 Christum
3293 3646 3403 3685 non
3432 3631 3636 3705 diligit,
3671 3633 3755 3704 qui

512 3719 693 3765 tamen
741 3711 786 3765 si
813 3719 960 3766 recte
993 3711 1263 3767 credimus
1308 3710 1506 3764 Filium
1548 3710 1664 3774 Dei,
1703 3710 1844 3764 sicut
1885 3707 2083 3764 verita-
2179 3709 2454 3765 hominem
2503 3713 2635 3767 odit.
2676 3713 2743 3768 Et
2763 3715 2941 3772 omnis
2987 3718 3080 3788 qui
3141 3719 3256 3774 odit
3290 3717 3521 3777 fratrem
3587 3739 3752 3785 suum,

515 3807 625 3854 tem
652 3801 768 3855 sine
832 3801 1163 3856 dubitatione
1218 3800 1506 3863 credimus,
1543 3799 1688 3854 illius
1727 3798 1923 3867 injuria
1972 3805 2078 3865 est,

512 3905 639 3945 cum
672 3898 857 3946 nostra
903 3899 1007 3946 est.
1047 3891 1265 3946 Etcum
1311 3890 1454 3946 illius
1505 3887 1703 3956 injuria
1752 3895 1855 3955 est,
1894 3897 2080 3943 nostra

510 3987 614 4044 est,
647 3979 774 4050 quia
808 3992 970 4050 caput
1002 3988 1056 4034 et
1084 3995 1278 4050 corpus
1321 3996 1428 4036 una
1477 3995 1708 4050 persona
1755 3988 1857 4035 est.
1895 3979 2078 4050 Neque

510 4069 656 4125 enim
686 4086 808 4126 cum
831 4085 929 4141 pes
973 4071 1256 4142 premitur,
1285 4078 1446 4142 caput
1474 4069 1828 4141 gloriﬁcatur.

577 4162 760 4219 XLVI.
800 4165 1040 4236 Denique
1068 4164 1182 4234 jam
1226 4164 1399 4234 Caput
1441 4165 1510 4220 ad
1539 4165 1704 4221 caelos
1738 4167 2074 4236 ascenderat,

509 4256 724 4324 quando
751 4253 946 4312 Saulus
970 4255 1260 4326 discipulos
1289 4255 1490 4313 Christi
1541 4258 1860 4314 trucidabat.
1900 4258 1968 4315 Et
1996 4259 2078 4314 di-

511 4353 660 4402 ctum
703 4353 786 4401 est
832 4345 920 4400 ei:
964 4345 1145 4413 Saule,
1178 4346 1362 4415 Saule,
1407 4347 1534 4417 quid
1582 4364 1663 4402 me
1707 4349 2024 4420 persequeris
2051 4348 2078 4402 ?

509 4434 627 4492 Non
655 4437 808 4504 dixit,
838 4437 967 4508 quid
991 4439 1330 4509 persequeris
1359 4454 1545 4495 servos
1587 4454 1756 4508 meos,
1787 4441 1899 4507 sed,
1949 4441 2076 4512 quid

2180 3797 2313 3853 Cain
2367 3808 2469 3867 est,
2535 3799 2812 3859 fratricida
2854 3815 2958 3871 est,
3019 3807 3290 3864 homicida
3337 3819 3444 3866 est.
3523 3813 3595 3868 Et
3642 3814 3755 3867 talis

2181 3889 2452 3947 homicida
2488 3910 2596 3950 non
2627 3896 2787 3952 habet
2805 3895 3102 3965 Christum,
3157 3902 3250 3972 qui
3283 3912 3368 3957 est
3387 3904 3504 3958 vita
3535 3912 3753 3960 artem.

2179 3979 2296 4036 Non
2325 3983 2487 4039 habet
2511 3985 2806 4054 Christum,
2849 3990 2975 4059 quia
3001 4005 3111 4046 non
3161 3991 3409 4047 imitatur
3435 3994 3752 4049 Christum:

2178 4072 2486 4130 imitaretur
2544 4078 2590 4132 si
2636 4094 2852 4136 omnem
2906 4082 3180 4138 hominem
3229 4084 3369 4140 sicut
3405 4089 3756 4157 semetipsum

2177 4163 2441 4235 diligeret.
2481 4166 2550 4221 Et
2576 4185 2683 4226 non
2711 4171 2884 4226 solum
2924 4173 3148 4239 amicos,
3175 4174 3270 4230 sed
3291 4175 3458 4230 etiam
3483 4177 3754 4232 inimicos.

2177 4254 2397 4312 Amicos
2422 4258 2644 4330 diligere
2671 4261 2727 4315 in
2748 4261 2935 4327 Deum,
2968 4271 3025 4319 et
3042 4264 3292 4322 inimicos
3311 4274 3544 4337 propter
3569 4269 3752 4324 Deum.

2178 4347 2297 4403 Non
2349 4350 2496 4404 enim
2557 4351 2808 4409 Christus
2865 4368 2966 4424 pro
2993 4356 3200 4422 amicis,
3266 4355 3361 4412 sed
3389 4374 3494 4428 pro
3528 4360 3752 4415 inimicis

2177 4446 2422 4495 mortuus
2447 4449 2547 4497 est.
2587 4442 2644 4496 In
2672 4449 2878 4499 tantum
2907 4444 3095 4502 dilexit
3119 4447 3391 4514 inimicos,
3427 4457 3488 4504 ut
3517 4465 3580 4505 se
3598 4449 3756 4505 morti

503 4544 586 4584 me
611 4530 978 4602 persequeris?
1005 4529 1198 4586 Petrus
1217 4544 1430 4600 quoque
1453 4531 1818 4600 apostolorum
1844 4533 2072 4602 primus,
2101 4568 2157 4633 Β
2179 4533 2419 4588 traderet
2459 4549 2557 4604 pro
2605 4536 2704 4591 eis.
2745 4535 2898 4604 Quod
2943 4539 2988 4595 si
3029 4554 3135 4595 non
3180 4539 3406 4606 faceret,
3460 4542 3643 4598 nullus
3679 4545 3760 4599 in-

506 4620 840 4689 compatiens
910 4619 1186 4690 discipulis
1238 4619 1681 4692 lacrymantibus,
1727 4631 1788 4676 ut
1831 4637 1926 4677 eos
1967 4637 2076 4676 non

504 4709 852 4780 relinqueret,
883 4711 977 4766 sed
1029 4711 1340 4766 abscederet
1365 4726 1396 4765 a
1433 4711 1671 4777 civitate,
1721 4710 1818 4766 sed
1865 4710 2078 4782 fugeret

503 4811 628 4858 ante
662 4803 950 4871 Neronem,
981 4803 1155 4860 victus
1196 4802 1412 4860 ﬂetibus
1455 4804 1881 4875 discipulorum;
1913 4805 2078 4861 cessit

501 4901 556 4948 et
583 4894 831 4962 promisit
859 4910 931 4956 se
977 4894 1178 4951 Urbem
1227 4909 1590 4966 egressurum.
1629 4895 1658 4935 ι)
1696 4895 1949 4952 Proxima
1977 4911 2076 4952 no-

501 4994 589 5040 cte
617 4987 860 5043 salutatis
908 4987 1169 5044 fratribus
1195 4995 1252 5043 et
1292 4987 1560 5045 celebrata
1609 4988 1874 5055 oratione,
1905 4987 2073 5060 proﬁ-

500 5076 630 5132 cisci
658 5078 802 5134 solus
851 5079 1034 5150 carpit.
1074 5080 1178 5138 Ubi
1217 5087 1440 5135 ventum
1467 5088 1552 5136 est
1576 5079 1644 5135 ad
1670 5088 1900 5151 portam,
1929 5079 2078 5135 videt

498 5166 603 5222 sibi
631 5164 908 5224 Christum
940 5185 1244 5228 occurrere.
1268 5171 1337 5228 Et
1363 5173 1594 5229 adorans
1619 5186 1745 5228 eum
1763 5172 1898 5227 dixit
1926 5189 1938 5225 :
1963 5171 2076 5226 Do-

499 5259 657 5324 mine,
688 5276 790 5329 quo
842 5263 983 5316 venis
1008 5263 1033 5316 .9
1060 5263 1203 5320 Dicit
1239 5265 1290 5321 ei
1345 5264 1628 5321 Christus:
1686 5264 1889 5319 Iterum
1927 5265 2073 5320 venio

499 5347 760 5419 cruciﬁgi.
798 5348 1066 5408 lntellexit
1112 5354 1178 5409 de
1215 5369 1312 5410 sua
1363 5355 1566 5411 dictum
1614 5354 1881 5425 passione,
1929 5354 2076 5425 quod

502 5437 558 5492 in
587 5452 652 5493 eo
701 5436 951 5496 Christus
984 5457 1242 5514 passurus
1292 5445 1587 5512 videretur,
1646 5447 1739 5516 qui
1784 5446 1988 5516 patitur
2017 5443 2072 5499 in

569 5627 598 5656 ι
630 5612 1016 5688 Antiphrasio;
1058 5614 1184 5688 quia
1213 5615 1445 5688 dicebat
1505 5617 1796 5688 Elipandus
1847 5618 2071 5673 Beatum

497 5685 603 5740 hoc
636 5685 854 5757 nomine
905 5699 1004 5757 per
1038 5684 1396 5757 antiphrasin
1454 5684 1748 5757 appellari;
1790 5698 1849 5743 ut
1901 5688 2072 5757 liquet

497 5757 660 5827 etiam
683 5773 748 5810 ex
773 5755 998 5827 epistola
1023 5754 1201 5827 Caroli
1225 5754 1400 5826 Magni
1429 5754 1503 5811 ad
1522 5754 1856 5827 Elipandum.
1885 5754 2067 5814 Sraw.

572 5828 597 5866 ι»
635 5826 780 5882 idem
807 5824 1004 5886 _refert
1049 5824 1368 5886 Ambrosius
1403 5827 1457 5882 in
1518 5824 1749 5884 Auient.
1790 5831 1855 5887 de
1902 5829 2063 5887 basil.

2179 4624 2457 4680 veniretur
2479 4627 2572 4696 qui
2599 4643 2724 4683 eum
2751 4628 3013 4685 laudaret.
3054 4629 3160 4687 Sed
3203 4647 3326 4688 cum
3370 4633 3588 4689 inimici
3615 4650 3758 4690 esse-

2177 4730 2318 4781 mus,
2347 4732 2442 4786 pro
2491 4716 2637 4772 nobis
2671 4727 2909 4774 mortuus
2935 4729 3030 4787 est,
3061 4721 3353 4793 relinquens
3387 4724 3542 4779 nobis
3590 4743 3758 4780 exen-

2175 4806 2341 4876 plum,
2390 4815 2444 4860 ut
2466 4823 2745 4877 sequamur
2771 4812 2981 4883 vestigia
3014 4813 3151 4882 ejus.
3187 4810 3424 4869 Joannes
3467 4815 3756 4885 Apostolus

2177 4897 2346 4952 dicit:
2389 4897 2590 4965 Omnis,
2624 4902 2714 4971 qui
2740 4903 2847 4956 odit
2887 4903 3104 4972 fratrem
3129 4922 3302 4973 suum,
3347 4907 3622 4965 homicida
3661 4921 3752 4965 est.

2175 4988 2248 5043 Et
2296 4991 2438 5046 scitis
2470 4994 2718 5063 quoniam
2748 4997 2913 5050 omnis
2965 4997 3226 5054 homicida
3260 5017 3365 5054 non
3401 5002 3564 5058 habet
3601 5005 3752 5058 vita.

2174 5081 2230 5135 in
2278 5097 2333 5135 se
2353 5091 2664 5137 manentem.
2705 5083 2774 5138 In
2798 5086 2895 5140 hoc
2917 5090 3272 5158 cognoscimus
3298 5091 3618 5148 charitatem
3639 5094 3752 5158 Dei,

2172 5172 2298 5240 quia
2321 5189 2415 5242 pro
2446 5172 2592 5229 nobis
2628 5175 2858 5230 animam
2885 5194 3036 5232 suam
3067 5181 3280 5250 posuit:
3315 5191 3364 5236 et
3385 5199 3483 5238 nos
3509 5185 3756 5239 debemus

2172 5277 2267 5332 pro
2305 5262 2554 5332 fratribus
2588 5264 2791 5320 animas
2820 5283 3028 5337 ponere.
3069 5268 3183 5324 Hoc
3209 5276 3382 5324 totum
3409 5286 3587 5341 quare
3617 5273 3756 5328 dixi-

2173 5369 2295 5410 mus
2327 5355 2431 5411 nisi
2472 5357 2600 5427 quid
2625 5365 2770 5416 esset
2797 5359 3058 5427 Ecclesia,
3098 5361 3490 5419 ﬁrmaremus?
3517 5365 3591 5420 Et
3633 5381 3756 5421 cum

2172 5444 2416 5502 Ecclesia
2464 5449 2822 5521 cognoscitur,
2881 5453 3222 5522 cognoscitur
3264 5462 3322 5510 et
3355 5454 3630 5522 Christus,
3659 5457 3760 5528 qui

2172 5639 2282 5704 non
2306 5625 2486 5693 trad.;
2563 5626 2844 5704 Hegesipy
2907 5628 3001 5685 lib.
3042 5646 3125 5698 ιιι,
3187 5645 3314 5704 cap.
3344 5631 3411 5697 2;
3455 5632 3654 5704 Creg..
3700 5634 3758 5689 in

2171 5695 2362 5770 psaliu.
2401 5712 2454 5770 iv
2508 5695 2698 5770 pretii].
2726 5695 2980 5770 ;’Baron.
3025 5742 3040 5770 ,
3076 5695 3220 5758 card.
3251 5695 3318 5757 ad
3350 5695 3554 5759 annum
3569 5695 3758 5763 νοω-ἱ·

2172 5763 2239 5822 Isti
2274 5766 2362 5834 69,
2391 5763 2585 5822 Annal.
2615 5763 2821 5827 Eccles.
3025 5763 3037 5770 ⁷
3153 5782 3163 5786 ··

2207 5968 2234 5980 ρ
