3952 6318
178 406 287 470 9M

864 407 1141 464 HETERII
1177 408 1266 465 ΕΤ
1304 409 1362 465 S.
1404 407 1604 464 BEATl
1640 407 1732 462 AD
1769 405 2167 467 ELIPANDUM
2204 411 2420 468 EPIST.
2457 443 2529 456 —
2564 415 2691 472 LIB.
2731 413 2776 472 Ι.

3313 414 3420 474 922

179 531 348 598 caput.
400 521 654 579 Ecclesia:
676 527 779 576 est.
817 521 885 577 Et
911 522 1002 577 ubi
1032 522 1270 578 Ecclesia
1287 521 1486 577 Christi
1508 529 1610 586 est,
1647 535 1752 591 pax
1775 528 1831 585 Α
1924 523 2108 580 XLIX.
2148 527 2286 583 Ecce
2313 536 2460 584 tuam
2498 529 2656 585 ﬁdem
2684 529 2752 586 de
2775 528 3013 585 Christo.
3052 528 3122 584 Et
3145 528 3285 586 hanc
3309 546 3418 588 non

178 629 289 686 est,
328 618 457 690 quia
491 632 596 689 pax
644 624 830 672 nostra
865 625 950 673 est
998 615 1254 684 Christus,
1303 618 1397 688 qui
1453 631 1512 672 se
1561 624 1617 672 et
1653 632 1756 674 nos

181 712 310 782 fecit
339 719 555 774 utraque
579 724 762 763 unum.

255 799 460 856 XLVII.
500 799 731 855 Proinde
759 797 1100 854 dilectionem
1128 799 1504 868 praedicamus,
1534 805 1590 854 et
1630 812 1756 852 cum

178 893 399 947 nemine
435 890 746 947 scandalum
777 891 976 946 habere
1022 889 1287 956 volumus,
1314 890 1604 946 secundum
1631 904 1756 958 pro-

176 985 357 1054 pheta:
386 983 625 1037 dictum:
664 979 784 1035 Pax
832 981 996 1035 multa
1020 981 1353 1052 diligentibus
1394 981 1554 1052 legem
1585 991 1750 1048 tuam,
1791 984 1804 997 '

175 1084 226 1129 et
265 1091 373 1129 non
416 1081 492 1128 est
517 1071 624 1126 illis
648 1071 975 1126 scandalum.
1013 1072 1093 1126 Tu
1121 1087 1248 1144 ergo
1282 1074 1372 1142 qui
1403 1073 1570 1128 habes
1594 1088 1752 1128 scan-

177 1163 362 1219 dalum
413 1169 601 1218 contra
665 1177 782 1228 nos,
835 1162 920 1216 dic
974 1163 1185 1231 quare?
1243 1162 1342 1218 Hic
1391 1163 1648 1219 Dominus
1697 1163 1755 1218 in

176 1255 468 1326 Evangelio
513 1255 626 1309 ait:
662 1252 787 1308 Non
837 1253 1092 1319 desinent,
1128 1263 1184 1308 ut
1210 1256 1417 1310 veniant
1463 1253 1752 1309 scandala:

175 1364 250 1401 va:
278 1346 479 1400 homini
506 1344 585 1398 illi
616 1361 710 1414 per
733 1360 884 1414 quem
912 1344 1047 1399 venit
1091 1343 1304 1415 (Matth.
1333 1361 1490 1411 xvm,
1518 1345 1597 1417 7).
1627 1344 1754 1400 Per-

174 1440 460 1509 quiramus
497 1435 821 1506 principium
843 1433 1002 1503 hujus
1025 1436 1280 1501 scandali,
1307 1437 1447 1492 unde
1475 1437 1747 1492 surrexit:

174 1538 230 1583 et
256 1527 552 1583 secundum
600 1525 813 1581 Domini
868 1526 1088 1592 dictum,
1123 1543 1196 1581 va:
1219 1526 1297 1580 illi
1335 1529 1433 1581 erit
1464 1545 1556 1599 per
1601 1545 1753 1598 quem

174 1620 329 1672 venit.
373 1617 651 1688 Scripsisti
677 1631 872 1672 novam
896 1615 1231 1683 doctrinam;
1263 1626 1318 1673 et
1354 1618 1462 1682 illa,
1517 1634 1635 1688 qua:
1657 1633 1754 1690 per

175 1716 349 1762 totum
403 1707 661 1762 mundum
693 1706 934 1762 omnium
976 1707 1369 1776 baptizatorum
1407 1724 1538 1764 voce
1564 1711 1754 1780 depro-

174 1797 360 1862 mitur,
410 1797 686 1853 dimisisti.
742 1797 810 1851 Et
838 1814 938 1854 nos
965 1798 1222 1870 incogniti
1261 1800 1328 1855 de
1368 1808 1458 1856 tua
1504 1803 1752 1859 doctrina

1854 617 2160 687 recipimus,
2193 621 2318 690 quia
2347 637 2450 678 nec
2492 623 2658 679 talem
2709 623 2870 678 ﬁdem
2909 623 3188 688 habemus,
3220 639 3320 679 nec
3341 633 3422 679 ta-

1851 709 1955 765 lem
1985 713 2282 768 doctrinam
2331 717 2400 772 ab
2427 718 2684 786 apostolis
2717 719 3042 789 accepimus,
3085 693 3266 774 nec.in
3303 719 3422 790 lege

1852 811 1907 857 et
1950 803 2236 874 Evangelio
2279 807 2386 862 tale
2447 825 2684 879 unquam
2744 809 2988 882 legimus,
3022 811 3117 867 sed
3160 825 3335 881 neque
3363 811 3420 865 in

1852 894 2006 950 libris
2032 896 2312 953 doctorum
2341 909 2434 955 aut
2469 902 2826 967 manualihus,
2857 905 2954 958 sed
2995 910 3202 958 tantum
3229 903 3283 958 in
3312 902 3434 959 tuis.

1853 985 2208 1056 dogmatibus.
2240 984 2429 1044 Et'ob
2474 990 2578 1046 hoc
2629 1006 2661 1044 a
2711 998 2776 1056 te,
2803 990 3120 1046 Antichristi
3171 991 3418 1062 discipuli

1850 1094 2047 1134 nomen
2110 1082 2389 1139 habemus.
2442 1083 2582 1138 Ecce
2632 1085 2776 1139 unde
2832 1086 3070 1141 surrexit
3126 1087 3270 1141 inter
3316 1101 3420 1142 nos

1852 1169 2183 1226 scandalum.
2247 1170 2452 1226 Caetera
2504 1172 2671 1227 multa
2726 1173 2930 1241 dixisti,
2984 1190 3104 1245 quae
3158 1189 3319 1245 supra
3361 1175 3417 1230 in

1853 1261 2092 1330 symbolo
2160 1269 2248 1317 tuo
2309 1264 2846 1332 comprehendimus:
2886 1264 2980 1320 sed
3028 1265 3186 1320 modo
3237 1265 3418 1320 discuo

1851 1351 2028 1405 tienda
2084 1367 2192 1406 non
2239 1360 2384 1418 sunt,
2437 1355 2562 1422 quia
2612 1369 2712 1409 nec
2755 1355 3028 1411 valemus:
3069 1356 3164 1411 sed
3204 1356 3249 1411 si
3277 1357 3419 1415 Deus

1850 1442 2082 1498 voluerit
2107 1452 2163 1498 et
2186 1444 2502 1510 vixerimus,
2531 1446 2866 1501 discutienda
2891 1455 2945 1501 et
2971 1445 3270 1514 abiicienda
3292 1455 3418 1503 sunt

1853 1533 1920 1588 ab
1948 1533 2219 1600 Ecclesia;
2247 1537 2390 1604 quod
2412 1536 2569 1601 absit,
2601 1552 2696 1606 per
2733 1537 2824 1592 illa
2843 1538 3197 1593 christianum
3220 1553 3417 1606 nomen

1853 1639 2162 1691 careamus;
2213 1633 2266 1680 et
2289 1624 2406 1694 jam
2441 1642 2547 1683 non
2597 1626 2909 1692 Christiani,
2943 1629 3036 1683 sed
3080 1627 3417 1697 Elipandiani

1851 1729 2046 1769 nomen
2077 1715 2411 1772 habebimus.
2449 1715 2615 1788 Cujus
2652 1717 2809 1774 ﬁdem
2839 1719 2931 1788 qui
2979 1727 3194 1774 secutus
3235 1717 3415 1784 fuerit,

1854 1807 1969 1877 ejus
1997 1809 2316 1864 vocabulum
2344 1811 2507 1864 sumit
2531 1826 2545 1864 :
2586 1811 2725 1866 sicut
2749 1810 2934 1866 Ariani
2961 1811 3028 1866 ab
3055 1810 3204 1890 Ario,
3237 1809 3420 1865 Sabel-

175 1887 446 1943 noluimus
468 1902 531 1947 ea
559 1888 817 1958 recipere,
836 1897 891 1943 et
904 1889 992 1943 illa
1021 1890 1289 1946 dimittere
1314 1908 1434 1961 quae
1461 1909 1558 1963 per
1581 1903 1750 1951 totum
1782 1872 1829 1932 Β
1853 1872 1980 1955 liani
2010 1915 2040 1954 a
2069 1899 2320 1966 Sabellio,
2349 1909 2403 1956 et
2431 1903 2611 1957 (reteri
2640 1919 2706 1958 ex
2750 1903 2966 1958 nomine
2995 1885 3273 1973 auctorum
3301 1915 3421 1956 suo-

172 1985 436 2039 mundum
463 1993 610 2040 tenet
636 1985 897 2040 Ecclesia.
923 1985 1062 2041 Ecce
1092 1988 1405 2042 scandalum
1435 1989 1578 2043 unde
1606 1990 1754 2045 venit

170 2076 225 2130 in
257 2076 521 2131 Ecclesia.
572 2075 662 2133 Vw
702 2077 782 2131 illi
809 2095 902 2148 per
932 2095 1084 2150 quem
1111 2081 1261 2135 venit.
1319 2080 1454 2135 Nam
1483 2090 1667 2138 nostra
1690 2081 1753 2138 ﬁ-

169 2167 272 2222 des
312 2168 611 2237 symbolum
659 2177 760 2234 est,
800 2177 855 2225 et
892 2170 948 2224 in
994 2171 1098 2225 hoc
1134 2180 1243 2226 stat
1275 2172 1512 2227 Ecclesia
1561 2176 1751 2230 catho-

165 2256 282 2312 lica
313 2272 412 2327 per
437 2259 742 2314 universum
772 2261 959 2314 orbem
986 2269 1249 2317 terrarum
1273 2263 1563 2318 constituta
1589 2281 1603 2330 ;
1632 2279 1752 2334 qua:

167 2346 376 2404 diffusa
428 2366 546 2406 esse
595 2352 849 2415 creditur,
896 2368 1004 2408 non
1054 2353 1244 2409 divisa.
1287 2354 1367 2408 Tu
1396 2371 1524 2411 vero
1551 2372 1750 2414 novum

167 2441 480 2512 symbolum
507 2445 872 2513 composuisti,
912 2447 1003 2516 qui
1045 2447 1099 2502 in
1152 2447 1446 2518 Scripturis
1473 2450 1645 2505 sacris
1669 2450 1752 2505 in-

167 2542 370 2588 ventus
397 2549 502 2589 non
530 2543 614 2590 est
640 2551 656 2600 ;
710 2543 765 2589 et
794 2537 1038 2592 direxisti
1087 2538 1142 2591 in
1191 2547 1373 2594 nostra
1404 2539 1666 2606 Ecclesia,
1690 2548 1752 2595 ut

167 2625 456 2680 credamus
485 2624 806 2681 Trinitatem
851 2642 1201 2697 personarum
1231 2629 1408 2685 Patris
1437 2638 1491 2685 et
1517 2629 1657 2693 Filii,
1693 2631 1750 2686 in

165 2732 279 2771 una
307 2726 498 2771 natura
529 2719 691 2774 idem.
718 2719 786 2774 Et
816 2720 918 2775 hoc
945 2719 1210 2776 Sabellius
1238 2723 1393 2777 dixit.
1425 2723 1559 2790 Quia
1586 2723 1750 2779 verbo

167 2813 385 2861 tantum
420 2807 638 2864 Patrem
665 2817 721 2864 et
747 2809 943 2864 Filium
987 2810 1040 2864 in
1068 2826 1174 2865 uno
1216 2811 1344 2876 Deo,
1385 2819 1441 2866 et
1487 2811 1750 2880 Spiritum

167 2906 421 2952 sanctum
453 2899 665 2954 dicebat
691 2913 705 2952 :
730 2907 806 2968 _et
832 2907 1011 2954 tamen
1056 2898 1416 2955 confundebat
1465 2916 1743 2971 personas,

167 2996 232 3042 ut
280 3003 443 3043 unam
491 3003 586 3044 eos
633 3003 752 3044 esse
813 3003 1101 3058 personam
1161 2989 1382 3045 diceret.
1425 2989 1576 3046 Sicut
1611 3005 1750 3046 unus

165 3078 336 3135 homo
365 3088 556 3134 natura
584 3088 684 3144 est,
717 3087 772 3134 et
811 3080 864 3134 in
890 3095 955 3135 eo
1009 3079 1185 3150 imago
1237 3080 1533 3146 Trinitatis,
1561 3082 1616 3136 id
1642 3089 1745 3148 est,

167 3169 456 3234 memoria,
508 3168 856 3240 intelligentia
887 3179 942 3225 et
973 3170 1234 3236 voluntas,
1267 3187 1387 3242 quae
1423 3173 1528 3227 tria
1563 3174 1617 3228 in
1638 3189 1745 3228 una

165 3269 368 3315 natura
396 3269 541 3325 sunt,
572 3268 628 3316 et
675 3261 730 3316 in
755 3276 860 3315 una
905 3276 1135 3331 persona
1163 3271 1306 3329 sunt,
1336 3272 1392 3319 et
1434 3265 1488 3319 in
1515 3281 1623 3320 uno
1649 3266 1747 3321 ho-

164 3349 319 3405 mine
344 3357 469 3404 snnt
493 3368 506 3404 :
547 3359 602 3406 et
639 3351 752 3420 ipsa
779 3352 880 3405 tria
906 3351 1067 3408 homo
1095 3369 1202 3407 non
1225 3361 1329 3408 est.
1391 3355 1506 3410 Hoc
1532 3356 1641 3411 dixi
1678 3357 1745 3412 de

162 3441 438 3498 Trinitate
467 3444 522 3498 in
547 3459 654 3498 uno
680 3444 805 3507 Deo,
853 3452 913 3498 ut
940 3445 1223 3500 credamus
1265 3446 1580 3501 Trinitatem
1622 3460 1747 3516 per-

162 3549 430 3590 sonarum
471 3534 668 3601 Patris,
699 3545 754 3592 et
795 3536 940 3603 Filii,
978 3545 1033 3592 et
1077 3537 1311 3608 Spiritus
1355 3538 1525 3595 sancti
1555 3539 1610 3594 in
1639 3553 1746 3596 una

162 3636 385 3693 natura,
419 3629 470 3684 id
498 3635 582 3684 est
605 3628 661 3682 in
687 3644 793 3684 uno
822 3629 951 3685 Deo.
992 3629 1060 3684 Et
1083 3630 1206 3699 quia
1231 3646 1372 3686 unus
1391 3631 1553 3686 homo
1569 3630 1747 3702 imago

163 3717 455 3775 Trinitatis
483 3721 539 3775 in
576 3720 752 3776 anima
791 3730 894 3789 est,
949 3723 1090 3779 idem
1118 3724 1174 3778 in
1227 3725 1506 3791 memoria,
1547 3724 1745 3780 intelli-

161 3811 350 3882 gentia
406 3819 462 3866 et
505 3811 798 3869 voluntate.
860 3813 928 3868 Et
981 3815 1094 3884 ipsa
1125 3815 1227 3869 tria
1274 3815 1328 3870 in
1382 3831 1487 3870 una
1515 3831 1748 3887 persona

160 3903 430 3969 hominis,
475 3911 531 3958 et
563 3903 678 3973 ipsa
731 3905 893 3960 homo
926 3920 1034 3960 non
1097 3915 1242 3974 sunt,
1311 3909 1406 3962 sed
1437 3908 1540 3964 hoc
1577 3916 1748 3964 totum

160 4011 280 4050 una
317 4010 546 4064 persona
572 4005 695 4051 est:
737 3997 815 4053 sic
844 4014 943 4053 nos
970 4000 1119 4070 cogis
1168 3999 1466 4072 intelligere
1517 4010 1574 4057 et
1627 4016 1747 4058 cre-

159 4088 305 4142 dere
335 4094 395 4141 ut
415 4088 652 4144 dicamus
672 4089 907 4157 Patrem,
941 4101 997 4148 et
1023 4091 1239 4159 Filium,
1265 4101 1321 4149 et
1348 4094 1607 4164 Spiritum
1629 4110 1751 4150 san-

156 4185 328 4234 ctum
349 4176 404 4231 in
434 4193 536 4234 uno
557 4179 686 4245 Deo,
713 4181 768 4234 in
797 4197 904 4236 una
925 4191 1138 4248 natura,
1160 4191 1340 4239 etnon
1364 4184 1472 4239 sint
1501 4184 1618 4254 ipsa
1649 4185 1750 4240 tria

159 4269 340 4332 Deus,
373 4267 509 4324 sicut
533 4285 633 4326 nec
679 4270 769 4326 illa
798 4272 900 4327 tria
927 4273 1038 4328 sint
1075 4274 1236 4330 homo
1262 4291 1385 4346 quae
1413 4290 1574 4344 supra
1605 4275 1748 4331 dixi-

157 4373 310 4414 mus.
355 4357 507 4426 Quod
557 4362 603 4416 si
641 4377 830 4418 verum
879 4380 986 4420 non
1035 4365 1282 4432 dicimus,
1323 4374 1556 4422 tractent
1593 4366 1751 4436 spiri-

157 4449 347 4506 tuales
372 4450 495 4517 viri,
543 4461 599 4508 et
624 4453 769 4509 aliud
809 4456 1079 4513 credimus
1106 4457 1346 4514 invenire
1371 4474 1477 4514 non
1503 4467 1747 4529 possunt,

1771 3224 1820 3289 C

1852 2007 1991 2045 rum.
2049 1991 2116 2046 Et
2177 1992 2297 2047 ideo
2345 2007 2483 2048 unus
2545 1993 2790 2048 Christus
2837 1993 2991 2049 nobis
3027 1993 3228 2062 sufﬁcit
3278 1991 3421 2046 ﬁlius

1851 2083 2107 2153 Virginis,
2154 2084 2243 2153 qui
2295 2099 2489 2139 nomen
2545 2085 2708 2138 habet
2750 2083 2926 2140 Iesus.
2985 2085 3108 2139 Illos
3147 2093 3286 2147 tuos,
3327 2082 3420 2152 qui

1851 2175 1986 2231 dicis
2012 2177 2173 2230 istum
2199 2183 2254 2230 et
2279 2175 2448 2241 illum,
2479 2190 2699 2231 necesse
2722 2191 2828 2230 non
2860 2175 3137 2238 habemus,
3169 2173 3297 2243 quia
3320 2186 3420 2227 nec

1849 2267 2068 2321 nomina
2096 2266 2307 2321 illorum
2347 2282 2378 2320 a
2411 2275 2461 2320 te
2499 2267 2698 2335 scripta
2744 2265 3110 2336 cognovimus.
3149 2263 3314 2319 Istum
3365 2269 3421 2317 et

1850 2359 1999 2413 illum
2025 2357 2226 2422 dixisti,
2277 2351 2460 2413 Iesum
2502 2373 2630 2413 vero
2692 2357 2971 2412 nominare
3035 2370 3143 2410 non
3170 2351 3415 2423 potuisti,

1849 2451 1974 2520 quia
2002 2464 2102 2504 nec
2128 2465 2252 2503 eum
2293 2449 2348 2503 in
2377 2448 2538 2503 corde
2566 2447 2822 2504 habuisti.
2864 2445 3017 2512 Quod
3039 2445 3085 2500 si
3114 2443 3416 2506 habuisses,

1850 2556 1972 2596 cum
2020 2539 2187 2594 Paulo
2241 2540 2481 2608 apostolo
2529 2539 2708 2594 dicere
2762 2545 3050 2608 potueras:
3089 2535 3172 2588 An
3220 2533 3420 2603 experi-

1847 2641 2076 2686 mentum
2103 2633 2337 2702 quazritis
2373 2633 2504 2702 ejus,
2530 2632 2619 2702 qui
2639 2632 2694 2684 in
2714 2647 2794 2684 me
2811 2629 3041 2700 loquitur
3062 2626 3341 2682 Christus?
3363 2631 3420 2680 et

1848 2723 1954 2778 alio
1971 2723 2088 2778 loco
2101 2723 2250 2787 dicit,
2276 2723 2417 2791 quod
2430 2739 2578 2776 nemo
2595 2730 2758 2792 potest
2783 2720 2952 2775 dicere
2964 2719 3220 2772 Dominus
3241 2714 3415 2778 Iesus,

1849 2818 1948 2872 nisi
1976 2818 2032 2872 in
2079 2817 2282 2889 Spiritu
2307 2827 2506 2873 sancto.
2548 2815 2825 2886 Siquidem
2853 2822 2908 2870 et
2949 2814 3002 2868 in
3029 2812 3142 2868 suis
3167 2807 3420 2881 Epistolis

1847 2924 1953 2964 non
1999 2916 2084 2964 est
2124 2925 2288 2964 ausus
2339 2918 2518 2964 tecum
2574 2908 2773 2971 dicere,
2803 2921 2834 2962 e
2885 2904 3085 2960 deitate
3123 2900 3418 2965 exinanita,

1853 3019 1872 3053 ι
1908 3001 1978 3056 Ει
2003 3017 2102 3059 nos
2133 3001 2386 3071 adoptivi,
2421 3008 2476 3054 et
2504 2999 2594 3054 ille
2620 2999 2945 3068 adoptivus;
2985 3002 3040 3050 et
3067 3008 3167 3050 nos
3196 2990 3417 3055 Christi,

1847 3100 1902 3148 et
1929 3093 2018 3147 ille
2045 3093 2330 3158 Christus;
2370 3100 2425 3148 et
2455 3106 2553 3146 nos
2590 3089 2819 3160 parvuli,
2870 3095 2924 3144 et
2949 3087 3038 3141 ille
3074 3083 3362 3156 parvulus;
3393 3100 3414 3134 ι

1849 3196 1902 3243 et
1927 3197 2120 3244 caetera
2176 3186 2453 3256 spurcitia,
2494 3200 2614 3256 quae
2659 3192 2716 3238 tu
2763 3181 2889 3238 Jesu
2931 3180 3147 3237 Christo
3192 3177 3420 3232 Domino

1850 3286 2036 3334 nostro
2086 3293 2250 3333 ausus
2293 3293 2352 3333 es
2405 3277 2603 3340 dicere,
2647 3289 2861 3330 servum
2904 3287 3026 3327 cum
3075 3269 3286 3334 servis;
3327 3265 3422 3322 sed

1849 3385 1946 3425 sua
1972 3369 2212 3438 Epistola
2256 3369 2323 3423 ad
2349 3368 2620 3424 Romanos
2645 3367 2724 3422 sic
2747 3366 2910 3421 habet
2942 3381 2956 3418 :
2999 3361 3224 3426 Paulus,
3243 3373 3421 3414 servus

1847 3463 1976 3518 Iesu
2016 3460 2230 3526 Christi,
2267 3470 2476 3515 vocatus
2506 3457 2790 3531 apostolus,
2828 3465 3125 3528 segregatus
3152 3454 3207 3507 in
3235 3450 3412 3506 Evan-

1847 3553 1980 3625 gelia
2020 3552 2138 3618 Dei,
2168 3552 2306 3624 quod
2349 3559 2469 3605 ante
2515 3551 2825 3620 promiserat
2867 3563 2958 3619 per
2985 3545 3262 3617 prophetas
3297 3556 3421 3596 suos

1847 3646 1903 3698 in
1940 3644 2227 3716 Scripturis
2273 3644 2467 3698 sanctis
2501 3642 2566 3696 de
2608 3639 2718 3710 ﬁlio
2747 3654 2863 3704 suo,
2923 3637 3012 3709 qui
3047 3637 3216 3707 factus
3245 3642 3318 3690 est
3356 3648 3423 3687 ea:
3467 3717 3470 3720 4

1847 3735 2042 3791 semine
2073 3733 2243 3788 David
2276 3732 2559 3788 secundum
2609 3745 2838 3795 cantem,
2877 3729 2968 3799 qui
3017 3724 3420 3799 prmdestinatus

1848 3837 1922 3884 est
1956 3826 2127 3881 Filius
2173 3825 2270 3880 Dei
2298 3827 2354 3879 in
2376 3825 2564 3880 virtute
2589 3821 2873 3878 secundum
2899 3817 3156 3890 Spiritum
3178 3813 3419 3882 sanctiﬁ—

1849 3918 2068 3973 cationis
2108 3933 2172 3971 ea:
2221 3914 2596 3970 resurrectione
2656 3920 2979 3965 mortuorum
3041 3905 3169 3960 Iesu
3230 3901 3424 3958 Christi

1847 4011 2060 4066 Domini
2099 4011 2305 4074 nostri;
2331 4024 2422 4079 per
2463 4022 2613 4078 quem
2641 4004 2933 4074 accepimus
2969 3999 3192 4072 gratiam
3217 4005 3265 4051 et
3303 4011 3425 4076 apo-

1847 4103 2093 4159 stolatum
2123 4101 2190 4156 ad
2235 4099 2576 4155 obediendum
2613 4095 2738 4166 ﬁdei
2767 4096 2823 4148 in
2873 4091 3109 4146 omnibus
3160 4085 3420 4158 gentibus,

1849 4197 1904 4251 in
1931 4196 2117 4268 quibus
2169 4202 2217 4249 et
2247 4194 2370 4247 estis
2417 4207 2504 4246 vos
2539 4188 2706 4245 vocati
2737 4187 2865 4241 Iesu
2917 4182 3144 4246 Christi;
3184 4178 3423 4233 omnibus

1847 4287 2060 4350 sanctis,
2099 4285 2188 4356 qui
2216 4293 2335 4338 sunt
2363 4281 2564 4346 Romae,
2593 4279 2792 4334 dilectis
2816 4277 2933 4341 Dei,
2963 4273 3155 4330 vocatis
3185 4270 3379 4326 sanctis
3402 4284 3422 4324 .'

1849 4379 2022 4450 gratia
2047 4377 2203 4439 vobis,
2233 4384 2282 4429 et
2323 4390 2429 4446 pax
2456 4391 2489 4427 a
2511 4373 2619 4428 Deo
2673 4370 2833 4426 Patre
2877 4377 3070 4434 nostro,
3107 4376 3154 4422 et
3197 4363 3421 4418 Domino

1849 4469 1977 4526 Iesu
2009 4467 2234 4524 Christo.
2278 4466 2519 4520 Primum
2545 4464 2755 4534 quidem
2804 4465 3003 4534 gratias
3037 4475 3133 4530 ago
3163 4456 3273 4511 Deo
3307 4470 3422 4509 meo

155 4542 260 4613 qui
313 4541 485 4644 libros
512 4543 578 4600 de
638 4544 900 4644 Trinitate
963 4547 1165 4619 legunt.
1229 4548 1334 4604 Sed
1359 4551 1485 4619 quia
1529 4551 1750 4620 grandis
1777 4581 1828 4644 υ
1849 4575 1941 4632 per
1965 4557 2146 4612 Iesum
2192 4555 2453 4611 Christum
2481 4571 2575 4626 pro
2628 4554 2866 4609 omnibus
2908 4551 3049 4644 vobis
3072 4548 3255 4644 :_qut'_a
3289 4545 3422 4644 ﬁds!

156 4633 401 4689 materia
425 4642 529 4700 est,
575 4642 631 4690 et
675 4637 950 4707 sigillatim
983 4640 1312 4698 discutienda
1342 4651 1494 4709 sunt,
1525 4658 1590 4697 ea
1617 4658 1746 4712 pro-

158 4727 317 4782 ferre
347 4726 604 4784 debemus
641 4731 783 4786 unde
828 4732 1141 4788 scandalum
1167 4743 1346 4789 ortum
1374 4744 1456 4791 est
1499 4751 1598 4807 pro
1640 4751 1749 4806 quo

158 4819 513 4877 schismatici
540 4821 780 4877 lueretici
807 4839 838 4877 a
864 4831 917 4880 te
939 4840 1134 4882 nomen
1160 4827 1440 4883 habemus.

235 4932 474 4991 XLVIII.
510 4932 630 4991 Iam
658 4935 894 4991 diximus
921 4945 1065 4992 tuam
1093 4937 1433 5005 Trinitatem,
1459 4956 1620 5012 quam
1649 4955 1751 4998 nos

155 5043 276 5084 non
321 5026 654 5096 recipimus;
696 5027 941 5084 dicamus
970 5036 1025 5084 et
1054 5037 1204 5085 tuum
1251 5029 1545 5098 Christum,
1589 5047 1750 5102 quem

156 5123 339 5178 talem
361 5135 480 5179 esse
507 5137 614 5178 non
665 5123 954 5179 credimus.
995 5122 1183 5179 Dicitis
1223 5125 1399 5179 enim:
1445 5143 1464 5175 ι
1499 5123 1753 5195 Nunquid

155 5230 268 5286 per
297 5212 455 5268 illum
480 5213 572 5283 qui
600 5221 756 5269 natus
793 5222 877 5268 est
907 5213 976 5269 de
1011 5213 1250 5283 Virgine,
1280 5228 1378 5282 per
1402 5213 1576 5283 ipsum
1622 5213 1754 5268 visi-

157 5307 302 5364 bilia
334 5313 393 5359 et
430 5305 719 5361 invisibilia
754 5304 1030 5371 condidit;
1071 5320 1141 5359 an
1182 5319 1281 5374 per
1309 5304 1458 5358 illum
1511 5303 1604 5374 qui
1641 5319 1751 5359 non

156 5406 256 5455 est
285 5396 578 5468 adoptione
603 5396 697 5453 sed
723 5412 938 5468 genere,
967 5412 1070 5452 nec
1115 5397 1288 5468 gratia
1329 5398 1422 5451 sed
1460 5411 1491 5452 a
1533 5406 1749 5463 natura,

155 5497 377 5548 cuncta
395 5489 639 5544 creavit?
665 5489 734 5544 Et
757 5489 879 5546 ideo
903 5489 1108 5559 absque
1129 5487 1290 5544 dubio
1307 5488 1565 5558 perillum
1591 5505 1753 5560 quem

153 5583 274 5637 sibi
342 5580 672 5651 coaequalem
699 5589 754 5635 et
807 5581 923 5637 sine
976 5582 1262 5650 adoptione
1321 5583 1540 5651 genuit,
1584 5581 1753 5637 multa

153 5670 407 5727 creavit.
437 5670 503 5725 Et
532 5685 631 5741 per
681 5670 843 5725 istum
894 5671 988 5726 Dei
1016 5671 1175 5727 simul
1222 5678 1277 5725 et
1310 5671 1546 5727 hominis
1585 5672 1754 5726 ﬁlium

153 5761 419 5818 Verbum
457 5775 675 5815 carnem
717 5760 919 5816 factum
970 5761 1278 5832 adoptivum
1317 5762 1668 5828 humanitate,
1698 5769 1754 5816 et

155 5869 523 5928 nequaquam
541 5853 851 5927 adoptivum
863 5855 1162 5924 divinitate,
1178 5855 1438 5914 mundum
1451 5855 1700 5914 redemit.
1726 5873 1748 5911 ι

1851 4661 2020 4707 vestra
2051 4651 2398 4705 annuntiatur
2442 4649 2499 4703 in
2542 4648 2778 4702 universo
2825 4642 3039 4699 mundo.
3095 4640 3258 4695 Testis
3283 4638 3422 4692 enim

1849 4753 1922 4799 est
1957 4744 2084 4798 mihi
2132 4742 2294 4808 Deus,
2322 4742 2405 4796 cui
2431 4741 2595 4795 servio
2631 4741 2688 4793 in
2714 4739 2900 4810 spiritu
2944 4751 3058 4790 meo
3107 4735 3163 4788 in
3189 4731 3426 4800 Evange-

1849 4838 1921 4892 lio
1956 4835 2087 4890 Filii
2133 4835 2268 4905 ejus.
2308 4832 2471 4902 Cujus
2499 4846 2711 4886 servum
2751 4844 2809 4885 se
2836 4826 2969 4883 dixit
2992 4823 3190 4880 Paulus
3218 4829 3425 4893 aposto-

1849 4931 1976 4987 lus?
2014 4939 2106 4984 aut
2132 4930 2185 4984 in
2219 4927 2371 4996 cujus
2398 4926 2517 4980 Filii
2544 4922 2834 4994 Evangelio
2861 4917 3170 4976 serviebat?
3206 4915 3424 4986 Aperite

1850 5024 2055 5089 oculos,
2085 5031 2139 5078 et
2181 5021 2358 5076 videte
2384 5033 2669 5074 venenum.
2708 5013 2962 5083 Projicite
3003 5012 3113 5068 cito
3161 5009 3327 5075 foras,
3357 5022 3425 5063 ne

1850 5114 2154 5172 moriamini
2183 5129 2250 5169 ex
2295 5127 2379 5167 eo.
2421 5110 2606 5180 Legite
2661 5115 2800 5162 totas
2845 5101 3113 5174 Epistolas
3156 5099 3330 5164 Pauli,
3370 5105 3425 5154 et

1851 5206 2136 5262 invenietis
2183 5219 2384 5260 servum
2421 5200 2548 5256 Iesu
2587 5197 2778 5254 Christi
2808 5211 2866 5250 se
2920 5198 3335 5263 nuncupantem,
3371 5194 3427 5244 et

1851 5296 2046 5352 Filium
2092 5297 2187 5351 Dei
2223 5310 2406 5352 coram
2451 5293 2702 5348 omnibus
2741 5287 3101 5345 conﬁtentem.
3145 5283 3278 5338 Nam
3317 5295 3425 5335 non

1853 5388 2137 5444 invenietis
2160 5387 2235 5442 ibi
2267 5387 2426 5441 istum
2458 5392 2514 5440 et
2539 5383 2708 5449 illum,
2741 5380 3048 5452 adoptivum
3090 5373 3426 5432 humanitate

1853 5490 1909 5539 et
1937 5494 2270 5550 nequaquam
2305 5477 2613 5548 adoptivum
2664 5473 2966 5530 divinitate.
3004 5469 3190 5540 Legite
3217 5473 3423 5536 septem

1855 5572 2182 5629 canonicas:
2241 5569 2387 5624 Petri
2443 5566 2666 5638 apostoli
2719 5566 2868 5628 duas,
2923 5561 3145 5618 Joannis
3198 5552 3427 5626 apostoli

1853 5673 1986 5728 tres,
2018 5661 2169 5719 Indae
2196 5661 2279 5717 vel
2323 5659 2507 5716 Jacobi
2536 5657 2794 5728 singulas,
2852 5655 2956 5710 hoc
2981 5668 3091 5709 non
3120 5647 3425 5705 invenietur

1855 5758 2136 5826 scriptum.
2174 5754 2359 5826 Legite
2407 5752 2602 5808 librum
2633 5747 3045 5820 Evangeliorum
3095 5748 3343 5812 quatuor,
3369 5742 3428 5792 et

1853 5848 2234 5922 Apocalypsim
2281 5844 2524 5914 Joannis,
2553 5853 2715 5916 atque
2749 5843 2917 5898 Actus
2961 5833 3346 5910 apostolorum,
3369 5835 3431 5891 et
