3952 6318
1299 392 1706 467 κιιιλΑΝθυε,
1744 395 1970 462 FELIX,
2009 385 2356 450 MRI'US
2393 390 2482 448 ET
2520 393 2580 450 S.
2619 391 2911 451 BEATUS.

3629 400 3729 458 Ωιι

485 514 688 573 lincibi
711 528 824 570 non
848 512 1163 570 invenietis:
1207 513 1304 569 sed
1344 530 1522 568 tertius
1549 512 1678 568 Iesu
1729 510 1922 567 Christi
1949 525 2048 566 no-
2079 511 2132 574 Α
2154 510 2221 565 Et
2267 512 2370 567 hoc
2417 511 2560 581 quod
2602 511 2829 578 videtis,
2877 511 3000 582 plus
3043 526 3180 582 aqua
3217 527 3379 584 quam
3413 514 3603 573 Vinum
3631 529 3730 578 est.

485 610 792 675 minantes;
833 616 892 663 et
925 609 1076 664 illum
1103 608 1201 663 Dei
1228 606 1428 662 Filium
1464 609 1632 662 Deum
1654 624 1828 663 verum
1857 609 2054 663 consti-

487 706 720 756 tuentes.
733 683 935 769 Iegite
955 698 1122 755 libms
1135 698 1378 753 omnium
1397 699 1676 753 doctorum
1706 715 1875 768 usque
1896 700 1963 754 ad
1985 700 2054 754 li-

488 789 617 846 bros
637 790 936 853 manuales,
962 797 1018 846 et
1038 790 1328 845 invenietis
1342 791 1483 859 quod
1506 803 1663 845 nemo
1677 791 2051 860 taliascripsit,

489 881 616 951 quia
642 897 742 938 nec
791 881 923 938 talia
959 881 1203 938 credidit.
1245 880 1399 948 Quod
1425 881 1470 936 si
1499 889 1645 936 certa
1676 881 1801 935 talia
1828 882 2054 935 invene-

489 971 610 1028 ritis
637 971 860 1042 scripta,
892 971 1070 1040 qualia
1108 987 1282 1041 nuper
1328 971 1528 1039 scripta
1585 979 1670 1025 est
1698 971 1766 1026 ab
1794 971 2058 1041 Elipando

491 1062 761 1122 Toletanis
782 1062 930 1122 sedis
950 1063 1219 1132 episeopo,
1247 1071 1376 1117 tunc
1397 1062 1600 1118 credite
1623 1064 1692 1127 ei,
1715 1065 1859 1132 quod
1887 1065 2060 1120 luere-

491 1153 582 1210 tici
615 1169 800 1214 sumus
834 1161 888 1208 et
923 1152 1241 1216 Antichristi
1279 1153 1543 1222 discipuli,
1597 1164 1651 1206 et
1683 1152 1934 1221 projiciat
1959 1169 2059 1208 nos

491 1257 522 1296 a
557 1251 702 1298 terra
733 1251 913 1300 vestra
940 1261 951 1296 :
991 1254 1060 1306 et,
1093 1244 1386 1299 secundum
1421 1243 1564 1298 illius
1588 1253 1935 1313 prmceptum,
1963 1261 2062 1298 au-

492 1332 622 1402 ferte
658 1334 858 1388 malum
901 1334 965 1390 de
994 1334 1164 1390 medio
1210 1335 1382 1388 uestri.
1437 1334 1495 1388 Si
1521 1342 1666 1389 certe
1704 1350 1801 1388 nos
1830 1335 2060 1391 dicimus

489 1428 795 1492 veritatem,
826 1428 916 1484 ille
942 1427 1278 1482 mendacium
1314 1428 1462 1494 dicit,
1509 1428 1633 1497 quia
1669 1443 1773 1482 non
1800 1430 2058 1484 habemus

491 1535 654 1576 unam
687 1519 844 1575 [idem
871 1534 886 1573 :
928 1527 982 1573 et
1006 1518 1140 1574 ﬁdes
1169 1535 1324 1574 versa
1355 1518 1613 1591 [diversa]
1645 1534 1751 1574 non
1774 1519 1898 1575 facit
1931 1523 2062 1576 cha-

492 1608 709 1664 ritatem
759 1623 943 1672 unam,
990 1617 1044 1664 et
1069 1608 1138 1662 ob
1164 1609 1264 1662 hoc
1293 1606 1466 1662 divisa
1485 1617 1568 1662 est
1603 1609 1658 1664 in
1697 1609 1831 1664 duas
1878 1620 2060 1678 partes

492 1696 753 1754 Ecclesia.
790 1697 859 1754 Et
898 1696 1011 1765 jam
1040 1698 1096 1753 in
1131 1697 1530 1767 Scripturarum
1585 1701 1860 1768 praecincti
1907 1715 2060 1754 arma

2223 602 2306 657 LI.
2337 602 2462 657 Jam-
2487 604 2671 658 ethoc
2696 603 2986 672 aliquando
3030 602 3232 659 fac-tum
3263 616 3352 661 est
3372 615 3622 678 tempore
3653 608 3736 666 le-

2154 694 2354 749 remitr.
2388 694 2555 748 Erant
2581 695 3079 765 pseudoprophetm,
3119 697 3224 753 hoc
3251 705 3332 752 est
3348 699 3620 766 heretici,
3648 703 3743 784 qui

2154 785 2288 840 falsa
2320 792 2373 839 et
2397 786 2638 841 adultera
2670 787 2835 841 verba
2873 787 3068 858 populo
3095 789 3485 858 praedicabant,
3516 799 3574 848 et
3602 795 3741 866 dice-

2154 878 2321 932 bant:
2372 876 2502 932 Hree
2539 877 2674 932 dicit
2715 878 2990 933 Dominus.
3041 879 3188 946 Quos
3232 881 3495 940 Dominus
3523 887 3740 956 omnino

2135 961 2262 1022 'non
2287 968 2529 1023 miserat.
2564 967 2718 1023 Unde
2747 976 2802 1023 et
2826 984 2923 1039 per
2949 969 3142 1024 lsaiam
3168 985 3439 1044 caupones
3459 988 3560 1029 eos
3588 983 3746 1032 teter-

2156 1060 2324 1116 rimos
2355 1061 2673 1130 appellabat,
2719 1062 2902 1118 dicens
2931 1080 2944 1117 :
2993 1061 3263 1134 Caupones
3298 1067 3376 1120 tui
3419 1067 3646 1122 miscent
3677 1070 3744 1125 ei-

2159 1170 2282 1207 num
2310 1171 2460 1225 aqua:
2486 1153 2620 1223 (lsa.
2651 1170 2690 1220 ι,
2721 1154 2844 1226 22),
2892 1170 2957 1211 eo
2991 1157 3134 1225 quod
3162 1157 3394 1232 sapienti
3443 1166 3501 1214 et
3539 1161 3743 1228 sincero

2159 1263 2329 1313 mero,
2372 1247 2423 1301 id
2461 1257 2543 1302 est
2577 1249 2742 1304 verbo
2766 1249 2892 1313 Dei,
2952 1248 3236 1319 insipidum
3262 1259 3316 1305 et
3366 1259 3661 1324 aquatum,
3699 1255 3747 1312 id

2160 1345 2242 1392 est
2266 1345 2535 1392 terrenam
2564 1347 2619 1392 et
2657 1339 2949 1394 humanam
2987 1331 3307 1410 doctrinam,
3348 1329 3508 1412 quasi
3555 1358 3745 1414 aquam

2161 1428 2448 1484 miscentes
2498 1429 2640 1494 vino,
2673 1430 2868 1508 populo
2923 1430 3264 1486 intimabant.
3301 1433 3428 1504 ideo
3478 1450 3748 1506 caupones

2159 1533 2350 1586 aquam
2376 1518 2500 1575 vino
2539 1520 2826 1574 miscentes
2871 1520 3055 1575 audire
3099 1532 3434 1588 meruerunt.
3485 1525 3557 1580 Et
3583 1512 3749 1597 quan;

2158 1623 2318 1677 quam
2346 1610 2526 1664 vinum
2562 1611 2870 1665 nominetur
2899 1611 3002 1666 hoc
3027 1612 3162 1675 loco,
3196 1623 3375 1668 tamen
3406 1615 3615 1671 bonum
3645 1627 3746 1686 est,

2159 1701 2284 1769 quia
2318 1702 2562 1757 doctrina
2606 1704 2986 1772 prophetarum
3017 1712 3069 1758 et
3103 1706 3472 1792 apostolorum
3497 1719 3600 1764 est.
3641 1709 3750 1767 Sed

491 1790 862 1858 unusquisque
900 1789 1021 1844 fidei
1066 1805 1194 1852 suat,
1244 1790 1454 1859 publice
1497 1791 1830 1846 surreximus
1859 1792 1926 1845 ad
1960 1806 2061 1860 pu-
2094 1865 2132 1870 μ
2161 1795 2284 1862 quia
2315 1794 2482 1849 mixta
2527 1803 2630 1860 est,
2676 1795 2731 1850 id
2763 1804 2846 1850 est
2875 1789 3148 1852 haeretica!
3185 1798 3471 1866 pravitatis
3515 1801 3748 1870 infecta,

491 1895 671 1951 gnam.
712 1880 781 1935 Et
799 1881 925 1950 quia
951 1889 1060 1937 tres
1096 1896 1250 1951 reges
1281 1894 1466 1936 contra
1491 1898 1662 1937 unum
1692 1891 2060 1951 surrexerunt,
2094 1865 2144 1925 Β
2171 1885 2285 1940 bare
2313 1901 2447 1956 aqua
2477 1901 2585 1942 non
2613 1887 2678 1942 de
2703 1901 2831 1942 vero
2865 1885 3013 1943 fonte
3038 1896 3140 1955 est,
3171 1865 3225 1944 id
3255 1899 3340 1946 est
3367 1908 3476 1948 non
3501 1893 3570 1948 de
3591 1865 3755 1950 Cliti:

492 1985 601 2025 non
656 1971 959 2031 timeamus.
1022 1972 1216 2027 Fortes
1266 1980 1480 2028 estote:
1525 1973 1710 2030 Plures
1755 1975 1894 2030 enim
1945 1983 2066 2030 sunt

495 2061 762 2118 nobiscum
786 2079 942 2132 quam
969 2078 1085 2117 cum
1113 2062 1240 2116 illis.

565 2172 627 2226 L.
658 2171 946 2229 Nobiscum
976 2181 1058 2228 est
1079 2174 1244 2228 David
1277 2173 1364 2230 ille
1384 2183 1542 2229 Manu
1583 2174 1757 2240 fortis,
1783 2176 1872 2248 qui
1901 2191 2068 2246 parvo

493 2266 670 2338 lapide
703 2264 908 2320 Goliam
956 2265 1347 2333 blasphemum,
1395 2267 1485 2335 qui
1527 2267 1885 2334 exprobrabat
1921 2282 2072 2322 exer-

493 2341 658 2414 citum
691 2357 785 2412 Dei
805 2357 985 2422 Israel,
1026 2358 1080 2410 in
1110 2356 1286 2412 fronte
1312 2358 1576 2426 percussit
1599 2366 1652 2411 et
1687 2373 1795 2412 uno
1823 2358 1930 2412 ictu
1951 2373 2070 2427 pro-

491 2452 701 2507 stravit.
753 2450 1040 2506 Nobiscum
1066 2459 1150 2505 est
1175 2450 1402 2521 Moyses,
1448 2450 1541 2519 qui
1581 2450 1916 2505 Pharaonem
1945 2466 2068 2506 cum

493 2559 590 2599 suo
621 2544 860 2599 exercitu
905 2544 960 2598 in
996 2543 1179 2598 Rubro
1223 2544 1359 2598 mari
1398 2545 1690 2598 demersit:
1729 2551 1783 2599 et
1817 2544 2068 2614 populum

491 2649 649 2690 suum
679 2634 824 2689 sicco
849 2633 984 2704 pede
1022 2635 1252 2688 transire
1280 2633 1424 2688 fecit.
1456 2633 1744 2689 Nobiscum
1775 2643 1858 2689 est
1885 2633 2066 2706 Josue,

493 2726 584 2795 qui
621 2726 858 2799 quinque
898 2739 1053 2795 reges
1091 2726 1144 2779 in
1190 2742 1293 2779 una
1341 2727 1593 2802 spelunca
1643 2728 1920 2791 conclusit,
1978 2727 2071 2798 qui

494 2824 652 2870 antea
702 2815 920 2870 Amalec
960 2816 1106 2872 vicit.
1159 2817 1448 2872 Nobiscum
1483 2827 1565 2873 est
1605 2827 1756 2889 pater
1799 2818 2067 2873 Abraham

493 2922 616 2963 cum
660 2907 917 2962 trecentis
950 2909 1281 2971 vernaculis,
1331 2912 1420 2978 qui
1461 2911 1697 2979 quinque
1729 2926 1882 2981 reges
1914 2926 2071 2980 supe-

497 2999 655 3064 ravit,
692 3007 745 3052 et
778 2998 962 3067 spoliis
998 3000 1185 3054 exuit:
1227 3015 1348 3054 nam
1399 3002 1485 3055 isti
1519 3010 1726 3056 tantum
1770 3013 1878 3058 tres
1917 3019 2070 3076 reges

493 3099 636 3146 sunt.
683 3089 972 3146 Nobiscum
1008 3099 1090 3146 est
1115 3092 1354 3147 virorum
1393 3085 1718 3149 fortiSsimus
1746 3094 1982 3160 cheon,
2017 3104 2070 3151 et

493 3183 718 3238 trecenti
741 3182 896 3238 electi
923 3199 1044 3238 cum
1064 3199 1148 3250 eo,
1181 3200 1302 3239 cum
1323 3187 1518 3255 quibus
1547 3189 1796 3256 percussit
1828 3187 2064 3244 Modiam
2095 3216 2141 3279 ο

490 3276 643 3346 quasi
669 3290 829 3329 unum
858 3277 1042 3329 virum.
1086 3275 1376 3332 Nobiscum
1404 3287 1486 3333 est
1513 3279 1741 3334 Samson
1775 3279 1925 3334 leone
1958 3280 2069 3336 l’or-

491 3369 616 3433 tior,
645 3382 774 3423 saxo
802 3369 1003 3436 durior,
1040 3370 1129 3439 qui
1167 3369 1312 3425 solus
1337 3371 1452 3426 sine
1476 3373 1640 3428 armis
1664 3373 1806 3427 mille
1831 3383 2069 3443 prostra-

493 3459 569 3514 vit
611 3469 866 3515 armatos.
914 3459 1202 3517 Nobiscum
1233 3470 1357 3516 sunt
1395 3463 1673 3519 duodecim
1720 3467 2064 3534 patriarchae.

490 3550 780 3608 Nobiscum
822 3559 947 3609 sunt
975 3553 1206 3610 sedecim
1245 3555 1540 3625 prophetae,
1576 3556 1800 3626 apoStoli
1825 3564 1880 3611 et
1907 3572 2070 3626 evan-

492 3643 713 3711 gelistze.
747 3642 1036 3700 Nobiscum
1063 3654 1186 3701 sunt
1217 3660 1402 3700 omnes
1429 3655 1694 3717 martyres
1721 3655 1774 3702 et
1798 3647 2063 3704 doctores.

492 3733 780 3788 Nobiscum
807 3743 889 3789 est
917 3733 1072 3790 Iesus
1098 3736 1237 3791 ﬁlius
1259 3737 1514 3807 Virginis,
1545 3753 1668 3792 cum
1694 3739 1840 3793 omni
1876 3739 2066 3794 Eccle-

473 3824 573 3880 .sia
598 3839 694 3878 suo
727 3824 944 3894 proprio
973 3827 1231 3898 sanguine
1269 3837 1593 3898 comparata,
1636 3837 1690 3884 et
1721 3843 1818 3899 per
1853 3830 2068 3885 univer-

496 3929 618 3972 sum
641 3915 824 3970 orbem
861 3923 1126 3972 terrarum
1161 3917 1399 3973 dilatata.
1436 3919 1542 3974 ista
1574 3929 1783 3975 tantum
1813 3922 1983 3977 hostis
2012 3923 2066 3978 in

492 4024 599 4063 uno
625 4006 818 4077 angulo
844 4014 1057 4062 tenetur
1085 4017 1377 4065 coarctata.
1430 4011 1578 4066 State
1614 4028 1742 4084 ergo
1771 4014 2066 4068 secundum

492 4098 806 4169 Apostolum
829 4140 843 4167 ,
890 4101 1138 4154 succincti
1184 4101 1384 4156 lumbos
1421 4112 1612 4158 vestros
1647 4085 1702 4158 in
1731 4105 1942 4158 veritate
1963 4121 1982 4159 :
2019 4114 2068 4159 et

491 4191 663 4246 induti
698 4189 915 4245 loricam
931 4193 1172 4262 justitiw,
1215 4202 1263 4248 et
1291 4193 1497 4248 calciati
1534 4193 1688 4266 pedes
1714 4197 1768 4249 in
1796 4211 2065 4267 prwpara-

489 4283 680 4336 tionem
711 4280 981 4353 Evangelii
1006 4284 1148 4353 pacis
1175 4325 1188 4348 ,
1216 4284 1270 4338 in
1301 4285 1536 4338 omnibus
1566 4297 1824 4340 sumentes
1861 4294 2066 4339 scutum

489 4371 634 4440 ﬁdei,
665 4372 722 4425 in
745 4387 848 4446 quo
873 4371 1080 4442 possitis
1109 4373 1283 4426 omnia
1307 4372 1411 4426 tela
1448 4374 1745 4445 nequissimi
1771 4375 1936 4445 ignita
1975 4391 2066 4428 ea:-

489 4464 767 4532 stinguere,
801 4469 850 4516 et
874 4460 1076 4532 galeam
1104 4462 1291 4517 salutis
1319 4466 1584 4528 assumite,
1616 4473 1663 4517 et
1689 4464 1922 4536 gladium
1961 4465 2066 4536 spi-

2167 1977 2235 2032 sti
2271 1977 2532 2042 doctrina,
2573 1978 2667 2032 sed
2705 1979 2769 2033 de
2797 1979 3168 2034 haereticorum
3195 1982 3422 2048 collecta
3457 1983 3679 2052 lacuna,
3705 1996 3756 2042 et

2166 2067 2232 2123 do
2269 2070 2453 2123 mundi
2503 2070 2756 2138 opinione
2801 2069 2934 2126 falsa
2971 2073 3213 2126 scicntia.
3271 2073 3525 2148 Obscura
3573 2079 3752 2144 verba,

2167 2175 2286 2230 qum
2308 2177 2338 2214 a
2366 2162 2550 2230 paucis
2580 2161 2960 2232 intelligantur,
3009 2163 3242 2231 qualiter
3264 2165 3504 2233 possint,
3535 2181 3647 2236 quo
3667 2151 3754 2238 pa;

2167 2261 2256 2307 cto
2283 2268 2410 2306 vero
2433 2252 2666 2322 dogmati
2697 2251 2863 2307 mixta
2887 2253 3147 2322 sapientia
3179 2255 3434 2310 colorari.
3667 2274 3754 2333 nos

2169 2342 2371 2414 Spiritu
2400 2352 2586 2398 sancto
2614 2345 2840 2398 docente
2862 2385 2876 2411 ,
2923 2345 3076 2401 illum
3102 2346 3352 2414 spiritum
3383 2350 3631 2417 erroris,
3672 2350 3754 2420 qui

2167 2433 2270 2488 sibi
2303 2433 2404 2488 ista
2443 2434 2738 2503 contingit,
2778 2448 2878 2502 pro
2911 2449 3016 2503 quo
3042 2435 3207 2502 possit
3236 2450 3436 2491 nomen
3469 2438 3650 2494 doctis
3678 2429 3752 2495 asn

2169 2524 2338 2588 sumi,
2378 2532 2434 2578 et
2479 2539 2630 2578 suam
2659 2525 2956 2580 doctrinam
3004 2526 3169 2579 mixta
3205 2541 3326 2580 cum
3361 2527 3633 2597 Ecclesia:
3671 2531 3749 2584 do-

2169 2616 2338 2670 ctrina
2368 2615 2625 2684 copulari.
2672 2614 2841 2681 Quam
2872 2630 3065 2683 aquam
3106 2614 3312 2688 Moyses
3344 2617 3518 2672 vertit
3561 2618 3617 2672 in
3645 2635 3752 2673 san-

2167 2708 2419 2776 guinem:
2466 2721 2586 2776 quae
2613 2715 2696 2761 est
2729 2707 2901 2776 prima
2938 2706 3091 2774 plaga
3119 2705 3360 2777 Egypti.
3411 2708 3484 2762 Et
3514 2709 3642 2764 licet
3674 2710 3752 2764 illa

2168 2797 2222 2850 in
2237 2795 2472 2865 Egypto
2497 2794 2848 2864 corporaliter
2869 2803 3016 2864 gesta
3040 2795 3166 2859 sint,
3192 2795 3562 2864 spiritualiter
3586 2807 3753 2852 tamen

2167 2904 2311 2944 nunc
2351 2899 2610 2958 geruntur
2651 2888 2706 2941 in
2751 2888 2925 2941 nobis.
2975 2887 3240 2958 Egyptus
3290 2904 3536 2960 namque
3581 2892 3754 2946 srecuﬁ

2167 2977 2338 3032 forma
2372 2988 2474 3043 est,
2515 2978 2568 3032 in
2607 2976 2758 3046 cujus
2798 2978 2969 3047 prima
3006 2977 3162 3049 plaga
3206 2993 3363 3047 aqua:
3389 2989 3678 3035 vertuntur
3698 2982 3753 3035 in

2167 3071 2500 3141 sanguinem.
2532 3069 2600 3124 Et
2626 3085 2811 3125 omnes
2836 3070 3070 3124 hmretici
3106 3070 3414 3142 philosophi
3438 3081 3560 3126 sunt
3583 3090 3597 3124 :
3623 3073 3748 3142 quia

2168 3163 2399 3228 rusticus
2439 3162 2726 3217 haereticus
2767 3161 2874 3216 dici
2922 3177 3030 3216 non
3073 3169 3286 3231 potest,
3330 3165 3406 3218 ob
3436 3166 3561 3219 inde
3603 3153 3752 3235 aqua

2170 3253 2388 3324 Egypti
2426 3263 2603 3318 erum,
2654 3255 2707 3308 id
2753 3263 2855 3320 est,
2903 3255 3280 3310 haereticorum
3325 3256 3543 3312 lubrica
3579 3266 3633 3314 et
3665 3245 3755 3326 oh-

2168 3330 2325 3400 scura
2363 3343 2801 3414 philosophantes
2835 3344 3099 3400 doctrina.
3159 3344 3292 3416 Quas
3325 3348 3533 3414 merito
3561 3349 3614 3403 in
3642 3364 3753 3416 san—

2169 3436 2382 3507 guinem
2412 3444 2695 3490 vertuntur
2719 3476 2734 3502 ,
2771 3436 2897 3512 quia
2925 3435 3229 3512 Scripturas
3259 3447 3482 3510 sanctas
3529 3441 3750 3496 carnali-

2170 3538 2253 3585 ter
2289 3530 2546 3585 sentiunt.
2595 3528 2702 3583 Sed
2747 3511 2883 3584 mox
2903 3529 2993 3585 ubi
3038 3545 3167 3603 crux
3204 3529 3409 3600 Christi
3455 3532 3640 3602 fuerit,
3674 3535 3750 3590 bis

2168 3623 2410 3678 veritatis
2435 3624 2616 3678 lumen
2638 3624 2907 3690 ostendit,
2959 3633 3014 3680 et
3047 3641 3141 3681 eos
3167 3626 3343 3692 acrius
3375 3627 3675 3700 redarguit,
3699 3637 3750 3702 με

2168 3729 2236 3770 ex
2270 3715 2528 3785 qualitate
2571 3729 2923 3784 personarum
2966 3716 3213 3796 proprios
3255 3705 3562 3787 agnoscant
3613 3737 3750 3784 erro-

2167 3821 2274 3862 res.
2327 3807 2394 3863 Et
2427 3817 2555 3864 tunc
2580 3809 2857 3880 probatur,
2885 3811 3117 3879 quaeest
3147 3809 3380 3879 Spiritus
3408 3811 3531 3880 Dei,
3562 3821 3618 3869 et
3642 3827 3751 3885 qua

2169 3900 2392 3956 erroris.

2239 3991 2345 4046 ιιι.
2378 3991 2454 4047 De
2480 4005 2588 4061 quo
2618 3989 2820 4062 Spiritu
2847 3991 3049 4048 erroris
3074 3992 3129 4048 in
3158 3992 3482 4065 Apocalypsi
3517 3995 3744 4052 dicitur:

2168 4081 2241 4136 Et
2263 4081 2366 4136 vidi
2403 4097 2468 4135 ex
2507 4097 2596 4136 ore
2634 4080 2905 4147 draconis,
2947 4090 2996 4136 et
3021 4097 3087 4136 ea:
3124 4099 3212 4136 ore
3247 4073 3445 4153 bestiae,
3492 4094 3548 4138 et
3577 4101 3643 4154 ιφ
3668 4101 3748 4154 ore

2166 4172 2626 4247 pseudoprophetis
2647 4173 2862 4243 spiritus
2891 4183 2992 4229 tres
3021 4174 3318 4244 immundos
3342 4176 3399 4231 in
3424 4178 3643 4246 modum
3671 4195 3748 4232 rs-

2167 4282 2352 4322 narum
2386 4263 2567 4336 (Apoc.
2600 4279 2712 4328 xvr,
2750 4265 2859 4336 15).
2893 4265 3066 4319 Draco
3093 4266 3214 4335 quis
3238 4266 3375 4336 alius
3420 4268 3532 4340 nisi
3572 4268 3748 4330 diabo-

2167 4358 2252 4414 lus
2280 4358 2404 4413 est‘l
2437 4357 2619 4412 Bestia
2647 4371 2678 4409 a
2715 4357 2976 4411 vastando
3003 4371 3195 4411 nomen
3221 4357 3448 4429 accepit,
3479 4360 3608 4430 quia
3640 4373 3745 4422 non

2169 4449 2368 4504 herbas
2399 4447 2622 4511 mandit,
2654 4446 2748 4502 sed
2791 4447 3104 4515 sanguinem
3141 4447 3384 4512 ell'undit,
3432 4435 3504 4503 et.
3533 4463 3746 4504 carnem

492 4556 642 4618 ritus,
668 4551 900 4625 quod-eu
921 4553 1129 4608 verbum
1157 4552 1272 4607 Dei,
1305 4554 1556 4608 Dicamus
1581 4569 1702 4608 cum
1725 4554 2064 4613 sanctissimo
2168 4543 2388 4608 lacerat,
2420 4542 2562 4596 unde
2585 4540 2735 4594 vivit.
2769 4539 2895 4595 Ηεεο
2917 4539 3105 4606 bestia,
3139 4541 3267 4612 quid
3290 4540 3440 4595 aliud
3459 4543 3568 4598 nisi
3593 4543 3747 4598 homo

491 4643 658 4701 David
680 4645 943 4715 propheta
970 4660 986 4698 :
1018 4644 1352 4716 Adjutorium
1383 4655 1614 4699 nostrum
1642 4665 1672 4700 a
1698 4645 1943 4712 Domino,
1975 4648 2065 4719 qui

492 4739 612 4812 fecit
641 4740 824 4794 caelum
848 4750 894 4794 et
920 4751 1130 4794 terram.
1164 4741 1388 4796 Donavit
1407 4741 1740 4796 certantibus
1762 4742 2060 4809 victoriam,

490 4833 582 4903 qui
611 4831 848 4887 certandi
873 4830 1018 4887 dedit
1043 4833 1340 4887 audaciam.
1365 4831 1480 4887 Non
1506 4849 1606 4888 nos
1631 4833 1862 4887 hosﬁum
1885 4835 2062 4900 turba,

423 4974 426 4978 .
494 4939 602 4978 non
626 4923 942 4979 bellantium
986 4935 1201 4981 revocet
1227 4924 1397 4981 forma
1422 4967 1437 4990 ,
1475 4941 1583 4980 non
1615 4926 1766 4995 quasi
1811 4923 2066 4995 fulgentia

491 5015 661 5069 vitrea
697 5031 844 5071 arma
867 5025 1122 5073 terreant.
1160 5016 1233 5071 Hi
1258 5020 1315 5072 in
1343 5018 1602 5083 curribus,
1645 5026 1691 5071 et
1719 5017 1774 5071 hi
1802 5018 1856 5071 in
1882 5018 2025 5088 equis
2043 5032 2068 5082 ;

490 5121 584 5159 nos
613 5114 783 5159 autem
809 5107 863 5160 in
885 5111 1090 5162 nomine
1117 5109 1213 5163 Dei
1240 5111 1403 5163 nostri
1431 5109 1906 5180 magni/icabimur.
1948 5109 2068 5165 Non

489 5195 796 5248 timeamus.
837 5195 955 5251 Non
989 5207 1115 5253 sunt
1151 5200 1457 5255 bellatores.
1491 5199 1861 5269 Negotiatores
1885 5200 2065 5256 stecuii

489 5291 634 5342 sunt.
678 5282 846 5339 Suum
872 5289 1141 5357 negotium
1180 5299 1426 5358 portant,
1479 5305 1587 5344 non
1635 5298 1920 5357 nostrum;
1968 5306 2066 5346 sua

491 5383 759 5448 quaerunt,
805 5391 912 5431 non
946 5392 1064 5447 quae
1096 5379 1223 5437 Jesu
1271 5380 1491 5437 Christi.
1542 5381 1745 5436 Aurum
1788 5397 1846 5437 se
1883 5382 2068 5437 dicunt

489 5478 543 5525 et
578 5474 860 5539 argentum
885 5477 1140 5538 portare;
1173 5474 1264 5526 sed
1291 5474 1519 5527 mixtum
1546 5482 1627 5528 est
1645 5514 1659 5538 ,
1707 5473 2064 5528 adulteratam

490 5571 594 5629 est,
627 5559 823 5616 falsum
864 5568 965 5617 est.
1014 5561 1243 5618 Veniant
1273 5567 1565 5634 trapezitm,
1615 5573 1668 5618 et
1696 5566 1909 5620 videant
1941 5566 2064 5634 quia

492 5654 831 5712 mendacium
858 5662 960 5710 est.
1005 5653 1174 5709 Nemo
1202 5669 1268 5710 ex
1302 5656 1386 5710 his
1412 5657 1658 5724 accipiat,
1709 5672 1868 5711 nemo
1898 5665 2061 5723 emat,

494 5759 561 5801 ne
602 5745 944 5816 postmodum
985 5742 1265 5816 pteniteat.
1322 5745 1518 5799 Vinum
1567 5745 1723 5800 nobis
1761 5746 2061 5816 porrigunt,

494 5850 654 5896 nemo
711 5837 940 5912 accipiat
960 5878 978 5909 ,
1039 5852 1200 5896 nemo
1245 5837 1426 5906 bibat,
1490 5836 1722 5892 mixtum
1771 5845 1866 5894 est.
1901 5853 2064 5909 aqua.

2165 4641 2267 4701 est,
2306 4635 2398 4704 qui
2441 4632 2711 4687 hominem
2753 4630 2950 4700 premit
2987 4629 3190 4703 [Forte,
3217 4632 3482 4705 perimit].
3542 4633 3747 4706 Psendo

2166 4735 2344 4783 autem
2369 4727 2625 4797 propheta
2665 4723 2956 4780 haereticus
2989 4730 3092 4780 est.
3139 4713 3276 4795 Tros
3308 4714 3534 4795 spiritus
3578 4741 3636 4782 se
3673 4728 3748 4782 vi-

2166 4822 2308 4876 disse
2331 4826 2577 4884 testatur,
2601 4817 2695 4873 sed
2715 4831 2854 4871 unus
2876 4815 3095 4885 spiritus
3114 4825 3216 4872 est.
3241 4816 3396 4884 Quia,
3420 4818 3568 4874 sicut
3593 4821 3745 4876 homo

2165 4914 2443 4970 adharcns
2471 4913 2581 4967 Deo
2617 4911 2680 4966 lit
2722 4924 2863 4965 unus
2902 4909 3141 4981 spiritus,
3185 4909 3348 4965 homo
3370 4911 3554 4967 malus
3577 4913 3746 4967 adhae-

2166 5006 2349 5062 rendo.
2369 5005 2624 5062 inuretico
2650 5004 2710 5058 lit
2737 5018 2877 5058 unus
2918 5002 3140 5072 spiritus
3159 5017 3283 5057 cum
3310 4988 3567 5071 diabolo;
3612 5006 3744 5060 sitan

2165 5106 2222 5154 et
2247 5097 2362 5166 ipse
2391 5095 2634 5151 diabolus
2670 5093 2739 5149 de
2781 5094 3068 5163 semetipso
3099 5093 3216 5148 ait:
3263 5092 3467 5149 Sedabo
3493 5095 3556 5149 is
3581 5106 3744 5149 monts

2164 5191 2472 5252 testamenti,
2507 5197 2556 5250 et
2583 5188 2640 5242 in
2675 5185 2929 5241 lateribus
2969 5185 3252 5257 aquilonis.
3299 5186 3544 5246 Montem
3587 5197 3746 5243 testa-

2162 5281 2331 5337 menti
2363 5279 2606 5344 diaboius
2630 5277 2902 5348 praesidet,
2928 5292 3052 5334 cum
3076 5276 3238 5332 corda
3265 5278 3649 5334 haereticorum
3675 5287 3747 5333 to-

2164 5383 2273 5428 net.
2305 5373 2499 5427 Latera
2525 5368 2682 5438 huius
2710 5369 2912 5428 montis
2934 5379 3062 5424 sunt
3082 5383 3272 5435 omnes
3297 5371 3390 5440 qui
3411 5372 3496 5425 eis
3523 5385 3748 5428 muco-

2166 5469 2306 5524 tiunt
2326 5475 2381 5522 et
2405 5481 2588 5521 eorum
2619 5462 2927 5522 defensores
2941 5465 3218 5521 assistunt.
3247 5465 3314 5520 lli
3331 5467 3561 5536 spiritus
3583 5467 3744 5522 verba

2165 5563 2400 5631 ipsorum
2439 5566 2581 5624 sunt,
2615 5559 2740 5628 quia
2776 5558 2919 5627 quod
2951 5556 3196 5613 diabolus
3239 5559 3324 5614 eis
3362 5559 3616 5628 inspira,
3647 5559 3743 5614 hoc

2164 5652 2498 5720 loquuntur:
2549 5664 2709 5719 quem
2757 5649 2978 5719 spiritus
3029 5649 3160 5704 dicit
3203 5663 3323 5705 esse
3367 5650 3524 5720 quasi
3576 5663 3738 5705 una.

2164 5745 2314 5801 Rana
2362 5752 2446 5798 est
2503 5743 2880 5813 loquacissima
2934 5744 3164 5799 vanitas.
3217 5742 3362 5798 Nihil
3414 5743 3565 5798 enim
3623 5743 3744 5799 cibo

2164 5848 2348 5911 aptum
2371 5845 2457 5894 est
2475 5837 2676 5892 animal
2702 5836 2863 5902 istud,
2889 5836 3146 5906 quoniam
3161 5835 3502 5894 immundum
3517 5843 3624 5894 est.
3649 5831 3728 5891 fi-
