3952 6318
524 366 630 424 927

1355 366 1764 434 ELIPANDUS,
1804 367 2031 435 FELIX,
2071 367 2420 425 HETERIUS
2459 371 2549 427 ET
2587 371 2646 429 S.
2685 372 2980 434 BEATUS.

525 457 630 540 ritu
666 481 878 538 adlatus
910 483 1189 540 sententiae
1223 498 1334 539 suae
1354 484 1665 540 deﬁnitione
1692 484 1987 556 redarguit,
2019 485 2102 540 di—
2123 484 2182 548 Α
2203 483 2400 553 quippe
2427 485 2478 539 ei
2523 486 2591 542 ab
2618 487 2895 544 Elisabeth
2939 491 3142 547 dicitur
3168 507 3183 547 :
3228 493 3381 550 Unde
3409 494 3509 551 hoc
3539 498 3692 565 mihi,
3736 511 3795 556 ut

520 591 693 632 oens:
746 575 872 631 Non
913 577 1277 648 adequabitur
1317 578 1366 630 ei
1404 577 1671 646 tapadium
1714 578 1780 631 de
1825 576 2102 648 Ethiopia

446 669 450 673 ’
520 669 663 742 (Job.
706 685 901 736 xxvnr,
939 670 1051 743 19).
1103 669 1241 738 Quid
1279 669 1604 741 Ethiopia?
1635 673 1740 728 nisi
1776 680 2102 742 praesean

518 763 778 818 mundum
803 762 1150 832 accipiemus,
1182 778 1303 834 quae
1333 762 1530 818 coloris
1559 763 1834 834 nigredine
1859 764 2106 835 designat

518 863 855 924 peccatorum
902 857 1155 926 populum
1203 855 1447 912 fmditate
1493 857 1832 912 meritorum.
1882 857 1959 912 De
1996 873 2103 928 quo

519 945 788 1016 Propheta
817 947 948 1004 dicit
975 966 988 1001 :
1039 948 1315 1019 Ethiopia
1339 951 1613 1021 praeveniet
1642 951 1770 1004 dare
1793 968 1978 1006 manus
2003 951 2103 1006 Dei

519 1034 692 1107 (Psal.
722 1052 908 1102 vaur,
941 1037 1019 1108 5).
1050 1037 1109 1094 Id
1125 1047 1224 1104 est,
1257 1040 1571 1110 priusquam
1596 1039 1780 1095 Judzea
1797 1043 1984 1098 credat
2003 1043 2104 1099 sal-

518 1129 751 1184 vandam
793 1144 870 1194 se,
911 1127 1100 1186 oﬂ‘eret
1137 1132 1488 1202 omnipotenti
1527 1133 1754 1188 Domino
1786 1149 1844 1189 se
1868 1138 2105 1206 peccatis

519 1219 672 1289 nigra
698 1220 989 1290 gentilitas.
1047 1220 1339 1294 Topadium
1382 1238 1512 1278 vero
1538 1226 1808 1292 pretiosus
1835 1225 1971 1296 lapis
1997 1237 2100 1284 est.

518 1315 610 1387 (Et
638 1317 765 1386 quia
790 1316 981 1373 Graaca
1021 1317 1222 1390 lingua,
1272 1337 1396 1390 pan,
1441 1336 1601 1376 omne
1644 1322 1858 1390 dicitur,
1897 1339 1997 1394 pro
2040 1340 2104 1382 eo

517 1406 662 1475 quod
685 1413 770 1462 est
809 1409 955 1462 omni
987 1408 1105 1464 loco
1150 1410 1472 1480 resplendet,
1512 1412 1800 1482 topadium,
1845 1417 1999 1484 quasi
2031 1427 2106 1472 to-

515 1497 727 1566 pasium
751 1497 1022 1572 vocatur.)
1065 1499 1203 1555 Dum
1232 1517 1361 1556 vero
1384 1503 1438 1556 in
1459 1503 1628 1557 Deum
1650 1519 1908 1560 conversa
1939 1510 2106 1577 genti-

516 1585 644 1644 litas
666 1591 895 1646 credidit
917 1606 984 1647 ex
1005 1607 1088 1657 ea,
1122 1593 1198 1647 ita
1233 1593 1384 1648 multi
1412 1605 1540 1650 sunt
1574 1596 1715 1652 dono
1757 1597 1988 1668 Spiritus
2027 1602 2104 1658 lo-

517 1680 793 1749 cupletati,
827 1690 889 1736 ut
907 1684 1036 1753 quia
1076 1684 1218 1740 sicut
1243 1686 1426 1741 multis
1463 1688 1767 1756 coloribus,
1817 1694 1896 1747 sic
1920 1695 2103 1753 multis

515 1762 810 1828 virtutibus
848 1771 1080 1829 luceant.
1133 1774 1238 1831 Sed
1267 1791 1373 1833 non
1408 1780 1644 1848 acceptis
1681 1783 1967 1852 quisquam
1993 1787 2103 1842 vir-

2205 575 2376 629 veniat
2402 586 2570 631 mater
2592 577 2805 633 Domini
2841 580 2943 634 mei
2971 581 3040 635 ad
3067 599 3148 638 me
3168 583 3196 638 ?
3242 584 3312 640 Et
3354 586 3474 656 ipsa
3498 587 3655 660 Virgo
3677 607 3793 648 con-

2203 664 2408 734 cipiens
2434 667 2563 722 dicit
2592 685 2611 722 :
2643 668 2780 724 Ecce
2805 669 3001 724 ancilla
3028 670 3246 729 Domini
3274 691 3294 729 :
3321 676 3418 746 ﬁat
3450 678 3583 731 milii
3611 697 3789 736 secu-

2203 752 2329 806 dum
2357 755 2563 810 verbum
2593 767 2764 811 tuum.
2807 759 2875 813 Et
2905 763 3154 831 quamvis
3177 763 3296 834 ipse
3325 765 3474 822 aliud
3518 783 3592 824 ex
3619 768 3789 840 Patre,

2203 845 2350 901 aliud
2385 862 2453 903 ex
2502 849 2765 920 Virgine;
2814 866 2922 908 non
2972 861 3154 910 tamen
3191 855 3330 912 alius
3373 874 3445 913 ex
3492 859 3662 916 Patre
3697 872 3789 930 est,

2205 935 2344 1020 alius
2376 952 2443 992 ex
2477 938 2734 1010 Virgine:
2787 941 2883 996 sed
2924 941 3041 1013 ipse
3085 952 3172 999 est
3217 953 3458 1006 :eternus
3500 963 3577 1004 ex
3621 950 3789 1020 Patre,

2203 1015 2318 1098 ipse
2365 1033 2673 1103 temporalis
2701 1047 2767 1088 ex
2809 1044 3004 1091 matre.
3049 1037 3168 1106 lpse
3207 1039 3299 1108 qui
3335 1039 3511 1107 fecit,
3557 1042 3679 1112 ipse

2203 1118 2376 1176 factus
2401 1130 2503 1177 est.
2554 1123 2670 1194 Ipse
2695 1126 2958 1195 speciosus
3000 1126 3177 1197 forma
3211 1146 3324 1200 prce
3358 1129 3494 1198 ﬁliis
3529 1133 3788 1191 hominum

2202 1226 2300 1282 per
2325 1211 2659 1269 divinitatem
2686 1231 2700 1280 ;
2729 1223 2784 1269 et
2811 1215 2927 1287 ipse
2953 1225 3038 1271 est
3067 1217 3133 1272 de
3157 1233 3264 1288 quo
3299 1219 3514 1276 dictum
3549 1231 3674 1278 est:
3720 1223 3792 1281 Vi-

2204 1302 2375 1357 dimus
2405 1321 2554 1372 eum,
2598 1315 2646 1359 et
2681 1323 2786 1362 non
2809 1317 2922 1362 erat
2959 1318 3194 1380 aspectus
3229 1327 3250 1366 .°
3285 1321 3334 1366 et
3362 1330 3472 1368 non
3497 1324 3580 1370 est
3614 1319 3792 1387 species

2204 1393 2270 1458 ei,
2309 1411 2402 1448 nec
2445 1394 2620 1450 decor.
2665 1396 2768 1452 Per
2801 1397 3140 1455 divinitatem
3181 1402 3299 1473 ipse
3337 1414 3468 1460 ante
3498 1409 3705 1464 secula
3735 1412 3793 1466 de

2204 1481 2364 1541 Patre
2395 1487 2511 1542 sine
2540 1495 2732 1556 matre,
2777 1490 2892 1560 ipse
2926 1490 2980 1545 in
3025 1492 3132 1547 ﬁne
3171 1493 3505 1552 saeculorum
3535 1499 3608 1554 de
3634 1509 3795 1558 matre

2204 1577 2320 1632 sine
2345 1578 2543 1635 Patre:
2588 1581 2701 1650 ipse
2735 1583 3032 1638 conditoris
3078 1584 3360 1656 templum,
3403 1589 3528 1659 ipse
3555 1593 3799 1652 conditor

2203 1669 2564 1740 templi.'lpse
2589 1680 2778 1726 auctor
2800 1675 3000 1743 operis,
3029 1675 3145 1746 ipse
3169 1663 3308 1747 opus
3339 1682 3587 1737 auctoris
3614 1700 3631 1748 ;
3689 1701 3802 1744 ma.

2203 1777 2337 1816 nens
2363 1778 2501 1817 unus
2536 1777 2604 1818 ex
2637 1773 2867 1836 utraque
2888 1776 2944 1824 et
2968 1769 3023 1822 in
3051 1779 3282 1842 utraque
3306 1784 3520 1830 natura.
3559 1776 3678 1834 Nec
3702 1795 3805 1838 na.

518 1862 723 1917 tutibus
748 1863 1055 1930 extollatur,
1091 1881 1121 1921 a
1161 1876 1348 1925 sancto
1386 1871 1505 1925 viro
1529 1888 1672 1927 nunc
1697 1848 1898 1930 dicitur
1927 1894 1939 1931 :
1977 1877 2101 1935 Non

2205 1860 2448 1908 turarum
2492 1854 2831 1924 copulatione
2863 1858 3157 1927 confusus,
3205 1875 3306 1918 nec
3355 1874 3679 1924 naturarum
3719 1869 3804 1927 di-

517 1958 882 2030 adwquabitur
907 1965 956 2017 ei
1000 1965 1270 2035 topadium
1311 1967 1376 2023 de
1399 1967 1694 2041 zEthiOpia.
1731 1971 1810 2028 Ac
1839 1973 1884 2029 si
1921 1985 2105 2045 aperte

515 2049 828 2108 diceretur:
874 2053 1063 2112 Nullus
1093 2069 1426 2125 sanctorum,
1461 2062 1788 2131 quibuslibet
1816 2066 2105 2126 virtutibus

512 2140 723 2211 plenus,
759 2153 941 2202 tamen
970 2149 1037 2205 de
1063 2151 1339 2222 nigredine
1363 2135 1560 2216 ἠ’ηῶ
1590 2157 1866 2224 collectus,
1897 2163 2104 2231 atquari

510 2241 692 2302 potest
716 2235 765 2290 ei
789 2237 856 2292 de
881 2253 988 2308 quo
1017 2241 1219 2296 dictum
1247 2253 1348 2299 est.
1387 2244 1520 2311 Quia
1545 2248 1658 2317 ipsa
1688 2259 1893 2306 naturae
1917 2267 2106 2307 corru-

511 2324 716 2394 ptibilis
758 2331 1068 2389 conditione
1107 2337 1548 2407 constringimur,
1583 2349 1642 2395 ut
1679 2358 1803 2396 cum
1833 2343 2102 2415 Propheta

512 2414 756 2473 dicamus
786 2436 800 2472 :
849 2415 986 2476 Ecce
1008 2423 1144 2477 enim
1174 2425 1229 2478 in
1266 2425 1628 2497 iniquitatibus
1655 2414 2100 2503 conceptusisum,

510 2513 559 2560 et
582 2507 638 2562 in
664 2509 864 2564 delictis
901 2515 1098 2582 peperit
1132 2531 1213 2569 me
1250 2525 1420 2571 mater
1446 2535 1582 2572 mea.
1622 2520 1716 2577 Ille
1743 2532 1920 2580 autem
1955 2527 2102 2583 solus

509 2600 776 2656 veraciter
797 2612 1014 2660 sanctus
1043 2614 1145 2672 est,
1180 2609 1270 2676 qui
1311 2617 1369 2664 ut
1407 2610 1577 2679 ipsam
1616 2615 1979 2672 conditionem
2008 2635 2105 2674 na-

510 2693 645 2743 turae
679 2695 1043 2764 corruptibilis
1066 2699 1327 2765 vinceret,
1366 2716 1433 2756 ex
1459 2706 1842 2763 commixtione
1871 2713 2103 2768 carnalis

510 2778 714 2846 copula:
747 2793 1040 2853 conceptus
1075 2803 1181 2842 non
1222 2799 1325 2845 est.
1377 2791 1513 2848 Huic
1537 2809 1596 2849 se
1624 2799 1899 2868 sapientia:
1946 2800 2098 2872 quasi

510 2869 778 2936 quoddam
816 2876 1069 2943 topadion
1101 2880 1167 2934 de
1195 2879 1476 2954 Ethiopia
1503 2891 1707 2957 aquari
1739 2893 1926 2960 voluit,
1962 2869 2100 2952 cum

511 2961 728 3028 quidam
757 2963 1115 3024 haeresiarcha
1146 2972 1317 3028 dixit:
1351 2986 1376 3016 ι
1411 2994 1429 3027 ι
1466 2976 1682 3036 Christo
1706 2982 1816 3040 Deo
1839 2984 2018 3054 facto;
2053 2990 2099 3046 si

507 3053 649 3122 volo,
676 3066 731 3111 et
755 3058 869 3130 ipse
894 3075 1112 3129 possum
1141 3064 1276 3120 ﬁeri.
1321 3088 1338 3120 ι
1375 3069 1439 3124 Et
1477 3071 1566 3126 ille
1600 3089 1657 3130 se
1679 3079 1881 3146 aequari
1909 3053 2096 3148 voluit,

507 3149 598 3217 qui
627 3149 790 3207 simili
830 3169 989 3210 sensu
1021 3157 1087 3212 de
1116 3172 1182 3214 eo
1223 3160 1402 3218 dixit:
1453 3184 1472 3216 ι
1509 3166 1576 3222 Ει
1617 3168 1706 3226 ille
1731 3171 1998 3240 Christus,
2042 3186 2095 3233 et

504 3254 605 3296 nos
633 3243 844 3301 cbristi.
876 3246 944 3302 Et
977 3249 1067 3304 ille
1093 3251 1392 3323 adoptivus,
1424 3265 1480 3312 et
1509 3274 1608 3314 nos
1632 3261 1888 3332 adoptivi.
1919 3267 1984 3321 Et
2008 3269 2095 3325 ille

503 3333 774 3400 parvulus,
793 3343 848 3390 et
861 3353 959 3393 nos
979 3343 1209 3408 parvuli.
1235 3344 1302 3398 Et
1329 3346 1416 3401 ille
1442 3363 1648 3417 servus,
1675 3361 1729 3407 et
1753 3371 1853 3411 nos
1879 3360 2041 3413 servi.
2068 3380 2087 3413 ι

505 3421 606 3488 Qui
643 3422 830 3482 Iesum
865 3429 1151 3488 Dominum
1197 3445 1460 3505 nostrum,
1502 3457 1608 3497 non
1646 3459 1743 3514 per
1777 3449 2091 3517 mysterium

502 3522 888 3590 conceptionis,
936 3527 1031 3581 sed
1071 3543 1169 3598 per
1197 3530 1497 3599 profectum
1523 3538 1711 3604 gratiae
1741 3538 1909 3594 Deum
1934 3550 2092 3611 puta-

500 3608 611 3676 vit;
643 3626 899 3680 perversa
924 3618 1231 3690 alligatione
1273 3632 1521 3681 astruens
1545 3642 1668 3682 eum
1697 3646 1890 3699 purum
1917 3632 2093 3690 homi-

503 3713 628 3754 nem
671 3713 876 3770 natum,
924 3710 1019 3762 sed
1057 3719 1116 3764 ut
1139 3712 1281 3769 Deus
1306 3724 1451 3772 esset
1489 3733 1587 3787 per
1626 3723 1876 3777 meritum
1911 3726 2091 3794 prole-

501 3791 660 3857 cisse,
690 3801 851 3863 atque
875 3797 943 3851 ab
969 3799 1068 3854 hoc
1091 3803 1406 3861 existimans
1433 3818 1486 3862 et
1511 3823 1569 3863 se
1597 3818 1652 3864 et
1673 3791 1942 3880 quoslibet
1965 3817 2088 3874 illos

501 3883 553 3937 ei
576 3899 735 3952 posse
763 3892 1029 3957 comquari
1055 3893 1148 3961 qui
1173 3895 1268 3949 lilii
1284 3897 1377 3952 Dei
1402 3913 1502 3968 per
1522 3903 1751 3970 gratiam
1777 3904 1908 3960 ﬁant
1933 3924 1948 3973 ;
1979 3923 2087 3964 non

499 3979 678 4032 adhuc
708 3981 1029 4054 intelligens,
1066 4003 1173 4042 non
1197 3992 1498 4059 attendens,
1529 3997 1671 4063 quod
1707 4015 1812 4053 non
1837 4001 2086 4073 adtequa-

501 4069 642 4123 bitur
673 4072 721 4125 ei
749 4075 1018 4144 topadium
1043 4078 1108 4132 de
1133 4078 1428 4151 zEt/ziOpia.
1464 4083 1622 4140 Aliud
1649 4097 1731 4144 est
1760 4091 1903 4146 enim
1928 4069 2086 4151 natos

499 4163 745 4220 homines
765 4181 862 4235 per
883 4170 1111 4238 gratiam
1137 4172 1441 4242 adoptionis
1464 4179 1726 4249 accipere,
1757 4183 1899 4240 aliud
1920 4202 2083 4244 unam

497 4255 841 4326 singulariter
879 4275 978 4330 per
1004 4263 1300 4321 divinitatis
1333 4271 1629 4337 potentiam
1659 4274 1828 4330 Deum
1868 4293 1935 4333 ex
1967 4279 2082 4349 ipso

495 4358 814 4420 conceptum
841 4355 1188 4423 processisse.
1237 4357 1422 4430 Neque
1461 4366 1663 4432 :equari
1701 4376 1876 4436 potest
1910 4370 2080 4441 gloria

496 4441 767 4514 Unigeniti
796 4446 978 4500 habita
1002 4462 1099 4516 per
1125 4459 1394 4519 naturam,
1442 4456 1562 4512 aliis
1586 4467 1804 4530 accepta
1829 4477 1927 4530 per
1952 4479 2078 4535 gra-

2206 1943 2496 2000 stinctione
2522 1947 2841 2018 geminatus.

2273 2037 2428 2094 LVll.
2456 2037 2563 2095 Sed
2597 2041 2721 2111 quia
2748 2058 2855 2098 non
2883 2044 3000 2101 haec
3023 2049 3296 2103 tractanda
3327 2052 3705 2122 suscepimus,
3728 2056 3791 2111 ad

2206 2143 2268 2184 ea
2293 2144 2412 2198 quae
2440 2146 2600 2201 supra
2627 2132 2878 2200 diximus,
2917 2137 3220 2205 exponendi
3236 2139 3434 2194 ordine
3464 2144 3791 2200 redeamus:

2204 2221 2346 2289 quod
2376 2221 2554 2277 nullus
2579 2222 2628 2277 ei
2668 2224 2967 2292 hominum,
2995 2227 3049 2281 in
3088 2243 3194 2297 quo
3240 2229 3408 2286 homo
3459 2241 3573 2299 est,
3618 2235 3793 2293 similis

2205 2312 2487 2368 habeatur.
2517 2314 2818 2371 Notandum
2859 2318 3014 2374 nobis
3043 2329 3127 2375 est
3166 2321 3306 2389 quod
3335 2332 3579 2381 sanctus
3603 2324 3719 2390 Job,
3744 2336 3792 2382 ut

2205 2401 2360 2473 longe
2387 2404 2588 2460 distare
2609 2422 2640 2460 a
2664 2405 2881 2462 Christo
2906 2408 3123 2480 angelos
3153 2410 3594 2480 demonstraret,
3623 2416 3749 2472 dixit
3774 2435 3788 2472 :

2204 2493 2330 2549 Non
2361 2496 2573 2550 dabitur
2599 2515 2788 2552 aurum
2811 2499 3061 2570 obryzum
3085 2519 3179 2572 pro
3203 2519 3266 2557 ea
3298 2504 3451 2576 (Job.
3475 2523 3674 2574 xxvm,
3695 2510 3788 2580 l5),

2203 2586 2258 2640 id
2283 2596 2384 2653 est,
2411 2605 2508 2659 pro
2532 2605 2597 2644 ea
2624 2591 2884 2661 sapientia
2915 2607 3035 2662 quae
3058 2593 3303 2650 Christus
3335 2606 3447 2652 est.
3494 2598 3641 2666 Quia
3669 2613 3724 2656 ut
3746 2609 3792 2656 et

2203 2683 2457 2751 antiquos
2494 2685 2657 2739 etiam
2685 2683 2875 2740 Patres
2899 2687 3040 2742 sacri
3064 2687 3260 2759 eloquii
3287 2698 3635 2750 tractatores
3675 2695 3792 2751 inle-

2203 2775 2375 2830 riores
2409 2774 2609 2832 Christi
2636 2779 2966 2846 ostenderet,
2992 2779 3238 2850 adiunxit
3279 2800 3292 2836 :
3333 2782 3454 2838 Nec
3481 2789 3791 2856 oppendetsr

2201 2879 2473 2940 argentum
2501 2872 2558 2926 in
2587 2875 2992 2930 commutatione
3015 2876 3130 2946 ejus
3169 2876 3398 2951 (Ibid.);
3443 2889 3508 2936 et
3545 2891 3607 2936 ut
3631 2885 3789 2954 philo-

2201 2964 2491 3034 sophorum
2542 2979 2757 3038 quoque
2813 2969 3133 3040 sapientiam
3185 2970 3410 3029 Christo
3463 2986 3786 3033 monstraret

2201 3055 2354 3127 longe
2380 3057 2619 3124 subesse,
2650 3058 2832 3113 intulit
2853 3060 3039 3116 dicens
3072 3079 3085 3116 :
3130 3061 3254 3117 Non
3287 3065 3588 3135 conferetur
3611 3069 3787 3123 tinctis

2203 3145 2373 3200 ludite
2407 3147 2666 3203 coloribus
2716 3149 2880 3221 (Ibid.
2921 3169 3054 3208 vers.
3099 3153 3208 3225 l6).
3259 3154 3441 3226 Atque
3467 3157 3781 3226 subiunxit:

2121 3206 2168 3270 ο
2201 3238 2311 3292 Nec
2335 3237 2498 3308 lapidi
2527 3206 2855 3312 sardon‘ycho
2882 3206 3680 3321 pretiosiss-ilmorvgl—sappziro.

2195 3337 2254 3385 ut
2280 3329 2334 3384 in
2359 3330 2447 3385 illa
2475 3347 2688 3403 quoque
2715 3349 2949 3404 superna
2982 3337 3201 3392 civitate
3239 3336 3554 3396 Jerusalem
3585 3344 3779 3400 nullm-

2192 3423 2476 3492 pervenire
2503 3423 2572 3478 ad
2614 3426 2980 3494 aequalitatem
3032 3427 3309 3500 Unigeniti
3356 3431 3776 3500 demonstraret,

2191 3515 2398 3570 addidit
2457 3529 2472 3569 :
2531 3515 2645 3571 Nec
2695 3517 3060 3589 aquuabitur
3105 3520 3154 3574 ei
3198 3537 3414 3589 aurum,
3463 3524 3549 3580 vel
3600 3527 3776 3581 sitm

2192 3602 2358 3677 (Ibid.
2405 3624 2535 3662 vers.
2591 3607 2703 3682 l7).
2743 3609 2812 3664 Et
2846 3620 2904 3666 ut
2949 3612 3240 3682 prophetas
3283 3611 3514 3671 Christo
3563 3617 3775 3673 subesse

2190 3698 2530 3766 ostenderet,
2563 3699 2808 3770 adiunxit
2843 3720 2856 3756 :
2902 3701 3016 3757 Nec
3063 3705 3538 3761 committebantur
3579 3726 3674 3779 pro
3717 3725 3772 3763 eo

2190 3807 2315 3846 vasa
2345 3792 2484 3857 auri,
2510 3790 2716 3846 excelsa
2736 3792 3020 3847 eminentia
3047 3809 3067 3848 :
3107 3810 3199 3848 nec
3225 3799 3772 3854 commemorabuntur

2189 3884 2576 3954 comparatione
2592 3883 2728 3953 ejus.
2751 3881 3003 3939 Trahitur
3021 3886 3157 3940 enim
3178 3887 3438 3958 sapientia
3465 3888 3538 3944 de
3565 3889 3771 3945 occultis

2189 3970 2351 4043 (Ibid.
2389 3990 2520 4028 vers.
2559 3972 2670 4046 18).

2255 4065 2432 4121 LVIll.
2461 4065 2544 4122 Ad
2571 4074 2873 4124 extremum
2903 4084 3033 4126 vero
3055 4078 3116 4125 ut
3149 4071 3294 4142 ipsos
3329 4086 3552 4143 quoque
3596 4075 3656 4129 in
3677 4073 3770 4129 Eo-

2185 4158 2350 4214 clesia
2374 4159 2658 4218 haereticos
2679 4163 3015 4236 increparet,
3042 4167 3134 4236 qui
3184 4165 3346 4223 fidem
3391 4183 3564 4237 quam
3602 4171 3770 4240 perci-

2183 4251 2337 4322 piunt
2357 4267 2454 4322 per
2479 4254 2787 4324 superbiam
2809 4257 3081 4322 scindunt,
3105 4258 3311 4315 addidit
3335 4277 3347 4312 :
3377 4259 3506 4314 Non
3528 4262 3770 4334 adequ-

2185 4343 2325 4398 bitur
2351 4345 2399 4398 ei
2436 4347 2700 4416 topazium
2729 4346 2795 4401 de
2817 4347 3093 4420 zEtltiopia
3117 4350 3281 4422 (Ibid.
3311 4369 3448 4407 vers.
3477 4355 3589 4425 19).
3617 4355 3694 4410 Ac
3719 4353 3766 4409 si

2180 4444 2429 4506 patenter
2454 4437 2708 4505 insinuet,
2739 4438 2926 4496 dicens
2956 4459 2969 4494 :
2999 4440 3065 4495 Hi
3102 4443 3194 4512 qui
3216 4443 3271 4498 in
3307 4447 3556 4514 peccatis
3583 4461 3769 4503 conce-

493 4535 645 4590 tiam.
702 4535 965 4592 Mediator
1010 4541 1206 4612 quippe
1252 4542 1351 4598 Dei
1405 4556 1557 4618 atque
1601 4528 1869 4607 hominum
1924 4528 2106 4621 homo,

2194 4528 2276 4597 pti,
2310 4536 2364 4583 et
2400 4529 2454 4584 in
2484 4529 2723 4600 peccatis
2757 4531 2890 4597 nati,
2933 4533 3001 4588 ad
3057 4535 3469 4591 conversionem
3527 4541 3764 4605 veniunt,

493 4626 732 4684 Christus
751 4629 927 4686 Jesus.
961 4630 1099 4700 Non,
1128 4635 1268 4690 sicut
1292 4635 1396 4691 iste
1421 4638 1707 4696 haereticus
1733 4642 1951 4713 decipit,
1981 4647 2081 4702 ali-

491 4726 575 4773 ter
596 4719 648 4773 in
683 4720 1038 4788 humanitate,
1078 4723 1236 4779 aliter
1276 4725 1329 4779 in
1368 4725 1569 4784 deitate
1606 4738 1708 4785 est.
1755 4729 1872 4786 Non
1910 4748 2078 4802 purus

489 4811 650 4868 homo
677 4824 968 4884 conceptus
991 4825 1152 4887 atque
1175 4819 1370 4885 editus,
1395 4829 1517 4889 post
1537 4822 1814 4891 meritum,
1852 4835 1910 4880 ut
1933 4827 2075 4884 Deus

487 4913 649 4971 esset,
678 4907 923 4978 accepit:
976 4909 1070 4964 sed
1098 4911 1379 4966 nuntiante
1417 4913 1629 4983 angelo,
1662 4921 1716 4969 et
1741 4915 2075 4974 adveniente

488 4991 710 5064 Spiritu,
761 5015 885 5054 mox
914 4999 1151 5056 Verbum
1187 5002 1244 5056 in
1285 5010 1458 5070 utero,
1505 5020 1627 5059 mox
1675 5007 1818 5060 intra
1853 5016 2067 5065 uterum

486 5085 724 5142 Verbum
753 5105 901 5146 caro.
950 5091 1019 5146 Et
1063 5103 1314 5150 manente
1345 5096 1769 5153 incommutabili
1807 5101 2064 5168 essentia,

484 5188 604 5243 quae
645 5177 695 5230 ei
735 5186 818 5233 est
841 5195 966 5235 cum
1005 5183 1165 5239 Patre
1204 5193 1258 5239 et
1298 5185 1502 5257 Spiritu
1545 5198 1731 5244 sancto
1773 5201 2063 5262 comterna,

483 5269 774 5338 assumpsit
803 5271 946 5328 intra
970 5275 1209 5347 virginea
1235 5279 1438 5335 viscera
1456 5323 1470 5346 ,
1504 5282 1596 5338 ubi
1637 5291 1691 5339 et
1722 5284 2068 5354 impassihilis

480 5359 610 5430 pati,
663 5368 718 5416 et
768 5362 1088 5422 immortalis
1131 5371 1293 5436 mori,
1346 5381 1400 5428 et
1442 5383 1678 5431 aeternus
1702 5384 1826 5432 ante
1869 5379 2062 5435 saecula

484 5453 792 5521 temporalis
812 5463 993 5524 posset
1028 5458 1081 5511 in
1109 5459 1214 5515 line
1250 5464 1568 5520 szeculorum
1597 5466 1827 5522 ostendi.
1870 5467 1940 5524 Ut
1967 5484 2066 5539 per

480 5542 749 5601 ineﬂ‘abile
789 5559 1184 5604 sacramentum
1214 5566 1535 5626 conceptus,
1585 5568 1771 5615 sancto
1798 5567 1957 5629 partu
1983 5561 2066 5616 in-

478 5636 738 5704 violabili,
771 5641 1065 5695 secundum
1092 5645 1369 5701 veritatem
1405 5652 1683 5722 utriusque
1707 5661 1943 5720 naturas,
1971 5669 2064 5710 ea-

478 5729 600 5784 dem
649 5732 802 5804 virgo
842 5741 897 5790 et
941 5735 1132 5790 ancilla
1178 5737 1388 5794 Domini
1430 5753 1573 5798 esset
1617 5754 1671 5800 et
1720 5757 1914 5802 mater.
1969 5746 2062 5804 Sic

2182 4614 2384 4682 mquari
2408 4613 2614 4669 homini
2638 4613 2748 4670 Deo
2773 4631 2881 4670 non
2907 4627 3152 4686 possunt,
3175 4622 3429 4689 quamvis
3457 4623 3653 4680 multis
3684 4639 3767 4679 co-

2179 4707 2356 4761 lorum
2386 4706 2675 4762 virtutibus
2709 4707 3054 4777 resplendere
3080 4709 3387 4766 videantur.
3437 4712 3684 4780 Quorum
3711 4723 3763 4772 It

2177 4797 2428 4866 superbia
2475 4795 2756 4865 refutetur,
2785 4807 2907 4869 apte
2948 4799 3289 4871 subiungitur
3324 4821 3337 4857 :
3375 4803 3494 4859 Nec
3528 4807 3758 4862 tinctura

2176 4887 2533 4942 mundissima:
2555 4898 2890 4959 componetur
2911 4889 3122 4962 (Ibid.).
3147 4891 3424 4948 Tinctum:
3444 4896 3595 4951 enim
3617 4913 3762 4950 mun-

2175 4979 2408 5034 dissimae
2443 4988 2705 5034 vocantur
2737 4979 2793 5034 hi
2835 4980 2925 5050 qui
2957 4983 3221 5037 veraciter
3261 4992 3390 5040 sunt
3439 4985 3676 5044 humiles
3708 4996 3760 5042 et

2169 5073 2434 5128 veraciter
2458 5076 2648 5128 sancti.
2676 5072 2774 5140 Qui
2799 5075 2975 5130 sciunt
2994 5076 3212 5146 quidem
3257 5077 3386 5147 quia
3445 5094 3517 5134 ex
3565 5090 3759 5137 semet-

2169 5166 2302 5238 ipsis
2322 5167 2580 5223 virtutum
2597 5167 2832 5237 speciem
2868 5183 2974 5223 non
2998 5168 3215 5235 habent,
3240 5170 3335 5224 sed
3357 5170 3504 5226 hanc
3531 5189 3602 5230 ex
3623 5173 3758 5228 dono

2167 5261 2355 5333 gratiae
2372 5260 2796 5330 supervenientis
2816 5268 3017 5315 tenent.
3047 5259 3223 5316 Tincti
3244 5262 3389 5318 enim
3416 5279 3531 5318 non
3555 5276 3754 5333 essent,

2166 5353 2213 5409 si
2253 5355 2590 5410 sanctitatem
2616 5353 2933 5408 naturaliter
2972 5355 3308 5412 habuissent.
3361 5356 3471 5412 Sed
3515 5361 3760 5416 mundis-

2167 5448 2318 5502 sima:
2343 5447 2589 5502 tinctura:
2615 5454 2760 5512 sunt,
2782 5446 2908 5516 quia
2930 5447 3207 5503 humiliter
3230 5451 3550 5504 custodiunt
3571 5469 3759 5524 super-

2164 5538 2468 5592 venientem
2493 5538 2549 5592 in
2578 5552 2636 5592 se
2655 5536 2914 5592 virtutum
2947 5539 3175 5609 gratiam
3205 5556 3368 5610 quam
3395 5553 3752 5612 acceperunt.

2164 5630 2301 5686 llinc
2329 5638 2411 5684 est
2429 5630 2573 5684 enim
2597 5631 2739 5699 quod
2764 5629 2959 5698 Sponsi
2984 5645 3115 5686 voce
3155 5631 3222 5687 de
3271 5643 3459 5688 sancta
3505 5635 3754 5692 Ecdesia

2162 5722 2360 5779 dicitur
2373 5737 2387 5776 :
2406 5720 2536 5787 Quae
2567 5733 2638 5776 est
2661 5723 2782 5788 ista,
2795 5739 2910 5793 qua:
2924 5723 3155 5779 ascendit
3171 5724 3450 5780 dealbata?
3473 5725 3652 5798 (Cant.
3667 5743 3752 5798 tv,

547 5835 576 5868 ι
615 5823 713 5882 Est
737 5824 1267 5896 Pauli_Samosateni
1304 5836 1569 5890 sententia
1597 5837 1795 5894 aientis
1832 5853 1848 5893 :
1887 5857 1907 5895 ι
1942 5836 2061 5896 Non
2095 5834 2312 5916 invideo
2332 5830 2681 5892 Christolko
2701 5831 2866 5892 facto.
2899 5853 2920 5890 ι
