3952 6318
160 337 276 398 929
373 327 380 330 _

857 327 1136 386 HETERII
1172 330 1261 387 ET
1296 330 1357 388 S.
1396 329 1598 388 BEATI
1634 329 1731 386 AD
1767 328 2165 390 ELIPANDUM
2202 331 2420 389 EPIST.
2457 357 2530 377 ι·-
2565 335 2695 392 LIB.
2735 337 2776 394 I.

2694 249 2829 269 ...ιι-κ

3317 343 3427 406 930

161 449 245 523 6.)
277 445 414 516 Quia
435 443 581 501 enim
607 448 794 500 sancta
821 440 1063 498 Ecclesia
1090 443 1363 499 cmlestem
1390 444 1553 498 vitam
1590 449 1746 497 natu—
1769 445 1823 506 Α
1846 451 1901 497 ει
1929 445 2092 500 habet
2119 461 2314 502 nomen
2344 447 2557 504 Petrus.
2588 450 2657 506 Et
2687 451 2935 511 Christus
2961 469 3030 513 ex
3074 459 3248 518 tribus
3299 465 3426 521 sub-

157 543 356 600 raliter
376 555 485 595 non
515 537 697 602 habet,
713 536 806 592 sed
829 536 1243 605 superveniente
1271 536 1470 606 Spiritu
1500 535 1745 605 pulchri-

160 635 355 690 tudine
381 631 645 685 donorum
673 627 1034 696 componitur,
1059 642 1167 681 non
1191 627 1310 682 alba
1328 667 1343 692 ,
1369 627 1463 682 sed
1500 626 1745 682 dealbata

159 731 516 786 memoratur.
541 721 609 776 Et
635 719 929 775 notandum
949 719 1090 788 quod
1116 719 1362 788 superius
1410 735 1535 774 cum
1579 719 1747 775 dixis-

157 824 250 874 set
281 833 296 870 :
337 813 456 869 Non
499 811 798 881 conferetur
827 810 999 864 tinctis
1030 808 1200 863 Indice
1221 807 1497 871 coloribus,
1527 811 1744 866 eosdem

159 908 378 964 colores
405 920 512 960 non
549 901 733 957 intulit
784 900 1034 955 mundos.
1082 898 1196 956 Hoc
1239 915 1370 955 vero
1414 901 1468 955 in
1518 899 1654 964 loco,
1686 907 1746 955 ut

159 1003 456 1057 tincturam
493 994 768 1052 veracium
803 995 1062 1048 virtutum
1098 1007 1375 1050 servorum
1419 992 1511 1047 Dei
1543 993 1614 1048 ab
1654 993 1743 1048 illa

155 1091 542 1147 haereticorum
598 1085 1040 1156 philosophorum
1100 1084 1336 1140 factione
1390 1093 1740 1156 segregaret,

158 1185 422 1237 tincturus
474 1187 529 1235 et
579 1177 952 1232 mundissimas
1016 1177 1220 1233 dicens.
1281 1177 1550 1232 Tincturaa
1599 1177 1744 1232 enim

158 1281 308 1329 recte
333 1271 686 1327 nominantur
709 1269 1075 1325 mundissimae
1099 1270 1157 1324 hi
1178 1269 1435 1340 quiprius
1457 1284 1554 1340 per
1575 1283 1743 1340 prava

156 1381 326 1436 opera
379 1364 506 1420 {uadi
551 1361 799 1429 fuerunt;
857 1361 1266 1432 superveniente
1310 1360 1517 1431 Spiritu
1566 1361 1744 1446 nitore

157 1456 348 1530 gratize
399 1454 744 1519 vestiuntur,
793 1461 852 1507 ut
895 1452 1052 1524 longe
1099 1453 1244 1508 aliud
1287 1460 1582 1523 appareant
1622 1466 1743 1509 esse

156 1562 324 1617 quam
343 1551 515 1600 erant.
547 1543 700 1599 Unde
734 1543 897 1596 etiam
935 1543 1201 1612 baptisma
1230 1542 1417 1598 tinctio
1439 1541 1654 1608 dicitur,
1687 1543 1742 1598 id

155 1647 264 1703 est,
281 1639 397 1708 ipsa
417 1643 601 1693 nostra
626 1635 682 1689 in
706 1650 900 1704 aquam
928 1634 1226 1689 descensio.
1246 1633 1525 1705 Tingimur
1545 1634 1743 1704 quippe

156 1737 217 1786 ut
247 1727 340 1799 qui
369 1726 520 1798 prius
544 1724 784 1780 indecori
822 1739 1036 1778 eramus
1079 1722 1420 1778 deformitate
1462 1723 1737 1789 vitiorum,

1847 537 2084 602 stantiis,
2111 537 2318 592 duabus
2355 541 2566 596 naturis
2602 558 2709 597 una
2757 560 2985 614 persona
3030 560 3132 614 est,
3161 561 3215 608 et
3262 555 3424 611 habet

1846 641 2040 681 nomen
2065 627 2331 685 Christus.
2358 624 2599 689 Mortuus
2636 644 2720 691 est
2751 635 2948 696 Petrus
2980 641 3036 696 in
3074 644 3187 700 sola
3239 663 3423 717 carne,

1846 733 1952 773 non
1978 720 2177 775 anima.
2200 721 2390 778 Anima
2413 729 2656 782 ascendit
2681 731 2748 784 ad
2775 731 2991 800 caelum,
3014 749 3210 806 corpus
3240 739 3426 798 Roma:

1845 812 2075 880 quiescit
2105 814 2160 868 in
2197 817 2401 873 tumulo
2427 834 2442 872 :
2466 827 2520 874 et
2559 829 2738 876 tamen
2776 822 2971 882 Petrus
2994 830 3225 898 quiescit
3255 833 3310 887 in
3338 842 3427 890 tu-

1845 903 1990 958 mulo
2025 914 2286 973 mortuus,
2317 915 2370 964 et
2409 909 2523 980 ipse
2561 910 2754 968 Petrus
2796 914 2851 969 in
2886 917 3024 973 caelo
3061 936 3182 975 cum
3211 921 3426 980 Christo

1843 1003 1927 1050 est
1949 997 2122 1054 vivus.
2152 999 2218 1054 Et
2245 1000 2358 1056 sola
2381 1017 2507 1058 caro
2534 1013 2744 1060 mortua
2770 1005 2978 1074 Petrus,
3015 1018 3072 1066 et
3096 1013 3208 1068 sola
3244 1016 3424 1072 anima

1844 1089 1964 1144 viva
1988 1089 2199 1148 Petrus.
2226 1093 2292 1148 Et
2323 1110 2390 1149 ex
2417 1103 2644 1166 utroque
2667 1115 2775 1154 non
2801 1101 2906 1156 duo
2949 1103 3114 1168 Petri,
3142 1108 3235 1161 sed
3281 1125 3424 1166 unus

1842 1188 1927 1235 est
1947 1180 2158 1237 Petrus.
2186 1181 2277 1238 Sic
2302 1192 2356 1239 et
2385 1184 2633 1242 Christus
2662 1196 2776 1244 tres
2825 1191 2985 1247 habet
3032 1195 3364 1252 substantias
3403 1212 3422 1253 :

1843 1286 1948 1326 una
1969 1282 2189 1340 aeterna,
2219 1291 2340 1346 quae
2365 1293 2486 1333 cum
2513 1279 2672 1336 Patre
2699 1291 2781 1336 est
2825 1282 2899 1338 illi
2947 1287 3188 1355 aequalis,
3218 1288 3271 1343 id
3317 1298 3421 1356 est,

1843 1365 2185 1436 immortalis,
2202 1371 2340 1426 sicut
2358 1371 2520 1428 Pater
2543 1391 2556 1428 :
2590 1375 3060 1444 incommutabilis,
3077 1379 3215 1435 sicut
3230 1379 3418 1450 Pater;

1843 1458 2144 1525 invisibilis,
2177 1461 2318 1518 sicut
2344 1462 2536 1531 Pater;
2593 1465 2858 1533 inlocalis,
2893 1469 3032 1524 sicut
3078 1470 3268 1540 Pater;
3321 1475 3422 1530 im-

1841 1550 2130 1620 passibilis,
2161 1551 2301 1608 sicut
2325 1554 2506 1610 Pater.
2540 1555 2682 1611 Duas
2717 1572 2845 1636 vero
2887 1561 3219 1617 substantias
3261 1563 3422 1622 habet

1845 1644 2186 1713 temporales,
2216 1660 2335 1715 qum
2365 1647 2431 1702 de
2455 1657 2641 1704 nostro
2671 1661 2814 1716 sunt,
2847 1652 2900 1707 id
2928 1661 3030 1720 est,
3056 1655 3292 1711 animam
3338 1672 3419 1712 ra-

1844 1734 2095 1792 tionalem
2123 1747 2178 1793 et
2203 1754 2442 1795 carnem.
2477 1740 2554 1796 De
2585 1751 2771 1798 nostro
2799 1744 2960 1800 habet
3002 1756 3256 1814 aeternus,
3281 1750 3422 1805 unde

158 1796 386 1891 accepta
405 1818 510 1875 ﬁde
533 1817 824 1872 reddantur
847 1815 1058 1888 pulchri
1095 1814 1270 1886 gratia
1319 1823 1374 1869 ει
1417 1821 1735 1870 ornamento
1769 1796 1815 1860 Β
1844 1830 2155 1899 temporalis
2167 1839 2270 1887 est.
2297 1833 2371 1888 De
2392 1844 2581 1892 nostro
2605 1796 2766 1893 habet
2787 1796 3420 1905 ὗὲιῖέ,ὐζιίἔίᾇ‹ἶῖιὶο“ἔῷῖ

158 1908 445 1964 virtutum.

226 2023 366 2080 LIX.
397 2023 504 2079 lloc
536 2031 708 2078 totum
732 2035 899 2092 quare
923 2021 1182 2078 dicimus?
1224 2021 1328 2078 nisi
1364 2030 1423 2076 ut
1465 2037 1624 2077 nemo
1678 2036 1738 2079 se

152 2122 452 2188 prmsumat
472 2113 903 2169 Christianorum
939 2112 1154 2169 Christo
1177 2113 1511 2184 comparari,
1535 2121 1596 2169 ut
1620 2114 1737 2170 Eli-

149 2206 372 2279 pandus
401 2204 546 2268 facit,
577 2203 666 2273 qui
689 2203 820 2260 dicit
855 2217 870 2257 :
914 2221 932 2254 ι
980 2202 1048 2258 Ει
1088 2203 1175 2258 ille
1217 2204 1484 2270 Christus,
1529 2213 1584 2259 et
1637 2220 1738 2262 nos

149 2296 355 2352 christi
378 2313 391 2348 :
417 2302 471 2351 et
496 2295 582 2350 ille
608 2307 812 2360 servus,
839 2302 894 2349 et
921 2310 1020 2348 nos
1047 2295 1211 2350 servi.
1251 2315 1270 2346 ι
1303 2294 1473 2362 Quem
1502 2295 1650 2350 audit
1680 2297 1737 2351 in

151 2388 458 2458 Scripturis
491 2403 607 2442 eum
632 2389 906 2443 hominem
932 2389 1244 2454 nominare,
1267 2389 1357 2458 qui
1386 2398 1606 2458 propter
1631 2389 1740 2444 dis-

150 2479 528 2550 pensationem
573 2479 956 2549 redemptionis
1005 2487 1203 2535 nostra:
1252 2479 1425 2535 factus
1475 2489 1558 2536 est
1596 2481 1736 2537 Deus

149 2572 333 2635 homo,
357 2588 424 2626 ex
447 2587 691 2627 sermone
713 2573 880 2627 David
902 2572 1192 2628 secundum
1232 2589 1450 2630 carnem
1479 2589 1493 2628 :
1537 2575 1736 2630 nullam

150 2661 509 2716 dilI’erentiam
529 2663 682 2731 ponit
702 2663 842 2718 inter
867 2664 1036 2719 Deum
1062 2666 1354 2730 hominem,
1377 2667 1468 2736 qui
1488 2675 1571 2722 est
1597 2667 1738 2722 Deus

150 2753 462 2808 essentialis
489 2769 652 2824 super
687 2755 889 2822 omnia,
921 2765 975 2811 et
1015 2757 1144 2811 deos
1185 2758 1574 2826 nuncupativos
1629 2773 1736 2812 non

150 2844 472 2900 essentiales
493 2846 620 2901 deos
643 2862 803 2916 super
823 2848 1024 2912 omnia,
1043 2849 1136 2904 sed
1152 2857 1358 2903 tantum
1375 2850 1513 2904 intra
1532 2850 1735 2905 omnia.

151 2934 318 2991 Certe
336 2937 507 2992 dictus
538 2953 554 2992 :
591 2957 609 2990 ι
654 2939 745 2994 Ille
768 2940 948 3005 homo,
964 2949 1019 2994 et
1047 2956 1144 2996 nos
1169 2941 1434 2996 homines.
1460 2941 1552 2996 Ille
1575 2942 1734 3006 Deus,

149 3037 207 3084 et
235 3045 337 3085 nos
362 3031 455 3086 dii.
488 3030 581 3086 Ille
615 3031 775 3097 ﬁlius,
799 3042 852 3087 et
879 3048 978 3088 nos
999 3032 1114 3088 ﬁlii.
1139 3033 1230 3088 Ille
1252 3033 1520 3101 Christus,
1543 3044 1597 3090 et
1638 3050 1738 3090 nos

150 3120 368 3176 christi.
393 3120 486 3177 Ille
514 3137 720 3189 servus,
740 3133 794 3179 et
820 3139 917 3179 nos
942 3125 1104 3178 servi.
1133 3124 1223 3180 Ille
1251 3126 1526 3196 parvulus,
1553 3133 1608 3182 et
1636 3142 1734 3181 nos
1761 3152 1809 3218 α

149 3211 382 3283 parmli.
418 3233 438 3265 ι
467 3212 573 3268 Sed
594 3229 701 3268 non
722 3215 1016 3270 secundum
1037 3217 1280 3272 eamdem
1305 3217 1569 3272 rationem
1596 3233 1735 3273 unus

149 3319 218 3361 ex
248 3305 409 3362 nobis
435 3306 810 3378 intelligendus
835 3317 936 3375 εει,
961 3311 1087 3378 quia
1127 3310 1220 3364 ille
1267 3310 1609 3380 singulariter
1657 3311 1738 3366 di-

151 3403 299 3460 ctus,
330 3407 384 3451 et
412 3411 512 3452 nos
545 3396 846 3468 pluraliter.
879 3397 1012 3452 Nam
1038 3415 1161 3453 cum
1192 3398 1282 3454 ille
1332 3399 1386 3452 in
1442 3398 1738 3470 Scripturis

147 3484 372 3558 legitur,
412 3502 512 3542 nos
561 3497 956 3558 consequenter
1005 3489 1356 3560 intelligimus
1399 3490 1572 3560 ipsum
1617 3503 1738 3545 esse

150 3578 329 3632 Deum
355 3592 562 3642 verum,
590 3586 645 3632 et
673 3579 846 3634 solum
887 3596 952 3634 ea:
995 3581 1190 3634 semine
1235 3580 1405 3634 David
1452 3581 1737 3635 secundum

152 3685 368 3723 carnem
397 3669 523 3740 :qui
545 3679 616 3724 est
643 3687 798 3740 super
826 3671 1001 3725 omnia
1034 3671 1176 3728 Deus
1212 3672 1506 3728 benedictus
1540 3675 1594 3728 in
1638 3691 1739 3729 sar-

150 3757 300 3811 cuia.
327 3757 459 3813 Cum
488 3774 616 3814 vero
637 3760 692 3814 in
715 3759 1010 3830 Scripturis
1042 3761 1183 3817 Deus
1211 3763 1426 3829 dicitur,
1455 3765 1740 3836 singulari-

148 3854 237 3902 ter
263 3848 486 3913 dicitur,
511 3864 616 3905 non
649 3849 950 3918 pluraliter,
976 3852 1118 3908 sicut
1159 3853 1315 3908 multi
1341 3854 1434 3920 dii,
1464 3864 1558 3910 aut
1583 3855 1740 3912 multi

148 3941 384 3997 domini.
418 3940 552 4009 Quia
593 3942 736 3998 Deus
765 3945 1051 4000 essentiale
1100 3961 1292 4000 nomen
1335 3955 1437 4002 est.
1490 3948 1598 4004 Sed
1639 3965 1741 4005 nos

149 4049 285 4089 cum
316 4034 479 4089 Deum
509 4035 736 4106 legimus
775 4037 830 4092 in
865 4038 1180 4108 Scripturis,
1206 4051 1600 4110 consequenter
1637 4044 1740 4098 ho-

149 4125 372 4179 minem
398 4124 744 4198 intelligimus
770 4129 945 4199 ipsum
973 4131 1139 4185 Deum
1172 4146 1292 4186 esse
1316 4141 1501 4187 natum
1530 4134 1595 4188 de
1619 4134 1742 4189 Vir-

145 4217 306 4288 gine,
337 4215 427 4286 qui
453 4218 548 4274 sub
571 4218 764 4276 Pontio
792 4220 964 4277 Pilato
987 4231 1070 4277 est
1097 4223 1408 4279 cruciﬁxus.
1437 4224 1572 4291 Quia
1598 4225 1740 4282 Deus

145 4317 236 4364 est
258 4311 474 4379 genitus
499 4311 564 4368 de
592 4313 831 4385 ingenito
858 4314 1019 4370 Patre
1042 4316 1152 4371 Deo
1178 4330 1194 4370 :
1221 4332 1283 4372 ae
1311 4333 1409 4387 per
1434 4319 1537 4374 hoc
1565 4334 1744 4389 segre-

148 4417 350 4473 gamus
385 4417 508 4459 eum
548 4405 614 4460 de
641 4407 852 4462 cazteris
883 4408 1065 4463 multis
1096 4409 1420 4475 hominibus,
1450 4411 1540 4480 qui
1563 4411 1637 4465 dii
1659 4411 1741 4466 di-

1839 1922 1916 1978 De
1942 1933 2130 1980 nostro
2159 1925 2464 1992 invisibilis,
2493 1929 2635 1985 unde
2685 1931 2915 1987 visibilis
2958 1943 3060 1989 est.
3114 1933 3190 1989 De
3239 1942 3424 1991 nostro

1837 2013 2100 2079 inlocalis,
2119 2017 2262 2072 unde
2282 2017 2470 2073 localis
2491 2027 2594 2074 est.
2621 2020 2695 2075 De
2715 2029 2899 2076 nostro
2921 2023 3260 2088 immortalis,
3281 2025 3423 2081 unde

1838 2107 2084 2162 mortalis
2113 2116 2214 2163 est.
2243 2107 2322 2162 Ac
2347 2124 2444 2178 per
2470 2110 2573 2166 hoc
2612 2111 2722 2181 agit
2765 2123 3002 2169 aeternus
3033 2116 3419 2186 temporaliter,

1838 2199 2035 2253 crescit
2062 2207 2368 2271 perpetuus,
2396 2200 2608 2256 videtur
2630 2202 2892 2269 inlocalis,
2925 2205 3130 2275 patitur
3169 2206 3422 2276 impassi—

1837 2293 1981 2358 bilis,
2010 2295 2240 2350 moritur
2260 2295 2599 2360 immortalis,
2625 2296 2717 2366 qui
2743 2304 2888 2352 totus
2912 2299 3113 2367 absque
3139 2298 3421 2355 mendacio

1837 2385 2029 2440 unicus
2056 2395 2140 2442 est
2168 2387 2262 2442 Dei
2287 2385 2482 2442 Patris.
2515 2387 2870 2454 Quamobrem
2897 2397 2954 2445 et
2979 2389 3092 2468 sda
3121 2405 3252 2447 caro
3280 2407 3421 2447 mor-

1845 2483 1934 2530 tua
1959 2492 2077 2546 quae
2106 2477 2158 2531 in
2189 2478 2438 2548 sepulcro
2478 2476 2670 2547 jacuit,
2716 2479 2963 2536 Christus
2997 2481 3166 2537 Filius
3193 2482 3287 2537 Dei
3313 2491 3419 2538 est.

1839 2567 1906 2622 Et
1964 2568 2077 2623 sola
2125 2569 2303 2624 anima
2366 2585 2486 2640 qua:
2542 2572 2609 2626 ad
2655 2571 2864 2626 inferna
2903 2573 3216 2640 descendit,
3259 2573 3422 2630 Chri-

1839 2669 1956 2715 stus
1983 2660 2154 2716 Filius
2187 2661 2281 2717 Dei
2313 2671 2416 2717 est.
2467 2663 2535 2717 Et
2580 2663 2814 2719 Verbum
2854 2664 3046 2730 Patris,
3075 2667 3166 2736 qui
3210 2681 3426 2739 semper

1838 2750 2062 2819 aequalis
2084 2751 2290 2806 exstitit
2321 2751 2520 2817 Patris,
2551 2753 2801 2809 Christus
2825 2754 2994 2812 Filius
3023 2756 3118 2812 Dei
3149 2767 3252 2813 est.
3297 2757 3426 2815 Haec

1838 2840 1945 2895 tria
1969 2857 2075 2896 non
2102 2850 2212 2897 tres
2239 2842 2442 2898 Christi
2466 2843 2560 2898 ﬁlii
2587 2845 2678 2900 Dei
2715 2855 2859 2912 sunt,
2891 2847 2986 2903 sed
3008 2865 3147 2904 unus
3173 2848 3425 2907 Christus

1837 2929 2008 2986 Filius
2043 2931 2138 2986 Dei
2169 2939 2270 2988 est.
2301 2931 2452 2988 Sicut
2471 2933 2559 2989 illa
2581 2935 2686 2992 duo
2705 2952 2826 3006 quae
2849 2953 3012 3010 supra
3035 2939 3291 3008 diximus,
3315 2957 3424 2998 non

1839 3025 1944 3077 duo
1974 3023 2136 3086 Petri,
2178 3024 2272 3079 sed
2309 3041 2450 3081 unus
2491 3026 2685 3082 Petrus
2717 3038 2819 3096 est,
2864 3030 2938 3085 ita
2979 3032 3096 3088 hac
3140 3033 3243 3088 tria
3285 3050 3425 3092 unus

1839 3115 2107 3172 Christus.
2133 3116 2257 3186 Agit
2281 3133 2512 3187 persona
2537 3136 2766 3192 quaeque
2794 3124 3093 3180 substantia
3119 3133 3289 3182 totum
3318 3144 3425 3184 una

1839 3221 2089 3276 persona.
2115 3207 2368 3265 Naturale
2397 3219 2481 3266 est
2509 3211 2583 3266 illi
2612 3214 2795 3269 venire
2821 3215 2876 3269 in
2902 3217 3006 3272 hoc
3031 3220 3233 3276 mundo
3276 3221 3424 3276 solus

1839 3299 2131 3354 minoratus
2161 3300 2318 3370 paulo
2353 3303 2526 3356 minus
2556 3303 2621 3357 ab
2672 3305 2890 3375 angelis.
2940 3306 3196 3365 Naturale
3232 3319 3316 3366 est
3348 3311 3425 3366 illi

1840 3388 2040 3458 ubique
2063 3405 2181 3445 esse
2213 3406 2336 3446 cum
2360 3391 2540 3447 Patre.
2572 3393 2827 3450 Naturale
2859 3404 2943 3451 est
2979 3397 3052 3452 illi
3084 3397 3270 3455 localis
3305 3415 3425 3457 esse

1840 3480 1986 3537 solus
2011 3483 2197 3538 Filius.
2226 3483 2481 3540 Naturale
2501 3497 2585 3542 est
2612 3488 2686 3542 illi
2721 3489 3004 3545 invisibilis
3033 3505 3153 3545 esse
3177 3507 3301 3546 cum
3323 3492 3425 3546 Pa-

1841 3581 1942 3626 tre.
1973 3571 2228 3630 Naturale
2256 3585 2338 3630 est
2373 3576 2446 3631 illi
2491 3577 2834 3634 invisibiliter
2876 3596 2996 3637 esse
3036 3581 3183 3638 solus
3232 3583 3420 3640 Filius.

1839 3665 2094 3720 Naturale
2112 3676 2194 3721 est
2215 3665 2290 3721 illi
2318 3667 2663 3739 impassibilis
2687 3685 2807 3726 esse
2827 3687 2950 3726 cum
2970 3672 3150 3728 Patre.
3168 3673 3425 3732 Naturale

1840 3767 1922 3812 est
1947 3756 2020 3810 illi
2063 3756 2208 3812 solus
2241 3756 2409 3816 Filius
2448 3761 2698 3818 subditus
2736 3763 2992 3833 passioni.
3045 3765 3298 3822 Naturale
3340 3776 3426 3824 est

1841 3846 1916 3902 illi
1942 3847 2264 3904 immortalis
2293 3863 2414 3906 esse
2433 3866 2554 3906 cum
2585 3850 2768 3908 Patre.
2791 3851 3048 3911 Naturale
3073 3864 3156 3912 est
3181 3856 3256 3912 illi
3280 3857 3426 3915 solus

1839 3936 2008 3993 Filius
2031 3939 2189 3993 mori.
2222 3939 2408 3996 Solum
2432 3941 2625 3997 Filium
2654 3944 2776 3999 dico
2809 3944 2969 4012 mori,
2993 3946 3121 4018 quia
3162 3949 3308 4005 solus
3337 3949 3426 4004 Fi-

1841 4027 1944 4084 lius
1967 4044 2026 4085 se
2045 4029 2362 4086 exinanivit.
2398 4031 2707 4090 Exinanitio
2729 4034 2866 4104 ejus,
2884 4039 3148 4096 adventus
3171 4039 3288 4109 ejus
3315 4049 3420 4098 est.

1840 4125 2120 4183 Adventus
2154 4127 2289 4198 ejus,
2319 4129 2625 4185 humanitas
2647 4130 2765 4200 ejus
2793 4141 2877 4188 est
2906 4149 2919 4186 ε
2951 4148 3072 4203 quae
3119 4132 3425 4188 humanitas

1843 4234 1971 4276 caro
1995 4219 2113 4290 ejus
2147 4229 2230 4275 est
2254 4232 2310 4276 et
2343 4222 2544 4288 anima,
2568 4223 2622 4277 id
2649 4230 2762 4288 est,
2786 4231 2932 4278 totus
2960 4222 3120 4278 homo
3150 4220 3424 4292 perfectus

1841 4319 1943 4366 est.
1974 4311 2041 4366 Et
2074 4312 2188 4382 ipse
2215 4313 2376 4368 homo
2407 4311 2575 4368 Filius
2613 4315 2740 4379 Dei,
2764 4315 2906 4370 Deus
2938 4321 3039 4370 est.
3071 4313 3138 4368 Et
3169 4311 3312 4367 solus
3335 4311 3424 4367 Fi-

1841 4401 1946 4456 lius
1977 4411 2060 4456 est
2087 4403 2266 4466 homo,
2292 4403 2384 4473 qui
2407 4419 2530 4459 cum
2559 4404 2720 4460 Patre
2741 4413 2796 4460 et
2827 4404 3030 4475 Spiritu
3070 4413 3258 4460 sancto
3285 4419 3424 4458 unus

146 4502 356 4548 cuntur
379 4493 680 4564 pluraliter,
717 4506 772 4554 et
817 4499 1063 4556 homines
1108 4501 1406 4570 pluraliter.
1453 4503 1587 4558 Nam
1638 4505 1739 4561 iste
1763 4505 1817 4567 ι)
1843 4503 1927 4551 εει
1955 4493 2117 4550 Deus.
2150 4493 2268 4550 Non
2295 4511 2418 4550 cum
2450 4495 2609 4553 Patre
2637 4505 2694 4553 et
2720 4497 2925 4569 Spiritu
2948 4497 3146 4553 Sancto
3169 4511 3308 4552 unus
3339 4501 3424 4551 est

145 4583 323 4640 homo
345 4585 690 4658 singulariter
717 4589 858 4645 Deus
895 4599 997 4646 est.
1045 4590 1102 4646 Si
1150 4593 1398 4648 nominas
1446 4594 1740 4662 hominem,

146 4675 302 4731 Deus
333 4683 417 4732 est
438 4691 616 4733 verus.
639 4676 1102 4746 Quemadmodum
1127 4682 1171 4738 si
1199 4697 1369 4753 ponas
1394 4692 1518 4741 ante
1558 4686 1744 4742 oculos

146 4767 457 4840 quemlibet
485 4770 778 4837 hominem,
807 4781 861 4828 et
885 4774 1132 4829 nominas
1172 4791 1295 4830 eum
1343 4791 1589 4844 carnem,
1628 4778 1743 4848 ipse

148 4868 345 4916 tamen
372 4865 427 4914 et
449 4861 627 4916 anima
650 4869 752 4918 est.
775 4861 832 4917 Si
859 4865 1108 4922 nominas
1129 4865 1387 4933 animam,
1407 4867 1521 4938 ipse
1545 4882 1671 4923 vero
1688 4877 1745 4924 et

145 4968 286 5009 caro
313 4961 399 5008 est
424 4971 436 5007 :
466 4963 521 5009 et
546 4969 612 5009 ex
641 4962 890 5026 utroque,
920 4957 974 5013 id
1009 4964 1092 5012 est
1133 4957 1312 5013 anima
1351 4966 1406 5013 et
1446 4975 1606 5015 carne
1635 4975 1742 5031 qua

145 5052 374 5101 constat
399 5044 578 5113 homo,
603 5062 708 5102 una
733 5062 966 5118 persona
999 5057 1083 5104 est
1107 5063 1122 5103 :
1147 5058 1203 5105 et
1227 5065 1391 5105 unum
1427 5050 1505 5105 illi
1544 5066 1741 5107 nomen

143 5144 258 5203 cst,
285 5135 474 5190 carnis
499 5143 554 5192 et
578 5137 788 5202 animae,
814 5147 873 5193 ut
896 5138 1272 5209 puta,Petrus.
1293 5140 1362 5195 Et
1386 5156 1508 5196 cum
1531 5141 1744 5211 sapien-

148 5238 240 5284 ter
287 5226 531 5296 loquitur
576 5228 706 5298 ipse,
746 5245 873 5285 caro
908 5228 1023 5300 ejus
1050 5231 1265 5287 videtur
1295 5249 1309 5287 :
1339 5232 1600 5302 sapientia
1626 5231 1743 5303 ejus

145 5326 376 5375 tantum
401 5319 636 5385 auditur,
661 5335 768 5374 non
789 5321 1020 5376 videtur.
1045 5321 1115 5377 Et
1137 5330 1314 5376 tamen
1342 5322 1457 5393 ipsa
1480 5323 1741 5394 sapientia

144 5410 209 5466 in
247 5410 436 5465 anima
461 5419 563 5476 est,
595 5426 714 5480 quae
738 5426 836 5482 per
858 5427 1078 5468 carnem
1108 5412 1241 5468 foris
1269 5412 1504 5468 auditur.
1553 5414 1644 5469 Sic
1686 5421 1742 5470 et

142 5502 416 5560 Christus
445 5519 458 5554 :
494 5517 623 5560 caro
638 5501 754 5572 ejus
774 5502 1071 5569 videbatur,
1095 5511 1150 5560 et
1189 5503 1443 5559 divinitas
1473 5501 1589 5573 eius
1631 5520 1741 5560 non

141 5593 468 5652 videbatur.
505 5592 573 5648 Et
611 5594 871 5664 sapientia
915 5595 1050 5665 ejus,
1071 5611 1192 5666 quae
1227 5611 1324 5667 per
1362 5612 1578 5653 carnem
1609 5597 1741 5656 foris

140 5684 464 5751 videbatur,
494 5687 559 5744 de
589 5688 1010 5758 divinitatisejus
1037 5699 1155 5745 erat
1183 5699 1469 5761 apparatu.

224 5779 350 5839 LX.
378 5780 550 5838 Homo
574 5799 642 5838 ex
670 5783 876 5840 duabus
895 5783 1212 5840 substantiis
1237 5799 1343 5839 una
1369 5800 1602 5858 persona
1633 5795 1735 5856 est,

1847 4587 2028 4650 homo,
2057 4586 2152 4641 sed
2176 4601 2298 4640 cum
2327 4594 2437 4641 tota
2477 4587 2718 4644 Ecclesia
2765 4605 2904 4645 unus
2955 4596 3040 4644 est
3089 4589 3267 4653 homo,
3294 4587 3423 4659 quia

1844 4685 2008 4746 caput
2031 4685 2086 4732 et
2108 4691 2307 4746 corpus
2334 4693 2439 4732 una
2463 4693 2694 4748 persona
2723 4688 2805 4735 est
2833 4679 3100 4735 Christus.

1915 4768 2049 4824 LXI.
2083 4768 2224 4839 Ergo
2247 4784 2404 4824 nemo
2431 4769 2576 4824 dicat
2605 4784 2620 4824 :
2665 4788 2685 4822 ‹
2723 4770 2792 4824 Ει
2816 4770 2903 4825 ille
2940 4769 3210 4836 Christus,
3236 4777 3292 4826 et
3320 4786 3423 4826 nos

1844 4863 2054 4919 ehristi.
2088 4883 2107 4916 ›
2135 4863 2202 4917 Ει
2220 4879 2319 4918 nos
2336 4862 2480 4918 unde
2502 4862 2735 4918 dicimur
2758 4863 2966 4928 christi,
2984 4862 3087 4917 nisi
3113 4878 3143 4917 a
3169 4862 3424 4920 Christo?

1841 4954 1889 5010 A
1913 4954 2130 5011 Christo
2152 4953 2467 5018 Christiani,
2486 4953 2626 5008 sicut
2650 4955 2717 5009 ab
2745 4953 2924 5009 Heber
2948 4953 3180 5010 Hehrtei.
3213 4953 3365 5011 Sicut
3388 4971 3420 5010 a

1841 5041 2028 5109 Iacob,
2048 5044 2141 5115 qui
2164 5045 2338 5099 dictus
2366 5049 2447 5098 est
2471 5041 2654 5106 Israel,
2682 5041 2959 5098 Israelita.
3006 5041 3158 5099 Sicut
3211 5059 3242 5098 a
3283 5041 3422 5100 Juda

1841 5137 2033 5196 Judaei.
2057 5139 2191 5207 Quia
2213 5138 2513 5208 omnis,qui
2541 5153 2738 5194 novum
2774 5153 2968 5194 nomen
2993 5139 3208 5210 accipit,
3223 5157 3257 5194 a
3279 5140 3420 5196 malo

1844 5229 2050 5306 [πον-ιε,
2075 5247 2105 5286 a
2133 5229 2339 5285 meliori
2361 5229 2442 5300 se]
2473 5243 2532 5284 se
2552 5211 2748 5284 nomen
2769 5229 2984 5298 accipit.
3013 5229 3084 5286 Ut
3109 5236 3258 5300 puta,
3299 5228 3424 5286 Vtri-

1842 5322 1948 5376 tiza
1973 5336 2068 5376 rex
2089 5319 2189 5374 fuit
2218 5335 2233 5374 :
2273 5320 2367 5376 sed
2391 5319 2542 5373 multi
2569 5321 2730 5374 hodie
2755 5320 2823 5375 ab
2846 5320 2963 5390 ipso
2981 5336 3175 5377 nomen
3199 5329 3420 5378 sumunt

1851 5412 2139 5479 Vuitizani,
2167 5414 2328 5469 etiam
2354 5427 2640 5484 pauperes,
2666 5420 2727 5468 ut
2749 5428 2847 5484 per
2877 5428 3072 5471 nomen
3093 5423 3421 5486 agnoscatur

1841 5507 1987 5581 quod
2006 5506 2073 5562 de
2089 5506 2254 5576 stirpe
2282 5505 2429 5575 regia
2451 5512 2549 5567 est,
2565 5504 2660 5576 qui
2677 5512 2731 5560 et
2750 5504 2864 5576 ipse
2885 5521 2976 5562 rex
3003 5514 3254 5576 potuerat
3274 5520 3416 5571 esse,

1841 5602 1887 5658 si
1910 5615 2105 5656 nomen
2126 5599 2341 5655 fecisset
2363 5613 2562 5670 regem.
2587 5599 2679 5656 Sie
2701 5600 3042 5656 Christianus
3061 5615 3169 5655 non
3186 5607 3269 5655 est
3294 5598 3420 5653 inde

1841 5697 2077 5754 christus
2100 5695 2241 5750 unde
2266 5710 2459 5750 nomen
2480 5695 2583 5751 sibi
2604 5695 2830 5766 imponit
2853 5695 3243 5752 Christianum.
3266 5691 3418 5758 Quod

1841 5791 1887 5847 si
1924 5805 2116 5847 nomen
2156 5788 2521 5857 Christianum
2557 5787 2774 5846 fecisset
2823 5789 3107 5860 ehristum,
3145 5793 3255 5850 tam
3291 5781 3417 5852 boni
