3952 6318
1669 206 1839 233 ’καίιεῖ
1899 219 1950 231 -ν
2010 205 2240 225 η’⁶”““’”’

560 302 666 366 955
1066 273 1123 333 *τ

1371 307 1782 378 ELIPANDUS,
1821 309 2052 384 FELI’X,
2093 313 2441 378 HETERIUS
2477 319 2568 379 ET
2605 323 2664 380 S.
2701 321 2996 386 BEATUS.

3723 344 3818 403 936

558 424 722 496 ditur,
749 422 892 494 quod
936 420 1157 480 auribus
1183 423 1416 492 insonat,
1447 424 1662 481 auditur
1684 427 1753 481 ab
1796 427 2124 496 hominibus,
2150 433 2206 494 Α
2229 439 2314 486 cta
2343 433 2597 502 Trinitas,
2624 453 2745 509 quae
2791 455 2935 496 unus
2983 450 3068 499 est
3123 445 3286 515 Deus,
3332 447 3471 506 Novi
3519 461 3582 508 et
3617 455 3812 516 Veteris

558 513 663 570 hoc
699 522 868 571 totum
909 529 1104 584 corpus
1146 520 1248 570 est.
1286 514 1399 569 Hoc
1434 522 1606 569 totum
1654 514 1792 572 liber
1831 526 1934 573 est.
1971 519 2130 573 Intel-

557 603 728 660 lectus
748 620 875 660 vero
896 604 1055 675 huius
1077 605 1323 660 lectionis
1350 605 1580 659 medulla
1604 613 1707 672 est,
1738 607 2005 678 pinguedo
2023 615 2126 674 est,

471 693 476 696 ’
558 695 722 765 adeps
766 703 867 750 est.
896 696 965 750 Et
1011 695 1116 750 nisi
1165 695 1494 750 intellexeris
1547 695 1676 766 quid
1709 697 1781 752 sit
1822 699 1876 752 in
1928 698 2124 764 littera,

560 786 771 856 adipem
800 785 1053 842 frumenti
1075 802 1183 842 non
1217 787 1528 842 manducas.
1571 787 1832 843 Litteram
1861 789 1919 844 in
1943 803 2132 860 super—

557 877 852 947 ﬁcielegis,
883 886 938 932 et
961 877 1171 948 adipem
1197 876 1454 932 frumenti
1481 893 1588 932 non
1630 877 1908 950 intelligis.
1951 879 2130 936 Rodes

556 970 832 1035 corticem,
871 976 926 1028 ct
958 967 1164 1035 folium,
1193 970 1331 1024 sicut
1351 967 1594 1035 Iudaeus,
1622 971 1852 1026 mandis.
1881 970 2018 1042 Quid
2047 979 2130 1026 est

557 1061 673 1116 hac
693 1059 871 1114 littera
894 1074 1054 1128 quam
1070 1059 1124 1113 in
1137 1058 1424 1129 Evangelia
1443 1057 1576 1127 legis
1587 1059 1672 1114 vel
1689 1060 1742 1113 in
1757 1061 1968 1116 caeteris
1987 1059 2132 1114 Scri-

555 1135 732 1222 pturis
749 1151 980 1216 sanctis,
1003 1148 1109 1204 nisi
1133 1163 1330 1219 corpus
1360 1147 1578 1213 Christi,
1611 1150 1718 1205 nisi
1746 1165 1872 1206 caro
1907 1149 2123 1214 Christi,

553 1257 675 1311 qua:
697 1242 764 1296 ab
779 1242 1028 1297 omnibus
1047 1241 1369 1297 Christianis
1383 1241 1711 1296 comeditur?
1733 1250 1787 1297 et
1809 1251 1933 1298 tunc
1951 1258 2132 1298 come-

553 1331 716 1396 ditur,
734 1332 949 1402 quando
992 1331 1204 1403 legitur,
1237 1339 1292 1386 et
1326 1332 1541 1400 quando
1586 1333 1821 1388 auditur.
1839 1333 1918 1388 Et
1942 1349 2129 1390 omnes

551 1439 659 1479 uno
705 1424 923 1479 nomine
949 1422 1241 1479 Christiani
1271 1423 1522 1478 dicuntur
1547 1423 1641 1493 qui
1666 1424 2014 1496 Evangelium
2043 1439 2128 1479 re-

550 1514 774 1585 cipiunt,
805 1521 861 1569 et
887 1530 995 1570 uno
1021 1529 1116 1569 ore
1136 1513 1413 1569 Christum
1443 1514 1683 1579 laudant,
1727 1523 1782 1570 et
1810 1517 1986 1572 crucis
2014 1516 2128 1586 ejus

548 1605 761 1677 signum
791 1605 846 1661 in
882 1604 1062 1661 fronte
1088 1613 1345 1676 portant;
1388 1615 1442 1662 et
1469 1616 1652 1663 tamen
1680 1609 1820 1676 cibo,
1863 1609 1947 1664 vel
1972 1619 2122 1680 potu,

551 1696 608 1751 in
637 1697 784 1762 sella,
812 1697 972 1763 lecto,
1000 1697 1264 1768 ingressu,
1315 1713 1584 1770 regressu,
1618 1709 1674 1756 et
1721 1709 1918 1756 caetera
1943 1704 2125 1759 omnia

2233 519 2559 580 Testamenti
2613 542 2644 581 a
2691 531 2935 598 patribus
3001 536 3203 592 nostris
3260 541 3591 610 praesciebat
3645 547 3808 606 offerri

2229 614 2528 682 sacriﬁciis,
2556 616 2684 672 Iesu
2725 618 2926 676 Christi
2975 623 3098 680 Filii
3136 628 3218 682 sui
3260 632 3683 700 signiﬁcabatur
3706 655 3811 709 gra-

2230 703 2498 761 tissimum
2523 724 2737 777 munus,
2787 727 2895 782 quo
2939 728 3038 785 pro
3068 719 3224 775 nobis
3257 723 3501 793 seipsum
3534 726 3689 783 solus
3728 731 3804 788 Dei

2229 794 2397 852 Filius
2426 802 2720 856 secundum
2748 819 2966 860 carnem
3015 819 3160 864 esset
3198 799 3641 872 misericorditer
3679 821 3822 876 θιὼ-⁷

2228 893 2404 944 turus.
2431 889 2549 959 Ipse
2567 893 2730 958 enim,
2752 898 3048 952 secundum
3067 898 3312 970 Apostoli
3353 904 3596 970 dictum,
3643 909 3802 967 obtulit

2227 981 2554 1051 semetipsum
2584 1001 2678 1054 pro
2707 987 2854 1041 nobis
2894 989 3207 1046 oblationem
3248 1003 3298 1048 et
3331 997 3573 1050 hostiam
3616 997 3719 1054 Deo
3758 1006 3801 1057 is

2229 1070 2440 1125 odorem
2463 1076 2754 1131 suavitatis.
2780 1077 2897 1150 Ipse
2920 1096 3081 1138 verus
3100 1083 3244 1141 Deus
3268 1095 3324 1142 et
3351 1103 3525 1146 verus
3560 1093 3796 1163 pontifex,

2229 1163 2318 1232 qui
2332 1180 2431 1235 pro
2447 1167 2622 1233 nobis,
2637 1185 2740 1225 non
2766 1171 2820 1225 in
2843 1176 3104 1245 sanguine
3134 1184 3412 1234 taurorum
3438 1192 3499 1236 et
3522 1183 3794 1253 hircum,

2227 1257 2324 1311 sed
2348 1259 2403 1312 in
2431 1262 2690 1332 sanguine
2727 1279 2824 1320 suo
2861 1267 3018 1321 semel
3052 1269 3280 1325 introivit
3323 1273 3378 1328 in
3428 1287 3645 1332 sancta.
3671 1281 3798 1347 Quod

2228 1358 2354 1407 tunc
2403 1355 2643 1423 pontifex
2688 1358 2776 1416 ille
2823 1361 3180 1432 signiﬁcabat,
3234 1369 3327 1437 qui
3382 1374 3566 1428 semel
3624 1375 3796 1434 Sancta

2227 1452 2534 1500 sanctorum
2579 1462 2676 1517 per
2719 1465 2888 1506 annos
2917 1454 3156 1526 singulos
3188 1459 3472 1517 introibat.
3505 1464 3617 1521 Iste
3658 1469 3797 1539 igitur

2226 1545 2310 1591 est
2350 1540 2442 1607 qui
2470 1540 2526 1594 in
2570 1556 2628 1596 se
2655 1558 2763 1598 uno
2792 1552 2961 1601 totum
2990 1549 3252 1618 exhibuit,
3280 1555 3428 1624 quod
3469 1559 3679 1614 sciebat
3717 1580 3796 1619 ne-

2226 1632 2521 1687 cessarium
2549 1649 2669 1690 esse
2681 1637 2747 1691 ad
2776 1639 3162 1710 redemptionis
3188 1655 3387 1702 nostra:
3401 1648 3796 1723 eﬁ‘ectum.lpse

2226 1723 2431 1782 scilicet
2458 1729 2708 1786 sacerdos
2735 1739 2790 1786 et
2829 1733 3175 1791 sacriﬁcium.
3214 1737 3336 1808 Ipse
3392 1741 3533 1796 Deus
3577 1751 3632 1799 et
3670 1755 3795 1800 tem-

549 1786 706 1858 signo
733 1788 911 1844 crucis
931 1789 1207 1855 muniunt;
1239 1797 1294 1844 et
1322 1804 1380 1844 se
1423 1805 1454 1844 a
1492 1790 1710 1850 Christo
1756 1795 2038 1864 custodiri,
2068 1806 2122 1854 et

549 1877 949 1900 _-._.-_:_-.-__.
1008 1886 1053 1900 Α.
1087 1880 1307 1900 ,εμημ
1371 1881 1403 1900 ο
1449 1882 1460 1900 .
1749 1887 1769 1900 -
1904 1887 1959 1900 η.
2011 1890 2022 1900 ι

2224 1814 2391 1886 plum.
2424 1817 2692 1875 Sacerdos
2729 1829 2813 1876 est
2857 1823 2970 1892 ipse
2991 1786 3269 1893 Christus:
3300 1843 3401 1898 per
3425 1846 3583 1900 quem
3617 1849 3796 1890 sumus

546 1877 741 1957 salvari
764 1885 972 1951 petunt,
1003 1886 1058 1934 et
1081 1880 1270 1937 dicunt
1298 1899 1311 1937 :
1365 1881 1526 1940 Salva
1574 1902 1687 1953 nos,
1733 1887 1863 1943 Iesu
1898 1887 2120 1957 Christe,

544 1951 658 2023 Fili
681 1969 800 2025 Dei.
828 1971 898 2028 Et
925 1971 1026 2045 ipsi
1065 1973 1118 2030 in
1149 1975 1390 2031 Ecclesia
1434 1951 1745 2036 sacerdotes
1769 1988 1823 2037 et
1857 1982 2048 2049 levitas,
2076 1985 2123 2040 si

547 2059 769 2118 cuilibet
797 2067 1095 2120 transeunti
1125 2068 1286 2133 viam,
1345 2067 1668 2137 ingredienti
1715 2072 1772 2126 in
1814 2074 2120 2143 ecclesiam,

544 2157 841 2212 orationem
869 2159 952 2214 vel
987 2160 1420 2216 benedictionem
1474 2163 1783 2233 dederint,.
1806 2183 1928 2223 cum
1977 2183 2124 2223 com-

544 2247 809 2318 pleverint
835 2249 1170 2317 orationem,
1225 2253 1512 2309 absolvunt
1555 2263 1610 2311 et
1657 2257 1880 2314 dicunt:
1914 2259 1981 2315 In
2034 2277 2124 2314 no-

543 2339 681 2393 mine
721 2341 933 2396 Domini
979 2344 1143 2397 nostri
1193 2344 1322 2398 Iesu
1340 2345 1556 2413 Christi,
1601 2365 1778 2404 eamus
1817 2369 1935 2405 cum
1971 2369 2117 2423 pace.

545 2430 614 2486 Et
660 2433 707 2487 si
755 2434 809 2488 in
851 2433 1010 2488 domo
1057 2438 1333 2503 oraverit,
1385 2439 1457 2492 ita
1492 2439 1636 2503 dicit,
1670 2441 1717 2494 si
1757 2441 1811 2495 in
1842 2443 1927 2496 via
1971 2443 2120 2498 simi-

543 2520 693 2591 liter;
726 2525 847 2580 siin
866 2528 1188 2596 vespertinis
1210 2529 1572 2584 lucernarium
1597 2532 1730 2586 ante
1759 2533 1928 2588 altare
1957 2536 2118 2588 obtu-

542 2613 686 2680 lerit,
714 2631 820 2671 non
852 2625 1028 2687 potest
1076 2618 1232 2672 aliter
1259 2617 1464 2684 offerri,
1496 2621 1600 2676 nisi
1649 2621 1844 2677 dixerit
1870 2637 1884 2676 :
1914 2623 1982 2676 In
2027 2641 2119 2679 no-

541 2705 680 2757 mine
707 2704 920 2759 Domini
949 2709 1111 2761 nostri
1151 2708 1279 2762 Iesu
1327 2707 1555 2776 Christi,
1603 2711 1777 2767 lumen
1815 2731 1931 2768 cum
1968 2733 2115 2785 pace.

544 2792 636 2848 Sic
654 2795 816 2848 etiam
839 2796 1105 2866 completo
1133 2797 1307 2853 ofﬁcio
1335 2815 1442 2854 non
1471 2809 1648 2870 potest
1667 2804 1848 2872 egredi
1873 2805 1986 2860 sine
2017 2807 2117 2862 hac

543 2882 822 2948 solutione,
855 2885 960 2939 nisi
987 2887 1136 2957 prius
1158 2888 1354 2944 dixerit
1389 2907 1402 2945 :
1436 2890 1504 2945 In
1538 2893 1741 2947 nomine
1763 2893 1974 2950 Domini
2018 2916 2114 2952 no—

541 2974 637 3029 stri
659 2973 786 3028 Iesu
816 2973 1031 3042 Christi,
1056 2992 1234 3032 eamus
1257 2995 1372 3032 cum
1397 2998 1542 3052 pace.
1570 2981 1660 3036 Sic
1690 2984 1743 3037 in
1769 2987 2112 3056 vespertinis,

539 3064 620 3122 sic
647 3066 702 3120 in
727 3069 1024 3136 matutinis,
1044 3069 1123 3125 sic
1147 3073 1396 3129 omnibus
1427 3075 1595 3142 horis,
1628 3078 1821 3146 quibus
1870 3093 2114 3138 necessa-

541 3157 625 3212 ria
646 3155 838 3226 ofﬁcia,
867 3159 952 3213 vel
979 3162 1238 3218 canonica
1263 3163 1316 3218 in
1333 3165 1558 3221 ecclesia
1572 3178 1920 3240 peraguntur.
1948 3171 2039 3230 Sic
2061 3177 2116 3233 in
2142 3163 2192 3229 C

538 3249 703 3305 missa
733 3266 840 3306 non
880 3252 1052 3308 solum
1087 3255 1382 3313 Dominicis
1411 3259 1618 3327 diebus,
1663 3263 1757 3318 sed
1787 3266 1951 3320 etiam
1999 3271 2118 3340 qui-

538 3342 851 3415 buscunque
867 3344 1263 3415 festivitatibus,
1280 3363 1306 3390 ει
1329 3350 1511 3407 Gloria
1533 3354 1588 3407 in
1615 3355 1830 3412 excelsis
1850 3358 1978 3426 Deo,
1994 3371 2048 3429 et
2062 3363 2118 3416 in

537 3444 680 3490 terra
700 3453 806 3508 pax
828 3438 1143 3507 hominibus,
1168 3442 1584 3503 conclamamus.
1611 3446 1700 3504 Sic
1734 3465 1853 3505 cum
1874 3452 2118 3524 Evange-

537 3526 666 3584 Iium
688 3545 719 3584 a
738 3530 898 3586 levita
911 3547 1073 3603 super
1087 3533 1256 3590 altare
1276 3535 1502 3604 levatur,
1517 3555 1547 3594 a
1563 3538 1722 3596 levita
1747 3543 1979 3613 primum
1991 3545 2122 3602 dici-

538 3620 816 3676 turzLaus
835 3623 950 3688 tibi,
979 3631 1034 3678 et
1055 3625 1122 3679 ab
1153 3628 1403 3684 omnibus
1436 3634 1974 3700 respondeturzLaus
2001 3639 2114 3704 tibi,

539 3709 762 3765 Domine
785 3713 914 3767 Iesu
941 3714 1164 3782 Christe,
1184 3718 1298 3774 Rea:
1321 3730 1530 3778 aeterna!
1551 3724 1751 3795 glorice.
1777 3728 2118 3787 Prmcedente

539 3798 888 3871 Evangelium
916 3818 1197 3860 cereorum
1221 3809 1425 3866 lumine
1455 3812 1509 3865 in
1531 3815 1684 3884 signo
1709 3819 1891 3888 gaudii
1931 3830 1988 3875 et
2027 3823 2118 3876 lae-

542 3890 692 3956 titiae,
714 3905 778 3946 eo
800 3895 943 3961 quod
971 3895 1077 3952 tale
1103 3901 1350 3954 nuntium
1370 3902 1645 3970 diaconus,
1675 3908 1728 3963 id
1748 3917 1850 3976 est,
1881 3912 2118 3986 Evange-

539 3978 672 4034 lium
697 3981 910 4038 Domini
949 3988 1122 4041 nostri
1150 3986 1277 4043 Jesu
1320 3989 1538 4058 Christi,
1572 3996 1718 4052 clara
1748 4015 1878 4056 voce
1900 4004 1912 4071 ξ
1919 3978 2116 4075 popqu

539 4070 700 4129 habet
727 4073 994 4132 intonare.
1027 4078 1179 4136 Tunc
1206 4081 1478 4139 silentium
1507 4090 1756 4146 omnibus
1786 4070 2032 4166 imperat,
2061 4108 2117 4156 et

539 4165 706 4221 dicit:
743 4166 919 4224 Lectio
947 4174 1115 4227 sancti
1160 4173 1432 4247 Evangelii
1474 4182 1756 4238 secundum
1783 4165 2111 4259 Matthwum,

537 4261 631 4308 aut
651 4257 943 4325 quemlibet
968 4276 1035 4316 ex
1080 4265 1276 4320 tribus.
1325 4266 1700 4338 Respondetur
1744 4276 1812 4330 ab
1838 4279 1984 4334 omni
2014 4257 2114 4352 po;-

537 4341 664 4415 pulo
691 4359 706 4398 :
749 4343 932 4403 Gloria
959 4351 1072 4418 tibi,
1101 4353 1340 4410 Domine.
1371 4357 1439 4411 In
1466 4359 1556 4414 illo
1603 4371 1829 4436 tempore
1858 4341 2115 4428 Domiims

538 4442 716 4488 noster
742 4435 897 4493 Iesus
926 4438 1135 4496 Chistus
1155 4446 1467 4516 ambulavit,
1501 4459 1594 4506 aut
1614 4435 1764 4522 dixit,
1792 4467 1884 4513 aut
1902 4459 2029 4516 fecit
2048 4463 2113 4517 il-
2143 4529 2148 4530 ί
2214 4490 2272 4530 sa

536 4521 628 4579 Iud
644 4533 700 4580 et
721 4525 850 4583 illud
864 4530 1008 4599 quod
1025 4534 1284 4602 sequitur.
1303 4537 1418 4604 Quo
1429 4552 1668 4611 peracto,
1683 4521 1906 4604 oil'ertur
1935 4555 2107 4609 sacri-
2136 4529 2191 4591 ι)

534 4614 719 4672 licium
764 4634 927 4689 super
950 4621 1119 4678 altare
1149 4638 1164 4677 :
1193 4640 1312 4694 quae
1354 4635 1525 4685 totum
1552 4631 1709 4691 Iesus
1735 4637 1982 4700 Christus
2021 4643 2111 4699 Fi-

533 4703 639 4763 lius
659 4709 761 4785 Dei
781 4719 883 4765 est.
912 4711 1028 4782 Ipse
1052 4729 1175 4768 cum
1191 4714 1349 4772 Patre
1377 4726 1431 4774 et
1459 4719 1660 4791 Spiritu
1687 4736 1871 4784 sancto
1895 4741 2109 4790 creator

532 4803 770 4857 omnium
800 4803 961 4859 Deus.
994 4803 1112 4875 Ipse
1165 4808 1314 4864 solus
1364 4813 1658 4869 secundum
1697 4816 1927 4875 formam
1965 4826 2106 4881 servi

531 4883 646 4958 sua,
675 4901 730 4948 et
754 4894 932 4951 Patris
959 4905 1013 4950 et
1031 4896 1262 4968 Spiritus
1282 4901 1452 4956 sancti
1481 4907 1793 4974 operatione
1821 4909 2103 4971 formatus.

530 4977 683 5046 Quod
754 4992 968 5040 creator
1013 4995 1136 5052 est,
1202 5004 1489 5048 commune
1537 4995 1742 5053 habens
1790 5003 2108 5060 naturaliter

528 5085 650 5125 cum
680 5071 840 5130 Patre
874 5085 930 5132 et
957 5077 1162 5148 Spiritu
1215 5092 1422 5139 sancto.
1465 5085 1618 5153 Quod
1664 5097 1844 5146 autem
1891 5105 2106 5154 creatus

527 5170 628 5227 est,
662 5163 808 5220 solus
855 5168 1061 5227 habens
1104 5176 1462 5242 personaliter
1517 5179 1572 5234 in
1624 5183 1801 5252 seipso
1859 5185 2010 5257 cujus
2053 5199 2108 5245 et

527 5254 862 5310 nativitatem
890 5257 1125 5318 futuram
1167 5271 1460 5325 secundum
1490 5287 1728 5340 carnem,
1773 5284 1829 5331 et
1854 5254 2101 5347 mortem,

526 5353 581 5398 et
609 5347 1072 5416 resurrectionem,
1104 5362 1265 5425 atque
1306 5359 1362 5413 in
1412 5361 1577 5418 cmlos
1617 5367 1986 5424 ascensionem
2017 5371 2105 5428 lex

524 5439 580 5487 et
636 5435 910 5504 prophetae
963 5447 1313 5509 pronuntiare
1371 5466 1645 5522 nunquam
1711 5471 2096 5534 cessaverunt,

523 5532 684 5594 prout
722 5525 837 5594 ipse
863 5531 1182 5596 praesciebat
1207 5545 1262 5591 et
1286 5541 1467 5597 verbis
1492 5552 1546 5598 et
1571 5543 1746 5602 factis.
1775 5525 1910 5604 Nam
1958 5560 2013 5607 et
2043 5525 2097 5608 in

525 5616 1126 5678 sacriﬁciis-carnalium
1148 5627 1506 5699 victimarum,
1534 5649 1653 5704 quae
1677 5639 1779 5694 sibi
1825 5641 1938 5711 ipsa
1971 5658 2098 5698 sau-

2225 1909 2576 1964 reconciliati.
2606 1911 2747 1967 Deus
2775 1921 2859 1968 est
2893 1913 3006 1983 ipse
3035 1915 3313 1985 Christus,
3347 1921 3444 1989 qui
3484 1937 3584 1977 nos
3622 1940 3798 1980 recon-

2225 1999 2373 2055 ciliat
2395 2000 2496 2055 sibi
2539 2009 2593 2056 et
2617 2003 2788 2068 Patri,
2820 2012 2874 2059 et
2903 2003 3124 2074 Spiritui
3166 2017 3378 2064 sancto.
3429 2001 3599 2068 Solus
3635 2023 3792 2070 tamen

2225 2092 2474 2148 sacerdos
2519 2093 2842 2148 sacriﬁcium
2885 2104 2940 2149 et
2982 2096 3262 2167 templum,
3323 2099 3418 2169 qui
3468 2100 3589 2156 hmo
3637 2105 3792 2158 omnia

2223 2181 2366 2237 Deus
2388 2191 2471 2238 est
2510 2185 2803 2240 secundum
2829 2185 3059 2243 formam
3105 2191 3280 2256 servi;
3309 2207 3422 2247 non
3451 2203 3638 2248 autem
3665 2197 3788 2250 solus

2223 2272 2380 2337 Deus,
2416 2273 2541 2342 quia
2569 2273 2671 2329 hoc
2715 2289 2837 2330 cum
2864 2275 3025 2332 Patre
3060 2286 3114 2334 et
3159 2278 3367 2349 Spiritu
3398 2291 3598 2340 sancto
3623 2300 3785 2340 secun-

2221 2365 2349 2421 dum
2378 2364 2607 2420 formam
2645 2367 2761 2422 Dei.

2289 2456 2494 2512 LXVII.
2527 2457 2874 2514 Reconciliati
2897 2460 3058 2531 igitur
3078 2478 3263 2519 sumus
3283 2479 3388 2536 per
3412 2465 3598 2522 solum
3617 2467 3783 2523 Filium

2220 2551 2513 2606 secundum
2541 2566 2792 2617 carnem,
2826 2553 2919 2608 sed
2959 2570 3065 2610 non
3098 2555 3196 2612 soli
3227 2555 3368 2613 Filio
3403 2562 3698 2616 secundum
3724 2561 3787 2615 di-

2219 2643 2518 2698 vinitatem.
2564 2644 2750 2714 Neque
2782 2655 2959 2716 potest
2993 2648 3097 2704 hoc
3129 2652 3464 2708 sacriﬁcium
3498 2655 3676 2710 oﬁ‘erri
3711 2670 3789 2726 per

2219 2734 2512 2803 quemlibet
2542 2737 2906 2804 sacerdotem,
2940 2740 3043 2795 nisi
3067 2757 3164 2812 per
3193 2746 3543 2802 sacerdotem
3575 2758 3787 2804 sanctum

2217 2834 2271 2882 et
2290 2825 2515 2895 justum.
2548 2828 2731 2898 Neque
2769 2837 2947 2900 potest
2985 2833 3088 2889 hoc
3117 2836 3453 2892 sacriﬁcium
3486 2841 3631 2910 quod
3656 2840 3787 2896 oﬁ’er-

2217 2925 2324 2984 tur,
2353 2935 2382 2973 a
2413 2921 2820 2992 quibuscunque
2847 2924 3127 2981 comedere
3151 2935 3204 2981 et
3229 2928 3441 2996 bibere,
3471 2933 3580 2986 nisi
3606 2941 3786 2988 tantum

2215 3010 2284 3064 ab
2307 3010 2436 3080 ipsis
2460 3026 2559 3080 pro
2583 3012 2776 3082 quibus
2800 3012 3058 3071 offertur:
3084 3026 3220 3073 ut-et
3245 3023 3510 3078 sacerdos
3535 3025 3622 3094 qui
3647 3023 3790 3080 oﬂ'ert

2219 3103 2335 3158 sine
2365 3105 2493 3158 vitio
2537 3105 2641 3171 sit,
2685 3115 2740 3162 et
2785 3116 2842 3163 ut
2881 3124 2981 3179 pro
3019 3111 3228 3169 vitiosis
3269 3118 3594 3175 mundandis
3628 3122 3792 3191 possit

2221 3193 2420 3249 otl‘erri.
2459 3196 2571 3253 l-Ioc
2604 3208 2750 3255 certe
2778 3216 2966 3258 omnes
2998 3204 3304 3262 desiderant
3332 3217 3394 3264 et
3427 3213 3678 3282 cupiunt,
3707 3214 3789 3284 qui

2217 3302 2317 3356 pro
2347 3303 2404 3343 se
2431 3287 2624 3346 oﬁ'erre
2651 3293 2974 3349 sacriﬁcium
3003 3295 3115 3352 Deo
3140 3297 3347 3356 volunt.
3377 3300 3519 3369 Quis
3548 3320 3674 3376 ergo
3694 3315 3787 3362 tam

2213 3377 2392 3449 justus
2419 3390 2474 3435 et
2499 3391 2718 3438 sanctus
2745 3387 3015 3453 sacerdos,
3049 3403 3210 3458 quam
3233 3392 3432 3450 unicus
3459 3394 3669 3453 Filius?
3690 3397 3786 3454 Non

2218 3471 2343 3541 quia
2375 3488 2509 3542 opus
2541 3475 2676 3540 vita,
2708 3476 3064 3534 adducuntur.
3106 3481 3174 3536 Et
3199 3484 3326 3554 quid
3361 3493 3480 3541 tam
3511 3491 3787 3546 amabiliter

2217 3569 2271 3616 et
2307 3564 2708 3632 acceptabiliter
2741 3567 2809 3622 ab
2845 3570 3096 3626 omnibus
3131 3582 3377 3630 sumetur
3410 3579 3566 3646 quod
3602 3595 3698 3650 pro
3724 3581 3786 3635 eis

2215 3651 2461 3720 oil'ertur,
2493 3670 2654 3725 quam
2682 3655 2882 3714 Christi
2930 3661 3162 3719 humana
3205 3667 3372 3722 caro?
3415 3677 3474 3725 et
3523 3674 3654 3742 quid
3695 3683 3786 3728 tam

2217 3751 2496 3814 acceptum
2531 3754 2586 3800 et
2619 3755 2802 3816 aptum
2836 3749 3216 3820 immolationi,
3244 3771 3410 3826 quam
3443 3774 3586 3817 caro
3613 3761 3786 3819 Christi

2215 3837 2491 3892 mortalis?
2516 3839 2582 3893 Et
2606 3840 2734 3910 quid
2760 3849 2870 3896 tam
2897 3845 3154 3901 mundum
3181 3863 3279 3918 pro
3303 3854 3642 3911 mundandis
3666 3858 3785 3913 vitiis

2215 3939 2270 3983 et
2309 3933 2544 3998 peccatis
2582 3935 2920 4004 mortalium,
2970 3955 3131 4009 quam
3177 3943 3296 4000 sine
3338 3946 3449 4002 ulla
3484 3954 3786 4023 contagione

2215 4022 2446 4076 carnalis
2473 4027 2918 4095 concupiscentiae
2949 4044 3076 4086 caro
3109 4041 3236 4088 nata
3271 4036 3327 4090 in
3360 4047 3528 4096 utero
3561 4059 3629 4098 ex
3658 4022 3785 4099 utero

2215 4111 2495 4183 virginali?
2532 4115 2598 4170 Et
2624 4119 2752 4187 quid
2778 4127 2888 4174 tam
2914 4133 3065 4192 grate
3090 4123 3271 4181 offerri
3295 4136 3348 4184 et
3379 4135 3590 4206 suscipi
3619 4138 3783 4207 possit,

2214 4220 2373 4275 quam
2399 4223 2527 4263 caro
2553 4211 2802 4267 sacriﬁcii
2826 4215 3016 4282 nostri,
3049 4231 3244 4288 corpus
3268 4218 3476 4278 Christi
3503 4227 3785 4296 perfectum

2213 4295 2508 4352 sacerdotis
2536 4301 2743 4356 nostri?

2283 4386 2507 4443 LXVIII.
2531 4390 2597 4443 Et
2617 4393 2870 4462 quoniam
2891 4405 3122 4466 quatuor
3140 4403 3566 4464 considerantur
3585 4410 3638 4465 in
3655 4408 3786 4466 omni

2276 4477 2499 4543 oriﬁcio,
2538 4479 2591 4533 id
2616 4490 2718 4548 est,
2749 4485 2834 4540 cui
2860 4485 3135 4558 offeratur,
3165 4507 3196 4546 a
3223 4508 3331 4564 quo
3355 4495 3645 4566 oil'eratur,
3674 4502 3787 4573 quid

2214 4566 2488 4634 offeratur,
2518 4584 2615 4640 pro
2645 4574 2838 4642 quibus
2861 4576 3136 4647 oﬁ‘eratur,
3167 4582 3268 4640 hoc
3297 4592 3473 4642 totum
3511 4591 3630 4660 ipse
3666 4566 3785 4648 unus

2213 4675 2480 4732 verusque
2529 4665 2792 4722 mediator
2837 4669 3082 4729 Christus
3129 4689 3226 4746 per
3271 4680 3609 4739 sacriﬁcium
3654 4686 3786 4755 pacis

2213 4755 2567 4811 reconcilians
2597 4773 2696 4814 nos
2721 4759 2850 4827 Deo,
2875 4771 2930 4818 et
2951 4763 3079 4821 fecit
3110 4783 3274 4825 unum
3304 4787 3430 4828 cum
3460 4775 3560 4831 illo
3587 4792 3783 4833 manere

2212 4844 2301 4898 cui
2327 4844 2603 4901 offerebat.
2641 4847 2817 4906 Unum
2845 4853 2900 4908 in
2931 4870 2990 4911 se
3019 4853 3218 4926 facere,
3249 4875 3351 4930 pro
3380 4865 3588 4933 quibus
3613 4868 3786 4923 oﬁ'en-

2211 4936 2323 4991 bat.
2347 4936 2507 4993 Panis
2530 4940 2636 5007 hic,
2662 4944 2750 5013 qui
2772 4943 2996 5002 oﬁ'ertur
3019 4965 3179 5020 super
3199 4953 3393 5021 altare,
3419 4967 3480 5012 ut
3506 4975 3674 5031 supra
3686 4961 3783 5029 jam

2211 5026 2464 5096 diximus,
2493 5045 2686 5100 corpus
2713 5032 2910 5091 Christi
2939 5040 3003 5093 de
3027 5040 3118 5096 illo
3141 5059 3308 5114 grano
3336 5047 3507 5104 tritici
3537 5026 3786 5121 quod-oc-

2211 5118 2341 5173 cidit
2385 5121 2438 5174 in
2485 5131 2684 5178 terram
2727 5133 2782 5180 et
2821 5138 3092 5186 mortuum
3134 5143 3236 5189 est.
3276 5136 3346 5191 Et
3386 5139 3456 5194 de
3499 5118 3596 5198 illo
3630 5159 3787 5214 guno

2211 5208 2375 5263 multa
2417 5219 2543 5265 nata
2584 5221 2708 5267 sunt
2747 5230 2932 5283 grana,
2971 5221 3114 5290 quod
3153 5233 3236 5279 est
3264 5225 3536 5297 Ecclesia,
3581 5208 3660 5288 etv
3677 5249 3784 5294 nos,

2212 5297 2321 5352 Deo
2362 5300 2667 5365 miserante,
2716 5304 2838 5360 inde
2883 5322 3108 5366 sumus:
3141 5320 3320 5370 tamen
3363 5317 3412 5372 si
3462 5324 3789 5378 seminemus

2209 5391 2533 5459 Spirituales,
2569 5404 2624 5450 et
2665 5413 3010 5456 renascemur
3033 5402 3100 5460 de
3141 5406 3249 5463 Deo
3275 5407 3441 5465 Patre
3466 5421 3522 5467 et
3550 5415 3784 5471 Ecclesia

2206 5491 2379 5538 matre
2405 5501 2416 5536 :
2451 5485 2523 5539 De
2553 5487 2746 5556 quibus
2769 5494 3092 5564 evangelista
3116 5495 3285 5553 dixit:
3311 5498 3417 5564 Qui
3445 5521 3554 5558 non
3579 5523 3646 5560 ex
3673 5525 3789 5561 san-

2202 5574 2442 5668 guinibus
2467 5593 2627 5648 neque
2654 5596 2718 5634 ea:
2741 5581 2996 5652 voluptate
3021 5589 3214 5652 carnis,
3245 5607 3409 5662 neque
3437 5611 3504 5648 ea:
3532 5596 3788 5668 uoluptate

2201 5645 2315 5732 ω’νίν
2345 5645 2434 5722 ὶθά
2457 5687 2522 5724 ex
2542 5645 2655 5727 Deo
2681 5676 2792 5729 nati
2815 5645 2934 5732 sunt
2964 5678 3144 5751 (Ioan.
3175 5645 3213 5751 ις
3243 5645 3354 5756 I35.
3380 5645 3786 5761 Ill—uili

598 5740 626 5772 ι
652 5728 728 5785 De
748 5745 848 5788 usu
874 5729 1034 5802 hujus
1059 5734 1352 5809 doxologiae
1363 5745 1584 5800 consule
1611 5745 2099 5811 Sacramentarium
2136 5728 2311 5813 sancti
2336 5757 2601 5832 Gregorii.
