3952 6318
191 405 287 477 es?

813 399 1097 475 HETEllll
1130 406 1224 473 ET
1260 412 1321 472 Β.
1361 399 1565 471 BEATl
1599 394 1693 470 AD

1807 406 2127 472 .lPANDUll
2158 398 2376 471 arisi.
2415 378 2486 458 ές
2513 401 2643 475 Lm.
2677 416 2724 478 ι.

3273 424 3383 492 958

183 527 307 601 quod
324 535 498 596 corpus
521 529 606 584 est
627 521 847 590 Christi,
875 525 1081 598 lignum
1107 527 1283 584 crucis
1306 526 1472 594 coxit,
1499 525 1702 618 erimus
1725 524 1781 589 Δ
1802 538 1930 618 cum
1955 525 2262 618 comeditur
2301 536 2357 584 et
2396 528 2618 598 bibitur,
2667 545 2696 575 ι
2735 530 2800 590 tit
2835 546 3030 608 corpus
3069 546 3124 596 et
3164 550 3388 618 sanguis

182 637 290 678 cum
310 634 363 676 eo
379 633 511 674 unus
531 616 708 690 panis.
751 617 809 673 Si
832 624 887 674 et
915 633 1014 674 nos
1038 619 1152 688 ipsa
1178 633 1313 674 crux
1336 617 1543 674 coxerit
1559 657 1576 684 ,
1604 616 1711 673 eri-

182 725 290 767 mus
323 707 416 779 ejus
453 721 668 780 corpus.
713 707 815 776 Qui
853 723 962 765 non
995 709 1282 765 manducat
1321 709 1466 765 hunc
1488 723 1704 779 panem,

181 800 305 873 quod
323 807 391 857 est
410 812 604 870 corpus
629 797 850 864 Christi,
875 799 1054 854 vivere
1078 814 1184 855 non
1209 807 1406 871 potest.
1436 799 1588 856 Sicut
1609 813 1710 856 nec

177 894 258 950 ille
281 892 429 948 vivere
449 897 634 962 potest
653 890 710 946 in
737 904 920 958 carne,
951 891 1041 962 qui
1071 891 1214 949 hunc
1235 906 1430 962 panem
1459 906 1710 963 corpora-

175 995 270 1051 iem
290 1001 379 1042 non
400 983 641 1056 prandet,
661 984 800 1040 sicut
823 983 938 1054 ipse
957 983 1034 1039 ait
1056 998 1073 1039 :
1095 983 1208 1057 Ego
1233 1001 1348 1040 sum
1372 985 1521 1057 panis
1544 986 1706 1052 vivus,

173 1079 251 1148 qui
273 1077 326 1131 de
349 1074 458 1130 calo
503 1074 780 1141 descendi;
820 1075 866 1129 si
894 1076 1009 1148 quis
1037 1091 1102 1131 ea:
1131 1075 1242 1147 ipso
1283 1075 1704 1144 manducauerit,

173 1167 355 1224 eiectio
376 1176 615 1222 cternum
646 1165 827 1236 (Joan.
851 1181 926 1231 vr,
955 1165 1067 1240 5i).
1098 1166 1295 1222 Vinum
1319 1168 1461 1236 quod
1484 1165 1708 1222 offertur

169 1273 311 1327 super
339 1255 513 1324 altare,
555 1257 775 1327 sanguis
811 1256 1014 1313 Christi
1057 1265 1161 1324 est,
1192 1258 1258 1314 de
1302 1257 1394 1313 illa
1431 1257 1540 1314 vite
1577 1273 1706 1314 vera

165 1367 276 1424 quae
298 1351 412 1407 dixit
436 1366 452 1406 :
484 1349 599 1421 Ego
627 1366 744 1406 sum
772 1351 892 1406 vitis
931 1367 1068 1417 vera,
1112 1357 1160 1406 et
1188 1350 1352 1405 Pater
1385 1367 1531 1406 meus
1560 1352 1706 1422 agri-

161 1446 297 1502 cola:
322 1443 591 1516 Apostolus
629 1442 805 1499 dixit:
843 1440 946 1498 Vos
983 1459 1101 1498 vero
1139 1441 1396 1514 palmites.
1448 1441 1707 1499 Palmites

158 1551 279 1594 vero
298 1543 532 1608 petantur
551 1544 606 1591 et
627 1543 943 1607 purgantur,
968 1547 1036 1588 ex
1064 1533 1196 1603 ipsis
1221 1533 1512 1605 gignuntur
1539 1533 1703 1600 acini,

159 1632 210 1688 id
232 1638 306 1687 est
323 1629 500 1696 sancti,
528 1629 620 1700 qui
641 1629 707 1684 de
729 1627 973 1684 doctrina
999 1633 1294 1682 nascuntur
1319 1624 1701 1695 apostolorum.

157 1725 504 1796 Unusquisque
524 1723 712 1779 acinus
734 1722 973 1794 pendens
991 1721 1056 1778 de
1079 1719 1320 1792 palmite,
1337 1717 1706 1788 unusquisque

152 1831 326 1873 servus
350 1815 437 1870 Dei
463 1822 582 1881 est,
625 1821 736 1869 tam
777 1814 1072 1869 monachus
1097 1827 1261 1882 quam
1303 1810 1491 1867 laicus.
1526 1807 1706 1864 Grana

1807 613 1991 670 Verbi.
2025 614 2103 672 Ita
2135 616 2279 672 enim
2311 618 2588 689 Dominus,
2623 622 2806 693 quiin
2839 627 3094 700 principio
3117 643 3230 690 erat
3260 613 3388 694 Ver-

1809 707 1948 773 bum,
1980 716 2029 764 et
2059 707 2282 766 Verbum
2310 721 2423 768 erat
2455 715 2595 786 apud
2624 715 2824 786 Deum,
2858 729 2908 776 et
2939 722 3082 781 Deus
3113 738 3227 785 erat
3260 729 3389 787 Ver-

1809 799 1965 868 bum;
2002 811 2222 874 propter
2257 804 2682 865 misericordiam
2725 825 2877 868 suam
2920 832 2934 870 :
2978 816 3073 888 qui
3109 835 3218 876 non
3255 839 3388 880 con—

1806 892 2024 964 tempsit
2068 896 2212 966 quod
2257 899 2459 953 creavit
2479 938 2494 966 ,
2547 899 2604 955 in
2658 902 3188 966 transformationem
3232 928 3387 975 suam

1807 999 1930 1076 caro
1959 986 2128 1056 factus
2153 997 2246 1055 est,
2275 999 2324 1044 et
2352 991 2603 1047 habitavit
2626 993 2683 1048 in
2709 996 2886 1062 nobis;
2914 999 3054 1055 sicut
3081 1003 3232 1060 scitis
3259 1007 3388 1076 quia

1807 1071 1980 1144 ipsum
2009 1077 2243 1134 Verbum
2269 1081 2558 1151 assumpsit
2583 1083 2886 1152 hominem,
2915 1088 2969 1144 id
2999 1097 3110 1159 est,
3147 1071 3388 1153 animam

1806 1169 2120 1226 rationalem
2161 1180 2216 1228 et
2257 1188 2476 1230 carnem
2515 1177 2766 1245 hominis,
2810 1187 2866 1235 et
2902 1182 3064 1240 homo
3096 1183 3269 1243 factus
3302 1197 3388 1245 est

1803 1263 2070 1318 manendo
2112 1263 2275 1321 Deus.
2317 1265 2544 1337 Propter
2578 1269 2681 1326 hoc
2717 1272 2843 1342 quia
2886 1273 3060 1330 factus
3101 1286 3184 1333 est
3221 1280 3387 1336 homo

1805 1365 1903 1420 pro
1928 1353 2102 1419 nobis,
2139 1356 2532 1414 commendavit
2565 1361 2724 1416 nobis
2757 1363 2862 1420 isto
2895 1377 3232 1425 sacramento
3259 1386 3385 1427 cor-

1803 1455 1907 1511 pus
1946 1451 2001 1499 et
2045 1445 2358 1516 sanguinem
2403 1464 2556 1505 suum
2581 1492 2596 1517 ,
2638 1455 2779 1524 quod
2821 1457 2984 1514 etiam
3016 1458 3152 1516 fecit
3188 1471 3244 1518 et
3283 1479 3386 1521 nos

1805 1532 1970 1603 ipsos.
2007 1535 2075 1590 Et
2107 1552 2205 1592 nos
2237 1553 2433 1609 corpus
2470 1541 2639 1611 ipsius
2668 1543 2794 1600 facti
2824 1562 3011 1605 sumus
3045 1565 3145 1621 per
3171 1553 3387 1610 miseri-

1805 1627 2042 1682 cordiam
2073 1627 2260 1698 ipsius,
2292 1633 2434 1701 quod
2458 1635 2782 1713 accepimus,
2810 1646 3160 1713 nostrumque
3189 1658 3388 1715 corpus

1805 1715 2008 1773 Christi
2051 1719 2374 1790 accipimus,
2415 1731 2470 1778 ct
2510 1725 2634 1781 audi
2670 1727 2800 1798 quid
2838 1728 3016 1786 dicit:
3049 1733 3174 1803 quia
3213 1734 3389 1805 ipsum

1807 1820 1994 1877 corpus
2021 1822 2116 1862 nos
2141 1825 2343 1865 sumus.
2367 1808 2435 1865 Et
2457 1826 2646 1869 verum
2670 1822 2774 1883 est,
2800 1817 2926 1886 quia
2949 1834 3117 1874 unum
3146 1819 3390 1878 triticum

149 1909 284 1967 acini
315 1909 528 1966 virtutes
569 1907 686 1980 ejus
729 1916 884 1975 sunt,
915 1909 971 1964 id
1009 1916 1122 1975 est,
1157 1908 1416 1975 charitas,
1456 1905 1703 1976 castitas,
1725 1884 1775 1947 Β
1801 1905 1885 1954 est
1912 1912 1928 1954 =
1960 1908 2015 1956 et
2043 1915 2211 1956 unum
2245 1918 2430 1960 semen
2468 1906 2624 1976 grani
2650 1884 3014 1980 multaigrana
3041 1909 3247 1978 molita.
3277 1925 3389 1967 una

146 1997 420 2067 humilitas,
440 2000 660 2065 veritas,
685 1999 1008 2066 obedientia,
1029 1997 1314 2070 jejunium,
1339 1999 1694 2072 eleemosyna,

144 2091 330 2157 oratio,
358 2091 553 2163 vigilia,
580 2090 760 2163 lingua
785 2090 1065 2156 benevola,
1093 2091 1466 2156 mansuetudo,
1496 2090 1702 2161 patien-

141 2185 216 2239 tia
235 2225 250 2250 ,
292 2191 343 2240 et
367 2192 555 2240 cetera
581 2198 701 2255 quae
725 2183 794 2239 ad
820 2183 1080 2239 virtutum
1107 2197 1268 2254 opera
1300 2182 1570 2253 pertinent
1601 2200 1615 2238 :
1646 2188 1704 2238 et

138 2277 426 2333 multorum
469 2291 750 2349 granorum
799 2275 1056 2347 majorem
1104 2275 1232 2332 facit
1283 2275 1527 2344 acinum,
1579 2291 1703 2334 cum

134 2369 305 2424 multa
333 2369 571 2424 habuerit
596 2369 649 2424 in
678 2383 737 2425 se
763 2368 902 2426 dona
929 2369 1210 2425 virtutum.

207 2459 386 2516 LXIX.
425 2460 560 2516 Vitis
585 2475 734 2527 vero,
764 2468 827 2516 ut
852 2461 1101 2526 diximus,
1130 2459 1376 2516 Christus
1400 2468 1504 2526 est,
1527 2468 1582 2516 et
1603 2459 1705 2515 Pa-

131 2561 217 2609 ter
255 2552 504 2624 agricola.
546 2551 706 2609 Solus
746 2549 996 2608 Christus
1030 2550 1159 2606 vitis
1196 2559 1300 2607 est.
1347 2549 1506 2607 Solus
1543 2551 1706 2606 Pater

130 2644 360 2716 agricola
384 2659 488 2701 non
514 2652 616 2709 est,
647 2644 773 2716 quia
798 2641 1100 2699 communis
1128 2648 1212 2696 est
1235 2641 1479 2712 operatio
1506 2639 1701 2703 Patris,

127 2744 183 2791 et
211 2735 360 2799 Filii,
388 2743 441 2791 et
473 2733 710 2806 Spiritus
738 2735 931 2790 sancti.
968 2732 1234 2799 Christus,
1262 2732 1318 2787 in
1345 2747 1452 2803 quo
1481 2732 1706 2802 mqualis

121 2835 209 2881 est
241 2825 408 2893 Patri,
436 2825 672 2898 agricola
699 2833 782 2882 est
811 2840 934 2881 cum
961 2824 1143 2881 Patre.
1175 2825 1233 2880 1n
1263 2840 1371 2895 quo
1399 2825 1578 2880 minor
1598 2823 1704 2878 Pa-

120 2926 229 2982 tre,
257 2917 379 2974 vitis
400 2925 482 2974 est
503 2933 654 2974 vera.
680 2917 748 2972 Et
771 2931 940 2988 quare
966 2915 1104 2972 dixit
1140 2917 1293 2970 vitem
1321 2915 1536 2971 veram?
1566 2913 1705 2981 Quia

117 3019 248 3065 sunt
272 3009 406 3066 vites
435 3009 713 3076 silvaticus,
736 3017 862 3065 sunt
883 3009 1020 3064 vites
1043 3016 1302 3080 agrestes,
1335 3023 1565 3079 quorum
1597 3021 1707 3062 non

114 3111 202 3158 est
239 3102 401 3157 Pater
434 3101 690 3173 agricola,
724 3116 860 3172 quos
884 3116 1042 3157 nemo
1064 3101 1294 3168 claudet,
1334 3115 1494 3156 nemo
1528 3105 1704 3170 putat,

114 3210 282 3250 nemo
310 3201 522 3266 purgat.
557 3194 634 3251 De
665 3195 860 3266 quibus
883 3195 998 3266 ipse
1026 3194 1284 3250 Dominus
1323 3193 1399 3248 ait
1441 3211 1454 3248 :
1498 3192 1570 3247 Et
1595 3193 1703 3248 Pa-

109 3295 195 3340 ter
233 3303 379 3342 meus
413 3286 654 3359 purgabit
691 3304 839 3353 eum,
883 3296 937 3342 ut
970 3287 1086 3359 plus
1114 3287 1314 3358 fructus
1343 3287 1552 3357 a/ferat.
1583 3285 1704 3343 Non

106 3385 200 3433 est
222 3377 291 3432 de
314 3376 444 3447 ipsis
463 3377 686 3444 vitibus,
712 3378 807 3434 sed
832 3378 975 3434 illius
999 3379 1124 3435 vitis
1147 3363 1233 3435 est
1255 3393 1420 3450 quam
1442 3386 1706 3450 exspecta-

103 3469 202 3531 eit,
248 3474 308 3520 ut
347 3466 540 3536 faceret
580 3485 728 3534 uvas,
772 3468 891 3539 fecit
935 3478 1108 3525 autem
1149 3469 1439 3524 labruscas.
1482 3470 1560 3526 De
1596 3485 1704 3540 qua

100 3559 382 3630 propheta
405 3558 577 3614 dicit:
602 3557 714 3615 Uva
737 3576 936 3627 eorum,
963 3577 1062 3616 uva
1089 3559 1244 3630 fellis.
1275 3560 1344 3616 Et
1372 3559 1437 3616 de
1461 3574 1568 3630 qua
1599 3559 1707 3615 Do-

97 3651 296 3706 minus
315 3651 562 3721 loquitur
583 3652 651 3707 ad
669 3649 964 3708 Jerusalem
989 3669 1004 3707 :
1032 3651 1146 3724 Ego
1168 3662 1218 3708 te
1246 3652 1476 3724 plantavi
1503 3653 1704 3709 vineam

92 3757 288 3795 ueram
302 3756 322 3805 ;
335 3741 597 3812 quomodo
612 3750 815 3797 mutata
832 3759 886 3798 es
903 3742 958 3798 in
979 3742 1328 3799 amaritudine
1348 3744 1462 3798 vitis
1483 3743 1668 3800 aliena:
1680 3743 1708 3798 ?

87 3833 315 3887 Amara
339 3831 470 3888 vitis
497 3847 744 3888 amarum
769 3833 953 3888 vinum
979 3831 1139 3900 facit,
1167 3848 1287 3904 quae
1315 3833 1568 3904 propinat
1599 3833 1707 3889 Do-

86 3926 324 3980 minum
347 3935 596 3982 nostrum
624 3923 810 3982 Iesum
831 3923 1127 3983 Christum.
1155 3926 1226 3984 Ut
1256 3927 1544 3998 impleatur
1562 3926 1706 3998 quod

79 4017 384 4086 scriptum
415 4027 534 4074 est:
562 4017 632 4073 Et
656 4017 908 4074 dederunt
935 4020 992 4074 in
1022 4036 1191 4075 escam
1223 4036 1391 4075 meam
1421 4019 1494 4090 fel
1520 4037 1541 4076 :
1572 4028 1622 4075 et
1648 4019 1706 4075 in

73 4107 186 4162 sisi
211 4121 344 4159 mea
363 4115 664 4176 potuerunt
684 4125 766 4164 me
786 4117 951 4164 aceto.
977 4109 1054 4164 De
1073 4124 1182 4180 quo
1201 4110 1327 4166 vino
1347 4109 1472 4165 dum
1501 4112 1708 4182 gustas-

72 4207 197 4262 set,
236 4195 425 4251 noluit
453 4198 638 4254 bibere.

162 4289 353 4346 LXX.
397 4290 514 4348 Hoc
533 4301 705 4349 totum
725 4294 856 4366 quid
875 4305 959 4352 est
975 4337 990 4363 ,
1015 4295 1120 4352 nisi
1141 4305 1269 4354 tunc
1288 4297 1470 4355 Iudaea
1490 4298 1546 4355 in
1567 4299 1703 4372 lege,

66 4397 218 4454 qua:
241 4396 364 4438 non
400 4385 654 4456 cognovit
679 4383 877 4442 Filium
907 4387 1003 4443 Dei
1032 4402 1131 4459 per
1152 4388 1346 4460 legem,
1369 4390 1463 4446 sed
1494 4391 1709 4462 negavit

61 4485 133 4532 et
163 4474 500 4531 cruciﬁxit?
529 4477 684 4535 Nunc
711 4479 766 4535 in
785 4479 1027 4537 Ecclesia
1051 4483 1302 4538 haeretica
1333 4484 1587 4554 pravitas,
1613 4485 1707 4557 qui

1796 1986 1968 2048 farina
2003 1998 2107 2047 est.
2159 1993 2226 2048 Et
2264 2010 2372 2050 una
2404 1994 2579 2053 farina
2612 2008 2902 2069 conspersa
2943 2008 3001 2056 et
3035 2008 3190 2056 cocta
3233 2016 3378 2056 unus

1797 2083 1953 2152 panis
1992 2094 2095 2142 est.
2143 2083 2522 2148 Recordamini
2564 2088 2694 2160 quid
2737 2087 2841 2144 fuit
2885 2097 3134 2146 creatura
3178 2090 3281 2146 ista
3327 2091 3383 2146 in

1800 2188 1950 2245 agro.
1980 2176 2257 2243 Quomodo
2297 2195 2416 2236 eam
2457 2186 2603 2237 terra
2632 2179 2873 2255 peperit,
2915 2178 3384 2250 pluvianutrivit,

1801 2268 1870 2323 ad
1893 2269 2096 2338 spicam
2121 2271 2388 2340 perduxit,
2419 2273 2610 2329 deinde
2637 2273 2788 2330 labor
2811 2274 3078 2330 humanus
3101 2271 3170 2330 ad
3196 2283 3385 2329 aream

1799 2359 2062 2428 portavit,
2094 2360 2394 2430 trituravit,
2421 2363 2725 2428 ventilavit,
2757 2371 2813 2419 et
2835 2363 3164 2430 recondidit,
3194 2371 3382 2433 porta-

1800 2449 1898 2515 vit,
1929 2449 2137 2517 moluit,
2165 2461 2219 2509 et
2246 2453 2410 2520 coxit,
2439 2462 2495 2510 et
2519 2454 2611 2510 vix
2637 2455 2923 2526 aliquando
2949 2458 3018 2511 ad
3040 2471 3235 2526 panem
3258 2470 3386 2526 per-

1803 2542 1972 2598 duxit.
2006 2543 2120 2602 Hoc
2150 2553 2322 2602 totum
2349 2562 2446 2603 vos
2468 2548 2621 2604 estis.
2654 2547 3032 2604 Recordamini
3057 2556 3111 2604 et
3133 2563 3230 2604 vos
3254 2548 3386 2618 quia

1801 2649 1908 2690 non
1955 2634 2153 2704 fuistis,
2203 2647 2258 2694 et
2301 2641 2469 2696 creati
2515 2641 2666 2707 estis,
2715 2647 2770 2696 et
2816 2655 3001 2696 aream
3046 2640 3385 2697 Dominicam

1803 2729 2181 2798 composuistis
2238 2730 2514 2789 laboribus
2569 2734 2732 2790 boum
2756 2773 2774 2801 ,
2832 2733 2889 2790 id
2939 2741 3024 2791 est
3072 2735 3384 2790 nuntiantes

1804 2815 2152 2890 Evangelium
2189 2821 2458 2889 triturati,
2504 2823 2720 2896 quando
2760 2825 3132 2882 catechumeni
3167 2825 3386 2882 diceba-

1805 2908 1958 2976 mini,
1979 2910 2036 2966 in
2057 2911 2253 2968 horreo
2278 2913 2658 2982 servabamini,
2684 2915 2905 2972 nomina
2931 2923 3112 2971 vestra
3137 2915 3384 2981 dedistis,

1805 3001 2048 3070 coepistis
2070 3002 2196 3058 moli
2212 3002 2432 3073 jejuniis
2452 3013 2508 3061 et
2527 3007 2863 3064 exorcismis.
2885 3007 3080 3065 Postea
3100 3008 3169 3065 ad
3187 3023 3386 3080 aquam

1805 3095 2049 3162 venistis,
2079 3099 2355 3168 conspersi
2383 3099 2536 3167 estis,
2565 3108 2621 3157 et
2641 3117 2781 3157 unus
2803 3102 2960 3172 panis
2982 3101 3114 3158 facti
3140 3103 3294 3160 estis.

1877 3185 2086 3242 LXXII.
2126 3187 2464 3246 Accendente
2487 3205 2615 3247 vero
2640 3189 2826 3247 favore
2849 3189 3082 3261 Spiritus
3107 3193 3301 3260 sancti,
3327 3192 3390 3250 in

1805 3293 1914 3334 una
1939 3277 2224 3337 dilectione
2249 3282 2546 3348 charitatis,
2586 3281 2639 3337 in
2672 3297 2780 3338 una
2813 3283 2919 3338 ﬁde
2948 3293 3002 3339 et
3035 3285 3090 3340 in
3119 3300 3211 3356 spe
3244 3287 3388 3344 cocti

1803 3368 1955 3436 estis,
1977 3372 2132 3439 panis
2156 3372 2465 3428 Dominicus
2485 3373 2615 3429 facti
2638 3373 2770 3429 estis
2796 3391 2809 3428 :
2837 3373 2977 3429 sicut
3003 3383 3057 3429 et
3084 3376 3185 3430 iste
3206 3377 3386 3446 panis,

1803 3459 1896 3529 qui
1921 3475 2084 3531 super
2109 3462 2279 3518 altare
2304 3470 2546 3520 sacratus
2571 3472 2673 3530 est,
2696 3464 2790 3535 qui
2816 3479 3012 3537 corpus
3037 3467 3236 3522 Christi
3261 3475 3384 3535 est;

1803 3555 1860 3605 et
1885 3564 1954 3606 ex
1980 3552 2163 3609 multis
2190 3554 2371 3624 granis
2400 3569 2540 3610 unus
2565 3555 2741 3626 panis,
2770 3563 2826 3611 et
2847 3571 2988 3612 unus
3019 3558 3172 3614 cibus
3199 3566 3388 3614 noster

1802 3649 1907 3709 est,
1935 3649 1992 3698 et
2021 3643 2077 3699 in
2106 3645 2366 3701 membris
2390 3645 2592 3703 nostris
2619 3645 2921 3717 trajicitur:
2950 3649 3030 3705 sic
3053 3657 3108 3705 et
3130 3664 3231 3706 nos
3259 3665 3387 3706 cum

1804 3731 1862 3788 in
1894 3749 2000 3789 una
2027 3747 2138 3804 spe,
2172 3735 2277 3792 fide
2305 3745 2362 3793 et
2388 3739 2654 3795 charitate
2680 3739 2959 3808 fuerimus,
2993 3742 3145 3800 cibus
3171 3744 3388 3803 Domini

1804 3836 2012 3891 sumus,
2056 3833 2112 3881 et
2158 3826 2214 3881 in
2260 3829 2517 3885 membris
2563 3828 2678 3899 ejus
2728 3831 3195 3890 transformamur.
3245 3835 3390 3892 Ecce

1806 3915 2224 3985 Eucharistiam,
2271 3919 2325 3975 id
2366 3928 2451 3977 est
2493 3923 2692 3978 bonam
2732 3924 2991 3995 gratiam,
3034 3941 3196 3997 quam
3235 3942 3393 3985 acce-

1803 4009 1981 4080 pistis,
2028 4011 2201 4068 oculis
2245 4014 2444 4069 vestris
2485 4015 2719 4071 vidistis.
2769 4016 3047 4083 Quomodo
3092 4019 3159 4074 de
3205 4019 3392 4076 multis

1803 4098 1991 4169 granis
2015 4098 2216 4156 factum
2245 4109 2329 4158 est
2353 4119 2538 4169 unum,
2569 4106 2650 4160 sic
2673 4121 2842 4160 unum
2867 4113 3042 4164 estote
3069 4115 3125 4162 et
3151 4123 3268 4176 vos,
3303 4108 3390 4164 di-

1804 4191 2037 4263 ligendo,
2068 4197 2330 4266 gemendo
2358 4215 2522 4254 unam
2551 4200 2739 4267 ﬁdem,
2770 4217 2936 4256 unam
2974 4216 3154 4272 spem,
3195 4202 3391 4259 indivi-

1807 4299 1925 4340 sam
1949 4286 2270 4343 charitatem
2296 4304 2313 4344 :
2335 4292 2460 4361 quia
2484 4292 2560 4347 illi
2583 4295 2677 4365 qui
2702 4294 2832 4350 mali
2856 4303 2982 4351 sunt
3005 4312 3115 4351 non
3141 4302 3392 4366 quzemnt

1804 4377 1914 4432 nisi
1941 4378 2279 4448 divisionem,
2321 4383 2609 4441 hzereticus
2648 4401 2758 4442 non
2787 4386 2984 4457 quaerit
3022 4387 3128 4442 nisi
3169 4400 3390 4456 separa-

1805 4469 2043 4538 tionem,
2071 4473 2256 4529 ethoc
2277 4474 2520 4532 elaborat
2548 4487 2608 4534 ut
2647 4479 2885 4546 scindat,
2919 4487 2976 4536 et
3011 4495 3120 4536 non
3155 4478 3387 4546 sarciat;

60 4584 200 4625 non
226 4570 760 4663 cognoscitl‘ilium
794 4573 888 4630 Dei
925 4589 1022 4646 per
1056 4575 1404 4648 Evangelium
1429 4593 1443 4630 :
1469 4576 1563 4633 sed
1582 4590 1705 4632 eum

1809 4569 1871 4618 ut
1895 4571 2138 4634 rumpat,
2170 4580 2276 4620 non
2298 4564 2508 4638 jungat.
2544 4569 2771 4640 Separat
2798 4571 3034 4627 Verbum
3059 4586 3090 4626 a
3117 4585 3302 4640 carne,
3333 4577 3392 4628 et

59 4658 391 4714 hominem
429 4659 661 4717 similem
691 4661 824 4719 dicit
851 4677 972 4720 esse
1002 4666 1342 4733 hominibus,
1378 4674 1434 4722 et
1468 4669 1708 4724 membra

59 4747 226 4816 ejus,
273 4748 442 4818 quod
469 4757 553 4806 est
587 4749 850 4819 Ecclesia,
881 4768 988 4810 non
1025 4756 1319 4826 cognoscit,
1350 4758 1445 4814 sed
1473 4757 1711 4829 quotidie

59 4839 411 4896 crucifixit.
458 4843 566 4899 Sed
603 4844 731 4915 quia
768 4845 836 4902 de
873 4847 982 4902 vite
1021 4847 1158 4904 falsa
1196 4851 1477 4906 tractanda
1519 4866 1551 4907 a
1579 4864 1710 4908 vera

59 4934 192 4987 rite
235 4933 596 4989 sententiam
633 4934 1022 5008 elongavimus,
1053 4938 1120 4994 ad
1156 4947 1399 4996 nostram
1425 4940 1589 4996 vitem
1617 4955 1712 4997 ve-

60 5039 225 5088 'am,
268 5031 340 5079 et
377 5025 456 5080 ad
482 5033 729 5082 nostrum
754 5041 979 5098 granum
1005 5029 1196 5097 tritici,
1231 5030 1348 5088 sine
1387 5047 1495 5103 quo
1526 5031 1712 5090 vivere

60 5131 180 5172 non
216 5128 566 5184 possumus,
593 5117 899 5175 redeamus.

121 5203 372 5260 LXXI.
419 5206 494 5263 Et
515 5207 661 5266 hunc
687 5223 884 5281 panem
906 5209 1110 5279 vivum,
1135 5213 1229 5284 qui
1254 5213 1308 5269 ln
1334 5213 1535 5271 Christi
1558 5214 1711 5270 fran-

59 5300 229 5356 titur
271 5313 511 5370 mensa,
547 5305 954 5372 manducemus,
993 5313 1049 5363 et
1083 5307 1350 5363 sorbendo
1379 5307 1585 5377 parvuli
1615 5309 1713 5363 de-

60 5390 416 5447 lutiamus
433 5431 454 5458 ,
484 5393 612 5450 dum
636 5394 706 5450 ad
728 5395 956 5452 solidum
981 5397 1158 5454 cibum
1183 5398 1504 5468 quandoque
1527 5399 1712 5456 venia-

60 5497 200 5536 aus
230 5497 249 5535 :
289 5488 370 5536 ut
398 5481 652 5553 Patrem,
680 5485 834 5556 cujus
857 5487 953 5544 lilii
982 5503 1081 5560 per
1104 5488 1333 5561 gratiam
1361 5505 1565 5557 sumus,
1595 5491 1713 5563 ipso

60 5580 348 5638 wente,
369 5589 708 5647 cognoscere
741 5579 1035 5637 valeamus.
1079 5578 1180 5636 Hic
1215 5580 1372 5651 panis
1409 5587 1464 5636 et
1502 5582 1726 5651 vinum,

101 5726 144 5755 ι
207 5713 332 5769 Fit
379 5715 568 5788 nobis,
609 5718 713 5773 hoc
739 5728 842 5785 est,
867 5727 929 5774 ut
951 5718 1142 5788 habitet
1181 5718 1236 5773 in
1276 5717 1442 5784 nobis,
1469 5718 1562 5788 qui
1593 5717 1710 5788 jam

59 5801 178 5872 eri
207 5787 565 5872 sacerdotis
601 5789 1026 5872 benedictionem
1067 5787 1363 5872 factuscst
1396 5787 1617 5872 sugguis
1653 5797 1710 5846 et

59 5871 326 5931 πρίω,
364 5865 438 5912 ut
466 5857 713 5914 subesset
737 5859 996 5931 symbolis
1012 5860 1176 5930 panis
1213 5867 1270 5916 et
1299 5860 1431 5917 viui.
1463 5857 1561 5916 llic
1586 5876 1711 5918 seu-

411 5969 697 6037 Pauca.
739 5970 960 6038 XCVI.

1812 4670 2058 4712 seorsum
2090 4658 2349 4728 przedicat
2373 4661 2572 4727 Deum,
2610 4670 2664 4717 et
2692 4677 2933 4719 seorsum
2957 4663 3251 4720 hominem.
3292 4663 3393 4722 Se-

1807 4755 1966 4819 parat
1989 4757 2150 4820 caput
2188 4766 2219 4807 a
2259 4767 2500 4822 corpore,
2531 4770 2776 4810 seorsum
2812 4756 3068 4825 praedicat
3111 4763 3292 4826 caput,
3333 4765 3395 4814 et

1812 4854 2056 4896 seorsum
2096 4855 2324 4912 corpus;
2371 4851 2425 4898 et
2464 4843 2669 4910 nescit,
2716 4844 2930 4910 infelix,
2977 4845 3104 4915 quia
3151 4845 3295 4902 Deus
3334 4852 3394 4902 et

1813 4932 1976 4990 homo
1999 4949 2139 4990 unus
2174 4942 2258 4991 est
2283 4934 2547 5002 Christus,
2579 4946 2635 4992 et
2673 4945 2836 5007 caput
2877 4936 3131 4994 Ecclesia:
3160 4953 3292 5006 suae,
3333 4939 3395 4997 in

1814 5037 1921 5094 quo
1947 5025 2108 5082 homo
2135 5033 2191 5082 et
2212 5025 2498 5083 Christus:
2529 5035 2584 5083 et
2611 5037 2771 5099 caput
2799 5029 2998 5085 Christi
3025 5029 3168 5087 Deus
3196 5038 3308 5097 est,
3336 5030 3397 5088 id

1812 5125 1917 5185 est,
1963 5127 2076 5174 tota
2119 5119 2373 5175 divinitas
2414 5127 2575 5190 caput
2616 5128 2700 5175 est
2740 5119 2994 5186 hominis,
3041 5135 3202 5191 quem
3247 5120 3396 5176 solus

1813 5211 2049 5282 suscepit
2087 5210 2274 5266 Filius.
2312 5211 2379 5265 Et
2416 5212 2578 5268 homo
2612 5211 2781 5270 Filius
2814 5219 2898 5269 est
2929 5221 3093 5283 caput
3136 5210 3396 5268 Ecclesia:

1815 5317 1945 5370 suae,
1970 5317 2089 5373 quae
2115 5303 2193 5358 illi
2221 5303 2383 5373 capiti
2408 5303 2774 5376 coniungitur,
2796 5311 2850 5360 et
2871 5304 2932 5360 fit
2956 5312 3103 5361 totus
3122 5304 3393 5370 Christus,

1815 5397 1871 5453 id
1897 5403 1995 5461 est,
2029 5403 2188 5467 caput
2211 5403 2266 5451 et
2291 5411 2486 5469 corpus
2511 5413 2619 5453 una
2649 5412 2899 5469 persona.
2926 5397 3044 5454 Non
3072 5407 3198 5455 sunt
3223 5398 3396 5453 haere-

1815 5488 1909 5545 tici
1937 5488 2090 5546 cibus
2116 5488 2350 5544 Domini.
2387 5488 2505 5545 Non
2534 5491 2678 5546 enim
2705 5491 2770 5547 de
2799 5491 2905 5547 illis
2927 5491 3063 5549 dixit
3089 5490 3348 5545 Dominus
3375 5505 3392 5542 :

1820 5581 1879 5638 Μ
1881 5599 1970 5637 eus
1991 5582 2134 5637 cibus
2153 5591 2227 5637 est
2250 5590 2304 5637 ut
2329 5582 2522 5654 faciam
2549 5583 2862 5643 voluntatem
2882 5586 2998 5659 ejus
3018 5586 3107 5658 qui
3129 5584 3269 5638 misit
3291 5597 3394 5650 me,

1813 5720 2137 5867 s§u§5¢xin¥rz
2157 5735 2281 5792 qua:
2326 5719 2719 5782 subnectuntur
2763 5719 2900 5780 satis
2941 5718 3129 5792 liquet.
3174 5713 3389 5778 Confer.

1950 5833 1966 5863 θ
2140 5831 2158 5853 ο
2303 5849 2314 5862 ε

1950 5833 1966 5863 ,
1998 5831 2094 5848 lun-
2105 5831 2158 5853 uo
2303 5849 2314 5862 .

2270 5867 2280 5882 Ι

1780 5943 1815 5962 ναν

2842 5965 2920 6046 30
