3952 6318
485 419 598 482 939
1305 404 1714 474 ELIPANDUS,
1752 401 1980 461 FELIX.
2023 398 2369 460 HETERIUS
2402 398 2489 458 ET
2531 399 2593 457 S.
2627 385 2925 459 BEATUS.
3651 388 3758 456 am

492 549 543 595 et
567 534 833 608 perficiam
851 544 981 604 opus
1004 527 1139 602 ejus.
1168 525 1315 598 Opus
1343 541 1460 595 ejus
1483 535 1566 580 est
1587 538 1656 578 ex
1684 519 1868 574 multis
1890 515 2072 608 granis
2098 527 2153 606 Α
2173 515 2448 608 oratione,
2466 521 2540 588 Tut
2583 512 2774 608 Patres
2819 508 3170 608 scripserunt,
3216 507 3427 581 septem
3464 510 3764 581 petitiona

496 600 666 687 unum
694 600 906 700 panem,
935 623 990 680 id
1018 600 1130 688 est,
1160 636 1230 677 ex
1254 609 1438 674 multis
1469 613 1753 671 animabus
1777 626 1937 666 unam
1962 607 2076 663 ani—
2143 600 2148 606 ’
2178 601 2552 681 continentur;
2585 601 2680 660 sed
2708 603 2763 657 in
2793 601 2966 657 tribus
2991 600 3182 700 primis
3209 608 3414 657 aeterna
3437 611 3764 672 poscuntur,

497 735 644 777 mam
671 691 728 774 in
758 731 865 772 una
892 691 1188 779 rcharltate,
1227 710 1284 766 in
1316 722 1421 764 una
1453 704 1556 762 ﬁde
1587 710 1642 758 et
1671 703 1727 757 in
1764 715 1871 756 una
1905 713 2000 768 spe
2027 711 2078 752 α.
2177 698 2236 754 in
2264 695 2613 767 sequentibus
2637 702 2870 766 quatuor
2895 691 3209 762 temporalia
3227 730 3248 759 ,
3271 707 3395 764 qua:
3421 699 3609 749 tamen
3635 706 3771 764 pro-

497 813 638 873 Nam
661 813 708 871 si
733 810 924 868 animae
948 809 1085 884 quas
1108 806 1165 862 in
1192 818 1298 860 una
1321 796 1427 857 ﬁde
1453 802 1780 884 congregat,
1805 787 2081 884 οἱὺυελῡθί
2177 799 2300 862 pter
2337 797 2540 884 aiterna
2561 785 2905 884 Aacquirenda
2951 783 3413 884 potentum-riam
3444 799 3594 884 cum
3632 784 3774 842 dici-

499 923 609 966 non
650 913 828 975 esset,
861 875 984 960 non’
1007 899 1211 956 diceret
1241 891 1516 963 discipulis
1551 890 1665 946 suis
1704 906 1715 942 :
1762 883 1874 958 Ego
1911 880 2082 936 cibum
2180 897 2302 975 mus
2331 879 2759 975 :‘Sanctiﬁcetur
2798 886 3194 975 nomen-tuum.
3216 875 3344 934 Fiat
3372 877 3621 975 voluntas
3661 886 3775 975 tua,

501 1001 664 1057 habeo
690 967 1025 1062 manducare,
1053 1007 1204 1065 quem
1234 1005 1320 1044 vos
1346 984 1571 1041 nescitis.
1601 981 1757 1050 Quod
1783 986 1911 1034 tunc
1939 991 2085 1033 com-
2183 971 2314 1065 sicut
2353 971 2411 1025 in
2450 969 2574 1026 caelo
2613 978 2662 1025 et
2777 978 2939 1024 terra.
2966 967 3066 1024 Hic
3092 967 3434 1038 indicantur,
3467 970 3664 1065 sed-in
3691 969 3779 1026 illa

501 1092 706 1165 pictum
735 1095 846 1155 est,
880 1059 1016 1157 quia
1040 1059 1192 1140 multi
1230 1081 1286 1136 in
1313 1095 1438 1135 eum
1467 1075 1811 1133 crediderunt
1850 1067 2088 1128 Samari—
2184 1063 2294 1121 vita
2323 1071 2630 1165 sperantur,
2661 1063 2756 1165 ubi
2780 1062 3134 1165 sanctiﬁcatio
3157 1062 3285 1165 Dei,
3323 1071 3383 1120 et
3416 1059 3703 1131 voluntas,
3725 1073 3776 1121 et

505 1153 634 1248 iani,
679 1190 732 1238 et
768 1153 981 1237 mulieri
1019 1175 1268 1234 dicebant
1310 1190 1323 1226 :
1372 1169 1508 1236 Quia
1550 1185 1653 1224 non
1693 1173 1901 1238 propter
1943 1172 2087 1216 tuam
2185 1171 2411 1248 regnum
2461 1155 2516 1210 in
2569 1154 2772 1210 sanctis
2821 1155 2936 1210 suis
2983 1153 3361 1210 immortaliter
3409 1156 3774 1225 permanebit.

504 1245 762 1348 loquelam
784 1273 1041 1328 credimus
1063 1285 1082 1323 :
1105 1268 1203 1339 ipsi
1221 1265 1356 1320 enim
1379 1262 1622 1330 vidimus,
1647 1268 1694 1314 et
1717 1257 1908 1312 scimus
1928 1267 2090 1326 quare
2187 1245 2308 1304 Jam
2331 1263 2460 1304 vero
2487 1248 2644 1317 panis
2666 1247 3030 1318 quotidianus,
3059 1249 3154 1318 qui
3177 1247 3264 1305 vel
3292 1248 3495 1304 anima:
3519 1247 3612 1305 vel
3631 1249 3778 1305 carni

503 1339 589 1422 hic
618 1376 691 1422 est
718 1381 830 1420 vere
861 1361 1107 1419 Salvator
1129 1356 1333 1412 mundi.
1368 1354 1520 1410 Sicut
1543 1352 1684 1408 enim
1710 1350 1866 1421 panis
1899 1346 2001 1401 iste
2025 1359 2091 1399 ex
2192 1341 2462 1406 tribuitur,
2505 1341 2562 1396 in
2600 1341 2705 1396 hoc
2734 1339 2928 1396 saeculo
2965 1340 3307 1412 exposcitur;
3343 1339 3438 1396 hic
3465 1340 3637 1396 etiam
3664 1349 3780 1411 post

507 1459 694 1515 multis
719 1455 901 1528 granis
928 1453 1131 1509 indicat
1153 1448 1450 1513 unitatem,
1479 1443 1558 1500 sic
1579 1451 1631 1498 et
1653 1439 1837 1495 vinum
1859 1453 1927 1493 ex
1949 1433 2092 1490 mul-
2191 1432 2490 1490 subsidium
2533 1432 2660 1497 cibi,
2703 1433 2861 1490 venia
2901 1432 2968 1488 de
3008 1432 3251 1504 exemplo
3301 1428 3570 1487 fraternae
3613 1431 3780 1486 indui-

507 1550 581 1606 tis
601 1525 792 1613 acinis,
819 1543 970 1618 queis
988 1539 1191 1597 efﬂuxit
1211 1535 1400 1594 eodem
1415 1577 1429 1602 ,
1456 1543 1510 1591 et
1532 1535 1587 1590 in
1607 1547 1772 1588 unum
1796 1536 1878 1586 est
1898 1535 2090 1591 totum,
2195 1529 2387 1600 gentiae
2411 1528 2732 1598 postulatur.
2763 1528 2863 1584 Hic
2887 1544 2958 1583 ne
2985 1529 3039 1583 in
3064 1526 3272 1599 peccati
3310 1525 3675 1583 tentationem
3702 1525 3782 1580 in-

510 1650 567 1696 et
591 1655 754 1695 unum
778 1615 940 1693 efﬁcit
963 1646 1169 1705 potum,
1201 1641 1255 1686 et
1289 1629 1348 1684 in
1378 1644 1475 1685 sua
1496 1627 1604 1686 vita
1632 1631 1686 1681 et
1707 1625 1771 1679 de
1801 1638 1908 1678 uno
1929 1618 2096 1675 calice
2196 1620 2457 1698 cidamus,
2488 1621 2846 1691 exposcimus.
2879 1619 2978 1675 llic
3001 1627 3122 1689 post
3149 1618 3355 1685 omnia,
3381 1626 3444 1671 ut
3471 1631 3504 1670 a
3534 1615 3696 1672 malis
3720 1615 3781 1670 Ii-

511 1733 762 1794 sumitur,
795 1727 888 1782 sed
921 1734 1101 1780 tamen
1129 1729 1252 1791 post
1284 1732 1595 1790 pressuram
1617 1712 1925 1771 torcularis.
1962 1709 2097 1763 Nam
2198 1708 2482 1774 beremur,
2531 1709 2627 1766 Dei
2665 1710 2926 1764 auxilium
2965 1709 3338 1779 imploramus.
3375 1708 3438 1763 In
3476 1707 3569 1762 illo
3605 1714 3786 1762 autem

513 1830 639 1876 ante
677 1819 932 1885 torcular,
967 1830 1133 1871 unum
1170 1807 1281 1868 dici
1308 1828 1415 1868 non
1449 1817 1644 1881 potest,
1678 1821 1778 1863 nec
1805 1804 1938 1871 bibi,
1971 1801 2097 1873 quia
2203 1800 2400 1856 sarculo
2425 1801 2555 1856 nihil
2586 1801 2810 1857 istorum
2831 1809 2930 1856 est.
2959 1799 3110 1856 llanc
3133 1799 3319 1870 itaque
3345 1798 3638 1855 cntionem
3665 1796 3788 1852 Sal-

516 1911 691 1966 adhuc
725 1910 951 1966 divisum
985 1907 1197 1961 videtur
1235 1904 1292 1959 in
1331 1901 1502 1956 acinis
1538 1918 1550 1954 :
1591 1899 1730 1955 sicut
1770 1911 1872 1952 nec
1909 1907 2100 1964 grana,
2132 1885 2181 1948 Β
2205 1901 2360 1948 vator
2386 1892 2586 1958 docuit,
2633 1892 2687 1946 in
2727 1907 2833 1962 qua
2876 1900 2930 1946 et
2971 1902 3094 1962 spes
3133 1891 3442 1946 continetur
3469 1889 3709 1946 ﬁdelium
3735 1899 3790 1946 et

515 2004 625 2063 nisi
640 2001 1069 2067 ,excutiantuma
1110 1996 1298 2069 paleis.
1329 1989 1480 2052 Nam
1516 1997 1891 2067 persecutores
1931 1978 2105 2043 nostri

518 2098 620 2170 ipsi
643 2096 919 2151 excutiunt
947 2091 1186 2162 paleam,
1213 2105 1336 2144 cum
1371 2089 1438 2143 ab
1473 2086 1604 2157 ipsis
1628 2083 1965 2140 trituramur.
2000 2078 2107 2152 Ipsi

519 2185 707 2243 faecem
740 2201 873 2251 uvae,
899 2199 1022 2240 eum
1055 2183 1122 2237 ab
1158 2181 1289 2252 ipsis
1310 2187 1643 2250 torquemur.
1682 2175 1835 2232 Genu
1856 2172 1994 2228 flexo
2015 2171 2107 2226 de-

519 2277 710 2338 bemus
739 2295 840 2352 pro
873 2279 952 2334 eis
991 2291 1148 2332 orare
1191 2291 1221 2328 a
1265 2273 1463 2344 quibus
1500 2267 1766 2326 efﬁcimur
1804 2268 1956 2324 cibus
1988 2261 2104 2320 Dei.

523 2372 675 2428 Sicut
702 2372 885 2426 vinum
918 2377 1039 2441 post
1065 2367 1301 2424 torcular
1331 2363 1566 2419 mittitur
1591 2363 1648 2416 in
1675 2360 1918 2426 calicem,
1950 2357 2028 2415 sic
2055 2361 2110 2412 et

520 2482 618 2523 vos
645 2474 767 2537 post
793 2465 883 2519 illa
910 2462 1136 2534 jcjunia,
1168 2467 1291 2530 post
1319 2457 1592 2524 laborem,
1629 2464 1685 2511 et
1712 2452 2108 2516 humilitatem,

523 2570 579 2620 et
604 2559 986 2616 contritionem
1017 2555 1133 2625 jam
1176 2554 1232 2609 in
1274 2551 1492 2607 nomine
1523 2548 1727 2606 Christi
1764 2557 2017 2618 tanquam
2055 2542 2111 2596 in

526 2654 749 2709 calicem
789 2650 1000 2707 Domini
1038 2646 1282 2702 venistis.
1331 2643 1397 2698 Et
1443 2645 1596 2714 panis
1640 2640 1716 2696 ibi
1751 2655 1848 2695 vos
1886 2636 2018 2693 estis
2056 2634 2113 2689 iu

530 2759 795 2806 mensam,
832 2749 887 2796 et
922 2723 1102 2794 vinum
1140 2737 1215 2790 ibi
1248 2749 1344 2790 vos
1373 2734 1505 2789 estis
1541 2733 1597 2787 in
1631 2731 1876 2788 calicem.
1917 2726 2110 2784 Nobis-

530 2851 653 2890 cum
693 2835 796 2888 hoc
829 2830 960 2886 estis
988 2829 1131 2899 quod
1162 2841 1366 2883 sumus.
1407 2823 1578 2880 Simul
1607 2823 1752 2878 enim
1788 2822 1892 2878 hoc
1928 2833 2114 2876 sumus

533 2927 675 2999 quod
712 2924 862 2980 estis.
907 2923 974 2977 Et
1011 2937 1150 2977 unus
1188 2918 1331 2976 calix
1368 2923 1469 2983 est,
1511 2915 1567 2970 in
1603 2929 1713 2985 quo
1747 2925 1948 2974 sumus,
1989 2908 2114 2980 quia

535 3036 639 3076 una
678 3016 857 3088 passio
883 3024 965 3070 est
989 3013 1192 3071 Christi
1229 3021 1286 3069 et
1319 3028 1426 3067 una
1463 3023 1630 3075 mors,
1667 3022 1774 3078 qua
1808 3017 1996 3062 omnes
2024 3017 2114 3057 re-

535 3113 736 3183 dempti
780 3125 985 3166 sumus.
1033 3107 1206 3166 Simul
1242 3108 1496 3173 bibimus,
1539 3119 1664 3162 cum
1705 3101 1866 3158 simul
1899 3115 2008 3157 non
2039 3097 2118 3154 vi-

533 3220 728 3262 νιιιιιιε.

2205 1981 2472 2040 confessio
2511 1992 2876 2054 peccatorum.
2919 1983 2996 2038 De
3037 1999 3142 2054 qua
3181 1984 3451 2054 propheta
3489 1982 3790 2053 prndium

2205 2075 2282 2130 ait
2310 2093 2322 2129 :
2358 2075 2426 2130 Et
2446 2076 2562 2140 erit,
2586 2076 2752 2131 omnis
2773 2076 2861 2147 qui
2882 2074 3189 2130 invocaverit
3218 2091 3408 2146 nomen
3428 2073 3672 2140 Domini,
3691 2073 3787 2129 sul-

2206 2182 2298 2222 vus
2329 2165 2448 2220 erit.
2486 2163 2580 2220 Hae
2613 2172 2738 2220 sunt
2771 2173 2951 2220 autem
2987 2173 3194 2236 septem
3229 2161 3491 2220 sacriﬁcii
3524 2163 3788 2219 orationes

2207 2259 2595 2316 commendatae
2635 2258 2938 2330 evangelica
2979 2259 3240 2315 doctrina.
3282 2255 3454 2328 Cuius
3497 2256 3787 2314 numeratio

2209 2351 2454 2408 instituta
2500 2353 2743 2420 videtur,
2788 2351 2874 2407 vel
2921 2359 3141 2424 propter
3186 2350 3558 2422 septenariam
3603 2357 3788 2405 sanctae

2211 2443 2466 2502 Ecclesiae
2516 2444 2920 2500 universitatem
2946 2483 2960 2507 ,
3019 2441 3105 2497 vel
3154 2452 3373 2514 propter
3422 2439 3784 2513 septifomem

2211 2535 2400 2610 gratiae
2426 2535 2706 2606 Spiritum,
2734 2533 2887 2604 cujus
2914 2534 3054 2590 dono
3079 2549 3144 2590 ea
3169 2549 3289 2606 qua:
3327 2533 3643 2591 inferuntur
3673 2523 3786 2590 san-

2213 2629 2535 2685 ctiﬁcantur.

2284 2718 2519 2776 LXXIV.
2563 2717 2877 2790 Symbolum
2916 2725 3116 2783 autem,
3161 2717 3302 2788 quod
3345 2727 3592 2787 tempore
3625 2715 3791 2772 sacri-

2215 2811 2323 2870 ﬁcii
2357 2813 2424 2868 ab
2450 2811 2598 2870 omni
2631 2810 2825 2882 populo
2858 2811 3200 2881 praedicatur,
3228 2825 3455 2866 cccxvnt
3482 2817 3797 2864 senm

2215 2905 2439 2963 Patrum
2465 2905 2747 2962 collatione
2780 2905 2920 2976 apud
2957 2903 3216 2976 synodum
3255 2903 3516 2963 Nicaeum
3553 2909 3648 2958 est
3684 2901 3798 2957 edi-

2220 3006 2364 3066 tum;
2411 2995 2562 3067 cujus
2604 3011 2746 3052 verae
2785 2995 2915 3052 fidei
2955 2995 3142 3068 regula
3178 2995 3345 3051 tantis
3380 2993 3637 3051 domina
3669 2991 3804 3047 ﬁdei

2217 3091 2493 3164 mysteriis
2518 3089 2800 3161 praecellit,
2829 3097 2885 3144 et
2909 3088 2978 3144 de
3002 3088 3148 3144 omni
3181 3095 3338 3159 parte
3373 3085 3482 3142 ﬁdei
3512 3083 3805 3155 loquitur,

2219 3196 2282 3244 ut
2307 3187 2453 3244 nulla
2480 3201 2617 3257 pene
2649 3187 2721 3241 sit
2745 3184 2971 3241 haeresis
2996 3183 3149 3255 cujus
3173 3197 3270 3254 per
3297 3179 3493 3255 singula
3506 3178 3688 3235 verba
3710 3177 3807 3235 vel

606 3298 835 3356 LXXIII.
886 3297 914 3338 Β
961 3297 1106 3354 Ordo
1157 3303 1338 3352 autem
1385 3292 1599 3360 missae,
1642 3289 1730 3346 vel
1772 3287 2113 3353 orationum,
2141 3251 2190 3317 ο
2218 3278 2644 3356 εεηιθιιιίεεροη
2667 3276 3026 3348 responderit.
3055 3251 3253 3331 Omnes
3275 3251 3416 3330 enim
3437 3285 3684 3337 errores,
3707 3271 3805 3325 imo

535 3394 730 3467 quibus
766 3391 945 3450 oblata
982 3391 1092 3446 Deo
1126 3388 1391 3446 sacriﬁcia
1427 3394 1834 3451 consecrantur,
1875 3382 2052 3454 primo
2085 3395 2119 3436 a
2218 3373 2581 3467 pietatemque
2617 3366 3363 3467 ﬁdei,_atque_blasphemias
3400 3363 3598 3467 calcat.
3642 3362 3717 3418 Et

537 3456 726 3544 sancto
754 3484 912 3538 Petro
936 3489 1020 3538 est
1049 3481 1350 3546 institutus,
1381 3476 1534 3548 cujus
1567 3476 1983 3533 celebrationem
2011 3487 2120 3527 uno
2221 3467 2324 3522 hoc
2362 3465 2417 3519 in
2466 3463 2732 3519 universis
2769 3461 3044 3535 Eeclesiis
3066 3461 3183 3532 pari
3231 3458 3566 3517 confessione
3613 3456 3805 3529 puppis

538 3578 836 3647 eodemque
860 3576 1020 3631 modo
1049 3575 1334 3630 universus
1357 3570 1567 3643 peragit
1593 3569 1760 3627 orbis.
1792 3568 1922 3636 Quae
1947 3567 2123 3638 prima
2221 3555 2604 3630 proclamauit-
2636 3554 3073 3647 Benedictioncm
3098 3562 3279 3609 autem
3305 3551 3420 3647 dari
3441 3566 3474 3647 a

539 3669 717 3726 oratio
751 3643 1005 3734 eiusdem
1050 3666 1230 3722 missae
1274 3664 1658 3721 admonitionis
1699 3677 1825 3733 ergo
1870 3660 2123 3732 populum

2226 3651 2326 3707 bus
2353 3649 2568 3719 populo,
2599 3647 2822 3719 antiqua
2848 3662 2945 3718 per
2971 3645 3190 3719 Moysen
3215 3643 3513 3702 benedictio
3532 3643 3739 3713 pandit
3760 3651 3807 3700 et

543 3766 661 3824 est,
700 3765 761 3810 ut
793 3772 984 3811 omnes
1012 3755 1315 3811 excitentur
1347 3755 1416 3810 ad
1448 3754 1779 3810 exorandum
1807 3753 1998 3808 Deum.
2032 3750 2128 3804 Se—
2225 3744 2560 3814 eomprobat.
2589 3741 2724 3810 Quia
2748 3741 3067 3797 benedicere
3102 3737 3296 3812 populo
3333 3739 3430 3796 sub
3467 3749 3810 3794 sacramento

545 3847 720 3904 cunda
747 3845 1102 3902 invocationis
1130 3847 1198 3901 ad
1225 3846 1393 3901 Deum
1421 3852 1520 3910 est,
1554 3852 1615 3899 ut
1639 3843 1932 3899 clementer
1960 3840 2131 3896 susci-
2227 3835 2383 3891 trinae
2408 3833 2760 3890 invocationis
2787 3831 3027 3901 iubetur.
3064 3831 3156 3887 Ait
3179 3831 3324 3887 enim
3352 3829 3418 3886 ad
3451 3827 3686 3899 Moysen
3709 3829 3808 3884 Do-

545 3937 661 4010 piat
706 3950 897 4006 preces
939 3935 1176 3992 ﬁdelium
1216 3935 1650 4003 oblationemque
1692 3947 1899 3987 eorum.
1947 3929 2130 3986 Tertia
2229 3927 2450 3983 minus:
2483 3925 2575 3982 Sic
2612 3925 2876 3982 benedices
2907 3925 3158 3997 populum
3187 3939 3379 3990 meum,
3411 3933 3581 3994 stega
3609 3922 3811 3978 taedi-

551 4037 733 4085 autem
763 4026 1056 4084 eiiunditur
1075 4042 1176 4098 pro
1202 4026 1566 4091 offerentibus,
1597 4026 1710 4081 sive
1733 4040 1834 4096 pro
1865 4022 2132 4080 defunctis
2231 4038 2346 4077 cum
2365 4019 2504 4076 illos.
2536 4020 2817 4076 Benedicat
2843 4029 2892 4074 te
2915 4019 3191 4084 Dominus,
3225 4027 3274 4074 et
3300 4017 3558 4073 modist
3593 4026 3671 4083 te,
3699 4015 3812 4070 itis-

553 4119 824 4184 fidelibus,
871 4124 930 4172 ut
968 4132 1065 4188 per
1109 4117 1285 4188 ipsum
1327 4116 1650 4173 sacriﬁcium
1691 4115 1906 4171 veniam
1944 4129 2135 4171 conse-

550 4216 808 4282 quantur.
848 4206 1050 4276 Quarta
1075 4215 1206 4278 post
1239 4207 1356 4263 haec
1390 4205 1616 4262 infertur
1649 4220 1748 4278 pro
1775 4205 1959 4261 osculo
1985 4202 2133 4274 pacis

551 4313 608 4361 et
636 4302 938 4368 charitatis,
979 4310 1039 4357 ut
1072 4301 1404 4357 reconciliati
1447 4315 1635 4356 omnes
1675 4299 1906 4355 invicem
1944 4312 2135 4354 conso-

554 4395 766 4450 cientur
795 4393 953 4464 digne
985 4407 1083 4463 per
1119 4401 1518 4448 sacramentum
1547 4390 1788 4461 corporis
1823 4397 1879 4446 et
1915 4389 2134 4461 sangui-

553 4487 640 4543 nis
669 4483 905 4551 Christi,
943 4483 1070 4554 quia
1098 4499 1204 4539 non
1234 4484 1426 4552 recipit
1453 4483 1842 4538 dissensionem
1868 4495 1970 4536 nec
1996 4479 2134 4535 divi-

2231 4113 2393 4169 miw
2423 4111 2680 4166 Dominus
2721 4111 2911 4181 faciem
2948 4127 3101 4166 suam
3131 4127 3289 4181 super
3319 4117 3478 4177 teret
3506 4109 3814 4164 miserentur

2233 4203 2330 4268 tui,
2353 4210 2398 4256 et
2423 4201 2572 4256 tollat
2595 4201 2851 4258 Dominus
2872 4201 3061 4271 [aciem
3081 4217 3233 4257 suam
3254 4217 3412 4272 super
3429 4209 3503 4268 te,
3531 4211 3584 4256 α
3611 4201 3702 4256 da
3726 4199 3817 4255 tibi

2303 4311 2412 4348 cem
2419 4333 2434 4348 ι

2234 4311 2517 4440 "ficum.
2549 4382 2886 4440 Sacriﬁcium
2903 4393 3084 4440 autem
3115 4385 3260 4456 quod
3293 4400 3325 4441 a
3351 4385 3684 4442 Christianis
3705 4384 3818 4440 Des

2235 4473 2480 4540 offertur,
2507 4481 2567 4529 ut
2593 4489 2754 4546 supra
2775 4475 3028 4543 diximus,
3054 4476 3266 4545 primus
3283 4474 3536 4532 Christus
3563 4475 3820 4530 Domi-Ii

555 4579 761 4635 sionem
809 4575 1034 4646 alicujus
1070 4575 1270 4632 Christi
1307 4575 1632 4630 indivisibile
1680 4589 1893 4644 corpus.
1941 4572 2138 4640 Quinta
2163 4575 2427 4682 Dnoster
2454 4567 2708 4632 instituit,
2737 4567 2950 4638 quando
2976 4567 3375 4623 commendavit
3405 4567 3670 4638 apostolis
3707 4581 3821 4623 cor-

574 4669 590 4682 -
629 4669 642 4681 ο
704 4668 716 4682 -
803 4668 814 4679 ι
863 4665 884 4682 ρ
947 4676 956 4682 -
1281 4668 1292 4677 -
1775 4680 1787 4682 _
2243 4674 2341 4682 κ---
2367 4667 2413 4682 Α.
2455 4659 2767 4682 ,,,,,,,ε,,,,,
2802 4674 2953 4682 -__--_.
2984 4659 3295 4682 unum-..
3327 4659 3641 4682 ._,._-.__
3691 4659 3820 4682 Α...

558 4668 753 4724 deinde
787 4665 1031 4722 infertur
1076 4666 1244 4722 illatio
1279 4668 1334 4720 in
1374 4664 1796 4720 sanctiﬁcatione
1834 4662 2139 4730 oblationis,
2163 4659 2221 4682 "
2243 4674 2344 4730 pus
2363 4667 2417 4714 et
2453 4659 2773 4728 sanguinem
2801 4674 2957 4716 suum
2983 4659 3299 4730 priusquam
3327 4659 3663 4724 traderetur,
3690 4659 3822 4714 sicut

558 4760 615 4816 in
650 4777 752 4831 qua
792 4760 956 4815 etiam
994 4759 1062 4813 ad
1107 4759 1200 4814 Dei
1241 4758 1452 4814 laudem
1494 4757 1832 4812 terrestrium
1869 4764 2144 4811 creatura-

557 4867 681 4908 rum
720 4853 1088 4921 virtutumque
1131 4849 1430 4906 ctelestium
1470 4847 1780 4919 angelorum
1821 4847 2144 4903 universitas

557 4951 902 5014 provocatur,
942 4949 997 4997 et
1034 4929 1286 4996 Hosanna
1325 4941 1379 4994 in
1426 4938 1654 4995 excelsis
1692 4946 1958 5004 cantatur,
2001 4937 2144 5008 quod

563 5029 844 5090 Salvatore
886 5027 1020 5089 Filio
1057 5032 1152 5088 Dei
1191 5032 1417 5087 Domino
1461 5037 1647 5086 nostro
1679 5028 1807 5085 Jesu
1837 5029 2052 5084 Christo
2080 5028 2146 5085 de

564 5138 763 5194 genere
796 5123 964 5180 David
999 5133 1287 5192 nascente,
1329 5123 1474 5179 salus
1511 5123 1696 5178 mundi
1733 5137 1904 5192 usque
1941 5123 2009 5177 ad
2047 5135 2145 5178 ex—

2244 4751 2441 4824 legitur
2461 4752 2518 4808 in
2544 4752 2853 4825 Evangelio.
2882 4755 3089 4825 Accepit
3114 4754 3290 4822 Iesus,
3320 4754 3520 4825 inquit.
3547 4773 3742 4826 pcne-
3777 4761 3822 4808 et

2244 4846 2480 4914 calicem,
2511 4857 2559 4902 et
2597 4847 2902 4904 benedicens
2923 4848 3063 4904 dedit
3084 4851 3180 4904 eis.
3222 4851 3379 4918 Quini
3404 4851 3635 4922 quidem
3651 4866 3824 4907 sua:-

2246 4946 2484 4993 nlentum
2513 4937 2904 4996 Melchisedech
2924 4955 3018 4996 rex
3033 4939 3216 4998 Salem
3241 4942 3550 5014 ﬁguraliter
3565 4945 3622 5000 in
3647 4954 3827 5016 typum

2246 5031 2489 5100 corporis
2510 5040 2565 5087 et
2596 5033 2872 5104 sanguinis
2895 5031 3096 5090 Christi
3124 5034 3333 5104 primus
3353 5036 3828 5107 obtulit,prinu-

2246 5138 2350 5193 que
2378 5124 2695 5194 mysterium
2723 5128 2858 5179 tanti
2905 5125 3156 5181 sacriﬁcii
3195 5126 3522 5198 imaginarie
3576 5129 3698 5199 ipse
3741 5141 3835 5183 u-

567 5211 711 5269 celsa
735 5215 1061 5283 pervenerit.
1093 5209 1261 5274 Porro
1296 5223 1448 5273 sexta
1485 5214 1709 5287 proinde
1747 5213 1988 5270 succedit
2015 5225 2146 5268 cou-
2246 5215 2466 5285 pressit,
2513 5213 2807 5286 praeferens
2845 5215 3254 5274 similitudinem
3289 5219 3510 5276 Domini
3555 5221 3613 5276 et
3647 5219 3836 5276 Solva-

569 5300 801 5358 ﬁrmatio
848 5307 1191 5373 sacramenti,
1236 5316 1297 5362 ut
1339 5307 1556 5371 oblatio,
1609 5321 1729 5376 quae
1771 5305 1881 5362 Deo
1926 5304 2151 5361 offertur
2250 5307 2390 5362 toris
2414 5307 2587 5362 nostri
2615 5305 2742 5362 Jesu
2771 5305 2995 5376 Christi,
3023 5311 3328 5368 sacerdotis
3345 5313 3654 5378 aeterni,“
3675 5325 3837 5384 qua

571 5393 905 5451 sanctiﬁcata
943 5411 1040 5468 per
1079 5398 1339 5470 Spiritum
1380 5408 1647 5466 sanctum,
1690 5399 1892 5456 Christi
1938 5397 2150 5468 corpori
2252 5398 2482 5453 dicitur:
2513 5397 2590 5452 Tu
2613 5415 2668 5452 es
2695 5397 2938 5454 sacerdos
2976 5399 3032 5455 in
3053 5409 3322 5466 internum,
3350 5402 3648 5457 secundum
3699 5400 3843 5457 αὖ·

569 5495 627 5544 et
654 5488 900 5560 sanguini
937 5488 1301 5546 conﬁrmetur.
1346 5491 1545 5549 Ultima
1586 5507 1714 5549 vero
1750 5492 1924 5548 oratio
1965 5491 2150 5546 Domi-
2251 5505 2367 5544 nem
2397 5489 2770 5547 Melchisedech
2794 5491 2966 5563 (Psat.
2988 5508 3097 5561 cur,
3121 5495 3481 5568 4).liocergo
3501 5498 3845 5554 sacriﬁcia

571 5577 694 5671 nica
722 5586 822 5671 est,
853 5591 1017 5648 quam
1040 5579 1301 5636 Dominus
1327 5589 1511 5638 noster
1534 5579 1692 5638 Jesus
1717 5580 1964 5637 Christus
1991 5579 2152 5636 disci-
2251 5582 2574 5639 Christianis
2608 5585 2880 5642 celebrare
2903 5596 3233 5659 praeceptum
3270 5596 3376 5657 est,
3414 5589 3629 5647 relictis
3675 5607 3754 5647 ac
3791 5591 3849 5644 i-

571 5670 727 5742 pulos
755 5670 881 5728 Suos
907 5685 1064 5727 orare
1093 5673 1292 5739 docuit,
1324 5675 1508 5731 dicens
1534 5693 1547 5728 :
1578 5673 1709 5730 Cum
1740 5676 1923 5740 oratis,
1954 5674 2109 5727 dicite
2132 5690 2150 5726 :
2251 5673 2381 5728 nitis
2430 5673 2669 5730 Judaicis
2729 5677 2984 5744 victimis,
3042 5694 3162 5749 quae
3211 5679 3264 5735 in
3313 5681 3582 5738 servitute
3635 5682 3853 5739 veteris

574 5753 739 5820 Pater
779 5773 973 5831 noctu,
1000 5765 1096 5837 qui
1127 5781 1186 5820 es
1219 5767 1452 5821 incentis
1476 5765 1692 5839 (lauit.
1724 5782 1799 5833 vi,
1832 5766 1909 5838 9).
1951 5765 2012 5821 In
2048 5777 2155 5838 qua
2250 5765 2432 5837 populi
2491 5767 2767 5824 celebrare
2804 5770 3066 5841 imperata
3106 5781 3250 5828 sunt.
3291 5769 3408 5828 Hoc
3438 5773 3628 5844 itaque
3676 5771 3754 5830 ﬁt
3799 5774 3857 5831 in

645 5887 675 5917 α
713 5876 937 5935 Videtur
959 5877 1148 5937 deesse
1168 5877 1364 5949 facere,
1391 5887 1486 5935 aut
1511 5877 1688 5934 simile
1709 5878 1859 5948 quid.
2392 5879 2592 5940 Confer
2613 5891 2862 5940 sanetum
2886 5883 3168 5954 lsidorum,
3195 5885 3289 5943 lib.
3317 5885 3386 5943 de
3407 5885 3566 5944 one.
3591 5885 3816 5948 ωε
