3952 6318
122 458 222 523 9-H

810 448 1087 519 numen
1118 438 1211 516 nr
1246 456 1305 515 s.
1344 450 1548 513 rem
1582 449 1678 509 an
1714 448 2111 512 curamus
2148 446 2368 512 EPIS‘I'.
2406 434 2479 492 -’-
2513 447 2718 510 1.18.1.

3275 457 3384 514 942

125 579 295 638 nobis
313 576 463 648 quod
493 568 755 633 Deninus'
777 574 935 631 nobis
962 574 1078 645 ipse
1119 572 1246 629 fecit
1272 591 1284 627 :
1315 571 1460 644 quod
1485 583 1705 627 manere
1729 571 1785 633 Α
1808 580 1911 623 nec
1928 566 2245 624 conﬁdendo
2266 565 2332 623 de
2347 564 2572 637 justiti:
2588 560 3009 639 presumption
3022 571 3385 642 superbich

128 670 340 744 [Ῑονω.
395 665 573 740 more}
618 667 688 722 ab
730 678 887 723 omna
924 666 992 721 in
1028 672 1313 737 vesperum
1358 664 1573 722 obtulit.
1615 662 1707 719 Sic

122 765 276 821 enim
296 761 573 819 Christum
593 758 878 832 oportebat
896 758 1000 814 hoc
1016 758 1240 829 implere
1254 757 1401 815 circa
1419 770 1705 828 vesperum

126 854 259 918 diei,
318 862 391 915 ut,
430 854 566 910 hora
610 852 727 923 ipsa
770 850 1022 908 sacriﬁcii
1072 850 1381 908 ostenderet
1417 860 1704 919 vesperum

125 944 338 1001 mundi.
367 932 609 1001 Proinde
626 949 807 998 autem
836 956 945 999 non
972 942 1506 998 communicaverunt
1532 938 1705 1009 jejuni

124 1033 529 1106 apostoli,quia
574 1040 945 1089 necesecrat
981 1041 1043 1090 ut
1061 1032 1264 1102 pascha
1308 1032 1437 1088 illud
1466 1032 1704 1103 typicum

123 1134 256 1182 ante
278 1124 597 1198 impleretur
619 1131 675 1181 et
709 1124 994 1185 sic'denuo
1018 1124 1088 1181 ad
1120 1139 1310 1180 verum
1351 1123 1573 1179 Pascha:
1619 1138 1707 1179 sa-

126 1222 466 1273 cramentum
501 1214 774 1270 transiret.
801 1213 914 1270 Hoc
940 1215 1084 1270 enim
1106 1215 1159 1269 in
1183 1213 1441 1285 mysterio
1481 1213 1702 1280 factum,

126 1304 275 1377 quod
300 1305 535 1375 primum
555 1304 802 1375 discipuli
831 1318 1048 1375 corpus,
1074 1312 1129 1362 et
1155 1306 1471 1377 sanguinem
1491 1305 1705 1362 Domini

124 1412 237 1452 non
267 1405 592 1467 acceperunt
607 1394 798 1465 jejuni.
842 1396 928 1453 Ab
954 1397 1205 1453 universa
1241 1405 1419 1454 autem
1463 1397 1703 1454 Ecclesia

124 1504 275 1545 nunc
299 1504 332 1543 a
354 1486 559 1558 jejunis
586 1501 801 1559 semper
845 1489 1125 1560 accipitur.
1175 1488 1266 1546 Sic
1308 1489 1455 1545 enim
1501 1489 1704 1560 placuit

124 1576 357 1650 Spiritui
381 1589 570 1637 saneto
588 1594 687 1650 per
713 1580 1003 1650 apostolos,
1033 1581 1173 1637 utin
1200 1581 1406 1638 honore
1437 1581 1574 1637 tanti
1615 1596 1704 1637 sa-

124 1671 392 1727 cramenti
427 1672 483 1728 in
510 1686 573 1728 os
609 1671 905 1729 Christiani
950 1672 1103 1742 prius
1128 1673 1466 1728 Dominicnm
1507 1686 1705 1743 corpus

123 1760 357 1818 intraret
401 1777 566 1834 quam
609 1762 791 1819 caeteri
842 1763 973 1820 cibi.
1002 1763 1072 1819 Et
1110 1764 1231 1821 ideo
1267 1779 1365 1835 per
1390 1764 1703 1823 universum

123 1855 315 1913 orbem
338 1871 459 1913 mos
483 1856 587 1912 iste
604 1865 872 1913 servatur.
922 1856 1088 1913 Panis
1113 1859 1272 1926 enim,
1301 1875 1452 1931 quem
1494 1858 1702 1931 frangi-

122 1963 263 2017 ω,
288 1964 476 2020 corpus
501 1947 696 2005 Christi
718 1958 793 2005 est
814 1965 835 2005 :
856 1950 982 2019 quia
1024 1951 1198 2007 dixit:
1245 1951 1362 2023 Ego
1388 1969 1505 2007 sum
1553 1955 1704 2025 panis

123 2041 293 2108 vim,
318 2041 407 2112 qui
447 2042 515 2096 de
552 2040 679 2097 calo
718 2042 982 2098 descendi.
1030 2043 1227 2100 Vinum
1268 2053 1446 2100 autem
1486 2046 1706 2118 sanguis

122 2132 246 2204 (ius
264 2142 366 2190 est.
395 2134 467 2191 Et
484 2135 591 2191 hoc
609 2143 696 2193 est
720 2137 865 2208 quod
886 2138 1146 2209 scriptum
1166 2147 1251 2194 est
1279 2157 1292 2193 :
1334 2139 1449 2212 Ego
1477 2156 1592 2195 sum
1632 2141 1706 2196 vi-

121 2226 215 2281 tia.
267 2224 376 2282 Sed
417 2227 592 2297 panis,
635 2228 763 2298 quia
790 2242 990 2299 corpus
1022 2230 1326 2297 conﬁrmat,
1355 2230 1475 2289 ideo
1512 2244 1706 2304 corpus

119 2315 336 2373 Christi
366 2327 717 2390 nuncupatur.
750 2320 947 2376 Vinum
976 2330 1174 2387 autem,
1219 2324 1345 2393 quia
1387 2325 1705 2395 sanguinem

118 2415 389 2479 operatur
414 2409 470 2466 in
500 2425 679 2478 carne,
708 2411 831 2469 ideo
856 2413 923 2469 ad
942 2414 1258 2486 sanguinem
1297 2414 1499 2471 Christi
1540 2414 1707 2471 refer-

122 2508 242 2557 tur.
269 2500 401 2560 Ibo
425 2513 604 2562 autem
628 2506 755 2563 dum
778 2515 906 2563 sunt
942 2508 1178 2565 visibilis
1204 2511 1567 2577 sanctiﬁcata,
1624 2520 1708 2566 ta-

121 2607 255 2653 lien
280 2611 380 2668 per
422 2597 682 2671 Spiritum
733 2602 980 2659 sanctum
1007 2604 1062 2660 in
1109 2613 1508 2662 sacramentum
1538 2606 1707 2663 divini

120 2691 374 2761 corporis
397 2700 698 2749 transeunt.

194 2781 431 2841 LXXVI.
471 2783 704 2842 Proinde
726 2788 928 2855 autem,
963 2795 1024 2842 ut
1065 2787 1438 2845 sanctissimus
1483 2788 1708 2862 Cypria-

120 2886 233 2932 nus
283 2875 378 2944 ait,
414 2876 556 2934 calix
599 2877 911 2936 Dominicus
968 2880 1089 2936 ideo
1142 2881 1266 2937 vino
1323 2883 1517 2937 mistus
1569 2894 1708 2953 aqua

120 2967 371 3037 eacrtur,
407 2972 533 3041 quia
562 2972 807 3028 videmus
833 2973 888 3027 in
922 2988 1059 3043 aqua
1086 2974 1341 3045 populum
1372 2974 1619 3045 intelligi.
1649 2974 1709 3029 In

122 3061 255 3119 vino
280 3076 406 3119 vero
424 3063 660 3120 ostendit
682 3065 997 3136 sanguinem
1034 3064 1253 3122 Christi.
1284 3066 1508 3136 Quando
1529 3076 1708 3124 autem

123 3156 180 3214 in
202 3157 376 3213 calice
421 3172 561 3229 aqua
585 3158 864 3227 miscetur,
892 3160 1110 3218 Christo
1152 3162 1382 3235 pepulus
1408 3165 1706 3230 adunatur;

120 3256 179 3305 et
203 3249 538 3306 credentium
571 3248 723 3324 plebs
750 3251 802 3308 ei
837 3251 893 3308 iii
939 3262 1099 3324 quem
1145 3254 1390 3319 credidit,
1431 3251 1711 3325 copulatur

121 3338 468 3413 etjungitur.
498 3340 631 3410 Quae
681 3342 952 3414 copulatio
994 3351 1049 3400 et
1104 3341 1409 3413 conjunctio
1449 3360 1603 3415 aqua:
1651 3355 1708 3401 et

120 3432 239 3488 vini
275 3432 357 3490 sic
393 3434 652 3490 miscetur
670 3434 726 3490 in
749 3434 916 3491 calice
937 3434 1171 3503 Domini,
1201 3443 1262 3491 ut
1281 3435 1585 3493 commistio
1614 3436 1706 3492 illa

120 3524 195 3581 ab
231 3523 468 3582 invicem
496 3541 605 3582 non
643 3527 816 3597 possit
861 3528 1119 3599 separari,
1143 3526 1282 3585 sicut
1320 3542 1421 3584 nec
1466 3526 1708 3585 Ecclesia

121 3625 307 3690 potest
347 3633 379 3673 a
407 3616 626 3675 Christo
644 3620 831 3676 dividi.
882 3619 974 3677 Sic
1021 3620 1202 3677 autem
1248 3622 1305 3676 in
1352 3619 1708 3678 sacriﬁcando

120 3709 356 3766 calicem
391 3708 625 3776 Domini,
657 3709 838 3766 oﬁ'erri
885 3722 1024 3782 aqua
1050 3711 1166 3769 sola
1193 3722 1299 3768 non
1325 3719 1523 3783 potest,
1574 3725 1711 3782 quo-

121 3805 295 3862 Iodo
313 3818 417 3860 nec
446 3805 630 3860 vinum
654 3804 845 3862 solum.
881 3805 1016 3861 Nam
1042 3806 1086 3861 si
1113 3806 1295 3861 viuum
1336 3815 1548 3862 tantum
1585 3805 1708 3878 quis

120 3894 346 3960 oleret,
385 3895 603 3966 sanatus
632 3894 835 3953 Christi
882 3895 1070 3966 incipit
1104 3910 1222 3952 esse
1271 3896 1385 3951 sine
1425 3895 1612 3963 nobis;
1660 3893 1709 3952 si

119 3996 261 4040 vero
286 4000 429 4055 aqua
455 3986 527 4042 sit
570 3985 705 4053 sola,
737 3986 889 4059 plebs
924 3987 1111 4057 incipit
1157 4001 1276 4043 esse
1305 3986 1423 4041 sine
1468 3984 1706 4041 Christo.

116 4076 366 4144 Quando
385 4088 560 4134 autem
580 4088 872 4151 utrumque
898 4079 977 4135 sic
1005 4079 1280 4144 miscetur,
1309 4085 1363 4134 et
1384 4077 1711 4134 adunatione

113 4169 366 4226 confusa
404 4170 505 4227 sibi
533 4171 759 4227 invicem
801 4169 1101 4242 copulatur,
1151 4176 1278 4225 tunc
1314 4177 1713 4225 sacramentum

114 4260 422 4334 spirituale
461 4270 513 4317 et
546 4262 767 4319 cteleste
791 4260 1088 4333 perﬁcitur.
1123 4259 1215 4316 Sic
1239 4274 1368 4315 vero
1397 4274 1503 4315 non
1534 4269 1713 4330 potest

116 4354 274 4410 calix
302 4352 515 4409 Domini
539 4353 709 4412 nostri
744 4350 872 4409 Iesu
917 4351 1119 4409 Christi
1147 4366 1265 4408 esse
1294 4367 1433 4423 aqua
1462 4351 1577 4407 sola
1621 4357 1715 4405 aut

112 4447 320 4502 vinum
352 4446 542 4513 solum,
593 4446 699 4503 nisi
727 4453 1015 4517 utrumque
1054 4445 1154 4501 sibi
1201 4445 1525 4512 misceatur;
1584 4454 1715 4514 quo-

112 4541 295 4597 modo
335 4553 436 4595 nec
460 4540 657 4611 corpus
672 4536 906 4605 Domini,
937 4552 1036 4593 nec
1062 4544 1239 4609 potest
1266 4549 1386 4591 esse
1414 4535 1597 4589 vinum
1628 4549 1715 4589 so-

112 4628 265 4699 lum,
304 4640 403 4687 aut
424 4647 565 4703 aqua
588 4631 722 4698 sola;
749 4631 853 4687 nisi
878 4639 1167 4701 utrumque
1193 4628 1261 4685 ad
1291 4628 1523 4685 invicem
1551 4625 1714 4682 fuerit

100 4725 468 4802 populatum,
499 4730 552 4779 et
598 4724 755 4795 pa‘nis
786 4722 946 4793 hujus
982 4735 1239 4794 compage
1272 4719 1573 4777 solidatus:
1607 4732 1713 4790 quo

102 4812 175 4883 lt
207 4822 336 4890 ipso
356 4827 697 4874 sacramento
721 4817 949 4890 populus
968 4826 1154 4873 noster
1189 4812 1491 4872 ostenditur
1514 4812 1718 4869 aduna-

104 4892 252 4980 kus;
277 4920 344 4967 ut
360 4906 808 4982 quemadmodum
832 4924 997 4982 grana
1021 4909 1187 4965 multa
1209 4909 1264 4965 in
1285 4923 1448 4964 unum
1470 4906 1715 4974 collecta,

106 4986 175 5065 Et
201 5002 633 5071 commolita,‘et
660 5002 1171 5074 commista,panem
1192 5014 1359 5059 unum
1388 5000 1613 5069 faciunt,
1640 5000 1721 5056 sic

212 5095 524 5162 Christum,
568 5093 660 5167 qui
685 5102 769 5151 est
811 5094 965 5166 panis
1003 5094 1259 5161 caelestis,
1290 5106 1457 5150 unum
1483 5093 1721 5149 sciamus

181 5204 248 5245 se
272 5182 499 5258 corpus,
542 5187 629 5246 cui
670 5184 987 5259 coniunctus
1028 5186 1099 5243 sit
1127 5193 1311 5243 noster
1358 5197 1617 5241 numerus
1665 5190 1721 5239 et

153 5282 411 5338 dunatus
421 5320 431 5333 .

186 5388 472 5451 LXXVII.
549 5389 745 5449 Dicunt
779 5409 796 5451 :
842 5380 1068 5464 Semper
1111 5389 1513 5449 communicare
1564 5386 1724 5445 debet

202 5485 518 5552 ristianus,
557 5478 661 5541 nisi
690 5482 870 5563 aliquo
900 5481 1269 5541 intercedente
1306 5488 1550 5553 peccato,
1596 5493 1718 5534 cor-

189 5598 221 5639 s
266 5575 497 5637 Domini
524 5570 764 5651 quotidie
803 5566 1197 5648 accipiendum.
1255 5566 1410 5628 Hunc
1447 5570 1589 5628 enim
1628 5584 1723 5641 pa-

293 5668 421 5726 dari
449 5667 687 5743 quotidie
736 5662 1158 5738 nobis,jubente
1192 5664 1439 5731 Domino,
1478 5661 1723 5735 postula-

212 5781 272 5830 s,
339 5761 585 5819 dicentes
636 5779 649 5816 :
702 5748 929 5841 Panem
960 5768 1201 5841 nostrum.
1244 5756 1605 5833 quotidianum
1652 5754 1721 5809 da

184 5861 286 5915 bis
333 5855 512 5913 hodie.
556 5840 709 5925 Quod
744 5840 961 5927 quidem
986 5840 1132 5937 bene
1146 5852 1361 5937 dicunt,
1393 5849 1439 5906 si
1465 5849 1567 5904 hoc
1598 5862 1721 5904 cum

136 5932 442 6023 Ieligione,
494 5957 549 6004 et
593 5936 906 6008 devotione.
953 5932 1009 6003 et
1052 5932 1355 6001 humilitate
1406 5940 1717 6011 suscipiant,

1804 655 2027 713 iaciant.
2057 656 2324 739 Caeterum
2347 659 2394 715 si
2418 659 2549 715 talia
2569 657 2774 715 fuerint
2805 669 3031 731 peccata
3061 677 3185 734 quc
3228 667 3387 736 quasi

1803 756 2075 805 mortuum
2102 750 2171 805 ah
2208 748 2367 806 altari
2396 754 2741 819 removeam,
2775 753 2928 822 prius
2963 756 3170 824 agenda
3206 757 3386 828 paui-

1804 840 1975 896 tentia
2013 847 2096 896 est
2145 856 2208 897 ac
2261 841 2344 897 sic
2370 842 2564 898 deinde
2604 843 2709 900 hoc
2754 843 3091 901 salutii'ertnn
3144 847 3386 904 medie.-

1804 937 2046 987 mentum
2091 932 2512 1004 suscipiendum.
2547 933 2652 1000 Qui
2694 936 2831 990 enim
2859 937 3253 995 moraturum-it
3302 943 3387 1003 is-

1802 1020 1976 1094 digne,
2006 1023 2268 1093 judicium
2286 1025 2384 1080 sibi
2408 1026 2690 1081 manducet
2718 1035 2767 1082 et
2796 1028 2940 1083 bibit.
2982 1030 3098 1088 Hoc
3130 1040 3217 1089 est
3236 1034 3385 1090 enim

1804 1113 2024 1184 indigne
2050 1113 2317 1184 accipere,
2365 1116 2411 1172 si
2457 1132 2523 1172 co
2560 1125 2801 1188 tempore
2841 1120 2963 1190 quis
3006 1123 3240 1194 accipiat
3276 1128 3386 1196 φο

1804 1206 1963 1262 debet
2008 1221 2172 1278 agere
2218 1208 2612 1277 paenitentiam.
2666 1210 2934 1267 Caeterum
2976 1214 3024 1267 si
3071 1219 3224 1270 tanta
3275 1230 3386 1272 non

1802 1306 1932 1355 sunt
1969 1306 2187 1369 peccata
2220 1310 2280 1356 ut
2320 1302 2871 1360 exeommunicandus
2911 1305 3141 1376 quisqm
3178 1305 3386 1376 judice-

1804 1399 1924 1460 tur,
1975 1410 2084 1451 non
2135 1408 2195 1451 se
2220 1396 2381 1453 debet
2424 1413 2453 1453 a
2511 1399 2778 1455 modieina
2824 1400 3089 1458 Dominici
3139 1404 3385 1475 corporis

1802 1498 2080 1553 separare,
2102 1502 2171 1543 ne
2204 1487 2331 1543 dum
2365 1490 2505 1544 torte
2547 1489 2638 1544 diu
2664 1490 2940 1547 abstinens
2966 1493 3300 1563 prohibetur,
3350 1511 3385 1554 a

1804 1573 2008 1632 Christi
2041 1593 2269 1650 corpore
2292 1588 2591 1651 separetur.
2624 1595 2744 1652 .pse
2774 1582 2921 1638 enim
2950 1585 3101 1650 vivit,
3142 1600 3237 1657 qui
3257 1602 3383 1643 cor-

1803 1685 1906 1742 pus
1948 1671 2159 1728 DOmim
2206 1688 2420 1745 semper
2441 1674 2761 1732 comederit.
2795 1676 2867 1733 Et
2906 1676 3251 1736 manifestum
3301 1690 3388 1739 est

1800 1765 1950 1820 enim
2008 1780 2102 1823 eos
2145 1768 2347 1836 vivere,
2379 1770 2470 1840 qui
2525 1785 2720 1841 corpus
2770 1772 2984 1828 Domini
3038 1776 3211 1831 nostri
3256 1775 3386 1833 Iesu

1806 1855 2011 1914 Christi
2049 1860 2338 1931 attingunt.
2366 1861 2521 1918 Unde
2551 1864 2848 1919 timendum
2883 1871 2967 1920 est
2992 1878 3084 1932 ne,
3103 1865 3230 1921 dum
3251 1868 3387 1925 satis

1730 1928 1783 1993 Β
1806 1951 2036 2021 quisque
2058 1928 2343 2023 separatur
2364 1968 2394 2008 a
2428 1954 2626 2010 Christi
2655 1966 2900 2025 corpore,
2929 1928 3136 2013 alienus
3152 1969 3389 2016 .maneat

1807 2056 1842 2097 a
1894 2043 2091 2110 salute,
2141 2045 2261 2117 ipso
2305 2046 2533 2101 Domino
2585 2042 2848 2103 dicente:
2891 2042 3013 2102 Nisi
3060 2051 3389 2107 comedet-itis

1803 2146 2018 2190 carnem
2043 2135 2144 2206 ﬁlii
2165 2137 2409 2205 hominis,
2433 2151 2479 2194 et
2510 2139 2741 2194 biberitis
2764 2140 2880 2211 ejus
2902 2143 3230 2212 sanguinem,
3282 2158 3388 2200 non

1803 2223 2059 2280 habebitis
2106 2226 2263 2281 vitam
2305 2227 2363 2282 in
2411 2228 2553 2283 vobis
2599 2227 2779 2299 (Joan.
2812 2240 2890 2297 vt,
2942 2230 3054 2302 54).
3104 2232 3206 2300 Qui
3241 2234 3387 2290 enim

1799 2316 1912 2389 jam
1940 2332 2168 2392 peccare
2196 2322 2418 2392 quievit,
2449 2323 2854 2380 communicare
2880 2336 2989 2379 non
3010 2326 3242 2382 desinat.

1877 2412 2158 2471 LXXVIII.
2196 2413 2513 2487 Conjugatis
2555 2424 2737 2472 autem
2785 2417 3164 2473 abstinendum
3217 2426 3301 2476 est
3353 2435 3388 2476 a

1806 2504 1952 2559 coitu
1974 2503 2221 2576 plurimis
2248 2505 2456 2574 diebus,
2482 2514 2644 2578 atque
2670 2508 2907 2564 orationi
2944 2523 3157 2575 vacare,
3204 2516 3259 2567 et
3305 2512 3387 2569 sic

1802 2593 1930 2652 dein
1958 2596 2027 2653 ad
2050 2597 2252 2654 Christi
2282 2612 2479 2669 corpus
2503 2602 2781 2657 accedere.
2820 2598 3143 2671 Relegamus
3174 2600 3390 2675 Regno-

1806 2702 1930 2745 rum
1959 2689 2176 2755 librum,
2226 2698 2282 2745 et
2320 2691 2657 2748 inveniemus
2692 2692 3029 2748 sacerdotem
3070 2690 3389 2751 Abimelech

1802 2782 1874 2837 de
1914 2778 2144 2853 panibus
2193 2783 2579 2855 propositionis
2621 2782 2861 2841 noluisse
2907 2785 3193 2842 comedere
3235 2786 3390 2859 prius

1806 2872 1976 2930 David
1998 2882 2053 2930 et
2077 2888 2273 2946 pueros
2311 2874 2453 2947 ejus,
2494 2878 2601 2934 nisi
2642 2886 2768 2936 ante
2809 2879 3171 2952 interrogaret
3204 2890 3389 2938 utrum

1804 2966 1992 3024 mundi
2020 2976 2201 3025 essent
2234 2970 2385 3042 pueri
2409 2987 2440 3026 a
2470 2970 2806 3039 mulieribus,
2823 2974 2930 3027 neu
2964 2973 3152 3043 utique
3176 2972 3245 3029 ab
3266 2973 3391 3029 alie-

1806 3074 1900 3124 na,
1940 3060 2033 3115 sed
2064 3074 2095 3114 a
2132 3058 2377 3131 conjuge.
2419 3060 2487 3115 Et
2518 3060 2623 3117 nisi
2663 3076 2758 3117 eos
2802 3062 3043 3117 audisset
3084 3064 3152 3119 ab
3185 3061 3301 3119 heri
3335 3075 3393 3121 et

1804 3148 2201 3208 nudiustertius
2235 3168 2457 3208 vacasse
2479 3152 2548 3209 ab
2592 3162 2754 3224 opere
2784 3151 3080 3224 coniugali,
3114 3169 3392 3226 nunquam

1810 3252 2000 3315 panes,
2027 3262 2162 3317 quos
2181 3248 2331 3316 prius
2352 3254 2660 3319 negaverat,
2693 3248 3069 3303 concessisset.
3179 3244 3184 3249 ’

1812 3288 2000 3315 rum,
2028 3288 2162 3317 ,μνη
2182 3288 2331 3316 ru..-
2354 3288 2660 3319 ...ωυρμ-η
2694 3288 3069 3303 ννηννυυωυν..

1734 3288 1784 3375 ὸ
1896 3342 2129 3399 LXXIX.
2180 3342 2452 3412 Quantum
2503 3345 2647 3399 inter
2692 3342 3078 3414 prepositionis
3124 3358 3293 3416 panes
3335 3353 3394 3400 et

1804 3450 2004 3507 corpus
2029 3433 2250 3502 Christi,
2290 3443 2489 3506 quanta
2519 3433 2822 3490 differentia
2861 3440 2943 3489 est
2980 3432 3123 3488 inter
3142 3434 3390 3488 umbram

1807 3538 1862 3585 et
1882 3542 2096 3599 corpus,
2131 3528 2273 3583 inter
2306 3527 2594 3598 imaginem
2619 3533 2675 3583 et
2702 3526 3004 3591 veritatem,
3034 3524 3176 3581 inter
3200 3539 3387 3582 exem-

1805 3619 1981 3693 plaria
2007 3618 2312 3675 futurorum
2340 3626 2394 3674 ct
2441 3619 2556 3690 ipsa
2587 3630 2706 3689 quae
2742 3616 3037 3688 exemplari
3076 3602 3391 3690 praeﬁgura-

1804 3715 2033 3775 bantdr!
2059 3714 2396 3785 Quapropter
2421 3708 2652 3784 eligendi
2682 3716 2809 3767 sunt
2834 3708 3000 3783 aliqui
3027 3710 3094 3767 de
3137 3704 3224 3767 his
3263 3710 3385 3780 qui-

1806 3806 1911 3863 bus
1957 3806 2108 3876 prius
2145 3804 2307 3859 homo
2353 3799 2719 3858 continentiu‘s
2758 3799 2923 3869 vivat,
2966 3810 3064 3872 per
3106 3802 3267 3872 quem
3321 3800 3391 3857 ad

1810 3908 2021 3957 tantum
2046 3905 2445 3955 sacramentum
2473 3884 2667 3966 dignus
2693 3892 2948 3950 accedere
2972 3893 3163 3964 possit.

1880 3992 2094 4049 LXXX.
2126 3989 2464 4051 Sacriﬁcium
2492 4003 2592 4060 pro
2614 3985 2990 4044 defunctorum
3019 3985 3256 4041 ﬁdelium
3299 4001 3389 4043 re-

1807 4086 1935 4160 quie
1969 4083 2184 4152 ell'crre,
2221 4084 2303 4139 vel
2350 4099 2448 4154 pro
2500 4081 2579 4138 eis
2627 4092 2803 4146 orare,
2856 4074 2925 4134 ab
2978 4076 3236 4148 apostolis
3283 4087 3394 4134 tra~

1814 4178 1984 4236 ditum
2012 4184 2114 4235 est.
2153 4176 2268 4233 Hoc
2289 4176 2434 4232 enim
2480 4174 2679 4244 ubique
2708 4169 2973 4229 catholica
3019 4178 3165 4226 tenet
3207 4169 3391 4228 Eccle-

1813 4274 1915 4340 sia,
1940 4288 2037 4344 per
2059 4280 2230 4329 totum
2256 4272 2442 4327 orbem
2471 4278 2740 4325 terrarum
2786 4267 3080 4323 constituta
3113 4286 3126 4322 :
3168 4267 3309 4325 sicut
3336 4276 3393 4323 et

1808 4352 1847 4421 'a
1898 4375 2085 4422 sancto
2132 4366 2432 4437 Augustino
2482 4363 2538 4419 in
2582 4363 2721 4419 libro
2758 4358 3057 4418 Enchiridii
3091 4362 3388 4418 scribitur:

1812 4456 2200 4515 Defunctorum
2227 4455 2436 4512 animas
2485 4454 2600 4512 sine
2631 4454 2794 4513 dubio
2822 4454 3022 4526 pietate
3050 4468 3271 4509 suorum
3313 4452 3394 4507 vi-

1814 4556 2055 4611 ventium
2087 4552 2334 4619 relevari,
2372 4568 2494 4610 cum
2532 4564 2631 4626 pro
2665 4550 2771 4608 illis
2796 4549 3121 4633 sacriﬁcium
3167 4546 3395 4606 oiIertur

1814 4649 1899 4704 vel
1921 4647 2275 4719 eleemosynm
2301 4646 2436 4702 ﬁunt
2467 4665 2480 4702 :
2515 4647 2559 4703 si
2594 4654 2774 4701 tamen
2804 4640 3006 4715 aliquid
3036 4640 3138 4698 sibi
3166 4643 3394 4714 quisque

1816 4742 2071 4800 meritum
2106 4740 2447 4813 praeparavit,
2503 4739 2629 4796 dum
2668 4736 2842 4794 adhuc
2886 4736 2940 4791 in
2982 4748 3207 4806 corpore
3250 4736 3398 4790 vive-

1818 4844 1917 4902 ret,
1955 4836 2058 4890 ista
2094 4833 2302 4906 prosint
2328 4846 2660 4905 quaecunque
2687 4845 2783 4901 per
2806 4827 2927 4884 illos
2954 4827 3109 4894 ﬁunt,
3127 4842 3254 4884 nam
3288 4820 3397 4884 non

1818 4927 2068 4984 omnibus
2108 4931 2364 4997 prosunt,
2424 4921 2529 4978 nisi
2589 4930 2812 4993 propter
2861 4917 3217 4977 diﬁ‘erentiam
3275 4920 3401 4977 vitae

1820 5036 1980 5095 quam
2005 5017 2233 5091 quisque
2259 5014 2429 5089 gessit
2456 5014 2511 5069 in
2535 5027 2780 5084 corpore.
2819 5008 2957 5066 Nam
2984 5024 3085 5082 pro
3117 5008 3270 5067 valde
3302 5010 3403 5067 bo-

1821 5112 1910 5167 nis
1963 5108 2264 5183 gratiarum
2295 5108 2534 5163 actiones
2572 5112 2716 5170 sunt,
2764 5114 2864 5174 pro
2892 5115 2999 5157 non
3040 5096 3195 5156 valde
3242 5098 3405 5155 malis

1818 5201 2231 5275 propitiationes
2263 5206 2409 5264 sunt,
2440 5211 2538 5269 pro
2575 5190 2730 5250 valde
2768 5190 2946 5258 malis,
2974 5190 3140 5248 etiam
3171 5190 3220 5271 si
3255 5191 3402 5247 nulla

1818 5302 1951 5357 sunt
1994 5291 2301 5363 adjumenta
2330 5296 2698 5353 mortuorum,
2731 5283 3129 5358 qualescunque
3156 5282 3403 5339 vivorum

1823 5382 2221 5445 consolationes
2242 5387 2386 5437 sunt.
2402 5376 2607 5446 Quibus
2628 5384 2810 5433 autem
2825 5382 3072 5447 prosunt,
3097 5382 3191 5430 aut
3214 5373 3283 5431 ad
3299 5368 3407 5430 hoc

1821 5483 2049 5554 prosunt
2072 5482 2132 5530 ut
2172 5473 2244 5531 sit
2280 5470 2440 5545 plena
2468 5468 2740 5534 remissio,
2762 5475 2857 5526 aut
2880 5475 3031 5526 certe
3057 5474 3120 5524 ut
3149 5464 3407 5525 tolerauio

1824 5570 1928 5627 iior
1956 5570 2049 5626 ﬁat
2080 5584 2199 5640 ipsa
2223 5565 2518 5622 damnatio.

1895 5658 2133 5718 LXXXI.
2166 5657 2281 5714 Hoc
2304 5665 2475 5714 totum
2504 5670 2672 5730 quare
2709 5654 2965 5721 diximus,
2991 5652 3099 5710 nisi
3136 5652 3263 5725 quia
3292 5661 3411 5729 om-

1818 5746 1923 5808 nes
1954 5749 2009 5806 in
2032 5764 2141 5805 uno
2163 5745 2431 5805 sacriﬁcio
2456 5745 2765 5804 Mediatoris
2804 5740 3249 5802 reconciliamur?
3272 5738 3408 5808 Quia

1823 5840 1932 5917 ipse
1975 5850 2048 5896 est
2100 5840 2357 5895 mediator
2394 5837 2491 5893 Dei
2536 5847 2585 5892 et
2630 5834 2929 5903 hominum’,
2968 5835 3121 5890 homo
3171 5831 3409 5887 Christus

1825 5938 2002 5999 Iesus.
2056 5937 2174 6009 lpse
2214 5944 2374 6008 caput
2412 5934 2655 6005 corporis
2705 5930 2981 5992 Ecclesiae,
3022 5941 3128 5982 una
3156 5936 3412 5996 persona.
