3952 6318
481 475 588 536 983

485 584 695 648 Obinde
724 575 1110 638 manducamus
1134 581 1331 638 corpus
1370 564 1486 634 ejus
1518 569 1574 618 et
1597 557 1911 627 sanguinem
1937 550 2056 648 eius
2081 553 2136 612 Α

489 682 746 742 bibimus,
771 680 834 728 ut
866 668 1007 726 sicut
1029 663 1160 720 illud
1185 661 1240 716 in
1273 672 1373 713 nos
1399 654 1758 711 invisceratur
1782 655 1838 702 et
1863 640 2067 711 trajici-

493 731 587 832 tur
608 731 911 829 visibiliter,
943 758 1024 815 sic
1051 769 1148 811 nos
1174 752 1230 808 in
1257 749 1348 806 illo
1375 743 1825 802 transformamur
1848 743 1903 791 et
1930 731 2068 788 invi-

498 873 774 926 seeramur
815 871 831 910 :
864 852 990 926 quia
1031 851 1429 905 sacramentum
1449 848 1550 903 est,
1591 829 1912 905 mysterium
1961 830 2066 882 est.

499 917 1002 1030 mysterium,
1047 938 1155 995 nisi
1199 940 1464 993 secretam
1503 936 1560 983 et
1594 922 1927 981 reconditam
1974 917 2073 973 ha-

500 1013 636 1111 iisiis
661 1013 1101 1116 dispositionem?
1132 1028 1240 1085 Sed
1268 1025 1390 1097 quis
1438 1019 1652 1116 sapiens
1684 1023 1740 1070 et
1785 1013 1918 1116 quis‘
1944 1022 2075 1080 pru-

503 1105 638 1201 dens
661 1105 779 1195 ιιωὶι
798 1133 916 1188 sine
939 1125 1129 1198 spiritu
1149 1120 1246 1178 Dei
1263 1124 1442 1190 potest
1467 1111 1670 1183 liquido
1687 1105 2076 1176 comprehensa

504 1243 711 1296 tenere,
737 1225 843 1282 nisi
867 1195 987 1292 ipse
1015 1229 1198 1273 rerum
1221 1210 1460 1268 omnium
1498 1203 1759 1260 Dominus
1791 1195 2079 1270 mysterio-

506 1291 630 1380 rum
674 1291 904 1377 suorum
939 1308 1269 1367 illuminator
1304 1300 1612 1372 petentibus
1641 1291 1797 1347 nobis
1837 1297 1892 1344 et
1935 1301 2081 1356 qum—

509 1416 753 1475 rentibus
779 1414 974 1467 cuncta
998 1399 1239 1459 revelare
1266 1389 1532 1454 voluerit,
1571 1387 1710 1442 sicut
1749 1397 1849 1453 per
1889 1379 2082 1435 lsaiam

509 1471 827 1580 prophetam
852 1497 964 1553 ait:
991 1490 1236 1563 Aperiant
1254 1485 1522 1540 thesauros
1553 1476 1745 1531 invisos
1766 1481 1813 1527 et
1839 1471 2082 1526 obscuros

513 1563 650 1672 ἱιεᾶ.
701 1608 825 1658 va,
853 1587 932 1660 3).
979 1583 1048 1640 Et
1081 1582 1279 1637 iterum
1306 1569 1615 1643 evangelico
1671 1580 1766 1622 ore
1814 1563 2082 1626 admonet,

515 1652 734 1745 dicens:
768 1652 954 1743 Petita,
981 1683 1029 1731 et
1055 1668 1316 1741 accipietis
1348 1682 1367 1720 :
1396 1660 1620 1735 pulsate,
1639 1665 1687 1712 et
1727 1652 1987 1726 aperietur
2006 1665 2087 1704 vo-

517 1739 898 1850 irisI—quaerite,
929 1739 976 1824 si
1005 1739 1292 1822 invenietis.
1329 1757 1448 1824 Quo
1476 1753 1618 1810 dicto
1653 1743 1926 1818 compellit
1954 1739 2090 1798 obli-

1301 444 1704 515 ELIPANDUS,
1741 437 1967 507 FELIX,
2003 428 2356 495 HETERIUS
2393 424 2486 486 ET
2523 423 2584 483 S.
2622 413 2926 482 BEATUS.

3630 403 3735 467 ιιιι

2159 547 2360 601 lacteus
2384 546 2564 611 potus,
2603 535 2724 591 istis
2750 541 3007 602 tanquam
3027 523 3231 583 solidus
3255 519 3433 578 cibus.
3467 515 3594 576 Non
3614 520 3745 590 quia

2166 636 2239 692 illi
2277 631 2520 690 carnales
2552 629 2709 684 aliter
2734 626 2790 680 in
2814 621 3026 695 populis
3053 622 3424 688 cognoverunt
3441 613 3748 680 Christum,

2167 737 2223 784 et
2253 727 2342 782 isti
2389 724 2548 780 aliter
2571 722 2627 777 in
2654 716 2946 782 cubiculis;
2978 713 3072 770 sed
3099 727 3130 767 a
3161 709 3321 767 modo
3352 708 3575 778 utrique
3626 721 3750 763 cum

2165 821 2345 893 palam
2371 816 2621 874 Christus
2659 810 3068 870 nominabatur,
3117 812 3173 861 et
3217 801 3512 858 audiebant
3564 815 3754 858 omnes

2168 929 2280 971 uno
2301 910 2460 968 modo
2489 908 2783 972 Christum,
2814 904 2910 961 sed
2934 916 3044 958 non
3079 914 3268 958 omnes
3292 913 3404 954 uno
3425 897 3596 953 modo
3639 911 3754 952 cre-

2172 1007 2398 1070 debant;
2434 1001 2531 1058 sed
2578 998 2670 1054 alii
2719 996 3034 1057 credebant,
3081 989 3174 1045 alii
3221 989 3540 1057 despectum
3592 985 3758 1039 habe-

2173 1100 2305 1156 bant
2327 1095 2488 1152 talem
2511 1093 2680 1148 Deum
2703 1089 2947 1147 credere.
2968 1084 3063 1141 alii
3085 1081 3383 1140 irridebant
3403 1079 3578 1136 talem
3589 1079 3756 1134 Deum

2176 1205 2317 1248 esse.

2249 1275 2534 1335 LXXXIII.
2571 1272 2729 1329 Sicut
2752 1281 2807 1328 et
2836 1267 2999 1325 hodie
3021 1263 3281 1323 increduli
3306 1261 3509 1334 pagani
3531 1260 3758 1327 faciunt,

2180 1375 2307 1445 quia
2329 1372 2472 1427 Deus
2509 1368 2684 1423 factus
2708 1373 2793 1421 est
2826 1363 3010 1419 homo.
3048 1361 3170 1431 Ipsa
3203 1366 3287 1412 est
3315 1355 3606 1412 humilitas
3647 1368 3763 1422 qua:

2183 1463 2430 1533 displicet
2472 1456 2719 1529 paganis,
2765 1451 2908 1509 unde
2943 1451 3101 1507 nobis
3143 1447 3406 1505 insultant
3457 1445 3704 1502 dicentes
3746 1459 3761 1498 :

2184 1552 2409 1620 Qualem
2457 1550 2628 1604 Deum
2667 1544 2864 1610 colitis,
2895 1542 2989 1613 qui
3043 1547 3204 1596 natus
3248 1553 3318 1594 ex
3365 1537 3599 1593 muliere
3647 1535 3766 1590 est?

2186 1643 2409 1712 Qualem
2430 1641 2599 1695 Deum
2622 1636 2819 1699 colitis,
2843 1633 2935 1704 qui
2958 1633 3027 1688 ab
3055 1629 3370 1687 hominibus
3407 1627 3769 1698 comprehen-

2187 1753 2283 1793 sus
2308 1745 2412 1803 est,
2445 1743 2501 1791 et
2547 1731 2838 1788 cruciﬁxus
2869 1736 2988 1795 est,
3026 1734 3082 1782 et
3124 1731 3390 1788 mortuus,
3432 1730 3486 1777 et
3517 1720 3773 1791 sepultus

615 1809 631 1836 ί
695 1809 798 1833 ’ωε
812 1809 874 1828 uc
929 1809 976 1824 νυ
1007 1809 1291 1822 "nun-un---
1339 1809 1438 1824 ,κν
1486 1809 1493 1810 κ
1775 1809 1793 1818 ⁸

520 1809 810 1931 ζέἒρθῖιιθε,
833 1813 898 1920 et,
929 1856 1170 1917 stimulat
1212 1854 1370 1922 longa
1417 1845 1633 1920 pigritia
1678 1843 1972 1910 torpentes,
2029 1838 2090 1887 ut
2120 1905 2168 1931 n
2189 1828 2306 1884 est?
2335 1825 2449 1881 Hoc
2473 1823 2604 1879 facit
2631 1819 2942 1877 scandalum
2975 1816 3217 1888 paganis,
3248 1814 3353 1868 hoc
3371 1811 3574 1866 iudicis.
3619 1809 3774 1877 Quia

1866 1928 1876 1931 -
1953 1926 1967 1931 ’
2006 1924 2019 1931 ’
2201 1921 2213 1931 ’
2376 1920 2388 1931 ’
2464 1917 2495 1931 ’⁸
2566 1916 2602 1931 “
2641 1916 2652 1926 ⁸
2833 1909 3052 1931 --------"
3090 1907 3316 1931 μην-ιη-
3345 1922 3433 1931 ..--
3457 1904 3774 1931 -...:-_.:.....

526 1904 810 1931 unum-was
833 1904 889 1920 υ·
929 1904 1170 1917 ν-ιιι---τν
1213 1904 1368 1922 ----υν
1421 1904 1439 1920 ι
1475 1904 1507 1920 υ
1767 1904 1784 1910 -

522 1977 624 2018 nec
659 1957 802 2030 pigri
828 1955 938 2010 sint
963 1949 1033 2006 ad
1065 1942 1462 2017 requirendum,
1488 1952 1591 1994 nec
1617 1928 1883 2002 desperati
1903 1926 1970 1982 ad
2006 1924 2091 1979 in-
2120 1905 2168 1968 Β
2194 1921 2248 1976 in
2275 1917 2530 1992 sapientia
2555 1916 2652 1970 Dei
2690 1931 2794 1969 non
2821 1909 3052 1983 cognovit
3088 1907 3316 1963 mundus
3343 1922 3433 1977 per
3453 1904 3778 1974 sapierttiant

1656 2027 1665 2030 _
1943 2020 1955 2030 ι
2208 2010 2360 2030 hue”-
2417 2007 2610 2030 ,ΑΙ----3.
2658 2005 2757 2030 Π--
2788 2019 2881 2030 ..--
2927 2000 3196 2030 -Ι-,ΙΙῖΙέι-..ι
3225 1997 3615 2030 ιι-ωλῖρηίίηηδι
3667 1994 3776 2030 ου’.

527 2020 873 2111 veniendum.
911 2041 1062 2100 Nihil
1087 2041 1246 2105 enim,
1277 2034 1469 2104 inquit,
1518 2027 1775 2086 occultum
1816 2020 1955 2095 quod
1991 2034 2096 2073 non

525 2143 908 2213 manifestetur,
939 2144 1028 2191 aut
1051 2130 1408 2188 absconditum
1437 2122 1578 2197 quod
1610 2136 1714 2175 non
1741 2113 1993 2171 reveletur
2005 2117 2097 2164 aut

527 2201 746 2294 sciatur.
777 2201 932 2287 Omni
952 2227 1090 2283 enim
1119 2221 1308 2296 petenti
1332 2217 1543 2273 dabitur
1570 2221 1617 2268 et
1639 2207 1868 2283 pulsanti
1910 2201 2104 2276 aperie-

530 2345 638 2399 tur,
665 2339 712 2386 et
733 2330 824 2401 qui
863 2323 1073 2398 quwrit,
1099 2317 1310 2375 invenit.
1335 2311 1584 2371 Christus
1613 2313 1697 2363 est
1725 2302 1879 2376 panis
1899 2306 1956 2355 et
1995 2297 2102 2363 lac,

532 2432 588 2480 et
610 2437 710 2477 nos
731 2391 848 2483 ﬁlii,
871 2414 963 2486 qui
983 2428 1053 2469 ex
1079 2410 1198 2481 ipso
1223 2405 1516 2478 pascimur.
1539 2398 1674 2454 Nam
1696 2410 1822 2451 cum
1840 2391 2102 2447 dicimus:

542 2513 699 2568 Pater
731 2481 929 2573 noster,
959 2502 1048 2575 qui
1075 2517 1128 2556 es
1160 2500 1215 2553 in
1249 2495 1408 2560 caelis,
1429 2507 1531 2548 nec
1552 2488 1652 2546 soli
1675 2484 1824 2541 Patri
1856 2481 2105 2544 dicimus,

537 2618 638 2658 nec
660 2568 933 2660 soliFilio,
959 2568 1061 2648 nec
1081 2589 1180 2645 soli
1199 2584 1421 2657 Spiritui
1440 2588 1648 2644 sancto,
1681 2575 1776 2632 sed
1803 2572 1902 2629 toti
1938 2568 2110 2625 Trini-

541 2693 661 2758 tati,
693 2691 785 2746 uni
808 2690 940 2743 Deo.
966 2685 1034 2740 Et
1058 2697 1181 2738 cum
1209 2678 1436 2733 dicimus
1461 2693 1475 2729 :
1509 2673 1708 2728 Panem
1732 2674 1964 2722 nostrum
1977 2678 2114 2734 quo-

543 2755 800 2838 tidianum
829 2777 899 2832 da
947 2774 1094 2830 nobis
1123 2769 1294 2832 hodie,
1334 2766 1568 2836 petimus
1592 2762 1661 2816 ab
1706 2773 1814 2814 uno
1855 2755 2016 2810 Patre
2055 2759 2117 2808 ut

544 2873 635 2929 det
659 2870 814 2926 nobis
841 2866 988 2922 illum
1015 2876 1230 2934 panem,
1264 2859 1318 2914 id
1348 2863 1452 2923 est,
1496 2864 1883 2926 cognoscamus
1920 2845 2118 2901 Filium

547 2979 706 3021 suum
725 2959 1013 3016 Dominum
1035 2959 1281 3008 nostrum
1296 2946 1482 3004 Iesum
1505 2943 1802 3005 Christum,
1829 2938 1920 3008 qui
1947 2934 2115 2992 dixit:

549 3055 663 3125 Ego
691 3066 806 3106 sum
829 3045 980 3121 panis
1028 3042 1190 3104 vivus,
1231 3037 1319 3111 qui
1347 3035 1412 3090 de
1455 3031 1580 3089 coelo
1609 3027 1883 3093 descendi;
1911 3025 1959 3080 si
2005 3021 2123 3094 quis

549 3117 622 3202 ei
660 3146 771 3217 ipso
820 3117 1232 3200 manducauerit,
1277 3131 1404 3186 vivet
1440 3128 1498 3182 in
1526 3135 1794 3181 (sternam.
1835 3120 1906 3175 Et
1938 3117 2126 3187 utique

552 3239 669 3308 ipse
680 3208 814 3290 'cum
836 3230 996 3286 Patre
1022 3234 1080 3282 et
1108 3223 1314 3294 Spiritu
1347 3226 1536 3275 sancto
1563 3214 1721 3286 panis
1750 3219 1834 3266 est
1872 3208 2126 3272 fortibus,

555 3297 649 3398 qui
674 3325 860 3380 dentes
881 3320 1100 3377 habent.
1123 3313 1297 3370 Filius
1317 3324 1446 3366 vero
1478 3307 1739 3363 Dominus
1765 3310 1951 3358 noster.
1971 3297 2128 3354 Jesus

557 3391 824 3482 Christus,
842 3421 898 3470 et
911 3410 1065 3483 panis
1084 3416 1168 3464 est
1189 3419 1311 3460 cum
1330 3402 1489 3456 Patre
1512 3399 1565 3453 in
1586 3393 1863 3453 divinitate
1877 3391 2132 3456 fortibus,

560 3518 617 3567 et
644 3511 758 3580 ipse
787 3506 934 3563 solus
960 3501 1043 3557 lac
1058 3507 1117 3555 et
1145 3498 1201 3553 in
1230 3507 1392 3551 carne
1422 3488 1679 3564 parvulis.
1725 3485 1794 3540 Et
1826 3484 1967 3540 hanc
2009 3495 2132 3535 car-

561 3617 688 3657 nem
712 3592 1084 3654 manducando
1107 3587 1336 3661 parvuli,
1371 3591 1426 3640 et
1447 3584 1591 3639 hunc
1615 3577 1931 3648 sanguinem
1955 3573 2138 3628 biben-

567 3692 657 3756 do,
685 3687 907 3742 veniunt
941 3682 1010 3737 ad
1039 3679 1268 3736 solidum
1297 3675 1498 3739 cibum,
1523 3671 1668 3742 quod
1693 3677 1776 3724 est
1816 3667 1933 3736 ipsa
1957 3661 2139 3719 Trini-

566 3789 653 3834 tas
699 3791 838 3832 unus
887 3775 1049 3828 Deus.
1105 3770 1183 3823 De
1222 3769 1327 3822 hoc
1364 3765 1507 3819 lacte
1540 3759 1738 3815 Paulus
1762 3754 2035 3825 apostolus
2072 3749 2142 3806 ad

569 3867 874 3926 Corinthios
918 3861 1159 3918 scribens
1182 3858 1258 3912 ait
1284 3875 1299 3911 :
1333 3855 1457 3910 Non
1479 3852 1624 3924 potui
1646 3851 1782 3906 vobis
1808 3847 1968 3919 loqui,
1993 3842 2142 3916 quasi

571 3954 950 4030 spiritualibus,
998 3949 1087 4005 sed
1130 3947 1281 4019 quasi
1337 3941 1656 3999 carnalibus.
1710 3937 1873 4005 Quasi
1915 3932 2145 4007 parvulis

571 4027 630 4110 in
681 4051 785 4122 ﬁde
832 4048 915 4102 lac
957 4045 1098 4101 vobis
1145 4051 1324 4113 potum
1368 4036 1510 4100 dedi,
1539 4052 1643 4090 non
1676 4047 1866 4088 escam.
1895 4027 2147 4083 Nondum

571 4120 711 4202 enirn
738 4140 1009 4217 poteratis,
1037 4137 1126 4193 sed
1150 4151 1242 4191 nec
1264 4132 1435 4187 adhuc
1461 4126 1672 4201 quidem
1712 4123 1945 4196 potestis,
1975 4120 2148 4175 adhuc

573 4238 711 4294 enim
735 4236 856 4292 estis
895 4228 1154 4287 carnales.

645 4328 906 4388 LXXXII.
959 4325 1201 4380 Primum
1249 4337 1380 4393 ergo
1427 4320 1568 4377 scire
1613 4316 1773 4374 debet
1814 4309 2153 4369 Christianus

577 4423 722 4495 quod
750 4422 864 4492 ipse
887 4416 1136 4474 Christus
1163 4413 1472 4479 cruciﬁxus,
1492 4425 1598 4481 quo
1617 4408 1763 4465 velut
1794 4406 1934 4461 lacte
1960 4415 2157 4473 parvu—

578 4516 662 4570 los
686 4512 887 4568 aluisse
924 4508 1056 4564 dicit
1096 4503 1413 4577 Apostolus;
1445 4503 1560 4572 ipsa
1610 4515 1739 4556 vero
1767 4513 1892 4554 caro
1920 4493 2055 4565 ejus,
2101 4493 2158 4546 in

2196 2010 2383 2075 Deum,
2413 2007 2611 2080 placuit
2647 2005 2758 2060 Deo
2787 2019 2881 2076 per
2923 2000 3198 2057 stultitiam
3225 1997 3615 2070 praedicationis
3665 1994 3776 2048 sal-

2199 2117 2286 2156 vos
2315 2099 2485 2169 facere
2509 2095 2788 2152 credentes.
2815 2091 2954 2160 Quid
2982 2098 3066 2146 est
3086 2088 3368 2159 sapientia,
3397 2085 3503 2141 nisi
3529 2085 3778 2140 Verbum

2199 2188 2410 2246 Patris?
2440 2186 2545 2241 nisi
2567 2181 2862 2240 Divinitas?
2885 2179 2990 2236 nisi
3017 2178 3192 2234 Deus?
3226 2175 3365 2245 Quid
3392 2183 3477 2230 est
3520 2173 3778 2236 stultitia,

2202 2279 2306 2335 nisi
2343 2293 2470 2334 caro
2490 2276 2658 2347 ipsius
2682 2273 2878 2330 Verbi?
2909 2271 3014 2327 nisi
3039 2268 3348 2326 humanitas
3372 2266 3541 2336 ipsius
3564 2263 3777 2319 Divini-

2206 2372 2352 2436 tatis,
2381 2370 2486 2425 nisi
2523 2369 2684 2423 homo
2717 2365 2966 2421 Christus
3017 2362 3085 2417 ab
3128 2360 3244 2430 ipsa
3292 2356 3550 2428 sapientia
3600 2367 3784 2409 susce-

2205 2461 2363 2535 ptus?
2387 2459 2500 2522 Sed
2522 2454 2747 2514 stultitia
2773 2455 2919 2510 dicta
2958 2459 3062 2517 est,
3087 2457 3149 2505 ut
3177 2464 3272 2520 per
3292 2448 3463 2518 ipsam
3492 2445 3783 2500 stultitiam

2208 2553 2430 2610 veniant
2458 2549 2526 2606 ad
2549 2547 2892 2620 sapientiam,
2907 2543 3050 2614 quod
3074 2549 3159 2598 est
3185 2539 3463 2604 Divinitas,
3491 2538 3665 2593 Deus.
3687 2536 3786 2591 Sed

2211 2648 2511 2708 credentes,
2535 2641 2658 2711 quia
2698 2638 2901 2710 placuit
2925 2636 3036 2691 Deo
3071 2647 3166 2704 per
3201 2631 3481 2688 stultitiam
3523 2629 3789 2698 prsidia.

2213 2737 2378 2793 tionis
2425 2735 2602 2792 salvos
2649 2730 2847 2786 facere.
2875 2727 2979 2795 Qui
3021 2732 3150 2782 sunt
3194 2723 3470 2779 credentes
3514 2719 3789 2796 quisalvi

2217 2827 2384 2884 ﬁunt?
2416 2825 2519 2894 Qui
2539 2822 2766 2880 credunt
2795 2818 2939 2891 quod
2959 2818 3075 2888 ipse
3098 2823 3182 2872 est
3207 2813 3368 2870 verus
3391 2811 3487 2867 Dei
3511 2811 3699 2866 Filius
3738 2817 3794 2864 et

2218 2936 2380 2978 verus
2403 2919 2566 2984 Deus,
2612 2923 2668 2970 et
2712 2914 2828 2984 ipse
2870 2911 3019 2968 solus
3043 2916 3128 2965 est
3155 2905 3478 2969 adorandus,
3504 2919 3681 2973 quem
3703 2900 3796 2956 Ju-

2222 3015 2322 3072 daei
2366 3008 2908 3082 comprehenderunt,
2954 3012 3010 3059 et
3041 2999 3438 3062 cruciﬁxerunt,
3473 3005 3524 3052 et
3567 2995 3801 3050 occide-

2225 3112 2369 3171 runt,
2400 3111 2455 3159 et
2493 3107 2738 3157 mortuus
2773 3103 2876 3152 est.
2909 3093 3048 3162 Quia
3085 3089 3418 3148 reconciliati
3448 3101 3631 3142 sumus
3682 3086 3803 3140 Deo

2226 3213 2325 3270 per
2352 3201 2580 3251 mortem
2624 3189 2748 3245 Filii
2770 3187 2906 3257 eius,
2935 3192 2989 3242 et
3021 3197 3167 3239 nunc
3188 3180 3321 3236 salvi
3357 3179 3546 3233 erimus
3591 3176 3660 3229 in
3687 3175 3804 3228 vita

2231 3266 2420 3360 ipsius.
2451 3285 2517 3340 Et
2542 3283 2663 3339 ideo
2690 3279 2979 3352 gloriemur
2998 3275 3055 3331 in
3087 3275 3257 3330 Deum
3286 3286 3385 3342 per
3416 3267 3602 3325 Iesum
3649 3266 3805 3324 Chri-

2237 3359 2402 3446 stum,
2454 3392 2552 3448 per
2584 3388 2743 3444 quem
2782 3366 3270 3426 reconciliationem
3325 3361 3660 3431 accepimus.
3711 3359 3807 3414 Per

2235 3481 2465 3530 mortem
2508 3468 2629 3523 Filii
2671 3480 2855 3523 sumus
2883 3460 3236 3525 reconciliati,
3273 3465 3328 3513 et
3363 3465 3546 3511 tamen
3590 3452 3730 3508 nihil
3759 3451 3806 3505 in

2231 3564 2330 3624 illo
2366 3561 2510 3618 aliud
2546 3559 2720 3630 potuit
2747 3556 2884 3613 mori
2934 3553 3039 3609 nisi
3079 3550 3189 3607 sola
3222 3563 3372 3606 eam.
3401 3545 3472 3600 Et
3500 3547 3605 3600 hoc
3645 3544 3808 3600 solum

2240 3659 2296 3712 in
2354 3656 2442 3712 illo
2492 3653 2738 3708 viderunt
2784 3647 2974 3712 Judaei,
3023 3644 3167 3715 quod
3222 3641 3631 3702 cmciﬁxerunt,
3681 3635 3812 3706 quod

2241 3749 2571 3811 occiderunt,
2596 3744 2738 3814 quod
2758 3749 3029 3798 mortuum
3056 3745 3157 3793 cst.
3176 3734 3282 3791 Sed
3300 3750 3428 3789 cum
3450 3748 3584 3789 caro
3609 3737 3814 3786 lnortua

2243 3847 2326 3894 est
2346 3837 2480 3903 sola,
2512 3835 2608 3891 Dei
2633 3834 2802 3888 Filius
2833 3831 2979 3887 solus
3024 3835 3269 3884 mortuus
3292 3834 3397 3891 est,
3424 3824 3557 3895 quia
3589 3822 3740 3879 solus
3763 3821 3813 3875 in

2244 3931 2350 3986 hoc
2380 3929 2579 3984 mundo
2603 3926 2770 3992 venit,
2792 3932 2848 3980 et
2883 3923 3140 3978 adventus
3165 3918 3284 3988 ejus
3306 3917 3426 3986 ipsa
3464 3932 3596 3972 caro
3624 3925 3725 3970 est.
3761 3911 3818 3967 Et

2205 4051 2216 4062 η
2247 4018 2363 4089 ipsa
2391 4033 2518 4072 caro
2545 4014 2808 4070 exanimis
2825 4011 3039 4082 iacebat
3059 4017 3302 4073 mortua;
3327 4006 3428 4062 sed
3442 4007 3685 4061 Verbum
3703 4015 3818 4056 eam

2249 4108 2451 4163 factum
2477 4121 2586 4161 non
2624 4104 2800 4159 fuerat
2821 4110 3112 4164 mortuum,
3139 4098 3266 4167 quia
3289 4112 3418 4152 cum
3449 4110 3621 4150 carne
3662 4095 3821 4163 ipsum

2249 4199 2489 4254 Verbum
2527 4194 2834 4250 immortale
2874 4201 2928 4248 et
2968 4187 3321 4261 inseparabile
3368 4194 3495 4240 erat
3530 4186 3682 4241 carni
3725 4194 3825 4237 sua:

2251 4288 2308 4342 in
2335 4286 2601 4356 sepulcro,
2635 4284 2775 4339 sicut
2805 4290 2861 4337 et
2887 4281 3123 4336 Verbum
3149 4291 3277 4332 caro
3313 4274 3527 4330 factum
3562 4274 3615 4328 in
3661 4278 3826 4326 utrm.

2253 4380 2322 4434 Et
2344 4377 2493 4432 Patri
2526 4388 2738 4445 semper
2775 4371 2996 4443 aequalis
3035 4367 3362 4440 permansit,
3410 4381 3540 4421 cum
3567 4364 3617 4417 in
3658 4359 3832 4430 εφαι-

2256 4492 2350 4533 cro
2372 4489 2532 4532 carne
2552 4479 2800 4527 mortuus
2813 4468 3004 4538 jacuit,
3025 4473 3080 4521 et
3116 4465 3172 4519 in
3197 4463 3379 4517 anima
3403 4460 3474 4516 ad
3509 4458 3722 4515 inferna
3753 4456 3833 4510 dc-

581 4550 662 4570 ιυο
686 4550 887 4568 unum.
924 4550 1056 4564 ων..
1096 4550 1413 4577 .-μην-η
1445 4550 1560 4572 τ---
1625 4550 1732 4556 .-__
1946 4550 1964 4565 ,
2045 4550 2054 4558 ,

581 4622 687 4678 qua
712 4603 854 4660 facta
899 4609 984 4657 est
1026 4614 1153 4655 vera
1188 4612 1334 4652 mors
1361 4593 1494 4663 ejus,
1528 4602 1583 4650 et
1607 4592 1828 4646 vulnera
1854 4586 2073 4650 conﬁxi,
2104 4596 2141 4638 e1

2227 4569 2486 4659 ,scendit.
2516 4567 2620 4621 Per
2646 4576 2864 4619 carnem
2893 4558 3057 4619 venit,
3085 4563 3140 4611 et
3170 4554 3286 4625 ipsa
3305 4553 3395 4608 via
3421 4550 3547 4620 ejus
3569 4563 3702 4605 caro
3733 4554 3830 4608 est;

2298 4673 2308 4678 -
2348 4663 2359 4674 -
2409 4677 2417 4678 κ
2440 4676 2450 4678 -
2501 4658 2756 4678 -1---...--_
2787 4650 2896 4678 ,ιι-..η
2933 4650 3096 4678 ιιΛηιΛ
3125 4652 3204 4678 ωε
3265 4658 3366 4678 nm
3401 4657 3516 4678 ηηη
3541 4651 3597 4678 οε
3637 4640 3830 4678 19h“...-

581 4697 801 4768 sanguis
823 4693 1087 4766 percussi,
1138 4705 1246 4746 non
1273 4704 1338 4743 eo
1364 4686 1524 4742 modo
1546 4703 1578 4740 a
1618 4683 1926 4740 carnalibus
1974 4694 2080 4749 quo
2129 4692 2162 4733 a

584 4789 954 4860 spiritualibus
997 4785 1320 4855 cogitantur.
1355 4777 1672 4835 Carnalibus
1708 4775 1874 4837 enim,
1922 4780 1983 4827 ut
2021 4769 2165 4825 dixi-

583 4897 724 4945 mus,
746 4879 828 4934 lac
847 4885 952 4943 est,
983 4873 1353 4946 spiritualibus
1377 4869 1550 4925 cibus.
1583 4866 1720 4935 Quia
1746 4864 1849 4919 etsi
1877 4861 2168 4932 spirituali-

587 4971 688 5025 bus
732 4967 937 5042 [Forte,
971 4962 1300 5036 spirituales]
1335 4976 1444 5017 non
1487 4957 1710 5012 audiunt
1740 4953 1967 5022 amplius
2005 4963 2169 5022 quam

591 5059 798 5133 ποντα,
846 5075 1007 5131 quam
1045 5057 1162 5130 qui]
1198 5054 1558 5112 communiter
1603 5048 1827 5104 audiunt
1872 5045 2169 5110 Christum,

592 5147 898 5218 intelligunt
928 5148 1159 5218 amplius
1186 5147 1252 5202 de
1280 5144 1518 5201 Christo.
1541 5138 1658 5194 Non
1687 5135 1966 5207 aequaliter
1992 5139 2173 5188 mente

592 5234 888 5307 percipitur
933 5236 1098 5291 etiam
1153 5236 1298 5306 quod
1344 5234 1398 5288 in
1440 5231 1543 5286 ﬁde
1574 5227 1783 5299 pariter
1819 5225 1888 5280 ab
1928 5221 2175 5290 utrisque

592 5325 909 5396 percipitur.
935 5324 1016 5380 Ita
1039 5324 1102 5380 ﬁt
1123 5333 1183 5380 ut
1209 5323 1531 5396 prmdicatus
1553 5319 1620 5374 ab
1650 5315 1903 5389 apostolis
1923 5311 2173 5368 Christus

598 5414 984 5480 cruciﬁxus,et
1010 5414 1212 5470 Judaeis
1239 5429 1360 5470 esse
1385 5409 1572 5485 [esset]
1598 5406 1931 5471 scandalum,
1969 5411 2022 5459 et
2049 5416 2178 5473 gen-

597 5507 748 5564 tibus
771 5505 1055 5562 stultitiam
1081 5503 1356 5577 [stultitia]
1391 5521 1405 5559 :
1455 5509 1510 5558 et
1553 5501 1686 5571 ipsis
1731 5497 1937 5554 vocatis
1980 5493 2179 5550 Judmis

600 5606 658 5656 et
689 5595 912 5661 Graecis,
941 5594 1040 5650 Dei
1060 5593 1235 5648 virtus
1259 5601 1313 5648 et
1341 5592 1436 5646 Dei
1467 5590 1750 5661 sapientia.
1795 5586 1904 5642 Sed
1944 5581 2182 5640 carnali-

600 5696 706 5752 bus
723 5687 961 5764 parvulis
983 5687 1038 5743 id
1063 5692 1276 5740 tantum
1298 5683 1564 5738 credendo
1594 5677 1929 5751 perientibus
1974 5673 2181 5747 [Forte,

605 5777 1054 5857 experientibus],
1093 5774 1467 5848 spiritualibus
1493 5781 1675 5829 autem
1721 5768 2096 5842 capacioribus
2131 5764 2187 5822 id

610 5878 778 5937 etiam
818 5872 1160 5945 intelligendo
1208 5866 1532 5931 videntibus.
1567 5865 1680 5923 illis
1727 5863 1892 5922 etiam
1927 5869 2189 5935 tanquam

2263 4673 2317 4719 et
2346 4663 2460 4733 ipse
2496 4658 2758 4713 adventus
2784 4650 2900 4720 ejus
2933 4650 3096 4705 homo
3125 4652 3227 4710 est,
3265 4658 3366 4714 pro
3401 4657 3516 4713 quo
3541 4651 3602 4697 et
3637 4640 3838 4694 labora-

2262 4754 2341 4808 vit
2367 4727 2437 4807 ex
2459 4750 2694 4804 itinere:
2725 4744 2868 4799 Deus
2892 4747 3074 4796 autem
3109 4735 3496 4804 sempiternus,
3547 4731 3607 4787 id
3632 4739 3738 4794 est,
3771 4727 3838 4780 di-

2265 4845 2462 4901 vinitas
2491 4839 2663 4910 ipsius
2690 4833 2954 4896 hominis,
3003 4829 3094 4899 qui
3118 4825 3324 4883 creavit
3355 4822 3633 4879 terminos
3675 4831 3839 4874 ten-st.

2267 4953 2377 4994 non
2405 4933 2656 4997 deﬁciet,
2686 4941 2861 4997 neque
2901 4921 3169 4978 laborabit
3194 4959 3212 4986 ,
3238 4932 3341 4973 nec
3389 4925 3480 4972 est
3512 4912 3844 4983 investigatio

2269 5031 2394 5086 vita:
2443 5025 2578 5096 eius.
2623 5021 2875 5076 Attamen
2912 5024 3062 5071 tanta
3092 5013 3300 5069 unitate
3330 5023 3592 5080 persona:
3616 5047 3632 5070 ,
3662 5015 3724 5061 ut
3746 5003 3847 5058 sine

2272 5090 2608 5178 dubitatione
2633 5121 2687 5170 et
2710 5113 2874 5167 homo
2904 5107 3000 5179 qui
3032 5112 3278 5162 mortuus
3303 5106 3388 5157 est
3418 5139 3437 5166 ,
3478 5101 3747 5155 credatur
3767 5090 3849 5148 Dei

2272 5213 2445 5271 Filius
2496 5211 2638 5265 Deus
2670 5220 2852 5269 verus,
2891 5212 2948 5258 et
2974 5215 3138 5257 verus
3184 5199 3349 5261 Deus,
3398 5194 3650 5250 Verbum
3693 5187 3853 5244 Patris

2274 5304 2446 5360 Filius
2487 5301 2740 5357 credatur
2768 5297 2932 5351 homo
2960 5305 3140 5354 verus,
3170 5287 3263 5358 qui
3312 5284 3416 5341 sub
3448 5283 3656 5338 Pontio
3699 5280 3861 5336 Pilato

2278 5395 2589 5459 cruciﬁxus,
2626 5391 2730 5446 hoc
2755 5389 2928 5459 ipsum
2961 5383 3127 5440 Paulo
3155 5375 3400 5450 apostolo
3427 5382 3761 5437 attestante,
3781 5367 3861 5438 qui

2281 5490 2355 5544 ait
2386 5502 2402 5541 :
2432 5485 2491 5540 Si
2515 5483 2651 5539 enim
2675 5478 3045 5551 cognovissent,
3075 5485 3340 5544 nunquam
3365 5466 3668 5522 Dominum
3698 5460 3866 5536 glorise

2282 5575 2680 5646 cruciﬁxissent.
2709 5569 2778 5624 Et
2807 5577 2988 5622 tamen
3031 5565 3136 5620 hoc
3183 5561 3327 5632 quod
3374 5561 3708 5627 despectum
3736 5555 3789 5608 in
3815 5563 3872 5605 eo

2283 5643 2554 5730 viderunt,
2591 5658 2994 5724 cruciﬁxerunt,
3015 5669 3125 5720 non
3148 5653 3252 5709 hoc
3277 5648 3423 5720 quod
3453 5648 3738 5703 Dominus
3774 5643 3875 5714 gle-

2285 5759 2383 5816 riae
2410 5765 2514 5812 est.
2538 5754 2675 5810 Nam
2697 5751 2841 5822 quod
2861 5750 3026 5806 homo
3047 5747 3246 5804 dicitur
3279 5742 3456 5798 Filius
3486 5741 3587 5796 Dei
3623 5754 3804 5794 verus
3834 5743 3878 5790 ά

2287 5852 2432 5908 Deus
2463 5859 2646 5914 venis,
2683 5842 2798 5918 ipse
2830 5839 3091 5900 Dominus
3119 5836 3186 5896 de
3205 5848 3263 5892 se
3289 5831 3462 5892 dicit:
3491 5829 3680 5889 Nemo
3707 5843 3875 5890 ascen-
