3952 6318
205 405 320 464 945

876 401 1160 464 HETERII
1195 406 1288 466 ΕΤ
1326 407 1388 466 S.
1424 406 1628 466 ΒΕΑἹῚ
1663 407 1757 467 AD
1793 408 2202 473 ELIPANDUM
2239 413 2464 474 EPIST.
2501 443 2572 461 --
2603 417 2733 479 LIB.
2772 418 2816 477 I.

3363 399 3476 492 ets

201 528 286 583 dit
313 525 373 579 iu
398 523 605 590 mlunt,
635 521 739 579 uisi
757 523 848 595 qui
871 523 1136 581 descendit
1158 527 1223 582 de
1247 526 1394 593 calo,
1420 526 1596 582 Filius
1617 529 1788 584 homi—
1812 532 1867 594 Α
1888 547 2037 587 num.
2060 532 2195 588 Nam
2219 533 2538 604 inaequalem
2561 534 2713 591 Patri
2736 551 2856 594 esse
2867 536 3062 595 Filium
3081 540 3197 600 Arii
3211 544 3345 604 ﬁdes
3365 561 3472 610 est.

202 619 310 681 uis,
335 616 524 688 quiest
547 615 605 670 in
631 613 779 670 caelo.
811 614 880 670 Et
905 623 1087 672 tamen
1111 616 1261 672 illum
1282 619 1592 692 hominem,
1627 635 1789 690 quem

202 708 355 765 Deus
390 706 626 762 Verbum
663 705 813 762 solus
850 717 1222 777 assumpserat
1242 749 1256 775 ,
1300 725 1410 765 non
1450 726 1574 766 eum
1615 711 1792 767 adhuc

202 799 270 856 in
307 799 443 856 calo
469 799 838 868 imposuerat,
878 797 1018 853 sicut
1054 814 1153 854 nec
1180 800 1246 855 de
1285 800 1422 856 coelo
1452 816 1577 856 eum
1607 815 1792 857 secum

202 889 540 956 adduxerat;
591 888 732 944 sicut
766 895 822 943 et
849 887 916 944 de
941 888 1036 944 illo
1059 889 1256 958 legitur
1293 888 1516 944 :Filius
1565 891 1792 946 hominis

200 980 477 1036 descendit
507 979 571 1034 de
597 979 745 1045 calo,
797 987 851 1034 et
900 979 1068 1035 Filius
1120 980 1217 1034 Dei
1269 980 1562 1036 cruciﬁxus
1608 988 1691 1036 est
1739 981 1794 1035 in

202 1079 378 1126 terra.
421 1069 531 1125 Sed
575 1070 680 1124 hoc
728 1076 900 1123 totum
931 1084 1118 1124 verum
1144 1078 1228 1124 est
1250 1109 1266 1136 ,
1294 1070 1420 1140 quia
1452 1085 1518 1126 ex
1564 1079 1795 1140 utroque

204 1177 355 1217 unus
380 1159 633 1216 Christus
661 1158 830 1215 Filius
861 1160 957 1215 Dei
979 1170 1062 1217 est
1093 1178 1106 1214 :
1133 1161 1258 1230 quia
1283 1161 1398 1230 ipse
1425 1160 1702 1216 descendit
1728 1161 1795 1216 de

200 1251 371 1318 caelo,
408 1261 463 1306 et
491 1250 606 1320 ipse
642 1259 728 1305 est
763 1249 932 1306 Filius
960 1250 1094 1315 Dei,
1128 1251 1220 1321 qui
1249 1253 1350 1307 sub
1398 1250 1590 1307 Pontio
1618 1250 1793 1307 Pilato

201 1341 502 1399 cruciﬁxus
547 1351 632 1398 est
667 1342 725 1398 in
754 1350 918 1396 terra.
949 1340 1083 1396 Nam
1113 1350 1169 1398 et
1202 1341 1446 1396 diabolus
1470 1381 1485 1407 ,
1519 1356 1642 1397 cum
1670 1355 1796 1396 eum

200 1442 487 1502 tentaret,
540 1435 711 1489 dixit:
745 1433 807 1490 Si
834 1432 1008 1488 Filius
1032 1433 1130 1489 Dei
1163 1451 1246 1500 es,
1279 1435 1364 1488 dic
1388 1444 1445 1488 ut
1475 1433 1672 1503 lapides
1707 1435 1795 1488 isti

198 1542 371 1598 panes
394 1525 548 1594 ﬁant.
577 1525 645 1580 Et
673 1525 778 1580 alio
798 1525 918 1581 loco
947 1524 1083 1579 dixit
1113 1526 1354 1582 :Scimus
1377 1527 1502 1597 quia
1526 1526 1599 1581 sis
1621 1523 1795 1581 Filius

201 1613 332 1680 Dei,
369 1617 462 1685 qui
492 1617 674 1671 uenisti
697 1624 819 1669 ante
846 1625 1044 1686 tempus
1071 1624 1311 1688 torquere
1333 1633 1448 1670 nos.

278 1704 566 1763 LXXXIV.
607 1704 877 1777 Antiquus
913 1705 1097 1776 itaque
1143 1705 1317 1762 hostis
1369 1706 1794 1778 Redemptorem

199 1796 431 1852 humani
452 1797 663 1869 generis
676 1798 845 1853 Deum
863 1797 1250 1854 debellatorem
1272 1812 1430 1854 suum
1454 1797 1512 1854 in
1529 1798 1793 1854 mundum
1819 1833 1872 1897 Β
1896 1829 2059 1886 quam
2089 1825 2208 1872 erat
2237 1817 2487 1874 Christus
2508 1819 2678 1876 Filius
2691 1796 2809 1876 hei.

202 1887 423 1942 venisse
452 1888 735 1958 cognovit;
764 1889 856 1958 qui
897 1896 1079 1944 tamen
1110 1889 1427 1960 priusquam
1461 1905 1586 1946 eum
1621 1891 1795 1962 passi-

200 1976 375 2036 hilem
403 1979 632 2047 videret,
659 1996 782 2037 cum
808 1978 1172 2053 [Forte,eum]
1216 1996 1374 2051 posse
1395 1982 1646 2038 mortalia
1681 1982 1797 2053 pati

207 2086 375 2140 quem
402 2071 675 2127 hominem
717 2072 952 2138 videbat,
981 2086 1141 2128 omne
1186 2072 1332 2142 quod
1361 2072 1427 2128 de
1455 2070 1573 2142 ejus
1594 2072 1793 2128 divini-

209 2173 325 2220 tate
344 2166 590 2232 credidit,
616 2165 851 2222 elatione
873 2181 986 2222 suae
1006 2165 1270 2236 superbiae
1290 2165 1347 2220 in
1375 2164 1598 2221 dubium
1622 2165 1791 2222 venit.

204 2255 365 2312 Nihil
405 2257 597 2328 quippe
624 2257 827 2314 humile
850 2258 1096 2328 sapiens,
1147 2257 1252 2313 nisi
1284 2266 1494 2313 tantum
1531 2259 1675 2328 quod
1699 2273 1791 2316 su:-

204 2349 445 2419 perbum
466 2350 754 2415 erat,-dum
783 2349 1056 2405 hominem
1077 2365 1198 2406 esse
1218 2350 1473 2406 humilem
1493 2351 1788 2422 conspicit,

205 2437 387 2493 Deum
430 2453 549 2495 esse
589 2440 871 2496 dubitavit.
920 2441 1076 2498 Unde
1120 2442 1190 2498 ad
1228 2442 1586 2499 tentationum
1632 2458 1795 2514 argu-

207 2537 398 2584 menta
423 2544 480 2586 se
505 2531 810 2598 convertit,
836 2532 1022 2590 dicens
1052 2547 1068 2587 :
1105 2531 1166 2590 Si
1193 2531 1367 2589 Filius
1392 2533 1492 2588 Dei
1515 2551 1588 2601 es,
1627 2535 1714 2590 dic
1738 2545 1795 2590 ut

206 2621 414 2692 lapides
437 2624 525 2679 isti
559 2641 718 2695 panes
750 2625 903 2695 ﬁant.
945 2625 1081 2694 Quia
1105 2626 1269 2698 igitur
1297 2627 1609 2700 passibilem
1637 2628 1790 2697 vidit,

208 2728 324 2768 non
361 2714 777 2784 Deumnatum,
809 2716 904 2774 sed
938 2717 1033 2774 Dei
1070 2720 1247 2790 gratia
1273 2718 1600 2776 custoditum
1626 2719 1796 2776 credi-

209 2804 314 2861 dit.
351 2804 490 2873 Quid
509 2807 576 2862 de
605 2807 911 2865 hominibus
933 2809 1113 2866 dicere
1132 2825 1436 2882 possumus,
1471 2819 1670 2882 quanta
1695 2812 1796 2868 hu-

211 2897 442 2953 militate
475 2898 664 2954 habuit
683 2899 856 2956 Filius
878 2900 1006 2956 Dei?
1031 2917 1156 2957 cum
1182 2911 1238 2958 et
1266 2902 1379 2972 ipse
1409 2902 1672 2969 diabolus,
1699 2901 1796 2973 qui

210 3002 410 3043 omnes
436 2990 678 3044 tentabat
703 2990 770 3044 ad
813 2993 1174 3062 peccandum,
1212 2999 1269 3047 et
1297 2991 1498 3061 aliquid
1539 3007 1697 3048 suum
1738 2991 1794 3048 in

210 3077 326 3133 illis
360 3080 749 3149 cognoscebat,
785 3089 841 3136 et
874 3080 931 3136 in
955 3079 1195 3149 Christo,
1222 3083 1316 3137 ubi
1353 3082 1490 3137 nihil
1515 3098 1672 3138 suum
1699 3097 1793 3139 co-

209 3169 422 3240 gnovit,
461 3185 582 3225 cum
613 3169 816 3226 diceret
846 3185 860 3224 :
895 3171 1103 3228 Scimus
1128 3173 1265 3227 enim
1289 3173 1415 3244 quia
1441 3174 1515 3228 sis
1540 3183 1793 3241 sanctus;

211 3268 272 3315 et
293 3275 420 3314 eum
447 3261 615 3316 Deum
652 3277 772 3318 esse
802 3262 1084 3318 dubitavit.
1122 3263 1189 3319 Et
1210 3265 1314 3320 hoc
1338 3265 1616 3322 humilitas
1638 3264 1797 3321 facie-

210 3349 333 3417 bat,
363 3349 417 3405 id
449 3361 552 3418 est,
597 3352 906 3409 humanitas
951 3369 1112 3424 quam
1157 3363 1542 3426 assumpserat.
1573 3356 1641 3410 Et
1678 3357 1795 3426 ipsa

211 3443 530 3501 humanitas
572 3459 760 3501 omnes
786 3447 1047 3516 superbos
1071 3455 1127 3502 et
1163 3447 1334 3503 elatos
1375 3447 1793 3518 scandalizabat,

212 3535 359 3592 sicut
385 3545 440 3590 et
463 3535 619 3592 hodie
639 3537 986 3592 scandalizat.
1012 3537 1148 3594 Nam
1177 3554 1300 3595 cum
1330 3556 1473 3595 nunc
1493 3556 1681 3597 omnes
1702 3557 1798 3597 au-

214 3631 375 3686 diunt
400 3629 674 3685 Christum
689 3670 706 3697 ,
734 3645 840 3686 non
864 3647 1056 3688 omnes
1079 3648 1187 3690 uno
1211 3633 1370 3690 modo
1393 3633 1612 3703 capiunt
1636 3634 1796 3690 Chri-

212 3728 387 3778 stum.
407 3720 541 3775 Nam
566 3721 610 3778 si
641 3737 832 3778 omnes
850 3722 1150 3796 interroges
1171 3724 1510 3782 Christianos
1534 3735 1589 3781 et
1614 3725 1796 3783 dicas:

213 3810 457 3867 Creditis
497 3811 809 3868 Christum?
851 3829 1039 3890 omnes
1089 3831 1198 3870 uno
1248 3831 1344 3871 ore
1377 3817 1800 3888 respondebunt,

215 3911 336 3958 tam
363 3904 611 3960 catholici
643 3921 804 3976 quam
841 3907 1080 3963 haeretici
1099 3948 1114 3975 ,
1142 3916 1255 3964 tam
1288 3909 1415 3964 boni
1449 3924 1610 3979 quam
1636 3910 1799 3978 mali,

212 4004 275 4052 et
303 3997 514 4064 dicent,
544 3997 844 4055 Credimus.
877 4000 946 4054 Et
986 4001 1089 4056 hoc
1114 4008 1325 4056 tantum
1353 4017 1445 4057 ore
1480 4003 1804 4073 proﬁtentur

213 4089 487 4155 haeretici,
510 4090 603 4144 sed
641 4090 696 4145 in
732 4091 894 4146 corde
922 4091 1066 4148 aliud
1100 4091 1446 4162 suspicantur
1484 4108 1604 4150 esse
1640 4093 1770 4150 Chri

213 4186 372 4236 stum
399 4181 536 4249 quod
557 4195 664 4235 non
683 4190 766 4236 est
791 4180 1058 4240 Christus.
1081 4184 1149 4239 Et
1175 4192 1357 4240 tamen
1382 4185 1436 4239 in
1461 4194 1574 4242 toto
1597 4188 1802 4243 mundo

212 4273 365 4328 bona
395 4271 534 4327 fama
570 4283 786 4330 resonat
809 4274 1041 4341 Christi,
1072 4277 1197 4347 quia
1226 4278 1426 4356 ubique
1451 4287 1536 4333 εει
1560 4278 1804 4335 Ecclesia

214 4361 448 4430 Christi,
481 4379 601 4435 qua:
639 4365 768 4438 legit
814 4366 1150 4438 Scripturam
1185 4369 1249 4425 de
1277 4369 1493 4426 Christo
1530 4379 1585 4426 et
1622 4371 1806 4427 laudat

216 4453 520 4509 Christum.
554 4454 622 4509 Et
658 4471 782 4510 cum
811 4471 998 4513 omnes
1035 4457 1249 4514 laudem
1278 4467 1334 4514 et
1365 4461 1504 4516 bona
1532 4475 1590 4535 se
1614 4470 1805 4531 putent

1889 619 2060 688 Quem
2090 622 2254 693 Virgo
2293 624 2502 693 peperit
2545 640 2653 681 non
2679 641 2799 682 esse
2825 627 3019 686 Filium
3049 632 3146 689 Dei
3169 673 3185 701 ,
3224 636 3472 708 Elipandi

1889 714 2023 770 ﬁdes
2066 723 2168 770 est.
2204 715 2461 773 Veritatis
2481 733 2699 775 carnem
2726 737 2833 777 non
2870 739 2990 780 esse
3022 741 3207 783 veram
3231 745 3473 802 carnem,

1891 806 2305 864 Manichaeorum
2325 809 2459 868 ﬁdes
2486 819 2588 867 est.
2617 813 2725 869 Sed
2751 818 2876 885 quia
2899 817 3004 874 hoc
3031 828 3201 876 totum
3234 824 3370 880 nihil
3393 835 3476 883 est

1890 898 2123 963 bonum,
2158 900 2284 967 quia
2319 901 2420 955 hoc
2449 918 2555 957 non
2585 911 2668 959 est
2702 903 2979 976 Christus,
3013 909 3068 963 in
3105 919 3338 982 utroque
3377 915 3480 971 fal-

1891 988 2093 1056 luntur,
2109 1006 2207 1047 nec
2226 992 2549 1049 dantveram
2561 996 2786 1066 gloriam
2807 999 3042 1071 Christo,
3067 1006 3315 1074 quamvis
3335 1009 3477 1078 apud

1891 1095 1984 1138 eos
2013 1097 2133 1138 esse
2155 1084 2400 1139 videatur
2429 1101 2552 1141 cum
2575 1087 2734 1144 laude
2761 1092 2902 1146 bona
2940 1091 3084 1150 fama
3112 1097 3177 1152 de
3199 1096 3438 1155 Christo.

1963 1171 2248 1229 LXXXVI.
2281 1175 2348 1230 Et
2381 1192 2569 1232 omnes
2599 1179 2755 1249 plane
2781 1183 3042 1249 haeretici,
3074 1202 3210 1256 quos
3241 1205 3477 1247 comme-

1892 1277 2106 1318 morare
2129 1265 2291 1322 nimis
2318 1266 2535 1339 longum
2565 1277 2666 1334 est,
2704 1272 2796 1341 qui
2840 1273 2904 1328 de
2935 1274 3152 1331 Christo
3189 1293 3297 1333 non
3329 1289 3477 1337 recte

1893 1355 2153 1423 sentiunt,
2211 1357 2329 1412 ideo
2373 1368 2560 1414 errant
2607 1362 2734 1430 quia
2780 1379 2904 1419 eum
2952 1381 3059 1421 non
3092 1367 3312 1424 laudant
3355 1385 3474 1438 ore,

1895 1462 2020 1503 cum
2045 1447 2111 1503 de
2140 1449 2302 1505 corde
2339 1465 2467 1506 vera
2513 1468 2621 1508 non
2668 1456 2926 1510 sentiunt.
2960 1457 3067 1514 Sed
3093 1475 3218 1514 cum
3259 1475 3352 1517 eos
3383 1477 3475 1517 ca-

1894 1540 2129 1596 tholicus
2156 1543 2590 1612 reprehenderit,
2620 1546 2747 1602 victi
2773 1563 2833 1603 se
2870 1550 3094 1606 reddere
3124 1552 3313 1608 nolunt
3331 1596 3344 1618 ,
3378 1555 3476 1610 sed

1896 1631 2036 1686 unde
2061 1632 2416 1702 convineant,
2459 1650 2656 1706 novum
2694 1638 2886 1710 dogma
2910 1642 3235 1712 excogitant.
3284 1643 3377 1699 Sic
3400 1642 3478 1698 I‘e—

1896 1736 2086 1781 cerunt
2114 1727 2274 1783 Arius
2296 1769 2311 1793 ,
2343 1729 2428 1784 vel
2463 1731 2645 1785 ereteri
2673 1731 2768 1800 qui
2807 1731 2950 1788 aliud
2993 1742 3323 1804 putaverunt
3355 1751 3478 1792 esse

2838 1823 2974 1878 Nam
3002 1826 3143 1881 sicut
3170 1840 3271 1882 nos
3291 1840 3481 1882 sumus

1894 1906 1993 1962 ﬁlii
2015 1923 2238 1974 eorum,
2287 1910 2380 1979 qui
2411 1911 2492 1966 sic
2527 1912 2798 1969 credimus
2827 1914 2882 1968 in
2921 1914 3163 1971 Ecclesia
3213 1915 3478 1972 catholica

1893 2008 1954 2055 ut
1973 1999 2053 2054 illi
2076 2001 2421 2057 crediderunt
2465 2003 2738 2059 Christum
2758 2045 2774 2071 ,
2799 2006 2881 2060 sic
2913 2023 3058 2063 nunc
3087 2016 3214 2064 sunt
3242 2008 3340 2064 ﬁlii
3369 2010 3480 2064 ha:-

1894 2091 2208 2159 reticorum,
2233 2093 2325 2161 qui
2348 2100 2510 2164 negat
2531 2093 2801 2150 hominem
2825 2096 2997 2151 Deum
3031 2112 3152 2153 esse
3176 2098 3476 2155 Christum.

1894 2189 2043 2247 Nova
2087 2191 2390 2262 proferunt,
2441 2193 2566 2264 quia
2620 2195 2892 2264 sapientes
2942 2195 3116 2251 videri
3159 2196 3368 2251 volunt.
3403 2197 3480 2253 De

1893 2281 2026 2352 ipsis
2045 2283 2305 2352 propheta
2331 2283 2460 2338 dicit
2486 2298 2501 2337 :
2531 2282 2604 2337 Hi
2632 2294 2755 2339 sunt
2780 2285 2900 2354 ﬁlii,
2930 2286 3064 2340 sicut
3088 2285 3302 2340 novella:
3323 2285 3477 2356 plan-

1893 2374 2151 2428 tationum
2180 2374 2236 2428 in
2271 2375 2544 2444 jurentute
2579 2392 2698 2431 sua.
2747 2376 3019 2432 Plantatio
3043 2393 3232 2434 eorum
3257 2394 3367 2434 non
3393 2386 3480 2434 est

1891 2471 2066 2528 vetus,
2111 2465 2208 2521 sed
2232 2466 2441 2522 novella
2465 2476 2570 2522 est.
2597 2467 2714 2524 Non
2742 2469 2886 2524 enim
2910 2470 2976 2525 de
2995 2470 3165 2525 veteri
3191 2471 3332 2541 lege,
3371 2485 3478 2525 non

1893 2564 1978 2612 est
2007 2557 2072 2612 de
2097 2557 2376 2627 prophetis
2393 2598 2408 2624 ,
2437 2574 2548 2615 non
2581 2567 2665 2616 est
2690 2560 2758 2615 de
2787 2561 3063 2631 apostolis,
3108 2561 3203 2618 sed
3228 2561 3296 2617 de
3325 2561 3480 2616 novis

1893 2648 2170 2717 magistris
2194 2656 2296 2705 est.
2342 2648 2478 2706 Novi
2507 2659 2670 2719 sunt,
2720 2652 2852 2722 quia
2883 2667 3025 2709 nova
3067 2661 3125 2708 et
3169 2667 3384 2722 semper
3411 2651 3481 2708 de

1891 2739 2112 2797 Christo
2130 2741 2459 2812 excogitant.
2499 2741 2726 2812 Semper
2749 2741 2978 2811 juvenes
2998 2751 3144 2800 sunt.
3168 2742 3322 2800 Licet
3343 2743 3482 2798 mul-

1894 2837 1966 2887 tae
1990 2831 2098 2886 sint
2130 2831 2364 2887 luereses
2385 2871 2400 2898 ,
2431 2838 2610 2888 tamen
2643 2835 2882 2904 quotidie
2916 2842 3228 2902 mutantur,
3257 2841 3312 2890 et
3341 2849 3479 2889 nova

1894 2921 2136 2992 quotidie
2163 2920 2462 2978 inveniunt.
2490 2922 2764 2979 Noverunt
2794 2925 2923 2995 ipsae
2947 2926 3201 2989 haereses,
3229 2924 3357 2979 licet
3383 2938 3477 2977 ve-

1896 3018 2044 3066 teres
2069 3012 2207 3078 sint,
2239 3021 2420 3069 tamen
2447 3029 2569 3069 cum
2591 3015 2831 3086 quotidie
2871 3016 3171 3071 doctrinam
3213 3030 3368 3070 suam
3397 3015 3480 3069 iu-

1896 3112 2116 3172 novant,
2161 3107 2287 3162 novi
2313 3116 2458 3163 sunt.
2490 3108 2626 3164 Novi
2673 3110 2817 3164 enim
2859 3117 3104 3164 veterum
3141 3117 3267 3165 sunt
3310 3107 3483 3179 magi-

1820 3223 1870 3290 c
1899 3202 2138 3252 strorum
2187 3211 2420 3264 errores,
2450 3198 2544 3254 sed
2570 3200 2808 3268 quotidie
2845 3199 2949 3269 ipsi
2995 3215 3132 3256 nova
3160 3201 3440 3257 inveniunt
3462 3243 3478 3268 ,

1895 3291 2042 3360 quod
2065 3288 2308 3344 Ecclesia
2342 3304 2451 3343 non
2477 3289 2627 3345 facit.
2671 3289 2928 3344 Hmretici
2957 3305 3088 3344 vero
3109 3298 3165 3344 et
3194 3290 3481 3346 haereticos

1897 3379 2214 3453 [haereticis]
2256 3381 2566 3445 detrahunt,
2595 3395 2825 3450 quorum
2857 3379 2954 3434 ﬁlii
2990 3388 3115 3435 sunt
3147 3396 3248 3450 per
3275 3381 3480 3437 doctri-

1895 3484 2022 3527 nam
2050 3477 2104 3524 et
2145 3469 2305 3524 Iidem
2325 3509 2340 3536 ,
2395 3477 2452 3524 et
2498 3470 2735 3538 ipsorum
2763 3471 2928 3525 verba
2957 3470 3388 3540 reprehendunt;
3426 3477 3482 3526 et

1896 3570 2078 3619 tamen
2111 3561 2169 3616 in
2196 3561 2365 3617 altero
2391 3575 2549 3618 sensu
2576 3563 2691 3632 ipsa
2721 3562 2938 3630 dicunt,
2968 3563 3094 3633 quia
3119 3563 3273 3619 novis
3295 3564 3478 3620 verbis

1897 3654 2034 3711 nihil
2058 3654 2204 3710 aliud
2241 3669 2403 3724 quam
2453 3655 2569 3724 ipsa
2597 3663 2756 3722 sunt,
2805 3663 2862 3712 et
2906 3670 3120 3725 semper
3149 3663 3392 3721 mutant,
3421 3662 3478 3710 et

1897 3748 2066 3804 multa
2093 3755 2236 3804 sunt.
2267 3747 2522 3804 Ecclesiae
2555 3755 2737 3804 tamen
2784 3749 2948 3806 verba
2981 3764 3091 3804 non
3132 3756 3257 3804 sunt
3283 3748 3474 3817 multa,

1898 3849 1954 3897 et
1979 3841 2096 3912 ipsa
2119 3857 2228 3898 non
2252 3835 2556 3910 mutantur,
2589 3845 2716 3916 quia
2741 3843 2896 3899 ﬁrma
2921 3852 3078 3912 sunt;
3121 3851 3176 3899 et
3204 3860 3342 3901 nova
3369 3859 3477 3900 non

1897 3940 2056 3997 sunt,
2094 3934 2220 4002 quia
2264 3935 2380 4005 ipsa
2410 3941 2522 3991 tota
2568 3936 2623 3992 in
2653 3936 2908 4008 Symbolo
2935 3947 3078 3992 sunt.
3119 3937 3188 3992 Et
3221 3937 3482 4009 quidquid

1900 4021 2048 4079 foras
2075 4025 2375 4095 symbolum
2399 4036 2517 4092 est,
2550 4028 2930 4085 hmreticorum
2953 4031 3120 4086 verba
3155 4039 3302 4086 sunt.

1971 4116 2275 4174 LXXXVII.
2320 4118 2454 4174 Nam
2501 4121 2658 4177 multi
2687 4137 2796 4178 non
2835 4121 3140 4191 intelligunt
3176 4121 3322 4176 hunc
3358 4135 3481 4177 ser-

1902 4224 2115 4265 monem
2141 4225 2312 4280 quare
2348 4211 2558 4268 dicatur
2595 4212 2928 4284 Symbolum.
2979 4212 3294 4288 Symbolum
3335 4211 3482 4266 enim

1902 4299 2108 4366 Gmece,
2131 4301 2275 4369 quod
2295 4301 2487 4357 Latine
2511 4301 2707 4357 dicitur
2742 4302 2999 4358 indicium
3025 4310 3082 4357 et
3125 4301 3366 4358 collatio.
3392 4300 3484 4354 ln-

1902 4392 2104 4448 dicium
2127 4402 2246 4458 est,
2279 4395 2405 4464 quia
2442 4395 2638 4451 indicat
2675 4396 2762 4451 cui
2796 4397 3018 4452 credere
3060 4395 3383 4460 debeamus,
3426 4395 3484 4449 id

1901 4490 2003 4547 est,
2029 4483 2122 4538 uni
2149 4484 2260 4540 Deo
2285 4484 2454 4552 Patri,
2477 4492 2531 4542 et
2552 4485 2710 4554 Filio,
2733 4494 2788 4542 et
2809 4486 3036 4557 Spiritui
3070 4495 3279 4542 sancto.
3309 4483 3485 4554 Super

551 4545 794 4649 Emis"),
837 4557 889 4604 θί
919 4557 1102 4649 fame“
1125 4549 1417 4649 ίίλυξιηῑυτν
1466 4552 1592 4624 (ἰυίθ
1617 4553 1802 4609 dicunt
1826 4585 1884 4649 Ι)
1907 4544 2219 4643 Symbolum
2246 4575 2374 4644 quid
2422 4544 2488 4632 de
2514 4576 2626 4634 Deo
2667 4544 2988 4648 quaeramus,
3040 4587 3150 4634 tam
3195 4579 3254 4634 in
3295 4544 3483 4635 Yet-eri

214 4636 428 4707 aliquid
454 4639 519 4693 de
547 4638 762 4694 Christo
793 4640 934 4710 quod
961 4656 1067 4696 non
1093 4650 1176 4698 est
1214 4641 1479 4700 Christus.

292 4749 557 4808 LXXXV.
598 4751 715 4808 Non
757 4761 936 4823 potest
963 4769 1154 4810 verum
1177 4755 1356 4812 dicere
1384 4757 1450 4812 de
1477 4756 1696 4814 Christo
1735 4758 1803 4813 de

214 4841 380 4910 cujus
398 4857 494 4898 ore
530 4859 640 4904 non
668 4844 904 4914 loquitur
949 4845 1184 4916 Spiritus
1210 4855 1464 4915 sanctus,
1506 4849 1647 4905 sicut
1689 4849 1804 4919 ipse

216 4931 487 4989 Dominus
512 4934 588 4988 ait
624 4947 640 4988 :
681 4933 806 4990 Non
841 4936 978 4991 enim
1001 4953 1087 4992 vos
1121 4938 1240 4992 estis
1268 4939 1358 5008 qui
1396 4938 1692 5010 loquimini,
1710 4939 1802 4994 sed

218 5022 460 5093 Spiritus
488 5023 667 5080 Patris
687 5026 838 5081 uestri
861 5026 1091 5097 loquitur
1114 5029 1169 5082 in
1200 5029 1360 5084 vobis.
1383 5030 1553 5085 Deum
1577 5031 1805 5087 credunt

215 5126 349 5168 esse
369 5111 558 5180 Deum,
585 5124 640 5171 et
674 5117 875 5172 bonum
908 5126 1020 5184 est;
1049 5121 1144 5175 sed
1179 5135 1303 5174 cum
1339 5119 1615 5177 Christum
1637 5122 1807 5178 homi-

214 5218 353 5260 nem
373 5205 690 5262 cruciﬁxum
712 5222 818 5262 non
842 5209 1068 5264 credunt
1085 5224 1204 5267 esse
1229 5211 1418 5278 Deum,
1444 5212 1647 5267 malum
1675 5221 1759 5269 est
1787 5227 1803 5269 :

217 5303 280 5351 et
309 5295 496 5351 dicunt
518 5311 575 5352 se
609 5298 782 5356 Deum
823 5300 1044 5358 laudare
1066 5312 1122 5358 et
1152 5303 1204 5358 ei
1249 5303 1476 5373 gloriam
1507 5305 1669 5372 dare,
1712 5307 1808 5362 sed

217 5405 336 5446 non
367 5396 449 5445 est
476 5405 603 5446 vera
629 5391 817 5465 gloria,
855 5395 982 5464 quia
1026 5394 1304 5451 falluntur.
1349 5395 1484 5452 Nam
1519 5405 1574 5453 et
1605 5399 1807 5457 bonum

217 5485 421 5550 putant
450 5493 572 5537 esse
595 5483 739 5552 quod
776 5484 977 5542 bonum
1020 5501 1129 5542 non
1165 5496 1268 5542 est.
1297 5487 1366 5542 Et
1411 5486 1684 5544 Christum
1711 5505 1808 5560 pu-

218 5576 352 5624 tant
371 5583 491 5626 esse
514 5572 658 5642 quod
686 5573 933 5632 Christus
958 5593 1065 5634 non
1102 5586 1204 5634 est.
1245 5578 1588 5650 Unigcnitum
1611 5580 1808 5638 Filium

219 5659 494 5728 :equalem
524 5677 634 5718 non
662 5679 781 5720 esse
801 5664 966 5732 Patri,
991 5683 1100 5724 non
1125 5676 1208 5724 est
1238 5669 1459 5725 bonum.
1483 5670 1677 5728 Filium
1704 5672 1810 5728 vir-

224 5751 378 5822 ginis
403 5752 584 5811 Maria:
616 5772 723 5812 non
747 5772 866 5815 esse
909 5759 1007 5816 Dei
1048 5761 1277 5828 Filium,
1326 5779 1431 5819 non
1461 5771 1544 5820 cst
1583 5764 1805 5822 bonum.

227 5841 500 5904 Veritatis
514 5861 732 5909 carnem
751 5866 858 5910 non
878 5866 1001 5912 esse
1019 5868 1202 5912 veram
1228 5867 1466 5929 carnem,
1481 5871 1590 5914 non
1612 5864 1696 5914 est
1710 5856 1809 5934 bo:

1903 4679 2065 4733 quam
2093 4663 2148 4718 in
2173 4663 2324 4722 Novo
2349 4667 2698 4724 Testamento
2726 4669 2988 4740 scriptum
3021 4684 3128 4724 non
3155 4668 3479 4724 invenimus.

1902 4755 1972 4812 Et
1997 4755 2212 4813 collatio
2241 4759 2439 4814 dicitur
2479 4759 2816 4832 Symbolum,
2847 4762 2950 4818 hoc
2973 4769 3077 4828 est,
3113 4761 3257 4832 quod
3299 4760 3484 4830 plures

1905 4848 1959 4904 in
2009 4864 2175 4904 unum
2209 4850 2513 4908 conferunt.
2558 4852 2693 4908 Nam
2730 4853 2970 4910 haeretici
3019 4852 3332 4924 singillatim
3379 4851 3484 4909 sibi

1905 4938 2212 5004 adveniunt,
2260 4955 2528 4997 venenum
2575 4943 2720 5014 quod
2766 4943 2928 5000 melle
2965 4943 3180 4999 linitum
3228 4942 3480 5010 aﬁ‘erunt,

1905 5035 1960 5083 ει
1981 5029 2230 5097 parvulos
2267 5031 2537 5088 occidunt.
2569 5033 2696 5091 Haec
2713 5050 2812 5106 per
2852 5035 3112 5106 Spiritum
3132 5043 3377 5093 sanctum
3403 5036 3486 5091 vi-

1905 5125 2095 5180 dentes
2115 5125 2364 5195 apostoli,
2385 5127 2671 5184 collatione
2693 5128 2836 5184 l‘acta
2858 5129 2915 5185 in
2933 5145 3122 5198 unum,
3158 5144 3477 5200 composue-

1906 5221 2031 5268 runt
2054 5213 2399 5286 Symbolum,
2426 5226 2487 5274 ut
2507 5233 2606 5288 per
2643 5219 2818 5291 ipsum
2862 5219 3029 5277 falsos
3052 5220 3324 5292 apostolos
3348 5235 3482 5276 con-

1905 5303 2143 5360 vinceret
2183 5305 2445 5363 Ecclesia.
2492 5307 2628 5364 Nam
2651 5310 2835 5366 dicunt
2864 5309 3096 5380 majores
3134 5311 3305 5366 nostri
3341 5309 3485 5380 quod

1905 5404 2027 5469 post
2062 5398 2434 5455 ascensionem
2468 5401 2680 5458 Domini
2724 5410 2780 5459 et
2813 5402 3112 5460 Salvatoris
3147 5403 3319 5459 nostri
3353 5401 3486 5458 Jesu

1907 5488 2127 5556 Christi,
2168 5491 2271 5545 hoc
2289 5493 2621 5562 symbolum,
2658 5495 2822 5552 breve
2842 5495 2946 5553 sibi
2971 5495 3375 5567 przedicationis
3403 5493 3484 5550 in-

1907 5578 2465 5648 dicium,cont‘erendo
2478 5585 2534 5640 in
2554 5600 2740 5652 unum,
2759 5587 2902 5658 quod
2926 5588 3232 5644 sentiebant
3261 5601 3481 5656 compo-

1907 5680 2072 5738 nunt;
2105 5687 2173 5727 ne
2193 5673 2433 5730 localiter
2457 5678 2524 5733 ab
2558 5677 2788 5736 invicem
2820 5679 3178 5745 discedentes,
3208 5679 3482 5734 diversum

1909 5763 2108 5833 aliquid
2131 5764 2212 5820 vel
2243 5765 2519 5824 dissonum
2563 5770 2948 5840 praedicaretur
2981 5771 3069 5828 his
3094 5769 3187 5838 qui
3215 5767 3285 5824 ad
3319 5767 3479 5822 ﬁdem

1905 5856 2110 5918 Christi
2133 5859 2514 5951 invitabantur.
2538 5865 2608 5928 Et
2628 5867 2734 5928 hac
2750 5867 2857 5928 ﬁde
2877 5865 3092 5942 proﬁcit
3111 5859 3372 5949 Ecclesia:
3392 5860 3479 5936 ,δί’
