3952 6318
453 350 546 424 947

1271 361 1676 429 ELlPANDUS,
1715 359 1945 421 FELIX,
1984 351 2329 410 llETl‘JlllUS
2367 355 2456 412 ET
2496 359 2555 414 S.
2598 361 2891 420 BEATUS.

3618 363 3727 424 948

453 487 559 548 qua
591 471 797 540 dictum
833 479 916 530 est
942 486 1040 546 per
1075 472 1394 545 prophetam
1426 491 1438 528 :
1475 472 1607 530 Filii
1647 473 1725 528 tui
1753 477 1885 528 sicut
1936 485 2030 527 no-
2053 463 2106 528 Α
2129 462 2222 531 (ἰαί
2251 465 2323 520 εει
2361 467 2649 526 haereticus
2685 473 2709 525 τ
2743 472 2915 528 Multa
2959 482 3130 531 sunt:
3155 476 3251 532 sed
3277 491 3346 533 ex
3380 475 3579 534 multis
3621 481 3729 537 tria

453 561 598 620 vellte
637 559 892 622 olivarum
919 564 977 620 in
1021 565 1244 624 circuitu
1278 580 1468 622 mensa:
1521 573 1646 620 tute.
1680 563 1809 618 Haec
1843 575 2030 618 mensa

455 655 733 728 Scriptum
751 672 904 718 sacra
931 665 1033 714 εει.
1052 657 1212 714 Panis
1233 657 1326 729 qui
1351 657 1667 721 comeditur,
1697 655 1896 712 Christi
1914 670 2035 710 cor-

449 755 683 828 pusest.
716 747 785 804 Et
823 762 1018 820 corpus
1055 747 1260 804 Christi
1286 748 1430 818 quod
1454 747 1842 805 manducamus
1863 784 1878 810 ,
1924 759 2032 802 non

453 831 628 916 solum
663 855 859 912 panem
893 838 1023 918 μου
1063 838 1243 912 panis]
1275 847 1330 896 et
1352 840 1534 896 vinum
1555 840 1644 909 qui
1667 853 1828 909 super
1862 837 2032 894 altare

449 930 702 1004 ,oil‘ertur,
727 946 921 1002 corpus
946 929 1148 990 Christi
1171 939 1273 998 est,
1294 931 1392 988 sed
1414 938 1470 987 et
1495 932 1669 1000 ipsum
1682 929 2032 1000 Evangelium

447 1015 654 1095 corpus
687 1023 889 1080 Christi
931 1031 1035 1080 εει.
1073 1023 1145 1080 Ει
1177 1039 1302 1080 cum
1340 1023 1688 1095 Evangelium
1717 1022 1946 1093 legimus
1979 1029 2034 1078 ει

451 1117 826 1192 intelligimus,
844 1116 943 1174 ﬁlii
973 1117 1028 1174 in
1049 1117 1281 1174 circuitu
1306 1132 1527 1184 mensae,
1555 1117 1609 1174 in
1624 1131 1729 1172 una
1749 1117 2036 1174 collatione

458 1208 727 1274 sedemus,
752 1214 808 1264 et
825 1221 1022 1278 panem
1049 1208 1325 1266 cmlestem
1344 1208 1752 1265 manducamus.
1780 1205 1898 1263 Non
1922 1207 2038 1265 lon-

458 1315 524 1370 ge
550 1309 674 1360 sunt
706 1317 740 1358 a
777 1316 963 1356 mensa
989 1299 1192 1358 Christi
1220 1300 1314 1370 qui
1335 1301 1483 1356 omni
1519 1300 1652 1355 hora
1678 1297 1901 1355 dicunt:
1933 1297 2040 1354 Pa-

459 1412 575 1466 rtem
604 1404 840 1452 nostrum
865 1392 1231 1466 quotidianum
1255 1392 1327 1446 da
1353 1391 1502 1447 nobis
1530 1391 1706 1448 hodie.

529 1487 860 1546 LXXXVIII.
889 1485 1141 1554 Hmmtici
1169 1485 1423 1542 dicuntur
1465 1484 1620 1550 ﬁliae,
1661 1485 1714 1541 id
1745 1492 1828 1541 est
1851 1485 2042 1543 molles

449 1591 516 1646 et
547 1582 601 1638 in
629 1580 737 1638 ﬁde
771 1578 1117 1645 vacillantes;
1157 1577 1223 1634 de
1259 1576 1454 1646 quibus
1474 1576 1671 1634 dicitur
1709 1593 1722 1630 :
1759 1575 1918 1632 Filia:
1951 1594 2040 1632 eo-

453 1690 577 1732 rum
607 1671 904 1744 compositte
927 1678 982 1724 ut
1006 1667 1294 1724 similitudo
1323 1667 1498 1738 tentpli
1522 1666 1696 1738 (Psal.
1718 1682 1904 1733 CXLIII,
1928 1649 2040 1741 l5).

460 1762 784 1837 Composita:
809 1761 1062 1817 dicuntur
1079 1804 1092 1827 ,
1121 1762 1248 1831 quia
1273 1773 1452 1816 sermo
1490 1757 1869 1815 haereticorum
1893 1774 2044 1815 com-

457 1854 668 1928 positus
695 1862 803 1918 εει,
831 1861 886 1908 ει
912 1866 1103 1908 sensus
1132 1854 1398 1912 sordidus.
1423 1853 1626 1909 Ornata
1654 1852 1854 1907 habent
1881 1851 2046 1908 verba

461 1947 531 2013 de
549 1947 816 2020 sapientia
841 1947 1108 2010 smeulari.
1151 1947 1279 2004 lude
1325 1947 1576 2004 dicuntur
1601 1945 1729 2014 ﬁlice
1753 1945 2044 1998 circumcrs-

462 2042 658 2098 dinataz
685 2051 743 2098 ιιι
781 2041 1072 2098 similitudo
1110 2041 1308 2113 templi.
1351 2038 1660 2096 Similitudo
1685 2037 1906 2108 templi,
1935 2050 2046 2093 non

455 2139 547 2198 est
574 2132 856 2207 templum,
895 2132 1300 2200 similitudinem
1323 2133 1485 2190 habet
1507 2131 1783 2188 Ecclesiae.
1821 2129 2046 2200 Sapien-

462 2231 548 2280 tes
567 2239 626 2281 se
641 2223 827 2294 dicunt
850 2240 992 2293 esse,
1019 2225 1144 2298 quia
1167 2226 1253 2280 vix
1276 2234 1335 2282 ut
1360 2225 1597 2286 rusticus
1618 2223 1907 2282 haereticus
1940 2221 2047 2280 diti

461 2325 666 2390 potest.
717 2315 946 2373 Cellaria
997 2317 1374 2384 hmreticorum
1420 2317 1594 2390 plena,
1641 2317 1936 2374 eructantia
1982 2308 2062 2372 ea.

460 2410 562 2468 hoc
591 2411 648 2467 in
665 2410 801 2467 illud
826 2410 1020 2484 (Ibid.,
1049 2429 1182 2478 vers.
1215 2411 1321 2478 12),
1342 2413 1467 2482 quia
1490 2426 1703 2482 semper
1725 2409 1902 2484 parati
1921 2417 2050 2466 sunt

464 2502 535 2572 ad
557 2502 988 2572 contendendum
1004 2542 1020 2569 ,
1043 2510 1104 2558 ut
1122 2503 1169 2560 si
1193 2502 1314 2560 illos
1341 2503 1580 2559 tenueris
1599 2502 1656 2557 in
1676 2518 1784 2558 uno
1807 2501 2049 2557 testimo-

461 2594 577 2661 nio,
602 2595 673 2650 ad
691 2596 838 2652 aliud
863 2603 1163 2660 transeunt.
1193 2595 1250 2651 Si
1275 2597 1331 2654 in
1361 2595 1655 2667 Scripturis
1669 2611 1764 2651 eos
1775 2595 2014 2652 tenueris
2031 2635 2048 2662 ,

461 2683 700 2754 majores
723 2695 1030 2757 proponunt
1053 2726 1070 2755 ,
1107 2688 1198 2758 qui
1228 2688 1284 2744 in
1326 2688 1554 2744 diversis
1582 2686 1874 2757 provinciis
1903 2686 2051 2743 habi-

466 2782 605 2844 tant,
636 2783 692 2832 et
717 2779 784 2832 ab
812 2777 943 2848 ipsis
967 2778 1071 2836 hoc
1092 2779 1342 2836 didicisse
1369 2780 1737 2850 pronuntiant.
1764 2778 1900 2835 Nam
1925 2795 2050 2836 cum

465 2866 696 2925 dicimus
716 2867 820 2924 illis
843 2869 969 2938 quia
992 2867 1154 2926 Pater
1188 2870 1328 2927 misit
1349 2869 1570 2935 Filium,
1607 2871 1750 2927 sicut
1774 2871 1890 2941 ipse
1921 2871 1998 2926 ait
2030 2887 2048 2926 ι

464 2969 650 3035 Pater,
686 2971 777 3041 qui
803 2986 885 3026 me
921 2970 1096 3036 misit,
1124 2969 1300 3041 major
1331 2979 1406 3025 est
1451 2987 1560 3037 me,
1601 2971 1928 3040 respondent
1973 2966 2051 3023 illi

465 3075 660 3134 contra
679 3081 782 3142 nos
818 3081 834 3121 :
867 3067 1012 3122 Deus
1038 3082 1146 3122 non
1168 3065 1419 3131 mittitur,
1449 3066 1592 3121 Deus
1613 3080 1720 3120 non
1747 3061 2048 3133 subjicitur,

2129 569 2426 626 proponam
2445 599 2460 625 ,
2488 575 2556 615 ex
2584 563 2782 632 quibus
2810 566 3243 635 deprehendatur
3275 585 3306 623 a
3347 570 3650 628 catholicis
3675 573 3732 640 in

2133 647 2394 706 Ecclesia.
2431 653 2673 711 Primum
2697 657 2752 712 in
2773 657 2878 714 ﬁde
2903 675 3050 716 vera.
3084 661 3188 717 Per
3215 663 3379 720 ﬁdem
3405 667 3566 721 enim
3606 669 3733 728 vita

2131 738 2354 812 largitas
2398 745 2467 800 ad
2516 747 2760 804 homines
2809 752 2974 806 venit.
3031 751 3188 821 Quod
3233 772 3334 827 per
3387 757 3730 830 Prophetam

2129 831 2276 888 Deus
2297 834 2412 903 ipse
2438 844 2666 894 testatus
2690 849 2803 907 est,
2845 843 3030 898 dicens
3071 859 3086 898 :
3123 845 3310 902 Justus
3352 859 3540 904 autem
3586 867 3731 907 meus

2133 940 2200 978 ea:
2245 926 2348 994 ﬁde
2377 928 2514 983 uicit.
2562 931 2850 1002 Apostolus
2896 934 3094 992 Paulus
3127 939 3196 994 ad
3222 938 3490 1006 Hebraeos
3533 942 3627 1012 (ι,
3668 941 3731 1014 38

2134 1019 2301 1092 seqq.)
2328 1021 2460 1077 dicit
2491 1037 2506 1076 :
2539 1041 2560 1077 t
2603 1025 2714 1082 Nos
2750 1035 2960 1096 autem,
2990 1028 3207 1101 fratres,
3239 1047 3347 1088 non
3374 1048 3576 1090 sumus
3604 1035 3729 1089 sub-

2138 1111 2416 1169 tractionis
2445 1114 2500 1170 in
2524 1117 2910 1186 perditionem,
2938 1122 3033 1178 sed
3070 1123 3194 1178 ﬁdei
3222 1124 3277 1180 in
3306 1127 3731 1196 acquisitionem

2139 1203 2353 1259 animae.
2389 1205 2679 1265 Estautem
2706 1209 2842 1267 ﬁdes
2864 1215 3252 1283 sperandarum
3289 1218 3603 1274 substantia
3645 1233 3730 1272 re-

2139 1309 2260 1353 rum
2281 1337 2296 1364 ,
2331 1311 2707 1372 argumentum
2744 1321 2850 1362 non
2878 1309 3202 1378 parentium.
3243 1309 3350 1366 Per
3386 1311 3555 1365 ﬁdem
3585 1313 3730 1366 enim

2140 1390 2506 1447 testimonium
2532 1397 2802 1451 consecuti
2844 1407 2970 1452 sunt
2995 1401 3262 1469 seniores.
3310 1399 3447 1456 Fide
3477 1385 3764 1472 intelligi?

2142 1493 2265 1535 mus
2290 1480 2433 1538 facta
2458 1497 2578 1540 esse
2603 1485 2794 1541 saecula
2821 1487 2997 1546 Verbo
3019 1489 3144 1556 Dei,
3172 1501 3230 1544 ut
3254 1505 3321 1545 ex
3365 1491 3733 1547 invisibilibus

2145 1575 2377 1631 visibilia
2407 1577 2618 1634 ﬁerent.
2651 1577 2780 1636 Fide
2819 1580 3106 1652 plurimam
3129 1582 3363 1638 hostiam
3392 1582 3528 1640 Abel
3558 1599 3730 1656 quam

2143 1664 2277 1722 Cain
2305 1668 2497 1724 obtulit
2517 1669 2646 1738 Deo,
2675 1688 2771 1742 per
2807 1688 2967 1742 quam
3005 1675 3368 1750 testimonium
3399 1684 3734 1734 consecutus

2146 1764 2374 1813 estesse
2406 1757 2606 1828 justus,
2637 1763 3000 1818 testimonium
3025 1764 3429 1834 perhibentibus
3470 1765 3730 1819 muneri-

2075 1823 2124 1888 Β
2149 1850 2249 1906 bus
2291 1823 2436 1919 ejus';
2493 1859 2545 1907 ει
2591 1823 2689 1924 per
2729 1853 2872 1909 illam
2920 1823 3203 1911 deuinctus
3243 1857 3422 1910 adhuc
3461 1855 3731 1927 loquitur.

2148 1944 2280 2000 Fide
2306 1945 2491 2000 Enoch
2517 1946 2807 2003 translatus
2828 1957 2998 2005 estne
3027 1950 3234 2006 videret
3263 1959 3522 2017 mortem,
3543 1959 3598 2005 et
3627 1966 3730 2004 non

2148 2038 2536 2105 inveniebatur,
2568 2041 2693 2112 quia
2718 2042 2992 2097 transtulit
3023 2042 3168 2097 illum
3197 2043 3357 2098 Desus.
3389 2043 3533 2098 Ante
3554 2053 3730 2098 trans-

2141 2133 2403 2191 lationem
2444 2136 2588 2190 enim
2628 2136 2990 2192 testimonium
3029 2137 3258 2194 habebat
3287 2137 3561 2209 placuisse
3591 2137 3727 2202 Deo,

2148 2227 2245 2282 sed
2271 2234 2453 2281 tamen
2485 2242 2581 2298 per
2611 2229 2792 2283 ﬁdem.
2825 2227 2954 2284 Sine
2989 2229 3092 2284 ﬁde
3119 2230 3259 2285 enim
3286 2229 3628 2300 impossibile
3653 2233 3729 2282 est

2147 2317 2360 2389 placere
2398 2318 2528 2378 Deo.
2578 2319 2812 2375 Credere
2845 2321 2989 2376 enim
3026 2329 3236 2390 oportet
3271 2321 3628 2376 accedentem
3667 2317 3729 2372 ad

2148 2409 2318 2465 Deum
2335 2409 2461 2480 quia
2477 2423 2600 2465 vere
2623 2421 2705 2465 est
2732 2409 2873 2466 Deus
2896 2426 3054 2476 unus,
3069 2420 3122 2466 ει
3148 2411 3552 2482 inquirentibus
3566 2425 3625 2464 se
3646 2424 3726 2462 re-

2149 2509 2462 2556 munerator
2473 2502 2542 2556 sit
2557 2543 2563 2552 .
2581 2499 2711 2556 Fide
2742 2500 2869 2567 Noe,
2899 2518 3155 2574 responso
3175 2511 3391 2573 accepto
3413 2501 3480 2557 de
3497 2502 3591 2557 his
3617 2517 3729 2573 qua:

2150 2594 2329 2649 adhuc
2356 2608 2466 2648 non
2499 2593 2850 2660 videbantur,
2898 2607 3143 2650 metuens
3174 2594 3440 2649 habitavit
3461 2609 3654 2648 arcam
3678 2592 3730 2646 in

2150 2682 2379 2738 salutem
2408 2683 2599 2738 domus
2637 2697 2775 2749 suae,
2815 2698 2913 2752 per
2945 2698 3107 2754 quam
3132 2682 3405 2738 damnavit
3426 2682 3726 2744 mundum;

2150 2779 2205 2828 et
2228 2770 2470 2842 iustitiae,
2499 2787 2619 2842 qua:
2640 2787 2736 2843 per
2757 2773 2936 2838 ﬁdem,
2961 2773 3132 2828 haeres
3161 2781 3244 2828 εει
3268 2772 3568 2828 institutus.
3603 2770 3730 2826 Fide

2150 2879 2365 2935 quoque
2411 2876 2634 2921 vocatus
2674 2864 2947 2921 Abraham
2991 2866 3227 2921 obedivit
3262 2866 3316 2920 in
3353 2864 3527 2920 locum
3581 2863 3735 2917 exire

2151 2971 2312 3027 quem
2353 2963 2673 3028 accepturus
2711 2956 2910 3011 eratin
2963 2957 3352 3012 hmreditatem.
3403 2955 3466 3010 Et
3502 2956 3731 3022 exiens,

2152 3048 2399 3104 nesciens
2425 3063 2532 3119 quo
2576 3048 2697 3115 iret,
2739 3048 2843 3104 ﬁde
2879 3057 3115 3104 moratus
3158 3056 3240 3103 εει
3284 3047 3338 3102 in
3366 3053 3493 3101 terra
3519 3061 3729 3117 repro-

467 3175 578 3222 non
615 3137 803 3226 set-vit,
839 3159 935 3215 sed
961 3158 1291 3230 dispensatio
1319 3157 1572 3212 mittitur.
1599 3156 1657 3211 Si
1688 3156 1831 3212 Deus
1849 3155 2051 3225 ubique

2155 3137 2448 3206 missionis,
2499 3147 2754 3209 tanquam
2783 3139 2837 3195 in
2872 3139 3043 3195 aliena
3069 3180 3083 3206 ,
3127 3140 3181 3194 in
3208 3139 3398 3195 casulis
3429 3137 3734 3192 habitando

464 3259 575 3317 est,
604 3250 787 3308 omnia
821 3251 879 3305 in
911 3249 1024 3305 Deo
1067 3257 1212 3304 sunt.
1260 3247 1542 3314 Quomodo
1581 3247 1724 3303 Deus
1753 3247 1822 3301 ad
1851 3245 2054 3314 aliquid

465 3343 729 3412 mittitur,
775 3357 902 3402 cum
962 3343 1058 3399 Dei
1117 3344 1228 3399 sint
1267 3343 1482 3401 omnia?
1533 3340 1759 3398 Dillieile
1814 3339 2055 3397 invenies

464 3437 754 3496 haereticos
825 3438 1130 3510 imperitos.
1188 3439 1388 3494 Omnes
1435 3437 1580 3493 enim
1649 3433 1896 3506 magistri
1955 3434 2056 3488 in-

466 3531 658 3586 structi
683 3537 811 3586 sunt
845 3530 1070 3586 scientia
1100 3529 1304 3586 steculi.
1337 3529 1539 3585 Nolunt
1563 3530 1620 3584 in
1646 3527 2052 3599 Scripturarum

471 3622 756 3682 latitudine
783 3623 1064 3689 laborare;
1090 3623 1184 3678 sed
1208 3623 1496 3687 somniant,
1525 3631 1580 3677 et
1607 3629 1840 3678 stertunt
1868 3621 1924 3674 in
1945 3619 2056 3675 alto

473 3710 690 3782 sopore,
733 3721 791 3768 et
833 3721 1083 3768 eructant
1130 3716 1273 3783 quod
1315 3715 1706 3770 somniaverim
1755 3720 1809 3768 et
1837 3713 2058 3782 insuper

470 3817 595 3859 cum
616 3802 842 3858 audacia
870 3803 1100 3858 inlibris
1124 3804 1368 3860 inserunt
1397 3813 1597 3860 etcum
1629 3803 1934 3858 temeritate
1965 3803 2057 3856 de-

474 3890 720 3950 fendunt.
751 3893 820 3948 Et
842 3893 948 3948 hoc
971 3892 1178 3949 faciunt
1206 3903 1265 3950 ut
1287 3896 1356 3950 ab
1389 3894 1725 3949 auditoribus
1751 3893 1863 3948 suis
1889 3893 2059 3947 hono—

478 3993 682 4051 rentur,
712 3993 769 4041 et
786 3987 856 4042 ab
873 3986 954 4042 eis
974 4003 1082 4043 non
1104 3987 1277 4043 solum
1301 3988 1476 4042 laudis
1498 4002 1743 4051 munera,
1771 3985 1866 4041 sed
1892 3985 2057 4040 etiam

473 4077 772 4148 temporale
796 4078 1096 4136 subsidium
1123 4079 1391 4148 accipiant
1412 4079 1555 4134 unde
1581 4078 1784 4143 vivant,
1819 4076 2059 4132 dicentes

473 4173 556 4230 eis
590 4187 606 4227 :
651 4171 713 4228 Si
740 4188 836 4228 nos
858 4171 1000 4227 vobis
1027 4171 1326 4244 spirit-talia
1357 4171 1707 4236 seminamus,
1739 4170 1954 4241 dignum
1982 4176 2057 4222 est

474 4265 724 4319 “castra
765 4259 1006 4316 carnalia
1029 4269 1306 4317 metamus.
1346 4259 1738 4318 Obliviscentes
1763 4259 1893 4317 illud
1923 4273 2057 4329 apo-

476 4352 600 4411 stoli
633 4370 648 4408 :
680 4351 927 4408 Manibus
965 4354 1160 4409 nostris
1205 4353 1552 4425 operabamur
1571 4395 1587 4421 ,
1644 4370 1706 4410 ne
1747 4366 2060 4424 quemquam

478 4455 707 4510 oestrum
755 4459 1111 4516 grauaremus.
1163 4443 1314 4500 Multi
1357 4448 1661 4502 nescientes
1698 4447 1888 4502 beatos
1925 4445 2060 4500 tales

2155 3249 2280 3290 cum
2333 3232 2484 3288 lsaac
2519 3239 2574 3286 et
2621 3230 2788 3288 Iacob
2813 3273 2828 3298 ,
2887 3232 3257 3288 cohaeredibus
3296 3228 3739 3303 repromissionis

2155 3325 2415 3397 ejusdem.
2467 3323 2827 3394 Exspectabat
2873 3324 3016 3380 enim
3061 3323 3398 3378 fundamenta
3438 3322 3742 3376 habentem

2156 3418 2449 3484 civitatem,
2499 3416 2650 3486 cujus
2697 3417 2892 3472 artifex
2929 3426 2984 3472 et
3018 3417 3264 3472 conditor
3296 3417 3453 3471 Deus.
3487 3413 3642 3471 Fide
3693 3421 3744 3470 et

2120 3510 2272 3582 -ipsa
2323 3510 2458 3566 Sara
2497 3511 2697 3567 sterilis
2733 3511 2987 3566 virtutem
3023 3511 3079 3565 in
3126 3509 3472 3582 conceptione
3507 3508 3742 3563 seminis

2158 3607 2384 3676 accepit,
2415 3606 2580 3661 etiam
2603 3612 2798 3676 praeter
2821 3613 3031 3677 tempus
3057 3605 3234 3659 aetatis
3271 3621 3282 3658 :
3323 3602 3584 3674 quoniam
3613 3602 3745 3656 ﬁde-

2159 3697 2263 3753 lem
2302 3699 2530 3754 credidit
2559 3713 2678 3754 esse
2706 3700 2798 3768 qui
2837 3699 3178 3769 promiserat.
3229 3696 3454 3768 Propter
3492 3695 3656 3765 quod
3694 3701 3742 3750 et

2159 3791 2226 3847 ab
2273 3805 2380 3844 uno
2406 3790 2513 3845 orti
2549 3798 2676 3844 sunt
2708 3805 2914 3846 omnes.
2948 3790 3015 3845 Et
3037 3790 3141 3845 hoc
3169 3805 3200 3844 e
3231 3796 3441 3844 mortuo
3472 3796 3744 3858 tanquam

2159 3883 2336 3938 sidera
2360 3882 2480 3937 ειεΙί
2523 3882 2577 3936 in
2601 3881 3017 3945 multitudinem,
3053 3889 3107 3937 ct
3137 3880 3276 3936 sicut
3314 3892 3477 3933 arena
3507 3894 3643 3949 qum
3672 3885 3747 3932 δι

2160 3976 2229 4029 ad
2257 3990 2407 4030 oram
2442 3973 2609 4029 maris
2641 3973 3064 4028 innumerabilis.
3111 3969 3272 4027 quta
3311 3971 3472 4027 ﬁdem
3498 3969 3746 4027 defuncti

2160 4074 2285 4120 sunt
2327 4079 2515 4120 omnes
2540 4065 2651 4129 isti,
2680 4080 2785 4120 non
2827 4065 3035 4135 adeptis
3080 4061 3618 4134 repromissionibus,
3657 4063 3745 4118 sed

2160 4173 2191 4210 a
2216 4157 2373 4227 longe
2401 4171 2494 4211 eas
2527 4157 2875 4226 aspicientes,
2905 4165 2959 4211 et
2989 4155 3303 4222 salutantes,
3341 4165 3398 4210 et
3418 4155 3747 4210 conﬁtentes

2159 4249 2286 4322 quia
2309 4248 2579 4320 peregrini
2631 4247 2967 4320 ethcspites
2999 4257 3122 4303 sunt
3171 4257 3333 4319 super
3382 4256 3603 4302 terram.
3646 4245 3746 4312 Qui

2161 4343 2306 4398 enim
2354 4343 2470 4399 haec
2507 4342 2722 4407 dicunt,
2758 4340 3062 4412 signiﬁcant
3102 4356 3160 4396 se
3186 4339 3420 4409 patriam
3470 4339 3749 4410 inquirere

2164 4434 2233 4507 (et
2266 4452 2370 4492 non
2402 4444 2663 4490 terrenam
2707 4435 2968 4508 patriam,
2997 4433 3086 4488 sed
3110 4431 3408 4502 calestem).
3439 4430 3508 4486 Et
3545 4430 3591 4486 si
3624 4431 3748 4502 qui-

476 4545 688 4609 putant.
721 4535 831 4594 Sed
853 4537 902 4594 si
935 4538 1082 4598 beati
1117 4545 1274 4606 sunt,
1299 4540 1393 4610 qui
1421 4557 1528 4596 non
1560 4543 1760 4598 habent
1784 4558 1907 4597 cum
1933 4557 2061 4612 apo-
2088 4537 2142 4600 ι)
2165 4528 2288 4584 dem
2333 4527 2472 4582 illius
2509 4527 2879 4592 meminissent
2916 4525 3153 4598 regionis
3201 4525 3265 4580 de
3307 4541 3416 4597 qua
3459 4524 3751 4589 exierunt,

479 4628 633 4686 stolis
658 4627 886 4686 callosas
906 4644 976 4685 ex
999 4645 1164 4702 opere
1181 4633 1407 4688 manus?
1434 4632 1536 4700 Qui
1560 4650 1666 4689 non
1687 4633 2062 4705 ingrediuntur

478 4720 609 4780 nudi
634 4735 762 4791 eum
793 4721 898 4778 reti
934 4737 1087 4778 mare
1109 4723 1268 4780 istius
1289 4723 1493 4792 saectdi,
1527 4732 1581 4781 et
1604 4734 1731 4781 sunt
1763 4727 2062 4796 piscatores

479 4811 796 4870 hominum?
816 4811 920 4883 Qui
936 4829 1046 4870 non
1067 4815 1267 4872 habent
1285 4815 1490 4874 lutosos
1518 4817 1712 4887 pedes?
1736 4817 1852 4874 Non
1879 4818 2058 4889 plane,

479 4901 608 4972 quia
634 4917 732 4959 sua
763 4912 1033 4974 quarunt,
1059 4921 1169 4962 non
1193 4921 1317 4977 quas
1339 4903 1466 4963 Iesu
1503 4906 1739 4963 Christi?
1763 4907 1830 4962 Et
1857 4907 1948 4962 ubi
1970 4909 2064 4963 de-

481 4992 833 5062 prehenditur
874 4996 930 5052 in
968 4996 1209 5056 Ecclesia
1254 4999 1371 5068 ipse
1400 5000 1687 5055 bmreticus
1729 4999 1821 5070 qui
1860 5009 2062 5057 sanet.-

486 5088 654 5140 tatem
677 5087 964 5144 ostendere
1004 5088 1280 5160 religionis
1324 5089 1542 5148 videtur
1562 5131 1577 5157 ,
1609 5090 1741 5146 vitia
1786 5093 2061 5160 emendat,

484 5187 684 5230 bonum
712 5173 844 5242 vult,
871 5177 1074 5235 malum
1111 5195 1220 5236 non
1247 5181 1469 5252 recipit,
1498 5182 1869 5253 eleemosynas
1910 5182 2061 5250 facit,

485 5265 728 5336 captivos
759 5267 994 5336 redimit,
1023 5271 1263 5342 hospites
1289 5275 1532 5346 suscipit,
1559 5275 1950 5330 humanitatem
1975 5277 2066 5332 ha-

483 5355 578 5414 bet
598 5395 615 5421 ,
649 5355 822 5413 nudos
850 5359 1012 5414 vestit
1034 5399 1050 5425 ,
1089 5362 1336 5422 inﬁrmos
1367 5375 1423 5421 et
1469 5366 1832 5424 incarceratos
1860 5368 2062 5434 visitat,

483 5455 541 5508 οι
576 5447 863 5521 aliquotics
906 5453 1254 5524 semetipsum
1298 5455 1353 5511 in
1382 5459 1699 5529 paenitentia
1736 5467 1969 5525 mactat,
2011 5467 2066 5514 et

485 5548 683 5600 caetera
731 5539 1038 5612 hujusmodi
1081 5545 1277 5602 similia
1301 5589 1316 5615 ,
1364 5565 1486 5620 quae
1527 5568 1815 5608 numerare
1848 5552 2064 5622 longum

485 5642 591 5700 est,
617 5650 737 5707 quae
763 5636 978 5694 videtur
1002 5635 1203 5706 facere,
1253 5649 1308 5696 et
1337 5650 1518 5699 tamen
1562 5645 1850 5700 haereticus
1890 5653 2067 5716 potest

488 5741 610 5783 esse

558 5819 847 5882 LXXXIX.
888 5822 996 5883 Sed
1041 5823 1234 5883 dicos:
1267 5825 1326 5883 in
1368 5839 1476 5898 quo
1514 5835 1689 5898 potest
1737 5829 2067 5902 deprehendi

2163 4621 2433 4678 habebant
2480 4620 2666 4690 utique
2725 4625 2935 4689 tempus
2981 4617 3308 4675 revertendi.
3355 4615 3510 4671 Nunc
3565 4625 3751 4671 autem

2162 4715 2445 4772 meliorem
2489 4719 2763 4784 appetunt,
2813 4710 2868 4768 id
2920 4718 3006 4768 est
3054 4711 3329 4767 caelestem
3381 4709 3749 4781 (Jerusalem).

2162 4808 2285 4865 Ideo
2327 4824 2434 4863 non
2469 4805 2814 4863 confunditur
2835 4804 2978 4860 Deus
3004 4802 3187 4858 vocari
3220 4801 3364 4857 Deus
3394 4816 3606 4855 eorum.
3652 4799 3752 4854 Pa-

2164 4905 2305 4960 ravit
2343 4903 2486 4958 enim
2519 4901 2624 4955 illis
2649 4899 2924 4956 civitatem
2963 4897 3220 4970 (sanctam
3262 4893 3564 4950 Jerusalem
3601 4893 3753 4948 (trie-

2163 4995 2336 5068 stem).
2371 4993 2503 5050 Fide
2547 4992 2741 5048 obtulit
2764 4991 3039 5046 Abraham
3071 4988 3242 5054 lsaac,
3272 5002 3394 5043 cum
3423 4994 3749 5040 tentaretur.

2164 5088 2233 5144 Et
2263 5087 2600 5159 unigenitum
2639 5082 2934 5146 offerebat,
2974 5081 3068 5153 qui
3098 5087 3413 5150 susceperat
3456 5078 3755 5146 repromis-

2166 5183 2345 5239 siones
2369 5223 2382 5248 ,
2416 5181 2484 5236 ad
2517 5193 2678 5251 quem
2705 5178 2907 5233 dictum
2931 5184 3014 5232 est
3039 5190 3053 5229 :
3079 5174 3216 5241 Quia
3243 5175 3295 5229 in
3328 5172 3482 5228 lsaac
3528 5172 3753 5227 vocabi-

2166 5282 2255 5330 tur
2282 5272 2378 5328 tibi
2408 5287 2608 5336 semen,
2645 5271 2918 5326 arbitrans
2941 5268 3067 5338 quia
3095 5274 3151 5323 et
3175 5282 3206 5321 a
3235 5263 3466 5320 mortuis
3487 5263 3756 5319 suscitare

2166 5376 2357 5438 potens
2395 5374 2478 5420 εει
2509 5364 2670 5419 Deus.
2707 5360 2862 5419 Unde
2894 5375 3019 5416 eum
3043 5366 3098 5413 et
3143 5359 3197 5412 in
3237 5355 3493 5430 parabola
3520 5355 3754 5423 accepit.

2167 5457 2298 5513 Fide
2335 5464 2388 5510 ει
2427 5457 2496 5511 de
2532 5454 2726 5510 futuris
2758 5450 3035 5509 benedixit
3071 5448 3222 5505 lsaac
3267 5445 3435 5504 Iacob
3477 5454 3536 5500 et
3582 5445 3752 5501 Esau.

2168 5548 2298 5604 Fide
2325 5546 2490 5603 Iacob
2512 5545 2769 5609 moriens,
2797 5543 3036 5614 singulos
3063 5541 3202 5596 ﬁlios
3220 5539 3419 5611 Ioseph
3441 5537 3758 5602 benedixit,

2169 5649 2223 5698 et
2261 5639 2502 5694 adoravit
2542 5638 2814 5708 fastigium
2858 5637 3022 5707 virgae
3065 5634 3200 5703 eius.
3240 5632 3372 5688 Fide
3401 5630 3602 5702 Ioseph
3641 5644 3762 5683 mo-

2171 5737 2334 5799 riens,
2370 5734 2435 5787 dc
2460 5730 2793 5802 profectione
2818 5729 3050 5784 ﬁliorum
3090 5728 3253 5784 isracl
3285 5737 3622 5784 metnoratns
3647 5735 3756 5790 est,

2170 5832 2310 5890 etde
2336 5830 2548 5887 ossibus
2581 5827 2694 5887 suis
2725 5826 3019 5884 mandavit.
3055 5825 3185 5884 Fide
3215 5823 3427 5896 Moyses
3469 5835 3629 5882 natus
3665 5835 3760 5879 oc-
