3952 6318
497 384 597 443 951

1309 379 1715 450 ELIPANDUS,
1752 378 1979 451 FELlX,
2018 379 2365 441 HETEPJUS
2400 381 2493 442 ET
2530 382 2590 442 S.
2629 385 2926 447 BEATUS.

3666 394 3782 454 952

494 503 610 550 rent
635 506 815 557 unam,
845 477 1009 546 unum
1029 506 1138 558 cor,
1169 497 1225 547 et
1244 492 1576 549 voluntatem
1606 507 1788 548 unam.
1827 493 1899 550 Et
1927 507 2065 564 qua-
2099 495 2156 556 Δ
2175 496 2596 566 manducarent;
2629 510 2680 555 et
2700 501 2934 572 parvulis
2949 502 3246 575 frangerent
3266 513 3316 562 et
3337 505 3548 574 darent,
3571 507 3645 566 id
3666 523 3779 582 est,

493 583 624 640 liter
652 585 897 640 crederet
924 584 1187 652 Ecclesia,
1217 601 1326 642 non
1348 602 1487 642 unus
1516 587 1816 656 composuit
1841 586 2072 657 Symbo-

494 676 610 733 lum
636 677 800 744 ﬁdei,
842 679 936 733 sed
962 692 1149 734 omnes
1190 679 1398 749 singula
1425 679 1592 735 verba
1639 687 1952 749 posuerunt.
2007 677 2078 733 Et

495 771 641 840 quod
669 769 831 824 corde
855 770 1200 826 crediderunt
1227 769 1518 835 dilectione
1551 771 2072 826 demonstraverunt.

496 863 653 931 Quod
681 863 920 920 hieretici
959 880 1068 922 non
1100 862 1305 925 faciunt
1357 879 1375 919 :
1427 865 1521 921 sed
1563 863 1944 933 unusquisque
1973 861 2075 917 sibi

497 961 715 1030 sapiens
749 976 868 1017 esse
895 961 1127 1027 videtur,
1152 970 1206 1016 et
1229 975 1340 1016 non
1371 958 1600 1030 requirit
1639 957 1882 1012 membra
1905 996 1920 1021 ,
1973 970 2076 1011 nec

497 1049 843 1106 collationem
873 1065 1092 1107 necesse
1113 1051 1307 1117 habet;
1342 1050 1437 1105 sed
1461 1049 1531 1104 ad
1573 1062 1726 1102 suam
1755 1060 1948 1101 novam
1973 1043 2072 1100 do-

495 1143 728 1196 ctrinam
763 1158 950 1199 omnes
994 1141 1108 1198 vult
1157 1141 1438 1198 inclinare.
1498 1138 1566 1194 Et
1614 1153 1737 1193 cum
1777 1134 2074 1192 catholicus

493 1232 728 1288 noluerit
785 1249 909 1290 eum
969 1234 1178 1300 audire,
1210 1231 1477 1288 excitatur
1535 1230 1591 1285 in
1625 1228 1970 1285 discordiam.
2007 1225 2071 1282 ln

491 1322 599 1380 hoc
656 1325 1074 1397 deprehenditur
1125 1325 1362 1398 primum
1409 1322 1538 1395 quia
1566 1337 1676 1378 non
1719 1320 1885 1378 habet
1908 1319 2070 1377 ﬁdem

490 1427 640 1477 recta
647 1436 720 1476 m.

561 1512 830 1581 Secundo,
863 1510 988 1584 quia
1011 1524 1122 1567 non
1145 1508 1312 1567 habet
1339 1505 1680 1564 charitatem.

558 1586 740 1660 xcm.
783 1604 989 1670 Tertio,
1013 1601 1142 1673 quia
1163 1599 1338 1671 qualis
1375 1597 1487 1664 ille,
1535 1595 1672 1652 tales
1715 1601 1772 1651 et
1815 1591 2065 1664 discipuli

485 1693 622 1764 ejus.
648 1697 785 1764 Quia
806 1695 982 1752 omnis
1033 1693 1291 1766 magister
1330 1691 1388 1748 in
1423 1687 1699 1760 discipulis
1733 1686 2062 1759 agnoscitur,

485 1787 629 1844 sicut
654 1796 709 1844 et
729 1787 975 1844 Christus
1003 1787 1061 1843 in
1087 1784 1366 1856 apostolis.
1396 1781 1533 1838 Nam
1577 1779 1754 1837 omnis
1800 1778 2063 1850 magister

485 1880 580 1950 qui
605 1880 672 1935 de
693 1881 940 1936 doctrina
957 1879 1160 1937 Christi
1183 1885 1286 1944 est,
1311 1877 1547 1948 primum
1575 1889 1608 1930 a
1637 1872 1949 1930 domesticis
1971 1887 2064 1928 co-

486 1972 769 2042 gnoscitur
796 1972 970 2043 qualis
995 1972 1084 2028 sit.
1115 1969 1266 2027 Sicut
1289 1967 1578 2038 Apostolus
1603 1966 1806 2032 docuit,
1836 1964 2064 2019 Domum

488 2079 638 2118 suam
664 2065 790 2118 bene
811 2071 1088 2135 regentem,
1116 2061 1255 2130 ﬁlios
1281 2059 1468 2114 habere
1491 2057 1747 2123 subditos,
1778 2072 1898 2110 cum
1921 2052 2064 2110 omni

484 2156 742 2210 castitate.
779 2155 918 2221 Quia
935 2155 1028 2227 qui
1049 2154 1262 2208 domum
1307 2167 1458 2207 suam
1491 2150 1615 2206 bene
1669 2165 1776 2204 non
1816 2148 1964 2218 regit,
2005 2145 2063 2201 in

485 2248 640 2304 domo
671 2248 768 2304 Dei
783 2249 1118 2321 diligentiam
1139 2247 1326 2302 habere
1352 2263 1455 2301 non
1489 2252 1675 2316 potest.
1706 2242 1841 2298 Nam
1885 2241 2062 2297 omnis

485 2342 578 2412 qui
609 2341 896 2412 discipulos
921 2341 1122 2408 nutrit,
1162 2341 1217 2396 in
1242 2347 1450 2395 tantum
1471 2351 1564 2394 eos
1596 2334 1817 2391 instruit
1857 2333 1914 2388 in
1956 2332 2061 2388 ﬁde

484 2448 614 2490 vera
636 2475 652 2499 ,
691 2437 862 2490 donec
901 2433 1150 2490 Christus
1189 2431 1452 2488 formetur
1491 2429 1548 2484 in
1581 2427 1719 2491 illis,
1765 2425 2061 2482 secundum

484 2527 784 2597 apostolum
807 2525 1069 2594 Pauium,
1110 2524 1204 2594 qui
1229 2523 1442 2580 dicebat
1471 2518 1748 2589 discipulis
1798 2535 1813 2571 :
1872 2515 2058 2571 Filioli

483 2622 606 2685 mei,
631 2637 758 2690 quos
787 2619 958 2673 adhuc
978 2617 1236 2689 parturio,
1266 2615 1427 2670 donec
1453 2611 1693 2668 Christus
1725 2609 1982 2679 formetur
1999 2607 2058 2660 in

478 2709 642 2764 vobis.
669 2709 802 2762 Item
828 2708 984 2776 ipse:
1019 2706 1319 2762 Imitatores
1347 2703 1449 2758 mei
1483 2710 1665 2766 estote,
1711 2699 1843 2754 sicut
1871 2706 1920 2752 et
1963 2712 2056 2768 ego

482 2797 699 2851 Christi.
726 2796 982 2852 Potuerat
1005 2795 1263 2851 Dominus
1284 2801 1471 2849 noster
1494 2790 1652 2846 Jesus
1678 2788 1926 2846 Christus
1949 2801 2057 2842 uno

483 2888 574 2942 die
594 2887 794 2942 docere
821 2885 1115 2955 discipulos
1161 2897 1308 2949 suos,
1353 2883 1400 2938 si
1443 2880 1722 2946 voluisset,
1767 2877 1896 2948 quia
1940 2877 2058 2947 ipse

477 2988 598 3034 erat
622 2978 791 3044 Deus,
818 2977 910 3048 qui
934 2976 1040 3032 illis
1059 2976 1330 3047 inspirare
1347 2980 1596 3045 potuerat
1619 2988 1725 3029 una
1747 2971 1885 3028 hora
1911 2970 2056 3041 quod

476 3071 648 3129 multo
674 3081 918 3141 tempore
947 3069 1251 3140 inspiravit.
1308 3069 1414 3126 Sed
1441 3083 1539 3138 pro
1576 3067 1680 3123 hoc
1718 3066 1921 3121 factum
1948 3072 2052 3131 εει,

476 3171 538 3216 ut
559 3165 649 3233 qui
695 3164 936 3235 magistri
961 3164 1323 3221 Ecclesiarum
1370 3178 1492 3220 esse
1539 3162 1824 3225 deberent,
1877 3158 2050 3214 multo

476 3265 719 3326 tempore
736 3271 832 3330 per
844 3257 928 3314 lae
947 3267 1274 3325 crescerent,
1303 3265 1358 3313 et
1379 3271 1502 3312 cum
1524 3254 1709 3312 labore
1730 3252 1800 3308 ad
1819 3252 2050 3309 solidum

477 3349 664 3404 cibum
707 3334 1088 3420 pervenirent:
1119 3351 1212 3420 qui
1240 3349 1342 3405 etsi
1383 3347 1612 3404 multum
1648 3345 2048 3410 laboraverunt,

473 3439 601 3508 quia
630 3447 950 3494 erraverunt
971 3447 1028 3494 et
1041 3439 1458 3504 dubitaverunt;
1489 3437 1585 3493 sed
1607 3435 1825 3491 illorum
1851 3433 2052 3490 erratio

471 3539 659 3586 nostra
711 3538 794 3586 est
829 3531 1098 3602 correptio
1117 3571 1132 3597 ,
1185 3529 1400 3586 illorum
1452 3527 1698 3585 dubietas
1745 3534 1929 3582 nostra
1965 3533 2052 3580 est

473 3619 725 3674 ﬁrmitas.
758 3619 974 3674 Erravit
991 3620 1184 3676 Petrus
1213 3619 1339 3690 quia
1360 3619 1596 3690 negavit.
1618 3616 2050 3673 DubitavitTho-

471 3723 592 3762 mas
617 3709 684 3763 de
721 3710 1116 3765 resurrectione
1159 3710 1286 3780 quia
1312 3711 1450 3766 dixit
1495 3727 1509 3763 :
1543 3708 1664 3763 Nisi
1691 3708 1864 3763 videro
1889 3747 1904 3772 ,
1944 3723 2050 3762 non

473 3799 704 3852 credam.
743 3797 1020 3854 Dubitavit
1063 3798 1328 3869 Cleophas
1376 3808 1433 3854 et
1482 3798 1657 3854 Lucas
1699 3796 2046 3867 evangelista,

473 3889 601 3958 quia
624 3889 872 3944 dixerunt
899 3907 913 3943 :
947 3888 1061 3944 Nos
1100 3889 1413 3960 putabamus
1442 3905 1581 3953 eum,
1605 3887 1742 3958 quod
1780 3887 1890 3956 ipse
1914 3895 2049 3940 esset

471 3960 830 4049 redemptis-us
855 3979 1046 4035 Israel.
1074 3980 1143 4036 Et
1171 3995 1294 4035 cum
1324 3996 1433 4036 non
1472 3984 1859 4050 cognoscerent
1886 3977 2047 4034 Chri-

468 4079 634 4139 stum,
653 4081 710 4128 et
733 4073 1202 4145 interrogaverunt
1221 4075 1364 4130 abeo
1384 4091 1548 4147 quare
1559 4081 1724 4129 essent
1745 4072 1937 4138 tristes,
1963 4085 2050 4127 re-

469 4165 802 4234 sponderunt
827 4167 877 4222 ei
902 4181 918 4220 :
946 4165 1025 4221 Tu
1043 4166 1187 4221 solus
1209 4166 1513 4238 peregrinus
1536 4166 1706 4236 factus
1729 4180 1783 4218 es
1812 4163 1869 4217 in
1891 4163 2048 4218 Jeru-

469 4253 656 4320 salem,
684 4264 732 4310 et
762 4271 866 4310 non
915 4257 1217 4327 cognovisti,
1265 4273 1383 4328 qua:
1413 4257 1552 4326 facta
1581 4264 1702 4310 sunt
1743 4256 1799 4310 in
1828 4253 1922 4308 illa
1964 4252 2046 4308 his

467 4345 688 4400 diebus?
708 4345 857 4401 Dixit
876 4347 950 4401 eis
964 4346 1118 4402 Iesus
1135 4363 1154 4402 :
1175 4347 1335 4414 Quae?
1351 4346 1764 4418 Responderunt,
1787 4344 2013 4399 dicentes
2025 4357 2045 4398 :

467 4436 546 4491 De
566 4437 694 4491 Jesu
725 4437 1040 4502 Nazarene,
1071 4438 1160 4510 qui
1186 4437 1286 4508 fuit
1311 4438 1561 4508 propheta
1584 4436 1759 4507 major
1801 4435 1860 4489 in
1894 4448 2045 4504 opere

465 4539 516 4583 et
541 4546 795 4584 sermone.
824 4529 988 4586 Vides
1007 4529 1132 4600 quia
1170 4543 1281 4584 non
1320 4529 1658 4584 aestimabant
1689 4542 1814 4582 eum
1872 4525 2042 4580 Deum

464 4634 603 4684 esse,
630 4620 724 4675 sed
737 4620 1086 4691 prophetam?
1114 4618 1390 4675 Dubitavit
1416 4617 1713 4687 Philippus,
1736 4617 1830 4686 qui
1851 4615 1987 4670 dixit
2013 4631 2027 4668 :

463 4710 706 4777 Domine,
731 4712 942 4767 ostende
975 4712 1122 4767 nobis
1152 4710 1386 4778 Patrem,
1413 4719 1461 4765 et
1481 4710 1665 4780 sufficit
1693 4709 1858 4764 nobis.
1896 4706 2033 4763 Pro—

471 4801 618 4857 tinus
646 4801 888 4856 audivit:
923 4800 1089 4856 Tanto
1134 4810 1361 4871 tempore
1387 4799 1648 4855 vobiscum
1675 4813 1812 4863 sum,
1857 4805 1905 4851 et
1931 4812 2035 4850 non

469 4895 750 4961 cognovisti
764 4910 864 4958 me,
890 4892 1166 4964 Philippe?
1191 4891 1296 4958 Qui
1317 4892 1450 4948 videt
1470 4905 1572 4956 me,
1594 4889 1726 4945 uidet
1747 4898 1796 4943 et
1821 4887 2036 4944 Patrem

465 4995 658 5034 meum.
704 4982 828 5037 Non
851 4981 1018 5037 credis
1047 4982 1173 5054 quia
1197 4998 1290 5052 ego
1321 4983 1378 5036 in
1398 4980 1580 5048 Patre,
1623 4989 1669 5036 et
1691 4978 1852 5033 Pater
1875 4979 1932 5033 in
1954 4994 2036 5033 me

464 5068 580 5121 est?
601 5068 713 5125 Hoc
733 5079 906 5127 totum
930 5088 1100 5142 quare
1123 5073 1246 5130 dico
1266 5075 1409 5144 quod
1430 5071 1656 5144 apostoli
1680 5068 2038 5126 erraverunt?

464 5156 696 5226 Propter
721 5160 1022 5230 haereticos,
1050 5165 1142 5235 qui
1165 5164 1416 5234 discipuli
1450 5180 1557 5220 non
1591 5161 1809 5218 fuerunt
1845 5170 1900 5218 et
1928 5177 2039 5218 ma-

464 5249 623 5320 gistri
648 5260 792 5306 sunt.
814 5252 968 5320 Quod
993 5255 1039 5312 si
1061 5256 1118 5311 in
1154 5256 1436 5328 disciplina
1486 5255 1656 5310 multo
1707 5263 1948 5325 tempore
1980 5253 2038 5310 in

465 5341 755 5398 collatione
788 5342 1142 5414 laborassem,
1178 5348 1254 5404 ibi
1283 5348 1562 5405 audissent
1601 5347 1732 5418 quid
1770 5347 2034 5403 dicerent.

463 5430 544 5487 lbi
571 5433 1110 5502 reprehenderentur,
1138 5443 1198 5490 ut
1218 5439 1582 5494 emendarent.
1606 5435 1684 5492 lbi
1711 5436 2039 5507 corrigeren-

462 5527 574 5587 tur,
601 5537 708 5592 quo
735 5531 1014 5590 errarent,
1054 5525 1222 5582 donec
1241 5527 1488 5584 Christus
1511 5527 1817 5584 ﬁrmaretur
1837 5527 1892 5582 in
1914 5527 1994 5582 eis
2017 5541 2033 5581 :

467 5617 524 5666 et
546 5610 626 5668 sic
654 5626 777 5669 cum
830 5613 1020 5685 grandi
1071 5612 1275 5682 labore,
1331 5617 1533 5674 orando
1568 5613 1633 5672 ἐι
1677 5617 2032 5682 humiliando,

466 5704 792 5777 quandoque
825 5705 894 5763 ad
933 5706 1159 5763 solidum
1189 5706 1366 5765 cibum
1397 5711 1758 5779 pervenirent.
1807 5710 1873 5765 Et
1911 5726 2034 5767 cum

466 5799 857 5874 pervenissent,
904 5799 1015 5875 jam
1045 5800 1234 5860 dentes
1277 5802 1535 5866 habentes
1572 5803 1800 5866 solidum
1840 5820 2034 5878 panem

2175 587 2490 654 sententias,
2533 603 2669 658 quas
2692 599 2874 647 mente
2911 594 3121 662 parvuli
3149 610 3256 650 non
3282 595 3595 669 intelligunt
3617 641 3636 665 ,
3671 601 3779 672 ipsi

2173 692 2240 733 ea
2259 679 2667 748 responderent.
2694 681 2802 738 Sed
2825 684 2952 754 quia
2976 686 3080 742 sibi
3110 689 3383 758 sapientes
3403 692 3698 760 videntur,
3723 707 3775 753 et

2173 781 2271 838 pro
2292 770 2545 842 despectu
2567 773 2672 831 hoc
2691 773 2871 832 facere
2891 775 3102 842 nolunt,
3131 777 3252 835 ideo
3276 781 3530 853 magistri
3550 789 3772 845 erroris

2173 861 2346 929 ﬁunt,
2384 865 2510 934 quia
2537 867 2784 924 veritatis
2817 867 3067 940 discipuli
3089 885 3209 928 esse
3234 873 3553 931 noluerunt.
3585 878 3770 935 Disci-

2171 951 2284 1021 puli
2321 953 2539 1022 quidem
2577 955 2796 1014 l‘uerunt
2818 998 2835 1022 ,
2898 960 2994 1015 sed
3035 960 3103 1017 de
3150 961 3439 1034 disciplina
3482 967 3766 1026 saeulari.

2170 1039 2240 1096 Et
2301 1041 2420 1098 ideo
2459 1043 2607 1103 fures
2637 1055 2692 1104 et
2748 1047 2989 1106 latrones
3048 1050 3106 1105 in
3150 1052 3439 1112 collatione
3495 1056 3766 1116 Ecclesia

2170 1143 2574 1202 apparuerunt,
2613 1137 2742 1207 quia
2786 1155 2892 1194 non
2927 1156 3021 1210 per
3057 1142 3279 1211 ostium,
3317 1148 3466 1217 quod
3491 1157 3576 1204 est
3600 1149 3764 1207 Chri-

2169 1228 2322 1291 stus;
2361 1225 2456 1281 sed
2501 1226 2717 1284 aliunde
2741 1230 2974 1301 primam
3017 1234 3332 1292 cathedram
3361 1241 3760 1297 ascenderunt.

2167 1307 2237 1366 Et
2275 1311 2400 1369 inde
2420 1317 2797 1387 cognoscimus
2832 1335 2928 1377 eos
2961 1336 3074 1378 non
3101 1338 3223 1381 esse
3269 1341 3432 1384 veros
3481 1340 3759 1399 pastores,

2167 1401 2295 1495 quia
2335 1418 2524 1462 vocem
2559 1406 2774 1466 illorum
2793 1450 2810 1478 ,
2870 1411 2927 1469 id
2960 1421 3046 1474 est
3081 1429 3174 1472 eos
3196 1454 3214 1486 ,
3263 1431 3397 1495 oves
3454 1420 3760 1482 Dominicte

2259 1503 2436 1552 erunt.

2259 1503 2436 1552 erunt.

2164 1489 2419 1644 chrv.
2458 1587 2518 1645 In
2542 1589 2630 1646 his
2657 1591 2830 1650 tribus
2856 1594 3012 1666 plene
3033 1598 3513 1670 deprehenduntur
3535 1605 3594 1661 in
3644 1606 3755 1663 Ec-

2164 1675 2331 1734 clesia
2356 1679 2618 1756 hazretici,
2645 1682 2702 1738 id
2719 1692 2822 1752 est,
2854 1685 2913 1741 in
2940 1686 3065 1756 ﬁde,
3095 1697 3150 1746 et
3169 1691 3470 1762 dilectione,
3499 1706 3556 1753 et
3581 1698 3757 1754 disci-

2162 1771 2329 1842 plina.
2357 1772 2458 1840 Qui
2484 1775 2630 1830 enim
2669 1786 2818 1834 recte
2849 1779 3024 1836 credit
3055 1789 3246 1839 etnon
3282 1785 3469 1856 diligit,
3520 1789 3754 1847 daemon

2089 1852 2142 1919 Β
2163 1872 2264 1922 est.
2280 1865 2499 1922 Damon
2525 1869 2699 1925 credit
2731 1879 2787 1926 et
2823 1887 2933 1929 non
2953 1873 3146 1945 diligit.
3176 1874 3290 1932 Nec
3311 1852 3412 1934 iste
3432 1852 3751 1951 discipulus

2162 1957 2362 2014 Christi
2386 1967 2487 2016 est.
2522 1959 2658 2016 Nam
2684 1962 2862 2020 omnis
2887 1964 2981 2034 qui
3027 1965 3225 2036 diligit,
3259 1968 3454 2025 credit.
3515 1970 3752 2028 Dilectio

2159 2050 2307 2106 enim
2326 2057 2532 2108 tantum
2559 2053 2616 2109 in
2636 2053 2794 2110 bonis
2834 2055 2998 2112 rebus
3041 2057 3324 2128 accipitur,
3353 2075 3514 2117 amor
3534 2077 3662 2116 vero
3687 2070 3748 2117 et

2158 2143 2218 2201 in
2245 2144 2403 2201 bonis
2446 2153 2502 2202 et
2548 2146 2606 2202 in
2645 2147 2803 2204 malis
2827 2161 2946 2204 esse
2977 2156 3184 2218 potest,
3232 2150 3361 2220 quia
3400 2160 3460 2207 et
3517 2153 3645 2208 mali
3687 2170 3747 2210 se

2159 2244 2344 2292 amant
2377 2244 2432 2294 et
2464 2253 2573 2294 non
2589 2238 2837 2310 diligunt.
2867 2240 3006 2308 Quia
3034 2241 3249 2297 dilectio
3285 2258 3318 2297 a
3348 2244 3589 2299 duorum
3615 2245 3744 2316 liga-

2159 2326 2305 2382 tione
2329 2343 2526 2384 nomen
2567 2331 2814 2400 accepit,
2854 2331 2982 2402 quia
3006 2332 3087 2388 sic
3114 2332 3284 2403 diligit
3332 2334 3575 2390 alterum
3605 2337 3742 2392 sicut

2157 2419 2412 2491 seipsum.
2438 2421 2508 2478 Et
2532 2432 2607 2478 est
2651 2440 2897 2480 mensura
2925 2425 3238 2497 dilectionis,
3286 2429 3342 2484 in
3379 2446 3488 2501 quo
3518 2439 3632 2486 tota
3658 2430 3742 2487 lc:

2155 2510 2339 2582 pendet
2369 2522 2419 2568 et
2462 2515 2743 2584 prophetes.
2780 2515 2972 2588 Diligis
3019 2518 3188 2574 Deum
3227 2538 3294 2576 ea:
3327 2531 3438 2577 toto
3475 2523 3657 2591 corde,
3688 2536 3737 2592 et

2155 2604 2448 2673 proximum
2478 2613 2626 2660 tuum
2673 2607 2809 2662 sicut
2853 2609 3093 2680 teipsum.
3125 2610 3316 2667 Restat
3349 2627 3486 2686 ergo
3531 2625 3594 2668 ut
3645 2615 3736 2685 qui

2157 2691 2326 2764 diligit
2349 2703 2498 2752 recte
2516 2697 2702 2753 credat
2723 2699 2850 2770 quia
2876 2699 3197 2772 Symbolum
3224 2703 3441 2759 recitat.
3483 2705 3600 2762 Pro
3630 2707 3736 2762 ﬁde

2155 2789 2336 2838 tamen
2358 2784 2505 2841 solus
2531 2801 2639 2842 non
2665 2790 2962 2855 contendit,
2990 2790 3131 2847 sicut
3148 2792 3454 2859 haereticus,
3478 2794 3584 2850 sed
3606 2811 3733 2851 eum

2154 2873 2300 2928 omni
2324 2874 2564 2932 Ecclesia
2593 2877 2809 2934 clamat.
2837 2878 3136 2937 Haereticus
3159 2868 3510 2939 tamen'solus
3531 2901 3737 2943 emus

2154 2965 2410 3024 discurrit
2431 2983 2529 3039 per
2552 2977 2749 3037 terras,
2780 2979 2842 3026 ut
2866 2988 3018 3029 novae
3059 2989 3170 3030 suae
3199 2976 3451 3033 doctrina:
3489 2994 3738 3036 consen-

2153 3058 2347 3116 tientes
2372 3061 2630 3118 inveniat.
2657 3064 2963 3122 Catholicus
2985 3075 3166 3122 autem
3190 3069 3322 3125 nihil
3347 3087 3523 3126 nova
3553 3073 3724 3139 dicit,

2152 3153 2280 3222 quia
2325 3159 2496 3209 totam
2523 3169 2676 3210 suam
2710 3156 2872 3213 ﬁdem
2897 3158 2952 3213 in
3008 3158 3263 3230 Symbolo
3297 3162 3725 3233 comprehendit.

2150 3241 2444 3298 Conﬁrmat
2487 3259 2607 3300 eam
2631 3285 2647 3312 ,
2693 3247 2816 3315 quia
2871 3247 3034 3304 habet
3081 3249 3416 3307 dilectionem
3454 3254 3733 3322 proximi.

2149 3331 2301 3390 Tunc
2323 3335 2488 3391 habet
2507 3344 2562 3391 ct
2587 3350 2758 3407 spem,
2784 3353 2908 3394 cum
2928 3337 3176 3395 habuerit
3211 3340 3367 3397 ﬁdem
3390 3350 3446 3397 et
3466 3343 3734 3400 charita-

2147 3433 2277 3481 tem.
2304 3425 2466 3482 Fides
2501 3426 2642 3482 dicta
2665 3435 2769 3496 est,
2799 3429 2922 3498 quia
2953 3429 3015 3484 ﬁt
3039 3430 3170 3486 illud
3205 3432 3342 3502 quod
3368 3431 3511 3488 inter
3537 3443 3732 3493 utros-

2147 3531 2253 3587 que
2305 3517 2562 3588 placitum
2601 3526 2702 3575 est.
2753 3518 2812 3574 Id
2839 3527 2952 3587 est,
2995 3520 3136 3577 sicut
3176 3521 3314 3578 inter
3361 3522 3652 3582 hominem
3679 3537 3734 3584 et

2147 3609 2420 3665 hominem
2468 3610 2583 3678 ﬁat,
2630 3619 2690 3666 ut
2741 3625 2899 3669 nemo
2928 3614 3131 3670 nemini
3166 3615 3470 3670 mentiatur.
3515 3614 3656 3673 lam
3685 3621 3730 3677 si

2146 3703 2407 3760 mentitur
2436 3705 2558 3775 quis
2579 3744 2596 3772 ,
2640 3721 2748 3761 non
2779 3713 2862 3762 est
2904 3704 3059 3762 ﬁdes.
3121 3706 3213 3764 Sic
3253 3707 3392 3763 inter
3441 3709 3628 3766 Deum
3675 3721 3730 3767 et

2147 3793 2421 3850 hominem
2460 3813 2473 3846 :
2527 3796 2573 3851 si
2606 3811 2712 3853 non
2743 3796 2874 3852 facit
2904 3796 3065 3854 homo
3090 3814 3210 3870 quae
3260 3799 3527 3870 promittit
3584 3801 3722 3868 Deo,

2140 3880 2257 3954 jam
2277 3903 2384 3943 non
2405 3895 2489 3943 est
2514 3887 2669 3944 ﬁdes.
2702 3888 2824 3945 Jam
2843 3897 2899 3945 et
2923 3889 3067 3946 Deus
3086 3907 3191 3948 non
3211 3891 3342 3949 facit
3365 3909 3484 3964 qua:
3509 3897 3729 3964 promi-

2146 3976 2220 4033 sit
2242 3977 2477 4044 homini,
2508 3978 2635 4048 quia
2656 3978 2817 4035 homo
2855 3980 3062 4050 primus
3089 3981 3309 4038 violavit
3350 3983 3531 4040 ﬁdem.
3590 3986 3728 4056 Spes

2145 4077 2336 4124 vocata
2385 4071 2541 4140 quasi
2580 4085 2677 4141 pes
2702 4071 2772 4127 ad
2813 4074 3284 4143 progrediendum.
3322 4073 3426 4143 Qui
3451 4079 3728 4146 promittit

2147 4160 2257 4216 Deo
2285 4169 2341 4215 et
2377 4176 2486 4217 non
2512 4162 2691 4234 pergit
2719 4163 2789 4218 ad
2831 4178 2977 4230 eum,
3007 4180 3116 4222 non
3151 4166 3312 4222 habet
3365 4181 3537 4236 spem,
3597 4171 3725 4238 quia

2145 4264 2254 4305 non
2278 4251 2443 4306 vadit.
2470 4251 2585 4307 Non
2605 4262 2686 4309 est
2720 4253 2794 4310 ibi
2815 4269 2928 4324 pes,
2961 4257 3056 4312 sed
3083 4256 3264 4326 depes,
3287 4257 3343 4314 id
3367 4267 3454 4313 est
3470 4259 3729 4329 despera-

2145 4342 2241 4398 tio.
2279 4342 2527 4399 Charitas
2553 4353 2732 4400 autem
2757 4346 2981 4403 Griecus
3007 4361 3186 4403 sermo
3211 4356 3314 4416 est,
3349 4351 3496 4419 quod
3521 4349 3725 4409 Latine

2146 4433 2344 4488 dicitur
2391 4434 2626 4490 dilectio.
2677 4435 2804 4492 Haec
2840 4437 2945 4492 tria
2994 4444 3117 4492 sunt
3165 4452 3284 4508 qua:
3329 4438 3388 4494 in
3438 4439 3726 4510 religionis

2145 4521 2291 4577 cultu
2337 4524 2407 4576 ad
2436 4522 2716 4579 colendum
2746 4525 2918 4580 Deum
2940 4525 2995 4580 in
3022 4527 3274 4584 omnibus
3303 4529 3726 4599 perquiruntur,

2143 4611 2198 4666 id
2220 4621 2322 4678 est,
2352 4614 2504 4680 ﬁdes,
2545 4630 2670 4684 spes
2699 4622 2754 4670 et
2793 4616 3048 4674 charitas.
3080 4617 3180 4673 His
3201 4619 3368 4674 tribus
3390 4621 3572 4691 major
3598 4624 3729 4677 clm.

2139 4702 2290 4757 ritas.
2313 4701 2448 4770 Quia
2474 4703 2565 4759 hic
2592 4705 2895 4771 inchoatur,
2915 4714 2972 4762 et
2984 4706 3147 4763 ﬁnem
3165 4724 3273 4764 non
3285 4710 3468 4764 habet.
3483 4710 3728 4770 Proinde

2141 4792 2283 4848 Deus
2303 4795 2542 4851 charitas
2555 4806 2914 4867 nuncupatur,
2935 4800 3026 4869 qui
3040 4798 3202 4856 ﬁnem
3224 4815 3333 4856 non
3352 4801 3538 4858 habet.
3557 4802 3726 4862 Fides

2142 4891 2325 4940 tamen
2345 4893 2402 4942 et
2445 4901 2569 4958 spes
2615 4888 2774 4944 ﬁnem
2805 4891 3098 4948 habebunt.
3148 4892 3283 4960 Quia
3319 4895 3726 4955 cumvidemus

2143 4973 2330 5042 Deum,
2374 4990 2535 5047 quem
2562 4980 2829 5036 credimus
2849 5021 2866 5048 ,
2921 4981 3061 5038 ultra
3107 4983 3252 5053 quod
3277 4985 3572 5043 credamus
3613 5004 3722 5044 non

2137 5064 2417 5123 habemus.
2439 5067 2601 5126 Fides
2627 5071 2823 5126 dicitur
2842 5071 2900 5127 in
2927 5070 3032 5130 hoc
3057 5074 3270 5140 saeculo,
3297 5076 3426 5144 quia
3446 5081 3727 5136 veraciter

2137 5157 2408 5215 credimus
2437 5161 2492 5216 id
2512 5161 2656 5232 quod
2682 5177 3022 5234 nequaquam
3061 5165 3244 5223 videre
3266 5167 3536 5226 valemus.
3577 5171 3723 5227 Nam

2137 5247 2357 5304 credere
2374 5249 2487 5320 jam
2513 5267 2619 5307 non
2659 5267 2944 5322 possumus
2967 5255 3112 5325 quod
3138 5256 3402 5313 videmus.
3448 5258 3544 5314 Sic
3591 5275 3726 5332 spes

2137 5350 2349 5402 tantum
2397 5342 2452 5396 in
2489 5343 2592 5400 hoc
2617 5343 2813 5399 saeculo
2857 5353 2960 5400 est.
3010 5344 3145 5401 Cum
3186 5355 3370 5402 autem
3411 5347 3726 5405 viderimus

2137 5435 2473 5506 maiestatem
2495 5433 2630 5500 Dei,
2667 5449 2828 5504 quam
2852 5434 3005 5490 nobis
3033 5435 3282 5509 promisit
3304 5437 3528 5505 videre,
3569 5439 3725 5494 ultra

2136 5527 2282 5598 quod
2307 5539 2586 5598 Speremus
2607 5539 2715 5581 non
2732 5525 3012 5592 habemus,
3033 5526 3157 5597 quia
3185 5527 3330 5598 quod
3357 5528 3728 5598 sperabamus

2129 5617 2245 5689 jam
2279 5618 2557 5675 habemus.
2585 5617 2797 5673 Etcum
2819 5616 2986 5676 habet
3039 5617 3201 5678 homo
3245 5619 3391 5690 quod
3433 5621 3723 5692 sperabat.

2135 5712 2280 5785 quod
2303 5719 2482 5780 speret
2509 5725 2616 5766 non
2639 5710 2818 5766 habet.

2207 5803 2366 5860 XCV.
2407 5802 2658 5862 Charitas
2687 5818 2815 5864 vero
2839 5803 2929 5864 hic
2948 5804 3168 5868 inchoat
3185 5806 3456 5876 proximo.
3483 5805 3554 5866 Et
3581 5820 3718 5867 eum

2086 5904 2137 5922 ..σι
