3952 6318
201 451 313 510 953

873 438 1154 502 nersae
1186 441 1278 501 nr
1316 442 1376 501 ε.
1414 438 1620 500 BEATI
1654 439 1748 499 AD
1784 440 2186 504 ELlPANDUM
2223 444 2440 505 EPIST.
2479 418 2550 492 -Ζ
2585 450 2717 508 un.
2755 453 2797 510 ι.

3338 480 3341 484 ’
3352 469 3455 527 954

198 565 402 625 viderit
421 564 611 632 Deum,
634 569 764 618 tunc
787 557 1344 654 ﬁtmajorg‘Quia'bic
1578 556 1766 628 proxi-
1789 558 1845 620 Δ
1871 558 1940 614 do
1967 559 2097 616 dicit
2154 558 2342 616 Jesus:
2384 561 2488 629 Qui
2516 578 2625 619 non
2657 568 2951 624 comederit
2992 585 3210 632 carnem
3254 594 3452 654 meam,

199 675 374 726 mum,
402 657 582 713 minor
624 662 726 712 est.
770 653 878 710 Sed
928 659 1186 722 quantum
1209 650 1332 721 plus
1365 649 1552 707 dilexit
1589 651 1774 721 proxi-

197 771 373 822 mum,
401 760 612 810 tantum
644 758 701 806 et
740 748 851 805 illic
884 747 1006 818 plus
1028 746 1227 802 videbit
1267 745 1604 816 maiestatem
1650 742 1768 797 Dei.

198 847 270 906 Et
303 854 564 919 quantum
595 841 776 898 minus
799 839 984 896 dilexit
1024 839 1359 909 proximum,
1409 844 1620 893 tantum
1662 834 1772 890 illic

194 940 380 996 minus
407 937 606 994 videbit
623 933 959 1005 majestatem
987 931 1103 988 Dei.
1149 931 1216 986 Et
1263 930 1354 1001 qui
1390 945 1499 985 non
1541 929 1767 993 dilexit,

193 1030 323 1088 licet
349 1028 575 1099 jejunet,
601 1033 738 1094 oret,
771 1040 860 1081 res
884 1039 1009 1080 suas
1032 1021 1356 1094 pauperibus
1377 1026 1590 1090 eroget,
1614 1018 1688 1074 ita
1710 1025 1771 1074 ut

189 1123 372 1179 nudus
414 1136 515 1192 pro
541 1118 743 1176 Christi
796 1117 1015 1173 nomine
1071 1122 1375 1179 remaneat,
1405 1111 1768 1183 virginitatem

188 1212 497 1278 custodiat,
527 1210 612 1264 die
657 1219 705 1264 et
749 1217 897 1264 nocte
927 1207 983 1261 in
1036 1204 1145 1276 lege
1203 1203 1415 1258 Domini
1447 1201 1722 1255 meditetur
1746 1239 1761 1267 ,

185 1320 379 1366 omnes
405 1303 713 1376 Scripturas
731 1299 1044 1356 memoriter
1071 1305 1280 1363 teneat,
1319 1295 1467 1351 omni
1508 1295 1595 1351 die
1620 1309 1766 1350 com-

185 1399 446 1464 municet,
473 1395 714 1451 inﬁrmos
756 1401 810 1449 et
836 1393 1199 1449 incarceratos
1226 1390 1428 1455 visitet,
1467 1388 1638 1443 nudos
1663 1402 1768 1464 ve-p

182 1487 334 1552 stiat,
357 1485 661 1556 bOSpitibus
685 1483 850 1554 pedes
877 1481 1038 1549 lavet,
1072 1488 1219 1536 recte
1258 1480 1444 1536 credat
1482 1477 1759 1533 Christum

181 1577 381 1634 Filium
401 1575 516 1643 Dei,
549 1574 732 1632 omnia
756 1580 965 1630 secreta
993 1570 1112 1641 ejus
1161 1571 1326 1637 sciat,
1361 1579 1409 1624 et
1453 1567 1756 1640 angelorum

181 1669 378 1741 linguis
401 1668 665 1739 loquatur,
688 1674 852 1737 ctpro
877 1664 1076 1720 Christi
1097 1663 1315 1719 nomine
1337 1676 1553 1718 crucem
1571 1674 1761 1715 ascen-
1814 1722 1824 1731 _

1874 661 1930 707 et
1963 652 2280 724 sanguinem
2333 670 2514 710 meum
2542 671 2649 711 non
2693 659 2911 727 biberit,
2941 662 3066 720 licet
3105 652 3454 737 spiritualiter

1872 750 1927 798 et
1952 743 2212 814 mysterio
2239 745 2414 815 possit
2441 746 2689 819 intelligi,
2728 758 2907 808 tamen
2959 760 3320 828 corporaliter
3359 781 3453 836 pa-

1872 847 1997 929 nem
2026 851 2241 929 ,_quem
2295 839 2528 908 petimus
2589 844 2959 911 quotidianum
2989 889 3004 916 ,
3070 867 3196 909 vere
3257 872 3454 929 corpus

1869 923 2091 993 Christi,
2137 938 2192 984 et
2239 931 2460 1001 sanguis
2499 932 2666 1002 ejus,
2702 950 2881 994 sermo
2914 941 3306 1011 scripturarum
3345 923 3446 1008 est.

1867 1011 1936 1070 Et
1961 1031 2083 1070 eum
2105 1016 2334 1088 legimus
2362 1036 2513 1088 eam,
2539 1038 2759 1080 carnem
2807 1027 3008 1085 Christi
3044 1035 3449 1112 manducamus,

1865 1113 1921 1196 ει
1965 1108 2275 1196 sanguinem
2331 1109 2448 1181 ejus
2503 1113 2758 1171 bibimus.
2799 1117 3028 1175 Etcum
3084 1139 3326 1196 oramus,
3387 1108 3450 1188 ut

1865 1193 2226 1266 intelligamus
2253 1214 2316 1254 ea
2354 1200 2726 1272 spiritualiter,
2753 1213 2809 1262 et
2857 1223 3247 1280 cognoscamus
3294 1193 3446 1275 Divi-

1864 1285 2088 1374 nitatem
2115 1286 2467 1345 incarnatam.
2507 1291 2575 1348 Et
2602 1309 2725 1348 cum
2755 1299 3130 1368 cognoscimus
3157 1307 3299 1374 quod
3321 1323 3447 1365 vero

1861 1373 2031 1431 Filius
2056 1377 2153 1433 Dei
2180 1379 2270 1446 sit,
2298 1389 2353 1436 et
2390 1397 2552 1440 verus
2584 1384 2745 1452 Deus,
2773 1397 2826 1442 et
2854 1405 2962 1444 non
3009 1400 3092 1448 est
3133 1373 3272 1451 alter
3304 1398 3446 1456 Deus

1859 1477 2058 1538 praeter
2100 1469 2270 1537 illum,
2320 1474 2411 1543 qui
2441 1475 2506 1531 de
2548 1477 2770 1548 Virgine
2804 1489 2964 1539 natus
3006 1493 3108 1551 est,
3142 1496 3196 1543 et
3247 1490 3441 1546 adora-

1860 1572 1982 1612 mus
2008 1573 2130 1614 eum
2171 1577 2293 1616 cum
2321 1564 2542 1634 angelis,
2573 1567 2734 1623 siculi
2762 1579 2845 1627 est
2889 1587 3028 1630 unus
3054 1591 3177 1631 cum
3203 1577 3364 1636 Patre
3385 1589 3442 1637 et

1862 1648 2064 1718 Spiritu
2099 1661 2285 1707 sancto
2339 1654 2498 1722 Deus,
2550 1645 2746 1728 panem
2785 1663 3097 1731 angelorum
3149 1672 3442 1728 manduca-

179 1740 301 1826 dat,
354 1769 410 1815 et
437 1774 536 1831 pro
561 1757 776 1814 Christo
815 1756 1128 1826 sanguinem
1165 1755 1370 1821 fundat,
1422 1753 1757 1824 maiestatem
1857 1756 1996 1795 mUS-
2020 1740 2122 1808 QUi
2152 1742 2486 1814 scripturam
2524 1747 2830 1820 Γωρυσηιθι
2863 1752 3061 1824 ιεεθτθ,
3093 1757 3210 1826 ipsa
3261 1759 3439 1816 Ῑίῑιθΐα

180 1852 277 1908 Dei
310 1851 493 1906 videre
537 1864 642 1906 non
682 1856 878 1920 potest.
909 1847 1038 1903 Sine
1066 1847 1333 1903 charitatc
1382 1847 1551 1902 Deum
1578 1835 1757 1900 {iullus
1788 1903 1834 1921 _
1859 1844 2055 1921 φΓΡυε
2083 1841 2184 1888 θεῖ·
2228 1833 2334 1890 Sed
2379 1837 2598 1908 Spiritus
2645 1841 2701 1896 in
2749 1842 2928 1898 Ῑίιῑθνίι
2966 1853 3069 1901 θεῖ’
3111 1847 3283 1905 Habet
3325 1851 3438 1921 ipsa

178 1943 570 2002 Catholicorum
594 1903 796 1998 videbit
838 1957 1096 2012 unquam.
1124 1941 1228 2011 lpsi
1255 1941 1450 1996 dicturi
1497 1948 1640 2008 sunt,
1668 1903 1837 2010 quiB
1863 1919 2045 1977 “ne”
2103 1924 2374 1993 Spiritum,
2443 1928 2499 1984 id
2549 1938 2633 1986 est
2680 1931 3037 1990 intellectum.
3099 1937 3206 1993 Sed
3259 1903 3438 1997 tanien

178 2033 283 2089 ista
312 2033 496 2089 omnia
532 2031 776 2098 faciunt,
816 2041 870 2088 et
923 2047 1032 2088 non
1078 2031 1308 2102 diligunt
1354 2048 1369 2088 :
1405 2031 1663 2096 Domine,
1702 2031 1760 2087 in
1859 2015 1973 2086 ipse
1999 2017 2323 2074 intellectum
2355 2021 2472 2078 sine
2499 2022 2696 2091 littera.
2745 2040 2865 2095 qua:
2904 2044 3102 2099 corpus
3141 2040 3245 2098 est.
3278 2048 3439 2089 nemo

176 2128 388 2182 nomine
439 2135 528 2181 ιυο
582 2126 1018 2196 prophetam-mus,
1069 2124 1332 2178 dmum,“
1383 2124 1666 2193 quimus,
1708 2131 1756 2176 ει
1857 2106 2153 2178 intelligere
2206 2120 2402 2179 potest.
2462 2112 2564 2180 Qui
2615 2115 2917 2173 intellectus
2963 2119 3157 2175 litterae
3207 2138 3316 2176 non
3353 2134 3437 2180 est

174 2217 394 2272 rirtutes
420 2216 608 2271 multas
627 2217 863 2286 fecimus.
887 2214 1032 2270 Tunc
1056 2215 1380 2288 respondebit
1404 2214 1547 2270 illis:
1571 2214 1764 2270 Disce-'

173 2308 288 2361 dite
317 2325 351 2360 a
378 2324 458 2362 me
476 2347 492 2374 ,
517 2307 735 2377 operarii
779 2307 1093 2378 iniquitatis.
1123 2305 1410 2378 Nunquam
1435 2307 1550 2362 novi
1587 2324 1676 2362 vos
1697 2309 1754 2364 in

172 2401 334 2455 domo
380 2400 559 2455 Patris
605 2401 722 2455 mei.
753 2400 992 2471 Require
1037 2416 1181 2458 nunc
1225 2399 1352 2470 quid
1381 2407 1466 2458 est
1507 2400 1563 2455 in
1598 2398 1753 2454 domo

176 2491 379 2546 Patris;
418 2491 478 2546 ln
520 2492 678 2547 domo
708 2491 888 2548 Patris
933 2507 1041 2548 non
1091 2492 1230 2558 fuit,
1282 2490 1337 2546 id
1361 2498 1461 2558 est,
1495 2491 1752 2549 Ecclesia:

173 2583 439 2638 unitatem
473 2597 580 2638 non
615 2583 807 2639 tenuit.
845 2582 1009 2640 Fides
1057 2591 1238 2640 autem
1265 2583 1355 2638 illa
1385 2597 1514 2639 vera
1565 2581 1750 2653 appel-

173 2671 332 2728 landa
344 2680 429 2729 est
453 2687 574 2743 quze
593 2682 678 2729 est
696 2689 844 2741 vera,
868 2690 977 2730 non
997 2674 1144 2740 ﬁcta,
1171 2690 1334 2745 quam
1357 2683 1580 2732 sanctus
1603 2689 1750 2732 eom-

173 2765 393 2821 mendat
417 2765 729 2836 Apostolus,
766 2766 952 2823 dicens
982 2783 997 2822 :
1023 2765 1177 2822 Finis
1202 2775 1377 2822 autem
1408 2768 1649 2838 pracepti
1671 2775 1747 2822 est

172 2855 403 2910 clior-itas
449 2856 514 2912 de
538 2856 696 2911 corde
728 2874 859 2928 puro
883 2897 899 2924 ,
937 2866 988 2913 et
1021 2858 1335 2914 conscientia
1365 2859 1533 2927 bona,
1568 2868 1618 2914 et
1640 2859 1748 2928 ﬁde

172 2965 281 3004 non
304 2951 448 3020 ﬁcta.
481 2949 615 3005 Nam
640 2949 767 3020 quia
810 2950 951 3006 idem
980 2951 1174 3006 beatus
1208 2948 1496 3020 Apostolus
1519 2989 1535 3017 ,
1573 2951 1746 3021 gratia

169 3059 265 3098 nos
302 3043 435 3098 dixit
472 3043 642 3099 salvos
676 3044 844 3114 factos
882 3059 994 3099 esse
1036 3060 1129 3115 per
1176 3043 1333 3113 ﬁdem
1377 3059 1398 3099 :
1442 3059 1599 3114 quam
1639 3059 1745 3098 non

167 3155 230 3194 ex
251 3140 418 3204 nobis,
445 3139 536 3194 sed
563 3139 660 3194 Dei
684 3139 869 3195 asserit
889 3139 1107 3194 donum.
1141 3138 1210 3194 Et
1236 3137 1421 3206 utique
1443 3149 1570 3189 vera
1597 3133 1744 3188 salus

167 3243 276 3284 non
300 3229 425 3294 erit,
452 3228 544 3283 ubi
567 3227 700 3284 ﬁdes
729 3243 858 3284 vera
885 3244 992 3284 non
1019 3226 1202 3282 fuerit.
1247 3226 1377 3294 Qua:
1401 3241 1524 3282 cum
1549 3223 1742 3279 divini-
1766 3249 1820 3324 c-

167 3329 257 3376 tus
283 3319 604 3385 infunditur,
632 3320 750 3376 sine
774 3319 935 3375 dubio
961 3318 1195 3390 gratuita
1216 3317 1466 3387 largitate
1487 3315 1737 3370 donatur.

165 3412 233 3468 Et
256 3413 347 3468 ubi
359 3427 456 3482 per
465 3425 650 3466 veram
663 3411 822 3467 ﬁdem
834 3411 1035 3466 veritas
1045 3409 1208 3464 fuerit
1229 3406 1579 3473 credulitatis,
1601 3404 1745 3460 veri~

164 3512 251 3560 tas
264 3505 448 3574 utique
461 3504 805 3561 comitabitur
821 3513 876 3560 et
886 3503 1094 3559 salutis.
1113 3500 1366 3571 Quisquis
1376 3509 1554 3556 autem
1568 3514 1600 3554 a
1613 3513 1742 3555 vera

164 3597 273 3654 ﬁde
293 3598 610 3664 deviaverit,
633 3612 778 3654 verae
801 3597 989 3653 salutis
1011 3597 1244 3666 gratiam
1264 3609 1370 3650 non
1397 3591 1633 3648 habebit.

235 3686 420 3743 XCVI.
462 3687 692 3744 Proinde
720 3696 936 3758 torpere
981 3701 1091 3744 non
1123 3686 1284 3742 debet
1323 3683 1498 3751 ﬁdelis
1528 3681 1741 3738 animus

166 3779 239 3834 ad
286 3779 634 3849 quterendum
679 3780 727 3838 si
763 3780 893 3850 quid
921 3781 976 3835 in
1003 3787 1343 3835 sacramento
1381 3776 1507 3832 ﬁdei
1533 3775 1638 3832 sibi
1661 3774 1741 3829 vi-

168 3870 330 3926 detur
355 3873 664 3944 ambiguum
680 3913 696 3938 ,
723 3873 961 3928 maxime
981 3873 1037 3929 in
1061 3872 1318 3944 mysterio
1339 3869 1630 3927 Dominicte
1656 3868 1740 3922 in-

165 3962 500 4018 carnationis
522 4003 540 4028 ,
574 3977 673 4033 per
727 3977 888 4033 quam
941 3961 1151 4032 justitia
1183 3961 1397 4032 impiis,
1432 3960 1544 4015 vita
1593 3973 1741 4014 mor-

167 4054 284 4109 tuis
307 4093 323 4118 ,
359 4054 503 4109 salus
547 4053 777 4110 inﬁrmis
814 4061 870 4108 et
905 4068 1048 4109 verae
1075 4053 1344 4109 libertatis
1370 4050 1543 4123 gratia
1565 4051 1738 4107 dona-

160 4157 226 4202 ta
265 4146 510 4214 captivis.
547 4145 667 4217 Ipse
699 4154 774 4200 est
802 4145 954 4216 panis
995 4153 1200 4209 noster,
1239 4145 1329 4214 qui
1374 4143 1438 4198 de
1477 4140 1600 4200 caelo
1643 4143 1738 4198 de-

161 4236 392 4302 scendit,
425 4246 473 4291 et
509 4239 599 4291 dat
638 4238 796 4292 vitam
815 4235 1032 4290 mundo.
1062 4235 1289 4306 Siquis,
1313 4234 1505 4304 inquit,
1529 4234 1604 4289 επ·
1625 4235 1738 4301 ipso

157 4327 577 4394 manducauerit,
603 4329 730 4383 vivet
750 4329 806 4382 in
827 4336 1098 4383 wternum.
1125 4327 1320 4382 Panem
1342 4325 1454 4382 cwli
1477 4327 1618 4380 dedit
1639 4327 1735 4392 eis,

157 4427 223 4473 ut
240 4417 510 4488 Propheta
536 4418 642 4474 ait:
657 4419 858 4473 Panem
885 4417 1187 4488 angelorum
1207 4417 1536 4473 manducavit
1559 4416 1734 4470 homo.

238 4507 442 4564 XCVII.
485 4509 594 4564 Sed
632 4508 772 4565 forte
827 4507 973 4564 dicat
1024 4506 1223 4577 aliquis
1267 4522 1282 4560 :
1335 4505 1437 4562 Ubi
1491 4503 1734 4560 invenire

1854 2209 2068 2266 corpus.
2093 2197 2200 2254 Sed
2229 2215 2351 2255 cum
2373 2203 2597 2271 coeperit
2618 2204 2812 2274 aliquis
2849 2206 3049 2278 legere,
3080 2209 3195 2278 ipsa
3218 2210 3430 2278 littera,

1853 2299 1974 2357 qua:
2016 2302 2212 2359 corpus
2238 2299 2341 2358 est,
2367 2300 2423 2347 et
2447 2307 2567 2348 eam
2589 2295 2887 2366 intelligere
2913 2315 3018 2353 non
3047 2301 3267 2368 poterit,
3291 2311 3431 2369 oret,

1852 2385 1907 2434 ει
1935 2378 2114 2434 dicat:
2157 2379 2320 2434 Pater
2353 2393 2544 2450 noster,
2579 2385 2668 2458 qui
2708 2403 2761 2442 es
2802 2389 2858 2442 in
2903 2388 3042 2444 caelis
3065 2406 3085 2446 .'
3120 2409 3306 2462 panem
3343 2410 3432 2448 no-

1849 2480 2016 2526 strum
2038 2474 2400 2543 quotidianum
2426 2476 2496 2530 da
2523 2478 2669 2532 nobis
2703 2479 2892 2548 hodie;
2930 2497 3212 2554 quousque
3251 2494 3424 2556 petat,

1850 2575 2126 2634 quousque
2176 2565 2458 2638 intelligat.
2523 2569 2590 2624 Et
2628 2577 2914 2640 postquam
2959 2573 3304 2642 intellexerit,
3337 2577 3426 2632 in-

1849 2665 2084 2730 terroget
2110 2661 2370 2728 seniores,
2412 2663 2708 2736 interroget
2745 2664 2955 2733 Patres,
2983 2668 3123 2723 sicut
3165 2670 3427 2740 scriptum

1847 2758 1949 2818 est,
1976 2759 2032 2806 et
2055 2751 2158 2822 ipsi
2187 2769 2305 2808 eam
2352 2755 2638 2811 nuntient:
2679 2763 2734 2811 et
2774 2764 2903 2812 tunc
2925 2758 3127 2816 videbit
3152 2760 3426 2830 spiritum,

1845 2842 1901 2910 si.
1931 2856 1997 2920 ex
2029 2844 2138 2901 Deo
2163 2856 2246 2901 est
2271 2859 2340 2900 an
2360 2861 2488 2901 non.
2530 2845 2646 2902 Non
2673 2863 2732 2903 se
2758 2857 3051 2918 praesumat
3087 2858 3214 2906 ante
3237 2851 3430 2922 praedi-

1844 2951 1990 3005 care,
2035 2938 2144 2994 nisi
2189 2940 2339 3009 prius
2388 2942 2699 3012 probaverit
2735 2944 2990 3012 spiritum
3045 2943 3260 3010 litterae,
3282 2945 3328 3000 si
3357 2959 3425 3001 ex

1843 3025 1956 3082 Deo
2003 3035 2106 3083 εει.
2149 3027 2322 3084 Pcnsa
2351 3038 2613 3100 quantum
2667 3032 3001 3102 periculosus
3039 3041 3123 3089 est
3150 3049 3326 3090 sermo
3346 3033 3428 3090 di-
3531 3059 3542 3064 -

1842 3121 2000 3178 vinus
2027 3137 2187 3192 quem
2233 3125 2562 3192 manducas;
2600 3124 2654 3180 in
2685 3126 2801 3197 ipsa
2827 3128 3204 3183 communione
3233 3143 3428 3199 cogno-

1842 3232 1934 3274 sce
1972 3232 2133 3288 quam
2161 3219 2547 3274 communicas.
2588 3218 2647 3274 Si
2677 3219 2873 3274 micula
2907 3220 3164 3276 ceciderit
3194 3220 3248 3276 in
3278 3229 3424 3277 terra

1842 3311 1909 3367 de
1937 3328 2099 3367 manu
2128 3313 2444 3377 sacerdotis,
2487 3326 2675 3368 omnes
2716 3307 3155 3377 contremiscent,
3190 3319 3244 3365 et
3266 3311 3421 3367 elon-

1839 3413 1931 3477 gat
1961 3420 2017 3460 se
2062 3407 2131 3462 ab
2183 3406 2300 3475 ipso
2353 3405 2472 3462 loco
2519 3405 2612 3461 ubi
2674 3404 3012 3460 Eucharistia
3065 3404 3340 3469 ceciderit,
3369 3414 3426 3460 et

1839 3497 2098 3566 quaeritur
2156 3497 2440 3568 diligenter
2478 3505 2537 3552 ut
2578 3498 2634 3552 in
2683 3505 2874 3569 patena
2925 3504 3241 3566 reponatur,
3290 3496 3419 3565 quia

1840 3600 2036 3657 corpus
2063 3587 2265 3644 Christi
2317 3596 2401 3643 est
2454 3587 2568 3657 ipsa
2594 3587 2951 3652 Eucharistia,
2990 3602 3110 3658 quae
3149 3585 3317 3642 latine
3342 3587 3422 3642 di-

1839 3678 1982 3735 citur
2028 3679 2170 3735 bona
2213 3678 2407 3750 gratia.
2463 3677 2554 3733 Sic
2585 3687 2640 3734 et
2665 3677 3017 3748 Evangelium
3054 3679 3196 3734 bona
3246 3676 3420 3747 gratia

1839 3769 2058 3827 dicitur.
2102 3769 2257 3837 Quod
2297 3769 2345 3825 si
2373 3776 2546 3824 totum
2580 3767 2929 3839 Evangelium
2987 3766 3110 3836 quis
3137 3765 3418 3822 intellexe-

1839 3863 1951 3930 rit,
2006 3871 2060 3920 et
2112 3862 2373 3918 miracula
2429 3861 2719 3918 crediderit
2771 3876 2890 3930 quae
2942 3875 3051 3916 non
3115 3858 3412 3930 intelligit,

1839 3962 2048 4026 quaerat
2069 3993 2085 4022 ,
2149 3955 2378 4020 timeat,
2441 3952 2824 4009 contremiseat
2849 3991 2865 4019 ,
2919 3966 3027 4006 non
3077 3951 3276 4006 habeat
3321 3949 3419 4005 de-

1838 4045 2046 4115 spectui
2081 4044 2255 4114 ipsam
2309 4043 2563 4100 miculam
2610 4054 2852 4114 quaerere
2878 4049 2936 4096 et
2983 4040 3246 4106 invenire,
3279 4047 3333 4095 et
3360 4039 3418 4095 in

1837 4145 2050 4206 patena,
2097 4135 2153 4190 id
2181 4143 2264 4191 est
2291 4134 2346 4189 in
2394 4135 2576 4190 anima
2609 4133 2774 4201 ﬁdeli,
2814 4146 3034 4203 ponere,
3065 4131 3192 4202 quia
3221 4146 3420 4201 corpus

1839 4227 2042 4284 Christi
2071 4236 2172 4284 est.
2229 4227 2297 4283 Et
2323 4227 2517 4290 animae
2542 4226 2799 4291 ﬁdelium,
2827 4226 2875 4280 si
2911 4239 3041 4279 vasa
3077 4238 3184 4277 non
3213 4232 3415 4289 essent,

1838 4337 1947 4376 non
1973 4321 2174 4376 diceret
2200 4320 2468 4391 Propheta
2500 4335 2565 4375 ex
2588 4333 2719 4374 voce
2759 4316 3016 4373 Domini:
3056 4314 3414 4378 Mundamini,

1837 4413 1927 4485 qui
1956 4413 2102 4483 fertis
2160 4428 2284 4466 vasa
2335 4409 2569 4464 Domini.
2615 4409 2684 4463 Et
2709 4408 2774 4464 de
2801 4406 2968 4462 Paulo
3016 4402 3256 4475 apostolo
3302 4402 3418 4472 ipse

1837 4504 2100 4559 Dominus
2127 4502 2297 4558 dicit:
2351 4499 2452 4556 Vas
2475 4499 2742 4555 electionis
2767 4499 2894 4554 mihi
2922 4506 3017 4553 est.
3059 4496 3117 4551 ln
3141 4495 3258 4565 ipsa
3285 4507 3415 4548 vasa

154 4597 446 4669 possumus
470 4600 612 4656 hunc
641 4613 835 4670 panem
862 4640 878 4666 ,
917 4599 1008 4668 qui
1032 4599 1101 4654 de
1145 4597 1282 4655 coelo
1328 4597 1638 4662 descendit,
1681 4603 1735 4652 et
1757 4610 1814 4674 ι)
1844 4611 2040 4665 corpus
2066 4593 2266 4650 Christi
2315 4593 2568 4658 mittitur,
2595 4590 2741 4662 quod
2783 4597 2868 4645 est
2909 4585 3268 4651 Eucharistia,
3298 4584 3414 4641 sive

155 4690 526 4747 manducare?
556 4689 676 4746 Jam
717 4689 976 4746 Dominus
1004 4689 1071 4744 ad
1102 4687 1268 4744 C(BlOS
1291 4688 1560 4755 ascendit,
1608 4702 1735 4758 quo-
1840 4691 2076 4746 Verbum
2115 4689 2232 4744 Dei.
2288 4687 2442 4756 Quod
2477 4686 2524 4743 si
2552 4685 2668 4756 ipsa
2702 4683 2917 4748 micula,
2970 4696 3132 4752 quam
3161 4677 3416 4735 euchari-

155 4782 323 4838 modo
357 4783 694 4839 manducabo
731 4785 876 4839 hunc
911 4798 1140 4853 panem,
1175 4791 1230 4838 et
1267 4783 1446 4837 vivam
1498 4782 1552 4837 in
1579 4791 1736 4837 aeter-

153 4874 325 4930 num?
357 4872 493 4942 Quia
540 4875 784 4930 desidero
834 4875 977 4930 hunc
1020 4889 1217 4945 panem
1264 4874 1612 4929 manducare.
1666 4873 1734 4927 Et

152 4965 324 5021 credo
368 4963 508 5034 quod
554 4965 659 5018 vita
693 4974 890 5019 «eterna
932 4972 1006 5019 est
1040 4965 1147 5034 ipse
1179 4965 1332 5035 panis
1354 5003 1370 5030 ,
1408 4964 1461 5018 id
1496 4972 1580 5020 est
1606 4977 1730 5018 cor-

152 5074 261 5130 pus
284 5056 423 5126 ejus.
455 5057 523 5112 Et
541 5057 700 5114 dico:
732 5059 978 5125 Domine,
1005 5074 1219 5129 semper
1245 5060 1312 5115 da
1351 5059 1506 5114 nobis
1539 5072 1734 5130 panem

151 5149 324 5204 hunc.
363 5148 431 5204 Et
472 5149 529 5203 in
571 5150 832 5215 oratione,
893 5165 1056 5221 quam
1108 5149 1343 5217 edocuit,
1393 5164 1490 5204 oro
1544 5157 1599 5204 et
1647 5163 1734 5219 pe-

151 5248 216 5294 to
254 5256 269 5293 :
315 5236 513 5293 Panem
561 5248 792 5296 nostrum
829 5240 1193 5312 quotidianum
1242 5241 1312 5295 da
1361 5239 1508 5295 nobis
1558 5239 1731 5294 hodie.

149 5328 300 5397 Quid
351 5338 434 5385 est
491 5329 606 5400 ipse
648 5331 806 5402 panis
848 5346 1010 5402 quem
1075 5332 1313 5403 quotidie
1359 5331 1632 5402 petimus?
1667 5331 1736 5388 Et

144 5430 347 5478 noster
375 5421 531 5492 panis
562 5431 677 5489 est;
729 5430 784 5479 et
826 5430 1007 5480 tamen
1057 5438 1181 5480 eum
1225 5422 1330 5479 nisi
1378 5423 1690 5494 petierimus
1715 5462 1733 5491 ,

143 5529 266 5571 non
291 5513 608 5584 accipimus.
657 5513 726 5570 Et
749 5529 875 5571 vere
898 5530 1094 5588 corpus
1121 5521 1222 5571 est.
1261 5512 1399 5569 Audi
1442 5515 1616 5586 ipsum
1645 5530 1737 5586 pa-

149 5619 287 5663 nem
327 5612 572 5661 nostrum
607 5604 995 5676 quotidianum.
1044 5604 1193 5662 Pete.
1247 5603 1462 5676 Accipe.
1517 5605 1736 5660 Mandu-

147 5715 222 5758 εει
251 5699 517 5770 quotidie.
555 5699 820 5772 Legamus
874 5709 1092 5758 sanctas
1139 5699 1468 5771 Scripturas,
1499 5709 1551 5757 ει
1586 5703 1734 5758 inve-

139 5790 374 5851 niemus
401 5789 545 5846 hunc
582 5806 797 5861 panem.
838 5790 949 5863 Ego
976 5806 1171 5861 corpus
1200 5790 1326 5847 Jesu
1386 5792 1732 5862 Evangelium

140 5885 278 5967 esse
303 5889 459 5968 puto,
484 5881 790 5958 Scripturas
817 5893 946 5957 puto
973 5884 1271 5945 doctrinam
1289 5883 1445 5959 ejus;
1489 5891 1542 5945 et
1569 5902 1733 5958 quan-

1835 4782 2028 4839 sticam
2069 4780 2324 4845 diximus,
2377 4778 2446 4834 de
2501 4791 2666 4832 manu
2717 4771 3011 4831 sacerdotis
3060 4767 3416 4834 ceciderit,et

1835 4886 1955 4930 eam
1984 4870 2396 4934 conculcaverit,
2439 4866 2720 4924 concaleat
2767 4874 2824 4920 et
2848 4877 3007 4920 omne
3033 4876 3228 4932 corpus
3255 4860 3414 4917 Chri-

1835 4965 1926 5022 sti.
1977 4964 2128 5019 Tunc
2165 4978 2273 5018 non
2300 4963 2459 5017 debet
2485 4974 2682 5030 corpus
2731 4957 2934 5014 Christi
2978 4956 3212 5021 tradere,
3239 4963 3295 5010 et
3321 4969 3412 5011 no-

1835 5073 1960 5114 men
1987 5056 2166 5111 Patris
2193 5055 2413 5119 haberc,
2441 5052 2537 5108 sed
2565 5051 2707 5106 inter
2728 5057 2957 5106 caeteros
2986 5047 3126 5104 ﬁlios
3144 5047 3406 5118 accipere,

1834 5149 1927 5220 qui
1953 5147 2047 5203 ﬁlii
2089 5145 2263 5203 sciunt
2291 5151 2536 5201 sanctum
2565 5156 2705 5197 esse.
2753 5140 2861 5196 Sed
2902 5139 3043 5197 side
3071 5147 3412 5196 sacramento

1835 5241 2254 5310 interrogentur,
2279 5237 2542 5292 rationem
2592 5234 2773 5291 facere
2821 5232 3086 5289 nesciunt.
3129 5231 3221 5287 Sic
3244 5231 3408 5286 etiam

1836 5331 1904 5388 de
1972 5328 2262 5400 Evangelio
2312 5326 2714 5397 intelligendum
2757 5331 2860 5381 est.
2902 5323 3003 5391 Qui
3066 5333 3219 5394 pater
3246 5329 3411 5377 estet

1834 5419 2184 5491 Evangelium
2231 5417 2513 5474 annuntiat
2539 5416 2608 5472 ad
2641 5430 2802 5487 quem
2825 5429 3023 5485 corpus
3046 5412 3246 5470 Christi
3269 5411 3406 5469 dixi-

1834 5532 1985 5583 mus,
2028 5522 2084 5569 et
2154 5520 2325 5569 totum
2385 5508 2732 5581 Evangelium
2790 5507 2928 5563 bene
2987 5504 3404 5570 annuntiaverit,

1835 5619 1890 5668 et
1913 5607 2114 5665 micula
2169 5603 2430 5663 ceciderit
2465 5603 2516 5660 ei
2569 5617 2732 5674 quam
2783 5599 3124 5665 intellexerit,
3169 5605 3226 5654 et
3265 5595 3406 5653 male

1833 5701 2110 5759 intellecta
2135 5713 2244 5754 non
2293 5693 2586 5767 quaesierit,
2630 5692 2724 5748 sed
2754 5687 3170 5753 conculcaverit,
3217 5685 3272 5739 id
3299 5693 3400 5749 est,

1833 5809 1956 5852 cum
1985 5789 2288 5848 temeritate
2314 5787 2629 5852 defenderit,
2684 5785 2964 5845 concaleat
3011 5789 3181 5838 totum
3209 5793 3401 5847 corpus

1831 5883 2139 5959 Christi,id
2164 5889 2270 5953 est,
2306 5877 2862 5956 totum_Evangclium.
2907 5875 3058 5933 Tunc
3100 5885 3208 5929 non
3243 5866 3398 5924 debet
