3952 6318
539 384 641 444 955

1343 381 1744 446 ELIPANDUS,
1787 379 2010 444 FELIX,
2051 378 2396 438 HETERIUS
2427 380 2518 438 ET
2558 380 2616 436 S.
2655 379 2951 442 BEATUS.

3677 385 3775 445 956

537 512 732 569 corpus
759 495 960 553 Christi
998 509 1146 556 more
1193 503 1416 568 paterno
1463 495 1612 561 dare,
1655 494 1749 550 sed
1787 509 1936 550 more
1970 494 2106 548 tilio-
2131 495 2182 578 Α
2207 511 2396 564 aquam
2439 494 2502 550 de
2528 497 2632 552 tuis
2663 496 2816 560 vasis,
2846 506 2894 551 et
2937 496 3000 551 de
3038 497 3142 553 tuis
3176 501 3344 570 puteis
3371 499 3536 574 (Prov
3575 516 3632 570 ν,
3671 459 3782 576 45).

538 608 656 649 rum
695 590 957 660 accipere,
1009 589 1062 644 id
1088 597 1190 655 est,
1220 604 1327 644 non
1371 587 1527 645 debet
1578 595 1638 643 ut
1671 587 1859 642 doctor
1909 584 2102 657 praedi-

538 698 679 748 care,
707 691 766 738 ut
795 681 1086 752 discipulus
1111 681 1376 756 accipere.

609 775 830 832 XCVIII.
873 775 973 843 Qui
997 775 1144 832 enim
1172 782 1317 830 recte
1346 773 1517 830 credit
1543 773 1610 830 de
1634 772 1794 830 Patre
1834 782 1888 830 et
1917 773 1983 829 de
2017 771 2104 829 Fi-

533 868 624 932 lio,
655 876 708 922 ct
737 868 802 926 de
829 867 1032 938 Spiritu
1059 874 1244 924 sancto
1271 881 1378 922 non
1402 873 1548 922 recte
1567 865 1756 930 credit,
1774 862 1887 934 jam
1916 879 2015 921 nec
2037 865 2104 921 de

534 962 691 1017 Patre
721 970 866 1022 recte
893 961 1082 1016 credit.
1115 959 1216 1028 Qui
1262 967 1410 1017 recte
1445 959 1616 1016 credit
1660 959 1727 1015 de
1759 957 1895 1014 Filio
1937 965 1992 1014 et
2036 957 2104 1014 de

534 1050 712 1117 Patre,
745 1060 799 1106 et
827 1051 1032 1124 Spiritu
1063 1060 1253 1110 sancto
1281 1065 1391 1108 non
1421 1058 1568 1110 recte
1615 1050 1806 1116 credit,
1854 1047 1970 1120 jam
1999 1063 2101 1106 nec

534 1129 596 1208 de
642 1140 780 1196 Filio
827 1147 976 1197 recte
1020 1140 1211 1198 credit.
1250 1139 1352 1206 Qui
1397 1149 1543 1200 recte
1574 1140 1745 1204 credit
1779 1141 1844 1196 de
1893 1137 2101 1216 Spiritu

531 1237 738 1295 sancto,
785 1229 940 1287 etde
984 1227 1142 1287 Patre
1169 1237 1222 1288 et
1268 1229 1414 1300 Filio
1435 1246 1541 1286 non
1575 1238 1724 1308 recte
1753 1229 1944 1296 credit,
1983 1227 2102 1308 jam

529 1335 631 1376 nec
655 1320 721 1377 de
769 1319 975 1398 Spiritu
1007 1328 1196 1396 sancto
1223 1328 1368 1388 recte
1398 1321 1587 1386 πρωί.
1618 1305 1720 1388 Qui
1755 1329 1904 1380 recte
1926 1305 2100 1388 credit

528 1414 593 1470 de
621 1420 730 1468 tota
760 1411 1043 1478 Trinitate,
1073 1420 1129 1469 et
1167 1411 1235 1474 de
1278 1411 1392 1468 sola
1428 1411 1797 1474 incarnatione
1843 1411 1965 1468 Filii
2002 1410 2099 1468 Dei

528 1522 632 1578 non
659 1515 807 1562 recte
832 1505 1024 1576 credit,
1045 1503 1159 1578 jam
1181 1521 1291 1566 non
1313 1516 1462 1564 recte
1482 1506 1652 1574 credit
1679 1506 1746 1562 de
1770 1514 1880 1561 tota
1917 1506 2097 1562 Trini-

527 1610 656 1662 tate.
693 1601 782 1658 Sic
811 1610 865 1656 et
892 1617 1017 1664 cum
1042 1609 1209 1671 lotam
1249 1601 1422 1674 legem
1472 1600 1676 1658 Christi
1707 1601 2094 1668 observaverit,

524 1706 580 1754 et
616 1697 886 1762 in'unum
918 1695 1222 1763 on‘enderit,
1253 1693 1366 1765 jam
1411 1701 1580 1750 totam
1629 1694 1802 1766 legem
1851 1693 2092 1750 otl‘endit.

2204 587 2326 643 Vult
2371 586 2652 658 Scriptura
2694 590 2969 664 carnalem
3015 594 3511 666 concupiscentiam
3559 612 3787 656 monere

2200 678 2578 734 refrenandam
2606 695 2724 738 esse
2764 681 3162 755 intrajugalem
3187 675 3496 743 licentiam.
3533 686 3650 746 Has
3697 707 3787 748 uo-

2201 781 2344 828 stras
2367 774 2652 846 allegorias
2676 773 2844 833 Judaei
2873 791 2982 832 non
3009 778 3294 851 recipiunt.
3327 779 3594 842 Carnales
3621 783 3783 840 Chri-

2200 865 2362 920 stiani
2409 883 2517 923 non
2552 867 2876 939 intelligunt,
2922 875 2978 943 et
3023 869 3149 925 inde
3177 869 3457 928 Christum
3501 868 3786 932 hominem

2199 969 2320 1014 esse
2347 955 2517 1013 Deum
2543 972 2650 1014 non
2675 959 3021 1016 conﬁtentur.
3052 959 3291 1031 Denique
3320 962 3524 1018 velavit
3574 963 3787 1036 Moyses

2199 1045 2393 1106 faciem
2431 1065 2605 1117 suam,
2650 1059 2706 1106 et
2742 1052 2822 1108 sic
2855 1059 2939 1107 est
2983 1051 3181 1124 populo
3202 1051 3436 1126 locutus.
3467 1053 3666 1110 Yelata
3693 1055 3787 1111 fuit

2199 1139 2367 1213 Moysi
2387 1157 2557 1212 usque
2576 1143 2645 1212 ad
2667 1143 2938 1200 Christum
2953 1144 3288 1201 bibliotheca
3304 1144 3492 1212 facies,
3518 1155 3580 1204 et
3608 1149 3662 1203 in
3691 1150 3785 1205 ﬁne

2198 1232 2356 1304 hujus
2374 1234 2713 1292 bibliothecas
2735 1236 2966 1292 revelata
2981 1244 3085 1292 est.
3101 1236 3168 1292 Et
3181 1237 3303 1293 inde
3324 1238 3402 1294 sic
3426 1238 3700 1309 incipitur
3718 1256 3787 1297 re-

2196 1328 2390 1384 velatio
2409 1327 2626 1398 Christi,
2651 1343 2812 1400 quam
2842 1329 2991 1384 dedit
3016 1329 3092 1385 illi
3108 1332 3250 1386 Deus
3267 1331 3451 1402 palam
3473 1329 3660 1388 facere
3680 1349 3787 1389 ser-

2196 1418 2279 1474 vis
2301 1418 2436 1486 suis,
2459 1436 2577 1492 qure
2620 1428 2817 1491 oportet
2830 1420 2948 1492 ﬁeri
2969 1421 3071 1475 cito
3087 1421 3270 1494 (Apoc.
3294 1421 3432 1494 1,1).
3453 1421 3783 1481 “melculm

2197 1512 2433 1570 revelata
2457 1519 2578 1568 est:
2610 1528 2730 1582 quae
2748 1519 2861 1568 tota
2899 1513 3226 1571 bibliotheca
3261 1531 3402 1572 unus
3428 1515 3576 1574 liber
3607 1526 3711 1587 est,
3733 1519 3783 1590 in

2195 1603 2372 1676 capite
2396 1602 2624 1668 velatus,
2657 1603 2713 1657 in
2737 1601 2844 1658 line
2869 1603 3210 1662 manifestus.
3240 1604 3345 1673 Qui
3373 1605 3518 1662 liber
3543 1607 3653 1664 duo
3687 1607 3782 1664 Te-

2195 1699 2461 1748 stamenta
2502 1691 2774 1761 dicuntur,
2824 1691 2991 1750 Vetus
3017 1703 3073 1749 et
3118 1687 3350 1751 Novum.
3387 1696 3456 1751 Et
3481 1712 3652 1753 unum
3701 1708 3783 1754 est

526 1787 584 1851 Si
613 1789 930 1856 cognoveris
951 1789 1143 1859 legem,
1170 1801 1466 1858 cognosces
1488 1793 1545 1842 et
1565 1785 1934 1855 Evangelium.
1957 1783 2092 1852 Quia
2122 1847 2170 1859 _
2199 1792 2456 1854 tanquam
2483 1799 2624 1840 unus
2657 1784 2867 1857 gladius
2905 1798 2973 1840 ex
3003 1794 3232 1857 utraque
3259 1795 3416 1859 parte
3443 1796 3656 1844 acutus.
3710 1788 3782 1846 Et

524 1847 871 1952 Evangelium
914 1847 1208 1940 sievest'de
1236 1847 1355 1951 lege
1380 1880 1520 1936 sicut
1548 1847 1773 1952 granum
1817 1847 2003 1937 tritici
2029 1879 2096 1936 de
2121 1847 2174 1936 θ
2195 1847 2328 1934 hinc
2343 1877 2488 1944 inde,
2513 1878 2569 1934 id
2605 1847 2689 1935 est
2714 1880 2770 1935 in
2815 1879 2933 1952 lege
2959 1889 3014 1936 et
3052 1847 3348 1954 Evangelio
3373 1884 3607 1950 acuitur,
3629 1893 3691 1939 ut
3715 1884 3780 1938 ti-

523 1972 695 2043 palea.
730 1971 796 2027 Et
821 1971 1026 2028 nullum
1051 1986 1278 2041 granum
1311 1979 1486 2042 potest
1514 1971 1584 2028 ad
1611 1971 1972 2026 maturitatem
2004 1983 2096 2026 ve-

523 2063 658 2128 nire,
707 2063 808 2119 nisi
854 2064 995 2120 intra
1020 2063 1229 2134 paleam
1257 2062 1571 2120 latitaverit.
1617 2061 1732 2118 Hoc
1757 2071 1840 2117 est
1864 2075 2094 2130 granum

524 2152 688 2212 tritici
717 2155 861 2224 quod
907 2155 964 2210 in
1008 2161 1209 2214 terram
1236 2153 1431 2211 cecidit
1475 2163 1664 2211 etnon
1693 2151 2092 2223 multiplicavit.

522 2244 640 2314 Ipse
667 2251 750 2299 est
771 2242 1039 2310 Christus,
1085 2243 1200 2316 ipse
1231 2252 1315 2300 est
1337 2245 1514 2315 panis,
1551 2259 1711 2314 quem
1736 2258 1879 2298 nunc
1915 2258 2096 2300 come-

522 2335 719 2392 dimus.
769 2332 876 2390 Sed
899 2343 954 2392 et
978 2333 1154 2406 ipsum
1188 2349 1414 2407 granum
1443 2334 1730 2392 medullam
1759 2334 1940 2402 habet,
1969 2335 2093 2405 piu-

520 2425 805 2498 guedinem
850 2427 1031 2506 habet,
1061 2428 1272 2497 adipem
1303 2428 1468 2486 habet
1510 2428 1654 2488 unde
1682 2428 1962 2495 satiamur,
2007 2443 2096 2485 se-

457 2576 460 2578 _
519 2519 755 2576 cundum
777 2519 1053 2591 prophetae
1081 2518 1285 2578 dictum
1313 2537 1327 2574 :
1363 2519 1432 2578 Et
1482 2521 1634 2592 adipe
1661 2520 1907 2588 frumenti
1935 2521 2094 2575 satiat

519 2621 585 2668 te.
601 2611 875 2682 Pinguedo
897 2610 955 2666 in
979 2627 1147 2682 grano
1168 2618 1273 2678 est,
1291 2612 1544 2681 divinitas
1564 2613 1620 2666 in
1644 2626 1827 2668 carne.
1850 2611 2094 2678 Granum

519 2702 576 2760 in
627 2701 782 2771 palea
826 2709 909 2760 est
954 2701 1304 2772 Evangelium
1333 2703 1390 2758 in
1437 2703 1573 2780 lege.
1624 2703 1720 2759 Est
1761 2703 2094 2760 occultatum

518 2789 868 2864 Evangelium
900 2790 956 2848 in
985 2790 1120 2862 lege,
1146 2799 1200 2848 et
1241 2791 1485 2848 occultus
1515 2790 1764 2848 Christus
1801 2792 1856 2848 in
1886 2792 2088 2850 littera.

519 2883 617 2942 Est
677 2890 732 2937 et
775 2881 1037 2939 occultata
1083 2881 1334 2962 divinitas
1373 2883 1428 2938 in
1458 2898 1639 2939 carne.
1667 2883 1878 2956 Legunt
1901 2899 2092 2941 carna-

518 2972 598 3030 les
621 2971 791 3030 ιιιᾶωὶ
813 2971 1006 3044 legem,
1032 2981 1084 3030 et
1111 2987 1218 3029 non
1251 2973 1556 3044 intelligunt
1590 2975 1958 3048 Evangelium.
1989 2976 2095 3036 Le-

517 3079 651 3144 gunt
691 3069 935 3127 carnales
953 3068 1247 3128 Christiani
1279 3069 1531 3138 litteram,
1566 3079 1620 3128 et
1648 3087 1754 3128 non
1784 3071 2092 3144 intelligunt

427 3147 432 3153 ’
517 3163 784 3234 spiritum.
815 3161 1059 3220 Clamant
1097 3161 1392 3219 Christiani
1426 3163 1719 3232 Christum,
1770 3172 1957 3222 etnon
2007 3166 2090 3222 in-
2114 3219 2156 3234 _
2178 3147 2413 3234 ιῗζῗζεξζ
2447 3147 3100 3234 ’έζῗῖἶῖἶνζ-ῗῗῖξῖῗ
3118 3147 3521 3234 T32:

518 3209 766 3326 ἔιιίειιιιι
796 3253 1153 3310 divi-mm-
1190 3254 1271 3322 Ac
1307 3269 1403 3326 ρο»
1432 3254 1537 3310 hoc
1571 3209 1874 3328 aeneam
1907 3269 1966 3312 se
1995 3254 2090 3311 ιιι-
2112 3219 2166 3297 ιι
2190 3210 2742 3328 iriiri-fisse
2775 3210 3107 3328 esse?

517 3347 616 3406 claei
663 3347 732 3406 de
780 3346 926 3419 lege;
978 3347 1072 3404 sed
1120 3362 1239 3404 eam
1279 3363 1386 3402 non
1429 3348 1650 3416 habent,
1682 3363 1805 3404 cum
1847 3348 2091 3418 Evange-

515 3441 647 3500 lium
677 3458 784 3500 non
814 3442 1034 3509 habent,
1079 3442 1205 3513 quia
1232 3457 1430 3514 panem
1474 3459 1580 3499 non
1613 3443 1834 3501 habent.
1875 3444 2091 3502 Gloriti-

515 3543 644 3593 cant
687 3552 747 3594 se
786 3545 840 3593 et
869 3536 1116 3595 carnales
1146 3535 1377 3594 lectores
1407 3537 1472 3604 de
1509 3537 1692 3594 littera
1721 3538 1776 3594 in
1815 3537 2088 3605 Ecclesia,

515 3627 610 3684 sed
635 3641 754 3682 eam
780 3641 887 3682 non
927 3626 1150 3692 habent,
1183 3625 1398 3695 quando
1430 3626 1692 3696 Spiritum
1726 3641 1833 3684 non
1865 3628 2086 3684 habent.

514 3718 832 3774 Clorilicant
870 3733 928 3778 se
953 3717 1243 3774 Christiani
1269 3720 1335 3775 de
1366 3719 1491 3784 Iide,
1535 3719 1631 3788 sed
1663 3718 1938 3774 Christum
1981 3734 2092 3792 non

516 3809 736 3870 habent,
788 3807 879 3876 qui
931 3807 1269 3876 divinitatem
1311 3824 1421 3864 non
1469 3809 1687 3864 habent.
1727 3809 2089 3878 Quamobrem

515 3898 652 3954 nihil
675 3899 837 3954 habet
861 3914 929 3953 ex
953 3908 1124 3970 parte,
1153 3899 1244 3970 qui
1269 3907 1439 3956 totum
1464 3915 1570 3954 non
1597 3901 1776 3968 habet.
1810 3899 1945 3956 Nam
1966 3915 2089 3956 cum

514 3987 684 4044 littera
715 3988 937 4053 occidat,
962 3988 1172 4059 spiritus
1197 3997 1368 4044 autem
1389 3989 1624 4058 viviﬁcet,
1653 4004 1873 4046 necesse
1893 3997 1977 4046 est
1997 3991 2088 4047 illa

514 4067 876 4153 spiritualium
897 4081 1156 4158 interiora
1183 4096 1513 4149 sermonm,
1538 4081 1730 4151 spiritu
1756 4082 2087 4160 viviﬁcante,

514 4183 818 4248 penetrare.
835 4175 1153 4233 Universum
1173 4190 1338 4247 porro
1360 4173 1716 4246 Scripturam,
1734 4183 1845 4232 tam
1875 4175 2088 4248 Veteris

516 4265 848 4322 Testamenti
891 4281 1055 4337 quam
1081 4266 1237 4335 Novi,
1268 4266 1338 4322 ad
1379 4265 1713 4333 intellectum
1737 4266 2087 4338 allegoricum

511 4371 633 4420 esse
664 4358 1004 4416 sumendum.

585 4449 770 4506 XCIX.
810 4449 948 4506 Nam
975 4450 1089 4520 ipsa
1117 4448 1372 4521 allegoria
1397 4460 1631 4522 quatuor
1656 4450 1831 4518 modis
1857 4451 1912 4507 in
1941 4449 2088 4506 Scri-

2196 1971 2341 2029 deles
2370 1981 2546 2028 armet
2583 1981 2637 2028 et
2686 1971 2980 2028 interﬁciat
3027 1973 3291 2041 inﬁdeles,
3336 1975 3483 2032 sicut
3529 1975 3675 2032 idem
3726 1975 3778 2032 in

2193 2061 2515 2135 Apocalypsi
2546 2064 2614 2118 de
2639 2078 2735 2118 ore
2758 2063 2972 2119 Domini
2995 2063 3231 2136 gladium
3261 2080 3331 2121 ex
3360 2075 3602 2139 utraque
3633 2075 3779 2138 pane

2194 2162 2416 2210 acutum
2455 2154 2638 2226 egredi
2667 2161 2917 2219 testatur,
2950 2153 3006 2209 id
3043 2163 3126 2210 est
3153 2155 3384 2211 verbum
3412 2155 3559 2228 ejus.
3587 2155 3780 2225 Quaelio

2194 2246 2286 2302 bet
2329 2243 2657 2301 bibliotheca
2686 2252 2834 2302 totus
2878 2246 2960 2303 sic
3002 2255 3085 2303 est
3112 2246 3506 2322 intelligendus
3531 2258 3779 2320 tanquam

2194 2352 2334 2394 unus
2360 2336 2544 2394 homo.

2262 2473 2327 2531 C.
2365 2474 2607 2545 Denique
2639 2475 2803 2532 homo
2831 2474 3104 2548 perlectis
3135 2489 3202 2534 ex
3233 2477 3423 2535 tribus
3447 2487 3670 2538 conata
3690 2521 3706 2547 ,
3727 2481 3778 2542 id

2194 2575 2279 2625 est
2305 2567 2504 2631 anima,
2550 2581 2776 2638 corpore
2827 2575 2884 2624 et
2919 2568 3154 2639 spiritu:
3180 2568 3327 2626 sicut
3356 2570 3659 2646 Apostolus
3695 2573 3776 2628 ti-

2193 2660 2268 2716 cit
2291 2675 2306 2713 :
2329 2660 2471 2715 Deus
2497 2661 2640 2731 pacis
2665 2659 2953 2729 sanctiﬁcat
2977 2676 3065 2717 vos
3077 2660 3148 2718 ad
3159 2661 3449 2732 perfectum
3469 2680 3493 2719 :
3518 2674 3574 2720 et
3590 2666 3780 2735 ωερε

2191 2753 2408 2824 spiritus
2429 2760 2612 2818 uester,
2643 2751 2844 2818 anima,
2875 2757 2931 2808 et
2953 2766 3169 2822 corpus,
3196 2754 3312 2814 sine
3333 2754 3548 2824 querela
3585 2756 3646 2810 in
3683 2756 3778 2811 ad-

2191 2853 2398 2900 uentum
2419 2842 2631 2898 Domini
2653 2843 2819 2899 nostri
2854 2842 2984 2899 Iesu
3004 2841 3199 2902 Clu-isti
3217 2843 3591 2917 judicium
3623 2862 3778 2902 nsa-

2192 2944 2356 2994 setur.
2389 2936 2507 2992 Non
2535 2935 2680 3007 quod
2715 2935 2886 2992 altera
2913 2936 2986 2992 sit
3021 2935 3204 2994 anima
3244 2936 3307 2996 in
3345 2939 3679 3005 subternis,
3730 2947 3783 2996 et

2191 3028 2332 3084 alter
2383 3027 2644 3099 spiritus,
2705 3027 2848 3084 sicut
2911 3025 3083 3086 altera
3141 3027 3449 3092 substantia
3499 3036 3582 3088 ﬁt
3644 3030 3779 3086 ani-

2191 3134 2300 3187 ma,
2348 3127 2406 3175 et
2447 3118 2788 3188 alteracaro,
2833 3119 2928 3178 sed
2975 3119 3567 3190 ipsaanimaunasest
3615 3118 3779 3182 idem

2190 3319 2290 3377 per
2334 3305 2740 3374 paenitentiam,
2803 3305 3099 3366 secundum
3148 3303 3482 3376 Apostolum,
3531 3305 3780 3362 iuta-ins

2189 3398 2370 3453 anima
2397 3406 2676 3454 renovatur
2698 3397 2764 3452 de
2785 3397 2870 3453 die
2895 3398 2953 3452 in
2989 3398 3129 3454 diem
3153 3399 3210 3454 in
3237 3397 3524 3469 cogtsitiou
3547 3395 3690 3465 Dei.
3716 3396 3782 3468 Et

2187 3496 2476 3559 postquam
2501 3487 2814 3558 cognoverit
2853 3487 3042 3550 Deum,
3073 3487 3274 3550 dicitur
3313 3486 3547 3559 spiritus
3581 3486 3648 3543 id
3695 3494 3779 3556 est

2189 3577 2638 3650 contemplativus
2657 3592 2848 3634 servus
2873 3577 2990 3643 Dei,
3016 3577 3142 3648 quia
3167 3576 3776 3648 Deummnlnmplatur.

2187 3671 2293 3727 Per
2315 3671 2481 3726 vitam
2509 3669 2986 3740 coutemplativam
3016 3669 3164 3726 videt
3184 3670 3372 3738 Deum,
3397 3685 3505 3726 non
3546 3669 3618 3726 in
3652 3685 3774 3740 enr-

2186 3779 2337 3837 pore,
2363 3764 2459 3820 sed
2480 3772 2680 3819 mente.
2705 3762 2837 3830 Quae
2867 3777 3024 3819 mens
3045 3763 3126 3824 sic
3143 3770 3226 3820 est
3250 3764 3307 3824 in
3328 3761 3540 3828 actione
3566 3761 3774 3822 anim

2187 3854 2329 3909 sicut
2352 3860 2516 3924 caput
2536 3853 2595 3909 in
2619 3867 2850 3922 corpore
2874 3851 2987 3924 ,Ωιιὶ
3015 3852 3240 3923 Spiritus
3265 3851 3345 3912 sic
3363 3859 3448 3909 est
3469 3851 3526 3907 in
3543 3854 3774 3912 actione

2189 3948 2384 4004 mentis
2426 3947 2569 4002 sicut
2615 3946 2756 4003 oculi
2801 3945 2858 4002 in
2903 3946 3102 4018 capite.
3133 3945 3203 4002 Et
3231 3945 3373 4010 sicut
3415 3945 3586 4014 homo
3625 3946 3777 4003 τὶῶι

2186 4054 2284 4112 per
2323 4037 2533 4106 oculos,
2559 4046 2618 4093 et
2649 4037 2913 4093 discernit
2957 4037 3134 4094 lucem
3161 4052 3196 4096 a
3218 4035 3477 4104 tenebris,
3502 4043 3558 4092 et
3591 4036 3652 4092 iu
3693 4037 3778 4094 ὥς

2187 4131 2428 4188 ambulat
2452 4138 2546 4185 aut
2565 4138 2840 4203 operatur,
2887 4129 3014 4200 quia
3051 4129 3344 4201 participat
3367 4128 3548 4190 lumen
3578 4131 3774 4190 oculo-

2187 4237 2308 4278 rum
2339 4235 2562 4278 suorum
2587 4235 2713 4276 cum
2743 4219 2946 4276 lumine
2981 4218 3149 4285 solis,
3184 4225 3240 4281 et
3266 4227 3558 4290 utrumque
3605 4235 3778 4276 unum

2187 4312 2367 4372 lumen
2392 4321 2496 4380 est,
2523 4312 2602 4368 sic
2626 4311 2715 4367 ille
2745 4310 2998 4382 Spiritus,
3019 4309 3112 4380 qui
3136 4308 3318 4374 lumen
3345 4315 3453 4376 est,
3479 4309 3782 4382 partidpat

2187 4422 2312 4464 eum
2348 4406 2585 4473 Christo,
2616 4404 2709 4476 qui
2743 4403 2826 4460 sol
2867 4413 2974 4472 est,
3008 4412 3063 4460 et
3103 4403 3165 4462 tit
3193 4419 3364 4462 unum
3396 4403 3584 4462 lumen
3623 4412 3782 4460 utm-

2188 4514 2433 4569 rumque,
2465 4498 2520 4552 id
2549 4506 2632 4552 est
2656 4510 2800 4558 unus
2842 4495 3097 4566 spiritus;
3156 4494 3254 4552 sed
3274 4510 3385 4554 non
3410 4503 3500 4552 est
3521 4495 3644 4566 ipse
3663 4496 3779 4567 φῖ-

643 4543 655 4555 .
753 4542 765 4556 .
808 4543 820 4555 .
867 4543 878 4554 .
1185 4543 1196 4556 .
1492 4544 1502 4556 .
2465 4542 2520 4552 ...
2662 4542 2800 4558 ..-η
3156 4542 3254 4552 .__
3277 4542 3385 4554 --ν
3411 4542 3437 4551 _

512 4542 915 4660 f’i“.'.'if'.'fi‘fi§
937 4544 1391 4660 eii'ﬁmiiffai
1417 4543 1632 4660 ἾΪὛῨ
1663 4543 2085 4660 Ϊῗίέῗὲῗῗῗῖηῗ
2111 4568 2170 4642 ll
2190 4590 2350 4657 ritus.
2381 4602 2544 4660 quem
2564 4585 2816 4652 dicimus.
2839 4601 2965 4642 αιω
2983 4585 3082 4642 Dei
3103 4584 3298 4655 spiritu
3326 4599 3437 4640 una

512 4634 940 4706 translationem,
984 4641 1046 4698 ut
1067 4641 1153 4693 est
1199 4633 1333 4694 illud
1376 4649 1391 4689 :
1434 4634 1613 4692 Iratus
1655 4645 1729 4690 est
1759 4634 2015 4690 Dominus
2036 4645 2084 4690 et

509 4727 796 4793 descendit,
828 4735 884 4784 et
911 4725 1128 4792 similia,
1165 4741 1286 4796 qua:
1308 4722 1397 4782 'ad
1440 4725 1790 4782 insinuandas
1813 4741 2004 4783 causas
2031 4733 2087 4782 et

510 4819 788 4878 hominum
813 4827 994 4875 motus
1020 4817 1421 4880 transferuntur
1442 4819 1508 4875 ad
1534 4819 1723 4875 Deum.
1748 4818 1866 4874 Alia
1895 4812 2087 4875 estse-

510 4912 747 4967 eundum
795 4909 1254 4980 imaginationem,
1301 4909 1386 4966 vel
1424 4911 1836 4981 hypotyposeos,
1879 4917 1940 4964 ut
2004 4917 2086 4966 est

510 5001 644 5058 illud
687 5021 700 5057 :
749 5003 923 5059 Homo
951 5004 1167 5075 quidam
1215 5003 1557 5060 descendebat
1598 5003 1662 5057 ab
1707 5000 2002 5056 Jerusalem
2030 5002 2086 5058 in

509 5090 742 5147 Iericho.
782 5093 848 5148 Et
877 5095 1136 5162 parabola
1163 5095 1332 5150 vineae
1356 5102 1517 5165 atque
1540 5092 1919 5164 agricolarum.
1938 5091 2084 5148 Ordo

509 5183 654 5238 enim
685 5198 873 5238 eorum
901 5200 1038 5253 quae
1069 5187 1366 5257 agebantur
1393 5200 1423 5241 a
1467 5182 1684 5240 Christo
1709 5183 1856 5239 velut
1893 5183 2085 5256 imagi-

509 5290 635 5330 nem
671 5289 916 5344 personae
940 5284 994 5334 et
1028 5277 1231 5348 negotii
1260 5277 1484 5334 alterius
1509 5276 1742 5333 refertur
1784 5276 2080 5348 impletum.

511 5365 694 5421 Tertia
728 5373 813 5422 est
842 5371 1138 5426 secundum
1157 5369 1637 5441 comparationem,
1665 5367 1750 5423 vel
1779 5367 2085 5424 similitudi-

510 5475 654 5527 nem,
681 5468 744 5516 ut
767 5468 850 5515 est
879 5459 1007 5514 illud
1036 5479 1050 5514 :
1084 5461 1270 5517 Simile
1296 5473 1369 5520 est
1402 5480 1616 5534 regnum
1643 5461 1888 5517 calorum
1917 5477 2083 5533 grana

507 5550 726 5622 sinapis,
758 5557 814 5605 et
835 5556 1054 5605 cetera.
1087 5550 1206 5608 Non
1235 5552 1380 5610 enim
1418 5553 1690 5618 narratio,
1735 5551 1875 5608 sicut
1909 5552 1963 5607 in
1993 5567 2084 5608 su-

507 5639 709 5711 periori
758 5638 1005 5709 exemplo
1053 5640 1379 5707 contexitur,
1410 5643 1504 5698 sed
1547 5658 1834 5712 causarum
1883 5642 2083 5698 solum-

508 5731 668 5787 modo
715 5739 1059 5802 comparatnr
1107 5727 1351 5787 effectus.
1383 5731 1617 5799 Quartus
1664 5741 1747 5790 est
1786 5735 2081 5798 secundum

503 5823 900 5903 proverbialem
926 5823 1168 5893 modum.
1203 5831 1266 5890 ιιι
1296 5833 1380 5888 εει
1411 5822 1540 5884 mild
1553 5824 1870 5902 ﬁalomonis
1898 5845 1912 5883 ³
1941 5827 2082 5909 ,βίθξδ
2107 5908 2116 5917 ,

2256 4723 2340 4781 Cl.
2380 4721 2516 4778 Cum
2547 4721 2778 4777 dicimus
2806 4719 2988 4774 lumen
3014 4727 3068 4775 et
3091 4719 3298 4788 lumen,
3326 4719 3457 4790 quia
3505 4719 3658 4776 aliud
3700 4729 3786 4777 est

2185 4813 2369 4870 lumen
2416 4812 2743 4879 illuminans,
2770 4811 2914 4867 aliud
2960 4810 3139 4866 lumen
3183 4809 3588 4879 illuminatum;
3641 4813 3784 4868 sicut

2186 4906 2331 4962 aliud
2364 4913 2447 4962 est
2480 4905 2560 4962 sol
2589 4903 2917 4969 illuminans,
2956 4902 3102 4958 aliud
3138 4903 3280 4958 oculi
3322 4903 3643 4959 illuminati.
3671 4904 3783 4972 Qui

2185 4999 2328 5056 oculi
2365 4999 2420 5056 in
2457 4998 2693 5054 tenebris
2720 5012 2828 5052 non
2869 4995 3072 5062 vident,
3102 4995 3206 5051 nisi
3243 4996 3650 5070 participentur
3691 4997 3779 5052 lu—

2185 5091 2340 5159 mini,
2376 5097 2470 5144 aut
2497 5089 2618 5157 soli,
2651 5096 2742 5141 aut
2762 5087 3017 5153 lucernis,
3051 5086 3143 5156 qui
3179 5086 3260 5142 sol
3281 5085 3541 5143 Christus
3567 5087 3776 5143 intelliv

2187 5167 2348 5252 gitur.
2376 5180 2635 5235 Lucerna:
2658 5193 2788 5233 vero
2820 5177 3008 5234 Patres
3038 5177 3232 5243 sancti,
3259 5176 3311 5231 id
3331 5186 3439 5242 est,
3472 5179 3783 5249 propheta,

2184 5271 2412 5344 apostoli
2435 5279 2597 5342 atque
2617 5268 2885 5324 doctores.
2900 5267 3156 5323 Tenebrae
3170 5281 3299 5322 vero
3324 5275 3475 5334 sunt,
3506 5268 3563 5322 in
3580 5268 3789 5339 quibus

2184 5363 2347 5418 homo
2399 5377 2507 5417 non
2551 5360 2839 5432 participat
2887 5358 3015 5424 luci,
3045 5358 3293 5414 diabolus
3349 5365 3406 5413 et
3426 5358 3612 5430 angeli
3633 5358 3782 5429 q'us,

2182 5455 2431 5512 homines
2466 5453 2631 5522 mali,
2660 5460 2715 5508 et
2743 5459 2966 5524 peccata
2996 5466 3117 5523 quae
3156 5448 3408 5518 facimus,
3438 5465 3547 5523 pro
3576 5453 3787 5524 quibus

2185 5561 2470 5614 caacamur,
2501 5554 2556 5603 et
2585 5546 2754 5602 Deum
2784 5545 2968 5601 videre
2999 5559 3106 5599 non
3130 5557 3440 5615 possumus.
3491 5543 3564 5599 Et
3588 5552 3784 5598 tamen

2184 5639 2276 5696 ille
2308 5654 2520 5709 semper
2548 5639 2603 5694 in
2645 5637 2848 5694 lumine
2877 5643 2980 5703 est,
3017 5643 3072 5690 et
3120 5650 3219 5691 nos
3259 5634 3424 5702 videt.
3469 5636 3542 5691 Et
3581 5649 3788 5692 omnes

2184 5732 2357 5792 sancti
2383 5732 2474 5802 qui
2525 5730 2580 5786 in
2614 5730 2817 5786 lumine
2846 5745 2968 5786 cum
2991 5743 3056 5785 eo
3081 5737 3206 5783 sunt
3242 5742 3255 5780 :
3283 5736 3338 5783 et
3383 5742 3487 5783 nos
3515 5737 3790 5798 putamus

2183 5821 2327 5896 quod
2348 5835 2506 5877 nemo
2537 5836 2636 5878 nos
2659 5819 2823 5890 videt,
2853 5835 2975 5877 cum
3001 5819 3202 5875 malum
3225 5817 3538 5888 cogitamus
3560 5825 3656 5873 aut
3690 5816 3788 5872 Ea-
