3952 6318
166 419 269 478 957

836 396 1113 483 mm
1146 423 1239 484 ετ
1274 426 1332 484 s.
1369 425 1568 483 BEATI
1604 427 1697 484 an

1825 429 2131 493 [PANDUH
2168 434 2383 497 EPlS‘I’.
2423 464 2496 481 --
2524 438 2654 499 ιω.
2695 439 2738 496 l.

3298 444 3402 506 958

163 540 362 597 diu.
384 535 456 594 ει
473 542 607 593 hic
624 550 734 593 ωιι
758 552 947 596 ﬁlms
962 555 1091 597 tum
1115 542 1247 610 Deo,
1275 544 1371 600 sed
1393 544 1539 600 Deus
1554 545 1738 602 ποωε-
1759 550 1813 611 A
1835 565 2080 622 corpore,
2109 554 2408 613 secundum
2432 554 2750 627 Apostolum
2775 561 3397 626 constareﬁrmavimu.

163 648 287 690 cum
323 638 430 699 est,
465 631 557 702 qui
586 630 784 701 ubique
833 630 1014 688 lumen
1042 640 1145 699 est,
1182 633 1433 692 licetnos
1480 635 1542 691 in
1580 644 1733 693 tene-

162 724 280 779 bris
318 735 541 790 sumus,
576 720 671 792 qui
716 727 847 776 tunc
895 735 1021 778 cum
1064 722 1277 781 diabolo
1317 731 1373 780 et
1426 725 1735 785 hominibus

160 812 1735 887 malisunstenebmmmnscumoperibusillorum

156 906 567 979 particbamus.
608 903 703 962 Sic
734 912 867 963 tunc
890 920 1003 965 non
1041 920 1228 965 sumus
1255 923 1379 965 cum
1407 909 1539 978 Deo,
1562 917 1620 967 et
1642 911 1737 969 ille

156 1001 447 1056 nobiscum
481 1007 566 1055 est
611 1016 625 1053 :
671 998 813 1054 sicut
840 1012 1017 1055 cacus
1042 1013 1152 1056 non
1177 1000 1326 1058 videt
1354 1002 1536 1059 lumen
1560 1004 1694 1061 solis
1712 1044 1729 1073 ,

156 1100 213 1149 et
239 1100 427 1149 tamen
462 1091 646 1148 limen
682 1090 813 1149 solis
846 1097 1019 1148 totum
1050 1107 1247 1165 corpus
1269 1092 1388 1164 eius
1429 1095 1729 1164 illuminat;

155 1183 255 1241 sed
282 1183 365 1240 sol
388 1197 451 1239 se
489 1197 601 1240 non
626 1183 884 1255 mutavit},
937 1184 1035 1240 sed
1078 1199 1271 1253 caicus,
1300 1186 1392 1256 qui
1437 1186 1615 1244 lumen
1645 1188 1733 1247 sui

154 1275 403 1347 corporis
424 1273 677 1346 perdidit.
713 1273 807 1331 Sic
833 1275 976 1331 Deus
1000 1290 1060 1332 se
1099 1291 1375 1349 nunquam
1413 1286 1609 1346 mutat,
1636 1279 1735 1336 sed

152 1383 276 1433 nos,
312 1366 406 1438 qui
432 1366 618 1424 lumen
650 1366 845 1423 animai
876 1367 1155 1438 perdimus
1180 1383 1278 1441 per
1309 1378 1614 1440 peccatum.

214 1460 332 1517 Cll.
368 1462 486 1519 Hoc
514 1466 689 1517 totum
712 1472 882 1532 quare
907 1460 1181 1517 diximus?
1201 1460 1338 1530 Quia
1365 1477 1532 1519 unum
1557 1461 1731 1519 homi-

150 1564 279 1608 nem
307 1552 508 1631 anima,
552 1565 781 1622 corpore
820 1558 876 1607 et
901 1552 1116 1623 spiritu,
1150 1552 1205 1609 id
1246 1554 1495 1625 exemplo
1533 1554 1730 1612 biblio-

152 1644 328 1701 them
346 1644 631 1701 insinuare
653 1642 941 1701 mittimus.
964 1644 1067 1714 Qui
1096 1646 1257 1702 homo
1278 1654 1488 1703 tantum
1511 1662 1579 1702 ex
1597 1648 1728 1704 duo-

148 1739 257 1795 bus
283 1738 606 1796 substantiis
649 1746 884 1807 constat,
936 1739 991 1795 id
1034 1747 1121 1796 est
1157 1754 1385 1811 corpore
1426 1747 1482 1795 et
1526 1740 1725 1796 anima.

147 1827 363 1900 Corpus
402 1830 571 1887 habet
602 1839 815 1902 partem
842 1830 1049 1900 mundi,
1093 1832 1237 1888 unde
1260 1832 1407 1888 ducit
1441 1830 1726 1903 originem.

149 2021 208 2069 et
242 2015 316 2069 ad
364 2014 657 2086 imsginem
701 2014 799 2070 Dei
828 2014 1007 2071 factus
1050 2023 1135 2071 est
1171 2029 1188 2070 :
1219 2030 1340 2086 quae
1382 2029 1452 2072 ex
1499 2022 1732 2088 utroque

149 2120 296 2163 unus
325 2093 497 2164 homo
515 2107 846 2179 compositus
870 2117 975 2165 est.
1006 2108 1073 2164 Et
1102 2109 1216 2181 ipm
1246 2110 1424 2165 anima
1448 2111 1731 2169 rationalis

142 2204 255 2263 est,
291 2198 435 2254 sicut
459 2198 702 2271 angelus,
739 2206 796 2255 et
818 2199 1071 2272 intelligit
1094 2214 1217 2257 cum
1244 2200 1453 2272 angelis
1488 2218 1503 2256 :
1532 2209 1588 2257 et
1614 2202 1729 2273 ipse

139 2292 401 2362 spiritus,
445 2308 604 2365 quem
627 2308 789 2366 supra
817 2295 1075 2362 diximus,
1107 2296 1225 2368 ipse
1264 2296 1571 2354 intellectus
1611 2299 1731 2354 ani-

140 2398 276 2450 mm,
315 2384 422 2441 hoc
443 2393 527 2441 est
552 2388 799 2456 superior
844 2386 1171 2455 intellectus,
1197 2389 1343 2459 quod
1375 2388 1564 2446 Grzeee
1590 2391 1728 2447 dici-

142 2481 240 2528 επ
272 2486 534 2545 anagoge,
564 2476 622 2532 id
644 2484 728 2533 est
775 2477 1084 2535 intellectus
1110 2478 1407 2560 angelicas,
1433 2493 1533 2550 per
1562 2495 1726 2551 quem

142 2565 320 2622 Deum
342 2566 508 2624 videt.
543 2567 613 2624 Bt
641 2582 769 2626 eum
792 2584 956 2642 supra
978 2571 1168 2636 tendit,
1195 2571 1256 2628 ﬁt
1276 2588 1401 2629 cum
1424 2573 1537 2630 Deo
1558 2582 1616 2630 et
1636 2589 1728 2631 an-

141 2654 283 2726 gelis
304 2666 445 2714 unus
469 2658 715 2729 spiritus.
738 2660 951 2716 Etcum
970 2661 1041 2717 ad
1063 2661 1367 2734 corporalia
1392 2661 1648 2733 ﬂectitur,
1669 2673 1727 2722 et

141 2744 313 2801 nimis
343 2760 445 2818 pro
479 2762 711 2819 corpore
741 2750 965 2822 cogitat,
993 2749 1056 2806 ﬁt
1079 2752 1266 2809 mundi
1292 2760 1523 2809 amator.

213 2858 348 2917 Clll.
388 2861 456 2918 Et
496 2863 695 2921 dicitur
737 2865 840 2927 iste
866 2867 1099 2924 mundus
1121 2840 1261 2940 quia.
1293 2869 1570 2929 Christum
1597 2872 1725 2931 odio

138 2950 333 3011 habet,
380 2952 438 3009 Si
467 2954 659 3013 fuisset
698 2972 822 3013 cum
864 2958 974 3016 Deo
1019 2968 1137 3017 erat
1170 2961 1334 3029 Deus,
1367 2978 1475 3019 non
1506 2972 1722 3034 natura,

138 3045 238 3100 sed
269 3046 468 3119 gratia.
513 3047 619 3105 Sed
645 3049 773 3122 quia
804 3051 972 3109 servit
996 3051 1217 3120 mundo,
1268 3053 1323 3111 id
1356 3062 1442 3111 est
1470 3055 1720 3126 corpori,

140 3146 275 3193 tunc
301 3152 409 3192 non
436 3139 633 3196 dicitur
660 3139 837 3215 imago
862 3142 981 3211 Dei,
1016 3143 1113 3201 sed
1138 3143 1321 3201 homo.
1350 3145 1619 3216 Propheta
1641 3153 1723 3201 at-

1899 642 2032 702 CIV.
2069 644 2187 712 Quo
2207 645 2441 714 ﬁrmato,
2484 649 2555 707 ad
2997 664 3263 727 usuram,
3286 659 3403 718 Deo

1832 735 2191 805 illuminante,
2203 738 2506 797 redeamus.
2522 740 2592 797 Et
2614 741 2756 801 sicut
2777 759 2947 803 unum
2964 744 3241 805 hminem
3260 748 3402 815 inte-

1830 843 2078 900 grumex
2107 831 2281 890 tribus
2323 841 2575 891 constare
2615 833 2867 903 diximus,
2912 844 3033 895 eta
3074 838 3401 900 hiliiotheea

1831 929 2017 979 nostra
2064 938 2231 979 unum
2285 922 2483 982 librum
2522 925 2796 996 integrum
2830 940 2899 983 ex
2932 928 3112 987 tribus
3150 939 3401 990 constare

1830 1014 2197 1086 erplanemus,
2223 1016 2281 1073 id
2303 1025 2407 1085 est,
2434 1016 2635 1086 littera,
2664 1018 2965 1091 tropologra
2986 1031 3041 1078 et
3065 1023 3295 1094 mystica
3315 1023 3398 1080 in-

1829 1103 2143 1176 telligentia.
2193 1105 2399 1165 Littera
2430 1116 2515 1165 est
2555 1109 2697 1166 sicut
2738 1122 2936 1182 corpus
2961 1112 3218 1175 hominis.
3264 1112 3397 1182 Qua:

1829 1194 2009 1253 littera
2061 1197 2179 1269 ipsa
2227 1199 2587 1257 est
2640 1200 2961 1273 'l‘ropologia
3005 1202 3087 1261 sic
3132 1211 3219 1261 est
3254 1204 3400 1263 sicut

1829 1290 2009 1346 anima
2040 1290 2273 1349 hominis
2345 1291 2569 1363 Mystics
2616 1292 2969 1365 intelligentia
3018 1294 3100 1352 sic
3138 1301 3227 1352 est
3254 1295 3398 1353 sicut

1827 1380 2051 1449 spiritus
2077 1382 2333 1440 hominis.
2361 1380 2571 1454 Corpus
2595 1399 2726 1456 ergo
2745 1400 2915 1443 sacrae
2944 1385 3260 1457 Scriptura,
3288 1387 3396 1447 sic-

1828 1479 1890 1527 ut
1929 1471 2181 1540 diximus,
2228 1472 2407 1533 littera
2449 1483 2555 1535 εει.
2588 1475 2656 1533 Ει
2684 1476 2862 1535 anima
2900 1478 2960 1536 in
2998 1477 3191 1539 morali
3236 1492 3400 1539 sensu

1829 1564 1923 1636 qui
1944 1566 2183 1637 tropicus
2210 1567 2435 1636 dicitur;
2479 1570 2704 1642 spiritus
2732 1586 2862 1630 vero
2900 1572 2957 1630 in
2996 1575 3274 1645 superiore
3313 1575 3400 1632 in-

1830 1657 2047 1717 tellectu
2096 1660 2359 1732 angelico,
2408 1664 2503 1734 qui
2535 1679 2778 1738 anagoge
2821 1668 3146 1739 appellatur.
3191 1667 3403 1741 Corpus

1830 1758 1916 1808 est
1932 1752 2148 1820 litterae,
2176 1769 2301 1810 cum
2325 1755 2594 1815 dicimus:
2625 1758 2940 1817 Ambulst
2962 1761 3241 1819 Dominus.
3265 1761 3399 1818 Des-

148 1846 363 1900 mrpns
403 1846 571 1887 sane:
602 1846 815 1902 partem
842 1846 1049 1900 mundi,
1093 1846 1237 1888 unde
1260 1846 1407 1888 ducit
1441 1846 1726 1903 originem.
1808 1846 2003 1919 pendit
2028 1846 2305 1904 Dominus.
2344 1848 2515 1922 Caput
2535 1852 2769 1922 Domini,
2797 1854 3042 1927 capillos,
3070 1855 3275 1923 oculos,
3297 1870 3399 1913 an-

148 1923 345 1978 Anina
378 1937 513 1981 vero
552 1938 664 1980 non
692 1924 858 1982 habet
880 1923 1164 1995 originem,
1195 1925 1322 1995 quia
1345 1924 1591 1995 'spiritus
1621 1933 1723 1994 est.
1753 1902 1813 1967 ⁸
1829 1950 1919 1993 res
1947 1954 1963 1991 :
2001 1937 2210 1993 Jurasit
2236 1938 2494 1995 Dominus
2512 1960 2605 1995 nor
2625 1946 2856 1995 αιήιιαυι
2878 1963 3030 1995 mm
3054 1963 3074 1995 ε
3103 1954 3162 1995 αι
3179 1954 3293 1995 tota
3317 1947 3399 1995 hi.

1829 1950 1919 1993 res
1947 1954 1963 1991 :
2001 1937 2210 1993 latravit
2236 1938 2494 1996 Dominus
2511 1960 2605 2015 per
2625 1946 2856 2001 uitiarant
2878 1963 3030 2003 uim
3053 1963 3074 2003 :
3103 1954 3162 2004 et
3179 1954 3293 2004 tota
3317 1947 3402 2003 hi-

1829 2025 2017 2093 storia,
2041 2041 2162 2096 quin
2204 2027 2403 2098 legitur
2438 2039 2495 2087 et
2542 2034 2780 2103 auditur,
2813 2043 2871 2092 et
2906 2036 3129 2109 syllabis
3156 2051 3403 2109 compre-

1828 2116 2102 2188 henditur,
2128 2127 2186 2176 et
2209 2120 2408 2181 litteris
2431 2126 2769 2194 emendatur,
2796 2135 2853 2184 et
2873 2134 3073 2186 cetera
3093 2130 3401 2203 huiusmodi

1828 2209 2050 2278 similia,
2072 2228 2193 2283 qua
2223 2214 2293 2269 ad
2317 2215 2646 2273 exteriorem
2679 2218 2923 2274 auditum
2949 2220 3242 2291 pertinent,
3287 2230 3425 2280 tam

1827 2299 2129 2372 legentibus
2167 2320 2331 2376 quam
2372 2308 2717 2366 audientibus
2762 2311 3124 2370 communiter
3140 2353 3156 2381 ,
3222 2322 3402 2375 totum

1827 2407 2020 2464 corpus
2040 2404 2127 2453 est
2149 2395 2347 2456 litterae
2365 2399 2668 2465 exterioris,
2682 2400 2826 2459 sicut
2845 2416 3044 2473 corpus
3064 2408 3151 2461 est
3166 2404 3404 2465 hominis

1826 2488 2133 2546 exterioris.
2171 2489 2305 2559 Qua:
2351 2492 2398 2548 si
2443 2492 2628 2549 omnia
2656 2508 2779 2565 quae
2822 2493 3078 2567 leguntur
3102 2496 3399 2554 secundum

1825 2578 2082 2649 litteram,
2111 2583 2166 2638 id
2208 2592 2310 2649 est,
2343 2598 2540 2656 corpus
2582 2585 2779 2643 litterae
2815 2588 3122 2655 exterioris,
3149 2589 3290 2646 sicut
3326 2590 3399 2647 ad

1825 2686 1984 2729 aures
2008 2674 2254 2745 publicas
2281 2684 2460 2745 sonat,
2490 2676 2573 2733 sic
2599 2691 2665 2733 ea
2704 2678 3032 2736 voluerimus
3058 2679 3359 2751 intelligere
3376 2718 3394 2746 ,

1826 2768 1962 2825 tales
1987 2767 2192 2824 erimus
2221 2768 2365 2827 sicut
2384 2776 2440 2827 et
2465 2768 2557 2826 ille
2580 2769 2673 2841 qui
2699 2770 2942 2827 cmiestia
2958 2770 3318 2838 obliviscitur,
3344 2779 3403 2828 et

1824 2869 2043 2918 ten-sna
2067 2860 2219 2916 lucra
2243 2868 2505 2929 sectatur,
2536 2870 2592 2918 et
2616 2869 2826 2918 tantum
2847 2876 3045 2935 corpus
3068 2876 3250 2932 suum,
3284 2879 3400 2921 non

1825 2950 2063 3007 animam
2087 2948 2281 3024 diligit.
2337 2951 2407 3007 Et
2444 2958 2624 3007 tamen
2648 2952 2865 3024 utrique
2903 2954 3195 3025 conparati
3217 2969 3401 3011 una

1814 3040 2071 3112 iumentis
2100 3040 2487 3112 insipientibus.
2521 3040 2695 3099 Unam
2742 3043 3205 3114 comparationem
3236 3043 3404 3102 habe-

1823 3150 1964 3203 mus,
1994 3142 2050 3192 et
2078 3134 2188 3189 vita
2214 3148 2403 3191 sumus
2423 3134 2734 3203 disdmiles,
2764 3135 2893 3207 quia
2925 3135 3017 3192 ille
3043 3144 3130 3194 est
3173 3136 3399 3195 saecula!

137 3236 402 3319 testante,
432 3232 523 3303 qui
555 3231 669 3289 ait:
697 3232 766 3289 Et
794 3235 948 3290 homo
977 3236 1033 3291 in
1057 3237 1253 3295 honore
1280 3255 1400 3294 cum
1425 3249 1575 3308 esset,
1616 3257 1722 3297 non
1747 3251 1801 3319 α
1823 3226 1901 3283 τίε
1945 3227 2041 3319 lilii
2068 3227 2330 3282 mundum
2375 3233 2542 3293 amat:
2568 3234 2625 3281 οι
2647 3240 2748 3319 φεο
2780 3224 3090 3319 religiosus.
3257 3227 3404 3319 Ῑξηθ·

134 3318 421 3383 intellexit.
474 3321 817 3399 Comparatus
857 3337 933 3383 est
952 3328 1208 3401 jumentt's
1249 3331 1632 3404 insipientibus,
1673 3341 1723 3388 et

1826 3332 1935 3374 ras.
1990 3317 2100 3374 Sed
2143 3319 2213 3373 ab
2241 3332 2349 3371 una
2379 3317 2801 3388 comparatione,
2832 3316 2887 3373 id
2917 3325 3002 3374 est
3039 3318 3111 3375 ab
3136 3318 3258 3375 ‘una
3284 3316 3403 3375 lan—

133 3413 332 3473 similis
347 3415 519 3485 factus
547 3425 620 3472 est
642 3415 748 3473 illis
770 3417 942 3491 (Psal.
965 3422 1283 3496 x1.vm,i5).
1310 3421 1370 3478 In
1391 3423 1598 3480 honore
1616 3431 1719 3492 est,

133 3505 366 3577 quando
385 3504 442 3563 in
471 3506 734 3579 superiori
760 3508 1033 3567 intellectu
1053 3528 1176 3569 cum
1204 3512 1411 3587 angelis
1436 3498 1715 3588 intelligit;

132 3604 191 3652 et
221 3612 328 3671 pro
355 3598 461 3653 hoc
495 3599 735 3670 laborat,
781 3610 841 3658 ut
887 3602 956 3660 ad
1003 3604 1314 3679 angelorum
1356 3606 1720 3678 aequalitatem

129 3687 424 3761 perveniat
466 3703 483 3743 :
520 3697 573 3746 et
604 3706 798 3767 panem
829 3695 1198 3767 quotidianum
1228 3697 1284 3754 in
1332 3699 1549 3756 nomine
1591 3698 1720 3758 Iesu

128 3777 363 3835 Patrem
397 3780 528 3839 dare
557 3782 658 3840 sibi
699 3785 957 3856 postulat,
996 3794 1057 3843 ut
1086 3788 1143 3844 in
1176 3797 1440 3846 aeternum
1476 3807 1600 3849 cum
1627 3791 1720 3850 illo
1750 3850 1755 3857 ι

126 3870 285 3929 vivat
322 3879 575 3929 aeternus.
605 3872 739 3931 Cum
758 3892 887 3933 vero
909 3894 1009 3951 pro
1034 3894 1101 3936 ea
1130 3881 1343 3947 laborat
1371 3898 1490 3957 qua:
1514 3893 1719 3941 aeterna

125 3976 248 4017 non
276 3970 427 4031 sunt,
458 3971 513 4018 et
540 3972 755 4022 terrena
784 3976 927 4034 sunt,
961 3977 1015 4024 et
1047 3971 1347 4043 corporalia
1377 3981 1522 4040 sunt,
1553 3981 1610 4031 et
1637 3975 1719 4030 vi-

120 4049 364 4117 dentur,
404 4053 593 4122 perdet
620 4053 910 4128 imaginem
955 4067 1010 4115 et
1046 4060 1453 4127 similitudinem
1496 4063 1624 4130 Dei,
1662 4072 1718 4121 et

118 4150 561 4214 comparatusest
578 4144 832 4219 iumentis
858 4149 1234 4222 insipientibus,
1259 4162 1307 4207 et
1339 4153 1524 4211 similis
1545 4154 1717 4227 factus

120 4244 208 4288 est
238 4231 377 4290 illis.
410 4231 537 4303 Quae
565 4245 737 4295 totum
763 4254 869 4295 una
893 4241 1068 4297 anima
1100 4242 1228 4315 agit,
1260 4253 1316 4299 et
1338 4244 1454 4317 ipsa
1478 4253 1561 4301 est
1597 4263 1718 4318 qua:

117 4323 385 4381 caelestia
414 4328 743 4399 concupiscit
766 4338 969 4387 aeterna
991 4339 1047 4389 et
1071 4333 1408 4393 obliviscitur
1443 4346 1718 4411 tempora-

118 4415 224 4471 lia.
274 4415 348 4471 Et
375 4416 489 4490 ipsa
524 4427 607 4476 est
636 4436 757 4493 quae
802 4430 1017 4491 terrena
1056 4424 1209 4483 lucra
1250 4428 1563 4502 temporalia
1588 4444 1719 4487 con-

115 4507 327 4579 quirit,
357 4516 412 4564 et
438 4509 678 4568 coelestia
704 4512 1071 4584 obliviscitur;
1101 4525 1286 4595 etnon
1312 4516 1493 4595 potes!
1519 4520 1717 4579 omium

1826 3421 1942 3475 cca,
1967 3405 2281 3472 occidimur,
2305 3406 2432 3477 quia
2466 3407 2682 3478 utrique
2710 3420 2937 3478 corpora
2969 3422 3234 3475 amamus,
3259 3407 3401 3464 utri.

1824 3513 1930 3570 que
1955 3513 2182 3569 corpora
2218 3496 2484 3555 videmus.
2514 3497 2644 3566 Quae
2662 3506 2720 3554 et
2736 3498 2791 3554 in
2813 3498 2933 3569 ipsa
2960 3498 3190 3555 historia
3206 3506 3294 3555 est
3306 3498 3402 3555 ali-

1823 3589 1973 3660 quid,
2000 3590 2147 3660 quod
2173 3588 2314 3645 sicut
2337 3588 2643 3645 audivimus
2667 3597 2724 3645 et
2750 3598 3014 3658 tenemus,
3047 3597 3104 3646 et
3130 3589 3213 3646 sic
3248 3589 3404 3647 intel-

1822 3681 2058 3755 ligantur
2078 3683 2219 3738 sicut
2242 3682 2555 3738 audiuntur.
2578 3682 2651 3738 Et
2675 3682 2757 3739 sic
2785 3681 3061 3755 diligimus
3100 3695 3167 3738 ea
3202 3689 3260 3739 et
3298 3682 3400 3739 ob-

1822 3789 2121 3832 servamus.
2146 3773 2301 3842 Quod
2324 3774 2370 3830 si
2391 3781 2448 3831 et
2467 3774 2558 3830 illa
2584 3774 2653 3831 ad
2671 3773 2985 3846 allegoriam
2999 3772 3396 3839 redurerimus,

1820 3876 1876 3925 et
1896 3867 2144 3924 volumus
2166 3882 2233 3923 ea
2280 3873 2508 3933 mutare,
2562 3867 2669 3922 tale
2695 3873 2780 3922 est
2824 3873 3084 3938 tanquam
3111 3865 3159 3921 si
3204 3879 3400 3937 corpus

1819 3965 2066 4015 nostrum
2115 3958 2336 4014 omnino
2382 3957 2697 4023 occidimus,
2748 3963 2804 4012 et
2830 3972 2940 4013 non
2963 3956 3156 4014 damus
3182 3956 3234 4012 ei
3276 3971 3399 4029 quae

1819 4049 2130 4107 necessaria
2155 4059 2301 4116 sunt,
2329 4049 2449 4106 sine
2462 4049 2617 4120 queis
2641 4063 2838 4121 corpus
2853 4049 3039 4106 vivere
3067 4063 3176 4105 non
3197 4056 3395 4119 potest,

1820 4145 1875 4201 id
1901 4151 2006 4211 est,
2033 4144 2174 4210 cibo,
2200 4150 2350 4215 potu,
2386 4157 2576 4199 somno
2609 4150 2665 4198 et
2691 4142 3035 4199 vestimento.
3083 4140 3143 4197 Si
3172 4142 3289 4198 hac
3311 4142 3398 4197 fa—
3462 4191 3466 4196 .

1820 4237 2012 4303 cimus,
2038 4235 2152 4306 jam
2180 4250 2290 4291 non
2311 4236 2418 4292 erit
2445 4250 2643 4306 corpus
2671 4235 2818 4306 quod
2846 4242 3031 4291 currat
3069 4248 3172 4305 pro
3194 4234 3396 4290 anima.

1819 4325 1940 4382 Jam
1968 4342 2079 4383 non
2102 4327 2209 4382 erit
2234 4326 2417 4383 anima
2441 4326 2591 4383 salva
2635 4341 2758 4398 quae
2780 4340 2981 4397 corpus
3006 4341 3164 4384 suum
3197 4324 3399 4381 occidit

1821 4427 2008 4476 contra
2034 4425 2305 4474 naturam.

1890 4511 2000 4569 CV.
2038 4510 2168 4581 Quae
2192 4519 2319 4568 sunt
2344 4510 2449 4567 ista
2491 4527 2613 4583 qua;
2637 4513 2912 4571 diximus?
2952 4511 3090 4569 Sunt
3129 4510 3394 4593 hieretici,

114 4608 180 4654 et
223 4607 436 4655 terram
480 4602 640 4661 simul
688 4603 908 4673 lucrari,
956 4604 1061 4663 nisi
1104 4625 1272 4666 unum
1320 4611 1603 4669 dimiserit.
1648 4596 1716 4689 Et
1740 4612 1797 4671 Β
1816 4606 2036 4664 nomine
2078 4603 2570 4671 Circumcelliones,
2601 4607 2695 4678 qui
2748 4620 2933 4663 amore
2973 4614 3273 4689 martyrum
3314 4619 3399 4661 se-

114 4691 299 4747 habet
338 4690 456 4771 ipsa
488 4694 669 4751 anima
700 4696 868 4752 multa
910 4698 1129 4757 nomina
1161 4716 1260 4774 per
1298 4703 1541 4761 actiones
1579 4719 1716 4777 quas

112 4784 413 4850 discurrit,
446 4802 569 4842 cum
596 4787 667 4844 sit
689 4788 987 4847 substantia
1010 4807 1143 4846 una:
1169 4808 1288 4864 quae
1315 4794 1443 4849 dum
1472 4802 1716 4853 contem-

107 4874 319 4947 platur
350 4875 542 4947 Deum,
574 4876 797 4961 spiritus
822 4888 927 4936 est.
982 4880 1119 4938 Dum
1172 4884 1358 4952 sentit,
1388 4902 1579 4944 sensus
1608 4895 1712 4943 est.

110 4968 269 5023 Dum
301 4970 467 5041 sapit,
515 4970 727 5030 animus
762 4980 866 5030 est.
926 4974 1067 5031 Dum
1110 4975 1378 5051 intelligit,
1428 4996 1581 5036 mens
1608 4987 1713 5036 est.

103 5058 268 5115 Dum
281 5051 565 5130 discernit,
589 5064 728 5119 ratio
745 5073 849 5120 est.
873 5064 1011 5121 Dum
1032 5069 1316 5138 consentit,
1340 5071 1586 5127 voluntas
1608 5080 1711 5127 est.

99 5152 266 5206 Dum
297 5152 638 5221 recordatur,
669 5156 931 5212 memoria
961 5164 1062 5213 est.
1107 5158 1243 5217 Dum
1276 5160 1518 5216 membra
1559 5176 1716 5232 vege-

100 5250 222 5309 tat,
270 5243 459 5299 anima
493 5253 597 5305 est.
633 5246 703 5309 Et
727 5248 845 5305 haec
867 5249 1083 5320 quidem
1113 5250 1239 5307 dum
1283 5253 1562 5325 multiplici
1585 5270 1715 5310 con-

1817 4699 2075 4770 metipsos
2113 4697 2463 4754 interﬁciunt.
2493 4697 2651 4754 Tales
2694 4706 2820 4755 sunt
2865 4704 2921 4754 et
2949 4696 3025 4752 illi
3051 4685 3280 4771 lectores
3302 4695 3395 4766 qui

1816 4792 2039 4862 omnino
2064 4790 2303 4846 animam
2332 4791 2527 4847 littera:
2560 4805 2593 4846 a
2625 4804 2851 4861 corpore
2891 4788 3099 4845 nudare
3126 4795 3394 4859 quaerunt.

1816 4879 1952 4937 Nam
1982 4883 2122 4939 sicut
2145 4897 2341 4954 corpus
2365 4889 2475 4939 stat
2502 4895 2603 4952 pro
2633 4895 2710 4948 se,
2737 4888 2792 4937 et
2813 4879 3009 4952 recipit
3032 4878 3263 4936 actionis
3287 4894 3413 4957 suae,

1815 4973 2011 5041 vicem,
2043 4975 2125 5031 sic
2143 4982 2198 5031 et
2217 4974 2445 5031 historia
2477 4959 2771 5045 aliquando
2801 4987 2900 5044 per
2929 4987 3008 5038 se,
3037 4978 3098 5027 ut
3121 4970 3267 5047 aliud
3288 4987 3397 5028 non

1818 5064 2145 5136 intelligatur
2169 5079 2269 5137 per
2304 5063 2740 5138 signiﬁcationes,
2772 5061 3153 5119 similitudines
3176 5070 3233 5120 et
3257 5062 3396 5135 ﬁgu-g

1817 5170 1924 5221 ras,
1952 5156 2056 5212 nisi
2084 5164 2292 5212 tantum
2325 5157 2617 5212 secundum
2637 5171 2834 5226 corpus
2858 5153 3051 5210 litterae
3074 5155 3215 5211 sicut
3243 5155 3397 5212 audi-

1816 5257 1924 5304 tur.
1950 5248 2191 5306 Historia
2217 5258 2300 5305 est
2319 5248 2571 5305 Christus
2590 5249 2684 5305 Dei
2706 5247 2893 5323 Filius,
2917 5256 3080 5305 natus
3101 5248 3168 5305 de
3184 5247 3396 5320 virgine

1815 5340 2004 5407 Maria,
2034 5340 2328 5397 cruciﬁxus
2357 5342 2456 5397 sub
2485 5339 2677 5398 Pontio
2709 5340 2905 5398 Pilato.
2940 5340 3184 5399 Mortuus
3222 5352 3278 5399 et
3310 5358 3396 5400 se-

1815 5433 2015 5505 pultus.
2043 5432 2328 5489 Descendit
2356 5433 2424 5488 ad
2458 5430 2719 5489 infernos.
2750 5431 2937 5489 Tertia
2962 5418 3051 5489 die
3096 5433 3397 5490 resurrexit

1815 5526 1969 5581 vivus
1993 5541 2024 5580 a
2066 5524 2314 5580 mortuis.
2341 5522 2596 5581 Ascendit
2621 5524 2689 5595 ad
2713 5525 2896 5583 caelos.
2929 5522 3093 5582 Sedet
3117 5524 3185 5581 ad
3208 5524 3395 5580 dexte-

1815 5632 1933 5675 ram
1958 5617 2053 5673 Dei
2085 5615 2263 5674 Patris
2284 5618 2689 5689 omnipotentis.
2719 5617 2847 5675 Haec
2870 5632 2972 5690 pro
3014 5632 3074 5673 se
3113 5624 3221 5673 stat
3252 5616 3393 5671 sicut

1815 5711 2048 5766 auditur.
2080 5708 2195 5765 Non
2222 5720 2307 5766 est
2334 5710 2605 5786 allegoria.
2637 5709 2755 5767 Non
2798 5710 3117 5782 signiﬁcavit
3161 5707 3388 5763 alterum

1813 5800 2106 5868 Christum,
2135 5801 2274 5857 sicut
2291 5802 2614 5874 patriarcha:
2642 5812 2698 5859 et
2718 5803 2995 5874 propheta:
3025 5802 3167 5856 hunc
3186 5796 3388 5871 signiﬁ-

1815 5901 2074 5953 caverunt
2115 5904 2171 5952 et
2198 5895 2627 5967 praedicaverunt
2667 5882 2787 5955 esse
2814 5903 3119 5957 venturum.
3147 5892 3227 5951 liii
3246 5902 3424 5980 pra»;

94 5342 275 5393 stent
301 5334 681 5409 appellatione,
712 5356 824 5407 non
854 5348 1035 5398 tamen
1066 5342 1143 5398 ita
1170 5343 1481 5400 dividuntur
1506 5345 1561 5401 in
1587 5344 1716 5401 sub-

90 5431 332 5489 stantia
364 5429 504 5486 sicut
530 5430 588 5488 in
614 5434 850 5501 nomine,
876 5435 1002 5507 quia
1031 5435 1134 5492 ista
1159 5437 1341 5513 omnia
1364 5454 1470 5492 una
1496 5446 1580 5494 est
1600 5438 1715 5496 ani-

85 5542 226 5583 ma.
261 5522 337 5579 Et
378 5522 437 5587 in
456 5531 610 5595 parte
650 5541 753 5597 qua
781 5543 840 5583 se
870 5522 1079 5595 ﬂexerit
1107 5528 1277 5601 ipsius
1315 5530 1491 5603 partis
1513 5546 1713 5587 nomen

84 5618 356 5689 accipit,
389 5617 517 5691 quia
540 5627 726 5691 partes
748 5619 865 5690 ejus
891 5629 1016 5678 sunt
1038 5622 1143 5679 ista
1169 5638 1289 5695 quae
1319 5624 1449 5680 dixi.
1485 5622 1599 5681 Hoc
1631 5633 1714 5679 ιο-

78 5722 233 5773 tum
286 5724 391 5781 pro
431 5710 626 5783 spiritu
670 5712 773 5775 ista
801 5712 1056 5782 diximus,
1108 5722 1167 5770 ut
1213 5715 1483 5772 haereticis
1510 5715 1714 5771 calum-

369 5805 722 5881 assertionem
764 5805 1099 5867 tolleremus.
1142 5806 1278 5874 Quia
1320 5823 1485 5862 unum
1536 5807 1710 5862 homi-

74 5912 250 5963 nem
311 5896 586 5969 integrum
635 5906 797 5970 atque
839 5898 1141 5970 perlectum
1183 5899 1396 5972 spiritu,
1435 5898 1612 5956 anima
1658 5906 1714 5955 et
