3952 6318
494 695 574 743 se,
602 675 698 733 sed
742 673 1039 731 Christum.
1065 668 1315 734 Christus
1340 662 1653 737 praedicavit
1693 658 2063 728 semetipsum,

495 770 724 826 missum
756 781 790 821 a
818 764 1000 830 Patre,
1030 762 1215 817 dicens
1240 776 1255 813 :
1283 757 1376 813 Sic
1404 755 1587 811 dilexit
1631 752 1771 807 Deus
1791 747 2063 809 mundum,

495 870 555 915 ut
574 858 776 913 Filium
794 870 948 912 suum
970 852 1292 923 unigenitum
1311 849 1459 903 daret
1478 848 1537 902 in
1552 844 1783 909 mundo;
1805 851 1862 896 ut
1901 840 2069 895 omnis

496 950 588 1022 qui
613 948 774 1003 credit
793 948 850 1001 in
873 961 1011 1012 eum,
1041 959 1145 998 non
1170 948 1366 1012 pereat,
1400 938 1491 994 scd
1526 937 1715 992 habeat
1734 934 1894 989 vitam
1916 940 2072 987 teter-

502 1021 646 1099 nam.
676 1039 784 1096 Nos
808 1052 937 1094 vero
958 1051 1080 1091 cum
1109 1031 1364 1104 apostolis
1391 1038 1447 1086 et
1488 1026 1798 1086 doctoribus
1814 1021 2075 1094 praedica-

503 1149 627 1191 mus
651 1146 775 1188 eum
791 1129 906 1199 iam
928 1127 1142 1183 venisse
1167 1123 1445 1201 humilem,
1470 1129 1532 1175 ut
1554 1134 1654 1176 nos
1677 1115 1907 1188 qualiter
1927 1112 2078 1168 vive-

505 1239 686 1281 remus
719 1222 955 1277 doceret.
980 1220 1049 1275 Et
1068 1216 1305 1275 secundo
1334 1230 1458 1271 eum
1484 1218 1858 1283 exspectamus
1885 1207 1941 1262 in
1966 1205 2079 1277 glo-

505 1317 587 1374 ria
634 1314 933 1384 maiestatis
972 1328 1082 1369 sua:
1118 1310 1315 1373 redire,
1345 1315 1401 1364 et
1426 1305 1666 1377 regulam
1694 1317 1856 1374 quam
1900 1299 2080 1372 posuit

505 1409 805 1480 requiram,
826 1413 881 1462 et
902 1404 1193 1474 unicuique
1218 1400 1508 1458 secundum
1529 1410 1693 1466 opera
1719 1408 1814 1451 sua
1832 1392 2077 1448 reddere.

506 1501 634 1558 llaec
656 1500 903 1565 historia,
928 1498 1068 1554 sicut
1092 1494 1329 1560 auditur,
1352 1493 1427 1549 ita
1449 1492 1517 1546 ab
1539 1487 1686 1545 omni
1710 1485 1950 1542 Ecclesia
1967 1498 2084 1538 cre-

507 1594 654 1649 ditur
681 1599 737 1647 et
766 1599 998 1647 tenetur.
1050 1587 1141 1643 Sic
1188 1585 1354 1640 etiam
1395 1582 1583 1638 decem
1624 1585 1893 1649 praecepta
1924 1574 2080 1645 legis,

507 1699 629 1757 qua:
655 1682 709 1739 in
733 1682 867 1738 duas
892 1678 1106 1735 tabulas
1134 1677 1335 1746 scripta
1367 1680 1511 1738 sunt,
1540 1660 1654 1726 sive
1681 1667 1923 1730 decimae,
1943 1664 2086 1719 sicut

508 1776 820 1840 audiuntur,
857 1774 934 1828 ita
976 1769 1348 1839 intelliguntur
1372 1773 1428 1821 et
1452 1770 1724 1820 tenentur.
1776 1757 1891 1813 Hoc
1911 1761 2086 1812 totum

509 1884 707 1939 corpus
740 1867 935 1922 littera:
960 1871 1045 1919 est
1081 1868 1339 1932 tanquam
1364 1870 1559 1926 corpus
1578 1850 1835 1909 hominis.

581 1961 716 2019 CVI.
755 1957 1048 2016 Veniamus
1071 1955 1140 2010 ad
1170 1950 1447 2009 interioris
1469 1948 1663 2004 littera:
1682 1942 1943 2025 moralem
1969 1954 2092 1996 scn-

514 2072 656 2123 sum,
685 2069 844 2124 quem
874 2052 1140 2122 tropicum
1172 2047 1425 2110 diximus,
1450 2055 1613 2113 quem
1641 2039 1807 2095 etiam
1831 2036 1888 2091 in
1912 2048 2096 2091 exem-

513 2148 603 2220 plo
630 2146 824 2201 animae
865 2143 1167 2214 posuimus,
1199 2138 1431 2210 qualiter
1463 2135 1530 2190 de
1573 2129 1861 2189 exterioris
1901 2127 2098 2182 litteris

513 2215 740 2309 corpore
766 2235 834 2290 ad
858 2232 1176 2289 interiorem
1202 2227 1553 2289 intellectum,
1587 2229 1845 2291 tanquam
1868 2216 1937 2272 ad
1952 2215 2100 2287 inte-

516 2308 720 2385 riorem
768 2324 1005 2381 animam
1056 2319 1408 2382 rationalem,
1456 2313 1749 2371 ascendam
1800 2308 2097 2367 valeamus.

517 2420 709 2478 Omnis
731 2418 876 2475 enim
910 2416 1083 2472 lector
1106 2412 1200 2483 qui
1222 2411 1288 2466 de
1308 2408 1535 2466 historia
1555 2406 1623 2462 ad
1645 2402 1905 2460 moralem
1929 2399 2104 2456 scien-

517 2512 654 2569 tiam
696 2507 958 2573 ascendit,
989 2512 1044 2561 et
1074 2520 1182 2560 non
1232 2499 1479 2573 pervenit
1513 2498 1581 2553 ad
1611 2495 1858 2566 spiritum
1886 2491 2101 2556 litterae,

519 2600 647 2660 talis
685 2607 772 2656 est
808 2598 948 2654 sicut
972 2593 1251 2665 quodlibet
1273 2588 1495 2654 animal,
1526 2592 1739 2642 tantum
1758 2588 2014 2639 constans
2037 2592 2106 2633 ex

521 2705 772 2762 corpore.
798 2687 1017 2745 Moralis
1067 2683 1296 2743 scientia
1334 2680 1556 2744 dicitur,
1594 2678 1649 2732 id
1676 2683 1779 2740 est,
1812 2670 2107 2729 secundum

522 2801 734 2844 mores:
752 2791 813 2840 ut
838 2798 960 2839 cum
989 2780 1232 2839 nominat
1251 2776 1553 2847 Scriptura,
1576 2778 1636 2826 ut
1659 2775 1790 2838 puta
1811 2762 2107 2827 hominem,

506 3060 787 3132 ,telligitur
828 3057 959 3128 quia
1003 3053 1255 3125 ungulam
1283 3046 1495 3112 dividit,
1522 3053 1578 3101 et
1619 3041 1878 3104 ruminat,
1913 3045 1969 3094 et
2014 3036 2115 3092 sub

524 3127 667 3222 iugo.
680 3157 785 3206 est.
838 3127 976 3205 Cum
1015 3157 1146 3200 vero
1186 3139 1431 3195 nominat
1454 3135 1687 3199 asinum,
1714 3147 1800 3187 vei
1839 3127 2117 3202 quodlibet

527 3219 848 3313 iumentum,
863 3234 1234 3303 intelliguntur
1251 3242 1438 3285 eorum
1464 3240 1663 3290 mores,
1684 3222 1811 3294 quia
1835 3219 2112 3276 ruminant
2137 3252 2186 3317 ÎŸ

531 3311 636 3392 nec
657 3330 916 3403 ungulam
953 3324 1218 3382 dividunt.
1244 3322 1380 3378 Cum
1412 3319 1721 3376 nominatur
1742 3313 1994 3377 eamelus,
2023 3311 2109 3366 in-

528 3424 793 3495 telligitur
820 3404 1113 3482 ruminare,
1136 3422 1193 3470 et
1218 3411 1446 3484 ungulas
1480 3425 1591 3467 non
1616 3406 1825 3465 dividit.
1849 3404 1985 3460 Cum
2017 3416 2116 3457 no-

534 3513 774 3570 minatur
812 3521 1032 3580 porcus,
1075 3503 1393 3576 intelligitur
1426 3499 1626 3573 ungula
1677 3497 1865 3561 dividi,
1916 3502 1971 3550 ct
2007 3508 2117 3548 non

533 3601 830 3661 ruminare.
879 3595 1015 3653 Cum
1057 3593 1366 3651 nominatur
1389 3591 1496 3658 leo,
1533 3586 1850 3657 intelligitur
1875 3582 2118 3641 omnium

536 3688 891 3751 fortissimum
914 3699 1035 3742 esse
1068 3683 1387 3741 bestiarum.
1426 3679 1520 3736 Sic
1537 3686 1593 3734 et
1619 3692 1799 3739 ursus,
1825 3674 2003 3744 lupus,
2028 3677 2121 3726 aut

537 3779 840 3853 vulpecula,
869 3777 1165 3835 secundum
1184 3790 1297 3831 sua:
1335 3781 1541 3829 natura:
1564 3769 1827 3833 actiones,
1863 3765 2122 3821 uniuscu-

534 3874 733 3947 jusque
776 3871 1145 3942 intelliguntur
1196 3881 1397 3924 mores.
1433 3865 1526 3921 Sic
1573 3862 1739 3919 etiam
1787 3861 1853 3915 de
1908 3857 2123 3915 caeteris

540 3962 883 4026 animalibus,
936 3957 1222 4030 reptilibus
1267 3957 1383 4012 sive
1428 3953 1767 4018 volatilibus,
1804 3966 1926 4021 qua:
1970 3947 2122 4004 Scri-

541 4064 703 4129 ptura
733 4068 888 4112 sacra
917 4064 1342 4110 commemorare
1387 4046 1545 4103 solet.
1574 4043 1704 4112 Quae
1737 4041 1920 4099 omnia
1947 4052 2127 4095 mores

539 4147 821 4205 hominum
847 4151 975 4202 sunt
1001 4139 1353 4211 intelligendi,
1385 4145 1447 4194 ut
1489 4151 1587 4208 per
1623 4134 1740 4206 ipsa
1770 4133 1941 4189 lector
1964 4144 2129 4201 agno-

543 4237 857 4313 scatâ€˜vitam
875 4235 963 4293 vel
990 4250 1170 4291 mores
1196 4230 1477 4289 hominum
1499 4228 1643 4284 intra
1674 4222 1991 4282 Ecclesium.
2018 4217 2128 4275 Sed

543 4331 681 4390 istos
709 4343 889 4386 mores
913 4342 1022 4385 non
1046 4332 1224 4397 potest
1238 4324 1567 4389 discernere,
1590 4317 1695 4375 nisi
1717 4317 1924 4387 integer
1940 4314 2126 4380 homo,

545 4418 605 4477 id
641 4426 726 4476 est
752 4417 999 4489 spiritus,
1038 4415 1220 4471 anima
1253 4420 1308 4469 et
1349 4426 1565 4482 corpus.
1612 4405 1918 4481 Spiritualis
1973 4404 2128 4458 homo

543 4510 723 4568 omnia
755 4509 967 4581 judicat
989 4523 1009 4563 :
1037 4506 1147 4579 ipse
1174 4512 1348 4560 autem
1370 4520 1404 4557 a
1430 4500 1632 4558 nemine
1669 4497 1960 4568 iudicatur.
1990 4492 2130 4548 Nam

1290 448 1700 519 ELIPANDUS,
1737 438 1967 508 rem,
2003 430 2352 492 nummus
2384 426 2475 487 nr
2511 424 2572 484 s.
2609 415 2911 481 auarus.

2170 796 2411 891 Egvpti.
2448 812 2583 882 Quid
2624 809 2807 875 tuane,
2850 804 2943 877 qui
2969 803 3050 860 eis
3080 810 3280 856 terram

2170 887 2373 968 divisit.
2408 903 2548 972 Quid
2573 900 2763 967 David,
2801 912 2897 953 rex
2925 903 2981 951 et
2998 892 3276 965 propheta.
3300 887 3441 957 Quid
3465 887 3757 958 propheta

2172 998 2629 1073 signiï¬caverunt,
2672 990 2778 1048 nisi
2824 989 2884 1046 hi
2927 999 3115 1044 omnes
3142 981 3455 1040 Christum?
3481 979 3686 1036 Potest
3707 988 3758 1035 et

2173 1070 2395 1151 dicere:
2422 1089 2564 1145 Ecce
2614 1084 2745 1156 quid
2790 1079 3098 1153 significant
3137 1075 3249 1142 sol,
3300 1073 3430 1130 luna
3462 1079 3534 1128 et
3575 1070 3756 1128 siuna

2175 1182 2316 1252 Quid
2359 1196 2394 1235 n
2412 1191 2508 1234 are
2534 1184 2591 1232 et
2635 1175 2834 1246 pisces.
2874 1168 3016 1238 Quid
3047 1165 3268 1223 ï¬‚umina
3298 1171 3356 1219 et
3378 1161 3593 1219 fontes.
3628 1160 3759 1229 Quid

2176 1281 2391 1331 montes
2413 1278 2469 1325 et
2490 1266 2674 1324 colles.
2707 1262 2850 1331 Quid
2871 1260 3055 1316 herbae
3079 1265 3136 1313 et
3162 1256 3405 1311 arbusta.

2247 1360 2400 1419 CVII.
2431 1359 2500 1414 Et
2522 1356 2654 1428 quia
2671 1353 2950 1426 pleraque,
2975 1349 3090 1406 sive
3109 1347 3168 1402 in
3186 1346 3387 1402 bonam
3406 1349 3637 1416 partem
3655 1357 3761 1399 sive

2179 1456 2236 1513 in
2262 1454 2479 1520 malam,
2507 1449 2718 1506 duobus
2734 1444 2910 1503 modis
2928 1437 3274 1511 intelligenda
3292 1444 3444 1504 sunt,
3464 1437 3761 1494 secundum

2182 1545 2421 1617 Scriptus
2431 1558 2493 1599 as
2537 1547 2718 1611 potest
2764 1537 2948 1593 facere
2993 1532 3282 1590 rationem.
3335 1528 3605 1584 Attamen
3650 1539 3766 1583 Ï‰Î¹Î¹

2181 1616 2413 1704 manu,
2453 1643 2509 1689 et
2551 1633 2618 1687 de
2662 1627 2986 1686 animalibus
3026 1625 3303 1694 disputare
3345 1619 3614 1691 conperit,
3644 1616 3770 1689 quid

2186 1728 2490 1801 signiï¬cent
2510 1721 2772 1788 volatilia,
2803 1719 2935 1791 quid
2961 1715 3196 1787 reptilia,
3226 1711 3360 1784 quid
3375 1707 3771 1783 quadr-upedia,

2189 1798 2320 1896 qum
2343 1818 2596 1878 animalia
2619 1815 2837 1880 munda,
2859 1811 2990 1884 quid
3007 1807 3317 1872 immunda;
3349 1803 3472 1876 quid
3489 1800 3691 1863 bestia,
3717 1798 3775 1854 id

2116 1904 2298 1984 Best,
2324 1916 2528 1979 leones,
2562 1911 2697 1977 ursi,
2737 1907 2872 1978 lupi,
2915 1905 3002 1962 vel
3036 1901 3351 1973 vulpeculae,
3410 1898 3543 1969 quid
3587 1908 3777 1967 greges

2190 2010 2374 2069 ovium
2401 2007 2490 2064 vel
2516 2018 2827 2068 vaccarum,
2856 2006 2950 2056 aut
2974 1996 3257 2062 columbae,
3286 1991 3375 2050 vel
3398 1990 3638 2063 gallina.
3661 1986 3773 2044 1am

2193 2104 2286 2161 hic
2312 2117 2424 2159 non
2449 2096 2710 2157 discernit
2733 2094 2863 2167 quid
2893 2093 2971 2151 sit
3003 2093 3183 2162 lupus,
3209 2094 3306 2144 aut
3330 2085 3472 2158 quid
3492 2084 3636 2150 ovis,
3658 2094 3775 2138 uim

2196 2197 2426 2254 fortasse
2446 2200 2503 2249 et
2529 2192 2647 2263 ipse
2680 2189 2841 2259 lupus
2870 2194 2954 2242 est
2974 2193 3030 2240 et
3056 2183 3205 2241 solus
3236 2180 3298 2236 in
3320 2178 3576 2235 tenebris
3598 2176 3774 2231 amba.

2196 2287 2275 2344 lat
2302 2283 2576 2349 ululando,
2605 2290 2661 2339 et
2679 2293 2810 2336 oves
2832 2291 2954 2349 quae
2977 2275 3236 2346 ingressae
3261 2278 3395 2327 sunt
3413 2270 3522 2325 sub
3551 2273 3773 2339 pastore,

2200 2376 2436 2435 defossat
2461 2381 2518 2431 et
2554 2370 2779 2443 spargit.
2813 2368 2952 2425 Nam
2980 2367 3159 2438 lupus,
3187 2372 3282 2420 aut
3303 2377 3499 2429 arms,
3527 2369 3627 2417 aut
3649 2375 3777 2430 qlia:-

2200 2469 2338 2526 Iiet
2361 2466 2535 2524 bestia
2568 2478 2690 2535 quae
2714 2474 2881 2518 carne
2899 2456 3158 2524 vescitur,
3182 2469 3295 2512 non
3321 2460 3411 2511 est
3431 2451 3779 2522 subpastore.

2204 2572 2307 2617 nec
2348 2559 2404 2615 in
2435 2546 2597 2614 domo'
2635 2561 2869 2617 creatur,
2906 2564 3012 2606 nec
3052 2548 3109 2604 in
3151 2558 3316 2618 grege
3357 2542 3669 2607 ambulant,
3693 2552 3781 2595 nec

2206 2654 2404 2712 munda
2431 2659 2577 2719 sunt,
2605 2664 2707 2706 nec
2732 2648 2856 2704 cibo
2880 2642 3162 2702 hominum
3185 2646 3316 2710 apta
3337 2644 3497 2694 sunt.
3532 2632 3781 2693 Animalia

2206 2760 2337 2803 vero
2358 2742 2611 2815 quaelibet
2644 2738 2844 2796 munda
2868 2736 2925 2791 in
2967 2747 3132 2806 grege
3154 2727 3465 2815 ambulant,
3496 2733 3558 2782 et
3586 2724 3683 2780 sub
3704 2737 3786 2794 pa-

2209 2845 2358 2893 store
2376 2814 2525 2889 sunt.
2546 2828 2899 2886 lncluduntur
2921 2831 2977 2881 et
3004 2838 3037 2878 a
3077 2819 3270 2878 bestiis
3315 2814 3703 2879 defenduntur,
3736 2820 3786 2866 et

2212 2926 2282 2982 ad
2320 2923 2470 2980 cibos
2502 2920 2783 2977 hominum
2816 2924 2942 2987 apta
2996 2919 3142 2970 sunt.
3180 2909 3241 2966 In
3269 2909 3379 2964 hoc
3422 2904 3789 2977 cognoscimus

2212 3019 2357 3075 hunc
2389 3017 2757 3085 interpretem,
2804 3009 2853 3065 si
2892 3007 3050 3077 lupus
3076 3020 3147 3059 an
3169 3001 3289 3060 ovis
3314 3000 3410 3056 sit.
3436 2998 3573 3055 Nam
3604 2996 3653 3051 si
3680 2993 3792 3049 oris

2214 3118 2318 3176 est,
2343 3108 2400 3164 in
2426 3122 2588 3178 grege
2610 3112 2712 3168 est,
2741 3101 2799 3157 in
2837 3097 3178 3155 multitudine
3211 3101 3315 3158 est,
3364 3093 3422 3149 in
3451 3087 3795 3159 simplicitate

2216 3208 2320 3268 est,
2347 3176 2449 3255 sub
2470 3176 2686 3268 pastore
2709 3202 2815 3250 est.
2847 3189 3140 3248 lucluditur
3163 3186 3218 3242 in
3241 3185 3405 3251 ovile,
3428 3181 3624 3253 herbas
3651 3176 3798 3234 Scri-

2214 3302 2495 3367 pturarum
2523 3287 2836 3354 manducat,
2888 3299 2998 3340 non
3024 3293 3245 3337 carnem
3274 3274 3465 3331 fratris
3503 3271 3614 3329 sui.
3643 3269 3797 3327 Cibus

2214 3363 2420 3446 domini
2445 3382 2529 3439 sui
2555 3389 2666 3446 est,
2695 3396 2726 3435 a
2753 3394 2863 3451 quo
2881 3376 3086 3448 regitur
3109 3382 3165 3429 et
3186 3370 3513 3427 custoditur.
3543 3365 3702 3421 illius
3715 3363 3797 3435 qui

2215 3477 2353 3535 dixit
2384 3493 2397 3530 :
2428 3473 2578 3528 Meus
2606 3471 2752 3527 cibus
2784 3477 2857 3524 est
2888 3477 2944 3522 ut
2983 3464 3178 3536 faciam
3200 3459 3522 3517 uoluntatem
3557 3452 3798 3528 ejus,qu

2216 3567 2357 3623 misit
2397 3582 2500 3631 me,
2544 3574 2600 3619 ut
2638 3560 2906 3634 perficiam
2945 3572 3073 3627 Opus
3116 3553 3255 3625 ejus.
3299 3549 3438 3605 Nam
3482 3548 3530 3603 si
3563 3547 3627 3602 in
3658 3557 3801 3615 grege

2217 3675 2328 3717 non
2362 3656 2601 3713 ambulat
2621 3654 2824 3716 ovium,
2856 3649 2910 3706 id
2936 3656 3022 3704 est
3052 3647 3110 3705 in
3135 3641 3481 3700 multitudine
3502 3637 3796 3695 monacho-

2219 3766 2360 3814 rum,
2394 3749 2521 3804 licet
2545 3752 2717 3800 totam
2753 3738 3136 3803 bibliothecam
3160 3733 3371 3800 recitet,
3415 3736 3473 3784 et
3507 3726 3803 3783 secundum

2223 4020 2449 4079 invenit.
2476 4019 2595 4074 Non
2633 4018 3019 4087 interpretatur
3046 4010 3373 4079 Scripturas,
3401 4003 3551 4077 quod
3580 4000 3804 4064 auditis;

2224 4112 2324 4171 sed
2363 4111 2553 4178 dulat,
2580 4108 2706 4180 quia
2743 4121 2853 4162 non
2894 4109 3114 4160 tractat.
3153 4098 3294 4166 Quid
3339 4095 3502 4152 facit?
3539 4092 3681 4150 Non
3702 4104 3809 4147 eum

2225 4203 2473 4260 videmus
2523 4195 2729 4270 aliquid
2770 4194 2896 4252 mali
2934 4190 3148 4248 facere?
3174 4188 3288 4243 Non
3334 4184 3595 4242 credatis.
3640 4184 3810 4256 Hypo-

2196 4297 2366 4365 ,crita
2389 4302 2491 4352 est.
2541 4290 2745 4347 Pellem
2785 4287 3002 4345 ovinam
3032 4285 3088 4340 in
3126 4279 3409 4353 superï¬cie
3450 4284 3657 4349 gestat.
3691 4273 3816 4329 Nam

2228 4390 2329 4446 sub
2349 4386 2488 4459 pelle
2509 4383 2667 4455 lupus
2692 4388 2797 4449 est,
2823 4379 2880 4435 id
2901 4386 3014 4443 est,
3053 4375 3153 4433 sub
3180 4373 3363 4429 littera
3386 4368 3688 4425 haereticus
3714 4372 3815 4422 est.

2230 4481 2404 4537 Homo
2426 4477 2635 4547 integer
2660 4488 2769 4529 non
2811 4479 2915 4528 est.
2943 4468 3139 4527 Anima
3159 4471 3372 4522 tantum
3399 4470 3458 4518 et
3482 4474 3695 4531 corpus
3719 4466 3815 4513 est.

544 4601 689 4659 sicut
726 4548 1021 4671 spiritualis
1050 4548 1248 4652 nomen
1287 4592 1455 4648 trahit
1475 4607 1507 4648 a
1537 4548 1750 4661 spiri'tu,
1780 4587 1858 4643 sic
1881 4582 2130 4640 animalis
2158 4614 2213 4678 Î’
2234 4568 2468 4642 Spiritus
2492 4582 2603 4623 Î Î¿Î·
2626 4570 2731 4633 Î¸Îµá¿–Â»
2759 4563 2829 4619 ab
2860 4559 3053 4632 ÎµÎ½á½·Î½á¿‘Î¹Î¹Î¹
3083 4562 3364 4629 Î´ÎµÎ½Ï€ÎµÎ¹Ï‰Îµ
3386 4560 3490 4609 Î¸Îµá½·Î±
3516 4548 3733 4607 om
3752 4551 3817 4605 in

2402 4676 2410 4678 Î‘
2444 4676 2477 4678 Î·
2537 4658 2647 4678 ___-n
2734 4654 2963 4678 a:--:.r.._..
3010 4650 3121 4678 -...h
3173 4649 3307 4678 Î±Î¾Î·-,Î¹
3342 4645 3430 4678 â€œIn
3474 4643 3690 4678 Î‘á½¶Î½á½·ÎµÎ¹Î¹Î±
3723 4651 3811 4678 nar,

545 4693 616 4750 ab
644 4690 843 4747 anima.
875 4688 947 4745 Et
966 4684 1210 4743 animalis
1247 4684 1401 4739 homo
1428 4698 1531 4738 non
1550 4679 1767 4752 percipit
1790 4694 1855 4732 ea
1877 4690 1995 4748 qua:
2012 4681 2131 4728 sunt

548 4784 763 4858 spiritus
791 4781 910 4848 Dei,
935 4786 995 4836 ut
1036 4778 1113 4835 ait
1133 4775 1447 4849 Apostolus.
1473 4771 1565 4827 Sic
1589 4769 1754 4826 etiam
1779 4765 2012 4823 carnalis
2039 4778 2134 4819 no-

550 4853 680 4935 men
698 4873 869 4932 trahit
891 4888 924 4928 a
947 4885 1132 4938 carne,
1154 4865 1453 4925 secundum
1470 4860 1712 4933 Apostoli
1734 4858 1939 4913 dictum
1964 4872 1977 4909 :
2004 4853 2138 4909 Cum

552 4969 713 5026 audio
759 4968 903 5022 rixas
929 4965 1069 5020 inter
1092 4978 1198 5025 vos,
1230 4972 1400 5014 nonne
1424 4952 1664 5011 carnales
1705 4950 1845 5012 estis,
1879 4956 1928 5003 et
1956 4961 2141 5000 secun-

553 5060 682 5115 dum
721 5057 984 5113 hominem
1022 5048 1343 5109 ambulatis?
1387 5044 1533 5101 Nihil
1577 5043 1799 5114 prodest
1834 5035 2044 5100 lectori,
2094 5035 2142 5093 si

553 5156 727 5207 totam
750 5146 1135 5204 bibliothecam
1177 5139 1494 5199 memoriter
1525 5135 1737 5200 recitet,
1776 5140 1831 5188 et
1863 5128 2144 5187 moraliter

557 5238 964 5307 interpretetur,
993 5235 1041 5292 si
1067 5249 1175 5291 non
1201 5228 1511 5305 pervenerit
1539 5226 1608 5283 ad
1637 5224 1906 5297 spiritum.
1932 5218 2145 5289 Quare?

560 5327 699 5397 Quia
724 5341 834 5382 non
881 5333 965 5383 est
1008 5326 1218 5395 integer
1253 5324 1436 5390 homo,
1471 5320 1529 5376 id
1572 5326 1657 5375 est
1701 5313 2019 5388 spiritualis,
2051 5309 2148 5368 sed

561 5426 774 5476 tantum
817 5414 1066 5471 animalis
1113 5424 1169 5472 et
1214 5412 1449 5470 carnalis
1476 5417 1579 5467 est.
1614 5408 1699 5464 Ad
1722 5407 1867 5462 hunc
1894 5402 2147 5475 spiritum

561 5524 725 5568 nemo
749 5513 932 5579 potest
952 5506 1156 5571 venire,
1179 5505 1287 5561 nisi
1308 5506 1376 5561 ab
1404 5504 1617 5560 actione
1643 5495 1899 5554 exteriori
1923 5508 2149 5549 vacave-

564 5602 656 5668 rit,
688 5608 745 5659 et
764 5598 933 5655 vitam
959 5597 1434 5669 contemplativam
1462 5601 1574 5652 tota
1606 5590 1804 5649 mentis
1826 5603 1937 5646 sua:
1972 5586 2150 5643 inten-

565 5695 713 5752 tione
761 5699 978 5751 sccutus
1018 5688 1202 5746 fuerit.
1254 5686 1393 5743 Nam
1442 5685 1668 5758 quilibet
1709 5678 1943 5739 carnalis
1973 5683 2151 5748 potest

566 5799 786 5844 omnem
808 5784 1193 5843 bibliothecam
1217 5780 1396 5850 legere
1420 5787 1476 5835 et
1500 5778 1756 5840 recitare;
1785 5779 1964 5845 potest
1987 5771 2151 5827 etiam

567 5893 695 5949 eam
719 5884 777 5937 et
796 5875 1075 5939 moraliter
1103 5866 1471 5946 interpretari,
1501 5877 1573 5957 ct.
1596 5866 1777 5925 dicere
1803 5878 1819 5920 :
1857 5863 1998 5923 Ecce
2020 5858 2190 5953 quidâ€˜

2234 4676 2488 4735 separare
2536 4658 2670 4724 vult,
2726 4654 2966 4714 dividere
3010 4650 3145 4716 vult,
3173 4649 3314 4705 sicut
3342 4645 3432 4701 ille
3474 4643 3694 4700 divisus
3723 4651 3815 4696 est.

2236 4732 2496 4810 scindere
2530 4749 2667 4816 vult,
2714 4747 2855 4804 sicut
2895 4744 2987 4800 ille
3023 4741 3223 4799 scissus
3247 4744 3352 4795 est.
3386 4735 3668 4807 Spargere
3695 4732 3819 4797 ruit,

2237 4845 2377 4901 sicut
2425 4842 2517 4898 ille
2562 4854 2780 4912 sparsus
2823 4844 2927 4893 est.
2974 4834 3042 4890 Et
3074 4833 3196 4888 ideo
3233 4827 3433 4887 deforis
3470 4826 3655 4894 venit,
3683 4835 3740 4883 et
3762 4824 3819 4880 de

2239 4935 2399 4994 domo
2424 4932 2539 4988 vult
2563 4944 2775 5004 rapere,
2800 4928 2927 5000 quia
2953 4940 3063 4982 non
3083 4931 3168 4981 est
3188 4922 3325 4988 ovis,
3353 4919 3452 4976 sed
3476 4917 3672 5003 lupus.
3696 4916 3820 4972 Nam

2240 5041 2367 5085 cum
2386 5024 2638 5096 leguntur
2659 5021 2714 5076 in
2737 4998 3033 5090 Scripturis
3048 5011 3300 5070 animalia
3323 5010 3437 5067 sive
3460 4998 3695 5073 munda,
3714 5006 3821 5062 sire

2242 5094 2517 5174 immunda
2541 5151 2557 5180 ,
2603 5109 2889 5181 allegorice
2934 5120 3116 5163 mores
3156 5103 3435 5160 hominum
3492 5094 3821 5170 intelligendi

2244 5215 2390 5277 sunt,
2420 5220 2530 5263 non
2572 5200 2869 5260 secundum
2922 5212 3118 5269 corpus
3160 5194 3378 5259 littera,
3412 5198 3476 5247 ut
3509 5188 3819 5245 audiuntur.

2243 5300 2379 5357 Nam
2409 5297 2457 5353 si
2496 5309 2625 5351 oves
2660 5307 2768 5349 non
2806 5297 2988 5346 essent
3010 5294 3066 5345 et
3100 5286 3214 5357 lupi
3240 5283 3297 5339 in
3319 5281 3587 5346 Ecclesia,
3619 5294 3732 5335 non
3752 5277 3825 5332 á½§Î¹

2246 5399 2394 5449 ceret
2429 5385 2689 5445 Dominus
2731 5378 3007 5454 discipulis
3051 5376 3162 5435 suis
3192 5390 3209 5431 :
3236 5374 3375 5431 Ecce
3414 5389 3509 5444 ego
3547 5371 3707 5426 mitto
3744 5381 3828 5423 res

2247 5482 2379 5538 sicut
2407 5495 2521 5536 oves
2560 5480 2619 5533 in
2651 5476 2823 5531 medio
2859 5472 3122 5545 luporum.
3156 5467 3336 5524 Estote
3380 5481 3506 5536 ergo
3554 5461 3831 5536 prudenti

2249 5574 2385 5629 sicut
2408 5577 2687 5641 serpentes,
2714 5573 2763 5622 et
2791 5561 3049 5634 simplices
3073 5558 3206 5614 sicut
3235 5555 3489 5612 columba
3532 5550 3755 5625 (Matth.
3776 5562 3831 5611 Î¹.

2251 5663 2361 5733 16).
2389 5639 2648 5730 Praecepit
2673 5655 2829 5713 nobis
2856 5651 3115 5709 Dominus
3141 5656 3203 5704 ut
3234 5647 3532 5702 habeamus
3568 5639 3833 5713 Î´á½·Ï‰Î¹á¿‡Îµá½·-

2253 5764 2420 5814 tatem
2450 5756 2727 5820 columbae,
2753 5751 2889 5808 etin
2914 5763 3020 5805 una
3058 5742 3397 5801 ambulemus
3430 5738 3634 5806 classe,
3656 5748 3837 5793 neeu-

2248 5851 2501 5923 jusquam
2518 5845 2821 5946 "fraudibus
2860 5840 3250 5900 machinemus.
3286 5833 3598 5894 Habeamus
3625 5837 3685 5888 et
3715 5838 3846 5929 ÏƒÎµÎ¹Î‡-á¼¸
