  <div class='ocr_page' id='page_1' title='image "/cluster/home/n/w/nwhite01/storage/ocr_20150623/96/hvd.32044015471204/486.png"; bbox 0 0 3952 6318; ppageno 0'>
   <div class='ocr_carea' id='block_1_1' title="bbox 167 413 266 473">
    <p class='ocr_par' dir='ltr' id='par_1_1' title="bbox 167 413 266 473">
     <span class='ocr_line' id='line_1_1' title="bbox 167 413 266 473; baseline -0.03 0"><span class='ocrx_word' id='word_1_1' title='bbox 167 413 266 473; x_wconf 73' lang='grc'><strong>961</strong></span> 
     </span>
    </p>
   </div>
   <div class='ocr_carea' id='block_1_2' title="bbox 850 398 2755 466">
    <p class='ocr_par' dir='ltr' id='par_1_2' title="bbox 850 398 2755 466">
     <span class='ocr_line' id='line_1_2' title="bbox 850 398 2755 466; baseline -0.001 -1"><span class='ocrx_word' id='word_1_2' title='bbox 850 404 1132 466; x_wconf 71' lang='lat' dir='ltr'><strong>HETERII</strong></span> <span class='ocrx_word' id='word_1_3' title='bbox 1167 403 1259 465; x_wconf 84' lang='lat' dir='ltr'><strong>ET</strong></span> <span class='ocrx_word' id='word_1_4' title='bbox 1295 403 1356 464; x_wconf 88' lang='lat' dir='ltr'><strong>S.</strong></span> <span class='ocrx_word' id='word_1_5' title='bbox 1393 400 1598 462; x_wconf 77' lang='lat' dir='ltr'><strong>BEATI</strong></span> <span class='ocrx_word' id='word_1_6' title='bbox 1632 398 1728 462; x_wconf 82' lang='lat' dir='ltr'><strong>AD</strong></span> <span class='ocrx_word' id='word_1_7' title='bbox 1762 399 2161 464; x_wconf 78' lang='lat' dir='ltr'><strong>ELIPANDUM</strong></span> <span class='ocrx_word' id='word_1_8' title='bbox 2197 399 2418 463; x_wconf 81' lang='lat' dir='ltr'><strong>EPIST.</strong></span> <span class='ocrx_word' id='word_1_9' title='bbox 2456 432 2527 448; x_wconf 90' lang='lat'><strong>-</strong></span> <span class='ocrx_word' id='word_1_10' title='bbox 2551 400 2684 463; x_wconf 85' lang='lat' dir='ltr'><strong>LIB.</strong></span> <span class='ocrx_word' id='word_1_11' title='bbox 2706 404 2755 464; x_wconf 87' lang='grc' dir='ltr'>ι.</span> 
     </span>
    </p>
   </div>
   <div class='ocr_carea' id='block_1_3' title="bbox 3320 406 3428 468">
    <p class='ocr_par' dir='ltr' id='par_1_3' title="bbox 3320 406 3428 468">
     <span class='ocr_line' id='line_1_3' title="bbox 3320 406 3428 468; baseline -0.019 0"><span class='ocrx_word' id='word_1_12' title='bbox 3320 406 3428 468; x_wconf 69' lang='grc' dir='ltr'><strong>96⁴ὶ</strong></span> 
     </span>
    </p>
   </div>
   <div class='ocr_carea' id='block_1_4' title="bbox 163 513 3430 611">
    <p class='ocr_par' dir='ltr' id='par_1_4' title="bbox 163 513 3430 611">
     <span class='ocr_line' id='line_1_4' title="bbox 163 513 3430 611; baseline -0.003 -20"><span class='ocrx_word' id='word_1_13' title='bbox 163 533 350 611; x_wconf 71' lang='lat' dir='ltr'><strong>petitis</strong></span> <span class='ocrx_word' id='word_1_14' title='bbox 375 525 652 594; x_wconf 78' lang='lat' dir='ltr'><strong>astutiam,</strong></span> <span class='ocrx_word' id='word_1_15' title='bbox 691 540 762 583; x_wconf 88' lang='lat' dir='ltr'><strong>ne</strong></span> <span class='ocrx_word' id='word_1_16' title='bbox 803 524 1032 596; x_wconf 83' lang='lat' dir='ltr'><strong>alicujus</strong></span> <span class='ocrx_word' id='word_1_17' title='bbox 1071 526 1478 598; x_wconf 88' lang='lat' dir='ltr'><strong>supplantemur</strong></span> <span class='ocrx_word' id='word_1_18' title='bbox 1503 516 1748 579; x_wconf 83' lang='lat' dir='ltr'><strong>insidiis.</strong></span> <span class='ocrx_word' id='word_1_19' title='bbox 1778 523 1830 583; x_wconf 78' lang='grc' dir='ltr'><strong>Α</strong></span> <span class='ocrx_word' id='word_1_20' title='bbox 1853 522 1996 593; x_wconf 90' lang='lat' dir='ltr'><strong>apud</strong></span> <span class='ocrx_word' id='word_1_21' title='bbox 2019 522 2274 578; x_wconf 61' lang='lat' dir='ltr'><strong>saeculum</strong></span> <span class='ocrx_word' id='word_1_22' title='bbox 2303 521 2454 576; x_wconf 89' lang='lat' dir='ltr'><strong>varia</strong></span> <span class='ocrx_word' id='word_1_23' title='bbox 2482 521 2710 577; x_wconf 81' lang='lat' dir='ltr'><strong>scientia</strong></span> <span class='ocrx_word' id='word_1_24' title='bbox 2737 518 2870 577; x_wconf 86' lang='lat' dir='ltr'><strong>clari</strong></span> <span class='ocrx_word' id='word_1_25' title='bbox 2902 524 3180 592; x_wconf 85' lang='lat' dir='ltr'><strong>putantur,</strong></span> <span class='ocrx_word' id='word_1_26' title='bbox 3215 530 3272 578; x_wconf 91' lang='lat' dir='ltr'><strong>et</strong></span> <span class='ocrx_word' id='word_1_27' title='bbox 3304 513 3430 583; x_wconf 89' lang='lat' dir='ltr'><strong>cum</strong></span> 
     </span>
    </p>
   </div>
   <div class='ocr_carea' id='block_1_5' title="bbox 237 612 1753 689">
    <p class='ocr_par' dir='ltr' id='par_1_5' title="bbox 237 612 1753 689">
     <span class='ocr_line' id='line_1_5' title="bbox 237 612 1753 689; baseline -0.011 -6"><span class='ocrx_word' id='word_1_28' title='bbox 237 621 420 683; x_wconf 81' lang='lat' dir='ltr'><strong>CVIII.</strong></span> <span class='ocrx_word' id='word_1_29' title='bbox 455 621 569 678; x_wconf 84' lang='lat' dir='ltr'><strong>Hoc</strong></span> <span class='ocrx_word' id='word_1_30' title='bbox 599 626 771 675; x_wconf 68' lang='lat' dir='ltr'><strong>totum</strong></span> <span class='ocrx_word' id='word_1_31' title='bbox 811 633 981 689; x_wconf 90' lang='lat' dir='ltr'><strong>quare</strong></span> <span class='ocrx_word' id='word_1_32' title='bbox 1020 617 1287 673; x_wconf 81' lang='lat' dir='ltr'><strong>diximus?</strong></span> <span class='ocrx_word' id='word_1_33' title='bbox 1311 617 1438 687; x_wconf 91' lang='lat' dir='ltr'><strong>quia</strong></span> <span class='ocrx_word' id='word_1_34' title='bbox 1463 629 1629 669; x_wconf 90' lang='lat' dir='ltr'><strong>unum</strong></span> <span class='ocrx_word' id='word_1_35' title='bbox 1654 612 1753 667; x_wconf 90' lang='lat' dir='ltr'><strong>ho-</strong></span> 
     </span>
    </p>
   </div>
   <div class='ocr_carea' id='block_1_6' title="bbox 163 706 1753 786">
    <p class='ocr_par' dir='ltr' id='par_1_6' title="bbox 163 706 1753 786">
     <span class='ocr_line' id='line_1_6' title="bbox 163 706 1753 786; baseline -0.012 -10"><span class='ocrx_word' id='word_1_36' title='bbox 163 719 375 777; x_wconf 85' lang='lat' dir='ltr'><strong>minem</strong></span> <span class='ocrx_word' id='word_1_37' title='bbox 398 715 691 786; x_wconf 81' lang='lat' dir='ltr'><strong>integrum,</strong></span> <span class='ocrx_word' id='word_1_38' title='bbox 718 718 975 780; x_wconf 86' lang='lat' dir='ltr'><strong>tanquam</strong></span> <span class='ocrx_word' id='word_1_39' title='bbox 1001 724 1165 765; x_wconf 91' lang='lat' dir='ltr'><strong>unam</strong></span> <span class='ocrx_word' id='word_1_40' title='bbox 1187 706 1567 764; x_wconf 78' lang='lat' dir='ltr'><strong>bibliothecam</strong></span> <span class='ocrx_word' id='word_1_41' title='bbox 1589 718 1753 774; x_wconf 84' lang='lat' dir='ltr'><strong>expo-</strong></span> 
     </span>
    </p>
   </div>
   <div class='ocr_carea' id='block_1_7' title="bbox 166 797 1753 869">
    <p class='ocr_par' dir='ltr' id='par_1_7' title="bbox 166 797 1753 869">
     <span class='ocr_line' id='line_1_7' title="bbox 166 797 1753 869; baseline -0.012 -1"><span class='ocrx_word' id='word_1_42' title='bbox 166 825 307 868; x_wconf 84' lang='lat' dir='ltr'><strong>nere</strong></span> <span class='ocrx_word' id='word_1_43' title='bbox 348 803 718 863; x_wconf 89' lang='lat' dir='ltr'><strong>inchoavimus</strong></span> <span class='ocrx_word' id='word_1_44' title='bbox 751 817 767 857; x_wconf 91' lang='lat'><strong>:</strong></span> <span class='ocrx_word' id='word_1_45' title='bbox 797 808 854 857; x_wconf 89' lang='lat' dir='ltr'><strong>et</strong></span> <span class='ocrx_word' id='word_1_46' title='bbox 888 801 945 856; x_wconf 90' lang='lat' dir='ltr'><strong>in</strong></span> <span class='ocrx_word' id='word_1_47' title='bbox 974 799 1144 869; x_wconf 84' lang='lat' dir='ltr'><strong>ipsam</strong></span> <span class='ocrx_word' id='word_1_48' title='bbox 1192 797 1596 861; x_wconf 69' lang='lat' dir='ltr'><strong>bibliothecam,</strong></span> <span class='ocrx_word' id='word_1_49' title='bbox 1633 808 1753 866; x_wconf 61' lang='lat' dir='ltr'><strong>quae</strong></span> 
     </span>
    </p>
   </div>
   <div class='ocr_carea' id='block_1_8' title="bbox 167 885 1751 959">
    <p class='ocr_par' dir='ltr' id='par_1_8' title="bbox 167 885 1751 959">
     <span class='ocr_line' id='line_1_8' title="bbox 167 885 1751 959; baseline -0.012 -3"><span class='ocrx_word' id='word_1_50' title='bbox 167 902 316 957; x_wconf 91' lang='lat' dir='ltr'><strong>sicut</strong></span> <span class='ocrx_word' id='word_1_51' title='bbox 346 911 486 954; x_wconf 91' lang='lat' dir='ltr'><strong>unus</strong></span> <span class='ocrx_word' id='word_1_52' title='bbox 531 895 711 958; x_wconf 92' lang='lat' dir='ltr'><strong>homo,</strong></span> <span class='ocrx_word' id='word_1_53' title='bbox 745 891 821 947; x_wconf 87' lang='lat' dir='ltr'><strong>ita</strong></span> <span class='ocrx_word' id='word_1_54' title='bbox 849 899 951 956; x_wconf 90' lang='lat' dir='ltr'><strong>est,</strong></span> <span class='ocrx_word' id='word_1_55' title='bbox 1002 904 1110 959; x_wconf 92' lang='lat' dir='ltr'><strong>quo</strong></span> <span class='ocrx_word' id='word_1_56' title='bbox 1158 887 1367 944; x_wconf 81' lang='lat' dir='ltr'><strong>facilius</strong></span> <span class='ocrx_word' id='word_1_57' title='bbox 1403 885 1751 956; x_wconf 86' lang='lat' dir='ltr'><strong>intelligatur,</strong></span> 
     </span>
    </p>
   </div>
   <div class='ocr_carea' id='block_1_9' title="bbox 168 978 1751 1057">
    <p class='ocr_par' dir='ltr' id='par_1_9' title="bbox 168 978 1751 1057">
     <span class='ocr_line' id='line_1_9' title="bbox 168 978 1751 1057; baseline -0.011 -8"><span class='ocrx_word' id='word_1_58' title='bbox 168 1006 323 1049; x_wconf 80' lang='lat' dir='ltr'><strong>more</strong></span> <span class='ocrx_word' id='word_1_59' title='bbox 353 988 589 1046; x_wconf 77' lang='lat' dir='ltr'><strong>hominis</strong></span> <span class='ocrx_word' id='word_1_60' title='bbox 615 983 932 1057; x_wconf 89' lang='lat' dir='ltr'><strong>exponenda</strong></span> <span class='ocrx_word' id='word_1_61' title='bbox 974 988 1078 1038; x_wconf 90' lang='lat' dir='ltr'><strong>est.</strong></span> <span class='ocrx_word' id='word_1_62' title='bbox 1101 979 1238 1035; x_wconf 89' lang='lat' dir='ltr'><strong>Nam</strong></span> <span class='ocrx_word' id='word_1_63' title='bbox 1281 978 1372 1033; x_wconf 88' lang='lat' dir='ltr'><strong>illa</strong></span> <span class='ocrx_word' id='word_1_64' title='bbox 1400 978 1607 1048; x_wconf 89' lang='lat' dir='ltr'><strong>integra</strong></span> <span class='ocrx_word' id='word_1_65' title='bbox 1647 984 1751 1043; x_wconf 87' lang='lat' dir='ltr'><strong>est,</strong></span> 
     </span>
    </p>
   </div>
   <div class='ocr_carea' id='block_1_10' title="bbox 167 1065 1757 1146">
    <p class='ocr_par' dir='ltr' id='par_1_10' title="bbox 167 1065 1757 1146">
     <span class='ocr_line' id='line_1_10' title="bbox 167 1065 1757 1146; baseline -0.011 -7"><span class='ocrx_word' id='word_1_66' title='bbox 167 1090 225 1139; x_wconf 89' lang='lat' dir='ltr'><strong>et</strong></span> <span class='ocrx_word' id='word_1_67' title='bbox 259 1083 423 1138; x_wconf 88' lang='lat' dir='ltr'><strong>homo</strong></span> <span class='ocrx_word' id='word_1_68' title='bbox 452 1078 568 1136; x_wconf 82' lang='lat' dir='ltr'><strong>sine</strong></span> <span class='ocrx_word' id='word_1_69' title='bbox 602 1076 693 1132; x_wconf 90' lang='lat' dir='ltr'><strong>illa</strong></span> <span class='ocrx_word' id='word_1_70' title='bbox 724 1075 932 1146; x_wconf 76' lang='lat' dir='ltr'><strong>integer</strong></span> <span class='ocrx_word' id='word_1_71' title='bbox 959 1087 1067 1128; x_wconf 92' lang='lat' dir='ltr'><strong>non</strong></span> <span class='ocrx_word' id='word_1_72' title='bbox 1091 1079 1195 1127; x_wconf 86' lang='lat' dir='ltr'><strong>est.</strong></span> <span class='ocrx_word' id='word_1_73' title='bbox 1220 1069 1287 1126; x_wconf 88' lang='lat' dir='ltr'><strong>Et</strong></span> <span class='ocrx_word' id='word_1_74' title='bbox 1313 1083 1473 1124; x_wconf 92' lang='lat' dir='ltr'><strong>nemo</strong></span> <span class='ocrx_word' id='word_1_75' title='bbox 1507 1069 1574 1122; x_wconf 91' lang='lat' dir='ltr'><strong>ad</strong></span> <span class='ocrx_word' id='word_1_76' title='bbox 1598 1065 1757 1124; x_wconf 88' lang='lat' dir='ltr'><strong>Chri-</strong></span> 
     </span>
    </p>
   </div>
   <div class='ocr_carea' id='block_1_11' title="bbox 169 1159 1755 1239">
    <p class='ocr_par' dir='ltr' id='par_1_11' title="bbox 169 1159 1755 1239">
     <span class='ocr_line' id='line_1_11' title="bbox 169 1159 1755 1239; baseline -0.011 -10"><span class='ocrx_word' id='word_1_77' title='bbox 169 1182 319 1230; x_wconf 83' lang='lat' dir='ltr'><strong>stum</strong></span> <span class='ocrx_word' id='word_1_78' title='bbox 343 1171 460 1228; x_wconf 86' lang='lat' dir='ltr'><strong>sine</strong></span> <span class='ocrx_word' id='word_1_79' title='bbox 487 1169 579 1224; x_wconf 88' lang='lat' dir='ltr'><strong>illa</strong></span> <span class='ocrx_word' id='word_1_80' title='bbox 616 1165 903 1239; x_wconf 91' lang='lat' dir='ltr'><strong>pervenire</strong></span> <span class='ocrx_word' id='word_1_81' title='bbox 927 1169 1126 1234; x_wconf 83' lang='lat' dir='ltr'><strong>potest,</strong></span> <span class='ocrx_word' id='word_1_82' title='bbox 1167 1161 1291 1232; x_wconf 84' lang='lat' dir='ltr'><strong>quia</strong></span> <span class='ocrx_word' id='word_1_83' title='bbox 1319 1161 1432 1230; x_wconf 92' lang='lat' dir='ltr'><strong>ipse</strong></span> <span class='ocrx_word' id='word_1_84' title='bbox 1459 1159 1597 1214; x_wconf 88' lang='lat' dir='ltr'><strong>liber</strong></span> <span class='ocrx_word' id='word_1_85' title='bbox 1628 1173 1755 1229; x_wconf 81' lang='lat' dir='ltr'><strong>per-</strong></span> 
     </span>
    </p>
   </div>
   <div class='ocr_carea' id='block_1_12' title="bbox 171 1247 1758 1325">
    <p class='ocr_par' dir='ltr' id='par_1_12' title="bbox 171 1247 1758 1325">
     <span class='ocr_line' id='line_1_12' title="bbox 171 1247 1758 1325; baseline -0.013 -4"><span class='ocrx_word' id='word_1_86' title='bbox 171 1264 351 1321; x_wconf 79' lang='lat' dir='ltr'><strong>fectus</strong></span> <span class='ocrx_word' id='word_1_87' title='bbox 388 1269 492 1318; x_wconf 88' lang='lat' dir='ltr'><strong>est.</strong></span> <span class='ocrx_word' id='word_1_88' title='bbox 519 1258 763 1315; x_wconf 75' lang='lat' dir='ltr'><strong>Diximus</strong></span> <span class='ocrx_word' id='word_1_89' title='bbox 798 1256 865 1311; x_wconf 89' lang='lat' dir='ltr'><strong>de</strong></span> <span class='ocrx_word' id='word_1_90' title='bbox 894 1268 1121 1325; x_wconf 90' lang='lat' dir='ltr'><strong>corpore</strong></span> <span class='ocrx_word' id='word_1_91' title='bbox 1159 1251 1376 1318; x_wconf 63' lang='lat' dir='ltr'><strong>litteras,</strong></span> <span class='ocrx_word' id='word_1_92' title='bbox 1405 1257 1661 1320; x_wconf 81' lang='lat' dir='ltr'><strong>tanquam</strong></span> <span class='ocrx_word' id='word_1_93' title='bbox 1691 1247 1758 1302; x_wconf 90' lang='lat' dir='ltr'><strong>de</strong></span> 
     </span>
    </p>
   </div>
   <div class='ocr_carea' id='block_1_13' title="bbox 172 1341 1760 1426">
    <p class='ocr_par' dir='ltr' id='par_1_13' title="bbox 172 1341 1760 1426">
     <span class='ocr_line' id='line_1_13' title="bbox 172 1341 1760 1426; baseline -0.011 -14"><span class='ocrx_word' id='word_1_94' title='bbox 172 1369 406 1426; x_wconf 87' lang='lat' dir='ltr'><strong>corpore</strong></span> <span class='ocrx_word' id='word_1_95' title='bbox 434 1350 692 1410; x_wconf 88' lang='lat' dir='ltr'><strong>hominis.</strong></span> <span class='ocrx_word' id='word_1_96' title='bbox 723 1348 968 1404; x_wconf 79' lang='lat' dir='ltr'><strong>Diximus</strong></span> <span class='ocrx_word' id='word_1_97' title='bbox 998 1346 1064 1401; x_wconf 90' lang='lat' dir='ltr'><strong>de</strong></span> <span class='ocrx_word' id='word_1_98' title='bbox 1090 1343 1281 1400; x_wconf 85' lang='lat' dir='ltr'><strong>morali</strong></span> <span class='ocrx_word' id='word_1_99' title='bbox 1322 1343 1566 1406; x_wconf 88' lang='lat' dir='ltr'><strong>scientia,</strong></span> <span class='ocrx_word' id='word_1_100' title='bbox 1598 1341 1652 1396; x_wconf 88' lang='lat' dir='ltr'><strong>id</strong></span> <span class='ocrx_word' id='word_1_101' title='bbox 1675 1346 1760 1395; x_wconf 87' lang='lat' dir='ltr'><strong>est</strong></span> 
     </span>
    </p>
   </div>
   <div class='ocr_carea' id='block_1_14' title="bbox 175 1431 1760 1504">
    <p class='ocr_par' dir='ltr' id='par_1_14' title="bbox 175 1431 1760 1504">
     <span class='ocr_line' id='line_1_14' title="bbox 175 1431 1760 1504; baseline -0.01 0"><span class='ocrx_word' id='word_1_102' title='bbox 175 1447 390 1504; x_wconf 85' lang='lat' dir='ltr'><strong>ratione</strong></span> <span class='ocrx_word' id='word_1_103' title='bbox 409 1458 622 1501; x_wconf 89' lang='lat' dir='ltr'><strong>morum</strong></span> <span class='ocrx_word' id='word_1_104' title='bbox 642 1459 656 1496; x_wconf 91' lang='lat'><strong>:</strong></span> <span class='ocrx_word' id='word_1_105' title='bbox 680 1441 746 1497; x_wconf 89' lang='lat' dir='ltr'><strong>de</strong></span> <span class='ocrx_word' id='word_1_106' title='bbox 766 1437 1009 1495; x_wconf 90' lang='lat' dir='ltr'><strong>interiori</strong></span> <span class='ocrx_word' id='word_1_107' title='bbox 1036 1437 1244 1492; x_wconf 85' lang='lat' dir='ltr'><strong>ratione</strong></span> <span class='ocrx_word' id='word_1_108' title='bbox 1263 1435 1474 1500; x_wconf 61' lang='lat' dir='ltr'><strong>littera},</strong></span> <span class='ocrx_word' id='word_1_109' title='bbox 1497 1447 1594 1503; x_wconf 88' lang='lat' dir='ltr'><strong>per</strong></span> <span class='ocrx_word' id='word_1_110' title='bbox 1617 1431 1760 1502; x_wconf 90' lang='lat' dir='ltr'><strong>quod</strong></span> 
     </span>
    </p>
   </div>
   <div class='ocr_carea' id='block_1_15' title="bbox 173 1530 1116 1610">
    <p class='ocr_par' dir='ltr' id='par_1_15' title="bbox 173 1530 1116 1610">
     <span class='ocr_line' id='line_1_15' title="bbox 173 1530 1116 1610; baseline -0.014 -15"><span class='ocrx_word' id='word_1_111' title='bbox 173 1537 581 1610; x_wconf 84' lang='lat' dir='ltr'><strong>cognoscuntur</strong></span> <span class='ocrx_word' id='word_1_112' title='bbox 610 1546 790 1588; x_wconf 88' lang='lat' dir='ltr'><strong>mores</strong></span> <span class='ocrx_word' id='word_1_113' title='bbox 817 1530 1116 1587; x_wconf 90' lang='lat' dir='ltr'><strong>hominum.</strong></span> 
     </span>
    </p>
   </div>
   <div class='ocr_carea' id='block_1_16' title="bbox 247 1633 1763 1713">
    <p class='ocr_par' dir='ltr' id='par_1_16' title="bbox 247 1633 1763 1713">
     <span class='ocr_line' id='line_1_16' title="bbox 247 1633 1763 1713; baseline -0.012 -7"><span class='ocrx_word' id='word_1_114' title='bbox 247 1648 388 1706; x_wconf 76' lang='lat' dir='ltr'><strong>CIX.</strong></span> <span class='ocrx_word' id='word_1_115' title='bbox 427 1647 681 1704; x_wconf 86' lang='lat' dir='ltr'><strong>Dicamus</strong></span> <span class='ocrx_word' id='word_1_116' title='bbox 724 1644 793 1699; x_wconf 90' lang='lat' dir='ltr'><strong>de</strong></span> <span class='ocrx_word' id='word_1_117' title='bbox 834 1641 1026 1713; x_wconf 87' lang='lat' dir='ltr'><strong>spiritu</strong></span> <span class='ocrx_word' id='word_1_118' title='bbox 1073 1640 1299 1706; x_wconf 62' lang='lat' dir='ltr'><strong>litterae,</strong></span> <span class='ocrx_word' id='word_1_119' title='bbox 1347 1637 1440 1693; x_wconf 85' lang='lat' dir='ltr'><strong>ubi</strong></span> <span class='ocrx_word' id='word_1_120' title='bbox 1491 1633 1763 1701; x_wconf 82' lang='lat' dir='ltr'><strong>invenitur</strong></span> 
     </span>
    </p>
   </div>
   <div class='ocr_carea' id='block_1_17' title="bbox 177 1727 1766 1808">
    <p class='ocr_par' dir='ltr' id='par_1_17' title="bbox 177 1727 1766 1808">
     <span class='ocr_line' id='line_1_17' title="bbox 177 1727 1766 1808; baseline -0.012 -8"><span class='ocrx_word' id='word_1_121' title='bbox 177 1744 347 1808; x_wconf 84' lang='lat' dir='ltr'><strong>Deus,</strong></span> <span class='ocrx_word' id='word_1_122' title='bbox 373 1741 514 1798; x_wconf 82' lang='lat' dir='ltr'><strong>sicut</strong></span> <span class='ocrx_word' id='word_1_123' title='bbox 541 1747 598 1795; x_wconf 87' lang='lat' dir='ltr'><strong>et</strong></span> <span class='ocrx_word' id='word_1_124' title='bbox 621 1737 690 1794; x_wconf 87' lang='lat' dir='ltr'><strong>de</strong></span> <span class='ocrx_word' id='word_1_125' title='bbox 717 1735 910 1806; x_wconf 85' lang='lat' dir='ltr'><strong>spiritu</strong></span> <span class='ocrx_word' id='word_1_126' title='bbox 938 1733 1174 1791; x_wconf 89' lang='lat' dir='ltr'><strong>hominis</strong></span> <span class='ocrx_word' id='word_1_127' title='bbox 1204 1731 1456 1797; x_wconf 82' lang='lat' dir='ltr'><strong>diximus,</strong></span> <span class='ocrx_word' id='word_1_128' title='bbox 1491 1728 1582 1800; x_wconf 92' lang='lat' dir='ltr'><strong>qui</strong></span> <span class='ocrx_word' id='word_1_129' title='bbox 1619 1727 1766 1782; x_wconf 88' lang='lat' dir='ltr'><strong>videt</strong></span> 
     </span>
    </p>
   </div>
   <div class='ocr_carea' id='block_1_18' title="bbox 182 1819 1765 1899">
    <p class='ocr_par' dir='ltr' id='par_1_18' title="bbox 182 1819 1765 1899">
     <span class='ocr_line' id='line_1_18' title="bbox 182 1819 1765 1899; baseline -0.011 -8"><span class='ocrx_word' id='word_1_130' title='bbox 182 1834 376 1891; x_wconf 84' lang='lat' dir='ltr'><strong>Detuu.</strong></span> <span class='ocrx_word' id='word_1_131' title='bbox 404 1831 531 1887; x_wconf 58' lang='lat' dir='ltr'><strong>Habe</strong></span> <span class='ocrx_word' id='word_1_132' title='bbox 557 1828 737 1887; x_wconf 85' lang='lat' dir='ltr'><strong>omnia</strong></span> <span class='ocrx_word' id='word_1_133' title='bbox 763 1841 886 1899; x_wconf 70' lang='lat' dir='ltr'><strong>qua:</strong></span> <span class='ocrx_word' id='word_1_134' title='bbox 909 1841 1071 1897; x_wconf 88' lang='lat' dir='ltr'><strong>supra</strong></span> <span class='ocrx_word' id='word_1_135' title='bbox 1096 1824 1346 1887; x_wconf 82' lang='lat' dir='ltr'><strong>diximus,</strong></span> <span class='ocrx_word' id='word_1_136' title='bbox 1377 1822 1490 1877; x_wconf 86' lang='lat' dir='ltr'><strong>sive</strong></span> <span class='ocrx_word' id='word_1_137' title='bbox 1529 1835 1650 1891; x_wconf 84' lang='lat' dir='ltr'><strong>quae</strong></span> <span class='ocrx_word' id='word_1_138' title='bbox 1683 1819 1765 1874; x_wconf 90' lang='lat' dir='ltr'><strong>di-</strong></span> 
     </span>
    </p>
   </div>
   <div class='ocr_carea' id='block_1_19' title="bbox 182 1911 1760 1989">
    <p class='ocr_par' dir='ltr' id='par_1_19' title="bbox 182 1911 1760 1989">
     <span class='ocr_line' id='line_1_19' title="bbox 182 1911 1760 1989; baseline -0.011 -7"><span class='ocrx_word' id='word_1_139' title='bbox 182 1940 312 1983; x_wconf 88' lang='lat' dir='ltr'><strong>cere</strong></span> <span class='ocrx_word' id='word_1_140' title='bbox 359 1924 652 1989; x_wconf 83' lang='lat' dir='ltr'><strong>habemus,</strong></span> <span class='ocrx_word' id='word_1_141' title='bbox 685 1929 797 1975; x_wconf 92' lang='lat' dir='ltr'><strong>tam</strong></span> <span class='ocrx_word' id='word_1_142' title='bbox 835 1915 1044 1975; x_wconf 81' lang='lat' dir='ltr'><strong>Veteris</strong></span> <span class='ocrx_word' id='word_1_143' title='bbox 1090 1931 1252 1986; x_wconf 90' lang='lat' dir='ltr'><strong>quam</strong></span> <span class='ocrx_word' id='word_1_144' title='bbox 1300 1913 1435 1969; x_wconf 82' lang='lat' dir='ltr'><strong>Novi</strong></span> <span class='ocrx_word' id='word_1_145' title='bbox 1482 1911 1760 1982; x_wconf 88' lang='lat' dir='ltr'><strong>Scriptura</strong></span> 
     </span>
    </p>
   </div>
   <div class='ocr_carea' id='block_1_20' title="bbox 182 2001 1765 2083">
    <p class='ocr_par' dir='ltr' id='par_1_20' title="bbox 182 2001 1765 2083">
     <span class='ocr_line' id='line_1_20' title="bbox 182 2001 1765 2083; baseline -0.011 -8"><span class='ocrx_word' id='word_1_146' title='bbox 182 2016 540 2083; x_wconf 83' lang='lat' dir='ltr'><strong>Testamenti,</strong></span> <span class='ocrx_word' id='word_1_147' title='bbox 563 2015 633 2070; x_wconf 85' lang='lat' dir='ltr'><strong>ad</strong></span> <span class='ocrx_word' id='word_1_148' title='bbox 657 2013 987 2070; x_wconf 89' lang='lat' dir='ltr'><strong>intellectum</strong></span> <span class='ocrx_word' id='word_1_149' title='bbox 1012 2009 1358 2080; x_wconf 88' lang='lat' dir='ltr'><strong>allegoricum</strong></span> <span class='ocrx_word' id='word_1_150' title='bbox 1389 2001 1765 2076; x_wconf 83' lang='lat' dir='ltr'><strong>accipiendum</strong></span> 
     </span>
    </p>
   </div>
   <div class='ocr_carea' id='block_1_21' title="bbox 184 2096 1765 2174">
    <p class='ocr_par' dir='ltr' id='par_1_21' title="bbox 184 2096 1765 2174">
     <span class='ocr_line' id='line_1_21' title="bbox 184 2096 1765 2174; baseline -0.009 -8"><span class='ocrx_word' id='word_1_151' title='bbox 184 2110 441 2166; x_wconf 81' lang='lat' dir='ltr'><strong>admonet</strong></span> <span class='ocrx_word' id='word_1_152' title='bbox 466 2122 570 2164; x_wconf 87' lang='lat' dir='ltr'><strong>nos</strong></span> <span class='ocrx_word' id='word_1_153' title='bbox 589 2105 676 2162; x_wconf 87' lang='lat' dir='ltr'><strong>vel</strong></span> <span class='ocrx_word' id='word_1_154' title='bbox 707 2104 841 2160; x_wconf 87' lang='lat' dir='ltr'><strong>illud</strong></span> <span class='ocrx_word' id='word_1_155' title='bbox 864 2104 1008 2174; x_wconf 91' lang='lat' dir='ltr'><strong>quod</strong></span> <span class='ocrx_word' id='word_1_156' title='bbox 1030 2103 1087 2157; x_wconf 93' lang='lat' dir='ltr'><strong>in</strong></span> <span class='ocrx_word' id='word_1_157' title='bbox 1112 2101 1294 2158; x_wconf 78' lang='lat' dir='ltr'><strong>Veteri</strong></span> <span class='ocrx_word' id='word_1_158' title='bbox 1317 2099 1662 2155; x_wconf 88' lang='lat' dir='ltr'><strong>Testamento</strong></span> <span class='ocrx_word' id='word_1_159' title='bbox 1688 2096 1765 2152; x_wconf 85' lang='lat' dir='ltr'><strong>le-</strong></span> 
     </span>
    </p>
   </div>
   <div class='ocr_carea' id='block_1_22' title="bbox 183 2188 1762 2274">
    <p class='ocr_par' dir='ltr' id='par_1_22' title="bbox 183 2188 1762 2274">
     <span class='ocr_line' id='line_1_22' title="bbox 183 2188 1762 2274; baseline -0.01 -16"><span class='ocrx_word' id='word_1_160' title='bbox 183 2203 368 2274; x_wconf 85' lang='lat' dir='ltr'><strong>gimus</strong></span> <span class='ocrx_word' id='word_1_161' title='bbox 394 2219 410 2256; x_wconf 92' lang='lat'><strong>:</strong></span> <span class='ocrx_word' id='word_1_162' title='bbox 443 2200 683 2272; x_wconf 80' lang='lat' dir='ltr'><strong>Aperiam</strong></span> <span class='ocrx_word' id='word_1_163' title='bbox 717 2198 773 2252; x_wconf 88' lang='lat' dir='ltr'><strong>in</strong></span> <span class='ocrx_word' id='word_1_164' title='bbox 796 2193 1060 2268; x_wconf 73' lang='lat' dir='ltr'><strong>parabolis</strong></span> <span class='ocrx_word' id='word_1_165' title='bbox 1087 2209 1144 2248; x_wconf 91' lang='lat' dir='ltr'><strong>os</strong></span> <span class='ocrx_word' id='word_1_166' title='bbox 1172 2207 1344 2247; x_wconf 88' lang='lat' dir='ltr'><strong>meum</strong></span> <span class='ocrx_word' id='word_1_167' title='bbox 1379 2209 1398 2245; x_wconf 89' lang='lat'><strong><em>:</em></strong></span> <span class='ocrx_word' id='word_1_168' title='bbox 1422 2189 1608 2262; x_wconf 89' lang='lat' dir='ltr'><strong>loquar</strong></span> <span class='ocrx_word' id='word_1_169' title='bbox 1630 2188 1762 2242; x_wconf 76' lang='lat' dir='ltr'><strong>teni-</strong></span> 
     </span>
    </p>
   </div>
   <div class='ocr_carea' id='block_1_23' title="bbox 184 2278 1765 2365">
    <p class='ocr_par' dir='ltr' id='par_1_23' title="bbox 184 2278 1765 2365">
     <span class='ocr_line' id='line_1_23' title="bbox 184 2278 1765 2365; baseline -0.009 -17"><span class='ocrx_word' id='word_1_170' title='bbox 184 2303 372 2365; x_wconf 79' lang='lat' dir='ltr'><strong>gmata</strong></span> <span class='ocrx_word' id='word_1_171' title='bbox 419 2293 630 2362; x_wconf 82' lang='lat' dir='ltr'><strong>antiqua</strong></span> <span class='ocrx_word' id='word_1_172' title='bbox 685 2287 860 2361; x_wconf 80' lang='lat' dir='ltr'><strong>(Psal.</strong></span> <span class='ocrx_word' id='word_1_173' title='bbox 889 2301 1093 2353; x_wconf 77' lang='lat' dir='ltr'><strong>Lxxvn,</strong></span> <span class='ocrx_word' id='word_1_174' title='bbox 1127 2284 1206 2356; x_wconf 73' lang='grc'><strong>2).</strong></span> <span class='ocrx_word' id='word_1_175' title='bbox 1237 2282 1334 2340; x_wconf 88' lang='lat' dir='ltr'><strong>Vel</strong></span> <span class='ocrx_word' id='word_1_176' title='bbox 1375 2281 1505 2338; x_wconf 90' lang='lat' dir='ltr'><strong>illud</strong></span> <span class='ocrx_word' id='word_1_177' title='bbox 1537 2280 1680 2350; x_wconf 89' lang='lat' dir='ltr'><strong>quod</strong></span> <span class='ocrx_word' id='word_1_178' title='bbox 1707 2278 1765 2334; x_wconf 90' lang='lat' dir='ltr'><strong>in</strong></span> 
     </span>
    </p>
   </div>
   <div class='ocr_carea' id='block_1_24' title="bbox 185 2373 1766 2448">
    <p class='ocr_par' dir='ltr' id='par_1_24' title="bbox 185 2373 1766 2448">
     <span class='ocr_line' id='line_1_24' title="bbox 185 2373 1766 2448; baseline -0.01 -6"><span class='ocrx_word' id='word_1_179' title='bbox 185 2385 345 2442; x_wconf 81' lang='lat' dir='ltr'><strong>Novo</strong></span> <span class='ocrx_word' id='word_1_180' title='bbox 369 2385 708 2442; x_wconf 87' lang='lat' dir='ltr'><strong>Testamento</strong></span> <span class='ocrx_word' id='word_1_181' title='bbox 751 2381 1030 2448; x_wconf 88' lang='lat' dir='ltr'><strong>scribitur,</strong></span> <span class='ocrx_word' id='word_1_182' title='bbox 1073 2393 1196 2436; x_wconf 91' lang='lat' dir='ltr'><strong>cum</strong></span> <span class='ocrx_word' id='word_1_183' title='bbox 1217 2377 1348 2433; x_wconf 89' lang='lat' dir='ltr'><strong>dicit</strong></span> <span class='ocrx_word' id='word_1_184' title='bbox 1382 2391 1398 2432; x_wconf 90' lang='lat'><strong>:</strong></span> <span class='ocrx_word' id='word_1_185' title='bbox 1432 2374 1560 2430; x_wconf 67' lang='lat' dir='ltr'><strong>Haec</strong></span> <span class='ocrx_word' id='word_1_186' title='bbox 1589 2373 1766 2430; x_wconf 82' lang='lat' dir='ltr'><strong>omnia</strong></span> 
     </span>
    </p>
   </div>
   <div class='ocr_carea' id='block_1_25' title="bbox 186 2467 1768 2544">
    <p class='ocr_par' dir='ltr' id='par_1_25' title="bbox 186 2467 1768 2544">
     <span class='ocr_line' id='line_1_25' title="bbox 186 2467 1768 2544; baseline -0.008 -14"><span class='ocrx_word' id='word_1_187' title='bbox 186 2476 398 2532; x_wconf 73' lang='lat' dir='ltr'><strong>locutus</strong></span> <span class='ocrx_word' id='word_1_188' title='bbox 427 2483 502 2530; x_wconf 86' lang='lat' dir='ltr'><strong>est</strong></span> <span class='ocrx_word' id='word_1_189' title='bbox 525 2474 678 2530; x_wconf 86' lang='lat' dir='ltr'><strong>Jesus</strong></span> <span class='ocrx_word' id='word_1_190' title='bbox 699 2475 757 2528; x_wconf 89' lang='lat' dir='ltr'><strong>in</strong></span> <span class='ocrx_word' id='word_1_191' title='bbox 778 2470 1042 2544; x_wconf 78' lang='lat' dir='ltr'><strong>parabolis</strong></span> <span class='ocrx_word' id='word_1_192' title='bbox 1063 2469 1131 2525; x_wconf 90' lang='lat' dir='ltr'><strong>ad</strong></span> <span class='ocrx_word' id='word_1_193' title='bbox 1153 2468 1332 2523; x_wconf 79' lang='lat' dir='ltr'><strong>turbas</strong></span> <span class='ocrx_word' id='word_1_194' title='bbox 1360 2483 1378 2523; x_wconf 89' lang='lat'><strong><em>:</em></strong></span> <span class='ocrx_word' id='word_1_195' title='bbox 1401 2475 1449 2522; x_wconf 87' lang='lat' dir='ltr'><strong>et</strong></span> <span class='ocrx_word' id='word_1_196' title='bbox 1473 2467 1585 2521; x_wconf 90' lang='lat' dir='ltr'><strong>sine</strong></span> <span class='ocrx_word' id='word_1_197' title='bbox 1608 2480 1768 2536; x_wconf 87' lang='lat' dir='ltr'><strong>para-</strong></span> 
     </span>
    </p>
   </div>
   <div class='ocr_carea' id='block_1_26' title="bbox 189 2556 1768 2637">
    <p class='ocr_par' dir='ltr' id='par_1_26' title="bbox 189 2556 1768 2637">
     <span class='ocr_line' id='line_1_26' title="bbox 189 2556 1768 2637; baseline -0.008 -16"><span class='ocrx_word' id='word_1_198' title='bbox 189 2565 322 2621; x_wconf 81' lang='lat' dir='ltr'><strong>bolis</strong></span> <span class='ocrx_word' id='word_1_199' title='bbox 359 2583 465 2622; x_wconf 84' lang='lat' dir='ltr'><strong>non</strong></span> <span class='ocrx_word' id='word_1_200' title='bbox 497 2564 801 2637; x_wconf 78' lang='lat' dir='ltr'><strong>loquebatur</strong></span> <span class='ocrx_word' id='word_1_201' title='bbox 833 2563 910 2618; x_wconf 87' lang='lat' dir='ltr'><strong>eis</strong></span> <span class='ocrx_word' id='word_1_202' title='bbox 945 2560 1160 2634; x_wconf 75' lang='lat' dir='ltr'><strong>(Matth.</strong></span> <span class='ocrx_word' id='word_1_203' title='bbox 1206 2574 1356 2624; x_wconf 77' lang='lat' dir='ltr'><strong>xxiv,</strong></span> <span class='ocrx_word' id='word_1_204' title='bbox 1379 2556 1494 2629; x_wconf 65' lang='grc'><strong>5-4).</strong></span> <span class='ocrx_word' id='word_1_205' title='bbox 1521 2557 1579 2612; x_wconf 84' lang='grc' dir='ltr'>Ιιι</span> <span class='ocrx_word' id='word_1_206' title='bbox 1611 2569 1768 2626; x_wconf 92' lang='lat' dir='ltr'><strong>para-</strong></span> 
     </span>
    </p>
   </div>
   <div class='ocr_carea' id='block_1_27' title="bbox 189 2648 1769 2724">
    <p class='ocr_par' dir='ltr' id='par_1_27' title="bbox 189 2648 1769 2724">
     <span class='ocr_line' id='line_1_27' title="bbox 189 2648 1769 2724; baseline -0.008 -10"><span class='ocrx_word' id='word_1_207' title='bbox 189 2657 333 2715; x_wconf 88' lang='lat' dir='ltr'><strong>bolis</strong></span> <span class='ocrx_word' id='word_1_208' title='bbox 353 2657 498 2713; x_wconf 89' lang='lat' dir='ltr'><strong>enim</strong></span> <span class='ocrx_word' id='word_1_209' title='bbox 521 2664 576 2712; x_wconf 90' lang='lat' dir='ltr'><strong>et</strong></span> <span class='ocrx_word' id='word_1_210' title='bbox 601 2657 883 2713; x_wconf 85' lang='lat' dir='ltr'><strong>credentes</strong></span> <span class='ocrx_word' id='word_1_211' title='bbox 923 2651 1213 2724; x_wconf 88' lang='lat' dir='ltr'><strong>discipulos</strong></span> <span class='ocrx_word' id='word_1_212' title='bbox 1238 2651 1486 2714; x_wconf 87' lang='lat' dir='ltr'><strong>docebat,</strong></span> <span class='ocrx_word' id='word_1_213' title='bbox 1512 2656 1568 2704; x_wconf 90' lang='lat' dir='ltr'><strong>et</strong></span> <span class='ocrx_word' id='word_1_214' title='bbox 1591 2648 1769 2703; x_wconf 90' lang='lat' dir='ltr'><strong>incre-</strong></span> 
     </span>
    </p>
   </div>
   <div class='ocr_carea' id='block_1_28' title="bbox 190 2738 1767 2806">
    <p class='ocr_par' dir='ltr' id='par_1_28' title="bbox 190 2738 1767 2806">
     <span class='ocr_line' id='line_1_28' title="bbox 190 2738 1767 2806; baseline -0.01 0"><span class='ocrx_word' id='word_1_215' title='bbox 190 2748 348 2806; x_wconf 87' lang='lat' dir='ltr'><strong>dulos</strong></span> <span class='ocrx_word' id='word_1_216' title='bbox 375 2746 710 2803; x_wconf 86' lang='lat' dir='ltr'><strong>adversarios</strong></span> <span class='ocrx_word' id='word_1_217' title='bbox 751 2745 1123 2802; x_wconf 88' lang='lat' dir='ltr'><strong>convincebat.</strong></span> <span class='ocrx_word' id='word_1_218' title='bbox 1150 2741 1286 2796; x_wconf 85' lang='lat' dir='ltr'><strong>Nam</strong></span> <span class='ocrx_word' id='word_1_219' title='bbox 1327 2755 1505 2798; x_wconf 89' lang='lat' dir='ltr'><strong>sermo</strong></span> <span class='ocrx_word' id='word_1_220' title='bbox 1533 2738 1767 2803; x_wconf 89' lang='lat' dir='ltr'><strong>divinus,</strong></span> 
     </span>
    </p>
   </div>
   <div class='ocr_carea' id='block_1_29' title="bbox 192 2831 1771 2912">
    <p class='ocr_par' dir='ltr' id='par_1_29' title="bbox 192 2831 1771 2912">
     <span class='ocr_line' id='line_1_29' title="bbox 192 2831 1771 2912; baseline -0.01 -15"><span class='ocrx_word' id='word_1_221' title='bbox 192 2841 250 2897; x_wconf 88' lang='lat' dir='ltr'><strong>id</strong></span> <span class='ocrx_word' id='word_1_222' title='bbox 273 2849 357 2896; x_wconf 83' lang='lat' dir='ltr'><strong>est</strong></span> <span class='ocrx_word' id='word_1_223' title='bbox 378 2840 768 2912; x_wconf 88' lang='lat' dir='ltr'><strong>prophetarum</strong></span> <span class='ocrx_word' id='word_1_224' title='bbox 794 2845 850 2892; x_wconf 90' lang='lat' dir='ltr'><strong>et</strong></span> <span class='ocrx_word' id='word_1_225' title='bbox 869 2834 1255 2906; x_wconf 88' lang='lat' dir='ltr'><strong>apostolorum,</strong></span> <span class='ocrx_word' id='word_1_226' title='bbox 1280 2832 1442 2887; x_wconf 86' lang='lat' dir='ltr'><strong>talem</strong></span> <span class='ocrx_word' id='word_1_227' title='bbox 1462 2831 1625 2886; x_wconf 89' lang='lat' dir='ltr'><strong>habet</strong></span> <span class='ocrx_word' id='word_1_228' title='bbox 1642 2842 1771 2883; x_wconf 91' lang='lat' dir='ltr'><strong>con-</strong></span> 
     </span>
    </p>
   </div>
   <div class='ocr_carea' id='block_1_30' title="bbox 194 2919 1772 3000">
    <p class='ocr_par' dir='ltr' id='par_1_30' title="bbox 194 2919 1772 3000">
     <span class='ocr_line' id='line_1_30' title="bbox 194 2919 1772 3000; baseline -0.008 -13"><span class='ocrx_word' id='word_1_229' title='bbox 194 2932 534 2988; x_wconf 80' lang='lat' dir='ltr'><strong>suetudinem</strong></span> <span class='ocrx_word' id='word_1_230' title='bbox 557 2938 621 2984; x_wconf 90' lang='lat' dir='ltr'><strong>ut</strong></span> <span class='ocrx_word' id='word_1_231' title='bbox 663 2929 754 2984; x_wconf 91' lang='lat' dir='ltr'><strong>illa</strong></span> <span class='ocrx_word' id='word_1_232' title='bbox 781 2943 903 3000; x_wconf 73' lang='lat' dir='ltr'><strong>qua:</strong></span> <span class='ocrx_word' id='word_1_233' title='bbox 923 2927 1051 2981; x_wconf 88' lang='lat' dir='ltr'><strong>vilia</strong></span> <span class='ocrx_word' id='word_1_234' title='bbox 1078 2932 1202 2981; x_wconf 88' lang='lat' dir='ltr'><strong>sunt</strong></span> <span class='ocrx_word' id='word_1_235' title='bbox 1229 2931 1283 2980; x_wconf 91' lang='lat' dir='ltr'><strong>et</strong></span> <span class='ocrx_word' id='word_1_236' title='bbox 1305 2921 1544 2979; x_wconf 85' lang='lat' dir='ltr'><strong>carnalia</strong></span> <span class='ocrx_word' id='word_1_237' title='bbox 1573 2919 1772 2976; x_wconf 80' lang='lat' dir='ltr'><strong>deforis</strong></span> 
     </span>
    </p>
   </div>
   <div class='ocr_carea' id='block_1_31' title="bbox 190 3007 1769 3086">
    <p class='ocr_par' dir='ltr' id='par_1_31' title="bbox 190 3007 1769 3086">
     <span class='ocr_line' id='line_1_31' title="bbox 190 3007 1769 3086; baseline -0.01 -10"><span class='ocrx_word' id='word_1_238' title='bbox 190 3019 464 3086; x_wconf 87' lang='lat' dir='ltr'><strong>ostendat,</strong></span> <span class='ocrx_word' id='word_1_239' title='bbox 497 3026 560 3074; x_wconf 84' lang='lat' dir='ltr'><strong>ut</strong></span> <span class='ocrx_word' id='word_1_240' title='bbox 600 3031 810 3082; x_wconf 90' lang='lat' dir='ltr'><strong>omnes,</strong></span> <span class='ocrx_word' id='word_1_241' title='bbox 855 3023 965 3069; x_wconf 89' lang='lat' dir='ltr'><strong>tam</strong></span> <span class='ocrx_word' id='word_1_242' title='bbox 993 3013 1233 3070; x_wconf 84' lang='lat' dir='ltr'><strong>carnales</strong></span> <span class='ocrx_word' id='word_1_243' title='bbox 1255 3027 1415 3081; x_wconf 89' lang='lat' dir='ltr'><strong>quam</strong></span> <span class='ocrx_word' id='word_1_244' title='bbox 1443 3007 1769 3080; x_wconf 90' lang='lat' dir='ltr'><strong>spirituales,</strong></span> 
     </span>
    </p>
   </div>
   <div class='ocr_carea' id='block_1_32' title="bbox 191 3098 1773 3183">
    <p class='ocr_par' dir='ltr' id='par_1_32' title="bbox 191 3098 1773 3183">
     <span class='ocr_line' id='line_1_32' title="bbox 191 3098 1773 3183; baseline -0.009 -16"><span class='ocrx_word' id='word_1_245' title='bbox 191 3113 289 3183; x_wconf 88' lang='lat' dir='ltr'><strong>qui</strong></span> <span class='ocrx_word' id='word_1_246' title='bbox 315 3109 546 3182; x_wconf 75' lang='lat' dir='ltr'><strong>legerint</strong></span> <span class='ocrx_word' id='word_1_247' title='bbox 563 3109 651 3165; x_wconf 92' lang='lat' dir='ltr'><strong>vel</strong></span> <span class='ocrx_word' id='word_1_248' title='bbox 677 3106 964 3170; x_wconf 90' lang='lat' dir='ltr'><strong>audierint,</strong></span> <span class='ocrx_word' id='word_1_249' title='bbox 993 3105 1048 3160; x_wconf 91' lang='lat' dir='ltr'><strong>in</strong></span> <span class='ocrx_word' id='word_1_250' title='bbox 1070 3103 1229 3174; x_wconf 90' lang='lat' dir='ltr'><strong>plano</strong></span> <span class='ocrx_word' id='word_1_251' title='bbox 1249 3103 1502 3158; x_wconf 86' lang='lat' dir='ltr'><strong>habeant.</strong></span> <span class='ocrx_word' id='word_1_252' title='bbox 1532 3098 1624 3154; x_wconf 90' lang='lat' dir='ltr'><strong>Illa</strong></span> <span class='ocrx_word' id='word_1_253' title='bbox 1645 3111 1773 3152; x_wconf 89' lang='lat' dir='ltr'><strong>vero</strong></span> 
     </span>
    </p>
   </div>
   <div class='ocr_carea' id='block_1_33' title="bbox 193 3188 1771 3276">
    <p class='ocr_par' dir='ltr' id='par_1_33' title="bbox 193 3188 1771 3276">
     <span class='ocr_line' id='line_1_33' title="bbox 193 3188 1771 3276; baseline -0.014 -13"><span class='ocrx_word' id='word_1_254' title='bbox 193 3219 318 3276; x_wconf 65' lang='lat' dir='ltr'><strong>quae</strong></span> <span class='ocrx_word' id='word_1_255' title='bbox 339 3199 640 3272; x_wconf 84' lang='lat' dir='ltr'><strong>spiritualia</strong></span> <span class='ocrx_word' id='word_1_256' title='bbox 666 3207 792 3256; x_wconf 89' lang='lat' dir='ltr'><strong>sunt</strong></span> <span class='ocrx_word' id='word_1_257' title='bbox 811 3205 868 3254; x_wconf 89' lang='lat' dir='ltr'><strong>et</strong></span> <span class='ocrx_word' id='word_1_258' title='bbox 892 3196 1156 3270; x_wconf 81' lang='lat' dir='ltr'><strong>speciosa,</strong></span> <span class='ocrx_word' id='word_1_259' title='bbox 1183 3193 1327 3249; x_wconf 91' lang='lat' dir='ltr'><strong>intus</strong></span> <span class='ocrx_word' id='word_1_260' title='bbox 1351 3192 1573 3257; x_wconf 87' lang='lat' dir='ltr'><strong>lateant,</strong></span> <span class='ocrx_word' id='word_1_261' title='bbox 1591 3205 1660 3246; x_wconf 90' lang='lat' dir='ltr'><strong>ne</strong></span> <span class='ocrx_word' id='word_1_262' title='bbox 1681 3188 1771 3243; x_wconf 91' lang='lat' dir='ltr'><strong>illa</strong></span> 
     </span>
    </p>
   </div>
   <div class='ocr_carea' id='block_1_34' title="bbox 193 3280 1778 3362">
    <p class='ocr_par' dir='ltr' id='par_1_34' title="bbox 193 3280 1778 3362">
     <span class='ocr_line' id='line_1_34' title="bbox 193 3280 1778 3362; baseline -0.01 -12"><span class='ocrx_word' id='word_1_263' title='bbox 193 3293 500 3352; x_wconf 73' lang='lat' dir='ltr'><strong>cmlestium</strong></span> <span class='ocrx_word' id='word_1_264' title='bbox 513 3289 954 3362; x_wconf 89' lang='lat' dir='ltr'><strong>archangelorum</strong></span> <span class='ocrx_word' id='word_1_265' title='bbox 971 3285 1203 3357; x_wconf 85' lang='lat' dir='ltr'><strong>dignitas</strong></span> <span class='ocrx_word' id='word_1_266' title='bbox 1221 3283 1470 3338; x_wconf 91' lang='lat' dir='ltr'><strong>omnibus</strong></span> <span class='ocrx_word' id='word_1_267' title='bbox 1489 3280 1778 3336; x_wconf 85' lang='lat' dir='ltr'><strong>indiscrete</strong></span> 
     </span>
    </p>
   </div>
   <div class='ocr_carea' id='block_1_35' title="bbox 193 3369 1775 3456">
    <p class='ocr_par' dir='ltr' id='par_1_35' title="bbox 193 3369 1775 3456">
     <span class='ocr_line' id='line_1_35' title="bbox 193 3369 1775 3456; baseline -0.011 -17"><span class='ocrx_word' id='word_1_268' title='bbox 193 3390 430 3456; x_wconf 89' lang='lat' dir='ltr'><strong>pateret,</strong></span> <span class='ocrx_word' id='word_1_269' title='bbox 451 3389 508 3437; x_wconf 88' lang='lat' dir='ltr'><strong>et</strong></span> <span class='ocrx_word' id='word_1_270' title='bbox 531 3387 776 3434; x_wconf 89' lang='lat' dir='ltr'><strong>sanctum</strong></span> <span class='ocrx_word' id='word_1_271' title='bbox 795 3376 1036 3439; x_wconf 88' lang='lat' dir='ltr'><strong>canibus,</strong></span> <span class='ocrx_word' id='word_1_272' title='bbox 1060 3381 1116 3429; x_wconf 90' lang='lat' dir='ltr'><strong>et</strong></span> <span class='ocrx_word' id='word_1_273' title='bbox 1141 3372 1460 3443; x_wconf 78' lang='lat' dir='ltr'><strong>margaritas</strong></span> <span class='ocrx_word' id='word_1_274' title='bbox 1476 3369 1657 3440; x_wconf 90' lang='lat' dir='ltr'><strong>porcis</strong></span> <span class='ocrx_word' id='word_1_275' title='bbox 1679 3384 1775 3424; x_wconf 85' lang='lat' dir='ltr'><strong>ex-</strong></span> 
     </span>
    </p>
   </div>
   <div class='ocr_carea' id='block_1_36' title="bbox 193 3457 1777 3545">
    <p class='ocr_par' dir='ltr' id='par_1_36' title="bbox 193 3457 1777 3545">
     <span class='ocr_line' id='line_1_36' title="bbox 193 3457 1777 3545; baseline -0.011 -15"><span class='ocrx_word' id='word_1_276' title='bbox 193 3479 442 3545; x_wconf 88' lang='lat' dir='ltr'><strong>poneret.</strong></span> <span class='ocrx_word' id='word_1_277' title='bbox 460 3472 529 3527; x_wconf 85' lang='lat' dir='ltr'><strong>Et</strong></span> <span class='ocrx_word' id='word_1_278' title='bbox 547 3470 674 3542; x_wconf 89' lang='lat' dir='ltr'><strong>quia</strong></span> <span class='ocrx_word' id='word_1_279' title='bbox 695 3467 934 3524; x_wconf 81' lang='lat' dir='ltr'><strong>exterior</strong></span> <span class='ocrx_word' id='word_1_280' title='bbox 954 3466 1156 3531; x_wconf 88' lang='lat' dir='ltr'><strong>littera,</strong></span> <span class='ocrx_word' id='word_1_281' title='bbox 1179 3463 1235 3519; x_wconf 87' lang='lat' dir='ltr'><strong>id</strong></span> <span class='ocrx_word' id='word_1_282' title='bbox 1253 3470 1338 3518; x_wconf 91' lang='lat' dir='ltr'><strong>est</strong></span> <span class='ocrx_word' id='word_1_283' title='bbox 1361 3459 1609 3527; x_wconf 86' lang='lat' dir='ltr'><strong>historia,</strong></span> <span class='ocrx_word' id='word_1_284' title='bbox 1633 3457 1777 3529; x_wconf 89' lang='lat' dir='ltr'><strong>quod</strong></span> 
     </span>
    </p>
   </div>
   <div class='ocr_carea' id='block_1_37' title="bbox 192 3552 1779 3634">
    <p class='ocr_par' dir='ltr' id='par_1_37' title="bbox 192 3552 1779 3634">
     <span class='ocr_line' id='line_1_37' title="bbox 192 3552 1779 3634; baseline -0.01 -13"><span class='ocrx_word' id='word_1_285' title='bbox 192 3575 283 3622; x_wconf 84' lang='lat' dir='ltr'><strong>est.</strong></span> <span class='ocrx_word' id='word_1_286' title='bbox 314 3564 650 3634; x_wconf 86' lang='lat' dir='ltr'><strong>eloquentia,</strong></span> <span class='ocrx_word' id='word_1_287' title='bbox 680 3561 890 3631; x_wconf 76' lang='lat' dir='ltr'><strong>argenti</strong></span> <span class='ocrx_word' id='word_1_288' title='bbox 937 3572 1131 3614; x_wconf 89' lang='lat' dir='ltr'><strong>nomen</strong></span> <span class='ocrx_word' id='word_1_289' title='bbox 1174 3557 1581 3624; x_wconf 87' lang='lat' dir='ltr'><strong>interpretatur,</strong></span> <span class='ocrx_word' id='word_1_290' title='bbox 1607 3560 1662 3608; x_wconf 89' lang='lat' dir='ltr'><strong>et</strong></span> <span class='ocrx_word' id='word_1_291' title='bbox 1698 3552 1779 3606; x_wconf 83' lang='lat' dir='ltr'><strong>in-</strong></span> 
     </span>
    </p>
   </div>
   <div class='ocr_carea' id='block_1_38' title="bbox 198 3647 1778 3728">
    <p class='ocr_par' dir='ltr' id='par_1_38' title="bbox 198 3647 1778 3728">
     <span class='ocr_line' id='line_1_38' title="bbox 198 3647 1778 3728; baseline -0.011 -13"><span class='ocrx_word' id='word_1_292' title='bbox 198 3658 493 3728; x_wconf 87' lang='lat' dir='ltr'><strong>telligentia</strong></span> <span class='ocrx_word' id='word_1_293' title='bbox 512 3655 809 3728; x_wconf 88' lang='lat' dir='ltr'><strong>spiritualis</strong></span> <span class='ocrx_word' id='word_1_294' title='bbox 829 3652 949 3708; x_wconf 86' lang='lat' dir='ltr'><strong>auri</strong></span> <span class='ocrx_word' id='word_1_295' title='bbox 972 3651 1191 3708; x_wconf 86' lang='lat' dir='ltr'><strong>nomine</strong></span> <span class='ocrx_word' id='word_1_296' title='bbox 1211 3647 1545 3719; x_wconf 84' lang='lat' dir='ltr'><strong>intelligitur,</strong></span> <span class='ocrx_word' id='word_1_297' title='bbox 1564 3653 1618 3701; x_wconf 88' lang='lat' dir='ltr'><strong>et</strong></span> <span class='ocrx_word' id='word_1_298' title='bbox 1641 3658 1778 3700; x_wconf 90' lang='lat' dir='ltr'><strong>unus</strong></span> 
     </span>
    </p>
   </div>
   <div class='ocr_carea' id='block_1_39' title="bbox 197 3736 1779 3822">
    <p class='ocr_par' dir='ltr' id='par_1_39' title="bbox 197 3736 1779 3822">
     <span class='ocr_line' id='line_1_39' title="bbox 197 3736 1779 3822; baseline -0.008 -17"><span class='ocrx_word' id='word_1_299' title='bbox 197 3751 441 3822; x_wconf 86' lang='lat' dir='ltr'><strong>Spiritus</strong></span> <span class='ocrx_word' id='word_1_300' title='bbox 471 3756 690 3805; x_wconf 91' lang='lat' dir='ltr'><strong>sanctus</strong></span> <span class='ocrx_word' id='word_1_301' title='bbox 716 3753 976 3815; x_wconf 87' lang='lat' dir='ltr'><strong>utrasque</strong></span> <span class='ocrx_word' id='word_1_302' title='bbox 1011 3743 1232 3799; x_wconf 85' lang='lat' dir='ltr'><strong>dictavit</strong></span> <span class='ocrx_word' id='word_1_303' title='bbox 1259 3760 1272 3797; x_wconf 90' lang='lat'><strong>:</strong></span> <span class='ocrx_word' id='word_1_304' title='bbox 1311 3750 1371 3796; x_wconf 89' lang='lat' dir='ltr'><strong>ut</strong></span> <span class='ocrx_word' id='word_1_305' title='bbox 1394 3754 1520 3796; x_wconf 89' lang='lat' dir='ltr'><strong>vere</strong></span> <span class='ocrx_word' id='word_1_306' title='bbox 1547 3739 1615 3793; x_wconf 91' lang='lat' dir='ltr'><strong>ad</strong></span> <span class='ocrx_word' id='word_1_307' title='bbox 1637 3736 1779 3792; x_wconf 90' lang='lat' dir='ltr'><strong>illius</strong></span> 
     </span>
    </p>
   </div>
   <div class='ocr_carea' id='block_1_40' title="bbox 199 3830 1782 3911">
    <p class='ocr_par' dir='ltr' id='par_1_40' title="bbox 199 3830 1782 3911">
     <span class='ocr_line' id='line_1_40' title="bbox 199 3830 1782 3911; baseline -0.009 -13"><span class='ocrx_word' id='word_1_308' title='bbox 199 3842 468 3899; x_wconf 78' lang='lat' dir='ltr'><strong>columba:</strong></span> <span class='ocrx_word' id='word_1_309' title='bbox 496 3840 854 3911; x_wconf 79' lang='lat' dir='ltr'><strong>deargcntata:</strong></span> <span class='ocrx_word' id='word_1_310' title='bbox 881 3835 1128 3902; x_wconf 90' lang='lat' dir='ltr'><strong>modum,</strong></span> <span class='ocrx_word' id='word_1_311' title='bbox 1157 3832 1309 3904; x_wconf 89' lang='lat' dir='ltr'><strong>cujus</strong></span> <span class='ocrx_word' id='word_1_312' title='bbox 1337 3830 1637 3903; x_wconf 89' lang='lat' dir='ltr'><strong>posteriora</strong></span> <span class='ocrx_word' id='word_1_313' title='bbox 1660 3842 1782 3898; x_wconf 87' lang='lat' dir='ltr'><strong>spe-</strong></span> 
     </span>
    </p>
   </div>
   <div class='ocr_carea' id='block_1_41' title="bbox 200 3922 1778 4004">
    <p class='ocr_par' dir='ltr' id='par_1_41' title="bbox 200 3922 1778 4004">
     <span class='ocr_line' id='line_1_41' title="bbox 200 3922 1778 4004; baseline -0.01 -13"><span class='ocrx_word' id='word_1_314' title='bbox 200 3935 291 3991; x_wconf 87' lang='lat' dir='ltr'><strong>cie</strong></span> <span class='ocrx_word' id='word_1_315' title='bbox 319 3933 468 3988; x_wconf 85' lang='lat' dir='ltr'><strong>aurei</strong></span> <span class='ocrx_word' id='word_1_316' title='bbox 499 3930 829 4004; x_wconf 86' lang='lat' dir='ltr'><strong>splendentis</strong></span> <span class='ocrx_word' id='word_1_317' title='bbox 862 3927 1124 3986; x_wconf 85' lang='lat' dir='ltr'><strong>irradiant</strong></span> <span class='ocrx_word' id='word_1_318' title='bbox 1157 3945 1172 3983; x_wconf 88' lang='lat'><strong>:</strong></span> <span class='ocrx_word' id='word_1_319' title='bbox 1205 3927 1279 3981; x_wconf 93' lang='lat' dir='ltr'><strong>ita</strong></span> <span class='ocrx_word' id='word_1_320' title='bbox 1325 3925 1618 3996; x_wconf 75' lang='lat' dir='ltr'><strong>Scriptura:</strong></span> <span class='ocrx_word' id='word_1_321' title='bbox 1640 3922 1778 3978; x_wconf 87' lang='lat' dir='ltr'><strong>divi-</strong></span> 
     </span>
    </p>
   </div>
   <div class='ocr_carea' id='block_1_42' title="bbox 197 4016 1783 4098">
    <p class='ocr_par' dir='ltr' id='par_1_42' title="bbox 197 4016 1783 4098">
     <span class='ocr_line' id='line_1_42' title="bbox 197 4016 1783 4098; baseline -0.011 -13"><span class='ocrx_word' id='word_1_322' title='bbox 197 4043 292 4085; x_wconf 61' lang='lat' dir='ltr'><strong>nae</strong></span> <span class='ocrx_word' id='word_1_323' title='bbox 323 4041 444 4098; x_wconf 73' lang='lat' dir='ltr'><strong>quae</strong></span> <span class='ocrx_word' id='word_1_324' title='bbox 475 4025 646 4097; x_wconf 65' lang='lat' dir='ltr'><strong>planae</strong></span> <span class='ocrx_word' id='word_1_325' title='bbox 689 4031 814 4080; x_wconf 91' lang='lat' dir='ltr'><strong>sunt</strong></span> <span class='ocrx_word' id='word_1_326' title='bbox 844 4023 899 4077; x_wconf 90' lang='lat' dir='ltr'><strong>in</strong></span> <span class='ocrx_word' id='word_1_327' title='bbox 927 4021 1107 4076; x_wconf 90' lang='lat' dir='ltr'><strong>littera</strong></span> <span class='ocrx_word' id='word_1_328' title='bbox 1145 4026 1370 4091; x_wconf 89' lang='lat' dir='ltr'><strong>argento</strong></span> <span class='ocrx_word' id='word_1_329' title='bbox 1409 4016 1693 4088; x_wconf 82' lang='lat' dir='ltr'><strong>fulgerent,</strong></span> <span class='ocrx_word' id='word_1_330' title='bbox 1725 4021 1783 4069; x_wconf 91' lang='lat' dir='ltr'><strong>et</strong></span> 
     </span>
    </p>
   </div>
   <div class='ocr_carea' id='block_1_43' title="bbox 197 4106 1781 4176">
    <p class='ocr_par' dir='ltr' id='par_1_43' title="bbox 197 4106 1781 4176">
     <span class='ocr_line' id='line_1_43' title="bbox 197 4106 1781 4176; baseline -0.01 0"><span class='ocrx_word' id='word_1_331' title='bbox 197 4117 501 4176; x_wconf 82' lang='lat' dir='ltr'><strong>occultiora</strong></span> <span class='ocrx_word' id='word_1_332' title='bbox 527 4117 627 4172; x_wconf 91' lang='lat' dir='ltr'><strong>sub</strong></span> <span class='ocrx_word' id='word_1_333' title='bbox 671 4114 852 4171; x_wconf 88' lang='lat' dir='ltr'><strong>littera</strong></span> <span class='ocrx_word' id='word_1_334' title='bbox 886 4127 1018 4168; x_wconf 90' lang='lat' dir='ltr'><strong>auro</strong></span> <span class='ocrx_word' id='word_1_335' title='bbox 1055 4111 1358 4166; x_wconf 90' lang='lat' dir='ltr'><strong>rutilarent.</strong></span> <span class='ocrx_word' id='word_1_336' title='bbox 1405 4108 1572 4164; x_wconf 77' lang='lat' dir='ltr'><strong>Recte</strong></span> <span class='ocrx_word' id='word_1_337' title='bbox 1599 4106 1781 4176; x_wconf 87' lang='lat' dir='ltr'><strong>itaque</strong></span> 
     </span>
    </p>
   </div>
   <div class='ocr_carea' id='block_1_44' title="bbox 199 4198 1782 4280">
    <p class='ocr_par' dir='ltr' id='par_1_44' title="bbox 199 4198 1782 4280">
     <span class='ocr_line' id='line_1_44' title="bbox 199 4198 1782 4280; baseline -0.009 -13"><span class='ocrx_word' id='word_1_338' title='bbox 199 4209 394 4268; x_wconf 87' lang='lat' dir='ltr'><strong>divina</strong></span> <span class='ocrx_word' id='word_1_339' title='bbox 425 4206 821 4280; x_wconf 86' lang='lat' dir='ltr'><strong>dispensatione</strong></span> <span class='ocrx_word' id='word_1_340' title='bbox 864 4204 1140 4277; x_wconf 88' lang='lat' dir='ltr'><strong>provisum</strong></span> <span class='ocrx_word' id='word_1_341' title='bbox 1169 4209 1273 4268; x_wconf 90' lang='lat' dir='ltr'><strong>est,</strong></span> <span class='ocrx_word' id='word_1_342' title='bbox 1323 4208 1384 4257; x_wconf 91' lang='lat' dir='ltr'><strong>ut</strong></span> <span class='ocrx_word' id='word_1_343' title='bbox 1428 4200 1517 4255; x_wconf 90' lang='lat' dir='ltr'><strong>illa</strong></span> <span class='ocrx_word' id='word_1_344' title='bbox 1544 4198 1782 4268; x_wconf 47' lang='lat' dir='ltr'><strong>eloquio.</strong></span> 
     </span>
    </p>
   </div>
   <div class='ocr_carea' id='block_1_45' title="bbox 201 4287 1783 4370">
    <p class='ocr_par' dir='ltr' id='par_1_45' title="bbox 201 4287 1783 4370">
     <span class='ocr_line' id='line_1_45' title="bbox 201 4287 1783 4370; baseline -0.009 -13"><span class='ocrx_word' id='word_1_345' title='bbox 201 4316 332 4358; x_wconf 87' lang='lat' dir='ltr'><strong>rum</strong></span> <span class='ocrx_word' id='word_1_346' title='bbox 361 4298 569 4370; x_wconf 78' lang='lat' dir='ltr'><strong>argenti</strong></span> <span class='ocrx_word' id='word_1_347' title='bbox 598 4297 840 4362; x_wconf 90' lang='lat' dir='ltr'><strong>castitas,</strong></span> <span class='ocrx_word' id='word_1_348' title='bbox 873 4312 906 4352; x_wconf 87' lang='lat' dir='ltr'><strong>a</strong></span> <span class='ocrx_word' id='word_1_349' title='bbox 954 4292 1274 4365; x_wconf 88' lang='lat' dir='ltr'><strong>promiscuis</strong></span> <span class='ocrx_word' id='word_1_350' title='bbox 1325 4290 1566 4346; x_wconf 90' lang='lat' dir='ltr'><strong>omnium</strong></span> <span class='ocrx_word' id='word_1_351' title='bbox 1612 4287 1783 4344; x_wconf 89' lang='lat' dir='ltr'><strong>oculis</strong></span> 
     </span>
    </p>
   </div>
   <div class='ocr_carea' id='block_1_46' title="bbox 201 4378 1784 4461">
    <p class='ocr_par' dir='ltr' id='par_1_46' title="bbox 201 4378 1784 4461">
     <span class='ocr_line' id='line_1_46' title="bbox 201 4378 1784 4461; baseline -0.01 -13"><span class='ocrx_word' id='word_1_352' title='bbox 201 4393 489 4456; x_wconf 84' lang='lat' dir='ltr'><strong>absconsa,</strong></span> <span class='ocrx_word' id='word_1_353' title='bbox 519 4389 676 4461; x_wconf 90' lang='lat' dir='ltr'><strong>quasi</strong></span> <span class='ocrx_word' id='word_1_354' title='bbox 701 4389 880 4458; x_wconf 88' lang='lat' dir='ltr'><strong>aliquo</strong></span> <span class='ocrx_word' id='word_1_355' title='bbox 902 4384 1166 4442; x_wconf 85' lang='lat' dir='ltr'><strong>velamine</strong></span> <span class='ocrx_word' id='word_1_356' title='bbox 1189 4382 1478 4455; x_wconf 72' lang='lat' dir='ltr'><strong>pudicitim,</strong></span> <span class='ocrx_word' id='word_1_357' title='bbox 1509 4380 1620 4450; x_wconf 83' lang='lat' dir='ltr'><strong>ipsa</strong></span> <span class='ocrx_word' id='word_1_358' title='bbox 1649 4378 1784 4434; x_wconf 89' lang='lat' dir='ltr'><strong>scri-</strong></span> 
     </span>
    </p>
   </div>
   <div class='ocr_carea' id='block_1_47' title="bbox 199 4471 1783 4555">
    <p class='ocr_par' dir='ltr' id='par_1_47' title="bbox 199 4471 1783 4555">
     <span class='ocr_line' id='line_1_47' title="bbox 199 4471 1783 4555; baseline -0.008 -17"><span class='ocrx_word' id='word_1_359' title='bbox 199 4493 365 4554; x_wconf 86' lang='lat' dir='ltr'><strong>ptura</strong></span> <span class='ocrx_word' id='word_1_360' title='bbox 391 4490 784 4555; x_wconf 86' lang='lat' dir='ltr'><strong>contegeretur,</strong></span> <span class='ocrx_word' id='word_1_361' title='bbox 811 4478 1119 4536; x_wconf 61' lang='lat' dir='ltr'><strong>caelestibus</strong></span> <span class='ocrx_word' id='word_1_362' title='bbox 1144 4475 1464 4532; x_wconf 88' lang='lat' dir='ltr'><strong>obumbrata</strong></span> <span class='ocrx_word' id='word_1_363' title='bbox 1491 4471 1783 4544; x_wconf 86' lang='lat' dir='ltr'><strong>mysteriis,</strong></span> 
     </span>
    </p>
   </div>
   <div class='ocr_carea' id='block_1_48' title="bbox 1803 3227 1851 3294">
    <p class='ocr_par' dir='ltr' id='par_1_48' title="bbox 1803 3227 1851 3294">
     <span class='ocr_line' id='line_1_48' title="bbox 1803 3227 1851 3294; baseline 0 0"><span class='ocrx_word' id='word_1_364' title='bbox 1803 3227 1851 3294; x_wconf 91' lang='lat' dir='ltr'><strong>C</strong></span> 
     </span>
    </p>
   </div>
   <div class='ocr_carea' id='block_1_49' title="bbox 1851 610 3431 685">
    <p class='ocr_par' dir='ltr' id='par_1_49' title="bbox 1851 610 3431 685">
     <span class='ocr_line' id='line_1_49' title="bbox 1851 610 3431 685; baseline 0.003 -20"><span class='ocrx_word' id='word_1_365' title='bbox 1851 625 2039 666; x_wconf 88' lang='lat' dir='ltr'><strong>eorum</strong></span> <span class='ocrx_word' id='word_1_366' title='bbox 2100 610 2489 682; x_wconf 87' lang='lat' dir='ltr'><strong>superstitiosis</strong></span> <span class='ocrx_word' id='word_1_367' title='bbox 2544 611 3009 670; x_wconf 82' lang='lat' dir='ltr'><strong>adinventionibus</strong></span> <span class='ocrx_word' id='word_1_368' title='bbox 3077 615 3431 685; x_wconf 88' lang='lat' dir='ltr'><strong>restitissem,</strong></span> 
     </span>
    </p>
   </div>
   <div class='ocr_carea' id='block_1_50' title="bbox 1851 701 3433 775">
    <p class='ocr_par' dir='ltr' id='par_1_50' title="bbox 1851 701 3433 775">
     <span class='ocr_line' id='line_1_50' title="bbox 1851 701 3433 775; baseline 0.004 -17"><span class='ocrx_word' id='word_1_369' title='bbox 1851 715 2145 774; x_wconf 89' lang='lat' dir='ltr'><strong>eorumque</strong></span> <span class='ocrx_word' id='word_1_370' title='bbox 2162 701 2384 758; x_wconf 89' lang='lat' dir='ltr'><strong>stultam</strong></span> <span class='ocrx_word' id='word_1_371' title='bbox 2405 702 2724 774; x_wconf 89' lang='lat' dir='ltr'><strong>sapientiam</strong></span> <span class='ocrx_word' id='word_1_372' title='bbox 2749 705 3223 775; x_wconf 88' lang='lat' dir='ltr'><strong>reprehenderem,</strong></span> <span class='ocrx_word' id='word_1_373' title='bbox 3250 707 3433 764; x_wconf 89' lang='lat' dir='ltr'><strong>inveni</strong></span> 
     </span>
    </p>
   </div>
   <div class='ocr_carea' id='block_1_51' title="bbox 1851 795 3436 870">
    <p class='ocr_par' dir='ltr' id='par_1_51' title="bbox 1851 795 3436 870">
     <span class='ocr_line' id='line_1_51' title="bbox 1851 795 3436 870; baseline 0.005 -22"><span class='ocrx_word' id='word_1_374' title='bbox 1851 807 2012 864; x_wconf 89' lang='lat' dir='ltr'><strong>quem</strong></span> <span class='ocrx_word' id='word_1_375' title='bbox 2062 795 2235 866; x_wconf 83' lang='lat' dir='ltr'><strong>diligit</strong></span> <span class='ocrx_word' id='word_1_376' title='bbox 2272 797 2450 852; x_wconf 88' lang='lat' dir='ltr'><strong>anima</strong></span> <span class='ocrx_word' id='word_1_377' title='bbox 2496 811 2635 852; x_wconf 90' lang='lat' dir='ltr'><strong>mea.</strong></span> <span class='ocrx_word' id='word_1_378' title='bbox 2668 796 2726 852; x_wconf 91' lang='lat' dir='ltr'><strong>ln</strong></span> <span class='ocrx_word' id='word_1_379' title='bbox 2755 813 2842 853; x_wconf 92' lang='lat' dir='ltr'><strong>me</strong></span> <span class='ocrx_word' id='word_1_380' title='bbox 2878 806 2962 854; x_wconf 89' lang='lat' dir='ltr'><strong>est</strong></span> <span class='ocrx_word' id='word_1_381' title='bbox 2991 799 3137 855; x_wconf 90' lang='lat' dir='ltr'><strong>enim</strong></span> <span class='ocrx_word' id='word_1_382' title='bbox 3163 799 3436 870; x_wconf 88' lang='lat' dir='ltr'><strong>apostolus</strong></span> 
     </span>
    </p>
   </div>
   <div class='ocr_carea' id='block_1_52' title="bbox 1853 885 3440 961">
    <p class='ocr_par' dir='ltr' id='par_1_52' title="bbox 1853 885 3440 961">
     <span class='ocr_line' id='line_1_52' title="bbox 1853 885 3440 961; baseline 0.003 -20"><span class='ocrx_word' id='word_1_383' title='bbox 1853 885 1943 941; x_wconf 89' lang='lat' dir='ltr'><strong>ille</strong></span> <span class='ocrx_word' id='word_1_384' title='bbox 1980 885 2072 955; x_wconf 89' lang='lat' dir='ltr'><strong>qui</strong></span> <span class='ocrx_word' id='word_1_385' title='bbox 2097 886 2162 940; x_wconf 92' lang='lat' dir='ltr'><strong>de</strong></span> <span class='ocrx_word' id='word_1_386' title='bbox 2203 885 2398 941; x_wconf 87' lang='lat' dir='ltr'><strong>talibus</strong></span> <span class='ocrx_word' id='word_1_387' title='bbox 2438 885 2570 942; x_wconf 90' lang='lat' dir='ltr'><strong>dicit</strong></span> <span class='ocrx_word' id='word_1_388' title='bbox 2601 902 2614 940; x_wconf 91' lang='lat'>:</span> <span class='ocrx_word' id='word_1_389' title='bbox 2645 885 2968 958; x_wconf 82' lang='lat' dir='ltr'><strong>Sapientiam</strong></span> <span class='ocrx_word' id='word_1_390' title='bbox 3003 888 3265 961; x_wconf 80' lang='lat' dir='ltr'><strong>loquimur</strong></span> <span class='ocrx_word' id='word_1_391' title='bbox 3301 891 3440 945; x_wconf 90' lang='lat' dir='ltr'><strong>inter</strong></span> 
     </span>
    </p>
   </div>
   <div class='ocr_carea' id='block_1_53' title="bbox 1852 975 3439 1054">
    <p class='ocr_par' dir='ltr' id='par_1_53' title="bbox 1852 975 3439 1054">
     <span class='ocr_line' id='line_1_53' title="bbox 1852 975 3439 1054; baseline 0.003 -21"><span class='ocrx_word' id='word_1_392' title='bbox 1852 977 2126 1048; x_wconf 82' lang='lat' dir='ltr'><strong>perfectos.</strong></span> <span class='ocrx_word' id='word_1_393' title='bbox 2158 975 2484 1048; x_wconf 81' lang='lat' dir='ltr'><strong>Sapientiam</strong></span> <span class='ocrx_word' id='word_1_394' title='bbox 2522 987 2693 1032; x_wconf 88' lang='lat' dir='ltr'><strong>autem</strong></span> <span class='ocrx_word' id='word_1_395' title='bbox 2720 994 2824 1035; x_wconf 91' lang='lat' dir='ltr'><strong>non</strong></span> <span class='ocrx_word' id='word_1_396' title='bbox 2848 979 3007 1050; x_wconf 84' lang='lat' dir='ltr'><strong>hujus</strong></span> <span class='ocrx_word' id='word_1_397' title='bbox 3051 981 3249 1050; x_wconf 75' lang='lat' dir='ltr'><strong>steculi,</strong></span> <span class='ocrx_word' id='word_1_398' title='bbox 3276 1000 3439 1054; x_wconf 85' lang='lat' dir='ltr'><strong>neque</strong></span> 
     </span>
    </p>
   </div>
   <div class='ocr_carea' id='block_1_54' title="bbox 1852 1068 3440 1144">
    <p class='ocr_par' dir='ltr' id='par_1_54' title="bbox 1852 1068 3440 1144">
     <span class='ocr_line' id='line_1_54' title="bbox 1852 1068 3440 1144; baseline 0.004 -21"><span class='ocrx_word' id='word_1_399' title='bbox 1852 1071 2143 1140; x_wconf 85' lang='lat' dir='ltr'><strong>principum</strong></span> <span class='ocrx_word' id='word_1_400' title='bbox 2183 1068 2382 1136; x_wconf 68' lang='lat' dir='ltr'><strong>scrc-ali,</strong></span> <span class='ocrx_word' id='word_1_401' title='bbox 2415 1071 2505 1124; x_wconf 89' lang='lat' dir='ltr'><strong>aui</strong></span> <span class='ocrx_word' id='word_1_402' title='bbox 2530 1069 2869 1126; x_wconf 83' lang='lat' dir='ltr'><strong>destruantur</strong></span> <span class='ocrx_word' id='word_1_403' title='bbox 2890 1087 2911 1127; x_wconf 90' lang='lat'><strong><em>:</em></strong></span> <span class='ocrx_word' id='word_1_404' title='bbox 2933 1072 3025 1128; x_wconf 85' lang='lat' dir='ltr'><strong>sed</strong></span> <span class='ocrx_word' id='word_1_405' title='bbox 3054 1072 3315 1144; x_wconf 82' lang='lat' dir='ltr'><strong>loquimur</strong></span> <span class='ocrx_word' id='word_1_406' title='bbox 3340 1075 3440 1130; x_wconf 96' lang='lat' dir='ltr'><strong>Dei</strong></span> 
     </span>
    </p>
   </div>
   <div class='ocr_carea' id='block_1_55' title="bbox 1855 1160 3437 1236">
    <p class='ocr_par' dir='ltr' id='par_1_55' title="bbox 1855 1160 3437 1236">
     <span class='ocr_line' id='line_1_55' title="bbox 1855 1160 3437 1236; baseline 0.004 -22"><span class='ocrx_word' id='word_1_407' title='bbox 1855 1160 2166 1230; x_wconf 85' lang='lat' dir='ltr'><strong>sapientiam</strong></span> <span class='ocrx_word' id='word_1_408' title='bbox 2212 1161 2267 1214; x_wconf 88' lang='lat' dir='ltr'><strong>in</strong></span> <span class='ocrx_word' id='word_1_409' title='bbox 2322 1162 2588 1231; x_wconf 83' lang='lat' dir='ltr'><strong>mysterio,</strong></span> <span class='ocrx_word' id='word_1_410' title='bbox 2641 1177 2758 1233; x_wconf 71' lang='lat' dir='ltr'><strong>qua:</strong></span> <span class='ocrx_word' id='word_1_411' title='bbox 2811 1161 3114 1218; x_wconf 89' lang='lat' dir='ltr'><strong>abscondita</strong></span> <span class='ocrx_word' id='word_1_412' title='bbox 3149 1172 3246 1230; x_wconf 88' lang='lat' dir='ltr'><strong>est,</strong></span> <span class='ocrx_word' id='word_1_413' title='bbox 3277 1181 3437 1236; x_wconf 86' lang='lat' dir='ltr'><strong>quam</strong></span> 
     </span>
    </p>
   </div>
   <div class='ocr_carea' id='block_1_56' title="bbox 1855 1251 3437 1325">
    <p class='ocr_par' dir='ltr' id='par_1_56' title="bbox 1855 1251 3437 1325">
     <span class='ocr_line' id='line_1_56' title="bbox 1855 1251 3437 1325; baseline 0.003 -20"><span class='ocrx_word' id='word_1_414' title='bbox 1855 1251 2241 1323; x_wconf 66' lang='lat' dir='ltr'><strong>praedestinavit</strong></span> <span class='ocrx_word' id='word_1_415' title='bbox 2274 1251 2416 1306; x_wconf 82' lang='lat' dir='ltr'><strong>Deus</strong></span> <span class='ocrx_word' id='word_1_416' title='bbox 2454 1261 2572 1308; x_wconf 88' lang='lat' dir='ltr'><strong>ante</strong></span> <span class='ocrx_word' id='word_1_417' title='bbox 2612 1253 2806 1308; x_wconf 77' lang='lat' dir='ltr'><strong>scrcula</strong></span> <span class='ocrx_word' id='word_1_418' title='bbox 2833 1253 2889 1309; x_wconf 88' lang='lat' dir='ltr'><strong>in</strong></span> <span class='ocrx_word' id='word_1_419' title='bbox 2917 1254 3140 1325; x_wconf 88' lang='lat' dir='ltr'><strong>gloriam</strong></span> <span class='ocrx_word' id='word_1_420' title='bbox 3182 1267 3437 1310; x_wconf 88' lang='lat' dir='ltr'><strong>nostram.</strong></span> 
     </span>
    </p>
   </div>
   <div class='ocr_carea' id='block_1_57' title="bbox 1858 1337 3440 1416">
    <p class='ocr_par' dir='ltr' id='par_1_57' title="bbox 1858 1337 3440 1416">
     <span class='ocr_line' id='line_1_57' title="bbox 1858 1337 3440 1416; baseline 0.003 -18"><span class='ocrx_word' id='word_1_421' title='bbox 1858 1343 1926 1398; x_wconf 88' lang='lat' dir='ltr'><strong>Et</strong></span> <span class='ocrx_word' id='word_1_422' title='bbox 1951 1343 2077 1413; x_wconf 91' lang='lat' dir='ltr'><strong>quia</strong></span> <span class='ocrx_word' id='word_1_423' title='bbox 2107 1344 2222 1413; x_wconf 90' lang='lat' dir='ltr'><strong>ipsa</strong></span> <span class='ocrx_word' id='word_1_424' title='bbox 2248 1337 2531 1413; x_wconf 77' lang='lat' dir='ltr'><strong>sapientia,</strong></span> <span class='ocrx_word' id='word_1_425' title='bbox 2573 1359 2692 1415; x_wconf 64' lang='lat' dir='ltr'><strong>qua:</strong></span> <span class='ocrx_word' id='word_1_426' title='bbox 2732 1344 2978 1402; x_wconf 87' lang='lat' dir='ltr'><strong>Christus</strong></span> <span class='ocrx_word' id='word_1_427' title='bbox 3007 1355 3108 1413; x_wconf 91' lang='lat' dir='ltr'><strong>est,</strong></span> <span class='ocrx_word' id='word_1_428' title='bbox 3140 1348 3281 1416; x_wconf 91' lang='lat' dir='ltr'><strong>apud</strong></span> <span class='ocrx_word' id='word_1_429' title='bbox 3304 1347 3440 1403; x_wconf 85' lang='lat' dir='ltr'><strong>tales</strong></span> 
     </span>
    </p>
   </div>
   <div class='ocr_carea' id='block_1_58' title="bbox 1859 1433 3440 1507">
    <p class='ocr_par' dir='ltr' id='par_1_58' title="bbox 1859 1433 3440 1507">
     <span class='ocr_line' id='line_1_58' title="bbox 1859 1433 3440 1507; baseline 0.003 -20"><span class='ocrx_word' id='word_1_430' title='bbox 1859 1448 1968 1488; x_wconf 88' lang='lat' dir='ltr'><strong>non</strong></span> <span class='ocrx_word' id='word_1_431' title='bbox 1993 1433 2282 1496; x_wconf 89' lang='lat' dir='ltr'><strong>invenitur,</strong></span> <span class='ocrx_word' id='word_1_432' title='bbox 2315 1433 2441 1500; x_wconf 91' lang='lat' dir='ltr'><strong>quid</strong></span> <span class='ocrx_word' id='word_1_433' title='bbox 2465 1433 2710 1502; x_wconf 86' lang='lat' dir='ltr'><strong>sequitur</strong></span> <span class='ocrx_word' id='word_1_434' title='bbox 2733 1434 2856 1489; x_wconf 90' lang='lat' dir='ltr'><strong>audi</strong></span> <span class='ocrx_word' id='word_1_435' title='bbox 2889 1453 2902 1489; x_wconf 88' lang='lat'><strong>:</strong></span> <span class='ocrx_word' id='word_1_436' title='bbox 2934 1434 3104 1501; x_wconf 84' lang='lat' dir='ltr'><strong>Quam</strong></span> <span class='ocrx_word' id='word_1_437' title='bbox 3125 1452 3272 1491; x_wconf 87' lang='lat' dir='ltr'><strong>nemo</strong></span> <span class='ocrx_word' id='word_1_438' title='bbox 3293 1438 3440 1507; x_wconf 83' lang='lat' dir='ltr'><strong>prin-</strong></span> 
     </span>
    </p>
   </div>
   <div class='ocr_carea' id='block_1_59' title="bbox 1860 1522 3438 1598">
    <p class='ocr_par' dir='ltr' id='par_1_59' title="bbox 1860 1522 3438 1598">
     <span class='ocr_line' id='line_1_59' title="bbox 1860 1522 3438 1598; baseline 0.003 -21"><span class='ocrx_word' id='word_1_439' title='bbox 1860 1523 2033 1594; x_wconf 85' lang='lat' dir='ltr'><strong>cipum</strong></span> <span class='ocrx_word' id='word_1_440' title='bbox 2075 1523 2232 1592; x_wconf 84' lang='lat' dir='ltr'><strong>hujus</strong></span> <span class='ocrx_word' id='word_1_441' title='bbox 2275 1522 2455 1577; x_wconf 79' lang='lat' dir='ltr'><strong>swculi</strong></span> <span class='ocrx_word' id='word_1_442' title='bbox 2502 1525 2757 1595; x_wconf 83' lang='lat' dir='ltr'><strong>cognovit.</strong></span> <span class='ocrx_word' id='word_1_443' title='bbox 2792 1525 2852 1581; x_wconf 87' lang='lat' dir='ltr'><strong>Si</strong></span> <span class='ocrx_word' id='word_1_444' title='bbox 2880 1523 3016 1580; x_wconf 69' lang='lat' dir='ltr'><strong>Enim</strong></span> <span class='ocrx_word' id='word_1_445' title='bbox 3064 1527 3438 1598; x_wconf 76' lang='lat' dir='ltr'><strong>cognovissent,</strong></span> 
     </span>
    </p>
   </div>
   <div class='ocr_carea' id='block_1_60' title="bbox 1863 1614 3446 1687">
    <p class='ocr_par' dir='ltr' id='par_1_60' title="bbox 1863 1614 3446 1687">
     <span class='ocr_line' id='line_1_60' title="bbox 1863 1614 3446 1687; baseline 0.003 -19"><span class='ocrx_word' id='word_1_446' title='bbox 1863 1631 2130 1686; x_wconf 84' lang='lat' dir='ltr'><strong>nunquam</strong></span> <span class='ocrx_word' id='word_1_447' title='bbox 2167 1614 2444 1669; x_wconf 88' lang='lat' dir='ltr'><strong>Dominum</strong></span> <span class='ocrx_word' id='word_1_448' title='bbox 2483 1615 2664 1686; x_wconf 61' lang='lat' dir='ltr'><strong>gloria</strong></span> <span class='ocrx_word' id='word_1_449' title='bbox 2691 1617 3070 1687; x_wconf 66' lang='lat' dir='ltr'><strong>ci‘uciﬁxissent</strong></span> <span class='ocrx_word' id='word_1_450' title='bbox 3096 1634 3116 1674; x_wconf 88' lang='lat'><strong><em>:</em></strong></span> <span class='ocrx_word' id='word_1_451' title='bbox 3148 1620 3282 1675; x_wconf 85' lang='lat' dir='ltr'><strong>sicut</strong></span> <span class='ocrx_word' id='word_1_452' title='bbox 3312 1620 3446 1674; x_wconf 79' lang='lat' dir='ltr'><strong>scri-</strong></span> 
     </span>
    </p>
   </div>
   <div class='ocr_carea' id='block_1_61' title="bbox 1863 1705 3442 1778">
    <p class='ocr_par' dir='ltr' id='par_1_61' title="bbox 1863 1705 3442 1778">
     <span class='ocr_line' id='line_1_61' title="bbox 1863 1705 3442 1778; baseline 0.003 -18"><span class='ocrx_word' id='word_1_453' title='bbox 1863 1717 2007 1778; x_wconf 88' lang='lat' dir='ltr'><strong>ptum</strong></span> <span class='ocrx_word' id='word_1_454' title='bbox 2046 1716 2119 1762; x_wconf 86' lang='lat' dir='ltr'><strong>est</strong></span> <span class='ocrx_word' id='word_1_455' title='bbox 2151 1724 2170 1761; x_wconf 91' lang='lat'><em>:</em></span> <span class='ocrx_word' id='word_1_456' title='bbox 2201 1705 2354 1772; x_wconf 82' lang='lat' dir='ltr'><strong>Quod</strong></span> <span class='ocrx_word' id='word_1_457' title='bbox 2393 1724 2485 1762; x_wconf 87' lang='lat' dir='ltr'><strong>nec</strong></span> <span class='ocrx_word' id='word_1_458' title='bbox 2526 1707 2706 1763; x_wconf 85' lang='lat' dir='ltr'><strong>oculus</strong></span> <span class='ocrx_word' id='word_1_459' title='bbox 2732 1710 2878 1776; x_wconf 79' lang='lat' dir='ltr'><strong>vidit,</strong></span> <span class='ocrx_word' id='word_1_460' title='bbox 2909 1727 3001 1765; x_wconf 88' lang='lat' dir='ltr'><strong>nec</strong></span> <span class='ocrx_word' id='word_1_461' title='bbox 3041 1711 3187 1766; x_wconf 85' lang='lat' dir='ltr'><strong>auris</strong></span> <span class='ocrx_word' id='word_1_462' title='bbox 3221 1711 3442 1777; x_wconf 81' lang='lat' dir='ltr'><strong>audivit,</strong></span> 
     </span>
    </p>
   </div>
   <div class='ocr_carea' id='block_1_62' title="bbox 1866 1798 3446 1872">
    <p class='ocr_par' dir='ltr' id='par_1_62' title="bbox 1866 1798 3446 1872">
     <span class='ocr_line' id='line_1_62' title="bbox 1866 1798 3446 1872; baseline 0.003 -20"><span class='ocrx_word' id='word_1_463' title='bbox 1866 1814 1959 1853; x_wconf 85' lang='lat' dir='ltr'><strong>nec</strong></span> <span class='ocrx_word' id='word_1_464' title='bbox 1980 1798 2036 1852; x_wconf 87' lang='lat' dir='ltr'><strong>in</strong></span> <span class='ocrx_word' id='word_1_465' title='bbox 2064 1814 2154 1852; x_wconf 88' lang='lat' dir='ltr'><strong>cor</strong></span> <span class='ocrx_word' id='word_1_466' title='bbox 2174 1798 2396 1852; x_wconf 86' lang='lat' dir='ltr'><strong>hominis</strong></span> <span class='ocrx_word' id='word_1_467' title='bbox 2422 1799 2674 1866; x_wconf 88' lang='lat' dir='ltr'><strong>ascendit,</strong></span> <span class='ocrx_word' id='word_1_468' title='bbox 2699 1817 2836 1871; x_wconf 86' lang='lat' dir='ltr'><strong>quoa</strong></span> <span class='ocrx_word' id='word_1_469' title='bbox 2862 1802 3172 1872; x_wconf 55' lang='lat' dir='ltr'><strong>praiparavit</strong></span> <span class='ocrx_word' id='word_1_470' title='bbox 3201 1801 3339 1856; x_wconf 86' lang='lat' dir='ltr'><strong>Deus</strong></span> <span class='ocrx_word' id='word_1_471' title='bbox 3361 1801 3446 1857; x_wconf 78' lang='lat' dir='ltr'><strong>his</strong></span> 
     </span>
    </p>
   </div>
   <div class='ocr_carea' id='block_1_63' title="bbox 1793 1871 3447 1963">
    <p class='ocr_par' dir='ltr' id='par_1_63' title="bbox 1793 1871 3447 1963">
     <span class='ocr_line' id='line_1_63' title="bbox 1793 1871 3447 1963; baseline 0.004 -21"><span class='ocrx_word' id='word_1_472' title='bbox 1793 1871 1841 1932; x_wconf 76' lang='grc' dir='ltr'><strong>Β</strong></span> <span class='ocrx_word' id='word_1_473' title='bbox 1865 1891 1954 1962; x_wconf 84' lang='lat' dir='ltr'><strong>qui</strong></span> <span class='ocrx_word' id='word_1_474' title='bbox 1988 1889 2211 1960; x_wconf 84' lang='lat' dir='ltr'><strong>diligunt</strong></span> <span class='ocrx_word' id='word_1_475' title='bbox 2251 1906 2387 1944; x_wconf 88' lang='lat' dir='ltr'><strong>eum.</strong></span> <span class='ocrx_word' id='word_1_476' title='bbox 2420 1890 2487 1944; x_wconf 86' lang='lat' dir='ltr'><strong>Et</strong></span> <span class='ocrx_word' id='word_1_477' title='bbox 2514 1891 2659 1960; x_wconf 90' lang='lat' dir='ltr'><strong>quia,</strong></span> <span class='ocrx_word' id='word_1_478' title='bbox 2691 1871 2928 1948; x_wconf 88' lang='lat' dir='ltr'><strong>dimissis</strong></span> <span class='ocrx_word' id='word_1_479' title='bbox 2954 1871 3009 1948; x_wconf 86' lang='lat' dir='ltr'><strong>et</strong></span> <span class='ocrx_word' id='word_1_480' title='bbox 3030 1894 3268 1963; x_wconf 84' lang='lat' dir='ltr'><strong>expulsis</strong></span> <span class='ocrx_word' id='word_1_481' title='bbox 3293 1895 3447 1949; x_wconf 68' lang='lat' dir='ltr'><strong>tabu-o</strong></span> 
     </span>
    </p>
   </div>
   <div class='ocr_carea' id='block_1_64' title="bbox 1867 1981 3444 2057">
    <p class='ocr_par' dir='ltr' id='par_1_64' title="bbox 1867 1981 3444 2057">
     <span class='ocr_line' id='line_1_64' title="bbox 1867 1981 3444 2057; baseline 0.004 -20"><span class='ocrx_word' id='word_1_482' title='bbox 1867 1982 1953 2047; x_wconf 91' lang='lat' dir='ltr'><strong>lis,</strong></span> <span class='ocrx_word' id='word_1_483' title='bbox 1976 1981 2182 2037; x_wconf 83' lang='lat' dir='ltr'><strong>invenit</strong></span> <span class='ocrx_word' id='word_1_484' title='bbox 2230 1982 2409 2037; x_wconf 89' lang='lat' dir='ltr'><strong>anima</strong></span> <span class='ocrx_word' id='word_1_485' title='bbox 2435 1997 2593 2052; x_wconf 89' lang='lat' dir='ltr'><strong>quem</strong></span> <span class='ocrx_word' id='word_1_486' title='bbox 2630 1983 2824 2055; x_wconf 79' lang='lat' dir='ltr'><strong>diligit,</strong></span> <span class='ocrx_word' id='word_1_487' title='bbox 2855 1985 2978 2040; x_wconf 87' lang='lat' dir='ltr'><strong>audi</strong></span> <span class='ocrx_word' id='word_1_488' title='bbox 3000 1987 3128 2056; x_wconf 88' lang='lat' dir='ltr'><strong>quid</strong></span> <span class='ocrx_word' id='word_1_489' title='bbox 3151 1987 3397 2057; x_wconf 87' lang='lat' dir='ltr'><strong>sequitur</strong></span> <span class='ocrx_word' id='word_1_490' title='bbox 3427 2003 3444 2043; x_wconf 89' lang='lat'><strong>:</strong></span> 
     </span>
    </p>
   </div>
   <div class='ocr_carea' id='block_1_65' title="bbox 1866 2074 3445 2152">
    <p class='ocr_par' dir='ltr' id='par_1_65' title="bbox 1866 2074 3445 2152">
     <span class='ocr_line' id='line_1_65' title="bbox 1866 2074 3445 2152; baseline 0.004 -22"><span class='ocrx_word' id='word_1_491' title='bbox 1866 2074 2030 2130; x_wconf 78' lang='lat' dir='ltr'><strong>Nobis</strong></span> <span class='ocrx_word' id='word_1_492' title='bbox 2065 2082 2244 2129; x_wconf 89' lang='lat' dir='ltr'><strong>autem</strong></span> <span class='ocrx_word' id='word_1_493' title='bbox 2270 2075 2526 2131; x_wconf 85' lang='lat' dir='ltr'><strong>revelavit</strong></span> <span class='ocrx_word' id='word_1_494' title='bbox 2555 2076 2695 2132; x_wconf 87' lang='lat' dir='ltr'><strong>Deus</strong></span> <span class='ocrx_word' id='word_1_495' title='bbox 2719 2092 2816 2146; x_wconf 89' lang='lat' dir='ltr'><strong>per</strong></span> <span class='ocrx_word' id='word_1_496' title='bbox 2841 2079 3088 2149; x_wconf 84' lang='lat' dir='ltr'><strong>spiritum</strong></span> <span class='ocrx_word' id='word_1_497' title='bbox 3116 2096 3292 2136; x_wconf 91' lang='lat' dir='ltr'><strong>suum.</strong></span> <span class='ocrx_word' id='word_1_498' title='bbox 3318 2081 3445 2152; x_wconf 63' lang='lat' dir='ltr'><strong>Spi»</strong></span> 
     </span>
    </p>
   </div>
   <div class='ocr_carea' id='block_1_66' title="bbox 1858 2165 3446 2239">
    <p class='ocr_par' dir='ltr' id='par_1_66' title="bbox 1858 2165 3446 2239">
     <span class='ocr_line' id='line_1_66' title="bbox 1858 2165 3446 2239; baseline 0.003 -19"><span class='ocrx_word' id='word_1_499' title='bbox 1858 2165 2004 2239; x_wconf 44' lang='lat' dir='ltr'><strong>.ritus</strong></span> <span class='ocrx_word' id='word_1_500' title='bbox 2047 2165 2192 2220; x_wconf 90' lang='lat' dir='ltr'><strong>enim</strong></span> <span class='ocrx_word' id='word_1_501' title='bbox 2241 2166 2419 2221; x_wconf 92' lang='lat' dir='ltr'><strong>omnia</strong></span> <span class='ocrx_word' id='word_1_502' title='bbox 2474 2175 2762 2231; x_wconf 89' lang='lat' dir='ltr'><strong>scrutatur,</strong></span> <span class='ocrx_word' id='word_1_503' title='bbox 2813 2169 2978 2222; x_wconf 88' lang='lat' dir='ltr'><strong>etiam</strong></span> <span class='ocrx_word' id='word_1_504' title='bbox 3021 2170 3285 2239; x_wconf 85' lang='lat' dir='ltr'><strong>profunda</strong></span> <span class='ocrx_word' id='word_1_505' title='bbox 3327 2170 3446 2224; x_wconf 92' lang='lat' dir='ltr'><strong>Dei.</strong></span> 
     </span>
    </p>
   </div>
   <div class='ocr_carea' id='block_1_67' title="bbox 1867 2256 3446 2330">
    <p class='ocr_par' dir='ltr' id='par_1_67' title="bbox 1867 2256 3446 2330">
     <span class='ocr_line' id='line_1_67' title="bbox 1867 2256 3446 2330; baseline 0.001 -16"><span class='ocrx_word' id='word_1_506' title='bbox 1867 2256 2054 2314; x_wconf 91' lang='lat' dir='ltr'><strong>Omnis</strong></span> <span class='ocrx_word' id='word_1_507' title='bbox 2099 2266 2279 2313; x_wconf 89' lang='lat' dir='ltr'><strong>autem</strong></span> <span class='ocrx_word' id='word_1_508' title='bbox 2340 2257 2622 2327; x_wconf 87' lang='lat' dir='ltr'><strong>disciplina</strong></span> <span class='ocrx_word' id='word_1_509' title='bbox 2675 2258 2949 2328; x_wconf 78' lang='lat' dir='ltr'><strong>religionis</strong></span> <span class='ocrx_word' id='word_1_510' title='bbox 3001 2275 3068 2314; x_wconf 85' lang='lat' dir='ltr'><strong>ex</strong></span> <span class='ocrx_word' id='word_1_511' title='bbox 3114 2260 3204 2315; x_wconf 92' lang='lat' dir='ltr'><strong>illo</strong></span> <span class='ocrx_word' id='word_1_512' title='bbox 3249 2260 3446 2330; x_wconf 89' lang='lat' dir='ltr'><strong>duplici</strong></span> 
     </span>
    </p>
   </div>
   <div class='ocr_carea' id='block_1_68' title="bbox 1868 2350 3448 2422">
    <p class='ocr_par' dir='ltr' id='par_1_68' title="bbox 1868 2350 3448 2422">
     <span class='ocr_line' id='line_1_68' title="bbox 1868 2350 3448 2422; baseline 0.002 -16"><span class='ocrx_word' id='word_1_513' title='bbox 1868 2351 2106 2406; x_wconf 73' lang='lat' dir='ltr'><strong>scientia:</strong></span> <span class='ocrx_word' id='word_1_514' title='bbox 2135 2350 2280 2406; x_wconf 78' lang='lat' dir='ltr'><strong>fonte</strong></span> <span class='ocrx_word' id='word_1_515' title='bbox 2301 2358 2537 2406; x_wconf 91' lang='lat' dir='ltr'><strong>emanat.</strong></span> <span class='ocrx_word' id='word_1_516' title='bbox 2565 2351 2621 2406; x_wconf 90' lang='lat' dir='ltr'><strong>Id</strong></span> <span class='ocrx_word' id='word_1_517' title='bbox 2650 2359 2752 2417; x_wconf 88' lang='lat' dir='ltr'><strong>est,</strong></span> <span class='ocrx_word' id='word_1_518' title='bbox 2785 2369 2904 2422; x_wconf 68' lang='lat' dir='ltr'><strong>quae</strong></span> <span class='ocrx_word' id='word_1_519' title='bbox 2930 2353 3104 2409; x_wconf 86' lang='lat' dir='ltr'><strong>activa</strong></span> <span class='ocrx_word' id='word_1_520' title='bbox 3131 2362 3185 2410; x_wconf 90' lang='lat' dir='ltr'><strong>et</strong></span> <span class='ocrx_word' id='word_1_521' title='bbox 3205 2362 3448 2409; x_wconf 63' lang='lat' dir='ltr'><strong>contem.</strong></span> 
     </span>
    </p>
   </div>
   <div class='ocr_carea' id='block_1_69' title="bbox 1867 2435 3448 2513">
    <p class='ocr_par' dir='ltr' id='par_1_69' title="bbox 1867 2435 3448 2513">
     <span class='ocr_line' id='line_1_69' title="bbox 1867 2435 3448 2513; baseline 0.004 -19"><span class='ocrx_word' id='word_1_522' title='bbox 1867 2441 2066 2513; x_wconf 85' lang='lat' dir='ltr'><strong>plativa</strong></span> <span class='ocrx_word' id='word_1_523' title='bbox 2089 2435 2197 2496; x_wconf 65' lang='lat' dir='ltr'><strong>vita</strong></span> <span class='ocrx_word' id='word_1_524' title='bbox 2221 2443 2436 2497; x_wconf 89' lang='lat' dir='ltr'><strong>dicitur.</strong></span> <span class='ocrx_word' id='word_1_525' title='bbox 2465 2441 2674 2508; x_wconf 84' lang='lat' dir='ltr'><strong>Activa,</strong></span> <span class='ocrx_word' id='word_1_526' title='bbox 2703 2443 2757 2497; x_wconf 89' lang='lat' dir='ltr'><strong>in</strong></span> <span class='ocrx_word' id='word_1_527' title='bbox 2781 2459 2884 2513; x_wconf 91' lang='lat' dir='ltr'><strong>qua</strong></span> <span class='ocrx_word' id='word_1_528' title='bbox 2908 2459 3085 2498; x_wconf 89' lang='lat' dir='ltr'><strong>mores</strong></span> <span class='ocrx_word' id='word_1_529' title='bbox 3112 2459 3238 2499; x_wconf 91' lang='lat' dir='ltr'><strong>suos</strong></span> <span class='ocrx_word' id='word_1_530' title='bbox 3264 2459 3448 2500; x_wconf 89' lang='lat' dir='ltr'><strong>emen-</strong></span> 
     </span>
    </p>
   </div>
   <div class='ocr_carea' id='block_1_70' title="bbox 1869 2531 3448 2603">
    <p class='ocr_par' dir='ltr' id='par_1_70' title="bbox 1869 2531 3448 2603">
     <span class='ocr_line' id='line_1_70' title="bbox 1869 2531 3448 2603; baseline 0.003 -17"><span class='ocrx_word' id='word_1_531' title='bbox 1869 2533 1980 2587; x_wconf 91' lang='lat' dir='ltr'><strong>dat.</strong></span> <span class='ocrx_word' id='word_1_532' title='bbox 2008 2531 2433 2602; x_wconf 83' lang='lat' dir='ltr'><strong>Contcmplativa</strong></span> <span class='ocrx_word' id='word_1_533' title='bbox 2454 2547 2583 2587; x_wconf 81' lang='lat' dir='ltr'><strong>vero</strong></span> <span class='ocrx_word' id='word_1_534' title='bbox 2603 2532 2658 2586; x_wconf 93' lang='lat' dir='ltr'><strong>in</strong></span> <span class='ocrx_word' id='word_1_535' title='bbox 2681 2533 3130 2603; x_wconf 88' lang='lat' dir='ltr'><strong>contemplatione</strong></span> <span class='ocrx_word' id='word_1_536' title='bbox 3149 2534 3448 2590; x_wconf 74' lang='lat' dir='ltr'><strong>cmlestium</strong></span> 
     </span>
    </p>
   </div>
   <div class='ocr_carea' id='block_1_71' title="bbox 1870 2624 3449 2696">
    <p class='ocr_par' dir='ltr' id='par_1_71' title="bbox 1870 2624 3449 2696">
     <span class='ocr_line' id='line_1_71' title="bbox 1870 2624 3449 2696; baseline -0.001 -15"><span class='ocrx_word' id='word_1_537' title='bbox 1870 2633 1926 2681; x_wconf 87' lang='lat' dir='ltr'><strong>et</strong></span> <span class='ocrx_word' id='word_1_538' title='bbox 1969 2625 2270 2679; x_wconf 86' lang='lat' dir='ltr'><strong>divinarum</strong></span> <span class='ocrx_word' id='word_1_539' title='bbox 2319 2624 2719 2694; x_wconf 85' lang='lat' dir='ltr'><strong>Scripturarum</strong></span> <span class='ocrx_word' id='word_1_540' title='bbox 2772 2625 3130 2696; x_wconf 89' lang='lat' dir='ltr'><strong>disputatione</strong></span> <span class='ocrx_word' id='word_1_541' title='bbox 3177 2633 3449 2680; x_wconf 86' lang='lat' dir='ltr'><strong>versatur.</strong></span> 
     </span>
    </p>
   </div>
   <div class='ocr_carea' id='block_1_72' title="bbox 1871 2717 3450 2788">
    <p class='ocr_par' dir='ltr' id='par_1_72' title="bbox 1871 2717 3450 2788">
     <span class='ocr_line' id='line_1_72' title="bbox 1871 2717 3450 2788; baseline 0.001 -17"><span class='ocrx_word' id='word_1_542' title='bbox 1871 2718 2000 2786; x_wconf 72' lang='lat' dir='ltr'><strong>Qua:</strong></span> <span class='ocrx_word' id='word_1_543' title='bbox 2028 2734 2131 2772; x_wconf 89' lang='lat' dir='ltr'><strong>non</strong></span> <span class='ocrx_word' id='word_1_544' title='bbox 2172 2724 2346 2787; x_wconf 83' lang='lat' dir='ltr'><strong>potest</strong></span> <span class='ocrx_word' id='word_1_545' title='bbox 2396 2717 2578 2772; x_wconf 80' lang='lat' dir='ltr'><strong>venire</strong></span> <span class='ocrx_word' id='word_1_546' title='bbox 2626 2717 2693 2772; x_wconf 89' lang='lat' dir='ltr'><strong>ad</strong></span> <span class='ocrx_word' id='word_1_547' title='bbox 2723 2717 2990 2788; x_wconf 90' lang='lat' dir='ltr'><strong>spiritum,</strong></span> <span class='ocrx_word' id='word_1_548' title='bbox 3020 2719 3119 2773; x_wconf 89' lang='lat' dir='ltr'><strong>nisi</strong></span> <span class='ocrx_word' id='word_1_549' title='bbox 3159 2732 3257 2788; x_wconf 89' lang='lat' dir='ltr'><strong>per</strong></span> <span class='ocrx_word' id='word_1_550' title='bbox 3281 2719 3450 2774; x_wconf 87' lang='lat' dir='ltr'><strong>histo-</strong></span> 
     </span>
    </p>
   </div>
   <div class='ocr_carea' id='block_1_73' title="bbox 1872 2807 3450 2880">
    <p class='ocr_par' dir='ltr' id='par_1_73' title="bbox 1872 2807 3450 2880">
     <span class='ocr_line' id='line_1_73' title="bbox 1872 2807 3450 2880; baseline 0 -16"><span class='ocrx_word' id='word_1_551' title='bbox 1872 2809 2029 2876; x_wconf 90' lang='lat' dir='ltr'><strong>riam,</strong></span> <span class='ocrx_word' id='word_1_552' title='bbox 2066 2824 2186 2878; x_wconf 74' lang='lat' dir='ltr'><strong>quze</strong></span> <span class='ocrx_word' id='word_1_553' title='bbox 2219 2816 2302 2863; x_wconf 87' lang='lat' dir='ltr'><strong>est</strong></span> <span class='ocrx_word' id='word_1_554' title='bbox 2345 2823 2540 2878; x_wconf 89' lang='lat' dir='ltr'><strong>corpus</strong></span> <span class='ocrx_word' id='word_1_555' title='bbox 2581 2807 2796 2874; x_wconf 71' lang='lat' dir='ltr'><strong>litterm,</strong></span> <span class='ocrx_word' id='word_1_556' title='bbox 2829 2817 3082 2878; x_wconf 87' lang='lat' dir='ltr'><strong>tanquam</strong></span> <span class='ocrx_word' id='word_1_557' title='bbox 3125 2824 3321 2880; x_wconf 85' lang='lat' dir='ltr'><strong>corpus</strong></span> <span class='ocrx_word' id='word_1_558' title='bbox 3348 2810 3450 2864; x_wconf 90' lang='lat' dir='ltr'><strong>ho-</strong></span> 
     </span>
    </p>
   </div>
   <div class='ocr_carea' id='block_1_74' title="bbox 1871 2900 3452 2972">
    <p class='ocr_par' dir='ltr' id='par_1_74' title="bbox 1871 2900 3452 2972">
     <span class='ocr_line' id='line_1_74' title="bbox 1871 2900 3452 2972; baseline 0.001 -17"><span class='ocrx_word' id='word_1_559' title='bbox 1871 2901 2061 2968; x_wconf 89' lang='lat' dir='ltr'><strong>minis;</strong></span> <span class='ocrx_word' id='word_1_560' title='bbox 2091 2900 2283 2956; x_wconf 87' lang='lat' dir='ltr'><strong>dcinde</strong></span> <span class='ocrx_word' id='word_1_561' title='bbox 2301 2901 2603 2956; x_wconf 88' lang='lat' dir='ltr'><strong>ascenderit</strong></span> <span class='ocrx_word' id='word_1_562' title='bbox 2625 2901 2694 2956; x_wconf 89' lang='lat' dir='ltr'><strong>ad</strong></span> <span class='ocrx_word' id='word_1_563' title='bbox 2721 2900 2977 2956; x_wconf 89' lang='lat' dir='ltr'><strong>moralem</strong></span> <span class='ocrx_word' id='word_1_564' title='bbox 2998 2901 3300 2968; x_wconf 86' lang='lat' dir='ltr'><strong>scientiam,</strong></span> <span class='ocrx_word' id='word_1_565' title='bbox 3331 2916 3452 2972; x_wconf 72' lang='lat' dir='ltr'><strong>qua:</strong></span> 
     </span>
    </p>
   </div>
   <div class='ocr_carea' id='block_1_75' title="bbox 1873 2994 3452 3068">
    <p class='ocr_par' dir='ltr' id='par_1_75' title="bbox 1873 2994 3452 3068">
     <span class='ocr_line' id='line_1_75' title="bbox 1873 2994 3452 3068; baseline 0.001 -18"><span class='ocrx_word' id='word_1_566' title='bbox 1873 2995 1952 3050; x_wconf 90' lang='lat' dir='ltr'><strong>sic</strong></span> <span class='ocrx_word' id='word_1_567' title='bbox 1969 3004 2050 3050; x_wconf 90' lang='lat' dir='ltr'><strong>est</strong></span> <span class='ocrx_word' id='word_1_568' title='bbox 2074 2995 2128 3049; x_wconf 92' lang='lat' dir='ltr'><strong>in</strong></span> <span class='ocrx_word' id='word_1_569' title='bbox 2153 2994 2377 3050; x_wconf 87' lang='lat' dir='ltr'><strong>historia</strong></span> <span class='ocrx_word' id='word_1_570' title='bbox 2398 3002 2650 3064; x_wconf 88' lang='lat' dir='ltr'><strong>tanquam</strong></span> <span class='ocrx_word' id='word_1_571' title='bbox 2670 2995 2847 3050; x_wconf 90' lang='lat' dir='ltr'><strong>anima</strong></span> <span class='ocrx_word' id='word_1_572' title='bbox 2871 2996 3103 3051; x_wconf 89' lang='lat' dir='ltr'><strong>hominis</strong></span> <span class='ocrx_word' id='word_1_573' title='bbox 3123 2997 3174 3051; x_wconf 93' lang='lat' dir='ltr'><strong>in</strong></span> <span class='ocrx_word' id='word_1_574' title='bbox 3195 3012 3452 3068; x_wconf 87' lang='lat' dir='ltr'><strong>corpore;</strong></span> 
     </span>
    </p>
   </div>
   <div class='ocr_carea' id='block_1_76' title="bbox 1875 3089 3454 3160">
    <p class='ocr_par' dir='ltr' id='par_1_76' title="bbox 1875 3089 3454 3160">
     <span class='ocr_line' id='line_1_76' title="bbox 1875 3089 3454 3160; baseline 0.003 -16"><span class='ocrx_word' id='word_1_575' title='bbox 1875 3089 2067 3145; x_wconf 89' lang='lat' dir='ltr'><strong>deinde</strong></span> <span class='ocrx_word' id='word_1_576' title='bbox 2091 3091 2394 3146; x_wconf 86' lang='lat' dir='ltr'><strong>ascenderit</strong></span> <span class='ocrx_word' id='word_1_577' title='bbox 2427 3090 2494 3143; x_wconf 91' lang='lat' dir='ltr'><strong>ad</strong></span> <span class='ocrx_word' id='word_1_578' title='bbox 2519 3089 2789 3159; x_wconf 88' lang='lat' dir='ltr'><strong>spiritum,</strong></span> <span class='ocrx_word' id='word_1_579' title='bbox 2828 3090 2920 3160; x_wconf 89' lang='lat' dir='ltr'><strong>qui</strong></span> <span class='ocrx_word' id='word_1_580' title='bbox 2952 3091 3030 3146; x_wconf 92' lang='lat' dir='ltr'><strong>sic</strong></span> <span class='ocrx_word' id='word_1_581' title='bbox 3054 3100 3135 3146; x_wconf 92' lang='lat' dir='ltr'><strong>est</strong></span> <span class='ocrx_word' id='word_1_582' title='bbox 3168 3092 3223 3147; x_wconf 89' lang='lat' dir='ltr'><strong>in</strong></span> <span class='ocrx_word' id='word_1_583' title='bbox 3261 3091 3454 3150; x_wconf 90' lang='lat' dir='ltr'><strong>morali</strong></span> 
     </span>
    </p>
   </div>
   <div class='ocr_carea' id='block_1_77' title="bbox 1877 3179 3456 3251">
    <p class='ocr_par' dir='ltr' id='par_1_77' title="bbox 1877 3179 3456 3251">
     <span class='ocr_line' id='line_1_77' title="bbox 1877 3179 3456 3251; baseline 0.002 -15"><span class='ocrx_word' id='word_1_584' title='bbox 1877 3181 2123 3248; x_wconf 87' lang='lat' dir='ltr'><strong>scientia,</strong></span> <span class='ocrx_word' id='word_1_585' title='bbox 2173 3181 2267 3235; x_wconf 89' lang='lat' dir='ltr'><strong>ubi</strong></span> <span class='ocrx_word' id='word_1_586' title='bbox 2316 3181 2458 3236; x_wconf 87' lang='lat' dir='ltr'><strong>Deus</strong></span> <span class='ocrx_word' id='word_1_587' title='bbox 2503 3179 2793 3245; x_wconf 90' lang='lat' dir='ltr'><strong>invenitur,</strong></span> <span class='ocrx_word' id='word_1_588' title='bbox 2845 3179 2985 3235; x_wconf 88' lang='lat' dir='ltr'><strong>sicut</strong></span> <span class='ocrx_word' id='word_1_589' title='bbox 3025 3181 3247 3251; x_wconf 87' lang='lat' dir='ltr'><strong>spiritus</strong></span> <span class='ocrx_word' id='word_1_590' title='bbox 3286 3191 3370 3238; x_wconf 89' lang='lat' dir='ltr'><strong>est</strong></span> <span class='ocrx_word' id='word_1_591' title='bbox 3399 3183 3456 3241; x_wconf 86' lang='lat' dir='ltr'><strong>in</strong></span> 
     </span>
    </p>
   </div>
   <div class='ocr_carea' id='block_1_78' title="bbox 1879 3277 2607 3332">
    <p class='ocr_par' dir='ltr' id='par_1_78' title="bbox 1879 3277 2607 3332">
     <span class='ocr_line' id='line_1_78' title="bbox 1879 3277 2607 3332; baseline -0.001 -1"><span class='ocrx_word' id='word_1_592' title='bbox 1879 3277 2058 3331; x_wconf 88' lang='lat' dir='ltr'><strong>anima</strong></span> <span class='ocrx_word' id='word_1_593' title='bbox 2082 3277 2174 3332; x_wconf 91' lang='lat' dir='ltr'><strong>ubi</strong></span> <span class='ocrx_word' id='word_1_594' title='bbox 2201 3277 2341 3331; x_wconf 89' lang='lat' dir='ltr'><strong>Deus</strong></span> <span class='ocrx_word' id='word_1_595' title='bbox 2377 3277 2607 3331; x_wconf 89' lang='lat' dir='ltr'><strong>videtur.</strong></span> 
     </span>
    </p>
   </div>
   <div class='ocr_carea' id='block_1_79' title="bbox 1947 3364 3456 3438">
    <p class='ocr_par' dir='ltr' id='par_1_79' title="bbox 1947 3364 3456 3438">
     <span class='ocr_line' id='line_1_79' title="bbox 1947 3364 3456 3438; baseline -0.003 -15"><span class='ocrx_word' id='word_1_596' title='bbox 1947 3366 2058 3423; x_wconf 73' lang='lat' dir='ltr'><strong>CX.</strong></span> <span class='ocrx_word' id='word_1_597' title='bbox 2098 3367 2236 3422; x_wconf 88' lang='lat' dir='ltr'><strong>Ecce</strong></span> <span class='ocrx_word' id='word_1_598' title='bbox 2282 3366 2554 3421; x_wconf 90' lang='lat' dir='ltr'><strong>hominem</strong></span> <span class='ocrx_word' id='word_1_599' title='bbox 2600 3365 2889 3438; x_wconf 86' lang='lat' dir='ltr'><strong>integrum,</strong></span> <span class='ocrx_word' id='word_1_600' title='bbox 2919 3379 3164 3435; x_wconf 81' lang='lat' dir='ltr'><strong>carpore,</strong></span> <span class='ocrx_word' id='word_1_601' title='bbox 3185 3364 3364 3419; x_wconf 91' lang='lat' dir='ltr'><strong>anima</strong></span> <span class='ocrx_word' id='word_1_602' title='bbox 3400 3369 3456 3419; x_wconf 85' lang='lat' dir='ltr'><strong>et</strong></span> 
     </span>
    </p>
   </div>
   <div class='ocr_carea' id='block_1_80' title="bbox 1876 3454 3457 3534">
    <p class='ocr_par' dir='ltr' id='par_1_80' title="bbox 1876 3454 3457 3534">
     <span class='ocr_line' id='line_1_80' title="bbox 1876 3454 3457 3534; baseline -0.004 -17"><span class='ocrx_word' id='word_1_603' title='bbox 1876 3463 2088 3534; x_wconf 87' lang='lat' dir='ltr'><strong>spiritu.</strong></span> <span class='ocrx_word' id='word_1_604' title='bbox 2115 3462 2255 3516; x_wconf 84' lang='lat' dir='ltr'><strong>Ecce</strong></span> <span class='ocrx_word' id='word_1_605' title='bbox 2275 3467 2329 3514; x_wconf 89' lang='lat' dir='ltr'><strong>et</strong></span> <span class='ocrx_word' id='word_1_606' title='bbox 2352 3457 2549 3514; x_wconf 91' lang='lat' dir='ltr'><strong>librum</strong></span> <span class='ocrx_word' id='word_1_607' title='bbox 2576 3459 2862 3529; x_wconf 87' lang='lat' dir='ltr'><strong>integrum,</strong></span> <span class='ocrx_word' id='word_1_608' title='bbox 2888 3459 3134 3522; x_wconf 89' lang='lat' dir='ltr'><strong>historia,</strong></span> <span class='ocrx_word' id='word_1_609' title='bbox 3160 3454 3457 3525; x_wconf 87' lang='lat' dir='ltr'><strong>tropologia</strong></span> 
     </span>
    </p>
   </div>
   <div class='ocr_carea' id='block_1_81' title="bbox 1876 3548 3455 3626">
    <p class='ocr_par' dir='ltr' id='par_1_81' title="bbox 1876 3548 3455 3626">
     <span class='ocr_line' id='line_1_81' title="bbox 1876 3548 3455 3626; baseline -0.006 -16"><span class='ocrx_word' id='word_1_610' title='bbox 1876 3564 1931 3610; x_wconf 87' lang='lat' dir='ltr'><strong>et</strong></span> <span class='ocrx_word' id='word_1_611' title='bbox 1952 3554 2178 3626; x_wconf 83' lang='lat' dir='ltr'><strong>mystica</strong></span> <span class='ocrx_word' id='word_1_612' title='bbox 2202 3552 2570 3623; x_wconf 84' lang='lat' dir='ltr'><strong>intelligentia.</strong></span> <span class='ocrx_word' id='word_1_613' title='bbox 2605 3551 2743 3605; x_wconf 84' lang='lat' dir='ltr'><strong>Ecce</strong></span> <span class='ocrx_word' id='word_1_614' title='bbox 2774 3558 2829 3605; x_wconf 91' lang='lat' dir='ltr'><strong>et</strong></span> <span class='ocrx_word' id='word_1_615' title='bbox 2856 3550 3129 3605; x_wconf 90' lang='lat' dir='ltr'><strong>Christum</strong></span> <span class='ocrx_word' id='word_1_616' title='bbox 3161 3548 3455 3617; x_wconf 86' lang='lat' dir='ltr'><strong>integrum,</strong></span> 
     </span>
    </p>
   </div>
   <div class='ocr_carea' id='block_1_82' title="bbox 1875 3638 3454 3707">
    <p class='ocr_par' dir='ltr' id='par_1_82' title="bbox 1875 3638 3454 3707">
     <span class='ocr_line' id='line_1_82' title="bbox 1875 3638 3454 3707; baseline -0.006 -6"><span class='ocrx_word' id='word_1_617' title='bbox 1875 3644 2132 3707; x_wconf 85' lang='lat' dir='ltr'><strong>Verbum,</strong></span> <span class='ocrx_word' id='word_1_618' title='bbox 2157 3643 2334 3697; x_wconf 88' lang='lat' dir='ltr'><strong>anima</strong></span> <span class='ocrx_word' id='word_1_619' title='bbox 2362 3650 2415 3697; x_wconf 90' lang='lat' dir='ltr'><strong>et</strong></span> <span class='ocrx_word' id='word_1_620' title='bbox 2437 3657 2583 3697; x_wconf 87' lang='lat' dir='ltr'><strong>caro.</strong></span> <span class='ocrx_word' id='word_1_621' title='bbox 2617 3641 2673 3697; x_wconf 90' lang='lat' dir='ltr'><strong>Si</strong></span> <span class='ocrx_word' id='word_1_622' title='bbox 2699 3657 2765 3696; x_wconf 86' lang='lat' dir='ltr'><strong>ex</strong></span> <span class='ocrx_word' id='word_1_623' title='bbox 2791 3641 2963 3696; x_wconf 85' lang='lat' dir='ltr'><strong>tribus</strong></span> <span class='ocrx_word' id='word_1_624' title='bbox 2983 3654 3150 3694; x_wconf 91' lang='lat' dir='ltr'><strong>unum</strong></span> <span class='ocrx_word' id='word_1_625' title='bbox 3178 3638 3454 3693; x_wconf 85' lang='lat' dir='ltr'><strong>subtraxe-</strong></span> 
     </span>
    </p>
   </div>
   <div class='ocr_carea' id='block_1_83' title="bbox 1877 3726 3454 3797">
    <p class='ocr_par' dir='ltr' id='par_1_83' title="bbox 1877 3726 3454 3797">
     <span class='ocr_line' id='line_1_83' title="bbox 1877 3726 3454 3797; baseline -0.006 -9"><span class='ocrx_word' id='word_1_626' title='bbox 1877 3734 1955 3789; x_wconf 90' lang='lat' dir='ltr'><strong>ris</strong></span> <span class='ocrx_word' id='word_1_627' title='bbox 1984 3732 2208 3795; x_wconf 90' lang='lat' dir='ltr'><strong>homini,</strong></span> <span class='ocrx_word' id='word_1_628' title='bbox 2246 3739 2338 3787; x_wconf 84' lang='lat' dir='ltr'><strong>aut</strong></span> <span class='ocrx_word' id='word_1_629' title='bbox 2377 3746 2615 3797; x_wconf 90' lang='lat' dir='ltr'><strong>carnem,</strong></span> <span class='ocrx_word' id='word_1_630' title='bbox 2648 3739 2738 3785; x_wconf 88' lang='lat' dir='ltr'><strong>aut</strong></span> <span class='ocrx_word' id='word_1_631' title='bbox 2763 3731 3018 3794; x_wconf 88' lang='lat' dir='ltr'><strong>animam,</strong></span> <span class='ocrx_word' id='word_1_632' title='bbox 3049 3736 3141 3782; x_wconf 90' lang='lat' dir='ltr'><strong>aut</strong></span> <span class='ocrx_word' id='word_1_633' title='bbox 3181 3726 3454 3796; x_wconf 89' lang='lat' dir='ltr'><strong>spiritum,</strong></span> 
     </span>
    </p>
   </div>
   <div class='ocr_carea' id='block_1_84' title="bbox 1876 3816 3452 3895">
    <p class='ocr_par' dir='ltr' id='par_1_84' title="bbox 1876 3816 3452 3895">
     <span class='ocr_line' id='line_1_84' title="bbox 1876 3816 3452 3895; baseline -0.008 -13"><span class='ocrx_word' id='word_1_634' title='bbox 1876 3827 2040 3882; x_wconf 90' lang='lat' dir='ltr'><strong>homo</strong></span> <span class='ocrx_word' id='word_1_635' title='bbox 2078 3825 2287 3895; x_wconf 86' lang='lat' dir='ltr'><strong>integer</strong></span> <span class='ocrx_word' id='word_1_636' title='bbox 2325 3840 2430 3880; x_wconf 92' lang='lat' dir='ltr'><strong>non</strong></span> <span class='ocrx_word' id='word_1_637' title='bbox 2481 3831 2581 3878; x_wconf 90' lang='lat' dir='ltr'><strong>est.</strong></span> <span class='ocrx_word' id='word_1_638' title='bbox 2619 3822 2837 3877; x_wconf 87' lang='lat' dir='ltr'><strong>Etcum</strong></span> <span class='ocrx_word' id='word_1_639' title='bbox 2886 3821 3092 3890; x_wconf 83' lang='lat' dir='ltr'><strong>integer</strong></span> <span class='ocrx_word' id='word_1_640' title='bbox 3126 3834 3233 3874; x_wconf 91' lang='lat' dir='ltr'><strong>non</strong></span> <span class='ocrx_word' id='word_1_641' title='bbox 3270 3816 3452 3881; x_wconf 84' lang='lat' dir='ltr'><strong>fuerit,</strong></span> 
     </span>
    </p>
   </div>
   <div class='ocr_carea' id='block_1_85' title="bbox 1877 3907 3456 3988">
    <p class='ocr_par' dir='ltr' id='par_1_85' title="bbox 1877 3907 3456 3988">
     <span class='ocr_line' id='line_1_85' title="bbox 1877 3907 3456 3988; baseline -0.006 -16"><span class='ocrx_word' id='word_1_642' title='bbox 1877 3931 2042 3988; x_wconf 86' lang='lat' dir='ltr'><strong>pecus</strong></span> <span class='ocrx_word' id='word_1_643' title='bbox 2075 3917 2198 3981; x_wconf 89' lang='lat' dir='ltr'><strong>erit,</strong></span> <span class='ocrx_word' id='word_1_644' title='bbox 2248 3915 2370 3986; x_wconf 89' lang='lat' dir='ltr'><strong>quia</strong></span> <span class='ocrx_word' id='word_1_645' title='bbox 2419 3913 2473 3968; x_wconf 90' lang='lat' dir='ltr'><strong>in</strong></span> <span class='ocrx_word' id='word_1_646' title='bbox 2516 3914 2629 3968; x_wconf 90' lang='lat' dir='ltr'><strong>sola</strong></span> <span class='ocrx_word' id='word_1_647' title='bbox 2664 3913 2843 3968; x_wconf 90' lang='lat' dir='ltr'><strong>anima</strong></span> <span class='ocrx_word' id='word_1_648' title='bbox 2885 3918 2940 3967; x_wconf 85' lang='lat' dir='ltr'><strong>et</strong></span> <span class='ocrx_word' id='word_1_649' title='bbox 2981 3925 3144 3966; x_wconf 89' lang='lat' dir='ltr'><strong>carne</strong></span> <span class='ocrx_word' id='word_1_650' title='bbox 3175 3907 3456 3964; x_wconf 87' lang='lat' dir='ltr'><strong>remansit.</strong></span> 
     </span>
    </p>
   </div>
   <div class='ocr_carea' id='block_1_86' title="bbox 1881 4000 3462 4064">
    <p class='ocr_par' dir='ltr' id='par_1_86' title="bbox 1881 4000 3462 4064">
     <span class='ocr_line' id='line_1_86' title="bbox 1881 4000 3462 4064; baseline -0.008 0"><span class='ocrx_word' id='word_1_651' title='bbox 1881 4009 1974 4064; x_wconf 88' lang='lat' dir='ltr'><strong>Sic</strong></span> <span class='ocrx_word' id='word_1_652' title='bbox 1997 4017 2051 4064; x_wconf 92' lang='lat' dir='ltr'><strong>et</strong></span> <span class='ocrx_word' id='word_1_653' title='bbox 2072 4007 2198 4062; x_wconf 91' lang='lat' dir='ltr'><strong>huic</strong></span> <span class='ocrx_word' id='word_1_654' title='bbox 2221 4006 2378 4063; x_wconf 88' lang='lat' dir='ltr'><strong>libro.</strong></span> <span class='ocrx_word' id='word_1_655' title='bbox 2410 4004 2469 4060; x_wconf 91' lang='lat' dir='ltr'><strong>Si</strong></span> <span class='ocrx_word' id='word_1_656' title='bbox 2497 4022 2561 4061; x_wconf 80' lang='lat' dir='ltr'><strong>cx</strong></span> <span class='ocrx_word' id='word_1_657' title='bbox 2586 4005 2758 4060; x_wconf 84' lang='lat' dir='ltr'><strong>tribus</strong></span> <span class='ocrx_word' id='word_1_658' title='bbox 2782 4019 2947 4058; x_wconf 92' lang='lat' dir='ltr'><strong>unum</strong></span> <span class='ocrx_word' id='word_1_659' title='bbox 2974 4000 3330 4063; x_wconf 84' lang='lat' dir='ltr'><strong>subtraxeris,</strong></span> <span class='ocrx_word' id='word_1_660' title='bbox 3367 4005 3462 4053; x_wconf 85' lang='lat' dir='ltr'><strong>aut</strong></span> 
     </span>
    </p>
   </div>
   <div class='ocr_carea' id='block_1_87' title="bbox 1878 4089 3462 4166">
    <p class='ocr_par' dir='ltr' id='par_1_87' title="bbox 1878 4089 3462 4166">
     <span class='ocr_line' id='line_1_87' title="bbox 1878 4089 3462 4166; baseline -0.009 -10"><span class='ocrx_word' id='word_1_661' title='bbox 1878 4099 2182 4163; x_wconf 89' lang='lat' dir='ltr'><strong>historiam,</strong></span> <span class='ocrx_word' id='word_1_662' title='bbox 2223 4105 2316 4153; x_wconf 90' lang='lat' dir='ltr'><strong>aut</strong></span> <span class='ocrx_word' id='word_1_663' title='bbox 2343 4095 2712 4166; x_wconf 85' lang='lat' dir='ltr'><strong>tropologiam,</strong></span> <span class='ocrx_word' id='word_1_664' title='bbox 2756 4101 2849 4149; x_wconf 92' lang='lat' dir='ltr'><strong>aut</strong></span> <span class='ocrx_word' id='word_1_665' title='bbox 2891 4092 3224 4162; x_wconf 89' lang='lat' dir='ltr'><strong>spiritualem</strong></span> <span class='ocrx_word' id='word_1_666' title='bbox 3264 4089 3462 4144; x_wconf 83' lang='lat' dir='ltr'><strong>intelli-</strong></span> 
     </span>
    </p>
   </div>
   <div class='ocr_carea' id='block_1_88' title="bbox 1881 4182 3458 4263">
    <p class='ocr_par' dir='ltr' id='par_1_88' title="bbox 1881 4182 3458 4263">
     <span class='ocr_line' id='line_1_88' title="bbox 1881 4182 3458 4263; baseline -0.008 -17"><span class='ocrx_word' id='word_1_667' title='bbox 1881 4191 2133 4263; x_wconf 84' lang='lat' dir='ltr'><strong>gentiam,</strong></span> <span class='ocrx_word' id='word_1_668' title='bbox 2162 4191 2306 4247; x_wconf 89' lang='lat' dir='ltr'><strong>unde</strong></span> <span class='ocrx_word' id='word_1_669' title='bbox 2333 4189 2487 4245; x_wconf 86' lang='lat' dir='ltr'><strong>vivas</strong></span> <span class='ocrx_word' id='word_1_670' title='bbox 2528 4203 2635 4244; x_wconf 91' lang='lat' dir='ltr'><strong>non</strong></span> <span class='ocrx_word' id='word_1_671' title='bbox 2664 4187 2850 4251; x_wconf 90' lang='lat' dir='ltr'><strong>habes,</strong></span> <span class='ocrx_word' id='word_1_672' title='bbox 2880 4185 3007 4255; x_wconf 91' lang='lat' dir='ltr'><strong>quia</strong></span> <span class='ocrx_word' id='word_1_673' title='bbox 3048 4182 3323 4239; x_wconf 91' lang='lat' dir='ltr'><strong>Christum</strong></span> <span class='ocrx_word' id='word_1_674' title='bbox 3349 4195 3458 4235; x_wconf 91' lang='lat' dir='ltr'><strong>non</strong></span> 
     </span>
    </p>
   </div>
   <div class='ocr_carea' id='block_1_89' title="bbox 1881 4272 3462 4350">
    <p class='ocr_par' dir='ltr' id='par_1_89' title="bbox 1881 4272 3462 4350">
     <span class='ocr_line' id='line_1_89' title="bbox 1881 4272 3462 4350; baseline -0.007 -12"><span class='ocrx_word' id='word_1_675' title='bbox 1881 4284 2069 4338; x_wconf 89' lang='lat' dir='ltr'><strong>habes.</strong></span> <span class='ocrx_word' id='word_1_676' title='bbox 2114 4282 2242 4337; x_wconf 84' lang='lat' dir='ltr'><strong>Haec</strong></span> <span class='ocrx_word' id='word_1_677' title='bbox 2288 4281 2567 4350; x_wconf 89' lang='lat' dir='ltr'><strong>Scriptura</strong></span> <span class='ocrx_word' id='word_1_678' title='bbox 2619 4293 2814 4348; x_wconf 88' lang='lat' dir='ltr'><strong>corpus</strong></span> <span class='ocrx_word' id='word_1_679' title='bbox 2859 4275 3058 4332; x_wconf 75' lang='lat' dir='ltr'><strong>Christi</strong></span> <span class='ocrx_word' id='word_1_680' title='bbox 3107 4282 3208 4330; x_wconf 89' lang='lat' dir='ltr'><strong>est.</strong></span> <span class='ocrx_word' id='word_1_681' title='bbox 3251 4273 3320 4327; x_wconf 88' lang='lat' dir='ltr'><strong>Et</strong></span> <span class='ocrx_word' id='word_1_682' title='bbox 3345 4272 3462 4341; x_wconf 83' lang='lat' dir='ltr'><strong>ipse</strong></span> 
     </span>
    </p>
   </div>
   <div class='ocr_carea' id='block_1_90' title="bbox 1881 4361 3460 4447">
    <p class='ocr_par' dir='ltr' id='par_1_90' title="bbox 1881 4361 3460 4447">
     <span class='ocr_line' id='line_1_90' title="bbox 1881 4361 3460 4447; baseline -0.011 -13"><span class='ocrx_word' id='word_1_683' title='bbox 1881 4392 2079 4447; x_wconf 87' lang='lat' dir='ltr'><strong>corpus</strong></span> <span class='ocrx_word' id='word_1_684' title='bbox 2121 4375 2277 4445; x_wconf 89' lang='lat' dir='ltr'><strong>panis</strong></span> <span class='ocrx_word' id='word_1_685' title='bbox 2302 4383 2490 4429; x_wconf 89' lang='lat' dir='ltr'><strong>noster</strong></span> <span class='ocrx_word' id='word_1_686' title='bbox 2528 4380 2631 4428; x_wconf 90' lang='lat' dir='ltr'><strong>est.</strong></span> <span class='ocrx_word' id='word_1_687' title='bbox 2673 4371 2772 4425; x_wconf 86' lang='lat' dir='ltr'><strong>Hic</strong></span> <span class='ocrx_word' id='word_1_688' title='bbox 2799 4376 2883 4425; x_wconf 89' lang='lat' dir='ltr'><strong>est</strong></span> <span class='ocrx_word' id='word_1_689' title='bbox 2915 4368 3053 4423; x_wconf 88' lang='lat' dir='ltr'><strong>liber</strong></span> <span class='ocrx_word' id='word_1_690' title='bbox 3080 4366 3137 4421; x_wconf 91' lang='lat' dir='ltr'><strong>in</strong></span> <span class='ocrx_word' id='word_1_691' title='bbox 3163 4377 3260 4445; x_wconf 80' lang='lat' dir='ltr'><strong>ore</strong></span> <span class='ocrx_word' id='word_1_692' title='bbox 3287 4361 3460 4418; x_wconf 89' lang='lat' dir='ltr'><strong>dulcis</strong></span> 
     </span>
    </p>
   </div>
   <div class='ocr_carea' id='block_1_91' title="bbox 1885 4453 3457 4530">
    <p class='ocr_par' dir='ltr' id='par_1_91' title="bbox 1885 4453 3457 4530">
     <span class='ocr_line' id='line_1_91' title="bbox 1885 4453 3457 4530; baseline -0.011 -6"><span class='ocrx_word' id='word_1_693' title='bbox 1885 4476 1940 4525; x_wconf 88' lang='lat' dir='ltr'><strong>et</strong></span> <span class='ocrx_word' id='word_1_694' title='bbox 1972 4469 2026 4522; x_wconf 90' lang='lat' dir='ltr'><strong>in</strong></span> <span class='ocrx_word' id='word_1_695' title='bbox 2049 4474 2236 4522; x_wconf 85' lang='lat' dir='ltr'><strong>ventre</strong></span> <span class='ocrx_word' id='word_1_696' title='bbox 2257 4479 2493 4519; x_wconf 89' lang='lat' dir='ltr'><strong>amarus.</strong></span> <span class='ocrx_word' id='word_1_697' title='bbox 2521 4463 2656 4530; x_wconf 87' lang='lat' dir='ltr'><strong>Quia</strong></span> <span class='ocrx_word' id='word_1_698' title='bbox 2679 4477 2800 4517; x_wconf 91' lang='lat' dir='ltr'><strong>cum</strong></span> <span class='ocrx_word' id='word_1_699' title='bbox 2823 4458 3143 4530; x_wconf 63' lang='lat' dir='ltr'><strong>praedicatur</strong></span> <span class='ocrx_word' id='word_1_700' title='bbox 3163 4463 3247 4510; x_wconf 91' lang='lat' dir='ltr'><strong>est</strong></span> <span class='ocrx_word' id='word_1_701' title='bbox 3262 4453 3457 4520; x_wconf 86' lang='lat' dir='ltr'><strong>dulcis,</strong></span> 
     </span>
    </p>
   </div>
   <div class='ocr_carea' id='block_1_92' title="bbox 201 4544 3460 4641">
    <p class='ocr_par' dir='ltr' id='par_1_92' title="bbox 201 4544 3460 4641">
     <span class='ocr_line' id='line_1_92' title="bbox 201 4544 3460 4641; baseline -0.01 -11"><span class='ocrx_word' id='word_1_702' title='bbox 201 4544 352 4630; x_wconf 72' lang='lat' dir='ltr'><strong>sicut</strong></span> <span class='ocrx_word' id='word_1_703' title='bbox 381 4544 594 4630; x_wconf 62' lang='lat' dir='ltr'><strong>secreto</strong></span> <span class='ocrx_word' id='word_1_704' title='bbox 632 4587 731 4630; x_wconf 87' lang='lat' dir='ltr'><strong>suo</strong></span> <span class='ocrx_word' id='word_1_705' title='bbox 767 4544 882 4641; x_wconf 89' lang='lat' dir='ltr'><strong>ipsa</strong></span> <span class='ocrx_word' id='word_1_706' title='bbox 927 4568 1178 4626; x_wconf 86' lang='lat' dir='ltr'><strong>divinitas</strong></span> <span class='ocrx_word' id='word_1_707' title='bbox 1225 4565 1615 4622; x_wconf 89' lang='lat' dir='ltr'><strong>occultabatur.</strong></span> <span class='ocrx_word' id='word_1_708' title='bbox 1647 4562 1784 4617; x_wconf 86' lang='lat' dir='ltr'><strong>Nam</strong></span> <span class='ocrx_word' id='word_1_709' title='bbox 1806 4577 1862 4639; x_wconf 72' lang='grc' dir='ltr'><strong>υ</strong></span> <span class='ocrx_word' id='word_1_710' title='bbox 1885 4568 1940 4617; x_wconf 89' lang='lat' dir='ltr'><strong>et</strong></span> <span class='ocrx_word' id='word_1_711' title='bbox 1965 4573 2085 4614; x_wconf 91' lang='lat' dir='ltr'><strong>eum</strong></span> <span class='ocrx_word' id='word_1_712' title='bbox 2118 4557 2295 4613; x_wconf 85' lang='lat' dir='ltr'><strong>facere</strong></span> <span class='ocrx_word' id='word_1_713' title='bbox 2317 4554 2640 4625; x_wconf 85' lang='lat' dir='ltr'><strong>coeperimus</strong></span> <span class='ocrx_word' id='word_1_714' title='bbox 2663 4552 2806 4623; x_wconf 90' lang='lat' dir='ltr'><strong>quod</strong></span> <span class='ocrx_word' id='word_1_715' title='bbox 2834 4550 2906 4606; x_wconf 92' lang='lat' dir='ltr'><strong>ibi</strong></span> <span class='ocrx_word' id='word_1_716' title='bbox 2933 4548 3191 4617; x_wconf 89' lang='lat' dir='ltr'><strong>scriptum</strong></span> <span class='ocrx_word' id='word_1_717' title='bbox 3215 4551 3317 4610; x_wconf 89' lang='lat' dir='ltr'><strong>est,</strong></span> <span class='ocrx_word' id='word_1_718' title='bbox 3341 4544 3460 4598; x_wconf 87' lang='lat' dir='ltr'><strong>sine</strong></span> 
     </span>
    </p>
   </div>
   <div class='ocr_carea' id='block_1_93' title="bbox 200 4656 1784 4732">
    <p class='ocr_par' dir='ltr' id='par_1_93' title="bbox 200 4656 1784 4732">
     <span class='ocr_line' id='line_1_93' title="bbox 200 4656 1784 4732; baseline -0.006 -11"><span class='ocrx_word' id='word_1_719' title='bbox 200 4675 341 4722; x_wconf 88' lang='lat' dir='ltr'><strong>tunc</strong></span> <span class='ocrx_word' id='word_1_720' title='bbox 363 4665 704 4720; x_wconf 78' lang='lat' dir='ltr'><strong>manifestata</strong></span> <span class='ocrx_word' id='word_1_721' title='bbox 728 4672 812 4719; x_wconf 90' lang='lat' dir='ltr'><strong>est</strong></span> <span class='ocrx_word' id='word_1_722' title='bbox 840 4661 928 4716; x_wconf 91' lang='lat' dir='ltr'><strong>illa</strong></span> <span class='ocrx_word' id='word_1_723' title='bbox 963 4660 1205 4732; x_wconf 90' lang='lat' dir='ltr'><strong>angelica</strong></span> <span class='ocrx_word' id='word_1_724' title='bbox 1233 4657 1478 4724; x_wconf 89' lang='lat' dir='ltr'><strong>scicntia,</strong></span> <span class='ocrx_word' id='word_1_725' title='bbox 1513 4671 1632 4727; x_wconf 82' lang='lat' dir='ltr'><strong>quae</strong></span> <span class='ocrx_word' id='word_1_726' title='bbox 1656 4656 1784 4711; x_wconf 92' lang='lat' dir='ltr'><strong>abs-</strong></span> 
     </span>
    </p>
   </div>
   <div class='ocr_carea' id='block_1_94' title="bbox 199 4747 1788 4823">
    <p class='ocr_par' dir='ltr' id='par_1_94' title="bbox 199 4747 1788 4823">
     <span class='ocr_line' id='line_1_94' title="bbox 199 4747 1788 4823; baseline -0.008 -11"><span class='ocrx_word' id='word_1_727' title='bbox 199 4770 374 4814; x_wconf 84' lang='lat' dir='ltr'><strong>eonsa</strong></span> <span class='ocrx_word' id='word_1_728' title='bbox 410 4756 612 4811; x_wconf 87' lang='lat' dir='ltr'><strong>latebat</strong></span> <span class='ocrx_word' id='word_1_729' title='bbox 635 4755 735 4810; x_wconf 91' lang='lat' dir='ltr'><strong>sub</strong></span> <span class='ocrx_word' id='word_1_730' title='bbox 775 4753 972 4818; x_wconf 90' lang='lat' dir='ltr'><strong>littera,</strong></span> <span class='ocrx_word' id='word_1_731' title='bbox 997 4751 1209 4823; x_wconf 87' lang='lat' dir='ltr'><strong>quando</strong></span> <span class='ocrx_word' id='word_1_732' title='bbox 1238 4751 1351 4820; x_wconf 89' lang='lat' dir='ltr'><strong>ipsa</strong></span> <span class='ocrx_word' id='word_1_733' title='bbox 1396 4747 1658 4803; x_wconf 89' lang='lat' dir='ltr'><strong>Divinitas</strong></span> <span class='ocrx_word' id='word_1_734' title='bbox 1691 4761 1788 4816; x_wconf 90' lang='lat' dir='ltr'><strong>per</strong></span> 
     </span>
    </p>
   </div>
   <div class='ocr_carea' id='block_1_95' title="bbox 200 4841 1786 4909">
    <p class='ocr_par' dir='ltr' id='par_1_95' title="bbox 200 4841 1786 4909">
     <span class='ocr_line' id='line_1_95' title="bbox 200 4841 1786 4909; baseline -0.01 0"><span class='ocrx_word' id='word_1_735' title='bbox 200 4867 428 4909; x_wconf 87' lang='lat' dir='ltr'><strong>carnem</strong></span> <span class='ocrx_word' id='word_1_736' title='bbox 454 4858 536 4907; x_wconf 86' lang='lat' dir='ltr'><strong>est</strong></span> <span class='ocrx_word' id='word_1_737' title='bbox 559 4847 1031 4906; x_wconf 84' lang='lat' dir='ltr'><strong>manifestata.llic</strong></span> <span class='ocrx_word' id='word_1_738' title='bbox 1051 4846 1195 4903; x_wconf 91' lang='lat' dir='ltr'><strong>enim</strong></span> <span class='ocrx_word' id='word_1_739' title='bbox 1225 4845 1281 4900; x_wconf 91' lang='lat' dir='ltr'><strong>in</strong></span> <span class='ocrx_word' id='word_1_740' title='bbox 1311 4841 1556 4900; x_wconf 90' lang='lat' dir='ltr'><strong>interiori</strong></span> <span class='ocrx_word' id='word_1_741' title='bbox 1585 4841 1786 4908; x_wconf 87' lang='lat' dir='ltr'><strong>littera,</strong></span> 
     </span>
    </p>
   </div>
   <div class='ocr_carea' id='block_1_96' title="bbox 202 4936 1789 5016">
    <p class='ocr_par' dir='ltr' id='par_1_96' title="bbox 202 4936 1789 5016">
     <span class='ocr_line' id='line_1_96' title="bbox 202 4936 1789 5016; baseline -0.009 -14"><span class='ocrx_word' id='word_1_742' title='bbox 202 4945 265 5002; x_wconf 88' lang='lat' dir='ltr'><strong>id</strong></span> <span class='ocrx_word' id='word_1_743' title='bbox 289 4953 377 5000; x_wconf 85' lang='lat' dir='ltr'><strong>est</strong></span> <span class='ocrx_word' id='word_1_744' title='bbox 395 4944 607 5016; x_wconf 86' lang='lat' dir='ltr'><strong>spiritu,</strong></span> <span class='ocrx_word' id='word_1_745' title='bbox 638 4942 985 4998; x_wconf 85' lang='lat' dir='ltr'><strong>inveniuntur</strong></span> <span class='ocrx_word' id='word_1_746' title='bbox 1011 4939 1103 4996; x_wconf 91' lang='lat' dir='ltr'><strong>illa</strong></span> <span class='ocrx_word' id='word_1_747' title='bbox 1125 4936 1336 4994; x_wconf 92' lang='lat' dir='ltr'><strong>Domini</strong></span> <span class='ocrx_word' id='word_1_748' title='bbox 1364 4936 1621 4991; x_wconf 91' lang='lat' dir='ltr'><strong>interiora</strong></span> <span class='ocrx_word' id='word_1_749' title='bbox 1651 4940 1789 4988; x_wconf 87' lang='lat' dir='ltr'><strong>tem-</strong></span> 
     </span>
    </p>
   </div>
   <div class='ocr_carea' id='block_1_97' title="bbox 200 5028 1791 5109">
    <p class='ocr_par' dir='ltr' id='par_1_97' title="bbox 200 5028 1791 5109">
     <span class='ocr_line' id='line_1_97' title="bbox 200 5028 1791 5109; baseline -0.006 -17"><span class='ocrx_word' id='word_1_750' title='bbox 200 5039 297 5109; x_wconf 83' lang='lat' dir='ltr'><strong>pla</strong></span> <span class='ocrx_word' id='word_1_751' title='bbox 329 5050 345 5090; x_wconf 90' lang='lat'><strong>:</strong></span> <span class='ocrx_word' id='word_1_752' title='bbox 371 5037 461 5093; x_wconf 89' lang='lat' dir='ltr'><strong>hic</strong></span> <span class='ocrx_word' id='word_1_753' title='bbox 485 5035 578 5091; x_wconf 93' lang='lat' dir='ltr'><strong>illa</strong></span> <span class='ocrx_word' id='word_1_754' title='bbox 607 5044 792 5091; x_wconf 88' lang='lat' dir='ltr'><strong>sancta</strong></span> <span class='ocrx_word' id='word_1_755' title='bbox 813 5040 1143 5099; x_wconf 90' lang='lat' dir='ltr'><strong>sanctorum,</strong></span> <span class='ocrx_word' id='word_1_756' title='bbox 1168 5039 1229 5088; x_wconf 91' lang='lat' dir='ltr'><strong>ut</strong></span> <span class='ocrx_word' id='word_1_757' title='bbox 1252 5028 1368 5099; x_wconf 84' lang='lat' dir='ltr'><strong>jam</strong></span> <span class='ocrx_word' id='word_1_758' title='bbox 1396 5029 1487 5100; x_wconf 90' lang='lat' dir='ltr'><strong>qui</strong></span> <span class='ocrx_word' id='word_1_759' title='bbox 1516 5029 1589 5084; x_wconf 92' lang='lat' dir='ltr'><strong>ibi</strong></span> <span class='ocrx_word' id='word_1_760' title='bbox 1611 5028 1791 5098; x_wconf 78' lang='lat' dir='ltr'><strong>ingre-</strong></span> 
     </span>
    </p>
   </div>
   <div class='ocr_carea' id='block_1_98' title="bbox 202 5119 1792 5200">
    <p class='ocr_par' dir='ltr' id='par_1_98' title="bbox 202 5119 1792 5200">
     <span class='ocr_line' id='line_1_98' title="bbox 202 5119 1792 5200; baseline -0.009 -11"><span class='ocrx_word' id='word_1_761' title='bbox 202 5133 381 5196; x_wconf 88' lang='lat' dir='ltr'><strong>ditur,</strong></span> <span class='ocrx_word' id='word_1_762' title='bbox 405 5145 529 5187; x_wconf 89' lang='lat' dir='ltr'><strong>cum</strong></span> <span class='ocrx_word' id='word_1_763' title='bbox 548 5129 780 5186; x_wconf 89' lang='lat' dir='ltr'><strong>Domino</strong></span> <span class='ocrx_word' id='word_1_764' title='bbox 802 5129 1085 5200; x_wconf 88' lang='lat' dir='ltr'><strong>loquatur;</strong></span> <span class='ocrx_word' id='word_1_765' title='bbox 1113 5126 1254 5182; x_wconf 91' lang='lat' dir='ltr'><strong>sicut</strong></span> <span class='ocrx_word' id='word_1_766' title='bbox 1274 5123 1330 5179; x_wconf 88' lang='lat' dir='ltr'><strong>in</strong></span> <span class='ocrx_word' id='word_1_767' title='bbox 1354 5121 1592 5180; x_wconf 90' lang='lat' dir='ltr'><strong>Canticis</strong></span> <span class='ocrx_word' id='word_1_768' title='bbox 1618 5119 1792 5176; x_wconf 89' lang='lat' dir='ltr'><strong>canti-</strong></span> 
     </span>
    </p>
   </div>
   <div class='ocr_carea' id='block_1_99' title="bbox 201 5213 1786 5292">
    <p class='ocr_par' dir='ltr' id='par_1_99' title="bbox 201 5213 1786 5292">
     <span class='ocr_line' id='line_1_99' title="bbox 201 5213 1786 5292; baseline -0.009 -12"><span class='ocrx_word' id='word_1_769' title='bbox 201 5237 402 5280; x_wconf 85' lang='lat' dir='ltr'><strong>corum</strong></span> <span class='ocrx_word' id='word_1_770' title='bbox 445 5235 514 5276; x_wconf 85' lang='lat' dir='ltr'><strong>ex</strong></span> <span class='ocrx_word' id='word_1_771' title='bbox 559 5236 693 5278; x_wconf 89' lang='lat' dir='ltr'><strong>voce</strong></span> <span class='ocrx_word' id='word_1_772' title='bbox 724 5233 966 5292; x_wconf 59' lang='lat' dir='ltr'><strong>sponsas,</strong></span> <span class='ocrx_word' id='word_1_773' title='bbox 1003 5233 1126 5290; x_wconf 78' lang='lat' dir='ltr'><strong>quae</strong></span> <span class='ocrx_word' id='word_1_774' title='bbox 1172 5224 1258 5274; x_wconf 87' lang='lat' dir='ltr'><strong>est</strong></span> <span class='ocrx_word' id='word_1_775' title='bbox 1295 5216 1497 5281; x_wconf 90' lang='lat' dir='ltr'><strong>anima,</strong></span> <span class='ocrx_word' id='word_1_776' title='bbox 1547 5213 1786 5269; x_wconf 87' lang='lat' dir='ltr'><strong>dicitur:</strong></span> 
     </span>
    </p>
   </div>
   <div class='ocr_carea' id='block_1_100' title="bbox 206 5305 1791 5386">
    <p class='ocr_par' dir='ltr' id='par_1_100' title="bbox 206 5305 1791 5386">
     <span class='ocr_line' id='line_1_100' title="bbox 206 5305 1791 5386; baseline -0.007 -15"><span class='ocrx_word' id='word_1_777' title='bbox 206 5317 464 5386; x_wconf 76' lang='lat' dir='ltr'><strong>Surgam,</strong></span> <span class='ocrx_word' id='word_1_778' title='bbox 495 5323 542 5370; x_wconf 83' lang='lat' dir='ltr'><strong>et</strong></span> <span class='ocrx_word' id='word_1_779' title='bbox 592 5315 822 5370; x_wconf 87' lang='lat' dir='ltr'><strong>circuibo</strong></span> <span class='ocrx_word' id='word_1_780' title='bbox 864 5313 1144 5378; x_wconf 81' lang='lat' dir='ltr'><strong>civitatem,</strong></span> <span class='ocrx_word' id='word_1_781' title='bbox 1187 5326 1280 5381; x_wconf 88' lang='lat' dir='ltr'><strong>per</strong></span> <span class='ocrx_word' id='word_1_782' title='bbox 1321 5309 1459 5364; x_wconf 78' lang='lat' dir='ltr'><strong>uicos</strong></span> <span class='ocrx_word' id='word_1_783' title='bbox 1501 5316 1551 5362; x_wconf 87' lang='lat' dir='ltr'><strong>et</strong></span> <span class='ocrx_word' id='word_1_784' title='bbox 1591 5305 1791 5376; x_wconf 84' lang='lat' dir='ltr'><strong>plateas</strong></span> 
     </span>
    </p>
   </div>
   <div class='ocr_carea' id='block_1_101' title="bbox 202 5396 1794 5480">
    <p class='ocr_par' dir='ltr' id='par_1_101' title="bbox 202 5396 1794 5480">
     <span class='ocr_line' id='line_1_101' title="bbox 202 5396 1794 5480; baseline -0.007 -17"><span class='ocrx_word' id='word_1_785' title='bbox 202 5423 448 5480; x_wconf 66' lang='lat' dir='ltr'><strong>quanam</strong></span> <span class='ocrx_word' id='word_1_786' title='bbox 483 5422 639 5479; x_wconf 85' lang='lat' dir='ltr'><strong>quem</strong></span> <span class='ocrx_word' id='word_1_787' title='bbox 663 5405 835 5477; x_wconf 82' lang='lat' dir='ltr'><strong>diligit</strong></span> <span class='ocrx_word' id='word_1_788' title='bbox 862 5405 1041 5460; x_wconf 89' lang='lat' dir='ltr'><strong>anima</strong></span> <span class='ocrx_word' id='word_1_789' title='bbox 1070 5419 1207 5457; x_wconf 87' lang='lat' dir='ltr'><strong>mea.</strong></span> <span class='ocrx_word' id='word_1_790' title='bbox 1257 5399 1486 5468; x_wconf 73' lang='lat' dir='ltr'><strong>Quwsivi</strong></span> <span class='ocrx_word' id='word_1_791' title='bbox 1526 5396 1698 5463; x_wconf 82' lang='lat' dir='ltr'><strong>illum,</strong></span> <span class='ocrx_word' id='word_1_792' title='bbox 1743 5404 1794 5452; x_wconf 86' lang='lat' dir='ltr'><strong>et</strong></span> 
     </span>
    </p>
   </div>
   <div class='ocr_carea' id='block_1_102' title="bbox 205 5487 1796 5570">
    <p class='ocr_par' dir='ltr' id='par_1_102' title="bbox 205 5487 1796 5570">
     <span class='ocr_line' id='line_1_102' title="bbox 205 5487 1796 5570; baseline -0.009 -13"><span class='ocrx_word' id='word_1_793' title='bbox 205 5516 326 5556; x_wconf 79' lang='lat' dir='ltr'><strong>non</strong></span> <span class='ocrx_word' id='word_1_794' title='bbox 349 5499 516 5555; x_wconf 76' lang='lat' dir='ltr'><strong>inveni</strong></span> <span class='ocrx_word' id='word_1_795' title='bbox 544 5497 721 5570; x_wconf 85' lang='lat' dir='ltr'><strong>(Cant.</strong></span> <span class='ocrx_word' id='word_1_796' title='bbox 761 5513 847 5564; x_wconf 90' lang='grc' dir='ltr'>ιιι,</span> <span class='ocrx_word' id='word_1_797' title='bbox 874 5495 954 5567; x_wconf 75' lang='lat'><strong>2).</strong></span> <span class='ocrx_word' id='word_1_798' title='bbox 981 5494 1062 5552; x_wconf 85' lang='lat' dir='ltr'><strong>Ac</strong></span> <span class='ocrx_word' id='word_1_799' title='bbox 1088 5493 1136 5550; x_wconf 89' lang='lat' dir='ltr'><strong>si</strong></span> <span class='ocrx_word' id='word_1_800' title='bbox 1169 5498 1352 5563; x_wconf 90' lang='lat' dir='ltr'><strong>aperte</strong></span> <span class='ocrx_word' id='word_1_801' title='bbox 1393 5488 1538 5545; x_wconf 91' lang='lat' dir='ltr'><strong>dicat</strong></span> <span class='ocrx_word' id='word_1_802' title='bbox 1567 5505 1580 5544; x_wconf 90' lang='lat'><strong>:</strong></span> <span class='ocrx_word' id='word_1_803' title='bbox 1609 5487 1796 5544; x_wconf 81' lang='lat' dir='ltr'><strong>Consi-</strong></span> 
     </span>
    </p>
   </div>
   <div class='ocr_carea' id='block_1_103' title="bbox 205 5581 1797 5662">
    <p class='ocr_par' dir='ltr' id='par_1_103' title="bbox 205 5581 1797 5662">
     <span class='ocr_line' id='line_1_103' title="bbox 205 5581 1797 5662; baseline -0.008 -14"><span class='ocrx_word' id='word_1_804' title='bbox 205 5590 403 5648; x_wconf 87' lang='lat' dir='ltr'><strong>deravi</strong></span> <span class='ocrx_word' id='word_1_805' title='bbox 423 5605 636 5647; x_wconf 89' lang='lat' dir='ltr'><strong>omnem</strong></span> <span class='ocrx_word' id='word_1_806' title='bbox 659 5589 886 5662; x_wconf 86' lang='lat' dir='ltr'><strong>gloriam</strong></span> <span class='ocrx_word' id='word_1_807' title='bbox 904 5585 1186 5658; x_wconf 63' lang='lat' dir='ltr'><strong>praesentis</strong></span> <span class='ocrx_word' id='word_1_808' title='bbox 1206 5582 1418 5650; x_wconf 61' lang='lat' dir='ltr'><strong>saeculi;</strong></span> <span class='ocrx_word' id='word_1_809' title='bbox 1441 5581 1648 5652; x_wconf 84' lang='lat' dir='ltr'><strong>inspexi</strong></span> <span class='ocrx_word' id='word_1_810' title='bbox 1669 5594 1797 5636; x_wconf 85' lang='lat' dir='ltr'><strong>con-</strong></span> 
     </span>
    </p>
   </div>
   <div class='ocr_carea' id='block_1_104' title="bbox 208 5671 1798 5754">
    <p class='ocr_par' dir='ltr' id='par_1_104' title="bbox 208 5671 1798 5754">
     <span class='ocr_line' id='line_1_104' title="bbox 208 5671 1798 5754; baseline -0.008 -14"><span class='ocrx_word' id='word_1_811' title='bbox 208 5681 561 5754; x_wconf 78' lang='lat' dir='ltr'><strong>gregationes</strong></span> <span class='ocrx_word' id='word_1_812' title='bbox 581 5679 896 5746; x_wconf 84' lang='lat' dir='ltr'><strong>inﬁdelium,</strong></span> <span class='ocrx_word' id='word_1_813' title='bbox 918 5685 974 5733; x_wconf 89' lang='lat' dir='ltr'><strong>et</strong></span> <span class='ocrx_word' id='word_1_814' title='bbox 995 5677 1236 5732; x_wconf 90' lang='lat' dir='ltr'><strong>diversas</strong></span> <span class='ocrx_word' id='word_1_815' title='bbox 1259 5681 1434 5732; x_wconf 88' lang='lat' dir='ltr'><strong>sectas</strong></span> <span class='ocrx_word' id='word_1_816' title='bbox 1451 5671 1798 5744; x_wconf 81' lang='lat' dir='ltr'><strong>philosOpho-</strong></span> 
     </span>
    </p>
   </div>
   <div class='ocr_carea' id='block_1_105' title="bbox 210 5766 1794 5844">
    <p class='ocr_par' dir='ltr' id='par_1_105' title="bbox 210 5766 1794 5844">
     <span class='ocr_line' id='line_1_105' title="bbox 210 5766 1794 5844; baseline -0.009 -12"><span class='ocrx_word' id='word_1_817' title='bbox 210 5788 368 5840; x_wconf 84' lang='lat' dir='ltr'><strong>rum,</strong></span> <span class='ocrx_word' id='word_1_818' title='bbox 402 5773 499 5830; x_wconf 88' lang='lat' dir='ltr'><strong>sed</strong></span> <span class='ocrx_word' id='word_1_819' title='bbox 519 5787 694 5844; x_wconf 88' lang='lat' dir='ltr'><strong>neque</strong></span> <span class='ocrx_word' id='word_1_820' title='bbox 714 5770 824 5826; x_wconf 91' lang='lat' dir='ltr'><strong>illic</strong></span> <span class='ocrx_word' id='word_1_821' title='bbox 851 5770 1031 5827; x_wconf 89' lang='lat' dir='ltr'><strong>inveni</strong></span> <span class='ocrx_word' id='word_1_822' title='bbox 1063 5783 1225 5842; x_wconf 88' lang='lat' dir='ltr'><strong>quem</strong></span> <span class='ocrx_word' id='word_1_823' title='bbox 1250 5767 1424 5839; x_wconf 84' lang='lat' dir='ltr'><strong>diligit</strong></span> <span class='ocrx_word' id='word_1_824' title='bbox 1452 5766 1634 5820; x_wconf 90' lang='lat' dir='ltr'><strong>anima</strong></span> <span class='ocrx_word' id='word_1_825' title='bbox 1654 5777 1794 5819; x_wconf 90' lang='lat' dir='ltr'><strong>mea.</strong></span> 
     </span>
    </p>
   </div>
   <div class='ocr_carea' id='block_1_106' title="bbox 209 5855 1801 5940">
    <p class='ocr_par' dir='ltr' id='par_1_106' title="bbox 209 5855 1801 5940">
     <span class='ocr_line' id='line_1_106' title="bbox 209 5855 1801 5940; baseline -0.008 -13"><span class='ocrx_word' id='word_1_826' title='bbox 209 5866 280 5927; x_wconf 78' lang='lat' dir='ltr'><strong>Id</strong></span> <span class='ocrx_word' id='word_1_827' title='bbox 321 5873 432 5937; x_wconf 81' lang='lat' dir='ltr'><strong>est,</strong></span> <span class='ocrx_word' id='word_1_828' title='bbox 458 5879 586 5926; x_wconf 83' lang='lat' dir='ltr'><strong>cum</strong></span> <span class='ocrx_word' id='word_1_829' title='bbox 624 5861 1040 5940; x_wconf 85' lang='lat' dir='ltr'><strong>pertransissem</strong></span> <span class='ocrx_word' id='word_1_830' title='bbox 1070 5857 1376 5936; x_wconf 71' lang='lat' dir='ltr'><strong>huiusmodi</strong></span> <span class='ocrx_word' id='word_1_831' title='bbox 1425 5856 1672 5917; x_wconf 80' lang='lat' dir='ltr'><strong>homines</strong></span> <span class='ocrx_word' id='word_1_832' title='bbox 1704 5855 1801 5928; x_wconf 88' lang='lat' dir='ltr'><strong>qui</strong></span> 
     </span>
    </p>
   </div>
   <div class='ocr_carea' id='block_1_107' title="bbox 1885 4633 3462 4719">
    <p class='ocr_par' dir='ltr' id='par_1_107' title="bbox 1885 4633 3462 4719">
     <span class='ocr_line' id='line_1_107' title="bbox 1885 4633 3462 4719; baseline -0.013 -13"><span class='ocrx_word' id='word_1_833' title='bbox 1885 4649 2246 4706; x_wconf 90' lang='lat' dir='ltr'><strong>amaritudine</strong></span> <span class='ocrx_word' id='word_1_834' title='bbox 2287 4647 2615 4719; x_wconf 66' lang='lat' dir='ltr'><strong>parnitentiae</strong></span> <span class='ocrx_word' id='word_1_835' title='bbox 2654 4644 2832 4699; x_wconf 82' lang='lat' dir='ltr'><strong>facere</strong></span> <span class='ocrx_word' id='word_1_836' title='bbox 2877 4654 2986 4694; x_wconf 92' lang='lat' dir='ltr'><strong>non</strong></span> <span class='ocrx_word' id='word_1_837' title='bbox 3038 4649 3344 4707; x_wconf 88' lang='lat' dir='ltr'><strong>possumus.</strong></span> <span class='ocrx_word' id='word_1_838' title='bbox 3393 4633 3462 4686; x_wconf 86' lang='lat' dir='ltr'><strong>Et</strong></span> 
     </span>
    </p>
   </div>
   <div class='ocr_carea' id='block_1_108' title="bbox 1885 4723 3464 4810">
    <p class='ocr_par' dir='ltr' id='par_1_108' title="bbox 1885 4723 3464 4810">
     <span class='ocr_line' id='line_1_108' title="bbox 1885 4723 3464 4810; baseline -0.012 -12"><span class='ocrx_word' id='word_1_839' title='bbox 1885 4758 2008 4798; x_wconf 92' lang='lat' dir='ltr'><strong>cum</strong></span> <span class='ocrx_word' id='word_1_840' title='bbox 2044 4743 2186 4797; x_wconf 91' lang='lat' dir='ltr'><strong>hanc</strong></span> <span class='ocrx_word' id='word_1_841' title='bbox 2213 4740 2547 4810; x_wconf 90' lang='lat' dir='ltr'><strong>Scripturam</strong></span> <span class='ocrx_word' id='word_1_842' title='bbox 2580 4737 2932 4792; x_wconf 89' lang='lat' dir='ltr'><strong>observamus</strong></span> <span class='ocrx_word' id='word_1_843' title='bbox 2956 4736 3011 4785; x_wconf 90' lang='lat' dir='ltr'><strong>et</strong></span> <span class='ocrx_word' id='word_1_844' title='bbox 3033 4734 3178 4782; x_wconf 91' lang='lat' dir='ltr'><strong>recte</strong></span> <span class='ocrx_word' id='word_1_845' title='bbox 3213 4723 3464 4794; x_wconf 88' lang='lat' dir='ltr'><strong>intelligi—</strong></span> 
     </span>
    </p>
   </div>
   <div class='ocr_carea' id='block_1_109' title="bbox 1886 4828 3461 4901">
    <p class='ocr_par' dir='ltr' id='par_1_109' title="bbox 1886 4828 3461 4901">
     <span class='ocr_line' id='line_1_109' title="bbox 1886 4828 3461 4901; baseline -0.016 -8"><span class='ocrx_word' id='word_1_846' title='bbox 1886 4852 2024 4901; x_wconf 89' lang='lat' dir='ltr'><strong>mus,</strong></span> <span class='ocrx_word' id='word_1_847' title='bbox 2047 4844 2103 4892; x_wconf 90' lang='lat' dir='ltr'><strong>et</strong></span> <span class='ocrx_word' id='word_1_848' title='bbox 2123 4841 2268 4890; x_wconf 88' lang='lat' dir='ltr'><strong>recte</strong></span> <span class='ocrx_word' id='word_1_849' title='bbox 2292 4841 2406 4887; x_wconf 92' lang='lat' dir='ltr'><strong>toto</strong></span> <span class='ocrx_word' id='word_1_850' title='bbox 2425 4831 2586 4886; x_wconf 89' lang='lat' dir='ltr'><strong>corde</strong></span> <span class='ocrx_word' id='word_1_851' title='bbox 2606 4829 2932 4889; x_wconf 90' lang='lat' dir='ltr'><strong>laboramus,</strong></span> <span class='ocrx_word' id='word_1_852' title='bbox 2954 4828 3008 4878; x_wconf 90' lang='lat' dir='ltr'><strong>et</strong></span> <span class='ocrx_word' id='word_1_853' title='bbox 3026 4833 3246 4876; x_wconf 89' lang='lat' dir='ltr'><strong>oramus</strong></span> <span class='ocrx_word' id='word_1_854' title='bbox 3263 4830 3461 4886; x_wconf 90' lang='lat' dir='ltr'><strong>panem</strong></span> 
     </span>
    </p>
   </div>
   <div class='ocr_carea' id='block_1_110' title="bbox 1886 4913 3462 4997">
    <p class='ocr_par' dir='ltr' id='par_1_110' title="bbox 1886 4913 3462 4997">
     <span class='ocr_line' id='line_1_110' title="bbox 1886 4913 3462 4997; baseline -0.017 -11"><span class='ocrx_word' id='word_1_855' title='bbox 1886 4936 2131 4985; x_wconf 89' lang='lat' dir='ltr'><strong>nostrum</strong></span> <span class='ocrx_word' id='word_1_856' title='bbox 2159 4925 2552 4997; x_wconf 87' lang='lat' dir='ltr'><strong>quotidianum,</strong></span> <span class='ocrx_word' id='word_1_857' title='bbox 2591 4919 2843 4990; x_wconf 91' lang='lat' dir='ltr'><strong>petimus,</strong></span> <span class='ocrx_word' id='word_1_858' title='bbox 2881 4913 3198 4983; x_wconf 84' lang='lat' dir='ltr'><strong>accipimus,</strong></span> <span class='ocrx_word' id='word_1_859' title='bbox 3226 4916 3284 4964; x_wconf 86' lang='lat' dir='ltr'><strong>et</strong></span> <span class='ocrx_word' id='word_1_860' title='bbox 3309 4920 3462 4962; x_wconf 86' lang='lat' dir='ltr'><strong>man-</strong></span> 
     </span>
    </p>
   </div>
   <div class='ocr_carea' id='block_1_111' title="bbox 1888 5003 3464 5081">
    <p class='ocr_par' dir='ltr' id='par_1_111' title="bbox 1888 5003 3464 5081">
     <span class='ocr_line' id='line_1_111' title="bbox 1888 5003 3464 5081; baseline -0.016 -2"><span class='ocrx_word' id='word_1_861' title='bbox 1888 5022 2165 5078; x_wconf 88' lang='lat' dir='ltr'><strong>ducamus.</strong></span> <span class='ocrx_word' id='word_1_862' title='bbox 2203 5019 2354 5073; x_wconf 89' lang='lat' dir='ltr'><strong>Tunc</strong></span> <span class='ocrx_word' id='word_1_863' title='bbox 2401 5023 2456 5072; x_wconf 88' lang='lat' dir='ltr'><strong>et</strong></span> <span class='ocrx_word' id='word_1_864' title='bbox 2495 5028 2595 5069; x_wconf 87' lang='lat' dir='ltr'><strong>nos</strong></span> <span class='ocrx_word' id='word_1_865' title='bbox 2643 5009 2858 5081; x_wconf 83' lang='lat' dir='ltr'><strong>integri,</strong></span> <span class='ocrx_word' id='word_1_866' title='bbox 2886 5015 2941 5064; x_wconf 91' lang='lat' dir='ltr'><strong>et</strong></span> <span class='ocrx_word' id='word_1_867' title='bbox 2963 5006 3159 5060; x_wconf 89' lang='lat' dir='ltr'><strong>librum</strong></span> <span class='ocrx_word' id='word_1_868' title='bbox 3197 5003 3464 5071; x_wconf 84' lang='lat' dir='ltr'><strong>integrum</strong></span> 
     </span>
    </p>
   </div>
   <div class='ocr_carea' id='block_1_112' title="bbox 1887 5095 3467 5178">
    <p class='ocr_par' dir='ltr' id='par_1_112' title="bbox 1887 5095 3467 5178">
     <span class='ocr_line' id='line_1_112' title="bbox 1887 5095 3467 5178; baseline -0.016 -8"><span class='ocrx_word' id='word_1_869' title='bbox 1887 5113 2305 5178; x_wconf 89' lang='lat' dir='ltr'><strong>manducamus;</strong></span> <span class='ocrx_word' id='word_1_870' title='bbox 2337 5117 2394 5164; x_wconf 88' lang='lat' dir='ltr'><strong>ct</strong></span> <span class='ocrx_word' id='word_1_871' title='bbox 2431 5120 2626 5176; x_wconf 89' lang='lat' dir='ltr'><strong>corpus</strong></span> <span class='ocrx_word' id='word_1_872' title='bbox 2673 5109 2942 5165; x_wconf 91' lang='lat' dir='ltr'><strong>nostrum,</strong></span> <span class='ocrx_word' id='word_1_873' title='bbox 2973 5095 3118 5168; x_wconf 89' lang='lat' dir='ltr'><strong>quod</strong></span> <span class='ocrx_word' id='word_1_874' title='bbox 3143 5102 3228 5150; x_wconf 86' lang='lat' dir='ltr'><strong>est</strong></span> <span class='ocrx_word' id='word_1_875' title='bbox 3270 5105 3467 5162; x_wconf 89' lang='lat' dir='ltr'><strong>corpus</strong></span> 
     </span>
    </p>
   </div>
   <div class='ocr_carea' id='block_1_113' title="bbox 1889 5185 3468 5266">
    <p class='ocr_par' dir='ltr' id='par_1_113' title="bbox 1889 5185 3468 5266">
     <span class='ocr_line' id='line_1_113' title="bbox 1889 5185 3468 5266; baseline -0.016 -5"><span class='ocrx_word' id='word_1_876' title='bbox 1889 5204 2093 5261; x_wconf 88' lang='lat' dir='ltr'><strong>Christi</strong></span> <span class='ocrx_word' id='word_1_877' title='bbox 2123 5217 2246 5260; x_wconf 90' lang='lat' dir='ltr'><strong>cum</strong></span> <span class='ocrx_word' id='word_1_878' title='bbox 2272 5201 2490 5258; x_wconf 88' lang='lat' dir='ltr'><strong>Christo</strong></span> <span class='ocrx_word' id='word_1_879' title='bbox 2529 5195 2706 5266; x_wconf 88' lang='lat' dir='ltr'><strong>capite</strong></span> <span class='ocrx_word' id='word_1_880' title='bbox 2734 5190 3012 5262; x_wconf 81' lang='lat' dir='ltr'><strong>iungimur</strong></span> <span class='ocrx_word' id='word_1_881' title='bbox 3055 5186 3146 5257; x_wconf 88' lang='lat' dir='ltr'><strong>qui</strong></span> <span class='ocrx_word' id='word_1_882' title='bbox 3175 5185 3384 5253; x_wconf 89' lang='lat' dir='ltr'><strong>integer</strong></span> <span class='ocrx_word' id='word_1_883' title='bbox 3412 5187 3468 5236; x_wconf 90' lang='lat' dir='ltr'><strong>et</strong></span> 
     </span>
    </p>
   </div>
   <div class='ocr_carea' id='block_1_114' title="bbox 1889 5273 3470 5368">
    <p class='ocr_par' dir='ltr' id='par_1_114' title="bbox 1889 5273 3470 5368">
     <span class='ocr_line' id='line_1_114' title="bbox 1889 5273 3470 5368; baseline -0.016 -15"><span class='ocrx_word' id='word_1_884' title='bbox 1889 5296 2180 5368; x_wconf 83' lang='lat' dir='ltr'><strong>perfectus,</strong></span> <span class='ocrx_word' id='word_1_885' title='bbox 2207 5302 2409 5350; x_wconf 89' lang='lat' dir='ltr'><strong>etcum</strong></span> <span class='ocrx_word' id='word_1_886' title='bbox 2435 5290 2526 5345; x_wconf 93' lang='lat' dir='ltr'><strong>illo</strong></span> <span class='ocrx_word' id='word_1_887' title='bbox 2551 5302 2657 5343; x_wconf 90' lang='lat' dir='ltr'><strong>una</strong></span> <span class='ocrx_word' id='word_1_888' title='bbox 2677 5299 2909 5356; x_wconf 87' lang='lat' dir='ltr'><strong>persona</strong></span> <span class='ocrx_word' id='word_1_889' title='bbox 2935 5294 3140 5337; x_wconf 91' lang='lat' dir='ltr'><strong>sumus.</strong></span> <span class='ocrx_word' id='word_1_890' title='bbox 3169 5276 3304 5333; x_wconf 81' lang='lat' dir='ltr'><strong>Nam</strong></span> <span class='ocrx_word' id='word_1_891' title='bbox 3331 5273 3377 5330; x_wconf 90' lang='lat' dir='ltr'><strong>si</strong></span> <span class='ocrx_word' id='word_1_892' title='bbox 3402 5273 3470 5330; x_wconf 79' lang='lat' dir='ltr'><strong>de</strong></span> 
     </span>
    </p>
   </div>
   <div class='ocr_carea' id='block_1_115' title="bbox 1891 5366 3469 5448">
    <p class='ocr_par' dir='ltr' id='par_1_115' title="bbox 1891 5366 3469 5448">
     <span class='ocr_line' id='line_1_115' title="bbox 1891 5366 3469 5448; baseline -0.02 0"><span class='ocrx_word' id='word_1_893' title='bbox 1891 5366 2069 5448; x_wconf 74' lang='lat' dir='ltr'><strong>tribus</strong></span> <span class='ocrx_word' id='word_1_894' title='bbox 2099 5385 2414 5444; x_wconf 88' lang='lat' dir='ltr'><strong>substantiis</strong></span> <span class='ocrx_word' id='word_1_895' title='bbox 2458 5380 2659 5438; x_wconf 90' lang='lat' dir='ltr'><strong>Christi</strong></span> <span class='ocrx_word' id='word_1_896' title='bbox 2693 5392 2856 5434; x_wconf 91' lang='lat' dir='ltr'><strong>unam</strong></span> <span class='ocrx_word' id='word_1_897' title='bbox 2890 5369 3251 5434; x_wconf 81' lang='lat' dir='ltr'><strong>subtraxeris,</strong></span> <span class='ocrx_word' id='word_1_898' title='bbox 3280 5366 3332 5421; x_wconf 90' lang='lat' dir='ltr'><strong>id</strong></span> <span class='ocrx_word' id='word_1_899' title='bbox 3361 5371 3469 5429; x_wconf 87' lang='lat' dir='ltr'><strong>est,</strong></span> 
     </span>
    </p>
   </div>
   <div class='ocr_carea' id='block_1_116' title="bbox 1893 5463 3468 5542">
    <p class='ocr_par' dir='ltr' id='par_1_116' title="bbox 1893 5463 3468 5542">
     <span class='ocr_line' id='line_1_116' title="bbox 1893 5463 3468 5542; baseline -0.021 -1"><span class='ocrx_word' id='word_1_900' title='bbox 1893 5499 2002 5542; x_wconf 91' lang='lat' dir='ltr'><strong>non</strong></span> <span class='ocrx_word' id='word_1_901' title='bbox 2027 5497 2148 5539; x_wconf 85' lang='lat' dir='ltr'><strong>eam</strong></span> <span class='ocrx_word' id='word_1_902' title='bbox 2171 5494 2289 5536; x_wconf 87' lang='lat' dir='ltr'><strong>esse</strong></span> <span class='ocrx_word' id='word_1_903' title='bbox 2308 5477 2583 5534; x_wconf 88' lang='lat' dir='ltr'><strong>Christum</strong></span> <span class='ocrx_word' id='word_1_904' title='bbox 2606 5471 2760 5536; x_wconf 90' lang='lat' dir='ltr'><strong>dicis,</strong></span> <span class='ocrx_word' id='word_1_905' title='bbox 2784 5477 2959 5527; x_wconf 89' lang='lat' dir='ltr'><strong>totum</strong></span> <span class='ocrx_word' id='word_1_906' title='bbox 2979 5463 3256 5522; x_wconf 89' lang='lat' dir='ltr'><strong>Christum</strong></span> <span class='ocrx_word' id='word_1_907' title='bbox 3281 5470 3468 5528; x_wconf 88' lang='lat' dir='ltr'><strong>negas,</strong></span> 
     </span>
    </p>
   </div>
   <div class='ocr_carea' id='block_1_117' title="bbox 1894 5550 3468 5647">
    <p class='ocr_par' dir='ltr' id='par_1_117' title="bbox 1894 5550 3468 5647">
     <span class='ocr_line' id='line_1_117' title="bbox 1894 5550 3468 5647; baseline -0.022 -14"><span class='ocrx_word' id='word_1_908' title='bbox 1894 5590 2060 5647; x_wconf 83' lang='lat' dir='ltr'><strong>negas</strong></span> <span class='ocrx_word' id='word_1_909' title='bbox 2079 5575 2298 5629; x_wconf 89' lang='lat' dir='ltr'><strong>Patrem</strong></span> <span class='ocrx_word' id='word_1_910' title='bbox 2322 5577 2379 5625; x_wconf 89' lang='lat' dir='ltr'><strong>et</strong></span> <span class='ocrx_word' id='word_1_911' title='bbox 2407 5566 2667 5638; x_wconf 87' lang='lat' dir='ltr'><strong>Spiritum</strong></span> <span class='ocrx_word' id='word_1_912' title='bbox 2701 5569 2967 5618; x_wconf 90' lang='lat' dir='ltr'><strong>sanctum.</strong></span> <span class='ocrx_word' id='word_1_913' title='bbox 2991 5557 3202 5612; x_wconf 89' lang='lat' dir='ltr'><strong>Etcum</strong></span> <span class='ocrx_word' id='word_1_914' title='bbox 3231 5550 3285 5605; x_wconf 93' lang='lat' dir='ltr'><strong>in</strong></span> <span class='ocrx_word' id='word_1_915' title='bbox 3307 5557 3468 5647; x_wconf 78' lang='lat' dir='ltr'><strong>unam</strong></span> 
     </span>
    </p>
   </div>
   <div class='ocr_carea' id='block_1_118' title="bbox 1896 5635 3472 5724">
    <p class='ocr_par' dir='ltr' id='par_1_118' title="bbox 1896 5635 3472 5724">
     <span class='ocr_line' id='line_1_118' title="bbox 1896 5635 3472 5724; baseline -0.022 0"><span class='ocrx_word' id='word_1_916' title='bbox 1896 5635 2253 5724; x_wconf 72' lang='lat' dir='ltr'><strong>substantiam</strong></span> <span class='ocrx_word' id='word_1_917' title='bbox 2295 5635 2493 5718; x_wconf 76' lang='lat' dir='ltr'><strong>Christi</strong></span> <span class='ocrx_word' id='word_1_918' title='bbox 2539 5655 2784 5721; x_wconf 84' lang='lat' dir='ltr'><strong>oll&#39;endis,</strong></span> <span class='ocrx_word' id='word_1_919' title='bbox 2815 5651 3042 5710; x_wconf 80' lang='lat' dir='ltr'><strong>otl‘endis</strong></span> <span class='ocrx_word' id='word_1_920' title='bbox 3080 5648 3134 5703; x_wconf 90' lang='lat' dir='ltr'><strong>in</strong></span> <span class='ocrx_word' id='word_1_921' title='bbox 3179 5643 3310 5705; x_wconf 90' lang='lat' dir='ltr'><strong>Deo,</strong></span> <span class='ocrx_word' id='word_1_922' title='bbox 3345 5635 3472 5706; x_wconf 86' lang='lat' dir='ltr'><strong>quia</strong></span> 
     </span>
    </p>
   </div>
   <div class='ocr_carea' id='block_1_119' title="bbox 1897 5726 3476 5818">
    <p class='ocr_par' dir='ltr' id='par_1_119' title="bbox 1897 5726 3476 5818">
     <span class='ocr_line' id='line_1_119' title="bbox 1897 5726 3476 5818; baseline -0.023 0"><span class='ocrx_word' id='word_1_923' title='bbox 1897 5759 2042 5818; x_wconf 86' lang='lat' dir='ltr'><strong>Deus</strong></span> <span class='ocrx_word' id='word_1_924' title='bbox 2074 5763 2155 5812; x_wconf 90' lang='lat' dir='ltr'><strong>est</strong></span> <span class='ocrx_word' id='word_1_925' title='bbox 2181 5754 2446 5811; x_wconf 90' lang='lat' dir='ltr'><strong>Christus.</strong></span> <span class='ocrx_word' id='word_1_926' title='bbox 2483 5751 2552 5806; x_wconf 88' lang='lat' dir='ltr'><strong>Et</strong></span> <span class='ocrx_word' id='word_1_927' title='bbox 2583 5764 2706 5805; x_wconf 90' lang='lat' dir='ltr'><strong>cum</strong></span> <span class='ocrx_word' id='word_1_928' title='bbox 2740 5747 2796 5802; x_wconf 90' lang='lat' dir='ltr'><strong>in</strong></span> <span class='ocrx_word' id='word_1_929' title='bbox 2821 5745 2934 5801; x_wconf 90' lang='lat' dir='ltr'><strong>Deo</strong></span> <span class='ocrx_word' id='word_1_930' title='bbox 2975 5736 3217 5800; x_wconf 84' lang='lat' dir='ltr'><strong>otl‘endis,</strong></span> <span class='ocrx_word' id='word_1_931' title='bbox 3249 5726 3476 5799; x_wconf 84' lang='lat' dir='ltr'><strong>amplius</strong></span> 
     </span>
    </p>
   </div>
   <div class='ocr_carea' id='block_1_120' title="bbox 1898 5821 3475 5925">
    <p class='ocr_par' dir='ltr' id='par_1_120' title="bbox 1898 5821 3475 5925">
     <span class='ocr_line' id='line_1_120' title="bbox 1898 5821 3475 5925; baseline -0.025 -11"><span class='ocrx_word' id='word_1_932' title='bbox 1898 5853 2044 5925; x_wconf 81' lang='lat' dir='ltr'><strong>quod</strong></span> <span class='ocrx_word' id='word_1_933' title='bbox 2067 5848 2309 5913; x_wconf 82' lang='lat' dir='ltr'><strong>otl&#39;endas</strong></span> <span class='ocrx_word' id='word_1_934' title='bbox 2359 5861 2468 5905; x_wconf 90' lang='lat' dir='ltr'><strong>non</strong></span> <span class='ocrx_word' id='word_1_935' title='bbox 2499 5843 2692 5904; x_wconf 84' lang='lat' dir='ltr'><strong>babes.</strong></span> <span class='ocrx_word' id='word_1_936' title='bbox 2734 5839 2843 5899; x_wconf 87' lang='lat' dir='ltr'><strong>Sed</strong></span> <span class='ocrx_word' id='word_1_937' title='bbox 2865 5845 2995 5896; x_wconf 89' lang='lat' dir='ltr'><strong>tunc</strong></span> <span class='ocrx_word' id='word_1_938' title='bbox 3035 5824 3261 5890; x_wconf 88' lang='lat' dir='ltr'><strong>otl&#39;endis</strong></span> <span class='ocrx_word' id='word_1_939' title='bbox 3284 5821 3475 5888; x_wconf 84' lang='lat' dir='ltr'><strong>Deum,</strong></span> 
     </span>
    </p>
   </div>
  </div>
