3952 6318
519 440 622 514 963

1321 418 1726 512 stemus,
1762 418 2001 511 rem,
2041 412 2389 500 melius
2425 414 2514 501 εἶτ
2552 428 2611 500 ε.
2652 414 2948 502 seiras.

3673 447 3769 509 96%

592 572 733 627 ando
783 550 928 627 hunc
982 542 1181 625 librum
1228 552 1336 620 non
1386 552 1698 618 manducas.
1750 544 1903 629 Quod
1954 556 2000 615 si
2034 557 2089 614 in
2118 546 2170 620 Ᾰ
2192 532 2391 631 nullus]
2434 552 2570 615 lib‘é'r
2607 559 2725 615 sine
2758 556 2938 617 littera
2965 560 3064 627 est,
3096 540 3315 619 elnéba
3336 548 3527 620 littera”
3706 568 3773 625 in.

516 588 808 723 gaudio
852 678 960 720 non
1006 636 1309 723 offenderis,
1355 655 1497 723 quod
1526 669 1720 723 corpus
1757 662 1841 710 est
1864 652 2087 721 Christi,
2192 644 2425 707 tellectu.
2454 634 2520 707 Et
2539 652 2715 708 littera
2744 652 2799 708 in
2828 651 2966 708 libro
2986 636 3172 723 aperto
3205 626 3423 723 legitur,
3445 658 3508 712 ut
3529 640 3681 723 quod
3706 658 3772 717 rc.

566 663 808 739 vangelio
852 678 960 720 non
1006 640 1309 739 offenderis,
1355 655 1497 727 quod
1526 669 1720 724 corpus
1757 662 1841 710 est
1864 652 2115 737 Christi,‘

517 770 618 814 nec
660 736 717 811 in
745 753 961 814 Christo
983 736 1224 813 oli‘endis,
1257 747 1382 818 quia
1415 752 1612 816 corpus
1635 743 1752 814 ejus
1776 743 2084 799 manducas.

586 850 722 908 CXI.
763 848 821 904 Si
856 846 1067 919 quando
1093 843 1341 900 audimus
1372 853 1674 896 sermonem
1702 836 1817 901 Dei,
1836 846 1889 891 et
1911 848 2093 891 sermo

517 922 634 1012 Dei,
659 950 710 1002 el
737 957 865 999 caro
893 936 1114 1017 Christi,
1140 944 1195 991 et
1222 931 1441 1004 sanguis
1477 926 1592 999 ejus
1636 929 1691 984 in
1740 927 1959 984 auribus
1992 941 2091 982 no-

516 1032 645 1094 stris
665 1031 985 1090 infunditur.
1012 1026 1080 1083 Et
1105 1042 1203 1082 nos
1236 1023 1378 1079 aliud
1405 1022 1724 1094 cogitantes,
1755 1019 1808 1073 in
1830 1025 2088 1090 quantum

514 1125 810 1200 periculum
836 1118 1197 1178 incurrimus?
1227 1124 1283 1172 et
1329 1127 1578 1186 saporem
1615 1111 1764 1168 illum
1791 1108 2089 1167 dulcedinis

514 1235 674 1291 quam
699 1223 976 1289 gustamus
996 1211 1290 1287 perdimus,
1314 1216 1370 1265 et
1421 1223 1530 1263 non
1556 1205 1696 1275 sapit
1716 1204 1854 1260 sicut
1878 1211 1980 1259 cst.
2021 1200 2089 1305 lit

513 1309 726 1369 actione
751 1324 856 1380 qua
877 1305 1040 1362 fuerit
1079 1318 1231 1359 mens
1252 1310 1438 1357 nostra
1467 1305 1744 1369 occupata,
1772 1304 1828 1351 ut
1854 1302 1985 1366 puta
2034 1302 2089 1349 in

511 1399 633 1460 cibo
670 1399 899 1457 lautiore
950 1405 1045 1453 aut
1071 1395 1126 1449 in
1145 1401 1297 1465 potu,
1320 1399 1412 1446 aut
1444 1391 1498 1445 in
1522 1388 1863 1452 vestimento,
1895 1391 1988 1439 aut
2029 1383 2087 1438 in

509 1491 748 1565 qualibet
774 1504 833 1546 re
861 1486 1146 1558 corporali,
1178 1482 1322 1555 quod
1364 1491 1625 1539 aeternum
1646 1487 1762 1547 cst,
1807 1477 1968 1532 talem
1999 1490 2087 1531 sa-

508 1598 697 1658 porem
719 1580 872 1640 nobis
897 1579 1028 1636 facit
1069 1579 1123 1635 in
1147 1576 1328 1648 palato
1369 1574 1549 1632 cordis
1575 1570 1747 1628 nostri
1771 1570 1886 1641 ipse
1911 1582 2088 1624 sermo

511 1673 744 1740 divinus,
768 1671 858 1742 qui
883 1677 967 1727 est
988 1662 1147 1745 panis
1194 1676 1401 1730 noster,
1424 1664 1599 1735 qualis
1625 1671 1680 1718 et
1700 1662 1815 1733 ipsa
1839 1659 1981 1716 actio
2006 1666 2090 1714 est

508 1762 709 1820 mentis
753 1770 975 1817 nostrae.
1027 1758 1118 1814 Sic
1166 1757 1309 1813 enim
1363 1754 1583 1811 tradunt
1620 1749 1789 1807 Judaei
1833 1746 2088 1820 quoniam

509 1870 707 1917 manna
731 1853 945 1925 quando
981 1850 1361 1915 comedebant,
1417 1845 1708 1904 secundum
1758 1841 2087 1899 voluntatem
2117 1890 2163 1925 _,_.

2192 626 2425 733 tellecta.
2454 634 2520 707 Et
2539 652 2715 708 littera
2744 652 2799 708 in
2828 651 2966 708 libro
2986 636 3172 725 aperio
3205 626 3423 733 legitur,
3445 658 3508 712 ιιῖ
3529 640 3681 729 qaut
3706 658 3772 717 le-

2190 730 2334 813 giter
2362 734 2708 815 intelligatur.
2735 740 2802 799 Et
2828 758 2952 798 cum
2989 742 3331 811 intellexerit,
3361 730 3478 817 iam
3534 748 3771 822 gaudet,

2189 824 2316 903 quia
2341 834 2483 905 quod
2508 835 2640 891 foris
2676 835 2888 907 legebat
2932 828 3076 893 intus
3105 838 3325 894 invenit.
3358 838 3427 896 Et
3446 834 3547 913 qui
3602 844 3773 901 conci—

2189 920 2328 982 derit
2354 927 2525 999 ipsum
2569 928 2785 995 librum,
2813 930 3066 1001 paginam
3101 938 3157 986 et
3205 930 3442 989 litteram
3494 936 3768 1004 concidit,

2188 1017 2519 1074 intellectum
2549 1019 2742 1078 litteras
2784 1021 3068 1077 concidere
3095 1038 3201 1078 non
3239 1025 3437 1094 potuit.
3474 1024 3549 1081 Et
3607 1030 3771 1083 tamen

2189 1115 2245 1162 et
2275 1107 2454 1164 littera
2482 1106 2720 1166 exterius
2744 1106 2800 1167 et
2852 1110 3156 1167 intellectus
3189 1112 3417 1169 interius
3462 1110 3615 1172 unus
3648 1114 3770 1172 liber

2189 1207 2292 1263 est,
2329 1206 2383 1254 et
2403 1199 2519 1255 sine
2544 1209 2773 1271 utroque
2796 1216 2916 1257 esse
2938 1214 3044 1256 non
3067 1206 3262 1273 potest.
3309 1200 3465 1260 Tunc
3485 1206 3534 1260 si
3576 1200 3771 1277 praeva-

2188 1287 2286 1355 les,
2311 1304 2518 1360 separa.
2556 1290 2661 1346 Sed
2682 1290 2839 1363 plane
2860 1291 2966 1347 hoc
2992 1290 3171 1348 facere
3196 1310 3303 1350 non
3333 1290 3569 1365 poteris.
3592 1296 3683 1351 Sic
3700 1305 3771 1352 est

2188 1379 2437 1439 Christus
2471 1381 2606 1439 liber
2635 1393 2819 1440 noster
2841 1382 3079 1441 exterius
3110 1387 3302 1458 pagina
3320 1384 3339 1461 ς’
3365 1395 3421 1443 et
3441 1386 3629 1443 littera
3641 1388 3772 1459 quod

2188 1480 2272 1527 est
2297 1474 2477 1540 homo,
2508 1489 2705 1544 corpus
2731 1483 2785 1530 et
2805 1474 3005 1530 anima.
3034 1476 3184 1532 Intus
3222 1468 3497 1546 divinitas,
3520 1485 3770 1550 tanquam

2189 1563 2494 1621 intellectus
2518 1566 2573 1620 in
2594 1565 2795 1622 littera.
2824 1565 2994 1635 Quem
3035 1567 3234 1624 librum
3281 1567 3454 1626 Iudaei
3492 1558 3777 1628 concidere

2189 1660 2516 1726 potuerunt,
2565 1653 2894 1711 intellecmm
2944 1654 3162 1725 tamen,
3215 1658 3363 1730 quod
3399 1658 3484 1716 est
3519 1661 3770 1717 divinitas

2189 1742 2328 1815 ejus,
2359 1760 2459 1802 nec
2488 1744 2794 1814 mncidere,
2819 1762 2921 1804 nec
2937 1752 3189 1820 separare
3210 1752 3519 1822 potuerunt.

2259 1836 2437 1895 CXIII.
2480 1837 2687 1912 Septem
2728 1839 2998 1921 signacng
3051 1841 3210 1915 hujus
3254 1842 3378 1901 ass
3643 1842 3773 1900 Pria

509 1910 949 2014 uniuscuiusque,
983 1942 1064 1998 sic
1101 1910 1417 2010 sapiebat'in
1437 1952 1551 1993 ore.
1582 1936 1744 1992 Verbi
1769 1950 1952 1991 causa.
1984 1931 2087 2000 QUi
2117 1910 2162 1979 Β
2189 1943 2356 1997 mm“:
2389 1932 2692 2001 σοφοηίῖθ
2722 1931 2775 1986 in
2798 1910 3248 2005 “‘em'vmi‘ﬁs'
3279 1935 3634 2003 δθωηθιίωί
3678 1950 3771 1991 ³³⁸

509 2050 708 2107 manna
730 2033 1101 2099 comedebant,
1127 2030 1173 2086 si
1197 2028 1579 2085 desiderabant
1602 2041 1761 2099 poma
1778 2066 1793 2092 ,
1821 2023 1867 2080 si
1906 2040 2085 2092 uvam,

509 2129 557 2186 si
578 2130 907 2193 cucumeres,
938 2125 985 2180 si
1018 2139 1198 2197 cepas,
1244 2122 1290 2178 si
1320 2121 1462 2187 allia,
1496 2120 1542 2177 si
1561 2136 1777 2192 panem,
1807 2117 1853 2176 si
1876 2134 2085 2187 carnes,

509 2219 804 2279 secundum
824 2214 1141 2288 qualitatem
1163 2223 1220 2271 et
1238 2213 1569 2270 voluntatem
1608 2211 1940 2268 comedentis
1958 2253 1971 2277 ,
2014 2211 2090 2267 ita

438 2311 448 2320 ’
513 2328 673 2384 sapor
697 2312 755 2369 in
776 2326 975 2367 manna
999 2316 1117 2365 erat
1139 2325 1153 2363 :
1183 2306 1263 2364 sic
1289 2315 1345 2364 et
1377 2306 1431 2362 in
1458 2320 1622 2362 carne
1640 2304 1863 2371 Christi,
1888 2304 1978 2375 qui
2007 2310 2091 2358 est

509 2419 690 2462 sermo
721 2402 998 2467 doctrinae,
1029 2400 1135 2458 hoc
1182 2407 1297 2467 est,
1350 2397 1753 2470 Scripturarum
1781 2404 2090 2455 sanctarum

511 2496 910 2568 interpretatio,
933 2495 1073 2551 sicut
1095 2493 1369 2559 volumus,
1401 2492 1477 2548 ita
1500 2501 1555 2548 et
1572 2492 1751 2549 cibum
1775 2492 2091 2562 accipimus.

514 2587 576 2645 Si
609 2587 831 2659 spiritus
866 2601 958 2654 es,
990 2585 1232 2643 invenies
1265 2583 1628 2657 refrigerium,
1654 2585 1780 2655 quia
1800 2585 2093 2669 manducas

512 2680 725 2749 adipem
749 2678 1183 2751 pinguissimum,
1215 2677 1361 2750 quod
1392 2684 1477 2735 est
1504 2677 1787 2744 Divinitas,
1814 2686 1870 2733 et
1897 2677 2094 2748 impin-

512 2785 646 2845 guas
680 2771 1040 2841 temetipsum.
1069 2769 1127 2826 Si
1162 2778 1415 2842 peccator
1443 2783 1532 2835 es,
1562 2776 1656 2824 aut
1702 2767 1996 2838 superbus,
2038 2775 2093 2823 et

511 2872 728 2931 caetera,
756 2878 876 2935 qua:
904 2879 1011 2919 non
1033 2864 1305 2934 pertinent
1327 2860 1396 2917 ad
1422 2862 1689 2933 spiritum,
1720 2862 1961 2918 invenies
1982 2869 2095 2918 tor-

515 2965 719 3014 menta.
753 2956 851 3011 Hic
879 2956 1014 3013 liber
1040 2957 1154 3027 ipse
1181 2956 1431 3013 Christus
1451 2963 1534 3011 est
1553 2956 1698 3010 intus
1718 2963 1773 3011 et
1793 2954 1925 3011 loris
1962 2956 2095 3012 scri-

513 3040 655 3124 ptus,
680 3051 746 3106 de
771 3065 877 3120 quo
896 3050 1245 3121 Apocalypsis
1277 3047 1501 3106 Joannis
1528 3049 1697 3105 dicit:
1728 3049 1794 3104 Et
1815 3050 1920 3104 vidi
1940 3067 2095 3122 super

514 3142 783 3198 dexteram
807 3141 1029 3197 sedentis
1050 3143 1109 3196 in
1145 3141 1329 3196 throno
1358 3139 1550 3196 librant
1603 3143 1852 3214 scriptum
1876 3143 2017 3198 intus
2045 3152 2093 3199 et

514 3236 665 3308 foris,
695 3238 957 3308 signatum
985 3236 1169 3307 sigillis
1195 3245 1406 3307 septem.
1454 3235 1527 3291 Et
1552 3237 1655 3292 vidi
1700 3237 1943 3309 angelum
1985 3240 2094 3311 for-
2122 3260 2153 3311 ,ς

2190 2020 2391 2078 tivitas.
2418 2019 2683 2087 Tertium,
2708 2023 2907 2092 passio.
2934 2023 3228 2092 Quartum,
3259 2030 3433 2082 mors.
3470 2024 3723 2095 Qum
3745 2062 3763 2095 ,

2189 2114 2538 2170 resurreCtio.
2565 2110 2809 2181 Sextum,
2835 2114 3024 2188 gloria.
3044 2116 3363 2190 Septimum,
3380 2130 3631 2193 regum.
3648 2119 3768 2178 liae

2189 2210 2318 2275 ergo
2345 2203 2618 2276 signacula
2655 2204 2941 2275 Christus,
2990 2207 3115 2264 dum
3161 2224 3262 2280 pro
3314 2211 3545 2268 homine
3589 2222 3767 2270 metu

2189 2292 2439 2363 (mmplet,
2470 2295 2653 2350 omnia
2684 2298 2804 2366 qua
2834 2297 2905 2351 in-
2932 2296 3231 2369 Scripturis
3271 2307 3435 2357 erant
3469 2301 3653 2359 clausa
3697 2308 3767 2357 ss-

2189 2386 2296 2456 que
2323 2384 2534 2457 signata
2567 2388 2779 2456 aperuit
2814 2392 2978 2460 atque
3009 2389 3333 2463 designavit.
3382 2392 3495 2449 Hie
3538 2402 3623 2450 est
3644 2393 3764 2449 im:

2192 2474 2345 2531 Liber
2363 2477 2502 2532 intus
2531 2487 2578 2532 et
2604 2478 2736 2549 [aris
2760 2481 3000 2551 scriptus.
3035 2481 3135 2539 llic
3155 2490 3403 2542 secretus
3424 2484 3489 2542 et
3508 2486 3760 2558 publicus.

2190 2566 2291 2625 me
2310 2577 2528 2640 apertus
2562 2578 2618 2626 et
2649 2572 2909 2630 occultus.
2969 2574 3069 2632 Hic
3117 2579 3499 2649 superioribus
3560 2578 3763 2653 paginis

2190 2658 2472 2731 videndus,
2502 2661 2850 2721 interioribus
2874 2680 2981 2722 non
3011 2668 3292 2726 videndus.
3340 2668 3506 2728 Foris
3535 2678 3766 2744 compre-

2192 2754 2491 2824 hensibilis,
2518 2757 2665 2813 intus
2715 2758 3292 2831 incomprehensibilis.
3330 2761 3495 2821 Foris
3543 2758 3767 2836 σιδήρια

2192 2848 2296 2915 εει,
2323 2864 2445 2903 cum
2470 2850 2734 2920 propheta
2756 2850 2886 2907 dicit
2911 2870 2924 2906 :
2968 2849 3205 2909 Vidimus
3235 2870 3356 2909 eum
3382 2895 3398 2921 ,
3445 2860 3499 2911 et
3531 2854 3767 2911 ﬁnierat

2193 2951 2449 3012 aspectus.
2500 2942 2647 3000 intus
2684 2946 2918 3017 scriptus
2972 2952 3093 3002 cum
3131 2946 3248 3019 ipse
3299 2944 3573 3021 prapiiétf
3599 2947 3768 3006 dicit:

2193 3030 2591 3091 Generationem
2620 3045 2792 3091 autem
2818 3039 2933 3111 ejus
2964 3039 3079 3109 quis
3106 3041 3415 3095 enarrabit.’
3435 3032 3587 3096 Fari”!
3632 3043 3769 3096 scri-

2192 3130 2318 3195 ptus
2345 3132 2448 3191 est,
2488 3141 2611 3181 cum
2654 3122 2818 3183 Pater
2862 3128 2989 3185 dicit
3016 3143 3032 3183 :
3058 3126 3233 3185 Filius
3264 3130 3410 3186 meu‘s
3454 3144 3503 3185 es
3530 3139 3588 3185 tu
3614 3145 3637 3187 :
3673 3146 3768 3203 ego

2193 3214 2347 3269 hodie
2371 3217 2524 3287 genui
2555 3222 2622 3271 te.
2640 3204 2787 3275 intus
2808 3221 3042 3291 scriptus
3067 3230 3169 3289 est,
3183 3228 3309 3278 cum
3328 3222 3589 3293 Propheta
3601 3222 3771 3280 dicit:

514 3284 665 3308 l"""
696 3284 955 3308 "U"""""
985 3284 1167 3307 "U""'
1196 3284 1406 3307 "r"""
1454 3284 1521 3291 —'
1555 3284 1653 3292 ⁷⁷””
1701 3284 1942 3309 ’”””υ*⁷’”””’
1985 3284 2057 3311 ,γ’

510 3336 617 3385 tem
639 3326 1006 3398 praedicantem
1028 3341 1146 3380 voce
1169 3341 1358 3396 magna
1382 3344 1400 3380 :
1428 3325 1557 3392 Quis
1579 3336 1653 3382 est
1678 3327 1868 3399 dignus
1893 3331 2096 3401 aperire

2199 3284 2477 3377 Speciosus
2504 3307 2676 3378 forma
2710 3326 2820 3382 pne
2852 3284 2982 3380 ﬁliis
3008 3284 3295 3368 hominum.
3346 3284 3499 3372 Foris
3539 3314 3776 3386 scriptus

514 3402 726 3483 librum,
757 3423 803 3471 et
830 3414 1024 3470 solvere
1049 3414 1201 3483 signa
1230 3414 1385 3484 ejus?
1407 3414 1476 3470 Et
1512 3432 1660 3472 nemo
1686 3428 1908 3489 poterat,
1934 3437 2096 3493 neque

517 3510 573 3566 in
602 3509 746 3575 celo,
776 3523 938 3581 neque
961 3507 1019 3562 in
1043 3515 1203 3577 terra,
1228 3525 1388 3579 neque
1432 3510 1613 3566 subtus
1646 3521 1839 3568 terram
1895 3518 2098 3587 aperire

518 3597 727 3664 librum,
756 3614 917 3668 neque
948 3597 1200 3668 respicere
1224 3596 1394 3653 illum.
1418 3598 1490 3655 Et
1518 3617 1631 3673 ego,
1657 3601 1859 3673 inquit,
1909 3606 2098 3676 ﬂebam

518 3690 760 3769 multum,
788 3690 928 3760 quod
982 3705 1132 3767 nemo
1179 3691 1366 3763 dignus
1408 3694 1645 3751 inventus
1679 3706 1754 3751 est
1800 3698 2003 3769 aperire
2035 3697 2100 3752 li-

519 3784 689 3849 brum,
730 3797 888 3852 neque
913 3780 1083 3838 videre
1100 3783 1270 3838 illum.
1298 3784 1368 3839 Et
1386 3801 1524 3841 unus
1557 3785 1621 3840 de
1650 3787 1937 3843 senioribus
1965 3788 2100 3842 dixit

521 3872 650 3947 mihi
677 3886 694 3927 :
724 3870 807 3924 Ne
845 3871 1077 3941 ﬂeveris,
1115 3873 1346 3930 Joannes
1371 3891 1391 3930 :
1416 3892 1531 3931 ecce
1574 3877 1695 3931 vicit
1723 3876 1802 3932 leo
1848 3877 1912 3931 de
1961 3878 2100 3933 tribu

521 3962 691 4030 Iuda,
713 3961 866 4018 radix
895 3963 1089 4033 David,
1129 3966 1330 4038 aperire
1362 3966 1585 4035 librum,
1610 3975 1659 4023 et
1701 3977 1892 4039 septem
1927 3968 2101 4040 sigilla

520 4057 637 4129 ejus
660 4054 843 4130 (Apoc.
872 4075 927 4129 v,
948 4059 1085 4136 2-5).

593 4166 750 4224 CXII.
785 4169 1024 4241 Angelus
1050 4170 1207 4228 fortis
1242 4172 1337 4243 qui
1377 4171 1679 4242 clamabat,
1727 4160 1905 4231 omnis
1963 4171 2104 4231 Scri-

520 4264 681 4333 phira
706 4275 861 4319 sacra
886 4269 1024 4318 erat.
1052 4261 1202 4318 Unus
1247 4262 1316 4324 de
1360 4262 1665 4320 senioribus
1687 4304 1702 4330 ,
1745 4262 1839 4334 qui
1871 4261 2065 4320 Joanni
2085 4304 2102 4332 ,

526 4351 655 4408 Noli
699 4353 844 4424 ﬂere,
874 4352 1104 4419 dicebat,
1133 4359 1303 4409 totum
1341 4370 1528 4425 corpus
1551 4355 1921 4426 prophetarum
1948 4362 2064 4411 erat
2086 4395 2102 4424 ,

522 4443 618 4514 qui
648 4444 1066 4500 consolabantur
1087 4443 1383 4501 Ecclesiam
1411 4485 1427 4512 ,
1467 4461 1628 4515 quam
1652 4443 1887 4503 Joannes
1909 4447 1965 4502 in
2010 4461 2106 4503 sua

524 4542 753 4607 persons
779 4536 1180 4609 praetigurabat,
1209 4537 1356 4606 quod
1377 4538 1524 4594 solus
1545 4537 1794 4596 Christus
1852 4539 1923 4596 de
1964 4540 2107 4596 tribu

522 4625 680 4696 Jhda,
710 4631 863 4687 radix
897 4631 1085 4698 David,
1108 4631 1401 4709 redimeret
1432 4642 1571 4686 eam.
1600 4630 1734 4687 Nam
1758 4633 1940 4690 nullus
1965 4634 2104 4691 alter
2130 4645 2186 4708 ο

525 4717 776 4778 inventus
799 4731 900 4789 est,
929 4735 1105 4793 neque
1122 4721 1346 4794 angelus
1375 4722 1431 4777 in
1453 4722 1611 4790 calo,
1639 4736 1814 4794 neque
1837 4724 2001 4782 homo
2020 4725 2102 4781 vi-

526 4827 661 4872 vens
685 4815 742 4871 in
770 4825 932 4883 terra,
957 4832 1132 4888 neque
1157 4816 1398 4889 sepultus
1422 4819 1614 4874 subtus
1628 4827 1849 4886 terram,
1869 4821 1963 4891 qui
1983 4836 2107 4891 pos-

528 4908 601 4962 sit
624 4908 835 4966 solvere
856 4910 1003 4966 hunc
1029 4910 1227 4966 librum
1254 4910 1527 4982 signatum
1555 4910 1745 4983 sigillis
1790 4920 1995 4982 septem
2011 4954 2027 4979 ,
2050 4923 2107 4971 et

528 4997 741 5064 aperire
778 4998 1084 5072 scripturas
1130 5001 1490 5058 bibliothecae.
1535 5001 1637 5059 Ubi
1662 5011 1747 5059 est
1776 5003 2068 5075 Elipandus
2086 5046 2103 5071 ,

530 5088 624 5157 mil
646 5088 923 5148 Chrbtt'ml
951 5094 1053 5151 sibi
1093 5094 1324 5151 similem
1346 5094 1499 5168 ﬁngit
1530 5104 1587 5152 et
1611 5096 1777 5154 dicit:
1812 5116 1831 5150 ί
1863 5098 1932 5154 Et
1951 5097 2107 5155 Chri—

528 5183 648 5233 stus
679 5180 979 5252 adoptivus,
1010 5193 1065 5240 et
1088 5200 1189 5244 nos
1213 5186 1471 5256 adoptivi.
1501 5187 1571 5243 Et
1601 5186 1691 5245 ille
1722 5187 1969 5245 Christus
1990 5226 2008 5256 ,
2053 5198 2109 5246 et

530 5278 632 5335 nos
667 5276 890 5337 Christi.
927 5284 995 5339 Et
1019 5286 1108 5341 ille
1140 5288 1416 5357 parvulus,
1443 5296 1500 5343 et
1539 5303 1639 5344 nos
1661 5289 1892 5360 parvuli.
1920 5289 1990 5346 Et
2015 5289 2106 5347 ille

528 5372 823 5437 servus,‘et
851 5384 948 5428 nos
972 5375 1134 5431 servi.
1180 5390 1205 5431 ε
1236 5377 1337 5434 Hic
1377 5378 1540 5435 dicit:
1567 5376 1758 5437 Nullus
1801 5387 1885 5437 est
1925 5381 2111 5438 inven-

533 5478 639 5543 tus,
665 5473 757 5546 qui
779 5472 975 5547 dignus
995 5476 1066 5532 sit
1100 5466 1310 5547 aperire
1346 5480 1565 5550 librum,
1594 5489 1651 5538 et
1675 5482 1884 5541 solvere
1904 5491 2109 5555 septem

533 5574 805 5651 signacula
830 5574 965 5646 ejus.
1006 5572 1122 5646 Quo
1149 5581 1310 5639 modo
1343 5586 1428 5639 est
1454 5576 1736 5653 adoptivus
1756 5600 1878 5641 cum
1904 5586 2111 5657 adopti-

533 5682 635 5749 vis,
661 5680 753 5753 qui
778 5696 919 5738 unus
939 5680 1076 5738 liber
1099 5681 1215 5738 est"?
1237 5682 1321 5738 An
1365 5683 1506 5741 forte
1540 5684 1676 5741 duos
1709 5685 1873 5743 libros
1910 5684 2106 5757 credis,
2142 5722 2147 5727 -

535 5798 674 5842 unus
698 5783 791 5863 qui
831 5784 1040 5843 litteras
1066 5778 1372 5851 contineat,
1421 5780 1559 5840 alter
1601 5785 1696 5858 qui
1738 5784 2112 5853 intellectum?

534 5879 645 5941 Sed
688 5884 774 5942 hic
804 5902 904 5943 nos
926 5900 1032 5941 non
1077 5870 1291 5955 pateris
1316 5872 1564 5952 eludere,
1615 5882 1739 5954 quia
1780 5890 1917 5944 unus
1959 5884 2110 5962 [Lég.

2195 3405 2297 3463 est,
2329 3410 2452 3452 cum
2478 3397 2640 3454 Pater
2661 3398 2790 3456 dicit
2817 3419 2829 3453 :
2862 3400 2987 3458 Pete
3010 3420 3043 3458 a
3064 3418 3165 3470 me,
3194 3413 3243 3459 et
3273 3400 3406 3460 dabo
3460 3407 3551 3461 tibi
3605 3414 3775 3478 genus

2196 3491 2551 3546 hcereditatem
2595 3502 2738 3547 tuam
2767 3535 2781 3558 ,
2832 3498 2881 3549 et
2917 3498 3290 3566 possessionem
3348 3502 3492 3552 mm
3524 3500 3778 3554 terminos

2197 3589 2370 3637 terra).
2403 3582 2550 3641 lntus
2574 3585 2809 3658 scriptus
2853 3594 2966 3655 est,
2999 3598 3121 3644 eum
3148 3578 3312 3645 Pater
3339 3586 3505 3646 dicit:
3541 3588 3778 3647 Eruciu-

2198 3672 2266 3726 uit
2291 3687 2381 3727 cor
2398 3684 2571 3728 meum
2591 3674 2797 3729 uerbum
2829 3677 3040 3732 bonum:
3074 3676 3230 3735 Foris
3258 3680 3491 3752 scriptus
3514 3688 3635 3747 est,
3668 3692 3776 3738 cum

2198 3760 2369 3821 Filius
2398 3767 2528 3822 dicit
2553 3784 2565 3821 :
2599 3767 2740 3823 Deus
2768 3768 2907 3825 Deus
2933 3770 3095 3838 meus,
3126 3782 3287 3844 quare
3310 3772 3776 3846 meum:

2201 3854 2375 3940 (Psal.
2403 3876 2513 3927 xxi,
2540 3859 2621 3933 2.)
2647 3859 2798 3919 Intus
2844 3864 3079 3936 scriptus
3113 3866 3231 3929 est.
3290 3880 3411 3923 cum
3449 3867 3563 3939 ipse
3615 3868 3781 3926 Filius

2201 3942 2368 4005 dicit:
2398 3949 2570 4022 Longe
2589 3967 2621 4007 α
2647 3952 2817 4009 salute
2860 3964 2977 4010 mea
3008 3958 3157 4027 uerba
3179 3956 3481 4012 delictorum

2200 4032 2256 4096 id
2281 4049 2382 4106 est,
2406 4041 2564 4114 longe
2595 4058 2627 4100 a
2672 4043 2954 4103 divinitate
2982 4047 3176 4117 injuria
3204 4047 3574 4105 humanitatis.
3630 4050 3779 4108 Foris

2201 4128 2435 4202 scriptus
2470 4140 2574 4200 est,
2625 4149 2746 4190 cum
2794 4136 3121 4209 evangelista
3154 4139 3267 4193 ait:
3299 4138 3451 4194 Liber
3491 4136 3783 4211 generatis-

2202 4224 2284 4281 riis
2314 4225 2443 4283 Iesu
2462 4225 2677 4294 Christi,
2701 4228 2800 4297 ﬁlii
2822 4228 3012 4298 David,
3036 4229 3135 4300 ﬁlii
3158 4230 3440 4286 Abrahanl’.
3474 4226 3638 4288 ῐιιιαε
3656 4231 3783 4288 scri-

2202 4328 2328 4393 ptus
2355 4328 2458 4389 est,
2489 4337 2613 4377 cum
2639 4321 2802 4377 Pater
2831 4322 2959 4379 dicit
2985 4338 3001 4378 :
3036 4323 3121 4379 Ex
3146 4334 3291 4380 utero
3334 4332 3463 4380 ante
3504 4320 3783 4395 luciferam

2204 4414 2359 4488 genui
2404 4425 2472 4472 te.
2509 4415 2667 4473 Foris
2703 4418 2937 4488 scriptus
2984 4425 3097 4484 est,
3138 4434 3259 4474 cum
3312 4418 3575 4491 propheta
3619 4419 3781 4475 dicit:

2204 4509 2412 4566 Iuravit
2439 4510 2715 4578 Dominus,
2743 4522 2791 4567 et
2841 4530 2944 4567 non
2972 4512 3235 4583 paenitebit
3271 4508 3425 4577 eum;
3461 4521 3523 4568 tu
3540 4528 3592 4567 es
3614 4528 3786 4569 sacer-

2206 4600 2300 4655 dos
2324 4601 2380 4655 in
2403 4602 2972 4669 mternum,secundum
2994 4600 3226 4658 ordinem
3265 4600 3677 4658 Melchisedech.
3707 4603 3784 4658 ln-

2209 4701 2296 4747 tus
2319 4691 2552 4762 scriptus
2578 4701 2676 4758 est,
2704 4709 2824 4749 cum
2846 4693 3176 4765 evangelista
3202 4692 3331 4750 dicit
3355 4707 3371 4747 :
3408 4693 3476 4748 In
3529 4693 3786 4766 principio

2207 4792 2319 4840 erat
2362 4780 2606 4838 Verbum.
2643 4780 2799 4839 Fori's
2820 4784 3051 4854 scriptus
3096 4792 3210 4851 est,
3237 4796 3357 4840 cum
3392 4780 3568 4840 lsaias
3614 4784 3782 4841 dicit:

2208 4873 2343 4929 Ecce
2368 4875 2509 4945 virgo
2538 4874 2751 4947 accipiet
2788 4876 2842 4930 in
2876 4885 3041 4940 utero,
3069 4884 3119 4930 et
3138 4875 3304 4947 pariet
3334 4873 3533 4944 ﬁliuni,
3565 4878 3617 4931 et
3644 4876 3788 4932 roce—

2209 4966 2333 5023 bunt
2386 4984 2571 5022 nomen
2611 4967 2724 5040 ejus
2772 4962 3087 5022 Emmanuel
3133 4966 3267 5040 (Isa.
3305 4978 3425 5035 vn,
3482 4968 3597 5041 η).
3646 4967 3787 5024 Ihm

2208 5059 2440 5131 scriptus
2462 5065 2561 5125 est,
2599 5050 2722 5116 cum
2755 5048 2924 5116 Filius
2966 5052 3133 5116 dicit:
3164 5058 3268 5129 Qui
3303 5072 3387 5115 me
3424 5054 3602 5127 uidet,
3658 5060 3786 5114 ιιὶἀι

2209 5157 2258 5204 et
2282 5148 2491 5203 Patrem
2520 5158 2711 5203 meum.
2742 5146 2900 5205 Foris
2942 5149 3176 5222 scriptus
3208 5152 3312 5217 est,
3337 5152 3463 5207 cum

2210 5236 2373 5295 dicit:
2399 5238 2591 5294 Christi
2616 5248 2787 5295 autem
2813 5234 3079 5312 generatio
3122 5241 3201 5297 ste
3234 5240 3365 5298 erat.
3398 5234 3536 5298 Cibis
3568 5242 3790 5313 despuu-

2208 5339 2326 5386 sata
2354 5334 2479 5386 esset
2491 5338 2657 5386 mater
2668 5331 2780 5402 eju's
2797 5328 2973 5389 Μανία
2994 5330 3205 5404 Ioseph.
3227 5328 3375 5390 Intus
3400 5336 3643 5405 scriptus
3663 5334 3787 5390 est:

2209 5419 2428 5478 Inventa
2457 5429 2533 5475 est
2574 5421 2628 5477 in
2650 5430 2796 5477 utero
2843 5422 3036 5479 habens
3072 5424 3139 5480 de
3171 5414 3377 5497 Spiritu
3404 5426 3615 5483 saneto.
3646 5425 3789 5496 Quid

2209 5512 2395 5583 utillue
2428 5510 2651 5577 habens,
2678 5510 2783 5568 nisi
2812 5510 3048 5570 Verbum
3070 5512 3276 5572 Βεσὼῖ
3296 5512 3540 5574 Verbum
3566 5524 3789 5577 earnm

2210 5600 2411 5663 factum
2440 5594 2765 5687 in'mttlicrc,
2797 5606 2994 5679 factum
3018 5608 3116 5664 sub
3141 5609 3267 5682 lege.

2281 5694 2461 5756 CXIV.
2498 5683 2656 5754 Foris
2700 5692 2932 5770 scriptus
2964 5706 3064 5767 est,
3094 5716 3214 5759 cum
3270 5696 3524 5774 apostoli,
3558 5707 3796 5766 interro-

2211 5796 2321 5872 gati
2345 5792 2465 5865 quis
2500 5801 2644 5850 esset
2684 5780 2962 5862 Dominus,
2994 5795 3266 5853 dicerent:
3296 5795 3649 5871 napaeas,
3700 5803 3796 5857 asia

2212 5870 2431 5953 Isaiam,
2462 5882 2553 5940 (illi
2574 5882 2885 5951 Jereuilarn,
2942 5878 3047 5942 un
3064 5886 3331 5944 Joannem
3348 5870 3672 5962 3mm,
3699 5890 3797 5949 ιε’
