3952 6318
205 431 310 506 96$

889 410 1292 502 harenam
1331 441 1388 502 ε.
1431 441 1632 500 eum
1666 443 1759 500 AD
1796 431 2192 506 ELIPANDUM
2229 445 2448 508 EPIST.
2483 428 2560 492 '—
2597 443 2726 506 LIB.
2766 447 2812 507 ι.

3365 452 3470 516 966

201 572 385 618 autem
419 571 584 613 unum
608 566 674 612 es:
724 559 1006 631 prophetis.
1068 561 1216 618 Intus
1249 561 1480 632 scriptus
1513 568 1596 617 est
1618 602 1636 630 ,
1669 564 1868 625 cum-A
1894 564 1948 619 in
1970 580 2071 636 quo
2093 565 2220 620 mihi
2244 565 2368 622 bene
2391 564 2720 637 complacui:
2746 566 2915 638 ipsum
2938 567 3134 626 audite.
3160 568 3311 628 Intus
3333 573 3470 630 scri-

202 653 404 714 Ρευ-ιιε
425 652 695 710 exclamat
718 665 734 708 :
762 645 839 706 Tu
866 668 920 707 es
948 650 1184 708 Christus
1211 651 1384 708 Filius
1403 652 1501 708 Dei
1538 654 1654 708 vivi.
1685 651 1790 710 Fo-

203 745 286 803 ris
311 741 546 814 scriptus
571 749 678 810 est,
708 757 832 798 cum
855 744 923 798 ad
951 739 1214 820 Lazarum
1243 743 1574 814 lacrymatur
1597 749 1652 798 et
1694 743 1787 800 ubi

200 836 516 908 posuissent
541 850 664 891 eum
688 833 1006 906 interrogat.
1033 834 1180 890 Intus
1222 835 1458 904 scriptus
1492 842 1614 902 est,
1663 849 1787 891 cum

201 946 337 987 voce
362 943 558 1001 magna
595 927 826 986 clamat:
857 927 1086 997 Lazare,
1125 929 1237 985 veni
1267 928 1432 998 foras.
1466 925 1623 985 Foris
1649 927 1787 986 scri-

196 1033 328 1096 ptus
352 1029 456 1089 est,
478 1036 602 1077 cum
625 1011 834 1077 Martha
867 1021 1036 1077 dicit:
1067 1020 1289 1077 Domine
1321 1062 1337 1090 ,
1385 1023 1430 1076 si
1463 1021 1650 1092 fuisses
1677 1021 1782 1087 hic,

196 1116 371 1186 frater
397 1131 542 1170 meus
581 1131 684 1170 non
708 1113 889 1184 fuisset
913 1121 1169 1170 mortuus.
1217 1113 1361 1170 Intus
1404 1114 1637 1184 scriptus
1657 1121 1782 1180 εει,

195 1220 324 1261 cum
348 1203 608 1261 Dominus
631 1203 800 1260 dicit:
832 1193 1084 1276 Resurget
1111 1204 1276 1276 frater
1299 1215 1438 1260 tuus.
1472 1205 1626 1261 Foris
1650 1204 1784 1262 scri-

191 1311 322 1374 ptus
348 1310 454 1368 est,
489 1316 615 1357 cum
638 1299 846 1360 Martha
869 1303 986 1359 hinc
1029 1303 1240 1360 dubitat
1271 1305 1512 1369 credere,
1539 1320 1662 1361 cum
1701 1305 1783 1361 di-

193 1394 308 1448 cit:
344 1393 470 1448 Scio
493 1393 618 1465 quia
647 1403 877 1465 resurget
903 1394 959 1448 in
996 1396 1370 1450 resurrectione
1402 1397 1458 1450 in
1502 1396 1780 1451 novissimo

189 1482 298 1536 die.
327 1479 480 1538 Intus
507 1483 745 1553 scriptus
768 1491 872 1551 est,
896 1499 1021 1540 cum
1049 1484 1309 1542 Dominus
1332 1485 1464 1542 dicit
1488 1499 1502 1540 :
1530 1485 1642 1558 Ego
1664 1502 1778 1542 sum

189 1576 507 1630 resurrectio
538 1583 587 1629 et
611 1575 738 1628 vita.
767 1573 871 1640 Qui
894 1577 1056 1631 credit
1079 1577 1134 1631 in
1162 1593 1262 1644 me,
1290 1579 1385 1633 etsi
1406 1586 1644 1633 mortuus
1669 1577 1781 1648 fue-

187 1666 281 1730 rit,
319 1666 472 1720 vivet.
504 1664 657 1722 Tunc
693 1667 944 1738 cognovit
971 1667 1166 1724 mulier
1191 1669 1510 1741 sapientiam
1557 1684 1678 1740 quae
1701 1669 1778 1724 la-

190 1757 340 1838 tebat
365 1757 421 1813 in
457 1756 617 1813 libro.
643 1757 980 1814 Exclamavit
1003 1768 1062 1814 ut
1081 1759 1364 1838 Petrus,et
1387 1761 1521 1816 dixit
1545 1779 1558 1814 :
1586 1759 1774 1829 Credo,

188 1831 432 1912 Domsne,
465 1847 590 1919 quia
625 1856 682 1902 tu
706 1865 760 1905 es
790 1846 1027 1905 Christus
1055 1850 1229 1908 Filius
1250 1835 1384 1918 Dei,
1427 1853 1516 1923 qui
1546 1853 1601 1907 in
1639 1853 1776 1907 hunc

1888 664 2012 728 ptus
2033 664 2134 722 est,
2166 673 2288 713 cum
2328 657 2497 714 Filius
2543 657 2672 714 dicit
2704 675 2719 716 :
2760 657 2930 716 Nemo
2972 662 3110 717 novit
3134 660 3336 718 Filium
3367 666 3470 721 nisi

1888 731 2092 805 Pater:
2121 765 2284 820 neque
2311 735 2523 804 Patrem
2549 748 2663 822 quis
2714 749 2852 806 novit
2901 752 3003 808 nisi
3032 745 3207 809 Filius
3231 793 3248 821 ,
3295 764 3345 812 et
3383 756 3470 810 cui

1885 825 2062 895 Filius
2078 839 2295 896 voluerit
2321 839 2564 897 revelare.
2591 840 2746 898 Foris
2768 842 3002 914 scriptus
3022 853 3125 912 est,
3148 861 3273 903 cum
3299 845 3469 903 Isaias

1886 931 2016 988 dicit
2039 950 2051 986 :
2077 932 2265 999 Dicite,
2301 932 2429 1003 filia:
2452 932 2622 990 Sion:
2654 932 2790 989 Ecce
2816 951 2908 990 rex
2927 943 3049 991 tuus
3072 937 3235 993 veniet
3257 939 3352 994 tibi
3373 938 3468 1011 ju-

1885 1033 2015 1090 stus,
2041 1033 2088 1079 et
2127 1023 2386 1091 Salvator,
2418 1041 2633 1096 pauper,
2666 1025 2846 1080 sedens
2900 1044 3056 1099 super
3083 1029 3290 1084 asinum
3316 1029 3469 1086 inde.

1883 1117 2088 1170 mitam.
2127 1115 2273 1172 Intus
2302 1115 2534 1186 scriptus
2571 1125 2688 1183 est,
2739 1131 2861 1173 cum
2891 1117 3033 1173 idem
3076 1121 3338 1191 propheta
3386 1120 3467 1183 di-

1884 1209 1995 1264 cit:
2039 1206 2183 1264 Tunc
2214 1209 2512 1280 aperientur
2540 1209 2677 1263 oculi
2720 1227 2994 1277 arearum,
3018 1220 3067 1266 et
3096 1228 3250 1267 aures
3275 1212 3466 1270 surdo-

1884 1317 2001 1355 rum
2044 1301 2274 1356 audient.
2312 1299 2455 1356 Tunc
2499 1299 2651 1355 saliet
2682 1300 2902 1357 claudus
2959 1303 3110 1374 quasi
3137 1319 3316 1362 cervus
3341 1345 3359 1373 ,
3413 1312 3464 1361 et

1882 1390 2064 1447 clausa
2087 1393 2182 1446 erit
2205 1391 2384 1463 lingua
2408 1391 2698 1446 bulborum.
2731 1390 2887 1449 Foris
2931 1393 3165 1465 scriptus
3185 1403 3302 1462 est,
3339 1411 3463 1452 cum

1881 1484 1996 1555 ipse
2024 1500 2121 1558 per
2139 1483 2426 1542 Jeremiam
2451 1485 2582 1541 dicit
2605 1503 2618 1540 :
2657 1483 3096 1544 Prwvaricatione
3119 1490 3464 1560 prtevaricata

1880 1588 1954 1632 est
1979 1579 2036 1634 in
2076 1595 2154 1634 me
2177 1577 2359 1633 domus
2386 1570 2562 1644 Iuda,-
2595 1588 2907 1650 negaverunt
2945 1596 3043 1644 me,
3070 1589 3118 1636 et
3173 1579 3416 1638 dixerunt
3441 1597 3461 1638 :

1881 1667 2004 1724 Non
2030 1677 2104 1722 est
2124 1669 2251 1739 ipse.
2280 1663 2430 1724 Intus
2452 1669 2684 1738 scriptus
2705 1678 2806 1736 est,
2830 1686 2952 1726 cum
2984 1671 3152 1726 dicit:
3187 1671 3248 1728 Si
3273 1688 3463 1744 cogno-

1878 1757 2076 1812 vissetis
2102 1775 2201 1825 me,
2231 1759 2408 1830 utique
2438 1767 2485 1814 et
2515 1758 2730 1815 Patrem
2753 1778 2924 1816 meum
2959 1761 3342 1833 cognovissetis.
3364 1761 3464 1817 Fo-

1879 1847 1956 1904 ris
1977 1849 2211 1920 scriptus
2253 1858 2357 1915 est,
2389 1864 2510 1905 cum
2538 1864 2635 1920 per
2660 1850 2854 1907 Isaiam
2893 1841 3023 1906 dicit
3049 1866 3063 1905 :
3097 1849 3343 1923 Cognovit
3372 1851 3460 1906 bos

186 1935 443 1991 mundum
505 1938 703 1994 venisti.
763 1939 921 1996 Foris
975 1943 1210 2013 scriptus
1260 1952 1343 1998 est
1363 1981 1378 2009 ,
1439 1959 1559 1999 cum
1604 1957 1780 2000 cmcus
1807 1937 1857 2000 B
1881 1957 2228 2024 possessorem
2251 1959 2426 2009 suum,
2455 1955 2502 1998 et
2534 1946 2715 2001 asinus
2735 1962 2962 2017 prwsepe
2999 1947 3196 2002 domini
3229 1947 3350 2002 sui:
3372 1945 3462 2002 sed

186 2027 561 2084 transeuntem
584 2028 819 2097 clamat,
862 2040 923 2087 ut
959 2030 1156 2088 videat.
1194 2032 1343 2090 Intus
1373 2034 1607 2104 scriptus
1649 2043 1769 2104 est,

186 2119 315 2172 eum
337 2127 464 2174 stat.
485 2117 641 2177 Foris
670 2121 904 2194 scriptus
925 2131 1026 2189 est,
1054 2140 1176 2180 cum
1212 2140 1279 2182 ex
1307 2135 1464 2196 sputo
1499 2126 1670 2182 lutum
1694 2128 1774 2184 la-

1875 2031 2046 2088 Israel
2063 2050 2144 2088 me
2167 2051 2272 2094 nm
2296 2035 2530 2106 cognovit
2554 2052 2572 2090 :
2595 2046 2642 2090 et
2663 2036 2886 2108 populus
2912 2055 3058 2094 meus
3083 2055 3165 2093 me
3187 2055 3289 2093 non
3313 2036 3462 2116 intel-

1874 2123 2020 2181 lexit.
2044 2125 2194 2183 Intus
2222 2127 2455 2198 scriptus
2495 2137 2597 2194 est,
2624 2144 2746 2185 cum
2770 2145 2868 2202 per
2893 2129 3236 2186 Salomonem
3288 2129 3459 2186 dicit:

185 2208 283 2274 cit,
316 2219 375 2265 et
403 2209 524 2266 linit
549 2211 734 2268 oculos
762 2211 897 2283 ejus.
929 2211 1080 2271 Intus
1126 2194 1362 2287 scriptus
1403 2227 1514 2287 est,
1544 2235 1668 2276 cum
1694 2219 1773 2276 la-
1841 2194 1854 2209 ⁸
1873 2218 2008 2274 Ante
2027 2235 2230 2275 omnem
2258 2194 2550 2275 creaturam
2582 2237 2674 2293 ego
2697 2194 2886 2276 est-ore
2928 2221 3184 2278 Altissimi
3208 2221 3456 2292 processi.

180 2302 290 2367 vit,
320 2310 377 2358 et
411 2303 562 2358 vidit.
588 2301 744 2362 Foris
767 2307 1001 2377 scriptus
1036 2316 1140 2374 est,
1166 2325 1289 2365 cum
1309 2309 1424 2380 ipse
1447 2326 1622 2368 caseus
1647 2325 1771 2368 eum
1872 2307 2030 2367 Foris
2051 2311 2287 2382 scriptus
2315 2319 2417 2378 est,
2441 2328 2561 2368 cum
2603 2312 2770 2368 Isaias
2819 2313 2950 2368 dicit
2977 2328 2992 2367 :
3021 2311 3090 2367 Et
3116 2329 3209 2368 nos
3251 2311 3458 2384 putavi-

180 2395 508 2466 prophetam
535 2410 651 2452 esse
676 2397 828 2454 dicit.
858 2397 1006 2456 Intus
1030 2400 1263 2470 scriptus
1295 2410 1416 2470 est,
1473 2419 1597 2460 cum
1643 2418 1768 2460 eum
1872 2417 1988 2456 mus
2013 2419 2130 2458 eum
2163 2404 2316 2476 quasi
2340 2402 2622 2475 leprosum,
2643 2413 2691 2459 et
2719 2421 3020 2474 percussum
3069 2421 3102 2458 a
3150 2403 3260 2459 Deo
3289 2413 3337 2459 et
3360 2405 3457 2459 hu-

181 2485 385 2544 Filium
421 2488 514 2544 Dei
537 2489 766 2548 credidit
799 2500 854 2548 et
889 2494 1156 2550 adoravit.
1184 2495 1339 2552 Foris
1364 2495 1600 2567 scriptus
1647 2506 1730 2553 est
1753 2537 1770 2565 ,
1871 2493 2321 2551 miliatumJntus
2343 2495 2576 2566 scriptus
2598 2503 2701 2562 est,
2731 2497 2854 2552 cu‘m
2893 2495 3034 2552 idem
3084 2497 3347 2569 propheta
3379 2496 3458 2553 di~

182 2595 309 2637 cum
336 2573 574 2638 Joannes
594 2583 761 2640 dicit:
789 2585 925 2641 Ecce
977 2586 1158 2658 Agnus
1188 2587 1306 2642 Dei.
1345 2589 1495 2644 Intus
1538 2589 1772 2659 scriptus
1872 2583 1947 2639 Cit
1971 2603 1982 2638 :
2019 2585 2237 2643 Oblatus
2263 2597 2357 2654 est,
2377 2591 2502 2660 quia
2522 2589 2630 2660 ipse
2650 2587 2829 2644 voluit.
2849 2575 3247 2645 Gemriztionem
3284 2600 3458 2645 autem

179 2683 267 2752 est
292 2686 306 2727 :
335 2671 472 2729 Ecce
493 2675 583 2747 qui
606 2676 741 2730 tollit
766 2688 979 2748 peccata
1001 2679 1202 2735 mundi.
1227 2679 1382 2737 Foris
1411 2681 1644 2752 scriptus
1664 2691 1768 2739 est.

183 2760 350 2844 Cujus
377 2783 481 2821 non
499 2783 616 2822 sum
644 2768 834 2840 dignus
874 2771 1155 2842 corrigiam
1183 2771 1518 2828 calceamenti
1551 2771 1766 2829 solvere.

181 2852 332 2914 Intus
353 2860 587 2931 scriptus
605 2869 724 2918 est:
754 2861 867 2934 Ego
891 2864 1243 2920 testimonium
1268 2866 1509 2937 perhibeo
1537 2867 1662 2938 quia
1685 2866 1771 2921 hic

175 2959 261 3005 est
286 2947 454 3006 Filius
475 2949 593 3007 Dei.
622 2951 778 3010 Foris
811 2955 1045 3026 scriptus
1071 2964 1155 3013 est
1181 2997 1197 3023 ,
1243 2973 1366 3012 cum
1396 2955 1662 3014 Jeremias
1693 2957 1773 3014 di-

178 3042 295 3099 eit:
337 3041 504 3109 Quasi
538 3062 705 3117 agnus
741 3057 1046 3104 mansuetus
1091 3059 1330 3121 portatus
1370 3051 1438 3106 ad
1483 3052 1765 3107 victimam.

1870 2675 1991 2747 ejus
2023 2678 2141 2748 quis
2154 2679 2456 2733 enarrabit?
2481 2678 2638 2735 Foris
2665 2679 2898 2750 scriptus
2919 2688 3022 2746 εει,
3051 2695 3176 2736 cum
3198 2680 3457 2751 propheta

1873 2765 2040 2822 dicit:
2070 2768 2247 2824 Radix
2271 2770 2418 2825 Jesse
2439 2811 2454 2835 ,
2497 2769 2586 2841 qui
2621 2778 2725 2824 stat
2773 2771 2830 2824 in
2863 2770 3068 2841 signum
3123 2768 3456 2842 populorum.

1869 2841 2022 2920 Intus
2049 2862 2283 2931 scriptus
2322 2868 2422 2926 est,
2448 2875 2570 2916 cum
2597 2860 2727 2917 dicit
2751 2873 2766 2915 :
2798 2859 2982 2932 Ipsum
3025 2841 3200 2932 gentes
3220 2860 3461 2934 depreca'

1872 2957 2084 3012 buntur.
2109 2954 2266 3010 Foris
2300 2954 2534 3023 scriptus
2559 2962 2663 3021 est,
2689 2969 2812 3010 cum
2845 2954 3013 3010 Isaias
3049 2954 3216 3010 dicit:
3239 2953 3460 3026 Egredi-

1870 3059 1960 3106 tur
1984 3051 2126 3121 virga
2161 3049 2224 3103 de
2251 3049 2426 3103 radice
2451 3048 2618 3114 Iesse,
2642 3056 2690 3103 et
2709 3049 2807 3119 ﬂos
2835 3047 2900 3102 de
2921 3048 3098 3102 radice
3124 3048 3239 3118 ejus
3278 3063 3458 3102 ascen-

178 3121 330 3191 Intus
353 3135 587 3206 scriptus
607 3145 712 3205 est,
742 3155 865 3195 cum
909 3139 1052 3197 idem
1079 3141 1211 3198 dicit
1235 3157 1250 3197 :
1279 3141 1382 3199 Hic
1407 3153 1484 3200 est
1510 3143 1652 3198 Deus
1677 3160 1769 3199 uo-
1869 3141 1967 3214 dit.
1997 3140 2146 3196 Intus
2170 3138 2406 3208 scriptus
2447 3146 2530 3194 est
2555 3178 2570 3204 ,
2626 3153 2748 3194 cum
2799 3137 3021 3208 angelus
3045 3138 3258 3214 Virgini
3287 3138 3418 3196 dicit
3443 3153 3456 3191 :

175 3238 307 3294 stcr,
333 3238 382 3283 et
419 3246 525 3284 non
548 3233 894 3287 aestimabitur
912 3233 1050 3290 alius
1071 3245 1262 3306 prteter
1286 3253 1428 3292 eum.
1451 3235 1612 3293 Foris
1632 3235 1768 3293 scri-
1809 3297 1848 3306 _
1868 3213 2026 3297 δηθά
2054 3237 2296 3284 θωπείαν
2329 3245 2392 3283 επ
2436 3236 2484 3282 ιθ
2527 3235 2763 3282 “nam”
2808 3227 3079 3282 υοσαθίτυν
3117 3225 3292 3283 Fui“
3335 3227 3458 3282 θεία

173 3329 305 3392 ptus
327 3329 429 3388 est,
453 3338 577 3379 cum
605 3323 722 3398 ipse
754 3324 918 3381 dicit:
948 3297 1082 3383 Post
1099 3329 1209 3385 hwc
1243 3329 1300 3385 in
1343 3331 1498 3386 terris
1531 3331 1670 3386 visus
1697 3339 1773 3386 est

1878 3319 2034 3377 Foris
2051 3321 2283 3391 scriptus
2306 3327 2406 3384 est,
2423 3318 2704 3374 cumidem
2726 3317 2948 3389 angelus
2969 3318 3134 3374 dicit:
3167 3317 3453 3374 Vocabitur

172 3422 226 3467 et
259 3429 376 3467 cum
407 3414 703 3471 hominibus
733 3427 1064 3474 conversatus
1085 3429 1182 3474 est.
1210 3419 1360 3476 Intus
1381 3420 1620 3491 scriptus
1646 3424 1770 3488 εει,

1876 3430 2063 3470 nomen
2097 3413 2213 3483 ejus
2237 3413 2412 3467 Jesus.
2437 3411 2587 3467 Intus
2613 3410 2847 3480 scriptus
2882 3418 2983 3476 est,
3008 3425 3130 3465 cum
3158 3409 3328 3465 dicit:
3360 3409 3458 3464 Fi-

173 3520 303 3564 com
325 3507 441 3578 ipse
465 3509 602 3565 dese
627 3510 792 3565 dicit:
818 3510 933 3583 Ego
953 3529 1070 3567 sum
1093 3513 1282 3586 Alpha,
1307 3523 1356 3570 et
1378 3513 1596 3586 Omega,
1621 3517 1774 3585 prin-
1871 3508 1976 3562 lius
2006 3505 2259 3560 Altissimi
2287 3505 2570 3560 vocabitur.
2614 3502 2771 3560 Foris
2791 3503 3024 3575 scriptus
3049 3510 3133 3559 est
3153 3518 3172 3557 :
3205 3502 3274 3556 Et
3309 3503 3458 3558 dabit

173 3599 368 3670 cipium
390 3613 436 3655 et
472 3601 618 3671 ﬁnis.
645 3599 804 3659 Foris
827 3605 1061 3676 scriptus
1101 3615 1222 3673 est,
1251 3621 1376 3662 cum
1421 3607 1564 3662 idem
1599 3607 1770 3664 dicit:
1871 3599 1953 3654 illi
2000 3597 2257 3654 Dominus
2307 3595 2448 3653 Deus
2480 3599 2652 3654 sedem
2691 3597 2861 3652 David
2903 3598 3070 3669 patris
3107 3597 3248 3668 ejus.
3300 3596 3452 3654 Intus

176 3688 226 3745 0
247 3690 490 3758 Domine,
517 3710 612 3766 ego
647 3710 823 3751 servus
839 3706 981 3765 tuus,
1003 3707 1053 3754 et
1072 3699 1218 3769 ﬁlius
1239 3699 1450 3756 ancilla:
1469 3710 1594 3757 tute.
1622 3700 1773 3760 Intus
1869 3693 2109 3763 scriptus
2126 3700 2247 3748 est:
2277 3690 2344 3746 Et
2373 3691 2607 3763 regnabit
2628 3692 2685 3746 in
2715 3690 2872 3746 domo
2891 3690 3056 3746 Iacob
3078 3689 3134 3744 in
3154 3699 3407 3744 wternum
3431 3708 3451 3746 :

171 3784 417 3854 scriptus
442 3795 548 3852 est,
575 3801 700 3844 cum
719 3788 838 3860 ipse
862 3790 1020 3847 dicit:
1046 3789 1197 3848 sicut
1213 3791 1377 3848 Pam
1393 3795 1612 3850 εκεοίεαι
1634 3810 1774 3849 mor.
1867 3794 1920 3841 et
1955 3784 2099 3856 regni
2145 3783 2264 3855 ejus
2291 3800 2395 3838 non
2443 3784 2542 3839 erit
2566 3783 2708 3853 ﬁnis.
2741 3781 2898 3838 Foris
2928 3782 3165 3853 scriptus
3197 3790 3302 3849 est,
3329 3797 3453 3866 cuin

169 3883 295 3929 tuos
320 3885 368 3931 et
395 3877 640 3946 vivi/ian,
661 3881 737 3934 sic
761 3889 810 3936 et
837 3879 1012 3936 Filius
1043 3899 1173 3953 quos
1205 3883 1311 3940 vult
1342 3884 1586 3954 vivi/icat.
1615 3884 1771 3942 Foris

1874 3877 2037 3935 Isaias
2091 3877 2260 3934 dicit:
2292 3875 2558 3932 Parvulas
2602 3884 2759 3931 natus
2803 3885 2877 3931 est
2930 3875 3101 3930 nobis.
3133 3874 3282 3930 Intus
3315 3873 3454 3930 scri-

169 3967 412 4037 Icriptus
431 3976 534 4034 εει,
562 3985 688 4026 cum
712 3970 876 4027 Pater
905 3973 1073 4029 dicit:
1099 3973 1235 4030 Ecce
1261 3991 1438 4030 servus
1463 3991 1628 4041 meus,
1652 3993 1770 4032 sus—
1867 3979 1997 4042 ptus
2041 3975 2152 4034 est,
2199 3983 2324 4025 cum
2381 3967 2496 4039 ipse
2528 3967 2660 4024 dicit
2686 3984 2699 4023 :
2728 3965 2904 4022 Filius
2959 3966 3115 4021 datus
3156 3975 3233 4022 est
3285 3965 3453 4022 nobis.
3519 4014 3534 4029 ,

168 4057 372 4127 cipiunt
414 4073 550 4114 eum.
592 4059 742 4118 Intus
788 4063 1024 4134 scriptus
1070 4073 1180 4132 est,
1229 4082 1352 4121 cum
1398 4066 1570 4123 Filius
1594 4067 1765 4123 dicit:
1868 4061 2026 4120 Foris
2060 4061 2292 4133 scriptus
2315 4070 2419 4127 est,
2444 4077 2569 4118 cum
2593 4060 2762 4118 dicit:
2791 4059 2861 4114 Et
2891 4060 3064 4130 factus
3089 4069 3163 4115 est
3191 4061 3458 4132 principa-

171 4146 378 4202 Omnia
398 4165 512 4219 qua:
532 4151 684 4206 habet
710 4152 875 4208 Pater
893 4171 1009 4210 mea
1035 4166 1178 4211 sunt.
1205 4155 1361 4212 Foris
1399 4159 1632 4228 scriptus
1659 4167 1763 4228 εει,
1865 4164 1954 4210 tus
1973 4155 2088 4226 ejus
2109 4170 2266 4225 super
2283 4155 2556 4210 humerum
2584 4154 2719 4224 ejus.
2749 4152 2898 4209 Intus
2943 4152 3178 4222 scriptus
3203 4158 3308 4218 εει,
3331 4167 3453 4207 cam

168 4255 302 4296 cum
331 4239 502 4298 Filius
525 4245 592 4299 ad
622 4245 843 4302 Patrem
871 4248 1042 4304 dicit:
1092 4248 1170 4304 De
1203 4260 1375 4306 ventre
1401 4253 1588 4307 matris
1637 4269 1768 4308 mea:
1868 4247 2012 4304 idem
2063 4247 2227 4303 dicit:
2256 4246 2326 4300 Et
2373 4247 2644 4303 vocabitur
2690 4261 2878 4302 nomen
2921 4245 3040 4316 ejus
3069 4243 3412 4299 Admirabilis
3433 4285 3451 4310 ,

170 4331 318 4386 Deus
348 4349 494 4390 meus
518 4352 572 4391 es
596 4345 674 4391 tu.
721 4337 871 4395 Intus
892 4341 1130 4410 scriptus
1150 4349 1249 4406 est,
1279 4355 1403 4397 cum
1440 4356 1539 4412 per
1562 4343 1766 4399 Zacha-

1874 4336 2235 4403 Consiliarius,
2253 4337 2416 4404 Deus,
2443 4336 2642 4393 Fortis.
2661 4335 2816 4393 Foris
2830 4336 3064 4406 scriptus
3075 4345 3175 4400 est,
3192 4351 3314 4391 cum
3332 4351 3454 4406 pro-

169 4423 311 4480 riam
339 4423 451 4495 ipse
489 4427 554 4483 de
579 4443 637 4483 se
662 4428 831 4486 Filius
852 4431 1018 4487 dicit:
1050 4432 1187 4488 Ecce
1205 4449 1298 4504 ego
1325 4433 1528 4488 mittam
1549 4449 1765 4490 manum
1865 4431 2026 4504 pheta
2041 4429 2172 4486 dicit
2196 4448 2208 4485 :
2237 4430 2304 4485 Et
2334 4431 2612 4502 requiescet
2633 4447 2790 4502 super
2812 4443 2931 4486 eum
2967 4429 3196 4501 Spiritus
3215 4426 3450 4494 Domini,

169 4530 344 4572 meum
372 4535 531 4589 super
554 4537 662 4588 vos,
688 4531 740 4576 et
756 4523 1200 4594 deprtedabuntur
1218 4527 1307 4597 qui
1334 4526 1762 4597 deprwdaverunt
1866 4524 2376 4597 Spiritussapientice
2391 4534 2438 4578 et
2452 4523 2764 4589 intellectus,
2781 4523 3012 4595 Spiritus
3036 4520 3242 4577 consilii
3263 4529 3313 4576 et
3345 4521 3454 4592 for-

168 4623 281 4664 uos.
320 4609 387 4664 Et
406 4613 580 4666 scietis
615 4615 741 4685 quia
761 4632 854 4686 ego
901 4631 1019 4670 sum
1059 4615 1314 4673 Dominus
1356 4617 1500 4674 Deus
1528 4620 1764 4691 omnipo—
1789 4666 1845 4691 ι
1866 4618 2128 4673 titudinis.
2159 4616 2387 4690 Spiritus
2420 4618 2650 4672 scientiis
2675 4627 2726 4672 et
2745 4615 2976 4687 pietatis.
2999 4614 3067 4670 Et
3100 4611 3308 4686 replevit
3333 4626 3451 4668 cum

167 4711 308 4758 tens.
334 4702 403 4759 Et
429 4706 521 4776 qui
547 4666 687 4762 inibit
723 4666 816 4763 mea
838 4710 1095 4766 Dominus
1121 4713 1442 4783 omnipotens
1467 4723 1563 4768 est.
1670 4666 1698 4691 Γ
1788 4666 1846 4730 Β
1865 4710 2054 4782 spiritu
2071 4666 2274 4763 tim-aiis
2303 4707 2537 4762 Domini.
2563 4706 2712 4762 Intus
2743 4705 2978 4774 scriptus
3001 4712 3101 4767 εει,
3133 4719 3256 4759 cum
3283 4703 3454 4758 Filius

247 4795 410 4853 CXV.
448 4797 605 4856 Foris
656 4802 892 4873 scriptus
931 4812 1034 4871 est,
1063 4820 1187 4861 cum
1235 4806 1350 4875 ipse
1399 4805 1546 4863 Patri
1600 4807 1763 4866 dicit:

168 4887 343 4945 Salva
362 4904 444 4945 nte
467 4890 533 4946 de
554 4905 643 4947 ore
665 4892 851 4951 leonis.
885 4895 1034 4953 Intus
1067 4897 1304 4969 scriptus
1326 4906 1410 4955 est
1435 4939 1450 4964 ,
1500 4911 1624 4955 cum
1653 4901 1769 4971 ipse

168 4978 232 5036 in
259 4979 555 5054 Evangelia
574 4998 674 5054 pro
707 4985 985 5058 discipulis
1031 4988 1198 5045 dicit:
1226 4988 1410 5057 Pater,
1443 4991 1558 5047 volo
1582 5001 1642 5046 ut
1679 4992 1768 5048 ubi

164 5087 294 5128 sunt
319 5082 500 5144 ego,et
524 5075 624 5146 ipsi
649 5077 756 5132 sint
786 5094 1008 5135 mum.
1051 5079 1170 5136 Non
1210 5081 1383 5147 dixit,
1423 5081 1574 5138 Peto.
1606 5081 1765 5141 Foris

165 5165 416 5236 scriptus
443 5173 549 5234 est,
574 5184 698 5224 cum
732 5171 788 5226 in
809 5173 935 5228 navi
975 5173 1194 5229 dormit.
1222 5173 1372 5231 Intus
1396 5175 1632 5246 scriptus
1655 5184 1757 5242 est,

165 5273 304 5316 cum
335 5261 512 5317 ventis
535 5261 786 5333 imperat.
819 5262 977 5322 Foris
1003 5266 1238 5337 scriptus
1275 5275 1380 5335 est,
1412 5281 1535 5323 cum
1553 5265 1768 5337 jq'unat

164 5361 238 5410 ετ
257 5353 454 5410 esurit.
479 5353 636 5412 Intus
654 5358 891 5429 scriptus
914 5365 1018 5431 est,
1058 5373 1183 5416 cum
1210 5359 1278 5417 de
1301 5359 1644 5430 paucissimis
1667 5375 1767 5432 pa-

162 5444 342 5502 nibus
376 5446 546 5503 multa
566 5448 738 5506 millia
764 5451 1044 5508 hominum
1089 5453 1270 5508 satiat.
1321 5451 1481 5508 Foris
1527 5453 1766 5524 scriptus

161 5541 284 5602 est,
310 5550 434 5592 eum
461 5551 494 5592 ι
513 5535 715 5597 Iudaeis
737 5550 952 5612 potator
973 5544 1085 5600 vini
1105 5542 1323 5598 dicitur.
1352 5543 1502 5600 Intus
1531 5545 1768 5616 scriptus

161 5637 284 5694 est,
317 5629 527 5686 eumde
561 5646 701 5703 aqua
737 5635 921 5692 vinum
963 5635 1114 5693 facit.
1157 5633 1316 5693 Foris
1363 5637 1599 5709 scriptus
1641 5646 1760 5704 est,

161 5727 308 5778 cum
326 5720 494 5776 dicit:
527 5721 692 5780 Pater
718 5743 893 5799 major
929 5743 1014 5784 me
1055 5739 1152 5785 est.
1200 5728 1350 5786 Intus
1383 5731 1615 5800 scriptus
1641 5739 1764 5798 est,

160 5827 308 5872 una
336 5813 503 5870 dicit:
537 5815 654 5889 Ego
677 5828 728 5875 et
761 5819 921 5876 Pater
937 5837 1099 5877 unum
1125 5831 1324 5880 sumus.
1351 5822 1508 5880 Foris
1532 5824 1770 5896 scriptus

1863 4803 1932 4860 de
1957 4805 2076 4875 ipso
2089 4802 2294 4874 Spiritu
2321 4810 2510 4858 sancto
2532 4801 2741 4858 dicitad
2754 4799 3026 4869 apostolos
3049 4811 3065 4852 :
3087 4797 3316 4868 Accipite
3336 4796 3454 4866 Spi-

1862 4899 2023 4954 ritum
2052 4906 2311 4953 sanctum.
2337 4894 2495 4950 Foris
2522 4895 2756 4963 scriptus
2775 4900 2857 4949 est
2882 4931 2898 4960 ,
2959 4905 3084 4946 cum
3133 4890 3248 4958 ipse
3280 4887 3452 4946 Filius

1864 4989 2250 5050 dicitludaais:
2290 4988 2351 5044 Si
2391 5003 2493 5043 non
2523 4987 2794 5051 venissem,
2823 4993 2874 5041 et
2921 4982 3125 5038 locum
3162 4981 3304 5037 vobis
3345 4993 3451 5036 non

1868 5083 2110 5149 Mum,
2149 5089 2420 5156 peccatum
2447 5096 2551 5135 non
2583 5077 2861 5134 haberetis.
2887 5075 3035 5132 Intus
3057 5075 3294 5146 scriptus
3326 5083 3448 5131 est:

1873 5174 1977 5244 Qui
2003 5189 2086 5232 me
2104 5176 2232 5242 odit,
2248 5175 2359 5230 odit
2380 5182 2430 5229 et
2452 5173 2665 5228 Patrem
2687 5184 2880 5226 meum.
2903 5166 3063 5226 Foris
3087 5167 3323 5238 scriptus
3347 5173 3448 5232 est,

1869 5277 1993 5327 mm
2027 5269 2168 5326 idem
2203 5263 2337 5325 dicit
2365 5264 2570 5322 Filius:
2609 5263 2832 5336 Expedit
2864 5263 3010 5320 vobis
3045 5272 3102 5318 ιη
3127 5275 3221 5335 ego
3260 5262 3450 5317 eadem

1869 5360 1939 5416 ad
1965 5360 2199 5416 Patrem.
2234 5359 2296 5416 Si
2326 5357 2463 5414 enini
2504 5371 2610 5412 non
2647 5355 2853 5424 abiero,
2902 5355 3214 5413 Paracletus
3237 5369 3448 5412 nonus-

1869 5449 1975 5509 niet
1986 5452 2056 5507 ad
2076 5469 2182 5508 vos.
2205 5449 2352 5507 Intus
2379 5450 2615 5520 scriptus
2634 5456 2718 5506 est
2763 5462 2887 5504 cum
2899 5447 3032 5504 dicit
3055 5445 3307 5502 :Mittasn
3331 5459 3451 5503 eum

1866 5545 1938 5600 ad
1961 5560 2069 5601 vos.
2094 5537 2251 5600 Foris
2285 5542 2518 5614 scriptus
2545 5547 2666 5598 est:
2695 5537 2799 5596 Ille
2829 5551 2911 5597 me
2941 5534 3274 5610 cunmm.
3304 5539 3453 5595 Intus

1866 5635 2101 5708 scriptus
2127 5645 2231 5703 est,
2268 5651 2392 5692 cum
2415 5635 2548 5692 dicit
2573 5651 2587 5690 :
2622 5633 2728 5690 Ille
2759 5634 2828 5690 de
2864 5633 2988 5689 dies
3017 5631 3255 5705 accipiet,
3277 5639 3328 5686 et
3355 5645 3452 5684 an-

1865 5731 2126 5787 nuntiabit
2150 5732 2311 5788 vobis.
2341 5728 2498 5789 Foris
2520 5731 2758 5803 scriptus
2781 5737 2865 5787 est
2883 5772 2897 5797 ,
2927 5739 3050 5786 cum
3075 5727 3206 5784 dicit
3225 5724 3449 5790 :‘PntEr,

1863 5823 2000 5879 venit
2025 5823 2157 5879 hora
2180 5837 2200 5878 .'
2227 5820 2462 5894 clari/ica
2487 5821 2685 5879 Filium
2713 5832 2880 5889 tuum,
2896 5829 2963 5876 ut
2986 5811 3172 5874 Fulus“
3188 5819 3310 5871 ωε.
3339 5814 3453 5870 cits-'-

147 5915 286 5982 εκ,
317 5909 624 5970 atme
644 5913 810 5974 dicit:
839 5915 948 5973 Hic
972 5927 1048 5974 est
1081 5917 1258 5975 Filius
1307 5933 1453 5975 meus
1502 5917 1724 5976 dilectus
1746 5955 1772 5989 ,

1874 5916 2033 5988 riﬁ'cet
2058 5925 2108 5974 te
2131 5933 2150 5975 :
2171 5918 2310 5974 sicut
2338 5917 2526 5975 dedisti
2553 5919 2602 5974 ei
2621 5907 3132 5987 pdtestdtbm'dlﬂtiis‘
3147 5897 3368 5968 ὠκέα
3390 5911 3451 5969 ιι
