3952 6318
641 439 744 512 θές-ι
1455 436 1859 518 ΕιιΡΑΝῡυε,
1901 437 2130 520 FELIX,
2171 433 2519 509 nummus
2556 440 2647 508 Εἰ·
2684 451 2743 510 ε.
2782 441 3064 516 nanus.
3660 471 3725 534 κε

643 587 812 636 omne,
850 569 988 640 quod
1035 568 1224 625 dedisti
1240 571 1306 636 ei,
1337 569 1424 624 det
1451 570 1524 624 eis
1565 571 1722 624 vitam
1767 577 2034 624 rcternam.
2063 567 2212 624 Intus
2234 566 2292 630 Α
2311 565 2569 636 pepercit:
2596 565 2684 620 sed
2711 584 2804 638 pro
2836 569 2979 624 nobis
3005 570 3229 628 omnibus
3258 573 3448 631 tradidit
3467 593 3604 636 tuum.
3637 597 3728 646 Illius

599 649 604 656 ’
641 657 875 734 scriptus
895 671 1012 729 est,
1049 678 1172 719 cum
1201 663 1331 719 dicit
1359 679 1373 716 :
1404 661 1536 717 ch
1565 671 1738 717 autem
1778 664 1881 718 vita
1907 671 2121 727 (eterna,
2153 669 2211 716 ut
2312 655 2549 726 scriptus
2568 664 2671 723 εει,
2698 672 2821 712 cum
2853 658 2993 714 idem
3018 662 3273 731 apostolus
3295 664 3354 720 de
3372 666 3471 736 ipso
3491 667 3601 728 Filio
3619 674 3726 733 dicit;

641 765 951 826 cognoscant
993 764 1042 809 te
1063 753 1230 810 solum
1259 763 1308 808 et
1345 771 1521 810 verum
1564 752 1750 819 Deum,
1774 763 1823 808 et
1842 770 1994 825 quem
2019 752 2212 808 misisti
2312 744 2464 812 QuOd
2493 756 2666 803 autem
2703 765 2842 803 mm
2865 750 2972 805 υἰυο
2991 751 3046 806 in
3069 768 3237 821 carne,
3265 755 3315 809 in
3334 755 3426 825 ﬁde
3455 759 3544 814 sivo
3563 759 3657 816 Filii
3673 765 3728 820 Dei

641 846 822 902 Iesum
849 845 1130 904 Christum.
1155 845 1309 902 Foris
1333 846 1565 917 scriptus
1605 854 1843 913 est,cum
1867 845 2069 919 angelis
2090 885 2107 913 ,
2155 853 2214 903 et
2307 843 2398 915 qui
2423 843 2602 899 dilexit
2623 861 2723 912 me,
2753 853 2801 900 et
2836 847 3155 918 semetipsum
3189 849 3386 903 tradidit
3420 867 3500 919 pro
3526 869 3604 907 me.
3631 853 3727 913 Foris

642 945 954 1017 parentibus
977 945 1294 1000 minoratur.
1323 944 1472 1000 Intus
1518 943 1749 1015 scriptus
1771 949 1871 1010 est,
1898 957 2020 999 eum
2044 953 2210 1010 ange-
2308 933 2538 1004 scriptus
2574 943 2673 1001 est,
2699 951 2819 992 cum
2842 936 3007 992 Filius
3034 937 3097 992 de
3135 951 3191 994 se
3211 938 3356 994 dicit:
3380 937 3486 995 Non
3520 943 3622 996 enim
3639 947 3724 999 misit

643 1035 822 1092 lorum
859 1043 913 1092 et
944 1036 1220 1094 hominum
1249 1037 1526 1093 Dominus
1551 1036 1838 1092 invenitur.
1891 1033 2046 1091 Foris
2079 1033 2212 1090 seri-

642 1137 765 1200 ptus
780 1112 894 1194 ἐει,
910 1145 1032 1186 cum
1057 1146 1090 1186 a
1114 1129 1324 1187 diabolo
1347 1137 1664 1188 tentaretur.
1687 1130 1834 1186 Intus
1854 1129 2086 1199 scriptus
2107 1133 2210 1195 est,

640 1236 762 1276 cum
787 1221 834 1276 ei
886 1222 1064 1294 angeli
1096 1222 1424 1279 ministrant.
1481 1206 1639 1279 Foris
1675 1224 1906 1292 scriptus
1935 1228 2018 1276 est
2041 1259 2057 1286 ,
2089 1235 2213 1276 cum

639 1325 765 1366 eum
788 1311 974 1367 mater
993 1310 1110 1382 ejus
1127 1320 1182 1368 et
1208 1311 1407 1368 fratres
1435 1311 1569 1368 foris
1606 1318 1813 1368 stantes
1835 1310 2022 1366 videre
2061 1324 2212 1379 quie-

643 1411 786 1458 runt.
806 1403 954 1460 Intus
975 1404 1205 1476 scriptus
1222 1413 1324 1470 est,
1352 1419 1476 1460 eum
1495 1405 1791 1460 extendens
1810 1414 2029 1457 manum
2051 1413 2216 1469 super

639 1495 912 1564 apostolos
946 1495 1074 1551 dicit
1100 1513 1114 1550 :
1145 1493 1278 1550 Ecce
1305 1503 1472 1550 mater
1493 1511 1640 1561 mea,
1684 1502 1732 1549 et
1769 1493 1823 1547 hi
1857 1491 2048 1562 fratres
2079 1491 2214 1560 mei,

637 1584 727 1655 qui
748 1584 949 1654 faciunt
969 1585 1283 1641 voluntatem
1309 1584 1489 1641 Patris
1511 1586 1612 1640 mei
1637 1585 1729 1658 qui
1748 1585 1805 1640 in
1828 1583 1969 1640 cwlis
1998 1591 2093 1640 est.

712 1675 892 1730 CXVI.
912 1675 1068 1733 Foris
1089 1677 1324 1748 scriptus
1348 1685 1450 1743 εει,
1478 1691 1602 1732 cum
1630 1675 1790 1732 dicit:
1823 1674 1901 1730 De
1927 1675 2012 1730 die
2039 1681 2214 1730 autem

641 1774 690 1821 et
711 1767 841 1823 liora
869 1767 963 1824 illa
999 1785 1145 1825 nemo
1167 1771 1281 1833 scit,
1312 1784 1473 1841 neque
1499 1767 1670 1840 angeli
1725 1766 1968 1823 caelorum
1993 1808 2012 1834 ,
2050 1783 2214 1840 neque

647 1853 836 1923 Filius,
860 1858 962 1912 nisi
994 1857 1135 1913 solus
1162 1857 1340 1912 Pater.
1372 1859 1521 1914 Intus
1545 1857 1776 1927 scriptus
1801 1866 1884 1913 cst
1904 1898 1920 1924 ,
1963 1872 2083 1913 cum
2130 1846 2213 1913 di-

645 1946 720 2000 cit
745 1960 760 2000 :
788 1946 910 2002 Dies
933 1947 1146 2003 ultionis
1171 1949 1228 2002 in
1253 1947 1411 2003 corde
1439 1964 1571 2004 meo.
1629 1947 1783 2003 Foris
1828 1948 2062 2018 scriptus
2091 1954 2174 2004 est
2194 1988 2213 2016 ,

644 2051 767 2092 cum
811 2035 936 2092 ﬁliis
970 2037 1213 2094 Zebedtci
1240 2037 1369 2095 dicit
1397 2056 1411 2092 :
1438 2038 1631 2095 Sedere
1655 2025 1846 2094 auter!
1858 2038 1926 2093 ad
1948 2038 2214 2094 dexteram

640 2143 810 2182 meam
828 2169 842 2193 ,
872 2145 974 2184 non
994 2137 1068 2183 est
1092 2145 1262 2183 meum
1297 2128 1424 2184 dare
1450 2129 1611 2196 vobis,
1642 2129 1732 2184 sed
1757 2129 1944 2200 quibus
1968 2124 2215 2200 paratum

638 2231 715 2279 est
738 2241 771 2278 a
797 2223 950 2279 Patre
973 2240 1106 2279 meo.
1132 2223 1282 2279 Intus
1307 2223 1536 2295 scriptus
1561 2231 1674 2290 est,
1707 2239 1830 2279 cum
1858 2223 2025 2280 dicit:
2059 2221 2217 2279 Sede-

639 2315 761 2369 bitis
783 2332 938 2388 super
953 2316 1184 2384 thronos,
1205 2314 1506 2387 judicantes
1532 2316 1806 2372 duodecim
1829 2316 1994 2372 tribus
2019 2315 2210 2372 Israel.

639 2403 794 2462 Foris
814 2405 1048 2476 scriptus
1071 2413 1174 2472 est,
1201 2420 1323 2461 cum
1351 2406 1482 2461 dicit
1522 2421 1620 2477 pro
1663 2407 1940 2478 discipulis
1964 2425 1978 2462 :
2009 2406 2174 2462 Pater
2192 2445 2210 2474 ,

637 2495 909 2566 sanctiﬁca
929 2511 1014 2550 eos
1031 2497 1086 2550 in
1108 2496 1336 2551 veritate.
1353 2495 1500 2552 Intus
1517 2497 1749 2567 scriptus
1769 2505 1872 2565 est,
1895 2513 2020 2553 cum
2045 2496 2208 2553 dicit:

639 2584 709 2640 Et
723 2601 815 2655 ego
831 2601 923 2656 pro
942 2586 1016 2640 eis
1037 2586 1306 2654 sancti/ica
1328 2587 1601 2656 meipsum,
1623 2595 1681 2641 ut
1702 2587 1805 2642 sint
1829 2597 1876 2641 et
1899 2586 2003 2657 ipsi
2018 2585 2213 2641 sancti-

543 2721 546 2724 .
638 2675 783 2742 [ἱοωὶ
799 2677 855 2729 in
879 2676 1110 2730 veritate.
1127 2675 1283 2731 Foris
1303 2677 1534 2747 scriptus
1555 2684 1793 2742 est,cnm
1824 2676 1955 2732 dicit
1975 2690 1992 2730 :
2012 2675 2073 2732 Si
2094 2675 2212 2746 quis

634 2767 766 2831 sitit,
779 2766 1027 2833 veniatad
1041 2783 1142 2835 me,
1159 2776 1205 2823 et
1223 2768 1382 2824 bibat.
1399 2767 1547 2824 Intus
1561 2768 1796 2838 scriptus
1811 2775 1896 2826 est
1909 2781 2032 2822 cum
2049 2766 2207 2823 dicit:

639 2858 744 2926 Qui
771 2860 930 2914 credit
963 2860 1019 2915 in
1049 2876 1150 2926 me,
1180 2861 1399 2930 ﬂumina
1425 2861 1490 2914 de
1517 2868 1690 2916 ventre
1715 2861 1829 2932 ejus
1863 2861 2026 2930 ﬂuent
2059 2875 2211 2931 aqua:

633 2951 778 3007 vitae.
803 2950 958 3009 Foris
980 2952 1210 3022 scriptus
1233 2961 1335 3019 εει,
1363 2966 1484 3008 cum
1505 2951 1634 3007 dicit
1660 2969 1673 3006 :
1707 2951 1810 3018 Qui
1844 2953 2007 3007 credit
2027 2953 2083 3010 in
2106 2971 2208 3024 me,

634 3057 738 3097 non
757 3042 812 3096 in
835 3058 916 3098 me
938 3042 1116 3107 credit,
1130 3041 1220 3096 sed
1231 3043 1286 3096 in
1300 3057 1417 3097 eum
1432 3042 1520 3113 qui
1543 3041 1684 3096 misit
1697 3058 1797 3096 me.
1811 3042 1962 3098 Intus
1977 3044 2210 3113 scriptus

635 3142 738 3200 est,
756 3149 878 3190 cum
906 3134 1074 3190 dicit:
1111 3133 1225 3206 Ego
1245 3150 1363 3189 sum
1384 3133 1476 3188 lua:
1499 3133 1702 3188 mundi.
1730 3131 1833 3199 Qui
1853 3135 2086 3206 sequitur
2104 3151 2206 3202 me,

2309 1023 2450 1079 Deus
2476 1022 2674 1080 Filium
2696 1043 2847 1081 suum
2887 1027 2945 1082 in
2985 1027 3249 1093 mundum,
3272 1038 3325 1083 ut
3347 1028 3517 1098 judieet
3539 1034 3720 1098 mundun,

2309 1117 2399 1174 sed
2419 1126 2475 1172 ut
2494 1117 2719 1174 salvetur
2737 1120 2960 1176 mundus
2983 1138 3074 1192 per
3105 1121 3288 1194 ipsum.
3313 1122 3442 1180 Intus
3462 1125 3636 1195 scriptus
3653 1137 3725 1194 est,
3826 1117 3827 1134 ³

2311 1223 2433 1264 cum
2453 1207 2651 1264 Paulus
2690 1209 2861 1265 dicit:
2896 1209 3082 1266 Gratia
3118 1212 3274 1278 vobis,
3299 1222 3342 1268 et
3360 1229 3451 1284 pax
3468 1231 3494 1267 a
3529 1213 3610 1270 Deo
3631 1215 3726 1271 Pun

2309 1306 2486 1352 nostro
2511 1307 2559 1353 et
2581 1297 2805 1354 Domino
2833 1298 2964 1355 Jesu
3003 1299 3206 1357 Christo
3229 1341 3244 1370 ,
3273 1303 3354 1373 qui
3373 1302 3490 1357 dedit
3508 1308 3726 1376 semetipsis

2309 1403 2403 1457 pro
2425 1390 2649 1460 peccatis
2683 1391 2892 1457 nostris,
2923 1400 2982 1446 ut
3004 1409 3096 1447 nos
3115 1393 3392 1463 eriperetde
3409 1396 3593 1464 presenti
3608 1398 3724 1451 secula

2310 1496 2548 1553 nequam,
2589 1482 2874 1538 secundum
2915 1484 3224 1540 voluntatem
3269 1485 3359 1540 Dei
3375 1493 3417 1540 et
3445 1483 3579 1541 Patris
3601 1490 3725 1556 muti,

2309 1574 2398 1630 cui
2424 1582 2499 1629 est
2532 1573 2701 1645 gloria
2725 1575 2784 1630 in
2803 1575 2998 1631 saecula
3017 1574 3340 1632 steculorum.

2380 1663 2583 1722 CXVII.
2620 1665 2690 1722 Et
2721 1668 2848 1738 quia
2880 1684 2988 1724 una
3017 1668 3259 1724 voluntas
3294 1677 3345 1725 ει
3375 1685 3463 1725 una
3485 1679 3652 1740 potestas
3671 1677 3725 1726 est

2311 1757 2506 1825 Patris,
2537 1766 2591 1815 et
2613 1759 2758 1828 Filii,
2785 1769 2842 1817 et
2870 1761 3104 1832 Spiritus
3148 1761 3333 1827 sancti,
3357 1769 3406 1816 ει
3421 1762 3536 1817 Pater
3551 1763 3654 1817 misit
3665 1762 3727 1818 Fi-

2313 1854 2468 1922 lium,
2509 1854 2802 1910 secundum
2844 1855 2990 1925 quod
3017 1855 3191 1909 minor
3216 1862 3296 1910 est
3331 1853 3426 1910 :‘et
3451 1853 3571 1910 Filius
3589 1854 3668 1925 ipse
3687 1868 3727 1911 se

2315 2047 2371 2096 et
2391 2039 2536 2096 dedit
2553 2039 2766 2106 Filium,
2789 2041 3084 2096 secundum
3112 2039 3251 2111 quod
3276 2038 3432 2094 minor
3453 2045 3518 2093 est
3540 2054 3551 2092 :
3570 2044 3607 2094 et
3621 2036 3726 2092 illius

2314 2131 2556 2198 tradidit,
2582 2140 2636 2187 et
2658 2131 2806 2188 dedit
2837 2133 3206 2204 semetipsum,
3235 2131 3488 2188 secundum
3520 2131 3618 2200 quod
3635 2128 3723 2182 Patri

2313 2222 2665 2293 mqualistcst.
2708 2221 2835 2291 Sed,
2865 2230 2925 2279 ut
2967 2224 3330 2295 loquebamur,
3357 2223 3470 2278 foris
3500 2222 3721 2293 scriptusest

2254 2309 2258 2316 ’
2312 2312 2451 2371 liber
2475 2315 2597 2381 iste,
2625 2330 2749 2372 cum
2776 2315 3080 2387 ﬂagellatur
3105 2326 3160 2372 et
3185 2317 3408 2374 caeditur.
3448 2317 3563 2372 Intus
3582 2305 3721 2384 scriptus

2313 2414 2417 2473 est,
2448 2421 2568 2462 cum
2600 2405 2828 2462 inﬁrmis
2856 2407 3148 2464 sanitatem
3185 2415 3407 2478 praestat.
3444 2407 3564 2462 Foris
3581 2405 3720 2474 scapus

2311 2505 2414 2562 est,
2465 2511 2588 2553 cum
2641 2495 2896 2568 afﬂigitur
2931 2499 3104 2555 cruci.
3165 2497 3307 2555 Intus
3342 2499 3531 2569 scriptus
3556 2505 3624 2562 est,
3651 2508 3720 2549 arm

2310 2588 2620 2658 paradisum
2657 2587 2857 2644 latroni
2883 2591 3152 2660 promittit
3179 2591 3232 2645 in
3259 2604 3419 2646 cruce.
3441 2588 3561 2644 Foris
3580 2587 3719 2655 scriptus

2309 2687 2412 2742 est,
2441 2695 2564 2734 cum
2599 2679 2845 2749 spiritum
2875 2681 3117 2738 moriens
3139 2682 3411 2738 secundum
3447 2681 3637 2736 rationem
3665 2677 3720 2730 hu-

2308 2785 2485 2826 mana:
2508 2771 2689 2826 carnis
2711 2771 2930 2826 emittit.
2959 2771 3113 2829 Intus
3138 2775 3362 2844 scriptus
3385 2781 3470 2837 est,
3494 2787 3582 2826 cum
3599 2770 3634 2824 in
3650 2781 3721 2838 pas-

2309 2864 2462 2921 sione
2487 2865 2566 2921 sol
2609 2863 2763 2936 fugit,
2797 2866 2911 2922 dies
2950 2868 3316 2937 absconditur,
3359 2878 3480 2925 terra
3512 2860 3721 2921 concutitur.

2309 2952 2464 3011 Foris
2491 2956 2724 3026 scriptus
2743 2963 2847 3023 est,
2871 2973 2996 3014 cum
3025 2961 3296 3031 sepelitur.
3330 2961 3460 3016 Intus
3486 2955 3643 3024 scriptus
3659 2955 3724 3014 est,

2308 3060 2433 3101 cum
2461 3046 2620 3104 tertia
2643 3046 2731 3102 die
2758 3047 2989 3118 sepulcri
3021 3050 3292 3108 liminibus
3311 3050 3500 3108 remotis
3515 3042 3666 3112 erumpit
3682 3039 3722 3093 in

2308 3134 2504 3191 lucem.
2549 3135 2704 3191 Foris
2743 3139 2980 3210 scriptus
3019 3149 3125 3209 est,
3153 3159 3272 3198 cum
3314 3139 3522 3212 apostolis
3547 3135 3724 3190 clavorum

634 3240 739 3280 non
760 3224 990 3280 ambulat
1009 3226 1065 3280 in
1099 3224 1444 3291 tenebris,sed
1470 3224 1675 3278 habebit
1695 3224 1868 3281 lumen
1887 3227 2021 3281 vitm.
2051 3225 2206 3283 Foris
2239 3287 2275 3299 _
2308 3232 2364 3281 et
2389 3225 2592 3282 lanceae
2612 3227 2927 3286 vulneribus
2955 3232 3212 3299 ostensis,
3237 3247 3404 3288 escam
3427 3228 3549 3285 etiam
3563 3218 3724 3296 postilla!-

630 3319 866 3389 scriptus
897 3328 998 3385 est,
1025 3335 1146 3376 cum
1181 3287 1350 3376 dicit:
1377 3319 1491 3388 Ego
1519 3334 1621 3373 non
1652 3317 1839 3389 judico
1866 3335 2199 3391 quemquam.
2229 3287 2275 3353 Ο
2305 3317 2455 3375 Intus
2472 3319 2704 3390 scriptus
2722 3329 2824 3388 est,
2849 3337 2970 3377 cum
2997 3287 3144 3381 inter
3161 3287 3369 3381 eosdem
3386 3287 3591 3393 apostolos
3606 3309 3727 3370 clausi!

631 3407 728 3464 Est
741 3409 830 3481 qui
857 3419 1078 3481 quaerat,
1109 3419 1158 3465 et
1193 3409 1418 3481 judicet.
1450 3407 1599 3462 Intus
1650 3407 1884 3477 scriptus
1918 3415 2033 3473 est,
2081 3423 2206 3464 cum

631 3501 806 3559 dicit:
848 3503 1029 3576 Neque
1079 3503 1215 3557 enim
1266 3500 1428 3555 Pater
1473 3500 1684 3570 judicat
1724 3516 2034 3572 quemquam
2059 3517 2079 3557 :
2113 3501 2205 3556 sed

629 3609 780 3649 omne
795 3594 1057 3664 judicium
1079 3592 1220 3647 dedit
1246 3589 1407 3657 Filio,
1436 3600 1492 3644 ut
1532 3606 1707 3646 omnes
1747 3591 2087 3661 honori/iectu
2109 3589 2206 3645 Fi-

627 3687 758 3742 lium
792 3688 925 3741 sicut
950 3686 1296 3755 honori/ierint
1331 3685 1564 3740 Patrem.
1613 3683 1718 3751 Qui
1747 3701 1850 3740 non
1895 3685 2206 3754 Itonoriﬁcat

630 3777 850 3843 Filium,
867 3795 971 3832 non
998 3777 1312 3847 honoriﬁcat
1341 3777 1555 3832 Patrem
1575 3777 1664 3848 qui
1688 3776 1828 3830 misit
1846 3775 2016 3830 illum.
2048 3775 2205 3832 Foris

629 3869 860 3938 scriptus
885 3877 989 3935 εει,
1021 3882 1142 3924 cum
1156 3869 1315 3924 dicit:
1350 3868 1532 3924 Omnis
1549 3867 1637 3940 qui
1652 3883 1734 3923 me
1754 3868 2204 3938 negaveriteoram

627 3961 940 4026 hominibus,
973 3961 1167 4032 negabo
1187 3978 1278 4032 ego
1294 3969 1342 4017 et
1371 3978 1488 4017 eum
1505 3976 1684 4016 coram
1707 3958 1870 4014 Patre
1891 3975 2005 4014 meo
2033 3959 2123 4030 qui
2146 3961 2204 4014 in

626 4051 767 4108 caelis
789 4061 885 4108 est.
933 4053 1082 4109 Intus
1121 4053 1354 4125 scriptus
1385 4061 1499 4120 est,
1530 4067 1654 4109 cum
1684 4051 1814 4108 dicit
1843 4070 1855 4106 :
1896 4050 1999 4118 Qui
2029 4060 2202 4107 autem

623 4157 706 4197 me
719 4141 983 4212 confessus
1011 4142 1167 4213 fuerit
1190 4159 1367 4197 coram
1392 4141 1706 4208 hominibus,
1737 4140 2020 4210 conﬁtebor
2039 4148 2089 4194 et
2109 4154 2202 4210 ego

623 4247 743 4287 eum
771 4248 948 4288 coram
970 4233 1132 4288 Patre
1153 4248 1266 4287 meo
1293 4232 1382 4304 qui
1404 4241 1478 4288 est
1498 4233 1555 4287 in
1577 4231 1737 4288 oculis.
1767 4229 1924 4287 Foris
1966 4230 2202 4300 scriptus

622 4330 725 4388 est,
753 4338 879 4379 cum
903 4323 1090 4379 Daniel
1116 4323 1283 4380 dicit:
1315 4323 1673 4394 Aspiciebam,
1701 4331 1749 4378 et
1778 4337 1892 4378 ecce
1915 4337 2030 4377 cum
2051 4321 2202 4376 nubi-

622 4411 718 4468 bus
741 4411 1038 4486 cteli,quasi
1065 4411 1237 4468 Filius
1271 4413 1494 4468 hominis
1518 4411 1771 4469 ueniebat.
1796 4411 1945 4468 Intus
1969 4412 2202 4482 scriptus

622 4511 708 4558 est
731 4543 747 4570 ,
802 4518 926 4559 cum
965 4504 1134 4560 dicit.
1177 4501 1360 4559 Omnis
1383 4503 1603 4575 populus
1629 4543 1646 4571 ,
1695 4503 1862 4559 tribus
1905 4521 1967 4558 ac
2007 4502 2200 4574 lingute

618 4594 718 4664 ipsi
739 4595 975 4650 servient.
1005 4593 1243 4650 Potestas
1275 4594 1390 4664 ejus
1428 4601 1652 4663 potestas
1679 4601 1895 4659 (eterna,
1923 4592 2063 4658 quod
2091 4608 2197 4647 non

620 4684 931 4754 auferetur:
953 4693 1000 4739 et
1030 4700 1246 4754 regnum
1272 4683 1419 4752 ejus,
1467 4685 1604 4754 quod
1663 4697 1768 4737 non
1811 4690 2192 4753 corrumpetur.

621 4773 776 4832 Foris
796 4777 1030 4845 scriptus
1053 4782 1138 4830 est
1156 4815 1172 4843 ,
1227 4788 1349 4829 cum
1378 4773 1546 4830 Isaias
1596 4774 1763 4829 dicit:
1793 4773 1929 4829 Ecce
1955 4773 2196 4845 intelligit

620 4881 796 4921 seruus
829 4883 996 4922 meus.
1025 4865 1174 4920 Intus
1207 4864 1442 4935 scriptus
1475 4871 1594 4931 est,
1651 4879 1775 4922 cum
1804 4864 1976 4920 David
2022 4865 2192 4924 dicit:

622 4955 752 5022 Quis
771 4959 828 5013 in
853 4958 1073 5014 nubibus
1105 4957 1396 5030 aequabitur
1433 4957 1696 5013 Domino?
1727 4965 1819 5012 aut
1869 4958 1987 5030 quis
2009 4957 2196 5015 similis

617 5045 715 5100 erit
743 5046 852 5101 Deo
875 5049 1010 5102 inter
1027 5048 1166 5112 ﬁlios
1185 5047 1328 5103 Dei?
1358 5046 1513 5103 Foris
1541 5047 1778 5117 scriptus
1799 5055 1904 5114 εει,
1929 5062 2053 5104 cum
2077 5049 2194 5118 ipse

617 5147 715 5204 per
734 5133 1077 5194 Salomonem
1121 5137 1290 5195 dicit:
1331 5137 1588 5193 Dominus
1620 5138 1812 5194 creauit
1843 5155 1925 5195 me
1954 5139 2012 5194 in
2033 5139 2186 5196 initio

617 5224 819 5279 uiarum
843 5241 1060 5280 suarum
1087 5229 1143 5283 in
1176 5245 1334 5299 opera
1351 5245 1468 5284 sua.
1494 5228 1642 5284 Intus
1674 5228 1906 5299 scriptus
1933 5237 2038 5298 est,
2060 5245 2186 5288 eum

615 5313 745 5370 dicit
769 5329 786 5370 :
815 5315 947 5371 Ante
965 5317 1121 5374 colles
1139 5337 1232 5392 ego
1251 5321 1601 5394 parturiebar.
1623 5321 1780 5378 Foris
1804 5323 2038 5395 scriptus
2059 5331 2143 5380 est
2165 5363 2181 5390 ,

614 5421 738 5462 cum
761 5408 1034 5479 apostolus
1054 5411 1222 5467 dicit:
1251 5412 1321 5467 Ut
1352 5416 1419 5470 sit
1446 5415 1553 5486 ipse
1571 5415 1944 5487 primogenitus
1975 5416 2033 5471 in
2055 5415 2188 5471 mul-

613 5498 680 5553 tis
705 5497 978 5568 fratribus.
997 5499 1146 5558 Intus
1170 5503 1402 5574 scriptus
1425 5513 1530 5573 est,
1552 5522 1678 5563 cum
1700 5507 1815 5578 ipse
1839 5507 2007 5564 Filius
2036 5507 2103 5564 de
2125 5522 2185 5566 se

612 5589 742 5646 dicit
764 5605 779 5645 :
813 5588 906 5647 Sic
924 5590 1109 5648 dilexit
1131 5592 1275 5650 Deus
1298 5596 1570 5666 mundum,
1598 5608 1655 5655 ut
1673 5598 1873 5655 Filium
1893 5617 2046 5656 suum
2068 5603 2184 5658 uni-

520 5717 524 5722 ι
611 5682 839 5756 genitum
880 5684 1063 5768 daret,-
1097 5695 1157 5742 ut
1187 5688 1355 5744 omnis
1401 5691 1492 5762 qui
1526 5693 1689 5747 credit
1713 5693 1770 5747 in
1793 5709 1930 5760 eum,
1961 5711 2065 5750 non
2087 5713 2182 5767 pe-

608 5783 744 5842 reat,
771 5777 864 5832 sed
883 5771 1070 5836 habeat
1091 5779 1250 5836 vitam
1274 5787 1545 5836 teternam.
1577 5781 1734 5839 Foris
1779 5784 2013 5856 scriptus
2065 5794 2179 5854 est,

610 5877 738 5938 tum
755 5867 955 5934 Paulus
969 5871 1137 5934 dicit:
1172 5872 1314 5944 Quia
1357 5871 1501 5932 Deus
1536 5872 1680 5930 Filio
1700 5894 1794 5933 suo
1833 5880 2045 5950 proprio
2079 5896 2184 5937 non

1784 6028 1992 6049 '-"-"'"1'Iﬁ
2018 6041 2028 6051 ι
2058 6032 2100 6050 Ἰ.
2139 6044 2145 6051 .

2301 3408 2460 3464 ostiis
2482 3417 2723 3480 apparet,
2751 3412 2845 3482 qui
2877 3413 3020 3468 intra
3039 3429 3103 3470 se
3116 3414 3262 3471 visus
3286 3429 3386 3470 non
3412 3410 3574 3467 fuisset.

2373 3499 2606 3556 CXVIII.
2650 3501 2757 3558 Sed
2785 3503 2926 3560 miro
2956 3507 3142 3573 modo,
3177 3523 3296 3562 cum
3330 3504 3525 3562 interior
3552 3495 3726 3565 Scriptum

2303 3587 2428 3646 libri
2476 3592 2648 3664 magis
2675 3595 2904 3650 obscura
2951 3597 3042 3664 sit,
3098 3597 3324 3668 amplius
3359 3595 3582 3655 hominum
3605 3593 3728 3645 uenit!

2302 3685 2487 3739 turbat
2522 3685 2776 3741 exterior.
2802 3685 2870 3741 Et
2894 3687 3148 3746 videmus
3175 3691 3262 3746 illa
3291 3705 3400 3761 quae
3431 3683 3565 3741 videri
3589 3693 3654 3751 Ρετ
3673 3676 3728 3729 δθ·

2302 3777 2503 3832 minem
2530 3793 2638 3833 non
2661 3786 2888 3848 possunt
2918 3792 2935 3834 :
2962 3779 3058 3846 ita,
3088 3797 3207 3852 quae
3233 3787 3439 3852 possunt
3459 3791 3537 3848 per
3556 3767 3725 3828 hominem

2301 3870 2495 3937 videri,
2526 3886 2662 3927 nova
2689 3872 2900 3929 ratione
2931 3888 3039 3929 non
3087 3875 3287 3931 vident.
3321 3874 3442 3930 Nam
3471 3879 3514 3926 et
3533 3865 3607 3937 ipsi
3626 3857 3725 3954 lieni:

2303 3962 2438 4019 chtei
2481 3961 2537 4016 in
2561 3961 2907 4019 Divinitatem
2939 3964 3171 4021 credunt
3215 3983 3229 4020 :
3270 3963 3501 4036 mqualem
3532 3959 3612 4013 Deo
3641 3950 3726 4004 Pam

2301 4055 2518 4120 Filium,
2557 4062 2613 4110 et
2640 4069 2764 4110 eum
2792 4069 2976 4110 veram
3011 4071 3234 4112 carnem
3263 4058 3446 4113 habere
3467 4064 3552 4106 non
3573 4041 3730 4100 conﬁt?”-

2304 4154 2420 4212 tur;
2453 4153 2508 4200 et
2551 4145 2688 4200 mira
2727 4146 3108 4216 perversitate,
3154 4147 3294 4217 quod
3337 4146 3498 4201 vident
3535 4132 3730 4205 negante!

2303 4235 2447 4306 quod
2472 4249 2577 4290 non
2598 4235 2783 4290 vident
2806 4234 3152 4292 conﬁtentur.
3168 4234 3472 4292 Invisibilem
3489 4232 3534 4286 in
3550 4219 3731 4306 virtutibus

2302 4305 2720 4398 recognoscunt;
2753 4325 3019 4382 visibilem
3047 4327 3105 4383 in
3135 4328 3365 4393 homine,
3391 4321 3514 4396 quod
3533 4305 3731 4426 ριιξεροξξ

2299 4417 2412 4475 bile
2433 4433 2552 4475 esse
2578 4419 2782 4485 debuit,
2807 4434 2915 4474 non
2953 4428 3270 4491 agnoscunt.
3303 4419 3389 4476 Sic
3417 4410 3641 4484 Elipandus
3659 4411 3731 4491 alii!

2302 4524 2399 4565 sua
2427 4509 2669 4565 doctrina
2694 4508 2955 4580 aequalem
2981 4489 3093 4567 Deo
3109 4511 3270 4567 'Patri
3290 4509 3470 4565 Filium
3490 4489 3733 4559 conliteturin
3826 4503 3827 4506 ‘

2301 4597 2598 4665 divinitate,
2623 4607 2679 4654 et
2701 4613 2826 4654 eum
2850 4599 2945 4654 Dei
2965 4599 3167 4656 Filium
3213 4607 3368 4673 negat
3409 4598 3459 4654 in
3480 4585 3733 4652 humanitate:

2298 4697 2354 4744 ει
2375 4689 2478 4744 sibi
2499 4703 2623 4744 eum
2645 4690 2876 4745 similem
2899 4689 3140 4760 deputat,
3163 4701 3218 4748 et
3238 4688 3527 4749 insaniendo
3549 4684 3592 4738 in
3609 4680 3734 4768 laniat“

2297 4782 2542 4852 prorupit
2566 4783 2992 4851 perversitatem,
3026 4791 3087 4839 ut
3105 4784 3309 4839 nullam
3346 4783 3474 4838 inter
3503 4789 3551 4831 se
3569 4778 3611 4826 ει
3629 4767 3734 4859 ΜΨ

2298 4851 2423 4926 nem
2443 4871 2538 4927 Dei
2551 4872 2770 4941 Filium,
2784 4873 2952 4930 Deum
2977 4888 3185 4942 verum,
3204 4869 3496 4930 didm-entia:
3517 4863 3665 4920 facere!
3678 4851 3736 4903 dis“

2297 4968 2630 5038 tinctionem,
2659 4985 2783 5027 cum
2819 4972 3023 5028 diceret
3051 4989 3066 5027 :
3109 4989 3128 5024 ι
3155 4972 3224 5027 Ει
3263 4971 3350 5028 ille
3385 4965 3609 5023 Christus,
3627 4956 3737 5008 ei!“

2296 5061 2504 5119 christi.
2537 5062 2604 5118 Et
2623 5063 2714 5119 ille
2733 5063 3036 5134 adoptivus,
3059 5071 3115 5120 et
3133 5079 3232 5120 nos
3251 5060 3489 5132 adoptivi.
3513 5053 3567 5109 Et
3581 5046 3646 5104 ille
3661 5051 3736 5134 ρεξ-

2291 5151 2470 5218 vulus,
2487 5159 2543 5207 et
2561 5167 2660 5207 nos
2669 5152 2898 5221 parvuli.
2915 5152 2982 5207 Et
3001 5153 3094 5209 ille
3116 5167 3322 5219 servus,
3346 5157 3398 5207 et
3417 5159 3506 5204 nos
3521 5135 3630 5198 εεπί
3643 5135 3737 5227 if"

2291 5258 2400 5300 non
2423 5257 2520 5314 per
2543 5218 2694 5298 ίηιιηὶ
2711 5242 2945 5300 visibilia
2964 5251 3019 5299 et
3040 5218 3325 5300 invisibilia
3353 5241 3483 5296 facta
3511 5218 3738 5314 ευιιιηυίει

2289 5302 2644 5404 perversitate
2665 5333 3056 5389 incredulitatis
3075 5331 3192 5403 ejus
3209 5331 3501 5388 interiorem
3521 5325 3676 5395 partem
3701 5302 3739 5358 ¹ί’
3826 5359 3827 5404 ᾗ

2291 5424 2375 5482 bri
2399 5425 2704 5491 wntltetur,
2725 5432 2782 5481 et
2803 5424 3125 5481 exteriorem
3144 5432 3350 5496 partem
3377 5419 3488 5477 libri
3507 5420 3659 5483 negare
3674 5408 3740 5455 ¹¹⁰⁰

2292 5514 2582 5580 erubescit,
2609 5529 2731 5571 cum
2757 5529 2821 5570 ex
2843 5523 3072 5586 utroque
3091 5531 3230 5571 unus
3247 5515 3318 5570 sit
3336 5512 3481 5568 liber.
3509 5504 3565 5560 Et
3581 5499 3742 5586 cum}?

2288 5605 2545 5662 teriorem
2562 5613 2770 5674 partem
2792 5605 2916 5662 libri
2938 5584 3118 5679 negat,
3135 5614 3189 5662 et
3211 5605 3502 5662 interiorem
3519 5609 3605 5652 non

2288 5696 2426 5763 Quia
2457 5666 2636 5751 nullus
2673 5695 2843 5753 lector
2878 5666 3181 5754 sineulibro
3208 5695 3517 5751 intellectum
3551 5666 3742 5763 interiori!

2286 5761 2414 5846 libri
2444 5788 2686 5844 invenire
2711 5797 2910 5860 potest.
2938 5789 3075 5845 Nam
3102 5787 3193 5860 qui
3222 5787 3381 5845 dicit:
3413 5780 3572 5838 Solum
3591 5761 3744 5860 inici“

2287 5893 2416 5961 Pars
2441 5888 2525 5939 εει
2545 5858 2964 5952 libers—exterior
2978 5897 3089 5941 non
3111 5858 3221 5950 est;
3253 5876 3379 5956 quid
3393 5874 3486 5933 iste
3498 5858 3744 5926 vultdiWi

2243 1925 2294 1990 Β
2316 1946 2484 2014 misit,
2507 1947 2800 2003 secundum
2821 1947 2966 2018 quod
2994 1945 3212 2018 aequalis
3235 1954 3312 2002 est
3334 1964 3347 2000 :
3367 1953 3415 2001 et
3435 1945 3556 2001 Pater
3571 1945 3724 2009 tradidt,
3826 1925 3827 1992 Ῑ
