3952 6318
201 404 318 470 969
882 403 1157 472 HETERII
1193 416 1280 473 ET
1321 417 1379 472 s.
1417 417 1617 474 ΒΕΑΤΙ
1653 418 1743 474 ΑΒ
1778 419 2170 482 ELIPANDUM
2209 429 2424 487 EPIST.
2465 465 2534 474 —
2570 429 2696 492 LIB.
2739 438 2778 492 I.
3346 449 3451 506 97o

200 513 359 576 videt
403 527 596 590 neget,
651 529 703 575 et
745 521 833 576 illa
879 539 1000 593 quae
1039 541 1145 580 non
1189 527 1332 582 videt
1374 527 1672 599 conﬁngat,
1725 537 1778 584 et
1809 537 1853 595 Α
1883 532 2116 602 Spiritus
2165 546 2400 594 sanctus.
2456 541 2615 599 Solus
2659 544 2820 600 Pater
2869 553 3143 619 respondit
3183 555 3354 612 Filio:
3382 561 3450 616 Εἰ

198 619 394 684 aperta
425 609 603 666 fronte
629 612 927 670 Ecclesiam
956 615 1180 702 illudat?
1217 617 1322 673 Sed
1347 636 1452 675 non
1478 627 1653 688 potest
1680 635 1778 676 nos
1879 621 2164 692 clari/icavi
2204 637 2254 682 et
2292 629 2614 700 clariﬁcabo.
2665 633 2780 691 IIoe
2815 653 2920 693 non
2955 609 3448 718 respondit

196 697 458 764 illudere,
505 701 631 770 quia
666 701 788 757 libri
813 693 1133 760 exteriorem
1171 715 1381 776 partem
1408 709 1564 765 nobis
1611 709 1776 764 relin-
1877 728 1978 770 nec
2005 713 2240 785 Spiritus
2284 693 2526 778 sanctus.
2577 723 2736 782 Solus
2769 727 3002 800 Spiritus
3034 693 3252 793 ganctus
3291 693 3452 810 supe;

194 790 350 860 quit,
399 797 454 846 et
496 789 588 846 ille
629 807 830 848 vacuus
875 795 1133 850 abscedit.
1193 797 1299 868 Ipsi
1363 807 1418 853 et
1460 799 1772 856 interiorem
1871 798 2056 860 Jesum
2079 808 2406 878 baptizatum
2434 817 2700 886 apparuit,
2724 789 2830 874 non
2853 821 3032 890 Pater,
3060 841 3234 896 neque
3253 789 3445 888 Filius.

189 886 408 948 partem
439 879 564 936 libri
599 881 877 950 habemus,
909 885 1001 955 qui
1025 887 1348 944 exteriorem
1374 899 1586 960 partem
1622 899 1775 946 tene-
1871 895 1940 950 Et
1965 897 2020 952 hi
2049 906 2160 955 tres
2182 915 2309 957 vere
2333 879 2616 976 trem-quia
2640 879 2807 964 unum
2831 922 2976 978 sunt,
2999 879 3193 972 natum
3219 909 3444 988 scilicet,

189 983 340 1035 mus,
373 985 494 1024 cum
521 970 712 1026 beatus
729 970 964 1030 Joannes
994 984 1048 1030 ct
1075 976 1481 1059 invisibilemet
1503 981 1770 1036 visibilem

186 1049 416 1127 librum,
442 1059 586 1115 intus
611 1067 665 1116 et
693 1059 827 1118 foris
851 1065 1132 1134 scriptum,
1163 1069 1218 1124 id
1241 1077 1341 1136 est,
1371 1049 1558 1138 Deum,
1588 1080 1644 1128 et
1669 1075 1769 1130 ho-

186 1149 396 1205 minem
443 1152 595 1208 brevi
637 1154 792 1223 quasi
843 1151 1154 1215 charactere
1209 1161 1610 1230 signiﬁcaverit.
1673 1163 1766 1220 Sic

185 1239 337 1294 Enim
357 1240 470 1296 ait:
505 1239 658 1308 Quod
688 1239 792 1313 fuit
826 1246 891 1300 ab
936 1248 1108 1314 initio,
1147 1250 1358 1320 fratres,
1385 1254 1526 1325 quod
1554 1253 1764 1311 audivi-

183 1345 324 1384 mus.
351 1331 491 1388 Ecce
515 1332 810 1390 libri.illius
835 1336 1146 1394 interiorem
1170 1349 1397 1411 partem.
1425 1342 1585 1414 Aperi
1613 1361 1758 1402 nunc

180 1422 392 1489 oculos,
425 1431 481 1479 et
501 1425 622 1481 vide
647 1421 776 1496 quid
803 1431 1079 1500 sequitur:
1103 1431 1172 1486 Et
1207 1435 1428 1491 vidimus
1466 1437 1633 1494 oculis
1661 1457 1756 1495 no-

178 1513 327 1592 stris,
370 1524 419 1569 et
464 1531 652 1571 manus
692 1527 884 1574 nostra:
917 1520 1256 1592 palpaverunt
1303 1525 1367 1579 de
1415 1527 1564 1582 verbo
1615 1530 1752 1584 vitm.

177 1589 323 1662 Ecce
373 1607 494 1662 libri
539 1624 666 1679 pars
714 1613 969 1679 exterior,
1021 1631 1140 1686 qua:
1187 1613 1356 1675 oculis
1398 1629 1453 1675 et
1500 1623 1754 1681 manibus

175 1693 420 1763 subjecta
454 1697 730 1753 hominum
759 1709 817 1756 et
845 1703 1011 1759 videri
1037 1713 1090 1761 et
1119 1709 1339 1764 tractari
1369 1719 1564 1780 potest.
1602 1713 1754 1772 Hanc

175 1792 388 1853 partem
418 1783 541 1841 libri
567 1789 852 1846 exterioris
888 1792 1180 1864 Elipandus
1221 1797 1450 1868 ignorat.
1479 1801 1574 1857 Ille
1595 1819 1750 1872 aper-

1869 1005 1977 1044 non
2005 1005 2253 1060 persona.
2285 993 2352 1050 Et
2385 995 2474 1051 ille
2496 996 2654 1064 Deus,
2685 1009 2740 1056 et
2773 1001 2862 1057 ille
2884 999 3044 1071 Deus,
3077 1015 3132 1062 et
3161 1008 3251 1064 ille
3280 1011 3442 1068 Deus.

1868 1071 1936 1134 Et
1981 1080 2070 1136 ille
2111 1085 2478 1154 omnipotens,
2531 1097 2588 1143 et
2636 1090 2724 1146 ille
2761 1095 3118 1164 omnipotens.
3167 1099 3442 1166 Quomodo

1865 1185 2008 1226 nunc
2048 1181 2104 1228 et
2154 1175 2242 1230 ille
2289 1191 2479 1234 servus
2503 1179 2622 1248 Dei,
2647 1190 2702 1236 et
2742 1189 2797 1238 tu
2827 1199 3016 1260 servus
3041 1187 3160 1256 Dei,
3187 1200 3244 1246 et
3280 1195 3440 1252 ambo

1863 1277 2032 1316 unum
2071 1261 2239 1320 Deum
2289 1267 2534 1325 habetis?
2581 1271 2640 1328 Si
2682 1273 2756 1328 ita
2795 1275 2972 1331 credis
3013 1285 3071 1332 ut
3113 1279 3290 1346 dicis,
3331 1298 3439 1338 non

1863 1346 2031 1408 Deum
2077 1357 2518 1428 omnipotentem,
2562 1365 2656 1420 sed
2697 1377 3016 1422 conservum
3063 1377 3214 1426 tuum
3251 1369 3437 1429 Iesum

1860 1442 2169 1511 conﬁteris;
2205 1455 2302 1502 aut
2345 1457 2492 1506 certe
2534 1460 2588 1508 te
2628 1455 2858 1522 exaltas,
2891 1465 2952 1512 ut
2989 1469 3215 1529 quartus
3258 1465 3434 1518 omni-

1857 1541 2048 1604 potens
2097 1537 2204 1604 sis;
2279 1549 2372 1596 aut
2421 1551 2566 1600 certe
2614 1561 2738 1602 eum
2789 1549 3080 1616 humilias,
3134 1560 3195 1607 ut
3239 1554 3432 1611 similis

1855 1623 1932 1677 tui
1975 1624 2066 1679 sit.

1923 1713 2086 1772 CXX.
2118 1715 2225 1776 Sed
2253 1721 2380 1778 licet
2405 1721 2625 1782 humilis
2651 1727 2745 1783 tibi
2771 1730 3086 1800 aestimetur,
3115 1747 3224 1791 non
3252 1745 3432 1808 potest

1852 1801 1952 1862 tibi
1995 1823 2115 1865 esse
2154 1809 2367 1880 similis,
2395 1813 2523 1884 quia
2563 1825 2618 1872 et
2645 1817 2762 1888 ipsa
2805 1823 3153 1892 conceptione
3192 1801 3429 1884 humana

175 1882 264 1927 tus
300 1873 438 1930 liber
469 1884 552 1930 est
585 1876 639 1931 in
673 1886 899 1946 tantum,
925 1890 985 1937 ut
1022 1884 1234 1941 etiamsi
1263 1896 1406 1944 totus
1430 1893 1662 1948 mundus
1696 1895 1750 1949 in
1780 1897 1828 1958 Β
1853 1897 2083 1953 multum
2113 1873 2392 1958 dissimilis
2413 1873 2514 1960 tibi
2544 1873 2788 1965 estfllle
2813 1873 3104 1982 conceptus
3133 1911 3198 1971 de
3221 1915 3428 1987 Spiritu
3518 1993 3520 1996 ν

175 1977 242 1996 an
269 1963 528 1996 πΛΙιιῖοριιι
560 1969 777 1996 ..ΜΛΔ-Λ
826 1971 923 1996 Ah:
958 1972 1160 1996 I2..-_-_
1200 1977 1310 1996 2-x-
1364 1995 1369 1996 ,
1478 1990 1490 1996 -
1607 1983 1620 1996 .
1992 1994 1997 1996 Α
2263 1991 2278 1996 -
2394 1993 2404 1996 -

172 1977 242 2017 eo
269 1963 530 2020 voluisset
558 1969 797 2035 credere,
824 1971 924 2026 etsi
956 1972 1164 2032 litteras
1199 1977 1512 2048 ignorasset,
1543 1983 1747 2040 solum-

171 2054 336 2108 modo
355 2057 445 2126 qui
470 2071 593 2112 eum
619 2059 858 2118 imitatus
879 2063 1088 2132 fuisset,
1111 2067 1288 2126 nullus
1311 2074 1488 2142 perire
1510 2085 1742 2148 poterat.

169 2143 326 2212 Quod
375 2148 422 2202 si
474 2150 809 2207 mendacium
858 2155 1107 2223 dicimus,
1145 2160 1239 2229 qui
1285 2143 1528 2232 apostoli
1555 2168 1744 2224 rustici

166 2239 264 2306 qui
293 2238 350 2292 in
379 2255 444 2294 eo
465 2240 805 2298 crediderunt
826 2253 882 2301 et
915 2263 1037 2303 eum
1073 2249 1268 2306 imitati
1301 2263 1446 2322 sunt,
1473 2256 1652 2314 nullus
1675 2274 1742 2315 ex

161 2326 249 2380 cis
274 2328 456 2396 periit,
483 2331 583 2386 nisi
604 2348 742 2389 unus
768 2334 910 2392 ﬁlius
932 2339 1251 2408 perditionis
1283 2342 1468 2414 Judas,
1499 2349 1592 2418 qui
1618 2365 1742 2406 eum

161 2433 273 2473 non
299 2415 465 2476 Deum
489 2423 580 2478 sed
601 2419 872 2482 hominem
898 2431 1158 2486 credidit?
1181 2433 1314 2490 Nam
1340 2451 1462 2492 cum
1485 2415 1742 2498 Dominus

165 2501 371 2568 diceret
395 2523 449 2568 et
476 2516 679 2574 crimen
705 2519 759 2574 in
786 2537 1042 2580 numeros
1064 2525 1324 2595 mitteret,
1349 2546 1484 2586 unus
1514 2542 1736 2589 vestrum

161 2617 244 2684 me
281 2603 471 2672 tradet,
497 2616 558 2662 ut
584 2623 745 2678 quem
790 2614 1122 2670 remorderet
1167 2615 1519 2689 conscientia,
1567 2625 1740 2692 poeni-

159 2681 386 2750 tcntiam
433 2707 638 2769 ageret,
665 2717 854 2759 omnes
898 2702 1202 2762 tremefacti
1242 2681 1542 2767 dixerunt':
1567 2681 1740 2769 ’Νηπ-

161 2786 282 2855 quid
314 2803 407 2858 ego
446 2806 583 2856 sum,
616 2790 886 2848 Domine?
931 2796 996 2850 Et
1041 2797 1145 2854 hoc
1165 2798 1356 2856 Petrus
1379 2802 1513 2857 dixit
1540 2820 1554 2859 :
1585 2802 1738 2859 Nun-

157 2877 282 2946 quid
317 2893 410 2948 ego
435 2895 572 2946 sum,
599 2880 820 2938 Domine
837 2885 863 2938 ?
888 2883 1120 2943 Iacobus
1153 2889 1288 2944 dixit
1314 2908 1327 2944 :
1357 2891 1612 2964 Nunquid
1640 2911 1734 2966 ego

157 2987 293 3035 sum,
323 2970 596 3026 Domine?
645 2973 881 3032 Joannes
933 2978 1108 3034 dixit:
1147 2979 1403 3052 Nunquid
1453 3000 1546 3055 ego
1590 3001 1728 3051 sum,

154 3062 417 3118 Domine?
442 3063 537 3121 Sic
557 3073 613 3120 et
633 3068 814 3124 caeteri
835 3070 1106 3127 dixerunt.
1129 3071 1294 3128 Judas
1307 3089 1454 3140 vero,
1470 3085 1731 3145 quantum

1848 1994 2058 2054 sancto,
2093 1999 2200 2044 n0n
2245 1991 2313 2046 de
2354 1992 2498 2048 virili
2549 1996 2776 2066 semine,
2831 1999 2978 2058 solus
3007 2004 3140 2076 sine
3180 2015 3424 2076 peccato.

1847 2073 1929 2131 Tu
1952 2092 2083 2133 vero
2109 2079 2174 2135 de
2207 2079 2346 2136 virili
2383 2085 2606 2152 semine,
2657 2087 2724 2142 de
2772 2102 2950 2146 massa
2988 2073 3330 2163 pcrditionis,
3370 2105 3428 2156 et

1845 2169 2278 2237 concupiscentia
2319 2178 2669 2245 utrorumque
2711 2189 3020 2248 parentum.
3067 2181 3135 2237 Et
3174 2194 3333 2242 natus
3357 2189 3426 2246 de

1843 2253 2070 2312 muliere
2109 2257 2164 2312 in
2201 2263 2436 2332 peccatis
2469 2272 2761 2338 conceptus
2789 2278 2845 2325 et
2871 2272 2928 2325 in
2960 2275 3198 2344 peccatis
3241 2287 3419 2336 natus.

1840 2339 1936 2400 Ille
1981 2347 2122 2402 inter
2167 2350 2413 2408 homines
2453 2355 2602 2410 solus
2639 2367 2800 2416 natus
2824 2359 2892 2416 de
2937 2339 3165 2434 virgine,
3188 2376 3244 2423 et
3275 2371 3422 2428 solus

1841 2437 1960 2492 sine
1988 2449 2212 2508 peccato
2239 2453 2547 2516 conceptus,
2578 2454 2632 2502 et
2667 2450 2815 2507 solus
2847 2452 2964 2510 sine
2984 2465 3207 2526 peccato
3235 2469 3416 2518 natus.
3497 2461 3504 2468 ’

1839 2522 1932 2582 Ille
1982 2529 2128 2586 solus
2170 2533 2363 2602 plenus
2393 2535 2602 2607 Spiritu
2645 2549 2879 2599 sancto:
2923 2522 3004 2602 ω’
3028 2547 3276 2620 fortasse,
3327 2566 3422 2612 aut

1839 2630 1958 2687 ego,
1987 2628 2080 2675 aut
2111 2619 2358 2692 quilibet,
2403 2627 2449 2682 si
2484 2631 2808 2701 accepimus,
2839 2635 2905 2692 de
2947 2637 3062 2708 ipso
3087 2619 3416 2713 accepimus.

1839 2705 1975 2776 Quia
2005 2711 2084 2766 sic
2127 2712 2218 2768 ille
2246 2717 2476 2788 accepit,
2520 2728 2580 2774 ut
2612 2735 2711 2777 nos
2735 2738 2924 2781 omnes
2961 2705 3027 2783 de
3057 2729 3148 2786 illo
3187 2705 3420 2806 accipia-

1838 2813 1978 2856 mus.
2009 2800 2103 2857 Ille
2133 2803 2202 2860 ad
2233 2804 2642 2877 plenitudinem,
2670 2810 2829 2870 nobis
2851 2827 2979 2872 vero
3003 2829 3266 2888 quantum
3287 2800 3417 2882 dare

1827 2882 2002 2957 jubet.

1905 2979 2090 3036 CXXI.
2131 2979 2238 3040 Sed
2281 2993 2336 3040 tu
2377 2987 2514 3044 dicis
2541 3009 2554 3043 :
2578 2989 2692 3064 Ego
2731 2991 2872 3064 quod
2911 2997 3051 3066 dico,
3095 3009 3304 3060 tantum
3348 3006 3417 3064 de

1834 3067 2052 3128 homine
2077 3075 2218 3131 dico.
2257 3077 2324 3131 Et
2347 3094 2446 3151 ego
2472 3097 2616 3138 nunc
2645 3086 2788 3154 quod
2819 3087 2951 3155 dixi,
2981 3097 3192 3148 tantum
3220 3092 3288 3151 de
3316 3095 3414 3152 ho-

151 3161 268 3207 erat
294 3154 558 3224 superbus
581 3163 636 3211 et
667 3157 862 3224 elatus,
892 3159 1203 3232 despectum
1231 3163 1420 3219 habuit
1441 3165 1726 3222 Dominum
1757 3237 1796 3248 _
1833 3163 1980 3220 mine
2011 3165 2144 3221 dixi.
2189 3163 2294 3225 Sed
2323 3187 2499 3242 neque
2538 3174 2595 3230 in
2633 3191 2740 3246 quo
2768 3154 3064 3248 homoest,
3095 3185 3276 3242 nullus
3315 3203 3412 3244 an-

150 3254 398 3300 nostrum
441 3245 624 3302 Iesum
667 3248 964 3306 Christum.
1001 3253 1184 3310 Noluit
1221 3255 1420 3324 dicere,
1459 3257 1682 3314 Domine
1703 3276 1722 3314 :
1748 3237 1798 3302 (ἶ
1829 3251 2069 3350 sclorum
2117 3257 2310 3316 similis
2355 3237 2428 3316 ei
2457 3263 2573 3329 est;
2757 3283 2932 3350 neque
2977 3237 3292 3346 metm-qui
3316 3237 3409 3335 Ile

149 3335 241 3390 sed
262 3334 428 3389 dixit:
446 3334 698 3408 Nunquid
712 3355 804 3412 ego
823 3358 960 3410 sum,
974 3342 1142 3398 Rabbi
1157 3345 1183 3398 ?
1204 3344 1458 3416 Nunquid
1478 3363 1570 3418 ego
1589 3365 1726 3416 sum,

147 3425 433 3495 magister?
473 3426 676 3497 Aperte
703 3441 925 3502 apparet
959 3434 1103 3503 quod
1132 3449 1238 3490 non
1265 3434 1515 3490 Christus
1561 3437 1615 3491 in
1663 3451 1727 3493 eo

145 3515 446 3582 habitabat,
475 3521 573 3574 sed
617 3518 708 3574 ille
747 3523 840 3592 qui
871 3522 1047 3578 dixit:
1089 3523 1156 3578 In
1182 3523 1366 3578 emtum
1418 3525 1720 3593 ascendam,

144 3622 306 3676 super
341 3606 670 3664 altitudinem
708 3613 923 3666 nubium
949 3630 1142 3685 ponam
1189 3615 1433 3688 thronum
1459 3632 1629 3670 meum
1657 3618 1722 3672 ab

143 3697 411 3768 aquilone,
433 3709 482 3754 et
504 3718 593 3756 ero
634 3703 820 3759 similis
841 3705 1126 3761 Altissimo.
1153 3707 1264 3764 Cur
1289 3709 1598 3779 despectum
1621 3710 1721 3764 ha-

143 3787 266 3841 buit
287 3788 468 3845 dicere
488 3791 715 3848 Domino
737 3794 867 3860 Deo,
893 3795 1143 3864 Domine,
1173 3799 1313 3854 sicut
1340 3801 1524 3854 caeteri
1564 3800 1716 3856 dixe-

140 3887 304 3933 runt:
327 3881 422 3936 sed
446 3882 582 3938 dixit
604 3901 617 3936 :
638 3883 892 3957 Nunquid
913 3903 1005 3957 ego
1029 3905 1164 3952 sum,
1197 3891 1482 3960 magister?
1500 3891 1720 3946 Viderat

138 3972 316 4026 oculis
337 3974 449 4028 suis
478 3975 718 4031 misellus
737 3977 963 4033 virtutes
989 3986 1043 4033 et
1069 3980 1336 4038 mirabilia
1365 3997 1486 4052 qua:
1514 3981 1716 4038 fecerat

133 4064 424 4128 Dominus,
447 4073 503 4120 et
531 4082 654 4121 eum
681 4067 968 4123 Dominum
989 4079 1150 4141 negat
1183 4070 1252 4126 ad
1279 4070 1494 4127 faciem.

209 4153 400 4208 CXIX.
441 4155 627 4210 Videat
655 4155 894 4212 Ecclesia
933 4174 1002 4214 ne
1043 4158 1182 4214 forte
1227 4169 1282 4215 et
1314 4161 1606 4232 Elipandus
1647 4165 1712 4218 de

131 4249 254 4316 ipsa
284 4245 526 4300 doctrina
558 4247 649 4312 sit,
679 4247 772 4316 qui
799 4248 1110 4317 despectum
1138 4250 1300 4306 habet
1332 4251 1604 4306 hominem
1631 4253 1712 4307 di-

129 4351 262 4390 cere
281 4335 468 4390 Deum.
497 4335 556 4390 Si
583 4337 722 4391 Deus
748 4353 936 4393 servus
961 4347 1062 4404 est,
1091 4353 1219 4410 ergo
1241 4341 1406 4396 totius
1430 4341 1711 4398 Trinitatis

129 4443 327 4483 servus
357 4436 462 4492 est,
493 4428 620 4498 quia
649 4429 886 4484 Trinitas
911 4429 1026 4500 ipse
1053 4439 1135 4486 est
1155 4433 1315 4487 Deus.
1350 4431 1408 4486 Si
1431 4431 1711 4489 Trinitatis

127 4531 326 4572 servus
349 4525 450 4580 est,
495 4518 586 4573 ubi
626 4518 787 4573 habet
811 4518 1006 4574 Filium
1033 4520 1147 4584 Dei,
1191 4521 1282 4590 qui
1320 4530 1480 4576 natus
1523 4529 1608 4576 est
1642 4521 1708 4576 de

1828 3343 2056 3403 muliere
2083 3357 2242 3406 natus
2269 3359 2373 3407 est.
2427 3353 2640 3409 Dictum
2663 3365 2751 3410 est
2787 3345 2852 3414 de
2892 3359 3098 3418 Joanne
3125 3343 3267 3434 quod
3296 3376 3409 3422 ma-

1826 3451 1962 3506 gnus
1994 3437 2094 3491 erit
2139 3453 2317 3492 coram
2364 3440 2611 3498 Domino.
2667 3442 2881 3502 Dictum
2923 3457 3006 3504 est
3043 3453 3109 3507 de
3145 3451 3404 3510 Christo:

1829 3524 1932 3581 Hic
1959 3522 2057 3582 erit
2082 3546 2335 3600 magnus,
2373 3533 2466 3588 sed
2500 3549 2608 3590 non
2634 3551 2818 3592 coram
2851 3535 3111 3611 Domino,
3136 3545 3263 3614 quia
3289 3543 3406 3617 ipse

1821 3617 1982 3674 Jesus
2011 3628 2095 3676 est
2135 3637 2357 3692 magnus
2385 3623 2642 3682 Dominus
2687 3639 2880 3696 noster,
2924 3640 2974 3686 et
3009 3649 3202 3706 magna
3237 3633 3404 3694 virtus

1821 3702 1938 3778 ejus
1966 3719 1985 3762 :
2016 3719 2066 3762 et
2097 3710 2368 3780 sapientior
2399 3712 2514 3782 ejus
2549 3732 2653 3770 non
2686 3728 2765 3772 est
2798 3735 3066 3777 numerus.
3100 3702 3403 3791 'Quomodo

1818 3796 2018 3866 poterit
2053 3814 2172 3855 esse
2203 3798 2360 3858 Jesus
2390 3802 2639 3862 Christus
2671 3823 2796 3864 cum
2821 3811 3060 3877 christis,
3095 3823 3152 3870 et
3185 3815 3401 3888 adopti-

1817 3900 1920 3942 vus
1939 3903 2061 3943 cum
2087 3889 2369 3960 adoptivis,
2400 3896 2660 3964 parvulus
2685 3913 2808 3953 cum
2841 3902 3102 3970 parvulis,
3125 3909 3181 3960 et
3213 3921 3401 3964 servus

1817 3994 1940 4034 cum
1971 3982 2175 4038 servis?
2212 3982 2382 4040 Tanta
2410 3991 2797 4057 controversia,
2837 3991 3152 4051 interiorem
3185 4006 3397 4067 partem

1815 4067 1942 4124 libri
1977 4069 2156 4140 unius,
2186 4074 2329 4142 quod
2357 4085 2443 4132 est
2480 4076 3039 4149 incomprehensibile‘
3052 4094 3106 4140 et
3127 4085 3400 4146 invisibile

1814 4159 2301 4230 comprehendere;
2342 4174 2398 4220 et
2426 4168 2571 4236 quod
2599 4173 2682 4224 est
2703 4169 2915 4226 visibile
2947 4179 3004 4228 et
3036 4177 3394 4246 comprehen-

1813 4247 1969 4304 sibile
2014 4265 2123 4304 non
2152 4251 2354 4318 videre,
2404 4255 2501 4310 sed
2543 4257 2755 4327 publice
2797 4275 3014 4330 negare.
3068 4262 3113 4320 Ο
3147 4265 3394 4324 accitas!

1812 4335 2146 4408 Oignoratio
2178 4343 2451 4398 veritatis!
2507 4342 2552 4400 Ο
2597 4347 2819 4404 nimiam
2873 4350 3160 4407 elationem
3206 4363 3264 4410 et
3311 4358 3394 4413 sui

1811 4426 2168 4517 damnandam
2196 4435 2694 4502 praesumptionem!
2724 4438 2815 4494 Isti
2858 4450 2984 4496 sunt
3026 4444 3118 4512 qui
3144 4444 3254 4501 Deo
3288 4447 3392 4517 ipsi

1811 4532 1872 4574 se
1894 4516 2189 4588 praeferunt
2212 4519 2293 4576 sic
2316 4525 2606 4582 credendo.
2633 4525 2700 4581 Et
2728 4529 2773 4584 si
2798 4530 2888 4585 isti
2915 4533 2969 4586 in
2996 4548 3160 4590 carne
3189 4516 3391 4591 consti-

127 4608 378 4679 Virgine,
411 4623 571 4678 quem
617 4609 838 4680 angelus
863 4583 1437 4682 annuntiavit-Virgini
1487 4611 1700 4666 dicens:
1735 4583 1786 4644 θ
1814 4583 1915 4664 tuti
1955 4611 2129 4666 adhuc
2161 4623 2476 4684 exspectant
2507 4622 2978 4689 resurrectionem,
3009 4632 3064 4679 et
3089 4625 3388 4694 spirituali-

125 4699 272 4753 Ecce
297 4699 552 4770 concipies
577 4709 625 4754 et
653 4703 824 4771 paries
846 4701 1038 4770 ﬁlium,
1063 4713 1111 4756 et
1134 4703 1338 4758 vocabis
1373 4719 1556 4757 nomen
1593 4704 1707 4774 ejus

123 4794 337 4848 Iesum.
358 4791 460 4848 Hic
487 4795 584 4848 erit
606 4810 846 4865 magnus,
870 4806 916 4850 et
939 4795 1112 4850 Filius
1142 4795 1392 4850 Altissimi
1419 4798 1704 4851 vocabitur.

120 4884 273 4940 Ecce
296 4881 482 4938 Jesum
510 4883 706 4939 Filium
733 4885 980 4941 altissimi
1003 4886 1196 4950 Patris,
1229 4902 1334 4942 non
1358 4886 1552 4942 Filium
1581 4887 1706 4958 Spi-

118 4977 270 5030 ritus
317 4976 508 5042 sancti,
541 4992 646 5032 non
695 4977 888 5033 Filium
920 4978 1060 5043 Filii,
1089 4980 1356 5049 quomodo
1397 4987 1482 5035 est
1528 4987 1707 5035 tecum

115 5067 358 5122 servus?
399 5066 476 5122 Tu
515 5067 563 5122 si
590 5081 778 5124 servus
799 5069 894 5124 Dei
917 5085 994 5134 es,
1025 5071 1188 5124 totius
1213 5069 1494 5124 Trinitatis
1517 5085 1706 5124 servus

115 5175 206 5224 es,
249 5159 310 5214 id
355 5167 439 5216 est
482 5160 576 5214 uni
616 5161 745 5227 Deo,
785 5163 913 5230 quia
959 5170 1068 5217 tota
1098 5161 1336 5217 Trinitas
1379 5177 1518 5216 unus
1540 5161 1702 5216 Deus.

115 5248 190 5303 Et
212 5246 380 5302 Pater
401 5247 544 5303 Deus
573 5257 657 5304 est
683 5267 696 5302 :
722 5259 776 5305 et
809 5249 968 5306 Jesus
1001 5251 1170 5306 Filius
1197 5251 1334 5320 ejus,
1373 5251 1464 5320 qui
1496 5252 1562 5308 de
1582 5253 1705 5307 Vir-

109 5343 251 5414 gine
290 5348 454 5396 natus
475 5340 617 5396 Deus
640 5351 743 5409 est,
773 5351 828 5398 et
858 5343 974 5413 ipsa
1008 5344 1166 5399 tertia
1198 5344 1255 5398 in
1277 5343 1544 5398 Trinitate
1581 5359 1704 5415 per-

109 5449 258 5490 sona
281 5431 518 5502 Spiritus
555 5443 775 5490 sanctus
799 5435 940 5490 Deus
959 5444 1060 5490 est.
1089 5436 1229 5490 Ecce
1255 5435 1573 5491 Trinitatem
1610 5451 1704 5492 ex-

105 5538 396 5595 pressam,
427 5531 483 5578 et
523 5533 635 5582 tres
658 5540 916 5594 personas
949 5525 1164 5596 proprie
1185 5525 1288 5580 sibi
1325 5525 1698 5582 subsistentes.

102 5613 284 5671 Iesus
319 5612 584 5678 Christus,
613 5615 704 5684 qui
748 5618 814 5670 de
837 5616 1059 5684 Virgine
1081 5623 1238 5670 natus
1269 5624 1370 5679 est,
1428 5631 1536 5670 non
1590 5616 1703 5686 ipse

103 5704 314 5768 Pater,
343 5717 444 5758 nec
463 5702 696 5773 Spiritus
722 5713 961 5760 sanctus.
991 5703 1149 5761 Solus
1174 5706 1287 5776 ipse
1312 5706 1447 5761 dixit
1471 5725 1484 5760 :
1519 5706 1699 5773 Pater,

98 5789 366 5861 dariﬁca
412 5790 608 5846 Filium
641 5801 808 5846 tuum.
847 5794 960 5848 Hoc
1010 5809 1116 5848 non
1145 5795 1283 5850 dixit
1311 5795 1489 5860 Pater,
1526 5809 1701 5864 neque

535 5885 802 5945 Ριτιιοι..
855 5883 1072 5953 XCVI.

1811 4709 1896 4756 ter
1923 4715 1982 4756 se
2021 4702 2202 4758 vivere
2230 4705 2568 4773 proﬁtentur,
2600 4711 2692 4778 qui
2723 4719 2932 4766 tantum
2962 4714 3208 4771 homines
3242 4725 3387 4782 sunt,

1809 4799 1866 4846 et
1911 4807 1941 4846 a
1981 4791 2092 4847 Deo
2138 4790 2264 4850 facti
2316 4805 2438 4851 sunt
2467 4815 2479 4850 :
2505 4809 2560 4852 et
2609 4800 2712 4855 ista
2761 4802 2970 4872 possint
3015 4803 3237 4872 habere,
3267 4818 3390 4878 post

1813 4893 2038 4937 mortem
2079 4899 2110 4938 a
2139 4885 2250 4940 Deo
2288 4898 2650 4958 acceperunt:
2692 4897 2747 4944 et
2784 4891 2952 4946 Deum
3005 4907 3063 4948 se
3109 4887 3387 4952 hominem

1810 4971 1990 5030 facere
2014 4976 2251 5046 potuisse
2279 4992 2385 5032 non
2410 4979 2653 5033 credunt.
2695 4979 2869 5036 Minor
2888 4983 3034 5036 enim
3062 4983 3180 5039 sine
3221 4983 3388 5042 dubio

1808 5067 1878 5122 ab
1905 5067 2024 5122 istis
2044 5067 2186 5123 Deus
2211 5078 2314 5135 est,
2341 5069 2388 5124 si
2411 5069 2555 5140 quod
2584 5069 2674 5126 isti
2696 5081 2920 5141 possunt
2942 5073 3033 5128 ille
3057 5089 3165 5130 non
3175 5076 3383 5146 ‘potuit.

1808 5154 1944 5210 Nam
1992 5157 2039 5212 si
2089 5157 2180 5212 isti
2227 5167 2452 5228 possunt
2492 5158 2547 5212 in
2590 5173 2755 5215 carne
2808 5162 3087 5218 constituti
3150 5163 3384 5221 alienam

1806 5261 2003 5318 capere
2037 5257 2286 5304 naturam
2311 5289 2326 5315 ,
2374 5264 2473 5304 cur
2519 5249 2609 5304 ille
2652 5251 2707 5305 in
2757 5266 2921 5307 carne
2968 5254 3178 5325 positus
3224 5272 3381 5313 suam

1807 5350 2026 5394 servare
2070 5354 2178 5394 non
2215 5347 2416 5410 posset,
2449 5340 2716 5407 videlicet,
2763 5349 2826 5398 ut
2864 5359 3078 5416 semper
3099 5345 3244 5404 Deus
3283 5349 3381 5414 sit,

1806 5443 1906 5484 nec
1931 5428 2248 5499 corruptelae
2271 5429 2534 5485 admistus
2558 5431 2736 5487 carnis
2752 5433 3000 5490 humanae
3022 5429 3382 5506 incipiatesse
3409 5475 3414 5480 ~

1805 5520 2123 5590 corruptus?
2147 5519 2281 5574 Mira
2307 5519 2598 5591 disputatio
2621 5524 2888 5580 veritatis!
2921 5527 3048 5582 dum
3072 5527 3189 5582 vult
3206 5528 3378 5582 Deum

1804 5611 2093 5676 honorare,
2136 5608 2408 5678 diiudicat.
2441 5611 2658 5682 Maioris
2683 5615 2828 5671 enim
2858 5618 3075 5673 virtutis
3108 5625 3190 5672 est
3232 5615 3376 5672 obti-

1803 5717 1933 5757 nere
1970 5703 2182 5758 interna
2225 5702 2524 5759 substantia
2553 5705 2827 5773 deitatem,
2863 5723 3026 5776 quam
3063 5707 3234 5762 Deum
3264 5705 3370 5776 spl~

1805 5793 2070 5848 ritualiter
2115 5793 2171 5848 in
2211 5792 2410 5848 deitate
2449 5793 2662 5849 durare.
2717 5795 2856 5862 Quid
2892 5813 3022 5866 ergo
3052 5795 3290 5851 mirabor
3317 5794 3371 5850 in

2856 5889 2926 5947 3t
