3952 6318
528 328 622 382 θῖι

1344 320 1745 388 ιιιρειιωυε,
1788 320 2011 385 ενι-λιιι,
2052 317 2394 373 HETERIUS
2435 318 2523 374 ET
2565 318 2623 375 S.
2664 320 2955 379 BEATUS.

3671 325 3773 389 97,!

528 443 657 505 Deo,
703 438 808 494 nisi
835 435 978 508 quod
1002 452 1122 492 cum
1152 435 1312 491 homo
1358 451 1479 493 esse
1520 436 1770 507 dignatus
1799 436 1890 499 sit,
1918 443 2103 488 tamen
2132 434 2173 491 Α
2204 445 2300 499 per
2325 431 2500 499 vivus,
2552 432 2679 502 quia
2709 448 2776 487 ex
2805 440 3035 503 utroque
3082 446 3220 488 unus
3242 440 3326 490 est
3368 435 3508 491 liber
3536 434 3690 492 intus
3722 450 3773 495 es

533 533 586 585 in
612 530 848 594 homine,
889 529 1031 599 quod
1052 527 1192 582 Deus
1224 534 1386 593 esset,
1417 526 1708 598 apparuit?
1743 525 1856 581 Hoc
1885 532 1970 581 est
1997 524 2100 578 mi-

534 622 717 685 rabile,
763 620 866 675 hoc
908 627 991 673 est
1038 617 1329 688 singulare.
1378 615 1514 670 Nam
1564 616 1840 672 hominem
1890 621 2098 669 tantum

532 714 752 770 credere
776 711 908 766 nihil
932 718 1017 765 est
1057 708 1451 771 admirandum,
1478 708 1603 776 quia
1641 721 1829 761 omnes
1855 706 2101 760 homines

532 794 738 862 tantum
765 803 1011 860 homines
1034 809 1175 855 sunt.
1205 798 1278 853 Et
1302 798 1421 853 ideo
1453 797 1698 853 mirabile
1727 812 1833 851 non
1872 803 1955 850 est
1975 796 2100 865 quia

533 913 671 953 unus
699 896 928 950 alterum
949 894 1013 948 de
1042 906 1101 947 se
1134 890 1383 960 intelligit
1407 889 1551 959 quod
1583 896 1789 944 tantum
1819 887 1982 942 homo
2010 885 2100 940 sit.

535 988 640 1041 Sed
683 987 785 1041 hoc
832 991 914 1039 est
938 981 1261 1039 Christianis
1309 980 1554 1034 mirabile
1594 978 1737 1048 quod
1778 978 1937 1032 homo
1958 976 2107 1032 Deus

536 1096 692 1135 verus
712 1084 795 1132 est
814 1075 990 1139 Iesus,
1014 1072 1306 1129 secundum
1322 1072 1605 1140 Prophetas
1621 1070 1844 1132 dictum,
1864 1068 1957 1138 qui
1985 1068 2058 1121 ait
2086 1084 2102 1118 :

541 1172 805 1244 Lapidem,
838 1184 989 1240 guem
1019 1166 1415 1238 reprobaverunt
1439 1163 1776 1231 wdiﬁcantes,
1817 1161 1900 1214 hic
1932 1160 2103 1229 factus

536 1274 607 1317 est
635 1264 691 1316 in
713 1268 866 1332 caput
886 1256 1085 1329 anguli.
1118 1256 1158 1309 Α
1192 1254 1416 1308 Domino
1440 1254 1633 1322 factum
1656 1261 1729 1304 est
1756 1248 1920 1313 istud,
1952 1258 1998 1302 et
2031 1256 2106 1301 est

536 1351 774 1407 mirabile
800 1351 855 1404 in
881 1347 1045 1402 oculis
1068 1346 1278 1400 nostris.
1313 1343 1430 1397 Non
1453 1342 1594 1413 quod
1633 1342 1734 1395 iste
1759 1338 1964 1394 destitit
1989 1353 2108 1393 esse

538 1440 681 1511 quod
714 1440 889 1494 fuerat
915 1455 930 1494 :
959 1436 1052 1491 sed
1077 1435 1217 1504 quod
1246 1448 1461 1487 carnem
1500 1430 1625 1485 fecit
1650 1444 1768 1483 esse
1796 1427 1938 1497 quod
1966 1427 2109 1482 Deus

540 1541 641 1595 est,
667 1539 720 1585 et
740 1544 866 1583 vere
892 1529 1074 1588 homo,
1097 1525 1187 1593 qui
1214 1524 1279 1577 de
1302 1522 1520 1590 Virgine
1542 1527 1699 1574 natus
1736 1526 1840 1581 est,
1882 1520 1995 1586 ipse
2027 1524 2111 1572 est

539 1619 695 1675 Iesus
717 1619 810 1687 Dei
833 1616 1017 1679 Filius,
1051 1614 1140 1682 qui
1164 1613 1264 1666 sub
1288 1612 1477 1665 Pontio
1497 1609 1672 1662 Pilato
1698 1616 1782 1661 est
1820 1606 2111 1661 crucilixus

542 1719 596 1762 et
616 1707 872 1777 sepultus,
893 1720 960 1759 ex
978 1712 1205 1771 utraque
1226 1709 1417 1755 natura
1438 1715 1453 1754 :
1472 1714 1577 1753 non
1603 1698 1727 1761 duo,
1752 1695 1846 1751 sed
1867 1694 2111 1765 unigeni-

2201 519 2332 576 l'oris
2355 523 2607 591 scriptus.

2269 614 2499 671 CXXIV.
2541 616 2697 671 Foris
2741 618 2973 687 scriptus
3007 624 3109 682 est,
3143 633 3266 674 cum
3316 619 3431 688 ipse
3466 635 3574 691 per
3607 620 3774 680 David

2202 708 2372 763 dicit:
2410 708 2525 779 Ego
2580 709 2801 763 dormivi
2848 718 2896 763 et
2950 710 3141 781 quievi.
3195 709 3346 767 Intus
3393 713 3647 782 scriptus
3678 723 3772 783 est,

2202 813 2324 853 cum
2360 798 2474 868 ipse
2507 798 2674 853 dicit:
2718 797 2787 852 Et
2841 816 2933 870 ego
2992 801 3272 854 resurrexi.
3329 800 3487 857 Foris
3547 805 3775 874 scriptus

2202 895 2304 952 est,
2346 903 2468 942 cum
2520 888 2634 956 ipse
2683 889 2750 944 de
2781 888 2941 945 Patre
2992 891 3157 946 dicit:
3200 889 3462 956 Quoniam
3522 892 3774 951 Dominus

2204 978 2467 1033 suscitavit
2500 996 2602 1034 me.
2638 979 2776 1047 Quia
2802 989 2855 1036 et
2881 981 3043 1036 Pater
3084 998 3206 1037 eum
3234 984 3543 1051 suscitavit,
3598 988 3655 1042 in
3678 1004 3776 1058 quo

2204 1072 2383 1125 minor
2412 1080 2494 1125 est
2518 1071 2697 1127 Patre.
2739 1074 2805 1128 Et
2824 1072 2997 1129 Filius
3028 1075 3141 1145 ipse
3170 1090 3230 1131 se
3256 1076 3572 1143 suscitavit,
3608 1080 3777 1150 inquo

2206 1161 2427 1230 aequalis
2465 1170 2547 1218 est
2596 1163 2766 1218 Patri.
2808 1165 2959 1220 Sicut
2994 1173 3051 1220 ει
3097 1167 3214 1238 ipse
3262 1183 3321 1224 se
3375 1170 3550 1236 misit,
3598 1172 3775 1243 inquo

2205 1251 2426 1321 aequalis
2454 1261 2537 1308 est
2583 1253 2750 1308 Patri.
2792 1256 2858 1309 Et
2882 1255 3045 1314 Pater
3072 1274 3191 1311 eum
3213 1260 3352 1314 misit
3380 1261 3435 1314 in
3463 1262 3622 1319 hunc
3640 1280 3775 1319 mun-

2208 1340 2356 1405 dum,
2388 1341 2443 1395 in
2473 1356 2584 1410 quo
2607 1344 2898 1398 minoratus
2948 1345 3097 1400 venit
3131 1346 3287 1416 paulo
3325 1350 3501 1405 minus
3531 1352 3603 1406 ab
3634 1371 3777 1425 augeo

2207 1428 2292 1483 lis.
2333 1428 2424 1484 Sic
2452 1438 2507 1484 et
2535 1438 2733 1486 caetera
2762 1430 3073 1501 huiusmodi
3116 1435 3313 1490 similia
3359 1437 3524 1493 debet
3574 1452 3773 1497 scruta-

2209 1525 2296 1574 tor
2322 1527 2629 1573 sanctarum
2652 1519 3052 1589 Scripturarum
3081 1523 3428 1594 interpretari
3452 1529 3777 1595 testimonia,

2211 1615 2269 1662 ut
2304 1621 2371 1661 ex
2399 1615 2628 1677 utraque
2653 1610 2953 1664 substantia
2968 1627 3240 1681 nunquam
3255 1614 3460 1670 dividat
3474 1633 3775 1688 personam.

2208 1697 2265 1752 In
2306 1697 2536 1753 Domino
2564 1698 2729 1770 igitur
2764 1698 2890 1756 Jesu
2920 1700 3134 1757 Christo
3178 1706 3291 1759 Deo
3337 1717 3393 1761 et
3433 1707 3667 1774 homine,
3689 1727 3777 1765 suo

545 1809 629 1853 tus
649 1807 730 1853 est
753 1797 844 1851 Dei
871 1795 1059 1849 Filius.
1091 1793 1159 1847 Et
1189 1793 1301 1861 ipse
1324 1790 1414 1860 qui
1442 1797 1525 1843 est
1553 1788 1859 1857 unigenitus
1881 1786 1976 1840 Dei
2015 1785 2108 1840 Fi—
2142 1784 2183 1841 ll
2213 1796 2362 1843 ctore
2390 1804 2453 1843 ac
2480 1789 2819 1860 redemptore
2848 1800 3055 1859 nostro,
3101 1793 3239 1853 sicut
3266 1812 3432 1851 unam
3459 1800 3656 1870 absque
3682 1803 3777 1856 du-

544 1890 666 1955 lius,
694 1889 807 1958 ipse
823 1896 906 1942 est
921 1886 1291 1957 primogenitus
1311 1883 1365 1936 in
1388 1880 1565 1936 multis
1587 1881 1861 1951 fratribus.
1892 1880 1960 1933 Et
1984 1878 2110 1948 quia

534 1966 846 2048 [unigenitus
882 1984 937 2031 et
971 1973 1359 2045 primogenitus
1392 1972 1511 2026 dum
1540 1978 1745 2024 natura:
1785 1976 1911 2023 sunt
1951 1986 1964 2022 :
2016 1969 2110 2023 sed

541 2076 760 2138 propter
780 2072 1145 2134 susceptorem
1167 2079 1322 2118 suum
1345 2061 1680 2131 unigenitum
1703 2059 1892 2123 Deum,
1917 2065 1971 2112 et
1998 2058 2112 2127 ipse

542 2160 702 2213 homo
726 2156 1031 2227 unigenitus
1062 2153 1278 2218 dicitur,
1320 2153 1445 2222 quia
1489 2152 1543 2206 in
1578 2166 1643 2205 eo
1668 2159 1751 2204 est
1781 2148 2109 2216 unigenitus.

611 2246 819 2302 CXXII.
848 2246 1087 2315 Denique
1112 2243 1398 2298 diversitas
1435 2243 1767 2297 diversarum
1797 2249 2112 2294 naturarum

439 2371 449 2383 ο
541 2338 599 2394 in
636 2337 906 2393 locutione
940 2334 1352 2404 Evangeliorum
1384 2332 1704 2387 ostenditur.
1755 2329 1906 2385 Fidei
1952 2329 2115 2399 igitur

542 2437 741 2485 nostra:
780 2443 886 2483 non
910 2426 1159 2482 convenit
1199 2434 1261 2479 ut
1299 2425 1582 2481 credamus
1603 2423 1746 2493 quod
1769 2420 1925 2477 Jesus
1963 2435 2114 2475 men-

543 2520 728 2584 tiatur,
756 2518 880 2587 quia
908 2518 1025 2572 sine
1066 2516 1228 2571 dubio
1267 2525 1350 2574 est
1390 2514 1612 2570 veritas.
1665 2513 1733 2567 Et
1779 2528 1847 2567 ex
1886 2519 2114 2579 utraque

542 2620 734 2665 natura
784 2609 897 2678 ipse
940 2605 1243 2672 conﬁtetur,
1278 2614 1332 2661 et
1371 2607 1439 2661 ab
1480 2605 1648 2675 ipsius
1686 2619 1781 2659 ore
1828 2602 2113 2657 didicimus

542 2698 684 2768 quod
710 2699 953 2753 dicimus.
994 2697 1061 2750 Et
1087 2705 1343 2765 utrasque
1369 2704 1590 2750 naturas
1620 2695 1734 2764 ipse
1760 2693 1862 2748 sibi
1893 2691 2112 2762 proprio

541 2804 636 2843 ore
677 2786 1057 2841 manifestavit.
1092 2786 1232 2840 Dicit
1259 2801 1356 2855 pro
1382 2785 1561 2840 divina
1592 2802 1604 2837 :
1642 2784 1752 2855 Ego
1792 2800 1928 2837 sum.
1975 2783 2114 2837 Dicit

538 2894 640 2948 pro
666 2878 896 2932 humana
929 2894 942 2929 :
973 2875 1087 2946 Ego
1113 2891 1250 2929 sum.
1288 2874 1681 2945 Nonnunquam
1727 2874 1892 2929 dicit:
1923 2872 2036 2943 Ego
2065 2882 2113 2926 et

544 2968 706 3023 Pater
729 2983 889 3022 unum
916 2983 1128 3031 sumus;
1157 2966 1335 3021 divina
1361 2973 1461 3020 est.
1496 2964 1631 3020 Cum
1660 2979 1788 3019 vero
1815 2963 1976 3019 dicit:
1999 2962 2112 3034 Ego

541 3076 656 3114 sum
683 3060 786 3114 via.
830 3059 914 3122 Et,
958 3057 1072 3127 Ego
1118 3058 1174 3111 in
1203 3056 1409 3110 nomine
1429 3054 1607 3109 Patris
1636 3055 1735 3108 mei
1763 3055 1897 3119 veni,
1932 3062 1978 3106 et
2007 3068 2111 3107 non

538 3166 624 3203 me
650 3118 945 3220 recepistis;
987 3118 1221 3202 humana
1246 3154 1349 3201 est.
1400 3145 1466 3200 Et
1511 3146 1566 3205 in
1613 3144 1702 3199 illa
1747 3144 1814 3199 de
1861 3118 1920 3198 se
1951 3143 2105 3198 dixit.
2137 3118 2182 3180 (ἶ

541 3242 634 3299 Sic
656 3251 711 3298 et
736 3256 858 3297 cum
885 3240 1051 3296 dixit:
1076 3239 1179 3306 Qui
1204 3255 1285 3293 me
1316 3239 1477 3304 misit,
1502 3253 1702 3291 mecum
1728 3245 1820 3300 est,
1847 3252 2005 3306 neque
2032 3251 2112 3289 me

538 3332 831 3406 dereliquit.
864 3332 931 3387 Et
954 3331 1059 3385 alio
1087 3330 1205 3385 loco
1237 3348 1250 3383 :
1286 3329 1444 3391 Deus,
1476 3327 1616 3382 Deus
1639 3343 1804 3392 meus,
1835 3342 1995 3397 quare
2016 3325 2110 3379 de-

539 3424 793 3495 reliquisti
808 3422 926 3477 me?
954 3422 1022 3476 Et
1050 3421 1104 3475 in
1131 3420 1220 3474 illa
1240 3418 1402 3474 dicit:
1427 3416 1529 3483 Qui
1556 3434 1636 3471 me
1654 3417 1816 3471 misit.
1848 3417 1914 3470 Et
1938 3417 1992 3470 in
2022 3415 2110 3469 illa

538 3514 703 3572 dicit:
733 3511 908 3577 Quare
929 3527 1009 3565 me
1036 3508 1394 3579 dereliquisti?
1438 3506 1494 3561 ln
1537 3507 1725 3561 ambas
1768 3515 1990 3560 naturas
2031 3521 2111 3558 me

538 3614 595 3659 et
617 3622 718 3659 me.
764 3604 898 3658 Nam
925 3619 1047 3657 cum
1069 3603 1236 3658 dicit:
1262 3601 1348 3656 Mc
1372 3600 1715 3671 dereliquisti,
1745 3600 1980 3654 humana
2005 3607 2106 3653 est.

539 3690 674 3759 Quia
701 3694 841 3747 Deus
873 3692 1143 3747 hominem
1176 3700 1506 3760 susceperat,
1548 3699 1603 3744 et
1648 3691 1761 3760 ipse
1784 3691 1944 3745 homo
1970 3690 2109 3744 mori

538 3783 788 3836 habebat.
816 3782 882 3836 Et
919 3782 1190 3845 divinitas,
1240 3798 1360 3851 quae
1400 3781 1510 3834 vita
1554 3786 1698 3844 erat,
1744 3779 1896 3833 exsul
1933 3788 2107 3833 erata

540 3877 732 3925 morte.
782 3870 905 3925 Ideo
948 3886 1046 3940 per
1088 3878 1315 3925 mortem
1364 3870 1542 3925 crucis
1565 3869 1946 3937 relinquendus
1991 3876 2108 3922 erat

539 3975 708 4030 usque
741 3960 809 4016 ad
844 3962 1293 4016 resurrectionem
1322 3961 1508 4031 ipsius.
1546 3958 1663 4014 Non
1691 3960 1833 4028 quod
1855 3958 2107 4015 divinitas

541 4050 872 4119 relinqueret
915 4064 1132 4105 carnem
1173 4063 1345 4111 suam,
1386 4048 1478 4102 sed
1513 4048 1657 4116 quod
1695 4060 1802 4100 non
1845 4046 2107 4099 moritura

537 4152 656 4200 erat
699 4159 820 4199 cum
854 4157 1016 4198 carne
1065 4158 1179 4196 sua.
1230 4138 1365 4207 Quia
1396 4141 1474 4196 sic
1510 4142 1567 4195 in
1612 4140 1859 4211 sepulcro
1889 4155 2107 4195 carnem

540 4253 691 4293 suam
717 4236 1104 4292 commonendo
1125 4248 1149 4277 α
1178 4236 1432 4299 deseruit,
1457 4235 1596 4290 sicut
1618 4234 1670 4288 in
1701 4242 1854 4289 utero
1875 4232 2109 4303 Virginis

540 4327 915 4384 connascendo
959 4325 1229 4381 formavit.
1262 4325 1410 4380 Fidei
1431 4340 1561 4394 ergo
1586 4333 1783 4379 nostra:
1810 4324 1888 4379 sic
1914 4337 2109 4379 conve-

538 4418 637 4484 nit,
683 4425 743 4472 ιιι
780 4419 939 4473 homo
970 4414 1139 4471 Filius
1184 4415 1327 4471 dicat
1366 4433 1378 4469 :
1421 4415 1596 4481 Quare
1635 4430 1716 4468 me
1746 4413 2107 4484 dereliquisti?

537 4511 605 4568 Et
647 4509 789 4566 Deus
832 4508 1020 4573 Filius,
1062 4507 1154 4578 qui
1200 4523 1324 4563 cum
1354 4508 1512 4561 Pater
1540 4506 1763 4576 aequalis
1796 4513 1899 4570 est,
1930 4506 2100 4559 dicat:

540 4600 643 4665 Qui
663 4615 743 4654 me
769 4598 930 4661 misit,
951 4613 1149 4651 mecum
1169 4606 1242 4652 est
1262 4614 1280 4651 :
1297 4614 1397 4668 nec
1420 4613 1500 4649 me
1525 4595 1821 4665 dereliquit.

609 4688 834 4745 CXXIII.
877 4688 944 4741 Et
979 4703 1099 4741 cum
1128 4704 1194 4742 ex
1242 4695 1471 4755 utroque
1520 4701 1661 4740 unus
1698 4687 1768 4741 sit
1795 4684 1981 4749 Filius,
2018 4699 2107 4738 ca-

538 4784 765 4839 vendum
805 4790 889 4839 est
924 4795 992 4835 ne
1037 4780 1229 4848 aliquis
1278 4779 1456 4832 dicat:
1527 4777 1698 4832 Homo
1753 4785 2014 4839 mortuus,
2053 4785 2105 4831 et

539 4873 679 4927 Deus
701 4887 826 4929 eum
862 4871 1133 4927 excitavit.
1174 4869 1286 4924 Hoc
1333 4868 1407 4922 illi
1438 4868 1621 4922 dicunt
1675 4868 1767 4939 qui
1814 4866 2101 4938 secundum

536 4977 754 5019 carnem
803 4978 927 5020 eum
964 4961 1258 5032 przodicant
1318 4958 1646 5029 adoptivum,
1695 4965 1750 5012 et
1810 4957 2102 5013 secundum

528 5036 872 5104 divinitatem
907 5049 1202 5118 proprium.
1247 5046 1353 5103 Sed
1382 5048 1494 5116 ipse
1525 5046 1783 5101 Dominus
1819 5046 2104 5101 mendaces

534 5150 630 5191 eos
673 5137 964 5207 redarguit,
1007 5153 1129 5193 cum
1179 5135 1361 5192 Judeis
1402 5135 1538 5189 dixit
1575 5152 1587 5185 :
1633 5130 1827 5190 Solvite
1855 5134 2101 5206 templum

535 5225 656 5292 hoc,
690 5235 738 5279 et
762 5226 818 5279 in
841 5226 1014 5280 triduo
1064 5225 1323 5280 suscitabo
1354 5224 1486 5280 illud
1522 5223 1704 5295 (Joan.
1730 5240 1809 5289 x1,
1844 5223 1955 5295 l9).
1984 5223 2100 5279 Non

536 5315 710 5373 dixit:
755 5312 954 5369 Solvite
1016 5316 1268 5385 templum
1328 5316 1469 5386 quod
1522 5314 1680 5370 Pater
1728 5314 1971 5379 suscitet,
2009 5315 2101 5369 sed

534 5407 648 5478 Ego
683 5404 942 5460 suscitabo
984 5403 1156 5469 illud;
1193 5405 1315 5475 quia
1344 5421 1451 5461 non
1479 5414 1563 5460 est
1584 5406 1720 5462 alius
1745 5407 1836 5476 qui
1872 5406 2103 5461 moritur

533 5508 591 5554 et
639 5495 776 5552 alius
802 5509 898 5566 per
927 5509 1087 5564 quem
1114 5504 1361 5552 mortuus
1396 5497 1653 5569 resurgit,
1684 5498 1780 5553 sed
1830 5498 1943 5567 ipse
1962 5513 2101 5553 unus

534 5596 780 5644 mortuus
807 5593 890 5641 est
914 5583 1179 5640 Christus.
1220 5585 1287 5639 Et
1315 5586 1426 5655 ipse
1466 5596 1710 5643 mortuus
1738 5595 1789 5643 et
1821 5588 1935 5647 inse
1961 5603 2099 5645 sem-

609 5713 635 5743 ι
666 5698 885 5756 Videtur
908 5698 1095 5753 deesse
1128 5697 1340 5764 negatio
1365 5714 1489 5752 non.

2209 1876 2471 1932 bitatione
2543 1892 2848 1948 personam,
2917 1881 2993 1936 ita
3056 1882 3322 1952 duplicem
3394 1897 3608 1943 constat
3666 1907 3780 1947 esse

2211 1965 2605 2021 substantiam:
2647 1984 2809 2038 quam
2868 1986 3046 2027 sermo
3084 1974 3298 2030 divinus
3350 1977 3697 2048 singulariter
3728 1982 3776 2037 in

2210 2053 2327 2126 lege
2352 2056 2708 2126 distinguens,
2738 2059 2812 2114 ita
2840 2060 3082 2130 loquitur
3106 2066 3173 2118 ad
3210 2062 3447 2131 Iudaeos,
3482 2084 3610 2124 cum
3628 2072 3777 2126 ritum

2211 2146 2507 2202 carnalium
2537 2149 2926 2206 sacrillciorum
2971 2168 3093 2208 cum
3123 2155 3367 2225 mysticis
3423 2174 3491 2213 ac
3539 2163 3777 2230 spiritus.

2211 2233 2353 2289 libus
2403 2236 2640 2292 traderet
2692 2242 3081 2297 sacramentis:
3123 2243 3200 2298 De
3228 2262 3363 2315 agno
3399 2265 3523 2302 cum
3554 2252 3712 2321 capite
3735 2262 3775 2304 et

2209 2324 2424 2394 pedibus
2479 2328 2777 2394 comedetis,
2828 2339 2877 2384 et
2930 2331 3176 2386 intestina
3230 2335 3345 2404 ejus
3408 2338 3677 2393 eor-abitis.
3707 2340 3773 2394 Ad

2212 2410 2327 2466 hazc
2352 2413 2398 2467 si
2427 2415 2755 2492 exteriorem
2783 2417 2975 2474 littera:
3020 2436 3209 2476 sonum
3239 2423 3553 2497 interroges
3589 2437 3678 2482 aut
3702 2429 3774 2482 in-

2213 2500 2440 2586 telligas,
2477 2503 2756 2575 indignum
2797 2516 2958 2564 tanta:
2988 2509 3290 2574 maiestatis
3342 2526 3620 2586 praecepto
3668 2516 3774 2581 fuit,

2212 2600 2270 2644 ut
2296 2594 2588 2651 vilissimas
2633 2597 2817 2653 edacis
2843 2600 3021 2669 populi
3051 2603 3200 2657 cibos
3227 2614 3390 2674 caput
3417 2622 3547 2661 cum
3574 2608 3777 2677 peditus

2214 2684 2466 2756 conjungi
2510 2696 2563 2743 et
2605 2690 2859 2747 intestina
2913 2695 3131 2765 purgari
3183 2696 3422 2766 Spiritus
3462 2710 3679 2757 sanctus
3700 2718 3778 2756 or.

2212 2773 2441 2830 dinaret.
2478 2777 2546 2832 Et
2565 2778 2691 2836 ideo
2716 2796 2859 2835 nunc
2888 2782 3138 2838 intestina
3168 2785 3304 2855 ipsa,
3335 2787 3391 2841 id
3434 2799 3519 2843 est
3546 2789 3780 2854 latentia,

2214 2862 2628 2936 interrogemus.
2692 2869 2805 2925 Sub
2840 2870 3034 2927 litterae
3083 2890 3247 2930 carne
3284 2880 3565 2948 mysteria.
3607 2882 3781 2951 Agnus

2214 2957 2303 3013 ille
2330 2966 2413 3012 est
2441 2959 2645 3028 absque
2687 2960 2868 3024 dubio,
2900 2963 2966 3017 de
2992 2978 3100 3033 quo
3144 2963 3381 3022 Joannes
3403 2968 3639 3037 Baptista
3661 2985 3783 3039 pro-

2213 3048 2462 3102 nuntiat:
2504 3047 2640 3103 Ecce
2687 3050 2866 3120 Agnus
2911 3051 3029 3119 Dei,
3075 3070 3190 3109 ecce
3245 3057 3338 3125 qui
3396 3057 3523 3110 tollit
3560 3068 3783 3126 peccata

2213 3138 2413 3192 mundi.
2454 3138 2513 3192 In
2542 3153 2650 3208 quo
2693 3155 2830 3210 agno
2871 3157 2970 3211 per
2996 3151 3153 3212 caput
3182 3145 3527 3211 divinitatem,
3560 3162 3665 3216 per
3687 3163 3785 3217 pe—

2214 3228 2310 3282 des
2357 3229 2745 3285 humanitatem
2788 3241 3001 3300 oportet
3045 3233 3290 3304 intelligi.
3334 3236 3409 3290 Da
3458 3237 3511 3290 in
3536 3239 3784 3308 symbolo

2214 3321 2408 3390 capitis
2447 3320 2815 3377 eminentiam.
2855 3321 3043 3391 Credo,
3094 3326 3290 3396 inquit,
3343 3328 3396 3380 in
3424 3326 3632 3383 Filium
3676 3333 3784 3400 ejus

2212 3411 2394 3465 Iesum
2435 3410 2698 3466 Christum
2745 3411 3028 3467 Dominum
3088 3425 3342 3469 nostrum.
3381 3416 3461 3470 Da
3512 3425 3783 3474 terrenam

2212 3504 2267 3558 in
2316 3504 2541 3573 pedibus
2579 3504 2960 3560 humilitatem.
3004 3505 3107 3572 Qui
3134 3518 3406 3579 conceptus
3434 3518 3507 3562 est
3548 3511 3623 3564 de
3668 3511 3779 3580 Spi-

2214 3597 2317 3649 ritu
2355 3606 2556 3649 sancto.
2601 3595 2776 3650 Natus
2834 3613 2899 3651 ex
2955 3596 3129 3651 Maria
3176 3599 3385 3669 virgine.
3434 3598 3647 3655 Passus
3697 3601 3780 3654 sub

2213 3684 2403 3739 Pontio
2433 3683 2630 3738 Pilato.
2670 3684 2968 3754 Cruci/intus
2996 3696 3045 3740 et
3085 3687 3335 3757 sepultus.

2280 3774 2489 3831 CXXV.
2531 3776 2607 3831 De
2652 3777 2847 3845 quibus
2882 3779 3085 3846 absque
3120 3778 3283 3834 dubio
3309 3779 3537 3849 pedibus
3573 3786 3782 3854 sapien-

2210 3867 2286 3921 tia
2331 3866 2635 3923 Salomonis
2669 3869 2944 3924 insinuat:
2987 3869 3059 3924 Et
3091 3870 3304 3942 ﬁgulus,
3345 3871 3543 3941 inquit,
3574 3876 3785 3943 pedibus

2209 3970 2406 4015 vertens
2457 3970 2626 4015 rotam
2693 3960 2847 4034 (Sap.
2900 3978 2990 4029 xv,
3018 3962 3094 4036 7).
3135 3963 3204 4017 Et
3255 3965 3379 4034 quid
3432 3973 3517 4019 est
3575 3965 3780 4037 ﬁgulus.

2208 4052 2312 4107 nisi
2339 4052 2427 4107 ille
2455 4053 2547 4122 qui
2594 4068 2695 4109 nos
2730 4054 2797 4110 de
2824 4062 2983 4109 terra:
3024 4054 3319 4124 plasmator
3347 4055 3476 4110 limo
3512 4071 3653 4112 esse
3673 4057 3784 4127 jus-

2209 4142 2281 4197 sit
2303 4157 2371 4198 ex
2398 4144 2607 4200 nihilo?
2656 4143 2796 4212 Quid
2820 4146 3066 4215 pedibus,
3118 4147 3220 4203 nisi
3260 4149 3515 4218 assumpti
3552 4150 3786 4205 hominis

2208 4235 2503 4306 disciplinis
2549 4238 2735 4293 orhem
2767 4247 2935 4295 totum
2981 4241 3047 4295 ad
3078 4241 3331 4298 salutaria
3379 4243 3641 4299 instituta
3667 4260 3785 4300 eon-

2208 4326 2418 4380 vertit?
2453 4327 2530 4382 De
2578 4343 2683 4397 qua
2728 4337 2846 4384 rota
2896 4330 2948 4385 in
2993 4332 3197 4400 psalmo
3243 4332 3509 4403 legimus:
3572 4333 3686 4389 Vox
3713 4345 3786 4388 te-

2210 4417 2373 4469 nitrui
2401 4417 2478 4470 tui
2501 4417 2557 4470 in
2585 4428 2719 4483 rota,
2748 4419 2805 4474 id
2830 4428 2915 4475 est
2942 4435 3039 4490 per
3066 4429 3239 4477 rotam
3268 4422 3453 4477 mundi
3479 4439 3595 4479 vox
3617 4425 3784 4479 Eran-

2208 4505 2329 4575 gelii
2358 4507 2651 4575 procurrit.
2688 4508 2765 4563 De
2793 4524 2898 4578 qua
2927 4510 3162 4566 humana
3208 4512 3510 4567 substantia
3544 4515 3604 4568 in
3642 4531 3789 4570 sexs-

2208 4596 2414 4665 gesimo
2470 4599 2695 4666 septimo
2740 4600 2984 4669 psalmo:
3021 4599 3090 4655 Ut
3125 4602 3415 4672 intingatur
3462 4621 3556 4672 pes
3582 4616 3710 4660 (Ius
3736 4607 3785 4658 is

2206 4688 2457 4757 sanguine
2486 4707 2503 4741 ε
2543 4688 2723 4760 lingua
2753 4707 2941 4747 canum
2972 4702 3180 4747 tuorum
3214 4709 3279 4747 ea:
3300 4694 3524 4749 inimicis
3550 4698 3625 4751 ab
3658 4699 3783 4766 ipsa.

2206 4776 2277 4830 Ut
2311 4779 2603 4849 intingatur
2627 4820 2642 4845 ,
2680 4780 2889 4850 inquit,
2946 4799 3035 4852 pes
3085 4786 3224 4848 tuus,
3260 4784 3314 4839 id
3342 4793 3444 4850 est,
3505 4787 3684 4844 homo
3708 4803 3787 4842 as-

2205 4875 2448 4936 sumptus
2484 4867 2537 4921 in
2584 4871 2864 4939 sanguine.
2919 4870 3035 4926 Non
3083 4874 3226 4928 enim
3289 4883 3487 4930 natura
3542 4879 3791 4934 caelestis

2204 4959 2384 5013 crucis
2428 4960 2595 5015 sensit
2625 4960 2897 5029 iniuriam,
2929 4963 3021 5017 sed
3048 4978 3147 5033 per
3170 4965 3498 5023 conditionis
3529 4967 3789 5024 human:

2205 5050 2257 5103 in
2285 5050 2543 5119 sanguine
2606 5051 2874 5120 passionis
2918 5052 3179 5108 intinctus
3223 5063 3325 5109 est.
3390 5055 3452 5110 In
3499 5057 3597 5113 illo
3646 5060 3789 5115 eain

2202 5141 2439 5210 patibulo
2501 5142 2634 5197 nihil
2683 5144 2903 5212 pertulit
2949 5145 3092 5201 Deus
3154 5148 3378 5217 patienti
3444 5165 3639 5215 sensu,
3698 5151 3788 5207 sed

2202 5230 2420 5299 pertulit
2449 5232 2827 5299 compatientis
2866 5232 3079 5290 affectu.
3128 5235 3273 5291 Nihil
3319 5240 3540 5307 pertth
3569 5256 3684 5311 pro
3710 5242 3791 5298 G-

2201 5322 2475 5387 versitate,
2507 5323 2599 5376 sed
2625 5338 2723 5392 pro
2766 5323 2972 5380 unitate
3008 5339 3273 5394 personae.
3311 5326 3458 5382 Nihil
3508 5328 3667 5386 Deus
3696 5345 3793 5401 pro

2202 5408 2514 5465 inﬁrmitate
2563 5425 2757 5480 passus
2782 5420 2885 5477 est,
2911 5413 3007 5468 sed
3039 5428 3139 5483 pro
3184 5413 3496 5484 dignatione
3533 5431 3793 5489 conspa-

2200 5514 2293 5554 sus
2316 5506 2434 5553 est:
2476 5498 2577 5566 Qui
2602 5500 2699 5557 tibi
2724 5502 2983 5557 esurienti
3016 5502 3323 5559 alimoniam
3354 5506 3672 5577 porrigens,
3699 5522 3796 5579 per

2201 5588 2542 5652 Evangelium
2576 5590 2770 5647 clamat
2790 5591 2857 5649 de
2880 5593 3053 5649 cmlo‘:
3102 5592 3311 5648 Esau-ivi
3331 5605 3379 5648 et
3402 5596 3633 5652 dedistis
3662 5599 3797 5650 nisi

2201 5819 2274 5845 ,ἐι
