3952 6318
226 253 347 328 i573

912 259 1193 324 HETERI!
1228 266 1316 322 ΕΤ
1354 265 1413 322 S.
1454 262 1654 317 BEATI
1692 262 1783 315 AD
1822 264 2217 328 ELIPANDUM
2256 274 2472 331 EPIST.
2511 307 2582 319 -—
2616 278 2744 337 LIB.
2783 282 2825 338 Ι.

3389 293 3494 352 οτι

228 380 585 445 manducare,
625 377 759 432 sitivi
805 386 854 432 et
900 377 1116 432 dedistis
1162 379 1290 432 mihi
1333 378 1520 433 bibere.
1570 377 1705 446 Quia
1732 385 1895 442 ca-A
1923 382 2119 451 ceptio,
2169 399 2292 455 quae
2347 386 2517 443 Deum
2565 391 2841 450 hominem
2900 397 3065 466 fecit,
3123 411 3178 458 et
3221 405 3493 464 hominem

234 482 342 545 put
377 486 437 527 se
487 471 546 525 in
572 469 835 543 membris
897 470 1011 525 suis
1047 472 1197 539 pasci
1267 480 1427 541 atque
1480 473 1686 537 vestiri,
1722 488 1820 543 pro

231 576 507 634 personas,
546 567 608 613 ut
635 559 886 622 diximus,
942 559 1150 614 unitate
1196 561 1527 629 pronuntiat.
1570 559 1823 615 (ltintin—

224 663 418 725 gatur,
484 650 678 719 inquit,
708 666 796 720 pes
819 658 942 702 tuus
977 650 1032 702 in
1075 649 1366 719 sanguine;
1407 647 1588 720 lingua
1630 666 1819 703 canum

228 758 449 804 tuorum
477 762 541 800 ea:
565 745 790 799 inimicis
819 743 884 797 ab
910 744 1041 813 ipso.

308 838 546 895 CXXVI.
588 835 817 905 Quando
843 836 928 891 vel
956 835 1224 906 quomodo
1245 835 1427 907 lingua
1452 849 1645 891 canum
1666 833 1822 889 Chri-

233 933 309 989 sti
347 932 517 986 tincta
554 938 638 985 est
676 928 958 998 sanguine,
1006 928 1146 982 scire
1191 928 1465 983 debemus.
1507 926 1681 981 Canes
1718 927 1820 980 ita-

232 1038 345 1095 que
387 1022 559 1078 Judzei
614 1027 762 1085 sunt,
806 1014 911 1088 qui
937 1027 1123 1074 contra
1185 1018 1469 1073 veritatem
1506 1017 1819 1088 blasphema

232 1131 375 1173 voce
412 1116 704 1170 latrabant.
745 1112 985 1181 Quorum
1024 1114 1205 1184 lingua
1234 1129 1429 1169 canum
1460 1122 1589 1168 tunc
1615 1114 1819 1184 absque

234 1208 405 1264 dubio
432 1206 696 1277 sanguine
719 1206 889 1261 tincta
919 1213 1003 1260 est
1028 1205 1342 1270 Salvatoris,
1367 1207 1581 1275 quando
1606 1205 1819 1262 furente

233 1299 294 1354 in
337 1314 398 1354 se
423 1298 638 1353 diabolo
673 1298 1080 1352 clamaverunt:
1124 1297 1353 1369 Sanguis
1394 1300 1509 1370 ejus
1547 1316 1704 1370 super
1724 1316 1817 1354 nos

233 1397 286 1440 (ε
313 1403 472 1458 super
515 1385 656 1455 ﬁlios
713 1395 936 1458 nostros.
980 1386 1054 1440 De
1097 1401 1204 1456 quo
1257 1387 1351 1441 Dei
1413 1387 1671 1457 sanguine
1718 1388 1818 1442 sub

226 1487 391 1533 certo
439 1477 533 1531 Dei
579 1476 922 1546 hominisque
971 1477 1297 1539 discrimine,
1349 1478 1404 1531 in
1454 1478 1817 1547 apostolorum

228 1567 465 1623 Actibus
496 1567 762 1637 legimus:
806 1565 1063 1619 Attendite
1116 1567 1255 1619 vobis
1294 1576 1342 1619 et
1387 1567 1627 1620 universa
1676 1567 1818 1637 gregi

228 1666 424 1720 vestro,
464 1656 519 1709 in
548 1673 650 1726 quo
688 1672 777 1709 vos
824 1654 1053 1725 Spiritus
1080 1664 1291 1709 sanctus
1344 1655 1515 1725 posuit
1556 1654 1817 1724 apostolos

1925 474 2114 541 Deum,
2138 484 2195 532 et
2221 492 2286 533 ex
2338 488 2568 550 utroque
2599 498 2768 540 unum
2819 486 3112 546 Christum.
3149 495 3209 550 In
3254 497 3340 554 his
3371 501 3496 560 duo

1921 562 2025 618 bus
2077 566 2391 641 substantiis
2426 578 2713 627 venturum
2758 576 2827 631 ad
2869 585 3068 637 terram
3112 583 3281 643 Deum
3332 590 3498 651 Isaias

1922 656 2181 755 propheta
2203 658 2435 755 eximius
2452 672 2784 731 protestatur
2810 686 2823 722 :
2851 668 3066 741 Rorate,
3091 678 3226 745 caeli,
3255 680 3496 755 desuper,

1924 752 1971 831 et
2012 745 2170 799 nubes
2195 746 2380 817 pluunt
2405 750 2635 819 justum.
2676 755 2752 809 De
2776 757 2994 817 homine
3040 778 3169 821 vero
3210 784 3337 826 mox

1921 830 2089 932 didit:
2131 835 2413 932 {iperiatur
2439 850 2600 908 terra,
2640 854 2688 898 et
2713 851 2964 916 geminet
2991 852 3336 916 Salvatorem.
3361 863 3497 932 Quia

1921 921 2105 992 utique
2129 924 2185 978 in
2212 925 2396 983 Maria;
2421 930 2650 1002 virginis
2676 951 2904 1007 corpore
2941 945 3350 1008 mundissimam
3369 921 3499 1011 “ter-

1920 1026 2036 1117 ram
2085 1015 2292 1115 caelesti
2350 1022 2593 1088 germine
2655 1024 2981 1086 fecundavit.
3022 1035 3220 1096 Beatus
3282 1059 3497 1117 quoque

1917 1097 2038 1204 Job,
2066 1104 2157 1208 qui
2184 1122 2291 1208 non
2319 1109 2493 1165 solum
2528 1114 2718 1171 adesse
2770 1126 3113 1189 praesentiam
3174 1097 3497 1208 Redempic:

1917 1193 2013 1258 ris,
2044 1196 2139 1251 sed
2165 1199 2328 1253 etiam
2355 1204 2625 1271 passionis
2650 1212 3014 1282 prazsignavit,
3046 1219 3119 1274 ita
3158 1222 3289 1279 dicit
3314 1244 3327 1279 :

1916 1301 2032 1339 sum
2064 1288 2430 1347 circumdabor
2455 1296 2589 1366 pelle
2620 1317 2757 1367 mea,
2785 1314 2834 1358 et
2858 1307 2913 1360 in
2936 1325 3091 1366 carne
3143 1330 3259 1370 mea
3311 1321 3491 1378 videbo

1916 1374 2348 1481 Dominum-(Job
2383 1388 2607 1455 x1x,26,
2640 1391 2751 1463 27).
2792 1395 2922 1462 Quae
2966 1406 3230 1460 sententia
3265 1374 3495 1481 duplicis

1916 1467 2280 1558 intelligentia:
2332 1474 2452 1532 luce
2504 1482 2801 1554 praefulget,
2855 1487 2909 1543 id
2949 1500 3054 1558 est,
3087 1493 3142 1548 in
3194 1467 3496 1558 Christoet

1916 1557 2156 1616 Ecclesia
2206 1561 2307 1619 Job
2351 1568 2712 1640 praeﬁguravit
2761 1557 3099 1637 Ecclesiam:
3140 1587 3275 1643 etin
3328 1557 3493 1649 carne

1920 1667 2018 1707 sua
2065 1659 2392 1725 repromittit
2429 1677 2733 1735 resurgere,
2773 1679 2831 1724 et
2890 1672 3057 1729 Deum
3110 1678 3382 1739 hominem
3414 1685 3493 1740 fa-

230 1763 414 1819 regere
442 1746 732 1800 Ecclesium
782 1745 895 1800 Dei.
937 1746 1003 1801 Et
1036 1744 1187 1813 cujus
1222 1746 1316 1799 Dei
1359 1745 1654 1801 Ecclesium
1690 1747 1816 1801 sub-
1847 1732 1888 1791 Β
1920 1749 2064 1844 Cium
2094 1743 2148 1798 ίη
2176 1761 2341 1803 came
2367 1765 2482 1819 sua,
2515 1732 2621 1822 (ιιιξι
2658 1757 2773 1827 ipse
2799 1772 2932 1828 erat:
2983 1732 3327 1838 COK'l‘BCel‘e-
3353 1777 3488 1844 Quia

233 1852 472 1908 sequens
520 1852 700 1892 sermo
734 1837 1089 1902 demonstrat,
1132 1838 1206 1892 ita
1252 1837 1477 1892 dicens:
1522 1836 1695 1903 Quam
1730 1854 1820 1891 ac-

226 1929 444 2000 quisivit
479 1928 733 1998 sanguine
756 1943 873 1981 suo.
913 1927 1115 1998 Aperte
1176 1928 1281 1990 hic,
1330 1929 1429 1984 sub
1456 1929 1672 1984 nomine
1706 1929 1818 1984 dei-

226 2019 365 2074 tatis
405 2027 461 2074 et
506 2019 824 2089 sanguinis,
887 2019 1126 2075 cmlestia
1164 2028 1223 2075 et
1270 2021 1504 2075 humana
1570 2020 1814 2075 sociavit.

227 2111 595 2181 Ecceagnum
644 2109 939 2181 figuraliter
981 2109 1255 2165 Christum
1307 2111 1617 2180 pronuntiat
1672 2110 1819 2167 Scri-

226 2210 396 2272 ptura
425 2215 596 2254 sacra.
636 2200 705 2254 Et
736 2200 789 2255 in
844 2202 1021 2271 capite
1053 2203 1174 2271 agni
1208 2202 1543 2257 divinitatem
1592 2201 1813 2269 Christi,

230 2301 298 2348 et
333 2293 392 2347 in
440 2293 661 2363 pedibus
700 2293 825 2364 agni
854 2294 1246 2348 humanitatem
1291 2293 1491 2349 Christi
1518 2294 1816 2365 intelligere

230 2382 475 2452 Spiritus
502 2391 718 2439 sanctus
768 2384 1168 2453 pratordinavit.
1205 2384 1272 2437 Et
1306 2400 1445 2438 unus
1492 2399 1682 2454 agnus,
1710 2386 1814 2454 qua

229 2474 542 2529 temeritate
601 2474 860 2529 dividitur
886 2475 1042 2528 ate?
1079 2473 1137 2528 Si
1183 2474 1478 2529 secundum
1526 2483 1688 2544 caput
1732 2483 1816 2529 est

224 2564 372 2618 alter
396 2580 587 2635 agnus,
632 2572 688 2620 et
710 2564 1003 2644 secundum
1046 2564 1210 2634 pedes
1238 2564 1393 2627 alter,
1440 2565 1711 2634 quomodo
1733 2573 1815 2621 est

223 2673 376 2713 uotis
406 2656 605 2727 Agnus,
655 2657 743 2727 qui
787 2655 937 2711 tollat
966 2665 1177 2727 peccata
1219 2655 1453 2709 mundi?
1488 2654 1622 2709 Nam
1658 2655 1703 2710 si
1733 2655 1814 2709 di-

226 2750 373 2804 vidis
402 2763 545 2813 eum,
593 2748 707 2817 jam
733 2763 835 2804 nec
876 2750 984 2804 duo
1009 2750 1133 2819 agni
1167 2757 1311 2812 sunt,
1357 2763 1459 2803 nec
1495 2764 1653 2804 unus.
1691 2746 1812 2822 Jam

227 2841 291 2894 in
325 2839 428 2894 hoc
493 2854 634 2910 agno
680 2854 787 2894 non
840 2840 1040 2909 poterit
1074 2839 1293 2894 illudere
1336 2839 1630 2895 Ecclesium
1693 2839 1808 2894 Dei.

225 2928 434 2998 Aperte
498 2930 658 2999 lupus
685 2930 1005 3001 apparuisti,
1070 2932 1196 3000 quia
1237 2946 1408 3002 agnus
1432 2938 1486 2985 te
1513 2932 1806 3001 superavit.

224 3019 418 3091 Agnus
441 3022 544 3076 iste
589 3022 736 3077 vires
766 3031 885 3076 tuas
927 3021 1210 3093 confregit.
1235 3022 1420 3093 Agnus
1442 3023 1544 3078 iste
1568 3024 1806 3094 prmdam

221 3128 394 3183 quam
432 3113 654 3167 tenebas
693 3114 952 3177 excussit,
981 3121 1036 3168 et
1058 3115 1549 3182 argumentationes
1577 3115 1808 3185 philoso-

219 3204 372 3274 phia:
400 3212 504 3258 tum
544 3203 904 3274 simplicitatis
932 3220 1043 3260 sua:
1077 3206 1382 3261 innocentia
1418 3206 1637 3262 omnino
1664 3207 1807 3263 dele-

223 3292 330 3346 vit.
388 3310 407 3343 I
464 3292 570 3347 iste
624 3302 709 3348 est
735 3293 918 3363 Agnus
971 3295 1364 3361 immaculatus,
1405 3299 1497 3367 qui
1544 3299 1802 3368 quotidie,

220 3392 292 3438 ut
327 3384 514 3438 beatus
548 3384 791 3439 Andreas
818 3385 910 3447 ait,
940 3385 995 3440 in
1022 3385 1190 3440 altare
1214 3389 1391 3442 crucis
1413 3389 1800 3444 sanctificatur.

218 3472 398 3542 Cujus
418 3489 612 3529 carnes
639 3483 987 3544 posteaquam
1022 3477 1199 3531 omnis
1222 3477 1447 3547 populus
1468 3479 1803 3551 credentium

222 3566 654 3630 manducaverit,
690 3574 744 3620 et
769 3566 885 3635 ejus
916 3568 1228 3638 sanguinem
1253 3569 1468 3635 biberit,
1496 3584 1683 3639 agnus,
1708 3569 1803 3640 qui

218 3656 568 3712 sacrificatus
593 3657 923 3727 est,.integer
952 3661 1511 3729 perseveratetvivus.
1536 3680 1555 3712 ι
1586 3661 1654 3715 Et
1677 3677 1802 3717 cum

222 3760 360 3801 vere
381 3745 716 3801 sacrificulus
754 3747 845 3812 sit,
872 3756 927 3802 et
952 3763 1078 3803 vere
1115 3764 1306 3804 carnes
1355 3749 1473 3819 ejus
1498 3751 1620 3805 sint
1649 3766 1802 3805 man—

216 3838 445 3893 ducatze
473 3854 504 3891 a
541 3838 755 3908 populo,
788 3848 843 3894 et
884 3855 1013 3896 vere
1036 3842 1254 3910 sanguis
1290 3845 1408 3910 ejus
1447 3843 1518 3896 sit
1552 3843 1795 3909 haustus,

214 3940 429 3994 tamen,
476 3939 536 3982 ut
563 3930 694 3995 dixi,
735 3931 942 4000 integer
966 3942 1167 3994 manet,
1218 3941 1273 3989 et
1317 3935 1710 3999 immaculatns,
1744 3942 1799 3990 et

211 4021 403 4074 vivus.
449 4020 530 4075 'l'u
575 4036 724 4088 vero,
769 4038 933 4093 supra
976 4038 1137 4092 quam
1197 4025 1389 4091 fecisti,
1432 4042 1540 4081 non
1589 4027 1797 4083 dividas

211 4111 457 4181 Agnum.

291 4221 545 4278 CXXVII.
588 4223 695 4280 Sed
723 4226 769 4280 si
798 4226 880 4280 vis
921 4227 1100 4285 dicere
1137 4230 1404 4298 quomodo
1439 4233 1676 4300 quotidie
1697 4249 1791 4288 oc-

202 4310 442 4382 ciditur,
475 4325 569 4371 aut
595 4320 860 4386 quomodo
880 4335 1009 4375 caro
1050 4320 1164 4389 ejus
1210 4323 1447 4390 quotidie
1496 4325 1796 4398 comeditur

1919 1833 2059 1889 sicut
2088 1851 2217 1893 caro
2262 1838 2364 1896 Job
2402 1844 2583 1902 nullus
2629 1850 2769 1906 alter
2795 1862 2913 1909 erat
2952 1833 3076 1913 nisi
3094 1858 3217 1930 Job,
3266 1866 3338 1922 ita

1917 1925 2012 1981 Dei
2055 1929 2214 1985 Verbi
2243 1933 2423 1990 nullus
2465 1938 2602 1993 alter
2626 1952 2745 1997 erat
2773 1946 2876 2001 nisi
2903 1949 3063 2006 Deus.
3105 1953 3173 2008 In
3197 1925 3355 2014 carne
3376 1925 3493 2018 meo

1914 2020 2096 2074 videbo
2141 2022 2445 2093 Dominum,
2476 2029 2530 2084 id
2569 2042 2676 2098 est,
2710 2036 2762 2090 in
2808 2053 2970 2095 carne
3016 2043 3071 2097 in
3100 2061 3207 2116 qua
3254 2065 3396 2118 sum,
3437 2054 3492 2109 in

1915 2204 2217 2299 confirmat,
2280 2209 2465 2265 dicens
2489 2212 2712 2279 :.Quem
2774 2220 2953 2276 videbo
2999 2204 3117 2295 ego,
3153 2229 3280 2299 ipse,
3308 2241 3491 2290 etnon

1913 2290 2069 2357 alius,
2100 2304 2149 2347 et
2175 2296 2316 2350 oculi
2343 2301 2446 2353 mei
2481 2309 2804 2376 conspecturi
2839 2321 2979 2365 sunt.
3012 2290 3134 2372 ’iloc
3160 2290 3213 2374 in
3238 2290 3339 2378 sua
3366 2334 3486 2393 per-

1914 2394 2044 2435 sona
2074 2383 2142 2439 de
2190 2393 2302 2440 tota
2351 2387 2592 2447 Ecclesia
2642 2396 2797 2464 dixit,
2841 2404 2984 2468 quod
3023 2404 3262 2465 futurum
3317 2383 3488 2476 adhuc

1909 2481 2033 2542 post
2080 2481 2530 2537 resurrectionem
2584 2486 2710 2541 erit.
2753 2488 2829 2545 De
2881 2492 3099 2553 Christo
3151 2515 3301 2569 vero,
3347 2509 3491 2576 quod

1912 2579 2065 2655 suam
2105 2584 2327 2626 carnem
2378 2573 2433 2627 in
2479 2590 2545 2630 eo
2598 2593 3027 2653 recognosceret,
3079 2600 3132 2644 et
3182 2573 3400 2652 carnem
3439 2609 3491 2655 et

1911 2654 2247 2755 divinitatem
2273 2676 2439 2716 unum
2468 2662 2742 2722 Christum
2768 2671 2937 2727 Deum
2973 2690 3310 2750 agnosceret,
3336 2700 3492 2755 supc-

1911 2743 2026 2844 rior
2077 2745 2382 2806 intellectus
2427 2754 2531 2810 hoc
2570 2759 2829 2839 continet,
2886 2743 3034 2833 quod
3069 2770 3125 2824 in
3168 2743 3326 2830 carne
3370 2743 3489 2844 sua,

1911 2832 1965 2925 id
2015 2844 2119 2900 est,
2170 2837 2225 2892 in
2286 2839 2580 2911 fragilitate
2641 2832 2966 2911 conditionis
3025 2872 3157 2925 suae,
3215 2832 3490 2924 hominem

1892 2922 2077 2980 .Deum
2116 2927 2341 2985 videret.

1976 3014 2255 3119 CE-XVlll.
2296 3020 2448 3080 Hanc
2473 3041 2604 3098 ergo
2641 3030 3011 3092 diversitatem
3053 3055 3119 3096 ex
3143 3043 3247 3100 hoc
3275 3061 3489 3119 quoque

1862 3121 1887 3140 ο
1910 3107 2212 3181 intelligere
2247 3125 2491 3185 apertum
2519 3129 2622 3176 est.
2663 3124 2782 3179 Alia
2809 3136 2894 3182 est
2934 3131 3077 3186 enim
3105 3134 3193 3190 illa
3233 3107 3489 3199 nativiias

1908 3200 2015 3298 vel.
2053 3213 2265 3273 natura,
2322 3209 2377 3263 in
2434 3227 2561 3281 qua,
2602 3215 2760 3285 juxta
2815 3219 3148 3291 Apostolum,
3198 3229 3369 3298 factus
3424 3251 3488 3289 ea:

1906 3294 2143 3394 muliere,
2176 3299 2367 3394 lfactus
2426 3303 2521 3356 sub
2568 3304 2718 3376 lege;
2758 3308 2880 3374 alia,
2933 3324 3038 3382 qua
3108 3317 3164 3371 in
3198 3294 3485 3394 'principio

1904 3382 2308 3475 eratui’erbum,
2343 3390 2486 3446 Deus
2536 3397 2677 3463 apud
2707 3396 2913 3465 Deum;
2955 3402 3078 3470 alia,
3129 3382 3236 3475 qui'
3270 3382 3486 3470 creatus

1903 3483 1971 3525 ex
2015 3470 2183 3528 Maria
2240 3476 2554 3535 bumiliatur
2603 3485 2659 3539 in
2706 3488 2903 3555 terris;
2939 3492 3062 3557 alia,
3117 3470 3172 3551 in
3203 3513 3311 3568 qua
3367 3503 3485 3559 sine

1904 3562 2061 3619 initio
2110 3581 2351 3633 manens,
2405 3575 2606 3630 creavit
2661 3578 2857 3635 cmlum
2910 3590 2966 3637 et
3012 3562 3236 3655 terram,
3291 3606 3484 3650 secun-

1902 3653 2046 3757 dum.
2084 3672 2245 3726 quam
2298 3663 2617 3732 regulariter
2670 3669 2987 3742 intelligitur
3043 3653 3315 3749 Christus,
3361 3700 3482 3757 qua:

1900 3748 2083 3803 omnia
2110 3751 2327 3819 quidem
2358 3755 2472 3825 ipse
2506 3767 2590 3814 est
2629 3774 2729 3830 per
2764 3764 3192 3836 similitudinem,
3237 3775 3331 3830 sed
3373 3748 3481 3834 non

1899 3842 2079 3896 omnia
2110 3844 2224 3913 ipse
2251 3854 2334 3901 est
2384 3863 2483 3918 per
2532 3853 2942 3923 proprietatem.
2985 3858 3173 3917 Trahit
3212 3866 3354 3921 enim
3381 3884 3479 3924 no-

1900 3933 2107 3990 minum
2165 3939 2376 4007 species
2421 3942 2487 3997 de
2536 3944 2884 4006 inferioribus
2934 3953 3112 4022 rebus,
3155 3967 3215 4012 ut
3269 3959 3480 4019 facilius

1899 4022 2244 4095 intelligatur.
2294 4029 2503 4087 Dicitur
2542 4035 2686 4090 enim
2733 4039 2895 4096 modo
2940 4041 3044 4110 leo,
3102 4048 3262 4103 modo
3288 4065 3476 4121 agnus,

1896 4117 2057 4172 modo
2083 4119 2259 4187 panis,
2307 4124 2466 4180 modo
2506 4125 2649 4181 vitis.
2691 4127 2782 4185 Sic
2806 4138 2861 4186 et
2886 4140 3099 4197 cmtera,
3132 4136 3188 4191 id
3228 4117 3473 4206 est,'flos,

1894 4207 2002 4271 via,
2057 4210 2276 4274 ostium,
2331 4221 2506 4282 petra,
2564 4232 2741 4284 mons,
2792 4219 2927 4291 lapis
2990 4225 3283 4297 angularis,
3340 4230 3475 4301 lapis

1895 4295 2226 4363 oll‘ensionis,
2288 4300 2713 4372 fundamentum,
2765 4310 2901 4377 ovis,
2948 4295 3108 4380 aries,
3151 4295 3354 4385 medus,
3390 4295 3476 4378 vi-

208 4416 274 4463 et
321 4408 541 4477 sanguis
585 4407 701 4478 ejus
732 4411 953 4476 bibitur,
1005 4419 1059 4466 et
1107 4389 1345 4482 quotidie
1388 4394 1789 4480 vivit-occisus,
1820 4389 2062 4481 D'wlus'
2112 4407 2354 4462 serpe”,
2396 4399 2616 4464 vermis,
2665 4402 2863 4471 aquam
2904 4403 3032 4462 "me
3081 4409 3263 4464 omnia
3316 4410 3471 4469 ωπῇ

205 4512 437 4552 assume
494 4496 722 4553 formam
777 4500 1043 4569 discipuli,
1076 4510 1135 4555 ut
1182 4504 1357 4571 possis
1418 4505 1600 4559 doceri
1650 4508 1793 4575 quod

201 4590 433 4658 quaeris.
473 4589 627 4657 Quod
666 4592 712 4645 si
752 4592 855 4647 hoc
906 4594 1142 4659 abusive,
1172 4604 1233 4649 ut
1265 4606 1554 4651 consuetus
1599 4613 1676 4661 es,
1710 4607 1794 4653 tu-

198 4678 363 4743 leris,
415 4694 522 4733 non
573 4695 789 4751 agnum,
851 4683 945 4738 sed
985 4687 1325 4755 temetipsum
1376 4687 1589 4743 dividis.
1655 4688 1788 4743 Nam

197 4784 336 4825 cum
366 4769 509 4825 hunc
545 4770 755 4842 Agnum
780 4773 1020 4829 Ecclesia
1046 4776 1099 4829 in
1127 4775 1361 4831 medium
1407 4779 1710 4848 protulerit,
1736 4789 1789 4836 et

198 4869 265 4915 tu
296 4859 500 4915 dixeris
526 4876 541 4915 :
570 4862 866 4932 Adoptivus
894 4875 977 4920 est
1001 4868 1295 4922 secundum
1323 4870 1485 4938 pedes
1506 4878 1561 4925 et
1586 4886 1789 4941 nequa-

193 4964 375 5019 quam
442 4953 737 5008 secundum
789 4964 966 5024 caput,
1018 4956 1132 5025 jam
1180 4959 1268 5013 hic
1319 4959 1497 5015 illusio
1547 4969 1634 5015 tua
1679 4978 1787 5018 non

193 5038 429 5092 valebit.
473 5039 693 5106 Quare?
728 5042 863 5110 Quia
895 5061 1000 5099 una
1060 5063 1290 5117 persona
1345 5058 1401 5103 et
1432 5066 1572 5107 unus
1605 5050 1787 5123 Agnus

195 5142 319 5181 non
346 5129 545 5196 poterit
585 5145 652 5185 ex
706 5142 862 5201 parte
917 5150 1037 5190 esse
1092 5139 1342 5208 proprius
1388 5139 1573 5207 Filius,
1620 5143 1675 5197 et
1718 5158 1785 5198 ex

192 5226 365 5289 parte
394 5221 695 5291 adoptivus,
738 5224 791 5279 id
835 5237 937 5291 est,
979 5243 1044 5282 ex
1083 5239 1237 5299 parte
1272 5230 1411 5286 filius
1449 5241 1504 5288 et
1541 5248 1606 5288 ex
1631 5246 1785 5304 parte

193 5323 317 5362 non
369 5308 530 5375 ﬁlius,
582 5321 636 5367 et
661 5330 727 5368 ex
754 5325 908 5385 parte
947 5317 1087 5373 Deus
1123 5327 1175 5374 et
1203 5336 1268 5375 ex
1296 5330 1450 5390 parte
1487 5338 1593 5377 non
1619 5325 1779 5381 Deus.

192 5400 325 5456 Non
370 5403 598 5471 dividas,
643 5422 750 5463 non
798 5426 1036 5481 rumpas,
1091 5429 1198 5467 non
1248 5414 1481 5471 scindas.
1522 5415 1782 5475 Omnibus

188 5494 415 5563 integer
440 5496 697 5553 abundat.
742 5499 1004 5557 Omnibus
1053 5504 1200 5559 solus
1244 5504 1463 5561 sufficit.
1506 5507 1571 5563 Et
1601 5517 1781 5565 tamen

187 5584 333 5640 licet
393 5586 633 5644 dividere
674 5593 908 5657 coneris,
954 5609 1077 5650 eum
1112 5594 1352 5652 dividere
1404 5614 1512 5653 non
1553 5600 1776 5669 poteris.

188 5675 211 5730 Ι
233 5679 584 5744 iseparabilis
624 5682 798 5740 nnitio
841 5694 945 5741 est.
1009 5687 1153 5744 Talis
1191 5689 1328 5747 facta
1384 5701 1470 5748 est
1520 5694 1608 5749 illa
1652 5710 1764 5752 sus-

1899 4486 2015 4534 stus
2043 4482 2335 4537 secundum
2366 4484 2771 4545 similitudinem
2799 4492 3172 4565 intelligendus
3217 4507 3319 4566 est,
3359 4516 3466 4558 non

1896 4582 1994 4635 per
2031 4572 2438 4639 proprietatem.
2479 4574 2889 4650 Proprietatem,
2933 4586 2978 4639 si
3027 4601 3241 4655 quaeras
3285 4606 3317 4645 a
3361 4608 3467 4656 me,

1896 4658 2023 4725 quid
2050 4660 2120 4714 sit
2145 4659 2427 4732 Christus;
2469 4666 2611 4725 Deus
2634 4678 2689 4724 et
2715 4671 2878 4729 homo
2919 4684 3023 4740 est,
3063 4693 3167 4732 una
3212 4695 3462 4751 persona.

1894 4749 2028 4817 Quia
2055 4752 2107 4806 in
2141 4756 2396 4827 principio
2420 4770 2531 4814 erat
2580 4759 2819 4829 Verbum,
2858 4776 2907 4819 et
2944 4765 3162 4825 Verbum
3187 4749 3299 4828 erat
3327 4779 3468 4847 apud

1894 4847 2080 4916 Deum,
2112 4863 2159 4906 et
2208 4852 2347 4909 Deus
2390 4867 2502 4910 erat
2565 4857 2803 4916 Verbum.
2859 4864 2998 4921 Ecce
3034 4882 3186 4924 suam
3222 4876 3469 4943 proprie-

1894 4948 2078 4996 tatem.

1962 5049 2198 5108 CXXIX.
2241 5052 2300 5109 Si
2345 5071 2558 5125 quaeras
2585 5075 2615 5114 a
2662 5076 2750 5117 me
2788 5063 2855 5118 de
2899 5063 3015 5134 ejus
3072 5068 3460 5143 incarnatione,

1891 5142 2122 5199 dicimus
2176 5161 2328 5200 suam
2380 5150 2785 5220 proprietatem.
2825 5153 2994 5213 Filius
3044 5160 3236 5217 unicus
3285 5173 3369 5218 est
3396 5142 3464 5222 de

1890 5238 2050 5295 Patre
2074 5242 2127 5296 in
2155 5251 2416 5298 aeternum
2466 5244 2535 5299 ab
2578 5251 2779 5299 aeterno
2831 5246 3063 5315 genitus,
3108 5253 3329 5322 aequalis
3375 5257 3463 5327 gi-

1889 5332 2094 5400 gnenti,
2132 5347 2230 5402 per
2280 5349 2439 5402 quem
2508 5333 2651 5389 facta
2697 5345 2821 5391 sunt
2866 5339 3088 5393 omnia:
3130 5356 3252 5398 cum
3303 5344 3463 5403 Patre

1888 5422 2344 5479 incommutabilis
2397 5433 2451 5479 et
2496 5435 2716 5497 accepta
2757 5425 2926 5483 forma
2955 5429 3189 5487 hominis
3213 5449 3320 5490 non
3345 5452 3463 5491 mn-

1887 5524 2051 5571 tatus.
2108 5515 2190 5571 Ex
2234 5516 2604 5574 incarnatione
2674 5519 2815 5575 ﬁlius
2870 5521 3124 5590 hominis,
3190 5534 3245 5581 et
3292 5526 3462 5585 Filius

1887 5605 2004 5663 Dei.
2060 5606 2174 5663 Hoc
2202 5615 2376 5662 totum
2404 5609 2547 5678 quod
2583 5609 2713 5674 dixi,
2758 5627 2866 5667 non
2894 5613 3207 5678 similitudo,
3239 5616 3332 5673 sed
3370 5634 3461 5676 res

1885 5706 2006 5752 est:
2063 5698 2118 5753 id
2169 5706 2271 5763 est,
2320 5714 2419 5769 per
2474 5701 2855 5771 proprietatem
2892 5703 3143 5763 Christus
3169 5707 3261 5763 Dei
3289 5708 3460 5767 Filius
