3952 6318
514 363 617 421 915

1322 358 1725 424 ELIPANDUS,
1765 354 1988 422 FELIX,
2030 350 2375 410 llETERlUS
2412 352 2498 410 ET
2541 355 2597 409 S.
2640 354 2929 414 BEATUS.

3664 360 3771 418 976

510 480 613 528 εει.
654 471 788 528 Nam
818 472 905 527 illa
936 487 1055 543 qua:
1093 488 1253 544 supra
1310 472 1743 534 memoravimus,
1779 468 2081 523 similitudi-
2112 466 2159 525 Δ
2185 462 2411 520 intentio
2436 473 2541 523 est.
2584 465 2651 521 Et
2689 482 2854 537 porro
2897 468 3057 538 pauci
3102 458 3577 541 intelligunt,inec
3605 471 3766 528 intel-

511 571 610 618 n‘es
648 563 850 619 Christi
894 573 1038 629 sunt,
1071 580 1176 620 non
1209 564 1320 633 ipse
1365 562 1610 617 Christus
1649 569 1751 616 est.
1792 560 1896 613 Per
1934 558 2083 614 simi—

511 653 792 709 litudinem
825 653 1077 710 Christus
1104 654 1269 708 multa
1317 660 1401 706 est
1429 667 1547 721 qua:
1579 666 1677 720 per
1704 651 2080 721 proprietatem

511 757 620 799 non
672 750 776 798 est.
842 741 901 798 Si
954 750 1134 797 autem
1175 740 1533 811 proprietates
1586 739 1846 795 discutias
1900 753 2078 794 rerum

508 847 646 901 quas
673 832 857 887 videre
884 829 1229 895 consuevisti,
1260 843 1360 883 nec
1409 828 1492 883 leo
1537 834 1620 883 est
1660 826 1923 887 Christus,
1953 825 2078 895 quia

508 920 622 975 fera
650 936 758 977 non
786 928 888 977 est.
927 920 1036 975 Nec
1088 934 1257 989 agnus
1307 927 1412 984 est,
1461 919 1586 988 quia
1630 934 1793 988 pecus
1836 934 1943 973 non
1971 926 2075 973 est.

508 1009 617 1065 Nec
651 1010 827 1079 panis,
873 1008 1000 1079 quia
1026 1008 1093 1062 de
1121 1008 1289 1062 herba
1314 1015 1473 1062 natus
1514 1022 1622 1063 non
1652 1015 1753 1063 est.
1792 1006 1904 1063 Nec
1927 1007 2073 1071 vitis,

505 1101 633 1170 quia
672 1101 834 1155 arbor
886 1106 1122 1154 nonest.
1182 1097 1291 1154 Nec
1338 1097 1455 1165 llos,
1502 1099 1629 1168 quia
1677 1113 1857 1153 semen
1897 1098 2077 1153 herbze

508 1203 613 1243 non
652 1194 753 1242 est.
806 1185 916 1242 Nec
965 1186 1073 1251 via,
1122 1187 1248 1256 quia
1301 1186 1554 1241 animalia
1609 1187 1765 1240 bruta
1809 1200 1906 1255 per
1952 1200 2074 1239 eum

501 1291 610 1330 non
663 1274 959 1332 ambulant.
998 1274 1109 1331 Nec
1154 1277 1375 1342 ostium,
1427 1276 1551 1347 quia
1598 1291 1702 1330 non
1752 1290 1876 1331 eum
1926 1274 2077 1329 faber

504 1364 652 1421 fecit.
690 1365 802 1421 Nec
828 1380 985 1422 mons
1010 1373 1114 1430 est,
1144 1367 1271 1437 quia
1316 1365 1465 1437 sylva
1496 1383 1601 1422 non
1631 1375 1732 1426 est.
1769 1366 1877 1420 Nec
1921 1374 2073 1434 petra

505 1463 608 1519 est,
641 1455 768 1526 quia
817 1457 986 1513 durus
1012 1466 1067 1511 et
1114 1456 1230 1510 sine
1273 1470 1432 1512 sensu
1483 1468 1591 1510 non
1638 1464 1741 1511 est.
1782 1454 1891 1511 Nec
1941 1454 2075 1526 lapis

498 1545 777 1618 angularia
819 1554 923 1611 est,
970 1547 1096 1617 quia
1131 1562 1236 1601 non
1263 1547 1332 1602 ab
1376 1547 1701 1602 instructore
1746 1546 2075 1616 compositus

498 1646 603 1695 est.
643 1636 756 1694 Nec
789 1638 927 1708 lapis
977 1635 1290 1693 oﬁ'ensionis
1313 1645 1414 1701 est,
1461 1637 1585 1707 quia
1618 1651 1723 1692 non
1752 1637 1892 1691 viam
1921 1652 2075 1691 occu-

474 1731 667 1802 .pavit.
713 1730 824 1787 Nec
867 1730 986 1787 ovis
1023 1737 1126 1798 est,
1183 1744 1283 1784 nec
1311 1729 1471 1795 aries,
1512 1729 1637 1799 quia
1666 1743 1833 1799 pecus
1878 1744 2073 1785 comu-

2183 553 2349 624 Iigent
2393 572 2582 613 omnes
2627 559 2797 628 impii.
2855 559 3025 615 Porro
3069 560 3212 617 docti
3260 562 3587 633 intelligent,
3639 566 3762 634 quia

2181 645 2392 703 clausus
2436 648 2573 704 liber
2601 659 2705 713 est,
2737 660 2794 705 et
2819 651 3083 721 signatus,
3127 662 3183 708 et
3232 655 3468 725 publice,
3503 664 3567 711 et
3594 659 3767 712 mani-

2180 736 2313 793 feste
2383 747 2624 809 apertus.
2680 740 2749 795 Et
2775 742 2880 797 nisi
2934 758 2994 798 se
3036 744 3155 814 ipse
3198 747 3539 816 exposuerit,
3589 749 3768 803 nullus

2179 841 2303 883 eum
2371 830 2573 898 poterit
2620 831 2917 903 intelligere
3005 833 3332 890 incredulus.
3404 836 3769 894 Credentilrus

2177 920 2321 974 enim
2353 922 2612 992 aperitur,
2659 931 2715 978 et
2751 939 2857 979 non
2885 924 3233 982 credentibus
3281 922 3587 984 clauditur.
3635 930 3764 985 Hine

2177 1023 2275 1078 per
2315 1010 2588 1065 Danielem
2640 1011 2875 1067 dicitur:
2911 1012 3113 1069 Claude
3159 1032 3469 1083 semouem,
3525 1027 3581 1071 et
3621 1021 3763 1088 signa

2176 1098 2387 1153 librum.
2424 1100 2529 1156 Per
2553 1100 2816 1159 Joannem
2866 1120 3082 1175 quoque
3109 1106 3162 1161 in
3190 1106 3541 1179 Apocalypsi,
3577 1110 3636 1163 in
3662 1111 3763 1180 pri-

2176 1206 2262 1245 ma
2313 1200 2468 1262 parte
2495 1192 2617 1248 libri
2649 1194 2884 1250 dicitur:
2927 1195 3097 1267 Signa
3142 1215 3258 1268 qua:
3302 1198 3481 1253 locuta
3533 1213 3758 1256 suntse—

2173 1291 2308 1351 ptem
2332 1284 2585 1349 tonitrua,
2634 1293 2683 1338 et
2714 1302 2779 1341 ne
2800 1303 2862 1341 ea
2893 1289 3185 1359 scripseris.
3224 1290 3281 1344 In
3334 1291 3441 1346 ﬁne
3471 1307 3613 1346 vero
3646 1294 3759 1348 libri

2174 1374 2251 1428 ait
2274 1387 2288 1427 :
2331 1374 2415 1428 Ne
2436 1376 2725 1446 signaveris
2757 1378 2910 1432 verba
2934 1380 3217 1450 prophetia:
3244 1380 3366 1435 libri
3389 1383 3582 1452 huius.
3626 1384 3759 1451 Quid

2176 1463 2279 1517 hoc
2301 1471 2407 1528 est,
2434 1464 2542 1519 nisi
2588 1465 2733 1534 quod
2778 1468 3245 1538 appropinquante
3300 1472 3486 1525 mundi
3540 1473 3654 1529 ﬁne
3675 1490 3759 1530 su-

2171 1568 2339 1623 perna
2392 1555 2617 1610 scientia
2646 1557 2911 1627 aperitur,
2938 1566 2993 1614 et
3041 1559 3276 1628 prolicit.
3302 1568 3357 1614 et
3410 1561 3585 1618 latius
3638 1580 3755 1620 cum

2175 1659 2403 1714 corpore
2421 1647 2688 1701 excrescit
2706 1648 2731 1701 ?

2243 1736 2478 1793 CXXXI.
2518 1738 2655 1793 Hinc
2691 1753 2924 1810 namque
2943 1755 3039 1810 per
3058 1741 3334 1797 Danielem
3360 1742 3603 1798 dicitur:
3635 1743 3752 1798 Per-

473 1834 613 1881 .tum
643 1841 751 1881 non
776 1833 878 1880 est.
918 1823 1029 1878 Nec
1054 1822 1239 1878 haedus
1264 1830 1368 1887 est,
1398 1822 1527 1892 quia
1552 1827 1622 1877 de
1640 1836 1803 1891 capra
1840 1836 1947 1877 non
1969 1829 2069 1876 εει.
2103 1802 2150 1864 Β
2176 1830 2467 1885 transibunt
2492 1831 2725 1901 plurimi,
2766 1843 2815 1887 et
2836 1802 3113 1906 multiplex
3148 1835 3245 1890 erit
3274 1838 3519 1893 scientia.
3555 1837 3672 1893 lam
3695 1850 3753 1894 et

498 1915 610 1972 Nec
635 1913 857 1980 vitulus,
913 1912 1037 1983 quia
1078 1912 1144 1968 de
1175 1926 1337 1966 vacca
1372 1926 1481 1967 non
1528 1918 1629 1966 est.
1678 1909 1788 1966 Nec
1830 1925 2068 1981 serpens,

499 1999 605 2061 net}
640 2003 839 2059 vermis
863 2010 966 2068 est,
995 2002 1119 2072 quia
1150 2000 1341 2070 reptile
1365 2015 1471 2055 non
1500 2008 1601 2056 est.
1640 1999 1755 2056 Nec
1773 2000 1949 2070 aquila
1968 2008 2069 2063 est,

474 2092 863 2165 .quiavolatile
920 2107 1029 2147 non
1055 2099 1159 2147 est.
1200 2090 1409 2145 Dicitur
1448 2098 1504 2145 et
1527 2099 1711 2159 pastor
1755 2103 1854 2161 per
1887 2089 2074 2146 simili-

497 2184 825 2240 tudinemet
846 2183 1018 2248 liber;
1050 2180 1146 2238 sed
1173 2189 1360 2251 pastor
1413 2197 1518 2237 non
1573 2189 1681 2247 est,
1737 2181 1861 2251 quia
1889 2190 2073 2237 custos

496 2273 675 2329 ovium
725 2272 1128 2343 quadrupedum
1168 2287 1276 2326 non
1319 2280 1424 2327 εει.
1465 2271 1574 2326 Nec
1625 2271 1760 2327 liber
1799 2279 1901 2336 est,
1946 2272 2072 2342 quia

496 2378 603 2419 non
654 2378 735 2423 ex.
750 2362 982 2433 pellibus
1008 2362 1189 2418 ovium
1222 2363 1290 2417 ab
1319 2363 1583 2431 scriptore
1610 2362 1941 2432 compositus
1966 2370 2068 2417 est.

492 2457 585 2514 Sic
612 2466 668 2513 et
691 2466 885 2513 cmtera
917 2455 1221 2526 hujusmodi
1251 2457 1468 2523 similia,
1492 2472 1613 2526 qua:
1638 2472 1737 2526 per
1774 2458 1877 2513 ista
1902 2472 2069 2527 parva

493 2551 729 2622 prudens
790 2548 960 2604 lector
1021 2548 1318 2616 intelligere
1371 2556 1577 2616 qumrat
1624 2544 1845 2618 [Forte,
1885 2546 2067 2619 queat]

494 2642 621 2711 quid
646 2641 719 2695 sit
761 2638 1008 2695 Christus
1033 2653 1130 2708 per
1157 2638 1559 2708 proprietatem,
1591 2645 1685 2692 aut
1716 2637 1843 2706 quid
1868 2637 2068 2692 intelli-

494 2741 649 2803 gatur
675 2745 772 2801 per
805 2731 1227 2787 similitudinem.

562 2821 774 2878 CXXX.
814 2820 950 2876 Nam
989 2821 1075 2876 leo
1139 2821 1337 2876 dicitur
1383 2837 1481 2892 pro
1546 2836 1712 2894 regno
1754 2830 1809 2878 et
1857 2821 2071 2879 fortitu-

493 2914 635 2969 dine.
680 2913 867 2983 Agnus
921 2921 1145 2984 propter
1185 2912 1566 2982 innocentiam,
1597 2913 1722 2982 quia
1760 2924 2071 2971 mansuetus

494 3004 656 3060 venit.
696 3002 904 3059 Dicitur
931 3003 1075 3057 enim
1104 3002 1278 3072 panis,
1307 3002 1432 3072 quia
1462 3017 1591 3058 caro
1618 3012 1721 3058 est.
1765 3003 1919 3070 Vitis,
1943 3005 2070 3074 quia

493 3093 748 3166 sanguine
778 3092 947 3164 ipsius
987 3092 1250 3162 redempti
1286 3107 1493 3147 sumus.
1535 3091 1676 3159 Flos,
1712 3092 1838 3163 quia
1865 3093 2076 3150 electus

480 3194 595 3242 est.
637 3185 756 3251 Via,
783 3183 911 3255 quia
938 3197 1037 3255 per
1081 3182 1258 3254 ipsum
1309 3183 1377 3237 ad
1416 3183 1584 3237 Deum
1639 3183 1797 3238 imus.
1835 3182 2061 3248 Ostium,

492 3276 617 3347 quia
662 3289 759 3346 per
808 3274 989 3344 ipsum
1028 3271 1096 3328 ad
1123 3272 1292 3327 Deum
1331 3271 1681 3342 ingredimur.
1740 3270 1910 3337 Mons,
1940 3271 2065 3341 quia

491 3365 666 3421 fortis.
705 3363 884 3431 Petra,
936 3361 1062 3433 quia
1105 3361 1331 3418 ﬁrmitas
1368 3369 1468 3417 est
1511 3361 1866 3417 credentium.
1906 3360 2066 3431 Lapis

491 3455 782 3527 angularis,
813 3454 898 3510 vel
949 3453 1076 3525 quia
1113 3452 1249 3509 duos
1283 3451 1517 3523 parietes
1555 3463 1579 3492 ο
1618 3451 1861 3516 ediocise,
1890 3452 2062 3517 idest,

468 3544 770 3605 -Judaicum
792 3543 1051 3615 populum
1077 3550 1135 3598 et
1160 3541 1417 3615 gentilem
1458 3542 1532 3596 ad
1583 3540 1744 3596 ﬁdem
1792 3541 2065 3597 venientes

491 3636 545 3688 in
568 3650 729 3689 unam
756 3633 1019 3689 fabricam
1059 3631 1314 3687 Ecclesia:
1333 3628 1550 3703 jungit;
1595 3630 1678 3685 vel
1705 3630 1849 3700 quod
1874 3645 2063 3700 pacem

490 3724 544 3777 in
573 3737 630 3776 se
658 3721 863 3792 angelis
903 3730 961 3776 et
1002 3720 1311 3777 hominibus
1366 3718 1512 3776 facit.
1552 3720 1714 3790 Lapis
1755 3718 2065 3777 oﬁ‘ensionis

489 3814 709 3877 dicitur,
758 3811 885 3882 quia
930 3810 1152 3866 veniens
1192 3810 1413 3866 humilis
1466 3810 1806 3866 oll'enderunt
1856 3809 1910 3864 in
1939 3825 2063 3865 eum

491 3904 679 3968 Judaei,
709 3902 795 3958 vel
848 3901 1109 3957 increduli
1145 3901 1411 3967 homines,
1468 3911 1524 3957 ει
1567 3901 1742 3958 factus
1791 3910 1871 3956 est
1916 3912 2062 3973 petra

491 3988 749 4055 scandali,
809 3989 948 4045 sicut
1010 3988 1141 4044 dicit
1207 3988 1534 4059 Apostolus:
1594 3991 1797 4045 Juda’is
1855 3992 2063 4063 quidem

490 4080 818 4137 scandalum.
860 4079 1286 4135 Fundamentum
1313 4086 1492 4136 autem
1522 4081 1642 4136 ideo
1671 4089 1913 4148 vocatur,
1936 4084 2061 4152 quia

489 4168 623 4226 ﬁdes
651 4169 705 4226 in
756 4184 821 4224 eo
848 4167 1156 4224 ﬁrmissima
1199 4176 1300 4235 est,
1331 4168 1414 4223 vel
1440 4170 1565 4241 quia
1595 4185 1707 4239 .per
1734 4170 2062 4227 eum-Eccle-

487 4262 568 4317 sia
620 4259 881 4317 catholica
947 4259 1239 4315 constituta
1292 4267 1395 4315 est.
1436 4257 1585 4327 Ovis,
1615 4261 2051 4330 propterpaticn-

489 4354 640 4409 tiam.
694 4352 866 4417 Aries,
921 4359 1141 4423 propter
1178 4352 1558 4424 principatum.
1602 4352 1813 4420 Hzedus,
1841 4363 2061 4424 propter

2177 1920 2318 1977 sicut
2341 1938 2503 1994 supra
2527 1924 2781 1992 diximus,
2825 1925 3015 1983 Joanni
3046 1930 3099 1983 in
3126 1930 3343 2000 propria
3398 1942 3560 2003 parte
3604 1950 3750 1989 reve-

2176 2011 2390 2069 lationis
2410 2014 2631 2086 angelus
2649 2015 2783 2071 dicit
2808 2034 2821 2070 :
2859 2016 3042 2089 Signa,
3074 2036 3191 2090 qua:
3214 2019 3392 2075 locuta
3417 2030 3543 2076 sunt
3568 2034 3747 2094 εφιω

2173 2103 2424 2158 tonitrua.
2445 2103 2545 2159 Cui
2566 2113 2745 2161 tamen
2757 2107 3104 2163 revelationis
3118 2108 3358 2177 ejusdem
3376 2111 3489 2168 ﬁne
3511 2114 3747 2183 praecipit

2173 2191 2396 2248 dicens:
2437 2192 2520 2248 Ne
2546 2194 2833 2265 signaveris
2884 2196 3037 2251 verba
3076 2198 3360 2269 prophetia:
3409 2199 3535 2254 libri
3573 2203 3745 2272 hujus.

2172 2281 2311 2336 Ecce
2334 2282 2548 2349 librum,
2594 2292 2650 2339 et
2675 2285 2966 2356 signatum,
2998 2296 3053 2342 et
3072 2288 3314 2343 clausum
3344 2299 3402 2345 et
3427 2294 3740 2355 revelatum,

2171 2370 2512 2427 manifestum
2553 2382 2715 2444 atque
2741 2386 3005 2446 apertum,
3031 2387 3087 2434 et
3115 2395 3225 2434 non
3273 2381 3575 2452 signatum.
3623 2384 3747 2439 Pars

2170 2462 2367 2532 quippe
2390 2464 2737 2521 revelationis
2771 2467 2827 2521 in
2864 2468 3040 2538 capite
3091 2469 3211 2526 libri
3260 2474 3472 2541 signari
3510 2477 3744 2546 praecipi-

2171 2558 2277 2616 tur,
2322 2551 2446 2608 ﬁnis
2475 2568 2603 2609 vero
2629 2554 2752 2610 libri
2797 2556 2998 2628 signari
3044 2560 3383 2629 prohibetur.
3426 2562 3567 2631 Quia
3599 2568 3743 2636 quid-

2169 2643 2299 2712 quid
2342 2644 2399 2699 in
2422 2652 2623 2700 sancta:
2647 2646 2902 2704 Ecclesia:
2949 2652 3333 2719 praedicatione
3362 2655 3417 2709 iu
3448 2657 3743 2726 primordio

2169 2732 2344 2799 latuit,
2390 2733 2513 2790 ﬁnis
2540 2736 2780 2805 quotidie
2821 2740 3074 2794 ostendit.
3122 2741 3255 2808 Quia
3296 2744 3442 2800 sicut
3491 2748 3743 2803 uniusar-

2160 2826 2357 2898 jusque
2414 2828 2651 2885 hominis
2677 2831 2746 2885 ab
2795 2829 3019 2887 infantia
3086 2849 3257 2904 usque
3286 2837 3355 2890 ad
3409 2847 3740 2893 senectutem

2167 2926 2300 2973 artas
2320 2917 2662 2975 describitur.
2694 2920 2923 2977 Parvula
2970 2924 3166 2996 quippe
3202 2934 3331 2982 tunc
3379 2938 3518 2995 erat,
3547 2946 3673 2984 cum
3710 2948 3741 2984 a

2169 3007 2450 3065 nativitate
2479 3025 2669 3066 recens
2694 3012 2918 3067 verbum
2951 3013 3078 3069 vita:
3128 3018 3549 3087 przedicarenon
3580 3030 3740 3088 pote-

2171 3106 2273 3151 rat.
2315 3097 2452 3154 ﬂinc
2498 3102 2642 3155 enim
2670 3101 2737 3157 de
2763 3101 2851 3157 illa
2899 3103 3129 3159 dicitur:
3175 3106 3345 3162 Soror
3392 3119 3554 3162 nostra
3604 3126 3735 3179 par-

2173 3184 2290 3240 vula
2318 3196 2414 3252 est,
2440 3198 2486 3242 et
2516 3189 2676 3245 ubera
2705 3208 2808 3246 non
2852 3192 3025 3258 habet,
3077 3195 3202 3265 quia
3253 3197 3497 3251 nimirum
3522 3207 3740 3253 sancta:

2169 3275 2420 3332 Ecclesiae
2452 3278 2768 3349 priusquam
2805 3282 3091 3352 proﬁceret
3144 3299 3242 3354 per
3264 3286 3597 3341 incrementa
3632 3289 3740 3342 vir-

2166 3365 2316 3433 tutis,
2371 3366 2599 3423 inﬁrmis
2641 3371 2943 3442 quibusque
2985 3373 3322 3430 auditoribus
3372 3378 3608 3447 prazheri
3637 3396 3743 3434 non

2165 3462 2389 3522 potuere
2416 3457 2581 3513 ubera
2632 3459 3054 3529 praadicationis.
3091 3463 3284 3519 Adulta
3313 3480 3441 3521 vero
3492 3467 3741 3523 Ecclesia

2164 3548 2381 3616 dicitur,
2429 3551 2646 3620 quando
2693 3552 2788 3607 Dei
2840 3554 3016 3610 Verbo
3051 3555 3320 3626 copulata,
3362 3558 3569 3627 repleta
3620 3578 3740 3616 san-

2166 3648 2253 3694 cto
2306 3639 2528 3710 Spiritu,
2589 3643 2988 3710 pratdicationis
3030 3649 3345 3717 mysterium
3390 3649 3447 3703 in
3496 3648 3741 3707 ﬁliorum

2164 3729 2514 3800 conceptione
2558 3729 2779 3799 letatur,
2827 3734 2956 3802 quia
3003 3749 3138 3804 quos
3175 3735 3505 3791 exhortando
3552 3742 3741 3795 conci-

2163 3820 2243 3889 pit
2290 3820 2347 3875 in
2374 3824 2736 3885 convertendo
2771 3826 2932 3894 parit.
2974 3827 3051 3883 De
3074 3828 3175 3884 hac
3200 3827 3319 3897 ejus
3355 3839 3511 3886 aetate
3553 3833 3742 3890 Domi.

2165 3928 2235 3968 no
2270 3913 2469 3970 dicitur
2502 3932 2516 3969 :
2558 3915 2970 3974 Adolescentqu
3017 3920 3310 3977 dilexerunt
3350 3934 3417 3978 te.
3454 3924 3743 3983 Universae

2162 4005 2359 4074 quippe
2413 4006 2685 4074 Ecclesiae,
2734 4024 2854 4079 qua:
2914 4024 3078 4066 unam
3138 4014 3453 4069 catholicam
3500 4014 3739 4082 faciunt,

2163 4095 2571 4153 adolescentulae
2618 4108 2897 4156 vocantur.
2938 4100 3053 4157 Non
3099 4102 3215 4172 jam
3259 4115 3481 4160 vetuste
3504 4110 3741 4177 percul-

2160 4201 2305 4255 pam,
2336 4189 2431 4242 sed
2468 4188 2693 4244 novella:
2718 4204 2818 4261 per
2864 4192 3115 4261 gratiam.
3158 4193 3274 4250 Non
3302 4196 3453 4251 senio
3494 4200 3737 4262 steriles,

2161 4278 2257 4333 sed
2298 4287 2455 4335 mtate
2483 4282 2679 4338 mentis
2702 4284 2771 4339 ad
2799 4285 3133 4354 spiritualem
3188 4302 3436 4358 congrua:
3490 4288 3744 4347 fecundi-

2162 4379 2348 4426 tatem.
2426 4373 2577 4429 Tunc
2618 4389 2746 4446 ergo
2809 4391 2932 4431 cum
2994 4377 3048 4431 in
3098 4378 3287 4434 diebus
3326 4379 3431 4434 illis
3489 4381 3738 4438 Ecclesia

487 4443 888 4500 similitudinem
933 4441 1111 4496 carnis
1142 4442 1384 4538 peccati.
1426 4442 1657 4511 Vitulus,
1702 4457 1800 4512 pro
1826 4457 1893 4498 eo
1916 4444 2059 4514 quod
2088 4477 2138 4537 ο
2162 4460 2317 4529 quasi
2345 4461 2578 4532 quodam
2624 4441 2774 4520 εεῖηο
2803 4465 3099 4532 debilitata,
3150 4484 3249 4538 ρετ
3295 4470 3741 4538 medicationem

487 4550 585 4606 ιπο
639 4534 796 4589 “(Ibis
842 4541 927 4588 θεῖ
975 4531 1299 4587 ίίηηιοίθῑυει
1340 4531 1592 4603 serpens,
1646 4547 1746 4603 ιπο
1800 4542 1974 4590 morie
2004 4544 2061 4590 θι
2088 4531 2128 4603 ﬁ.
2164 4551 2303 4608 ﬁlios
2361 4531 2553 4623 parere
2596 4568 2703 4610 nun
2765 4555 2903 4623 vult,
2970 4531 3334 4614 reminiscitur
3384 4558 3743 4617 fecunditatis

487 4626 769 4697 sapientia.
826 4623 1051 4686 Vermis,
1105 4623 1232 4693 quia
1294 4624 1609 4679 resurrexit.
1674 4624 1887 4695 Aquila,
1929 4627 2055 4697 quia

486 4723 607 4787 post
649 4713 1102 4771 resurrectionem
1167 4713 1236 4768 ad
1274 4721 1421 4768 astra
1487 4716 1763 4771 remeavit.
1844 4715 2052 4783 Pastor,

483 4806 609 4879 quia
661 4814 844 4861 custos
911 4804 1210 4861 hominum.
1268 4804 1447 4870 Liber,
1492 4805 1617 4875 quia
1693 4807 1749 4861 in
1802 4822 1868 4864 eo
1930 4818 2056 4864 sunt

485 4914 660 4952 omnes
698 4896 929 4952 thesauri
983 4896 1253 4966 sapientia:
1291 4905 1339 4950 et
1375 4896 1603 4952 scientia:
1644 4898 1953 4954 absconditi.
2001 4901 2056 4955 In

485 4987 748 5055 sapientia
801 4986 1118 5056 intelligitur
1160 4986 1337 5042 omnis
1358 4985 1627 5057 plenitudo
1670 4988 1977 5055 divinitatis,
2006 4992 2061 5046 id

482 5084 583 5140 est,
639 5092 734 5131 sua
764 5087 819 5132 et
869 5078 1043 5134 Patris
1092 5087 1149 5133 et
1209 5077 1444 5149 Spiritus
1502 5081 1692 5135 sancti.
1733 5079 1791 5135 In
1835 5082 2059 5138 scientia

485 5166 800 5237 intelligitur
865 5169 1043 5225 omnis
1082 5168 1359 5242 plenitudo
1424 5172 1775 5228 humanitatis
1839 5183 2055 5242 nostra),

485 5272 647 5328 quam
677 5257 789 5327 ipse
838 5259 984 5314 solus
1007 5258 1177 5316 Filius
1223 5261 1461 5332 suscepit
1491 5277 1558 5316 ex
1595 5263 1833 5336 Virgine,
1860 5267 1915 5320 in
1951 5283 2052 5338 quo

483 5348 684 5404 habitat
718 5350 884 5403 omnis
908 5349 1171 5419 plenitudo
1223 5352 1508 5408 divinitatis
1530 5354 1888 5425 corporaliter.
1919 5356 2051 5412 Nam

483 5457 607 5497 cum
648 5441 888 5511 plerique
942 5441 1125 5512 legunt
1176 5444 1318 5500 hunc
1366 5445 1582 5511 librum,
1619 5455 1673 5503 et
1723 5464 1909 5505 omnes
1959 5466 2054 5505 au-

484 5533 654 5598 diunt,
706 5531 861 5585 multi
908 5530 1075 5584 multa
1129 5531 1282 5587 deeo
1323 5536 1680 5605 suspicantur,
1738 5547 1792 5593 ct
1839 5540 2050 5596 diversa

2161 4646 2414 4715 antiquae,
2467 4648 2650 4704 dicens
2703 4647 2852 4703 illum
2914 4647 3016 4705 Job
3059 4651 3421 4707 versiculum:
3465 4651 3621 4709 Sicut
3664 4656 3741 4725 {ui

2159 4738 2214 4790 in
2247 4737 2428 4792 diebus
2473 4738 2835 4794 adolescentia:
2878 4756 3023 4803 mea’,
3077 4740 3288 4811 quando
3346 4752 3541 4797 secreto
3597 4742 3740 4797 Deus

2157 4835 2269 4879 erat
2312 4826 2369 4880 in
2398 4827 2734 4882 tabernaculo
2768 4845 2901 4883 meo.
2942 4828 3336 4900 Quamvispost
3368 4832 3592 4887 eosdem
3620 4834 3740 4887 dies

2156 4917 2351 4986 quibus
2379 4916 2718 4985 deprimitur,
2765 4917 2877 4987 jam
2920 4927 3100 4974 tamen
3146 4920 3292 4975 circa
3335 4920 3514 4991 ipsum
3569 4923 3740 4977 ﬁnem

2158 5014 2458 5075 temporum
2499 5007 2686 5076 grandi
2732 5007 3131 5076 prazdicatiouis
3171 5008 3371 5064 virtute
3419 5010 3734 5066 roboratur.

2156 5095 2291 5150 Nam
2320 5096 2583 5166 susceptis
2607 5095 2675 5151 ad
2700 5097 2916 5166 plenum
2951 5098 3219 5168 gentibus,
3250 5113 3469 5153 omnem
3524 5099 3742 5157 Israeli-

2161 5189 2323 5245 ticum
2367 5188 2625 5258 populum
2665 5188 2757 5258 qui
2812 5200 2936 5244 tunc
2981 5190 3229 5246 inventus
3282 5188 3469 5256 fuerit,
3518 5192 3574 5246 in
3610 5193 3739 5247 ﬁdei

2156 5280 2331 5335 sinum
2361 5279 2543 5334 trahit.
2586 5277 2857 5348 Scriptum
2882 5280 3080 5349 quippe
3104 5287 3220 5336 est:
3256 5278 3431 5335 Donec
3459 5281 3741 5351 plenitudo

2153 5371 2382 5441 gentium
2410 5371 2673 5427 intraret:
2710 5383 2756 5427 et
2814 5373 2888 5428 sic
2929 5375 3098 5429 omnis
3143 5372 3315 5429 Israel
3356 5375 3538 5444 saluus
3582 5377 3742 5447 ﬁeret

2155 5457 2335 5527 (Rom.
2375 5475 2451 5523 XI,
2480 5459 2569 5525 εδ,
2605 5460 2717 5532 26).

2225 5547 2481 5603 CXXXII.
2515 5547 2623 5603 Sed
2650 5557 2775 5604 ante
2797 5550 2885 5606 illa
2912 5558 3151 5624 tempora
3181 5560 3340 5608 erunt
3376 5554 3495 5610 dies
3525 5555 3581 5610 in
3610 5557 3741 5627 qni-

552 5666 908 5762 ‘Mvﬁlfﬁurj.
927 5662 1142 5762 Ξξξιξέωγ
1175 5669 1317 5734 Quod
1352 5678 1449 5726 est
1514 5671 1840 5742 administro,
1903 5695 2041 5749 rego,

2170 5684 2287 5749 lino,
2354 5683 2592 5756 dispono,
2623 5685 2894 5743 derivasse
2947 5686 3206 5762 ἐδιῲκησε,
3244 5698 3300 5745 ει
3338 5690 3546 5747 Latinis
3600 5694 3745 5749 cha-

486 5737 798 5805 racterihus,
826 5734 1069 5793 ediocisr.
