3952 6318
116 388 229 445 977

789 387 1064 444 HETERII
1103 387 1192 443 ET
1233 387 1291 442 S.
1333 384 1532 441 BEATI
1571 385 1663 440 AD
1698 383 2095 441 ELIPA'NDUM
2133 382 2350 438 EPIST.
2390 411 2458 421 -—
2496 379 2623 434 LIB.
2665 379 2704 434 l.

3265 381 3372 438 9'78
3457 411 3464 416 -

116 502 225 557 bus
255 501 328 557 ab
350 501 679 558 adversariis
703 501 978 572 paululum
1024 500 1234 556 videtur
1275 515 1548 570 oppressa,
1579 514 1699 553 cum
1731 503 1778 560 Α
1806 497 2100 553 nctralibus
2131 497 2524 561 haereticorum,
2553 497 2645 550 sed
2672 495 2813 565 quod
2839 493 2906 550 ab
2939 494 3160 551 Oriente
3202 511 3374 565 usque

117 602 177 648 et
208 593 330 648 dies
368 593 744 649 adolescentia:
769 592 1154 658 reminiscitur,
1191 592 1411 646 dicens:
1453 589 1600 644 Sicut
1626 590 1704 660 fui

118 682 177 735 in
197 680 386 735 diebus
403 679 766 736 adolescentia:
793 696 942 746 mete,
968 679 1178 750 quando
1203 690 1399 734 secreto
1425 679 1564 733 Deus
1591 688 1704 733 erat

117 773 180 826 in
191 771 534 826 tabernaculo
549 788 684 827 meo.
699 770 838 839 Quid
853 771 910 825 in
925 771 1028 826 hoc
1039 770 1158 826 loco
1172 768 1586 836 tabernaculum,
1599 769 1704 825 nisi

123 870 396 918 secretum
434 863 652 928 mentis,
690 863 794 918 nisi
813 861 1074 940 quietudo
1090 863 1276 930 animi,
1303 863 1407 917 nisi
1431 863 1543 917 vita
1571 877 1704 917 con-

124 953 443 1025 templativa
484 953 602 1008 sine
627 952 1001 1023 persecutione
1035 953 1261 1036 aliqua?
1300 953 1554 1008 Attamen
1583 967 1704 1007 cum

118 1047 174 1101 in
221 1045 338 1102 ﬁne
381 1045 562 1102 steculi
583 1045 812 1116 coeperit
835 1045 1075 1102 Ecclesia
1115 1045 1574 1116 persecutionibus
1609 1044 1708 1099 Ilu-

117 1141 338 1201 ctuare,
348 1135 717 1206 quietudinem
735 1135 934 1190 mentis
959 1136 1158 1191 habere
1175 1149 1282 1190 non
1309 1132 1526 1204 poterit.
1557 1133 1707 1188 Tunc

123 1227 502 1284 reminiscitur
533 1226 668 1282 illud
711 1227 856 1296 quod
900 1241 997 1297 per
1027 1225 1370 1295 semetipsum
1412 1224 1623 1280 Veritas
1653 1223 1705 1278 in

123 1317 418 1387 Evangelio
461 1315 630 1372 dicit:
681 1315 914 1387 Sungent
965 1316 1343 1388 pseudocltristi
1394 1325 1443 1369 et
1489 1314 1710 1386 pseudo-

120 1405 412 1475 prophetw,
433 1415 481 1460 et
513 1405 714 1460 dabunt
743 1405 895 1475 signa
935 1421 1125 1476 magna
1169 1411 1217 1458 et
1249 1403 1510 1475 prodigia,
1548 1405 1624 1459 ita
1651 1413 1706 1458 ut

122 1495 182 1547 in
199 1510 435 1549 errorem
459 1495 752 1560 mittantur,
775 1495 822 1548 si
842 1494 960 1563 ﬁeri
981 1504 1164 1564 potest,
1191 1495 1345 1549 etiam
1367 1493 1534 1549 electi.
1556 1493 1708 1549 Nunc

123 1595 314 1641 autem
337 1585 530 1642 ﬁdeles
559 1586 731 1642 nostri
762 1586 900 1641 mira
933 1583 1156 1650 faciunt,
1187 1599 1310 1639 cum
1332 1599 1588 1655 perversa
1613 1599 1708 1654 pa-

124 1677 375 1744 tiuntur;
408 1685 524 1732 tum
551 1685 734 1733 autem
754 1685 812 1732 et
832 1691 1089 1748 perversa
1108 1676 1386 1746 patiuntur
1417 1675 1620 1740 sancti',
1654 1683 1710 1730 et

125 1767 394 1824 miracula
421 1785 530 1826 non
552 1767 777 1825 faciunt.
805 1767 958 1824 Tunc
985 1782 1114 1823 vero
1140 1766 1524 1838 pmdicatores
1549 1765 1706 1820 Anti-

1805 589 1873 644 ad
1915 588 2259 644 Occidentem
2299 588 2432 642 ﬁdes
2473 585 2608 656 ejus,
2637 603 2756 657 qum
2783 587 2850 642 ab
2879 587 3136 656 apostolis
3177 587 3375 642 tradita

1805 685 1906 742 est,
1936 678 1990 732 in
2017 677 2298 733 catholicis
2327 676 2580 732 Ecclesiis
2605 675 2825 748 fulgeat.
3307 665 3311 669 ’

1873 769 2151 826 CXXXIII.
2181 769 2314 824 Nam
2343 777 2399 824 et
2439 769 2540 824 hoc
2575 768 3090 840 praetermittendum
3127 781 3236 824 non
3271 776 3375 832 est,

1805 861 1898 917 sed
1922 871 2104 916 coram
2127 861 2270 916 omni
2299 860 2536 916 Ecclesia
2561 869 2669 914 tam
2707 859 3040 930 sapientibus
3071 873 3231 930 quam
3261 875 3379 914 rus-

1807 953 1930 1008 ticis
1947 951 2364 1024 praulicandum,
2395 952 2536 1021 quod
2579 951 2846 1007 secundus
2891 951 3152 1006 adventus
3193 949 3381 1006 Salva-

1809 1044 1942 1099 toris
1971 1057 2077 1098 non
2107 1043 2159 1097 in
2200 1041 2530 1106 humilitate,
2579 1050 2640 1097 ut
2677 1041 2850 1112 prius,
2877 1041 2971 1096 sed
2999 1040 3073 1095 in
3087 1041 3260 1111 gloria
3286 1041 3378 1096 de-

1808 1132 2188 1188 monstrandus
2217 1132 2306 1187 sit.
2349 1130 2584 1187 Stultum
2611 1138 2695 1188 est
2741 1131 2921 1201 itaque
2959 1143 3083 1186 eum
3123 1131 3176 1185 in
3212 1143 3381 1201 parvo

1809 1223 1928 1280 loco
1957 1222 2038 1279 vel
2064 1223 2116 1278 in
2146 1222 2462 1278 abscondito
2486 1236 2748 1292 quaerere,
2773 1221 2864 1292 qui
2891 1222 3056 1277 totius
3083 1220 3270 1276 mundi
3300 1221 3380 1276 Iu-

1809 1327 1931 1368 men
1957 1321 2060 1369 est.
2089 1313 2168 1368 De
2197 1313 2312 1382 ipso
2336 1312 2479 1367 enim
2512 1311 2772 1380 legimus:
2806 1311 2944 1366 Deus
2985 1312 3258 1382 manifeste
3301 1329 3379 1365 re-

1809 1406 1932 1471 uiet,
1958 1403 2098 1458 Deus
2127 1412 2320 1468 noster,
2347 1411 2395 1457 et
2421 1419 2523 1457 non
2559 1400 2748 1458 silebit.
2774 1401 2921 1472 Ignis
2949 1411 3072 1456 ante
3093 1402 3263 1472 ipsum
3293 1415 3380 1454 ar-

1809 1495 1966 1559 debit,
1994 1504 2042 1548 et
2065 1495 2121 1548 in
2145 1494 2366 1550 circuitu
2392 1493 2506 1564 ejus
2539 1502 2810 1564 tempestas
2837 1492 3028 1547 valida.
3064 1491 3304 1561 lntclligc
3329 1501 3379 1545 et

1809 1585 1898 1641 hic
1927 1585 2208 1654 utriusque
2247 1583 2561 1639 substantiae
2600 1583 3021 1654 proprietatem;
3059 1583 3112 1637 in
3154 1583 3385 1638 veritate

1812 1676 2070 1748 assumpti
2104 1675 2349 1746 corporis
2373 1682 2632 1730 venturus
2657 1673 2922 1740 creditur,
2968 1682 3024 1728 et
3049 1673 3192 1729 Deus
3225 1689 3386 1729 voca—
3501 1700 3510 1714 -

1811 1767 1978 1823 bitur.
1999 1765 2186 1824 Adfuit
2211 1766 2527 1824 inﬁmitate
2569 1767 2941 1829 absconditus,
2989 1765 3160 1823 aderit
3199 1765 3253 1821 in
3277 1765 3386 1820 vir-

125 1857 342 1924 christi,
367 1857 424 1914 id
442 1867 527 1914 est
551 1860 812 1927 haeretici,
832 1861 1000 1917 etiam
1021 1876 1146 1916 cum
1166 1874 1419 1930 perversa
1450 1857 1704 1923 inferunt,
1738 1842 1784 1904 Β
1813 1866 1925 1916 tute
1948 1858 2285 1916 manifestus.
2320 1858 2488 1929 Ignis,
2523 1859 2717 1928 inquit,
2743 1869 2864 1914 ante
2904 1875 3020 1914 eum
3065 1857 3306 1921 ardebit;
3338 1864 3388 1911 ct

127 1948 269 2003 mira
296 1947 495 2006 facturi
518 1959 662 2007 sunt.
691 1949 925 2008 Proinde
951 1966 1053 2008 nos
1081 1951 1354 2018 admonet,
1390 1951 1611 2008 dicens:
1651 1948 1712 2006 Si

123 2055 252 2109 ergo
275 2039 505 2096 dixerint
533 2041 674 2098 vobis
697 2059 719 2097 :
750 2041 884 2098 Ecce
909 2043 967 2098 in
991 2042 1193 2098 deserto
1224 2051 1300 2097 est
1327 2040 1587 2107 Christus,
1621 2055 1716 2096 no-

124 2125 219 2180 lite
246 2127 410 2182 exire.
447 2127 585 2184 Ecce
605 2131 662 2184 in
687 2131 1058 2202 penetralibus,
1106 2130 1265 2187 nolite
1287 2131 1517 2188 credere.
1551 2130 1634 2186 Ac
1668 2129 1714 2185 si

125 2223 323 2286 aperte
347 2215 585 2273 diceret:
622 2216 681 2274 Si
709 2219 832 2289 quis
861 2219 1170 2291 promiserit
1197 2221 1350 2277 vobis
1381 2221 1524 2290 quod
1549 2219 1604 2274 in
1625 2221 1718 2276 de-

123 2312 290 2362 serto
315 2307 589 2378 gentilium
623 2315 679 2364 et
706 2307 762 2363 in
789 2309 1231 2380 philosophorum
1272 2310 1522 2382 dogmate
1562 2310 1719 2367 Chri-

126 2407 262 2460 stus
291 2408 552 2466 moretur,
578 2409 674 2458 aut
704 2401 760 2456 in
806 2401 1182 2460 hzereticomm
1209 2401 1593 2474 penetralibus,
1624 2399 1717 2471 qui

133 2489 236 2548 Dei
263 2489 587 2560 pollicentur
618 2501 863 2561 secreta,
891 2493 1047 2550 nolite
1072 2495 1218 2550 exire
1237 2511 1257 2549 :
1286 2493 1444 2549 nolite
1467 2493 1717 2557 credere;

131 2581 256 2636 sive
275 2581 402 2651 quia
421 2583 814 2652 persecutionis
832 2591 888 2640 ct
905 2584 1274 2656 angustiarum
1297 2592 1558 2654 tempore,
1579 2596 1721 2638 sem—

132 2686 239 2741 per
258 2671 739 2744 pseudoprophettn
775 2675 1075 2746 decipiendi
1121 2675 1402 2731 inveniunt
1431 2674 1628 2730 locum.
1662 2672 1720 2729 Si

135 2765 267 2836 quis
289 2767 392 2822 sub
415 2767 633 2824 nomine
656 2765 857 2822 Christi
885 2782 944 2824 se
960 2765 1172 2836 jactare
1193 2765 1443 2832 voluerit,
1480 2780 1587 2820 non
1613 2773 1723 2818 sta-

139 2857 243 2916 tim
272 2857 693 2916 accommodetis
732 2858 914 2916 ﬁdem.
950 2857 1097 2914 Sicut
1131 2859 1268 2916 enim
1293 2857 1470 2930 fulgor
1505 2857 1632 2912 exiit
1657 2853 1722 2910 ab

138 2945 382 3012 Onente,
409 2957 460 3002 et
483 2957 629 3018 paret
660 2964 821 3019 usque
869 2949 924 3003 in
972 2947 1270 3014 Occidente,
1311 2949 1387 3003 ita
1429 2949 1527 3004 erit
1554 2956 1602 3002 et
1629 2946 1725 3001 ad-

133 3046 319 3096 tentus
341 3036 474 3092 Filii
497 3038 743 3094 hominis.
769 3037 946 3093 Nolite
971 3040 1134 3105 exire,
1156 3038 1314 3094 nolite
1332 3039 1560 3104 credere,
1583 3037 1725 3106 quod

135 3126 312 3184 Filius
335 3128 592 3194 hominis,
621 3128 707 3184 vel
735 3128 788 3182 in
821 3129 1037 3186 deserto
1060 3130 1299 3201 gentium
1327 3129 1419 3194 sit,
1447 3129 1531 3183 vel
1556 3128 1608 3182 in
1631 3141 1723 3198 pe-

1305 3280 1622 3294 ...Μ

1311 3386 1614 3464 LIBER
1665 3383 2218 3464 SECUNDUS.

1811 1950 2158 2022 inﬂammabit
2183 1950 2239 2004 in
2265 1950 2486 2004 circuitu
2511 1950 2750 2004 inimicos
2772 1949 2906 2020 ejus.
2927 1948 3062 2004 Cum
3083 1947 3209 2004 talis
3235 1961 3387 2002 reve-

1813 2043 1984 2098 rentia
2013 2041 2296 2112 praesentis
2319 2040 2424 2096 erit
2463 2039 2660 2106 futura,
2699 2049 2826 2110 puta
2866 2040 3042 2111 qualis
3072 2039 3178 2094 erit
3213 2038 3388 2094 forma

1814 2133 2133 2190 sententias?
2165 2133 2258 2188 lIle
2281 2133 2496 2204 quidem
2521 2133 2829 2189 redditurus
2848 2132 3091 2202 estquod
3115 2131 3384 2201 promisit,

1815 2224 1908 2280 sed
1938 2231 2228 2280 exacturus
2250 2230 2334 2278 est
2355 2223 2499 2293 quod
2526 2223 2771 2278 redemit.

1884 2314 2167 2372 CXXXIV.
2196 2315 2265 2370 Et
2289 2315 2410 2371 ideo
2441 2315 2570 2372 totis
2601 2330 2698 2387 per
2729 2313 3052 2384 adiutorium
3079 2330 3236 2370 suum
3260 2313 3388 2370 viri-

1815 2408 1917 2463 bus
1939 2408 2208 2463 enitamur
2217 2414 2292 2462 ἰιι
2311 2407 2572 2478 quidquid
2593 2406 2822 2463 contulit
2833 2404 3105 2476 judicatus
3125 2406 3390 2478 integrum

1818 2498 1872 2554 in
1901 2497 2058 2554 nobis
2088 2497 2325 2553 inveniat
2360 2496 2719 2567 judicaturus.
2745 2496 2814 2552 Et
2856 2496 2976 2552 ideo
3014 2496 3061 2552 si
3105 2512 3226 2552 cum
3265 2497 3388 2562 ﬁde,

1816 2603 1940 2643 cum
1961 2587 2196 2658 justitia,
2212 2603 2335 2644 cum
2354 2588 2743 2654 misericordia,
2759 2603 2883 2643 cum
2909 2587 3172 2643 charitate
3196 2595 3390 2644 etcum

1821 2677 2068 2732 castitate
2092 2676 2352 2744 viventes,
2391 2677 2446 2732 in
2473 2675 2590 2746 ejus
2619 2677 2813 2732 timore
2856 2678 3233 2742 manserimus,
3279 2693 3392 2732 ma-

1822 2783 1985 2839 gnum
2008 2766 2120 2837 jam
2140 2783 2420 2824 numerum
2449 2783 2670 2824 suorum
2703 2769 2896 2838 pignus
2934 2769 3215 2824 tenemus.
3238 2768 3394 2824 Dabit

1823 2861 2026 2930 absque
2070 2860 2233 2916 dubio
2281 2874 2508 2931 regnum
2544 2873 2720 2914 suum.
2769 2858 2928 2914 Dabit
2981 2873 3102 2928 qua:
3139 2874 3235 2913 sua
3270 2866 3394 2913 sunt

1824 2950 1999 3016 nobis,
2028 2949 2122 3020 qui
2161 2950 2396 3021 seipsum
2438 2949 2688 3020 dignatus
2733 2956 2817 3004 est
2858 2947 3054 3004 oll'erre
3087 2963 3182 3019 pro
3221 2948 3392 3003 nobis.

1827 3041 1997 3096 Amen
2219 3036 2232 3046 ’

2247 3273 3376 3292 WM‘M

565 3536 670 3597 DE
741 3535 1084 3599 CHRISTO
1153 3537 1255 3597 ET
1325 3535 1507 3598 EJUS
1573 3533 1980 3609 CORPORE,
2055 3535 2273 3609 QUOD
2341 3533 2486 3596 EST
2556 3534 2938 3598 ECCLESIA

1738 3677 1818 3720 ΕΤ

721 3781 809 3837 DE
842 3779 1137 3838 DIABOLO
1176 3781 1264 3838 ET
1303 3781 1471 3838 EJUS
1507 3778 1846 3848 CORPOBE,
1887 3781 2075 3851 QUOD
2110 3783 2239 3840 EST
2276 3782 2801 3841 ANTlCHRlSTUS.

1421 3923 1868 3938 _——-——-

207 4007 251 4062 1.
287 4002 614 4074 Scripsimus
639 4014 664 4042 α
696 4001 921 4056 crimina
953 4008 1061 4066 tua,
1095 4001 1294 4072 quibus
1318 4019 1416 4060 nos
1438 4005 1722 4061 h:ereticos
1749 4005 1796 4070 C
1825 4013 2046 4072 ctorem,
2072 4002 2340 4060 novellum
2362 4003 2845 4075 archiepiscopum,
2874 4012 2928 4060 et
2951 4021 3050 4061 nos
3069 4005 3402 4065 Libanenses

140 4108 198 4152 ct
228 4098 454 4166 ignaros
473 4091 594 4148 tidei
620 4100 781 4162 atque
816 4091 1137 4148 Antichristi
1178 4092 1470 4164 discipulos
1496 4110 1732 4165 pronun-

145 4190 299 4243 tiare
319 4197 424 4238 non
451 4197 644 4244 cessas,
675 4184 819 4238 hunc
839 4183 1259 4254 apologeticum;
1283 4201 1390 4240 non
1411 4187 1734 4258 panegyrico

141 4289 309 4332 more
347 4272 684 4328 allocutionis
727 4273 1016 4338 mendacii,
1055 4288 1158 4330 nec
1201 4275 1621 4332 obscuritatibus
1653 4276 1735 4332 fu-

145 4384 435 4427 mosorum
468 4366 788 4435 eloquentia:
815 4380 1145 4434 sermonum,
1178 4367 1276 4446 sed
1294 4368 1444 4436 puris
1465 4369 1731 4435 sensibus,

148 4471 209 4515 ut
227 4474 427 4516 omnes
449 4460 540 4530 qui
567 4459 839 4514 audierint
875 4458 1173 4528 intelligere
1199 4459 1428 4530 possint.
1477 4458 1736 4531 Apologc-

146 4553 322 4606 ticum
350 4558 435 4604 est
462 4549 736 4604 excusatio
760 4549 812 4603 in
839 4565 946 4618 quo
974 4550 1354 4604 accusantibus
1381 4549 1737 4620 respondetur

145 4643 200 4696 in
229 4639 606 4695 defensionem
631 4639 733 4694 sui.
763 4638 830 4693 Et
858 4639 979 4695 ideo
1014 4639 1430 4695 criminantibus
1457 4641 1738 4710 respondi-

145 4748 295 4796 mus,
327 4738 384 4786 et
423 4743 524 4786 nos
551 4726 622 4786 ab'
665 4731 858 4786 hmresi
903 4737 1178 4801 purgatos,
1219 4731 1331 4786 Deo
1378 4730 1732 4796 illuminante,

145 4822 481 4880 invenimus.
508 4821 920 4892 Panegyricum,
947 4828 1001 4876 et
1025 4821 1363 4877 licentiosum
1403 4830 1458 4878 et
1491 4821 1738 4878 lascivio-

143 4927 276 4969 sum
299 4925 472 4980 genus
490 4909 724 4974 dicendi,
750 4910 804 4967 in
830 4909 1076 4966 laudibus
1103 4926 1311 4982 regum,
1339 4911 1390 4966 in
1417 4910 1570 4981 cujus
1591 4927 1740 4970 com-

144 5002 426 5074 positione
459 5001 644 5056 multis
673 5001 967 5057 mendaciis
1001 5001 1304 5058 adulantur.
1329 5001 1445 5058 Non
1475 5003 1621 5060 enim
1641 5019 1739 5060 nos

145 5091 500 5148 mendacium
537 5090 589 5145 in
630 5090 980 5162 apologeticis
1019 5091 1220 5150 nostris
1246 5091 1299 5147 in
1326 5091 1539 5148 laudem
1563 5091 1739 5160 cujus-

143 5184 291 5239 libet
328 5182 474 5252 regis
514 5182 713 5237 terreni
742 5181 1160 5255 composuimus,
1201 5183 1296 5239 sed
1333 5183 1495 5239 Iidem
1532 5198 1736 5247 veram,

143 5287 320 5343 quam
351 5271 422 5326 ab
452 5271 585 5341 ipsis
611 5272 887 5343 discipulis
909 5272 1165 5328 Veritatis
1199 5273 1497 5328 hausimus.

1833 4095 2076 4151 indoctos
2120 4103 2176 4150 et
2217 4096 2498 4151 haereticos
2547 4104 2709 4166 atque
2750 4096 3066 4153 Antichristi
3117 4097 3406 4168 discipulos

1831 4183 2108 4240 lleterium
2135 4192 2186 4239 et
2225 4184 2444 4239 Beatum
2472 4185 2802 4254 przedicent;
2839 4195 2896 4242 et
2933 4186 3060 4256 quia
3085 4201 3152 4243 ex
3179 4195 3407 4257 utraque

1832 4287 1986 4350 parte
2012 4280 2285 4334 contentio
2305 4288 2493 4336 exorta
2521 4289 2604 4336 est
2629 4289 2685 4337 et
2711 4280 2846 4337 ﬁdes
2874 4282 3085 4339 diversa
3107 4283 3404 4353 profertur,

1834 4384 1938 4424 non
1965 4367 2138 4424 solum
2163 4367 2327 4435 fama,
2369 4370 2463 4426 sed
2493 4370 2658 4426 etiam
2693 4371 2988 4442 ignominia
3024 4371 3228 4428 nobisa
3252 4379 3307 4427 te
3333 4372 3408 4427 ir-

1835 4467 2072 4530 rogatur.
2099 4458 2265 4514 Fama
2290 4459 2434 4516 enim
2456 4468 2566 4515 tam
2595 4461 2652 4516 in
2687 4462 2887 4518 bonam
2924 4477 3089 4533 quam
3123 4460 3184 4517 in
3211 4461 3408 4516 malam

1833 4559 2044 4620 partem
2088 4549 2424 4622 intelligitur.
2472 4551 2768 4623 Ignominia
2812 4568 2944 4609 vero
2988 4568 3260 4624 nunquam
3304 4554 3410 4611 nisi

1835 4654 2048 4710 semper
2074 4640 2129 4695 in
2158 4641 2356 4696 malam
2391 4651 2601 4712 partem
2641 4644 2886 4700 vertitur.
2936 4643 3288 4714 Ignominiam
3329 4644 3411 4701 di-

1835 4737 1998 4796 ctam,
2020 4744 2088 4786 co
2115 4731 2258 4801 quod
2295 4732 2506 4788 desinat
2542 4733 2741 4790 habere
2783 4735 3084 4791 honestatis
3124 4749 3319 4792 nomen
3364 4737 3410 4792 is

1836 4821 1929 4892 qui
1954 4821 2008 4878 in
2037 4822 2217 4894 aliquo
2244 4823 2470 4881 crimine
2489 4825 2924 4896 deprehenditur.
2950 4828 3103 4886 Dicta
3130 4837 3214 4885 est
3231 4837 3409 4885 autem

1837 4915 2128 4986 ignominia
2151 4917 2303 4988 quasi
2319 4917 2436 4972 sine
2458 4918 2691 4984 nomine,
2710 4919 2848 4975 sicut
2863 4920 3085 4992 ignarus
3103 4921 3222 4977 sine
3241 4921 3410 4978 scien-

1838 5003 1932 5070 tia,
1967 5005 2108 5062 sicut
2133 5005 2387 5077 ignobilis
2408 5007 2526 5061 sine
2550 5007 2846 5065 nobilitate.
2877 5009 2990 5066 lloc
3032 5024 3246 5080 quoque
3273 5009 3412 5066 infa-

1837 5096 1946 5150 mia
1985 5095 2212 5163 dicitnr,
2255 5097 2408 5166 quasi
2433 5097 2552 5153 sine
2577 5098 2718 5154 bona
2744 5097 2906 5153 fama.
2942 5099 3010 5154 Et
3037 5099 3158 5156 ideo
3184 5101 3411 5172 ignomi-

1839 5186 1984 5242 niam
2023 5187 2177 5243 nobis
2205 5204 2328 5245 cum
2350 5189 2490 5244 mala
2515 5187 2658 5246 fama
2684 5191 2967 5261 praedicas,
3004 5201 3064 5247 ut
3105 5192 3222 5248 sine
3260 5192 3414 5248 αισθ-

1840 5279 2013 5334 rentia
2057 5279 2204 5336 solus
2245 5289 2300 5335 tu
2332 5281 2567 5338 videaris
2609 5281 2665 5337 in
2695 5283 2934 5340 Ecclesia
2983 5284 3182 5340 habere
3213 5286 3412 5341 bonam

219 5362 290 5418 1-1.
311 5360 421 5417 Sed
449 5362 574 5432 quia
598 5363 763 5420 libelli
785 5365 882 5430 tui,
903 5365 956 5419 in
973 5365 1168 5434 quibus
1187 5379 1286 5420 nos
1308 5365 1590 5420 btereticos
1619 5377 1738 5420 esse
1766 5356 1816 5417 υ
1841 5373 2060 5428 famam.
2085 5372 2244 5429 cene
2274 5383 2363 5429 tua
2375 5374 2489 5444 jam
2521 5383 2578 5430 et
2598 5384 2782 5433 nostra
2811 5375 2934 5432 talis
2957 5385 3042 5433 est
3063 5377 3202 5433 bona
3230 5376 3407 5440 fama;

143 5455 371 5520 fateris,
393 5453 507 5524 jam
533 5470 631 5525 per
663 5455 935 5526 publicum
977 5457 1030 5511 in
1074 5454 1304 5512 diversis
1327 5463 1595 5510 terrarum
1625 5455 1741 5510 vul-

142 5547 266 5611 gati
296 5553 429 5601 sunt
454 5547 717 5616 partibus,
751 5555 811 5601 ut
847 5561 1033 5602 omnes
1057 5547 1149 5617 qui
1178 5561 1272 5602 eos
1300 5546 1525 5618 legerint
1547 5561 1740 5604 secun-

143 5639 286 5691 dum
328 5635 490 5691 fidem
520 5645 686 5703 tuam,
719 5645 769 5691 te
805 5637 1127 5693 catholicum
1173 5637 1443 5694 Toletante
1476 5637 1619 5694 sedis
1647 5633 1739 5695 dol

225 5766 248 5787 ει
285 5749 454 5805 Forte
484 5751 630 5805 deest
660 5751 721 5804 ob
751 5749 829 5805 vel
856 5759 1081 5822 propter.

1839 5471 1895 5518 et
1926 5477 2032 5518 non
2072 5462 2141 5518 ab
2170 5461 2295 5529 alio,
2327 5463 2422 5520 sed
2454 5478 2484 5518 a
2515 5471 2566 5520 te
2607 5464 2722 5522 solo
2763 5463 3002 5520 additum
3030 5474 3146 5531 est,
3182 5473 3239 5522 et
3280 5463 3415 5520 infa-

1843 5555 2024 5622 miam,
2053 5555 2104 5610 id
2129 5563 2230 5619 est,
2259 5553 2628 5625 ignominiam,
2657 5565 2716 5611 ut
2739 5556 2831 5626 qni
2853 5571 3045 5612 nomen
3073 5571 3180 5611 non
3209 5556 3411 5610 habue-

1843 5655 1984 5708 runt,
2017 5645 2082 5699 ad
2129 5661 2302 5700 meam
2327 5647 2797 5716 comparationem,
2846 5661 3038 5705 nomen
3068 5647 3266 5703 habere
3306 5659 3420 5704 non
