3952 6318
623 443 726 500 9ἷ9
1435 433 1842 495 ELIPANDUS,
1883 427 2113 492 FELIX,
2177 424 2520 481 HETERIUS
2556 423 2646 479 ET
2681 420 2736 476 S.
2770 421 3061 480 BEATUS.
3648 430 3710 488 σεο

623 569 867 633 possunt.
892 559 1020 616 Haec
1046 557 1190 613 fama
1217 565 1300 612 est
1329 570 1426 626 per
1448 553 1718 624 publicum
1735 591 1757 617 ,.
1794 557 1849 604 et
1895 555 2040 603 certe
2083 543 2200 599 sine
2230 544 2268 596 Α
2301 539 2435 594 riam
2461 540 2726 610 quaesivit,
2757 539 2884 608 quia
2908 553 2941 593 a
2968 537 3240 608 semetipso
3259 535 3442 594 locutus
3459 548 3544 595 est.
3561 539 3712 598 Proinde

626 629 791 711 causa
817 652 962 708 nulla
989 651 1134 712 fama
1162 649 1338 721 potuit
1373 661 1510 702 esse.
1553 644 1719 700 Fama
1760 650 1939 697 autem
1979 639 2120 694 dicta
2168 653 2200 692 a
2303 631 2558 685 Dominus
2579 631 2634 685 in
2666 630 2953 699 Evangelio
2973 631 3086 684 ait:
3123 629 3218 696 Qui
3260 629 3459 702 loquitur
3485 633 3710 689 mordacium

629 743 812 810 fando,
851 743 905 799 id
931 754 1014 799 est
1041 757 1074 796 a
1112 739 1394 810 loquendo,
1423 737 1549 808 quia
1574 736 1841 806 loquendo
1879 741 2204 804 pervagatur

631 851 726 906 per
753 833 1002 890 traduces
1039 832 1342 901 linguarum
1380 838 1728 899 perstrepens
1749 827 1971 882 auribus
1989 825 2208 880 audien-

633 927 786 982 tium.
815 925 911 980 Est
932 930 1112 978 autem
1140 936 1337 978 nomen
1365 927 1420 976 et
1443 921 1705 976 bonarum
1732 933 1911 974 rerum
1933 958 1948 982 ,
1975 926 2037 972 ut
2070 917 2206 973 dixi-

635 1033 772 1081 mus,
803 1023 858 1072 et
891 1014 1174 1070 malarum.
1199 1012 1333 1068 Cum
1358 1019 1414 1066 et
1433 1012 1535 1066 ista
1557 1011 1629 1066 sit
1655 1019 1884 1080 utraque
1909 1009 2067 1072 fama,
2093 1009 2206 1065 sive

633 1117 746 1171 tua,
777 1107 890 1162 sive
929 1112 1136 1168 nostra,
1181 1103 1386 1158 incerta
1415 1109 1516 1157 est.
1544 1102 1612 1156 Et
1651 1101 1771 1158 ideo
1814 1101 1970 1156 famae
2011 1114 2208 1156 nomen

637 1199 810 1252 locum
855 1211 960 1250 non
999 1195 1184 1259 habet,
1213 1195 1338 1263 quia
1383 1193 1612 1249 fortasse
1643 1193 1873 1248 mendax
1915 1191 2061 1248 fama
2101 1201 2208 1258 est,

636 1287 893 1357 adjiciens
933 1287 1134 1351 multa,
1183 1286 1266 1341 vel
1308 1287 1556 1340 minuens
1599 1285 1666 1341 de
1710 1285 1954 1341 veritate.
1999 1285 2212 1340 Veritas

636 1379 782 1435 enim
813 1379 953 1434 inter
981 1387 1209 1448 utraque
1235 1377 1336 1432 sibi
1364 1376 1476 1432 sola
1512 1375 1734 1442 suﬁicit,
1772 1375 1899 1446 quia
1924 1390 2026 1432 nec
2052 1377 2176 1432 addi
2193 1415 2210 1442 ,

639 1485 740 1526 nee
775 1471 946 1526 minui
970 1478 1168 1540 potest.
1209 1469 1340 1536 Quae
1386 1468 1571 1524 tandiu
1613 1467 1884 1538 fatigatur,
1935 1482 2214 1537 quousque

639 1561 1040 1631 comprobatur.
1076 1559 1144 1614 Et
1185 1574 1310 1614 cum
1356 1560 1582 1629 probata
1630 1556 1810 1622 fuerit,
1857 1567 2036 1614 cessat
2073 1572 2215 1622 esse,

643 1660 702 1706 ut
721 1651 916 1707 exinde
949 1665 1038 1705 res
1058 1650 1382 1714 nominetur,
1411 1665 1518 1704 non
1543 1648 1702 1704 fama.
1733 1647 1958 1720 Semper
1988 1648 2218 1705 mendax

643 1759 766 1798 cum
801 1742 1080 1798 mendacio
1102 1741 1305 1797 deﬁcit.
1330 1739 1447 1796 Non
1469 1741 1666 1810 poterit
1692 1741 1921 1796 mendax
1948 1756 2069 1797 esse
2097 1742 2221 1796 abs«

2300 721 2366 774 de
2389 739 2505 776 suo.
2527 721 2597 776 Et
2621 723 2765 792 quia
2793 723 3060 791 semetipso
3086 721 3312 792 loquitur,
3337 725 3558 793 propriam
3571 723 3710 794 gloria

2300 815 2510 884 quarrit.
2537 813 2650 884 Ego
2680 831 2784 869 non
2818 829 2996 885 quem
3036 811 3247 885 gloriam
3283 829 3448 878 meum,
3475 815 3548 870 ml
3565 816 3712 888 eiurari

2303 920 2384 958 me
2401 904 2565 958 misit.
2590 903 2710 960 Iam
2735 903 2998 970 diabolus,
3023 903 3114 974 qui
3135 912 3279 974 pater
3296 903 3519 960 mendacii
3539 908 3711 975 apparuit

2303 1009 2372 1049 ex
2406 993 2522 1064 ipso
2546 994 2830 1050 mendacio
2847 993 3077 1063 primum
3115 993 3168 1048 in
3201 993 3424 1062 paradiso
3444 993 3646 1048 hominem
3659 995 3713 1048 de-

2305 1085 2464 1154 cepit,
2499 1084 2725 1142 dicendo
2749 1093 2938 1140 contra
2957 1090 3268 1154 praeceptum
3296 1082 3715 1138 Domini:

2307 1185 2364 1230 ut
2397 1175 2505 1240 dii,
2537 1175 2584 1230 si
2623 1175 2966 1231 comederitis
3007 1175 3072 1230 de
3100 1173 3237 1244 ligio
3265 1173 3448 1230 illicito.
3480 1172 3714 1228 lloctnenda-

2308 1266 2453 1322 cium
2483 1282 2592 1322 non
2615 1267 2684 1323 ab
2719 1267 2938 1322 homine
2975 1266 3240 1322 inventum
3279 1272 3382 1330 est,
3415 1264 3494 1320 sed
3515 1279 3539 1318 a
3571 1263 3714 1319 diabolo

2309 1355 2427 1412 iam
2455 1357 2618 1416 homo
2642 1357 2787 1427 quod
2814 1356 2945 1413 fecit
2978 1373 3084 1412 non
3110 1372 3142 1411 a
3163 1372 3220 1412 se
3245 1357 3426 1422 didicit,
3463 1359 3572 1411 seda
3589 1355 3716 1410 diabolo
3816 1363 3817 1392 ι

2312 1447 2598 1518 iustigatus
2633 1449 2862 1518 accepit.
2902 1447 3022 1503 Iam
3049 1449 3189 1504 ﬁlius
3219 1447 3400 1503 diaboli
3431 1447 3565 1502 factus
3583 1454 3639 1501 est
3664 1460 3718 1515 per

2314 1537 2682 1603 mendacium,
2729 1539 2858 1608 quia
2895 1539 3072 1608 ipsum
3109 1538 3418 1594 mendacium
3450 1545 3603 1608 patrem
3624 1536 3718 1590 habet

2315 1627 2608 1691 diabolum.
2641 1628 2719 1684 Ex
2747 1629 2849 1686 hoc
2887 1631 3220 1686 mendacium
3254 1630 3524 1700 propinatus
3543 1635 3602 1684 est
3621 1639 3718 1696 genus

2318 1722 2633 1778 humanum.
2661 1722 2730 1778 Et
2753 1740 2899 1782 nunc
2920 1725 2976 1780 in
3001 1725 3234 1781 Ecclesia
3251 1740 3420 1780 omnes
3437 1724 3512 1793 qui
3533 1729 3618 1778 sunt
3634 1735 3720 1773 mea

644 1849 748 1903 que
777 1833 1078 1898 mendacio,
1119 1847 1400 1903 quousque
1433 1832 1650 1887 ﬁnxerit
1688 1831 2046 1888 mendacium.
2084 1832 2218 1888 Nam

2320 1813 2499 1880 daces,
2513 1829 2589 1870 ex
2615 1814 2732 1885 ipso
2755 1815 2951 1884 spiritu
2985 1817 3184 1872 erroris
3209 1815 3462 1885 accipiunt,
3481 1821 3528 1868 ut
3547 1813 3618 1866 sint
3633 1823 3720 1864 men-

648 1881 747 1903 .,_-
779 1881 1078 1898 ---πη-νη,
1163 1881 1398 1902 --η-ιη
1433 1881 1648 1887 _--__---
1688 1881 2045 1888 --ηπ----π
2084 1881 2218 1888 _._-_
2636 1881 2652 1885 -
2788 1881 2800 1884 -
3317 1881 3333 1885 _

645 1942 767 1981 cum
787 1926 1051 1982 dimiserit
1071 1881 1430 1989 mendacium,
1453 1925 1788 1980 desinitesse
1803 1925 2050 1978 mendax.
2075 1923 2222 1980 Men-
2252 1881 2296 1942 Β
2323 1903 2501 1968 da“???-
2529 1903 2598 1959 Εἴ
2627 1905 2720 1976 qui
2745 1907 3028 1962 νενίῑῧίθω
3055 1905 3326 1977 proferunt
3357 1905 3404 1960 ίη
3425 1903 3607 1996 ,Ἐπιθείξ
3621 1913 3720 1996 ¹¹⁰⁰ξ

647 2014 861 2070 dacium
884 2015 1019 2070 nihil
1043 2015 1185 2070 aliud
1207 2023 1288 2069 est
1313 2014 1417 2070 nisi
1439 2015 1680 2070 absentia
1707 2015 1968 2070 veritatis.
1996 2014 2220 2072 Mendax

2325 2009 2382 2050 se
2405 2004 2532 2052 sunt
2553 1997 2796 2063 veridici,
2823 1998 2918 2052 sed
2943 2013 2990 2069 .a
3031 1998 3263 2055 Veritate
3287 1995 3514 2066 accipiunt
3530 1991 3626 2046 unde
3643 1991 3721 2040 rei

647 2119 774 2160 vero
805 2105 1107 2161 substantia
1136 2111 1240 2170 est,
1268 2104 1607 2160 mendacium
1646 2117 1827 2162 autem
1852 2121 1958 2162 non
1993 2115 2076 2162 est
2099 2109 2226 2162 sub-

650 2195 869 2260 stantia,
900 2196 994 2251 sed
1021 2195 1256 2265 qualitas
1285 2194 1340 2250 in
1371 2195 1692 2251 substantia.
1723 2195 1910 2253 Omnis
1933 2211 2066 2267 ergo
2095 2197 2224 2252 sub-

652 2287 850 2343 stantia
877 2301 995 2357 quae
1021 2302 1053 2340 a
1077 2286 1187 2341 Deo
1211 2287 1353 2342 bono
1381 2294 1564 2342 creata
1592 2295 1694 2352 est,
1727 2287 1868 2342 bona
1893 2295 1996 2342 est.
2027 2287 2227 2342 Vitium

652 2394 782 2434 vero
807 2393 916 2433 non
935 2385 1020 2434 est
1037 2393 1069 2432 a
1094 2378 1204 2434 Deo
1225 2385 1489 2448 creatum,
1513 2379 1606 2434 sed
1634 2395 1666 2434 a
1691 2379 1906 2434 diabolo
1927 2379 2227 2435 inventum.

652 2470 790 2526 Nam
819 2471 961 2526 Deus
985 2469 1148 2526 Pater
1173 2471 1356 2540 genuit
1395 2472 1677 2526 veritatem
1713 2471 1908 2526 Filium
1933 2490 1947 2526 :
1989 2481 2044 2528 et
2073 2481 2233 2528 natus

652 2570 738 2617 est
756 2562 969 2616 Veritas
993 2561 1058 2616 de
1085 2561 1342 2628 Veritate,
1366 2561 1420 2616 id
1445 2569 1547 2627 est,
1572 2563 1874 2618 substantia
1895 2563 1962 2618 de
1985 2563 2236 2618 substan-

656 2652 752 2706 tia.
783 2651 850 2705 Et
876 2651 1034 2706 ambo
1060 2651 1220 2706 simul
1253 2666 1359 2706 una
1391 2652 1713 2718 substantia,
1733 2653 1873 2707 sicut
1889 2652 2049 2707 ambo
2075 2652 2236 2708 simul

658 2758 766 2799 una
799 2745 1018 2800 veritas.
1047 2743 1302 2799 Diabolus
1328 2757 1456 2799 vero
1477 2745 1778 2800 substantia
1806 2754 1890 2800 est
1918 2745 2058 2800 bona
2087 2759 2236 2800 crea-

662 2841 715 2887 ta
735 2873 750 2897 ,
787 2833 914 2902 quia
951 2833 1126 2887 omnia
1162 2849 1279 2903 qua:
1304 2832 1424 2902 fecit
1454 2833 1594 2888 Deus
1621 2833 1757 2889 bona
1785 2843 1904 2888 sunt
1933 2833 2102 2888 ualde.
2135 2833 2240 2889 Ar-

658 2927 825 3001 bitrio
856 2941 954 2982 suo
988 2924 1162 2981 factus
1207 2933 1290 2980 est
1321 2925 1598 2990 diabolus,
1627 2942 1736 2982 non
1776 2926 1870 2982 Dei
1909 2927 2236 2983 conditione.

659 3019 780 3089 Ipse
805 3026 890 3073 est
932 3024 1122 3072 auctor
1163 3016 1451 3084 mendacii,
1495 3017 1622 3089 quia
1669 3019 1852 3090 genuit
1879 3017 2250 3074 mendacium.

662 3109 732 3164 Et
755 3109 879 3178 quia
909 3107 1248 3164 mendacium
1288 3107 1490 3178 genuit,
1530 3117 1684 3178 pater
1707 3108 1969 3164 mendacii
1995 3115 2098 3163 est.
2124 3107 2242 3164 Non

663 3201 828 3266 enim,
861 3210 917 3256 ut
959 3217 1118 3272 supra
1148 3200 1402 3266 diximus,
1441 3201 1777 3256 mendacium
1809 3201 2106 3256 substantia
2136 3207 2238 3266 est,

665 3293 761 3348 sed
789 3300 995 3347 tantum
1035 3290 1285 3360 qualitas.
1325 3288 1484 3345 Solus
1509 3297 1689 3344 tamen
1727 3289 1976 3345 diabolus
2000 3289 2244 3345 substan-

666 3385 741 3440 tia
769 3391 873 3448 est,
902 3383 1024 3454 quia
1053 3390 1209 3454 pater
1235 3382 1511 3452 qualitatis
1531 3389 1632 3449 est,
1664 3397 1772 3437 non
1801 3379 2136 3437 substantiae.

736 3480 823 3536 Ill.
853 3479 921 3534 Et
943 3478 1071 3548 quid
1101 3484 1184 3533 est
1205 3475 1464 3546 qualitas?
1482 3473 1619 3542 Quia
1649 3474 1778 3530 facit.
1811 3485 2246 3544 unumquemque

667 3572 842 3644 qualis
865 3572 956 3628 sit.
981 3570 1192 3624 Etenim
1217 3569 1272 3624 in
1292 3567 1606 3638 corporibus
1624 3567 1856 3637 qualitas
1881 3574 1934 3622 et
1951 3565 2244 3636 quantitas.

669 3663 912 3731 Qualitas
939 3670 1023 3717 est
1048 3661 1312 3730 corporis,
1339 3675 1458 3730 quae
1499 3657 1629 3714 facit
1655 3674 1779 3714 eum
1819 3659 2000 3714 album
2037 3663 2129 3712 aut
2162 3655 2248 3710 ni-

671 3771 847 3827 grum.
881 3755 1167 3822 Quantitas
1215 3769 1358 3818 vero,
1398 3753 1616 3824 longum
1643 3761 1737 3807 aut
1764 3753 2004 3808 brevem.
2047 3750 2127 3805 Ac
2152 3761 2252 3818 per

673 3848 777 3902 hoc
801 3845 853 3900 in
879 3845 1196 3913 corporibus
1241 3851 1325 3898 est
1356 3843 1604 3912 qualitas,
1645 3857 1765 3910 quae
1795 3841 2031 3896 refertur
2063 3839 2130 3893 ad
2155 3851 2248 3892 co-

675 3937 872 3999 lorem;
901 3934 1192 4002 quantitas,
1216 3933 1284 3987 ad
1309 3945 1636 3986 mensuram.
1658 3929 1718 3984 In
1739 3928 2104 3998 spiritualibus
2123 3941 2250 3982 vero

675 4025 838 4081 rebus
862 4024 1092 4094 qualitas
1120 4031 1203 4078 est
1225 4023 1343 4078 sine
1367 4022 1686 4091 quantitate,
1725 4029 1784 4074 ut
1824 4035 1944 4074 cum
1982 4019 2209 4074 dicimus
2235 4035 2250 4070 :

677 4112 898 4182 angelus
923 4119 1024 4168 est.
1052 4111 1119 4167 Et
1139 4111 1263 4183 quia
1291 4109 1601 4180 angelorum
1622 4109 1887 4163 bonorum
1915 4115 1970 4162 et
1991 4107 2254 4161 malorum

679 4203 982 4259 substantia
1023 4211 1127 4267 est,
1172 4199 1530 4257 discernimus
1575 4213 1697 4254 eum
1729 4197 1785 4252 in
1811 4197 2090 4267 qualitate,
2133 4211 2257 4251 cum

680 4295 930 4360 dicimus,
959 4292 1204 4364 angelum
1233 4293 1452 4354 bonum,
1484 4299 1539 4346 et
1567 4290 1813 4360 angelum
1839 4288 2060 4344 nmium.
2087 4287 2260 4356 Ange-

682 4386 766 4440 lus
789 4385 962 4440 bonus
995 4397 1101 4438 non
1136 4397 1164 4436 a
1197 4396 1254 4436 se
1283 4389 1366 4436 est
1390 4381 1562 4436 bonus
1599 4380 1739 4435 sicut
1773 4379 1933 4444 Deus,
1963 4379 2055 4434 sed
2082 4377 2261 4432 adhae-

685 4479 850 4534 rendo
873 4478 1016 4533 bono
1041 4477 1150 4530 Deo
1173 4473 1235 4529 ﬁt
1266 4475 1457 4529 bonus.
1485 4473 1720 4540 Angelus
1747 4483 1927 4527 autem
1961 4471 2132 4527 malus
2152 4487 2260 4526 non

2326 2097 2490 2144 tatem
2511 2087 2814 2165 proferant.

2395 2181 2486 2238 IV.
2526 2181 2644 2237 Jam
2686 2197 2849 2252 supra
2883 2183 3122 2238 diximus
3148 2183 3268 2252 quia
3294 2179 3467 2236 veritas
3486 2169 3721 2242 Patetgenﬂil

2328 2272 2524 2328 Filium
2557 2275 2863 2340 veritatem,
2893 2282 2948 2330 et
2973 2274 3078 2329 hoc
3100 2275 3240 2344 quod
3271 2279 3349 2329 est
3380 2268 3606 2326 substantia
3634 2263 3721 2318 Patet

2330 2365 2518 2435 genuit
2584 2365 2899 2421 substantia:
2946 2379 3062 2421 sum
3107 2365 3296 2419 Filium
3361 2375 3446 2432 per
3480 2371 3594 2428 quem
3622 2351 3722 2408 omnia

2331 2458 2588 2513 condidit.
2617 2459 2684 2512 Et
2711 2457 2833 2514 ideo
2874 2473 2986 2514 non
3020 2466 3106 2513 est
3133 2473 3165 2512 a
3193 2454 3452 2524 semetipso
3489 2447 3608 2504 Filius
3632 2445 3721 2501 Deus,

2334 2549 2474 2604 sicut
2505 2549 2668 2604 Pater
2706 2564 2738 2604 a
2778 2549 3074 2618 semetipso
3099 2555 3184 2604 est
3207 2547 3338 2602 Deus
3359 2563 3371 2597 :
3393 2543 3471 2598 sed
3493 2533 3724 2604 boequodesl

2337 2642 2406 2697 ab
2445 2643 2569 2706 alio,
2605 2642 2657 2697 id
2681 2649 2768 2696 est
2791 2657 2821 2696 a
2845 2641 3026 2707 Patre,
3057 2657 3166 2697 non
3189 2655 3220 2694 a
3239 2654 3294 2695 se
3319 2643 3410 2693 est.
3441 2630 3623 2690 Diabolus
3641 2636 3726 2683 vero,

2335 2745 2459 2786 cum
2490 2746 2522 2785 a
2549 2731 2658 2786 Deo
2683 2731 2825 2786 bono
2851 2731 3030 2786 bonus
3055 2738 3200 2787 esset
3233 2727 3408 2790 factus,
3439 2720 3584 2809 genuit
3597 2711 3726 2809 memb-

2337 2822 2500 2888 cium,
2549 2835 2658 2876 non
2701 2831 2910 2876 natura:
2945 2836 3060 2876 suae
3083 2820 3248 2876 ﬁlium
3272 2816 3400 2888 quod
3420 2818 3512 2868 erat
3530 2808 3727 2864 substantia.

2338 2913 2433 2967 sed
2465 2911 2780 2982 qualitatem
2823 2912 2879 2966 in
2927 2911 3248 2974 substantia,
3294 2915 3350 2962 ut
3375 2906 3472 2975 ipsa
3494 2897 3730 2982 qualitaston

2339 2976 2512 3070 possit
2536 3001 2662 3056 alibi
2694 3000 2900 3065 accedi,
2945 3000 3056 3055 nisi
3081 3001 3138 3054 in
3175 2994 3464 3056 substantia,
3489 2983 3584 3058 quod
3601 2986 3654 3034 est

2343 3063 2490 3147 num.
2541 3089 2621 3148 Ac
2663 3106 2764 3161 per
2805 3063 2928 3155 hoc,
2973 3091 3178 3147 bonum
3220 3093 3385 3159 potest
3417 3095 3505 3138 esse
3525 3075 3600 3129 sine
3626 3063 3732 3123 malo,

2345 3183 2544 3238 malum
2577 3183 2695 3238 sine
2727 3185 2871 3238 bono
2896 3197 3018 3237 esse
3041 3198 3150 3238 non
3179 3187 3364 3250 potest.
3394 3173 3494 3245 quia
3509 3164 3734 3255 ““n‘lmfa:

2343 3273 2454 3328 lum
2495 3272 2793 3328 substantia
2824 3280 2925 3336 est,
2954 3271 3062 3327 nisi
3097 3246 3297 3326 tantum
3324 3263 3515 3338 privatio
3531 3252 3630 3312 boui.
3646 3246 3734 3342 Sicut

2345 3365 2580 3420 tenebrae
2616 3363 2761 3418 nulla
2799 3363 3101 3418 substantia
3144 3369 3245 3426 εει,
3287 3359 3374 3414 sed
3408 3360 3565 3409 tanaim
3593 3341 3735 3396 absenll’

2345 3455 2498 3510 lucis.
2545 3453 2698 3508 Sicut
2722 3466 2868 3506 mors
2895 3451 3038 3506 nulla
3075 3448 3362 3506 substantia
3401 3452 3484 3503 est,
3521 3435 3588 3491 sel
3615 3434 3738 3510 tantuli}

2347 3544 2590 3600 absentia
2625 3543 2768 3602 vitm.
2799 3541 2950 3597 Sicut
2980 3541 3157 3596 fames
3190 3539 3327 3595 nulla
3350 3526 3587 3591 substantia
3605 3505 3736 3610 eststd

2350 3645 2557 3691 tantum
2579 3634 2822 3691 absentia
2847 3634 2975 3689 cibi.
3015 3633 3173 3689 Sicut
3212 3631 3410 3687 nuditas
3431 3621 3544 3678 nulla
3563 3611 3736 3700 subslallil3
3816 3631 3817 3686 ξ

2349 3735 2450 3792 εει,
2497 3728 2592 3782 sed
2635 3733 2843 3780 tantum
2892 3725 3140 3781 absentia
3183 3715 3476 3778 vestimenti.
3513 3709 3579 3763 Sic
3596 3693 3737 3792 super?a

2349 3780 2494 3872 nulla
2537 3817 2834 3872 substantia
2879 3822 2981 3879 est,
3029 3815 3129 3870 sed
3149 3811 3378 3869 absentia
3425 3791 3668 3882 humilitatis-
3689 3780 3740 3882 ξπ

2353 3907 2622 3964 discordia
2647 3907 2791 3962 nulla
2819 3907 3255 3970 substantia-est,
3287 3901 3374 3957 sed
3397 3888 3588 3952 absentia
3609 3879 3740 3966 charill‘

2354 4000 2443 4054 tis.
2493 3998 2584 4054 Sic
2627 3997 2904 4053 iracundia
2935 3997 3086 4051 nulla
3111 3969 3395 4052 substantia
3421 3969 3740 4057 musellam?“

2354 4090 2642 4160 patientiae.
2695 4087 2787 4144 Sic
2827 4103 3038 4158 quoque
3069 4084 3394 4144 mendacium
3429 4073 3546 4130 nulla
3570 4058 3742 4120 subsiluit:
3816 4083 3817 4160 ᾗ

2357 4187 2460 4244 εει,
2483 4179 2576 4234 sed
2607 4179 2846 4234 absentia
2875 4178 3138 4234 veritatis.

2431 4272 2496 4327 γ.
2536 4271 2682 4326 Dicis
2707 4279 2854 4326 certe
2884 4270 3026 4340 quod
3051 4285 3154 4342 ego
3191 4281 3304 4324 sum
3325 4260 3516 4356 spitiulf

2360 4363 2582 4419 erroris.
2627 4362 2761 4418 Cum
2791 4335 3303 4430 li:ec_dicis,vpalule
3339 4335 3720 4430 daturinltlliii

2364 4461 2417 4508 te
2443 4467 2692 4510 veracem
2719 4467 2840 4507 esse
2864 4451 3158 4521 proﬁteris,
3187 4463 3304 4504 cum
3331 4457 3392 4498 ne
3414 4431 3649 4521 mendacem

685 4512 850 4534 ισιιυυ
874 4512 1015 4533 ww
1041 4512 1150 4530 νυν
1176 4512 1235 4529 ι..
1267 4512 1457 4529 um"...
1485 4512 1564 4528 η..
1605 4512 1720 4527 tu...
1747 4512 1927 4527 ..μη
1961 4512 2132 4527 nu...”
2154 4512 2260 4526 ..νη
2864 4512 2881 4521 -
3144 4512 3150 4515 .
3533 4520 3578 4538 μ

684 4587 713 4624 a
742 4571 886 4626 bono
911 4568 1042 4632 Deo,
1066 4567 1160 4622 sed
1188 4580 1222 4620 a
1243 4579 1300 4620 se
1327 4572 1409 4619 est
1433 4512 1625 4618 malui.
1657 4562 1808 4630 Quod
1835 4563 2132 4618 substantia
2154 4569 2258 4627 est,
2295 4573 2342 4632 ι)
2365 4546 2510 4602 Βῖείε
2537 4545 2682 4600 enim
2708 4544 2880 4600 Fide“
2907 4552 3017 4608 ιυον
3047 4543 3189 4614 (1υοιῖ
3219 4547 3342 4612 Im"0
3368 4535 3445 4590 me
3469 4529 3544 4584 ‘ib'

685 4679 714 4718 a
737 4663 880 4717 bono
910 4661 1022 4729 Deo
1053 4665 1154 4713 est.
1184 4656 1337 4724 Quod
1364 4662 1543 4710 autem
1574 4654 1749 4709 malus
1771 4661 1874 4720 est,
1909 4669 1940 4708 a
1969 4668 2026 4709 se
2053 4659 2261 4707 tantum

685 4753 879 4818 malus,
915 4767 1024 4806 non
1051 4765 1080 4804 a
1120 4750 1260 4804 bone
1297 4747 1409 4802 Deo
1438 4745 1632 4801 malus.
1661 4746 1730 4800 Et
1755 4745 1898 4800 unde
1926 4743 2150 4800 effectus
2181 4750 2264 4798 est

687 4844 880 4909 malus,
909 4841 1013 4896 nisi
1045 4853 1154 4894 non
1181 4835 1504 4892 adhaerendo
1545 4835 1657 4890 Deo
1681 4833 1905 4888 eﬁ‘ectus
1939 4839 2022 4886 est
2049 4831 2265 4886 malus?

689 4934 828 4990 sicut
854 4948 886 4988 e
911 4930 1186 4988 contrario
1220 4927 1441 4998 angelus
1474 4927 1648 4982 bonus
1690 4922 2010 4980 adhaerendo
2048 4921 2158 4976 Deo
2182 4928 2266 4975 est

691 5025 882 5078 bonus.
913 5023 1068 5080 Unde
1091 5037 1221 5092 ergo
1248 5035 1356 5076 non
1383 5019 1606 5074 adhaesit
1625 5018 1734 5072 Deo
1758 5015 2018 5078 diabolus,
2041 5020 2102 5068 ut
2125 5018 2272 5068 esset

693 5114 885 5177 bonus,
915 5114 1020 5168 nisi
1061 5113 1186 5182 quia
1217 5111 1444 5166 mendax
1473 5109 1600 5163 est?
1637 5107 1718 5161 Ab
1757 5105 1913 5160 initio
1947 5105 2088 5160 enim
2117 5120 2264 5158 men-

693 5201 802 5256 dua:
821 5199 936 5270 fuit,
969 5201 1258 5257 secundum
1281 5198 1492 5255 Domini
1514 5197 1742 5260 dictum,
1763 5203 1810 5248 et
1833 5196 1885 5248 in
1910 5194 2122 5248 veritate
2143 5209 2270 5246 nun-

694 5305 850 5360 quam
870 5290 1026 5344 stetit.
1050 5290 1263 5344 Veritas
1283 5289 1428 5343 enim
1453 5289 1595 5342 Deus
1613 5293 1719 5351 est,
1739 5292 1798 5338 ut
1819 5298 1976 5354 supra
1999 5281 2266 5336 diximus:

697 5382 753 5438 in
782 5393 888 5450 qua
918 5380 1142 5435 veritate
1166 5387 1310 5435 stare
1337 5377 1678 5446 contempsit.
1719 5373 2052 5430 Mendacium
2085 5372 2269 5437 ﬁnxit,

697 5473 830 5544 quia
851 5470 992 5541 quod
1021 5471 1164 5526 Deus
1204 5469 1512 5539 possidebat
1539 5483 1635 5538 per
1675 5474 1924 5522 naturam
1971 5463 2141 5518 voluit
2185 5461 2275 5516 ille

699 5565 803 5620 hoc
828 5559 1227 5632 apprehendere
1263 5571 1361 5628 per
1395 5559 1661 5628 rapinam,
1692 5557 1912 5612 dicens:
1953 5552 2060 5607 Ero
2087 5549 2276 5608 similis

702 5655 989 5712 ditissima.
1022 5651 1089 5707 Et
1111 5650 1232 5706 ideo
1257 5649 1506 5711 mendax,
1537 5649 1662 5718 quia
1689 5647 1754 5702 de
1777 5660 1874 5701 suo
1900 5644 2055 5708 dixit,
2087 5643 2153 5700 de
2179 5657 2278 5697 suo

703 5745 1019 5818 composuit.
1059 5742 1126 5798 de
1153 5756 1252 5797 suo
1281 5738 1454 5803 tinxit,
1503 5755 1534 5794 a
1582 5738 1870 5808 semetipso
1915 5733 2100 5790 didicit
2135 5731 2280 5803 quod

708 5837 944 5896 dixit.Et
970 5835 1094 5904 quia
1123 5849 1153 5888 a
1182 5830 1469 5898 semetipso
1491 5827 1696 5885 didicit,
1727 5827 1850 5878 ideo
1873 5824 2142 5892 propriam
2166 5822 2280 5890 glo-

2473 4600 2502 4692 :
2525 4657 2543 4692 ι
2573 4637 2682 4693 Sed
2723 4637 2848 4706 quia
2887 4600 3084 4692 audivi.
3109 4600 3250 4706 quod
3285 4635 3546 4702 pramursor

2365 4731 2418 4787 in
2446 4730 2621 4786 medio
2644 4695 2814 4783 nostri
2859 4695 3144 4798 apparuit;
3162 4695 3442 4795 quia'illum
3461 4712 3550 4782 iam
3577 4695 3742 4798 “mf:

2447 4772 2619 4786 ...νων
2645 4772 2814 4783 ...,.,-..
2859 4772 2888 4782 ..
2962 4772 3126 4795 ..,,.,,,
3165 4772 3284 4795 ην,-
3461 4772 3478 4782 ,

2363 4819 2590 4882 nuntiat,
2619 4833 2803 4887 quaeso
2824 4772 3180 4888 ut‘pErquiras
3205 4816 3270 4870 ab
3295 4827 3356 4866 eo
3378 4805 3476 4868 ubi,
3498 4804 3570 4854 aut
3587 4772 3751 4888 (ιιιοῇ

2365 4915 2459 4964 aut
2477 4870 2692 4978 quando
2722 4915 2882 4962 natus
2900 4870 2984 4962 est
3011 4870 3230 4976 spiritus
3265 4903 3350 4959 ille
3380 4891 3570 4978 menda!
3589 4870 3756 4978 Ῥωξδὲ

2365 4958 2614 5068 ΓυηιΊιιυί
2655 4998 2710 5052 in
2747 5013 2814 5053 eo
2844 4958 3104 5068 loquiturr,
3140 5010 3238 5051 nos
3265 4988 3494 5048 sollicitos
3523 4958 3679 5068 {certos}

2368 5089 2482 5144 das.
2509 5041 2714 5142 raMulti
2750 5041 3260 5155 enimaintell’igunt,
3315 5076 3398 5147 qui
3439 5041 3758 5170 lesuefﬂdg

2369 5181 2656 5236 verborum
2697 5186 2910 5234 tuorum
2935 5192 3054 5246 quae
3087 5175 3186 5230 sub
3215 5165 3448 5240 allegoria
3481 5139 3758 5267 sumiani:

2369 5273 2596 5342 qumstio
2635 5270 2777 5325 inter
2825 5235 3168 5337 interpretes,
3215 5271 3269 5318 et
3319 5269 3384 5322 te,
3423 5235 3759 5353 ifilli“?an

2369 5305 2596 5342 ιμιωδιιυ
2637 5305 2766 5325 nu...
2827 5305 3168 5337 ...ιιιγιυινη
3216 5305 3269 5318 ν.
3321 5305 3384 5322 ,η
3427 5305 3455 5308 -τ
3517 5305 3530 5316 .
3636 5305 3759 5384 Quo“

2362 5363 2704 5436 prophetam,
2737 5361 3069 5432 mnigmatice
3108 5358 3336 5412 locutum
3365 5339 3640 5451 explanat:-M
3661 5399 3761 5451 min?

2374 5417 2646 5509 inveneris
2683 5451 2987 5506 laudatores
3023 5458 3144 5504 tuos
3178 5445 3267 5518 qui
3304 5437 3489 5514 possint
3519 5417 3761 5537 multa:

2375 5547 2482 5600 tive
2502 5543 2770 5614 conﬁgere
2795 5552 2854 5597 ut
2884 5541 3122 5611 conligis,
3162 5545 3218 5594 et
3253 5532 3515 5629 adulantes.
3549 5506 3762 5632 ιῖῖέηωῖνὲ

2377 5636 2579 5708 gyrico,
2615 5599 2710 5688 tibi
2736 5632 3094 5702 respondeant
3129 5629 3312 5688 solum.
3335 5617 3447 5690 quia
3480 5599 3765 5718 θθξῗηιῗξξηέ

2380 5681 2579 5708 ω’·ννν
2617 5681 2710 5688 -·-·
2737 5681 3092 5702 η-ιη-νη--τ-
3130 5681 3189 5733 ζν,
3249 5715 3261 5728 ,
3646 5681 3763 5733 bealth

2380 5729 2512 5800 agis,
2551 5735 2732 5796 agant,
2769 5725 3016 5781 doctores
3039 5727 3336 5793 peritissimi
3360 5725 3387 5763 a
3406 5715 3453 5800 te
3478 5699 3763 5800 οξνωγξίξῖεηωέ

2383 5757 2512 5800 “3'3:
2551 5757 2732 5796 “sum,
2769 5757 3016 5781 “Ubuuca
3039 5757 3336 5793 μσιιιισυιω.
3360 5757 3387 5763 .-
3411 5757 3447 5760 --
3576 5757 3583 5758 ,
3651 5769 3659 5780 .
3694 5757 3766 5821 qua

2383 5822 2504 5874 licet
2543 5816 2881 5872 mendacium
2917 5815 3216 5882 loquantur.
3261 5804 3325 5860 Et
3361 5794 3484 5853 unde
3506 5788 3586 5842 hoc
3607 5782 3680 5829 scis
