3952 6318
220 320 337 429 est

903 371 1179 427 BETERﬂ
1218 372 1303 428 ET
1340 375 1398 427 S.
1441 375 1640 429 ΒΕΑΤΙ
1678 376 1768 430 AD
1808 377 2199 435 I'ZIJPANDUM
2238 380 2453 436 EPIST.
2493 412 2563 422 —
2599 382 2726 437 LIB.
2766 380 2828 439 11.

3357 381 3469 443 1)ιὶ

219 500 538 574 procursor
564 484 887 574 Antichristi
914 500 1056 550 sum,
1081 487 1190 574 qui
1234 488 1535 555 specialiter
1572 506 1601 543 a
1631 498 1684 544 te
1709 491 1801 543 dc-
1833 499 1872 550 A
1902 492 2176 549 Christum
2220 494 2413 550 Filium
2455 498 2546 553 Dei
2572 498 2783 566 publice
2812 485 3148 556 conﬁtemur.
3182 503 3250 559 Et
3276 507 3369 574 qui
3393 506 3466 561 ita

220 574 433 630 color?
466 572 588 627 1am
609 572 745 629 dicis
772 588 788 627 :
830 591 850 624 ι
870 573 927 627 ln
971 573 1149 628 medio
1194 576 1363 629 nostri
1389 577 1654 646 apparuit.
1684 596 1703 630 ι
1735 579 1801 632 Et

220 664 359 734 quid
384 672 470 720 est
502 664 672 718 medio
701 666 999 729 mtri,°aut
1024 666 1212 734 quanti
1233 665 1385 732 estis,
1424 667 1480 721 in
1505 667 1658 737 cujus
1684 684 1798 724 me—

223 758 318 814 dio
361 759 521 813 sum?
568 758 745 814 Debes
797 759 1076 813 nominare
1113 769 1169 815 et
1212 763 1444 831 speciem
1472 765 1645 833 partis
1673 774 1797 831 tuae,

222 849 368 904 sicut
406 850 641 920 speciem
681 850 853 921 partis
897 850 1233 907 Antichristi.
1262 853 1375 908 Hoc
1411 870 1608 911 nomen
1645 857 1801 913 Anti-

222 942 418 1000 christi
458 956 625 997 unum
667 949 843 1006 sonat,
892 942 989 997 sed
1035 943 1188 998 multi
1230 953 1373 1010 sunt,
1404 954 1459 1000 et
1481 946 1535 1001 in
1563 948 1800 1004 Ecclesia

219 1029 463 1095 fuerunt,
502 1038 561 1087 et
606 1032 674 1086 de
714 1032 952 1087 Ecclesia
998 1034 1265 1090 exierunt.
1301 1035 1442 1090 Nihil
1479 1038 1623 1093 enim
1659 1039 1802 1094 aliud

218 1128 309 1176 est
358 1135 554 1176 nomen
595 1120 916 1177 Antichristi
957 1123 1061 1178 nisi
1107 1126 1412 1182 contrarius
1451 1125 1684 1183 Christo.
1736 1129 1802 1184 Et

215 1225 349 1266 cum
402 1198 715 1266 contrarius
767 1210 1039 1267 invenitur
1089 1212 1306 1270 Christo
1329 1257 1344 1281 ,
1410 1227 1634 1287 apparet
1682 1236 1800 1275 esse

219 1300 475 1357 mendax.
523 1301 590 1355 Et
634 1317 757 1357 cum
804 1304 1033 1359 mendax
1089 1308 1351 1377 apparuit,
1410 1322 1635 1380 apparet
1678 1326 1800 1368 esse

215 1392 368 1450 ﬁlius
433 1393 652 1449 diaboli.
715 1394 784 1449 Et
837 1396 1015 1452 omnis
1078 1400 1307 1455 mendax
1367 1402 1509 1458 ﬁlius
1570 1406 1797 1474 diaboli,

211 1486 349 1554 quia
387 1484 661 1552 diabolus,
710 1495 771 1541 ut
806 1502 969 1559 supra
1008 1489 1269 1558 diximus,
1311 1502 1465 1565 pater
1515 1506 1599 1553 est
1646 1514 1798 1555 men-

210 1578 381 1634 dacii.

290 1667 379 1722 Vl.
429 1667 787 1739 Requiramus
832 1685 976 1727 nunc
1010 1673 1103 1742 qui
1146 1682 1231 1729 est
1268 1677 1518 1731 mendax.
1565 1677 1799 1737 Joannes

211 1757 495 1827 apostolus
536 1758 702 1815 dicat.
736 1760 829 1815 Sic
856 1762 1000 1816 enim
1035 1764 1150 1819 ait:
1182 1763 1365 1821 Omnis
1398 1769 1489 1840 qui
1525 1771 1800 1840 conﬁtetur

208 1850 357 1920 quod
401 1849 557 1905 Iesus
603 1868 707 1905 non
744 1861 820 1906 est
863 1851 1039 1909 Filius
1064 1855 1184 1922 Dei,
1212 1858 1439 1913 mendax
1481 1870 1577 1926 est,
1612 1870 1661 1915 et
1690 1862 1799 1933 ipse

205 1952 293 1996 est
323 1943 689 1997 Antichristus.
721 1944 802 1999 Tu
843 1946 978 2001 dicis
1019 1948 1143 2017 quia
1192 1947 1352 2005 Jesus
1380 1967 1485 2006 non
1514 1960 1597 2007 est
1630 1952 1798 2011 Filius

212 2031 337 2087 Dei.
363 2032 431 2087 Et
457 2034 577 2102 quis
597 2042 682 2089 est
709 2032 885 2101 Jesus,
913 2036 1015 2091 nisi
1046 2038 1209 2093 homo
1253 2039 1342 2096 ille
1375 2042 1466 2110 qui
1491 2042 1557 2097 de
1577 2043 1798 2115 Virgine

210 2131 380 2177 natus
404 2122 521 2177 est?
553 2122 691 2178 Ecce
720 2125 809 2193 qui
833 2125 977 2182 hunc
1009 2124 1191 2182 Jesum
1240 2139 1400 2202 negat
1441 2146 1560 2187 esse
1601 2132 1798 2190 Filium

212 2212 336 2275 Dei,
381 2211 743 2269 Antichristus
784 2224 888 2280 est,
920 2225 974 2270 et
1009 2217 1346 2274 mendacium
1386 2220 1642 2292 loquitur,
1673 2225 1798 2293 quia

208 2316 413 2357 omnes
442 2302 708 2359 credimus
741 2306 886 2376 quod
929 2305 1087 2363 Jesus
1125 2308 1297 2366 Filius
1323 2311 1418 2367 Dei
1446 2322 1549 2369 est.
1581 2296 1713 2371 Vide
1738 2324 1796 2370 tu

206 2408 365 2449 nunc
409 2396 529 2465 quis
558 2391 651 2452 est
692 2413 997 2468 praecursor
1037 2401 1355 2459 Antichristi
1399 2407 1491 2476 qui
1532 2406 1586 2461 in
1620 2407 1798 2463 medio

209 2487 383 2542 vestri
423 2488 691 2557 apparuit.
722 2488 1004 2557 Quomodo
1030 2496 1283 2564 apparuit
1326 2496 1418 2566 qui
1458 2504 1616 2551 natus
1659 2496 1797 2551 fuit?

210 2578 522 2646 Antequam
558 2589 892 2646 nasceretur,
940 2596 1246 2651 prtecursor
1273 2584 1614 2642 Antichristi.
1643 2587 1799 2643 Post-

206 2681 382 2736 quam
401 2682 529 2723 vero
557 2677 720 2725 natus
757 2669 878 2737 fuit,
910 2669 1029 2740 jam
1078 2689 1185 2729 non
1226 2683 1310 2730 est
1354 2692 1678 2746 praecursor,
1702 2680 1798 2735 sed

210 2761 335 2830 ipse
374 2770 458 2817 est
500 2761 885 2820 Antichristus.
938 2766 1076 2834 Quid
1102 2778 1185 2825 est
1214 2771 1468 2828 nativitas
1506 2773 1655 2842 ejus,
1692 2776 1796 2830 nisi

212 2853 485 2922 apparitio
524 2853 674 2923 ejus?
723 2855 791 2910 Et
828 2858 959 2926 quid
997 2861 1264 2930 apparitio
1299 2862 1433 2932 ejus,
1481 2864 1586 2919 nisi
1622 2867 1796 2920 mani-

209 2946 431 2999 festatio
459 2946 611 3016 ejus?
640 2948 707 3002 Et
730 2949 859 3019 quid
880 2957 962 3004 est
982 2951 1344 3009 manifestatio
1364 2954 1500 3025 ejus,
1532 2957 1635 3012 nisi
1654 2973 1796 3028 pne-

207 3035 416 3090 dicatio
455 3035 605 3106 ejus?
636 3036 939 3109 Antequam
968 3043 1305 3111 pmdiwret,
1337 3061 1644 3117 praecursor
1678 3057 1795 3104 erat

210 3132 553 3199 Antichristi,
600 3134 726 3205 quia
764 3135 936 3190 noluit
967 3137 1239 3194 Christum
1284 3139 1570 3212 intelligere
1588 3152 1645 3197 ut
1668 3142 1794 3198 bene

1901 596 2006 636 non
2029 583 2314 638 crediderit
2342 593 2400 637 ut
2424 586 2709 654 credimus,
2741 590 2915 658 ipsum
2940 605 3060 647 esse
3078 592 3468 652 Antichristum

1899 685 2004 725 non
2029 671 2354 726 dubitamus.
2380 658 2495 728 Non
2523 674 2697 744 ipsum
2717 692 2816 746 per
2838 679 3069 747 speciem
3096 680 3187 750 qui
3210 690 3477 738 venturus

1899 770 2003 827 est,
2050 764 2144 819 sed
2186 764 2332 833 ipsos
2370 779 2505 833 quos
2534 766 2807 834 apostolus
2844 766 3079 825 Joannes
3104 770 3276 825 dixit:
3312 771 3467 827 Nunc

1900 854 1955 908 in
1976 852 2209 908 Ecclesia
2234 855 2539 910 Antichristi
2560 855 2708 910 multi
2740 868 2878 912 sunt.
2917 858 3002 914 Ea:
3031 860 3179 917 nobis
3209 864 3463 927 exierunt,

1899 945 1990 997 sed
2013 960 2117 998 non
2156 955 2393 999 erantex
2419 947 2585 1011 nobis,
2634 948 2689 1003 id
2729 956 2833 1014 εει,
2884 950 2938 1004 in
2984 950 3089 1007 ﬁde
3129 962 3315 1010 nostra
3362 971 3466 1011 non

1897 1046 2073 1090 erant.
2096 1035 2247 1102 Quod
2270 1037 2314 1091 si
2342 1036 2571 1093 fuissent
2595 1054 2661 1095 ex
2683 1039 2787 1095 ﬁde
2813 1051 3018 1108 nostra,
3044 1047 3468 1113 permansissent

1900 1123 2084 1194 utique
2110 1126 2410 1182 nobiscum.
2459 1127 2526 1182 Et
2554 1128 2675 1184 ideo
2703 1132 3009 1188 antichristi
3038 1135 3373 1205 appellantur
3397 1139 3466 1191 ab

1898 1215 2249 1282 Antichristo,
2276 1220 2331 1274 id
2356 1230 2458 1286 est,
2489 1226 2745 1279 contrarii
2774 1225 2973 1282 Christi
3016 1238 3295 1296 vocantur,
3340 1234 3465 1302 quia

1894 1314 2086 1363 contra
2116 1308 2390 1365 Christum
2416 1324 2674 1383 pugnant.
2706 1315 2841 1371 Nam
2878 1319 3017 1374 sicut
3050 1321 3235 1378 habuit
3266 1325 3467 1379 media-

1899 1406 2046 1453 tores
2088 1415 2215 1455 suos
2254 1402 2491 1459 christus
2532 1405 2735 1472 David,
2769 1409 2853 1463 vel
2881 1420 3105 1467 cancros
3144 1411 3236 1483 qui
3276 1414 3465 1469 christi

1899 1487 2216 1544 dicebantur
2241 1500 2295 1545 et
2321 1507 2444 1546 eum
2483 1495 2918 1567 praeﬁgurabant,
2949 1500 3027 1555 sic
3056 1501 3145 1555 ille
3175 1501 3317 1557 ﬁlius
3342 1519 3465 1575 pee-

1898 1579 2118 1637 ditionis
2145 1582 2528 1650 Antichristus,
2559 1588 2650 1657 qui
2678 1604 2798 1644 eum
2823 1591 3167 1663 prmﬁgurant
3186 1600 3240 1649 et
3268 1610 3466 1653 nomen

1897 1670 2098 1727 habent
2144 1674 2485 1732 Antichristi.
2546 1678 2913 1737 Antichristus
2965 1684 3282 1755 appellatur,
3338 1686 3464 1756 quia

1897 1771 2085 1817 contra
2096 1763 2368 1820 Christum
2382 1777 2636 1825 venturus
2650 1779 2751 1825 est.
2770 1770 2884 1827 Non
2899 1788 3005 1842 quo
3021 1776 3177 1831 modo
3196 1776 3465 1848 simplices

1835 1835 1872 1891 Β
1903 1852 2241 1925 intelligunt,
2284 1855 2670 1915 Antichristum
2724 1862 2845 1918 ideo
2892 1835 3094 1919 dictum
3148 1835 3467 1937 quod-ante

1900 1942 2175 1999 Christum
2204 1954 2464 2002 venturus
2483 1949 2573 2015 sit,
2606 1950 2656 2004 id
2685 1960 2785 2017 est,
2814 1963 2937 2022 post
2960 1970 3084 2009 eum
3110 1956 3291 2010 veniet
3313 1955 3468 2012 Chri-

1899 2043 2035 2090 stus.
2066 2035 2181 2091 Non
2208 2037 2307 2101 sic,
2350 2039 2443 2093 sed
2462 2031 2827 2103 Atitichristus
2855 2043 3042 2099 Gra:ce
3071 2045 3286 2111 dicitur,
3324 2047 3467 2115 quod

1899 2134 1984 2182 est
2022 2126 2212 2184 Latine
2241 2133 2545 2187 contrarius
2570 2131 2805 2188 Christo.
2846 2135 2968 2189 Anti
3010 2137 3151 2189 enim
3189 2136 3376 2191 Graece
3415 2139 3466 2191 in

1898 2219 2149 2274 Latinum
2187 2231 2370 2276 contra
2413 2224 2697 2295 signiﬁcat.
2746 2225 3018 2280 Christum
3054 2228 3275 2281 seenim
3320 2242 3468 2281 men-

1898 2310 2064 2363 tietur
2105 2310 2233 2364 dum
2274 2312 2500 2377 venerit,
2525 2321 2581 2368 et
2606 2322 2791 2369 contra
2818 2330 2939 2368 eum
2965 2314 3260 2377 dimicabit,
3292 2324 3346 2370 et
3376 2317 3467 2370 ad-

1897 2403 2201 2457 versabitur
2244 2406 2597 2460 sacramentis
2628 2405 2828 2461 Christi
2857 2448 2871 2471 ,
2909 2417 2970 2461 ut
3016 2409 3256 2463 veritatis
3294 2408 3467 2463 Evan-

1897 2493 2094 2564 gelium
2124 2495 2315 2559 solvat,
2364 2503 2418 2550 et
2454 2512 2560 2551 non
2609 2498 2852 2567 recipiat,
2896 2498 2999 2552 nisi
3052 2507 3257 2553 tantum
3298 2498 3466 2569 legem

1898 2584 2228 2649 Mosaicam,
2286 2594 2341 2641 et
2400 2588 2654 2658 populum
2709 2590 2777 2643 ad
2837 2589 3303 2645 circumeisionem
3348 2606 3463 2660 pro-

1900 2684 2075 2730 vocet.
2113 2675 2249 2730 Nam
2283 2684 2340 2731 et
2386 2678 2642 2747 templum
2673 2679 3060 2752 Hierosolymis
3107 2697 3373 2751 reparare,
3415 2694 3465 2737 et

1896 2767 2073 2822 omnis
2106 2766 2239 2838 leg's
2270 2769 2468 2824 veteris
2506 2758 2854 2826 caeremonias
2889 2787 2976 2826 res
3002 2788 3194 2828 aurare
3218 2773 3479 2831 tentahit-

1967 2857 2097 2912 Vlll.
2140 2858 2245 2914 Sed
2268 2868 2322 2914 et
2347 2860 2434 2915 ille
2460 2860 2825 2917 Antichristus
2862 2871 2945 2917 est
2983 2863 3074 2933 qui
3117 2874 3274 2937 negat
3302 2867 3466 2922 Deum

1896 2963 2016 3004 esse
2036 2946 2219 3003 Jesum
2246 2949 2539 3015 Christum.
2565 2953 2910 3031 Contrarium
2934 2956 3096 3022 enim,
3130 2968 3189 3013 ut
3217 2959 3473 3022 diximus,

1894 3037 2095 3092 Christi
2122 3048 2225 3094 est.
2251 3039 2357 3094 Sed
2383 3050 2439 3095 et
2463 3040 2550 3095 ille
2573 3042 2938 3099 Antichristus
2959 3050 3148 3117 estqui
3178 3065 3280 3102 non
3307 3048 3468 3107 credit

1894 3127 2076 3184 Iesum
2110 3130 2386 3186 Christum
2410 3147 2528 3187 esse
2560 3133 2747 3199 Deum,
2783 3137 3036 3205 operibus
3064 3145 3241 3192 autem
3266 3138 3470 3192 dissen-

205 3233 390 3295 ageret
411 3218 439 3289 ,5
464 3225 554 3280 sed
575 3225 900 3297 iniquitatem
927 3228 1207 3283 meditatus
1233 3240 1307 3285 est
1340 3232 1395 3285 in
1419 3206 1577 3285 cubili
1607 3250 1720 3297 suo,
1744 3242 1793 3286 et

1901 3221 1964 3275 tit
1992 3238 2023 3275 a
2051 3221 2288 3278 Christe.
2318 3222 2595 3278 Christum
2620 3225 2791 3279 credit
2825 3227 2947 3289 ﬁde,
2981 3228 3075 3281 sed
3101 3238 3259 3299 negat
3286 3244 3466 3297 opere.

206 3315 382 3369 astitit
426 3315 568 3369 omni
590 3315 685 3370 vice
708 3332 812 3370 non
842 3316 1009 3371 bona.
1048 3316 1181 3373 Cum
1207 3320 1355 3374 omni
1380 3320 1479 3376 via:
1510 3336 1616 3375 non
1644 3322 1797 3378 bona:

208 3406 411 3472 astitit,
434 3406 551 3462 siue
571 3405 734 3463 dubio
759 3405 1078 3465 Antichristi
1102 3426 1407 3480 prtecursor
1432 3409 1553 3467 fuit.
1577 3412 1646 3467 Et
1672 3428 1794 3468 cum

209 3499 559 3568 iniquitatem
604 3500 817 3569 publice
856 3502 1137 3570 przedicat,
1172 3518 1333 3573 quam
1374 3512 1526 3561 tanto
1555 3513 1799 3575 tempore

209 3591 272 3644 in
300 3591 462 3645 cubili
488 3606 606 3656 suo,
634 3591 687 3645 id
719 3601 821 3657 est,
849 3592 902 3645 in
926 3602 1136 3649 secreto
1162 3595 1340 3649 cordis
1364 3596 1467 3661 sui,
1500 3596 1795 3663 meditavit,

206 3681 334 3735 sine
358 3679 521 3735 dubio
548 3681 912 3737 Antichristus
951 3692 1054 3749 est,
1099 3683 1224 3752 quia
1257 3682 1442 3739 Jesum
1470 3692 1630 3755 negat
1653 3686 1796 3755 quod

207 3772 254 3827 Ρ
259 3772 388 3827 ilius
410 3773 503 3828 Dei
525 3782 627 3828 est.

290 3865 400 3920 VII.
444 3865 550 3920 Sed
580 3864 719 3921 forte
736 3860 881 3922 idicis
908 3881 921 3920 :
950 3864 1104 3923 Unde
1141 3868 1245 3921 hoc
1267 3865 1508 3923 afﬁrmas
1531 3869 1671 3938 quod
1690 3868 1801 3923 An-

207 3955 499 4010 tichristus
543 3956 657 4011 est?
703 3955 854 4012 Unde
889 3957 991 4012 hoc
1034 3956 1281 4013 afﬁrmo?
1315 3958 1459 4025 audi,
1492 3959 1618 4029 quia
1648 3959 1800 4013 mali-

208 4048 352 4100 tiam
394 4061 498 4101 non
538 4046 728 4101 odivit.
768 4047 1036 4117 Propheta
1072 4049 1175 4105 hoc
1212 4050 1366 4116 dixit,
1405 4067 1512 4107 non
1539 4066 1657 4122 ego.
1685 4051 1799 4105 No-

206 4138 341 4197 luit,
391 4138 577 4207 inquit,
622 4137 909 4210 intelligere
947 4150 1002 4193 ut
1049 4139 1173 4194 bene
1223 4151 1416 4212 ageret.
1463 4141 1798 4213 Iniquitatem

204 4227 499 4283 meditatus
525 4240 599 4284 est
621 4231 677 4284 in
699 4229 858 4284 cubili
880 4247 997 4294 suo,
1023 4231 1187 4284 astitit
1218 4234 1359 4286 omni
1386 4232 1480 4287 eia:
1502 4249 1604 4287 non
1630 4232 1797 4296 bonw,

206 4316 477 4371 malitiam
527 4330 700 4373 autem
749 4337 852 4373 non
894 4320 1074 4375 adivit.
1118 4320 1223 4377 Ista
1267 4322 1372 4375 tria
1417 4322 1471 4376 in
1521 4323 1800 4379 mendacio

204 4420 364 4471 sunt,
395 4424 500 4464 non
530 4409 585 4463 in
613 4410 858 4465 veritate.
902 4407 1023 4465 Jam
1060 4410 1425 4465 Antichristus
1461 4411 1625 4465 habet
1654 4411 1797 4465 anti-

206 4501 475 4555 christos.
514 4500 765 4575 Nunquid
805 4502 1171 4557 Antichristus
1215 4502 1360 4556 aliud
1400 4500 1642 4555 facturus
1682 4510 1793 4565 est,

209 4612 343 4651 cum
372 4595 599 4661 venerit,
632 4596 733 4649 nisi
770 4597 873 4650 hoc
905 4604 1110 4649 tantum
1134 4595 1279 4664 quod
1309 4602 1494 4649 contra
1521 4593 1793 4648 Christum

207 4688 577 4744 dimicaturus
602 4688 690 4752 sit,
723 4694 777 4742 et
803 4685 1150 4755 Evangelium
1178 4684 1294 4755 ejus
1330 4700 1435 4739 non
1473 4683 1715 4753 recipiat,
1742 4692 1797 4739 et

208 4778 367 4832 dicat
395 4794 409 4830 :
444 4776 557 4848 Ego
582 4792 701 4831 sum
736 4776 1019 4831 Christus?
1051 4774 1168 4830 lam
1195 4786 1251 4830 et
1272 4785 1326 4830 tu
1356 4775 1492 4830 dicis
1519 4793 1532 4829 :
1566 4795 1582 4826 ι
1606 4774 1673 4829 Ει
1700 4791 1797 4830 nos

208 4869 413 4924 cbristi
439 4883 643 4932 sumus,
681 4868 832 4922 sicut‘
850 4866 1115 4922 Christus.
1138 4888 1156 4919 ι
1184 4866 1251 4921 Et
1289 4866 1548 4921 Dominus
1579 4881 1676 4921 nos
1701 4866 1797 4921 ad-

208 4971 405 5018 monet
429 4962 647 5017 dicens:
675 4961 969 5032 Exsurgent
993 4962 1369 5032 pseudocltristi
1408 4973 1455 5015 et
1485 4961 1800 5032 pseudopro-

206 5054 386 5127 pheta:
396 5069 415 5118 ;
445 5063 491 5106 et
526 5052 722 5106 dabunt
744 5052 895 5122 signa
918 5062 965 5106 et
987 5051 1247 5123 prodigia,
1278 5052 1351 5105 ita
1388 5061 1443 5104 ut
1473 5052 1530 5105 in
1569 5067 1798 5106 errorem

208 5149 519 5209 mittantur,
543 5147 585 5199 si
606 5146 723 5219 ﬁeri
751 5154 934 5216 potest,
962 5146 1120 5199 etiam
1150 5144 1318 5199 electi.
1348 5142 1467 5197 Jam
1494 5153 1549 5197 et
1580 5145 1682 5197 hoc
1706 5156 1800 5196 ex-

206 5237 525 5308 perimento
568 5236 935 5307 cognovimus,
972 5236 1098 5305 quia
1132 5236 1197 5290 ad
1227 5236 1367 5290 hanc
1390 5242 1626 5289 vestram
1661 5234 1799 5288 veri-

211 5327 372 5389 tatis,
422 5323 541 5383 ﬁdei
587 5325 913 5381 contrariam
941 5338 966 5365 α
994 5317 1236 5395 plerique
1268 5324 1432 5379 etiam
1460 5323 1636 5387 electi,
1676 5323 1801 5379 licet

208 5419 286 5474 ad
333 5417 623 5482 modicum,
670 5418 867 5471 turbati
912 5426 1054 5472 sunt.
1084 5415 1185 5483 Qui
1210 5425 1265 5472 et
1292 5430 1498 5480 omnes,
1540 5430 1662 5469 cum
1690 5415 1800 5484 pri-

212 5510 393 5563 mitus
414 5508 736 5575 audivimus,
768 5508 967 5563 turbati
992 5508 1209 5563 fuimus.
1242 5506 1309 5562 Et
1340 5507 1459 5562 ideo
1481 5505 1799 5561 Antichristi

207 5613 591 5671 pnecursores
616 5613 720 5653 non
756 5614 961 5654 sumus.
988 5597 1126 5665 Quin
1154 5598 1259 5653 etsi
1299 5612 1419 5654 cum
1461 5596 1623 5653 Petro
1652 5612 1801 5652 erra-

208 5692 421 5750 vimus,
445 5687 555 5756 jam
585 5700 707 5743 cum
733 5705 798 5743 eo
824 5697 1004 5743 errata
1041 5689 1361 5760 plangimus,
1388 5697 1439 5745 et
1472 5687 1653 5744 Jesum
1682 5704 1800 5746 esse

292 5790 323 5820 ι
360 5776 820 5842 Prae-Eicationem,
851 5779 930 5833 vel
954 5779 1126 5834 simile
1151 5779 1297 5863 quid.

1901 3316 1977 3371 De
2031 3314 2228 3384 quibus
2281 3314 2570 3385 Apostolus
2624 3318 2790 3372 dicit:
2822 3317 3151 3386 Conﬁtentur
3198 3330 3372 3374 autem
3418 3339 3471 3375 se
3520 3386 3525 3387 γ

1896 3423 2046 3461 nosse
2072 3406 2259 3471 Deum,
2282 3407 2438 3476 [actis
2462 3417 2633 3461 autem
2658 3418 2865 3479 negant.
2894 3407 3025 3461 Nam
3047 3410 3416 3479 unusquisque
3436 3431 3468 3462 ει

1898 3501 2178 3556 conditore
2204 3515 2322 3564 suo,
2362 3508 2454 3553 aut
2483 3499 2585 3555 ﬁde
2609 3501 2829 3562 secedit,
2868 3510 2960 3553 aut
2983 3514 3165 3569 Opere.
3205 3500 3355 3554 Sicut
3376 3503 3465 3571 qui

1899 3591 2003 3647 lide
2025 3591 2225 3647 secedit
2251 3592 2618 3647 Antichristus
2647 3602 2748 3656 est,
2782 3594 2855 3646 ita
2884 3601 2938 3646 et
2963 3593 3053 3660 qui
3082 3608 3242 3661 opere
3267 3595 3468 3648 secedit

1899 3684 1967 3737 ab
1992 3684 2354 3752 omnipotente
2382 3684 2489 3738 Deo
2525 3693 2766 3753 apostata
2807 3684 3131 3748 nominatur,
3156 3685 3364 3739 etiamsi
3416 3685 3469 3739 in

1900 3775 2140 3830 Ecclesia
2186 3776 2343 3831 fidem
2390 3784 2572 3831 tenere
2617 3777 2881 3830 videatur.
2933 3776 3131 3832 Omnes
3184 3778 3326 3832 enim
3378 3779 3468 3848 qui

1898 3875 2096 3920 exeunt
2119 3866 2185 3920 de
2210 3865 2465 3928 Ecclesia,
2492 3876 2545 3920 et
2569 3867 2636 3920 ab
2672 3867 2878 3921 unitate
2908 3866 3029 3920 ﬁdei
3058 3875 3111 3921 et
3136 3867 3314 3937 operis
3335 3883 3472 3937 pra:-

1898 3956 2167 4023 ciduntur,
2195 3957 2310 4012 sine
2332 3956 2664 4011 dubitatione
2698 3956 2996 4011 antichristi
3018 3973 3137 4012 esse
3159 3953 3469 4012 creduntur.

1898 4050 2007 4105 Nos
2036 4060 2235 4115 autem,
2268 4059 2526 4119 quantum
2553 4050 2620 4105 ad
2649 4050 2908 4105 rationem
2935 4049 3056 4104 ﬁdei
3086 4059 3280 4105 nostra:
3307 4050 3473 4121 perti-

1899 4150 2011 4207 net,
2050 4143 2118 4197 ah
2145 4141 2382 4196 Ecclesia
2430 4157 2534 4195 non
2581 4140 2865 4195 cxivimus.
2900 4138 3037 4205 Quia
3080 4138 3167 4192 illa
3217 4154 3334 4207 qua:
3375 4154 3474 4207 per

1900 4241 2069 4286 totum
2097 4232 2354 4285 mundum
2388 4230 2456 4284 ab
2488 4230 2743 4299 apostolis
2777 4229 2972 4283 tradita
3003 4228 3328 4283 universitas
3356 4242 3472 4282 cre-

1900 4321 2140 4375 dentium
2185 4330 2329 4374 tenet
2370 4318 2533 4389 (unde
2563 4335 2759 4374 nomen
2797 4320 2961 4374 habet
2988 4319 3293 4388 catholica),
3330 4319 3471 4379 hanc

1901 4412 2058 4465 tidem
2084 4421 2342 4465 tenemus.
2368 4410 2434 4464 Et
2454 4410 2542 4465 ubi
2560 4425 2800 4465 essemus
2822 4426 2929 4465 non
2948 4410 3223 4465 habemus.
3250 4407 3485 4475 Quando.

1899 4502 2219 4558 catholicam
2240 4502 2399 4555 fidem
2424 4502 2675 4567 diximus,
2702 4501 2754 4555 id
2779 4510 2862 4557 est
2885 4501 3263 4556 universalem.
3284 4500 3473 4555 Cneee

1898 4596 2044 4649 cnim
2084 4594 2424 4657 universitas,
2471 4594 2584 4649 sive
2634 4593 2961 4666 generalitas
2988 4592 3288 4647 catholicon
3317 4608 3474 4647 voca-

1900 4693 2007 4736 tur.
2034 4682 2100 4736 Et
2124 4683 2244 4737 ideo
2269 4697 2373 4737 non
2399 4691 2573 4752 potest
2596 4698 2714 4736 esse
2745 4682 3033 4736 hmreticus
3062 4681 3153 4750 qui
3178 4689 3259 4735 cst
3283 4681 3472 4735 catho-

1900 4773 2056 4828 licus.
2102 4771 2159 4827 ld
2194 4780 2297 4839 est,
2328 4788 2433 4825 non
2469 4772 2666 4841 poterit
2696 4772 2845 4825 exire
2872 4772 2940 4826 ab
2966 4770 3229 4835 Ecclesia,
3259 4772 3349 4840 qui
3376 4771 3474 4825 ha-

1898 4866 1991 4920 bet
2031 4865 2192 4919 ﬁdem
2233 4864 2585 4935 apostolicam
2640 4878 2803 4933 quam
2850 4862 3117 4932 generalis
3160 4878 3260 4933 per
3303 4871 3474 4920 totum

1904 4954 2160 5009 mundum
2203 4960 2347 5007 tenet
2392 4951 2653 5006 Ecclesia.
2707 4951 2939 5006 Credere
2976 4968 3034 5008 se
3081 4953 3132 5007 in
3177 4952 3462 5031 Deum

1906 5056 2044 5100 trem
2070 5044 2511 5113 omnipotentem,
2549 5053 2603 5097 et
2630 5040 2810 5097 Jesum
2838 5041 3110 5098 Christum
3141 5043 3336 5101 Filium
3362 5041 3476 5112 ejus

1905 5139 2122 5195 unicum
2150 5138 2316 5191 Deum
2350 5142 2403 5190 et
2448 5135 2730 5191 Dominum
2771 5145 3039 5201 nostrum,
3072 5138 3162 5208 qui
3197 5144 3356 5191 natus
3394 5146 3477 5191 est

1906 5233 1970 5286 de
2014 5230 2217 5299 Spiritu
2257 5237 2442 5283 sancto
2480 5235 2535 5282 et
2570 5228 2634 5283 de
2660 5227 2825 5284 Maria
2848 5228 3073 5297 virgine.
3123 5227 3272 5283 Hanc
3312 5225 3472 5282 ﬁdem

1906 5337 2087 5393 quam,
2143 5320 2254 5375 Deo
2298 5319 2656 5385 illuminante,
2704 5334 2732 5373 a
2764 5320 2875 5375 suis
2920 5319 3174 5390 apostolis
3223 5319 3475 5376 traditam

1908 5413 2229 5483 accepimus,
2258 5413 2310 5467 in
2340 5412 2578 5468 Ecclesia
2603 5411 2863 5468 catholica
2896 5419 3158 5466 tenemus.

1979 5503 2069 5558 ιχ.
2097 5503 2362 5565 Namnon
2385 5503 2574 5558 didicit
2601 5502 2841 5559 Ecclesia
2868 5503 3005 5557 hanc
3034 5502 3194 5557 ﬁdem
3217 5510 3362 5556 tuam
3382 5514 3478 5570 per

1910 5607 2078 5652 totum
2109 5596 2366 5651 mundum
2394 5614 2405 5650 :
2438 5610 2536 5652 nec
2578 5597 2855 5653 consuevit
2895 5597 3115 5653 credere
3150 5596 3203 5649 in
3231 5608 3352 5648 eum
3388 5590 3476 5659 qui

1908 5690 1971 5741 de
1999 5689 2201 5755 \’i"git:c
2240 5696 2395 5741 natus
2419 5697 2521 5749 cst,
2549 5704 2652 5743 non
2677 5703 2773 5756 per
2804 5688 2948 5741 illum
2978 5687 3116 5740 facta
3152 5698 3270 5739 esse
3295 5681 3447 5737 visihi
