  <div class='ocr_page' id='page_1' title='image "/cluster/home/n/w/nwhite01/storage/ocr_20150623/96/hvd.32044015471204/497.png"; bbox 0 0 3952 6318; ppageno 0'>
   <div class='ocr_carea' id='block_1_1' title="bbox 599 235 700 290">
    <p class='ocr_par' dir='ltr' id='par_1_1' title="bbox 599 235 700 290">
     <span class='ocr_line' id='line_1_1' title="bbox 599 235 700 290; baseline -0.02 0"><span class='ocrx_word' id='word_1_1' title='bbox 599 235 700 290; x_wconf 74' lang='lat'><strong>985</strong></span> 
     </span>
    </p>
   </div>
   <div class='ocr_carea' id='block_1_2' title="bbox 1410 183 3694 308">
    <p class='ocr_par' dir='ltr' id='par_1_2' title="bbox 1410 183 3694 308">
     <span class='ocr_line' id='line_1_2' title="bbox 1410 183 3694 308; baseline 0.003 -22"><span class='ocrx_word' id='word_1_2' title='bbox 1410 228 1816 298; x_wconf 77' lang='lat' dir='ltr'><strong>ELIPANDUS,</strong></span> <span class='ocrx_word' id='word_1_3' title='bbox 1855 228 2079 294; x_wconf 75' lang='lat' dir='ltr'><strong>rsux,</strong></span> <span class='ocrx_word' id='word_1_4' title='bbox 2119 183 2464 284; x_wconf 71' lang='lat' dir='ltr'><strong>iteremus</strong></span> <span class='ocrx_word' id='word_1_5' title='bbox 2501 229 2589 284; x_wconf 86' lang='lat' dir='ltr'><strong>ET</strong></span> <span class='ocrx_word' id='word_1_6' title='bbox 2629 230 2687 286; x_wconf 89' lang='grc' dir='ltr'>ε.</span> <span class='ocrx_word' id='word_1_7' title='bbox 2727 231 3023 290; x_wconf 81' lang='lat' dir='ltr'><strong>BEATUS.</strong></span> <span class='ocrx_word' id='word_1_8' title='bbox 3625 249 3694 308; x_wconf 65' lang='grc' dir='ltr'>εει</span> 
     </span>
    </p>
   </div>
   <div class='ocr_carea' id='block_1_3' title="bbox 597 344 3688 431">
    <p class='ocr_par' dir='ltr' id='par_1_3' title="bbox 597 344 3688 431">
     <span class='ocr_line' id='line_1_3' title="bbox 597 344 3688 431; baseline 0.003 -28"><span class='ocrx_word' id='word_1_9' title='bbox 597 347 664 403; x_wconf 81' lang='lat' dir='ltr'><strong>lia</strong></span> <span class='ocrx_word' id='word_1_10' title='bbox 687 355 742 400; x_wconf 86' lang='lat' dir='ltr'><strong>et</strong></span> <span class='ocrx_word' id='word_1_11' title='bbox 769 345 1076 411; x_wconf 83' lang='lat' dir='ltr'><strong>invisibilia,</strong></span> <span class='ocrx_word' id='word_1_12' title='bbox 1109 345 1204 400; x_wconf 88' lang='lat' dir='ltr'><strong>sed</strong></span> <span class='ocrx_word' id='word_1_13' title='bbox 1238 353 1450 402; x_wconf 83' lang='lat' dir='ltr'><strong>tantum</strong></span> <span class='ocrx_word' id='word_1_14' title='bbox 1495 361 1592 416; x_wconf 90' lang='lat' dir='ltr'><strong>per</strong></span> <span class='ocrx_word' id='word_1_15' title='bbox 1631 345 1780 399; x_wconf 87' lang='lat' dir='ltr'><strong>illum</strong></span> <span class='ocrx_word' id='word_1_16' title='bbox 1821 344 1913 414; x_wconf 86' lang='lat' dir='ltr'><strong>qui</strong></span> <span class='ocrx_word' id='word_1_17' title='bbox 1949 358 2056 399; x_wconf 89' lang='lat' dir='ltr'><strong>non</strong></span> <span class='ocrx_word' id='word_1_18' title='bbox 2081 351 2166 398; x_wconf 98' lang='grc' dir='ltr'><strong>εει</strong></span> <span class='ocrx_word' id='word_1_19' title='bbox 2193 347 2240 402; x_wconf 74' lang='grc' dir='ltr'><strong>Α</strong></span> <span class='ocrx_word' id='word_1_20' title='bbox 2265 351 2365 408; x_wconf 87' lang='grc' dir='ltr'>εει,</span> <span class='ocrx_word' id='word_1_21' title='bbox 2398 360 2504 400; x_wconf 91' lang='lat' dir='ltr'><strong>non</strong></span> <span class='ocrx_word' id='word_1_22' title='bbox 2533 361 2566 399; x_wconf 90' lang='lat' dir='ltr'><strong>a</strong></span> <span class='ocrx_word' id='word_1_23' title='bbox 2591 346 2718 411; x_wconf 88' lang='lat' dir='ltr'><strong>Deo,</strong></span> <span class='ocrx_word' id='word_1_24' title='bbox 2748 348 2842 402; x_wconf 89' lang='lat' dir='ltr'><strong>sed</strong></span> <span class='ocrx_word' id='word_1_25' title='bbox 2867 363 2900 403; x_wconf 84' lang='lat' dir='ltr'><strong>a</strong></span> <span class='ocrx_word' id='word_1_26' title='bbox 2924 347 3139 404; x_wconf 84' lang='lat' dir='ltr'><strong>diabolo</strong></span> <span class='ocrx_word' id='word_1_27' title='bbox 3157 358 3248 405; x_wconf 89' lang='lat' dir='ltr'><strong>est.</strong></span> <span class='ocrx_word' id='word_1_28' title='bbox 3289 349 3440 409; x_wconf 87' lang='lat' dir='ltr'><strong>Omne</strong></span> <span class='ocrx_word' id='word_1_29' title='bbox 3463 357 3576 412; x_wconf 88' lang='lat' dir='ltr'><strong>enim</strong></span> <span class='ocrx_word' id='word_1_30' title='bbox 3595 364 3688 431; x_wconf 67' lang='lat' dir='ltr'><strong>qum</strong></span> 
     </span>
    </p>
   </div>
   <div class='ocr_carea' id='block_1_4' title="bbox 603 435 2168 508">
    <p class='ocr_par' dir='ltr' id='par_1_4' title="bbox 603 435 2168 508">
     <span class='ocr_line' id='line_1_4' title="bbox 603 435 2168 508; baseline -0.003 -15"><span class='ocrx_word' id='word_1_31' title='bbox 603 439 898 508; x_wconf 64' lang='lat' dir='ltr'><strong>adoptione,</strong></span> <span class='ocrx_word' id='word_1_32' title='bbox 927 439 1020 494; x_wconf 90' lang='lat' dir='ltr'><strong>sed</strong></span> <span class='ocrx_word' id='word_1_33' title='bbox 1051 453 1266 508; x_wconf 79' lang='lat' dir='ltr'><strong>genere.</strong></span> <span class='ocrx_word' id='word_1_34' title='bbox 1297 437 1406 492; x_wconf 88' lang='lat' dir='ltr'><strong>Nec</strong></span> <span class='ocrx_word' id='word_1_35' title='bbox 1433 437 1594 492; x_wconf 92' lang='lat' dir='ltr'><strong>habet</strong></span> <span class='ocrx_word' id='word_1_36' title='bbox 1621 436 2063 491; x_wconf 75' lang='lat' dir='ltr'><strong>consuetudinem</strong></span> <span class='ocrx_word' id='word_1_37' title='bbox 2088 435 2168 490; x_wconf 91' lang='lat' dir='ltr'><strong>di-</strong></span> 
     </span>
    </p>
   </div>
   <div class='ocr_carea' id='block_1_5' title="bbox 597 523 2168 596">
    <p class='ocr_par' dir='ltr' id='par_1_5' title="bbox 597 523 2168 596">
     <span class='ocr_line' id='line_1_5' title="bbox 597 523 2168 596; baseline -0.003 -13"><span class='ocrx_word' id='word_1_38' title='bbox 597 543 754 583; x_wconf 88' lang='lat' dir='ltr'><strong>cere:</strong></span> <span class='ocrx_word' id='word_1_39' title='bbox 780 525 948 582; x_wconf 86' lang='lat' dir='ltr'><strong>Credo</strong></span> <span class='ocrx_word' id='word_1_40' title='bbox 989 528 1045 580; x_wconf 86' lang='lat' dir='ltr'><strong>in</strong></span> <span class='ocrx_word' id='word_1_41' title='bbox 1097 527 1259 583; x_wconf 84' lang='lat' dir='ltr'><strong>Deum</strong></span> <span class='ocrx_word' id='word_1_42' title='bbox 1299 526 1512 581; x_wconf 83' lang='lat' dir='ltr'><strong>Patrem</strong></span> <span class='ocrx_word' id='word_1_43' title='bbox 1551 527 1970 596; x_wconf 68' lang='lat' dir='ltr'><strong>omnipotentem,</strong></span> <span class='ocrx_word' id='word_1_44' title='bbox 2019 533 2072 579; x_wconf 90' lang='lat' dir='ltr'><strong>et</strong></span> <span class='ocrx_word' id='word_1_45' title='bbox 2113 523 2168 578; x_wconf 91' lang='lat' dir='ltr'><strong>in</strong></span> 
     </span>
    </p>
   </div>
   <div class='ocr_carea' id='block_1_6' title="bbox 596 616 2169 689">
    <p class='ocr_par' dir='ltr' id='par_1_6' title="bbox 596 616 2169 689">
     <span class='ocr_line' id='line_1_6' title="bbox 596 616 2169 689; baseline -0.001 -17"><span class='ocrx_word' id='word_1_46' title='bbox 596 619 788 674; x_wconf 83' lang='lat' dir='ltr'><strong>Filium</strong></span> <span class='ocrx_word' id='word_1_47' title='bbox 817 617 950 686; x_wconf 88' lang='lat' dir='ltr'><strong>ejus,</strong></span> <span class='ocrx_word' id='word_1_48' title='bbox 991 619 1083 689; x_wconf 87' lang='lat' dir='ltr'><strong>qui</strong></span> <span class='ocrx_word' id='word_1_49' title='bbox 1113 619 1366 674; x_wconf 81' lang='lat' dir='ltr'><strong>deitatem</strong></span> <span class='ocrx_word' id='word_1_50' title='bbox 1388 633 1538 672; x_wconf 87' lang='lat' dir='ltr'><strong>suam</strong></span> <span class='ocrx_word' id='word_1_51' title='bbox 1569 616 1883 682; x_wconf 79' lang='lat' dir='ltr'><strong>exinanivit;</strong></span> <span class='ocrx_word' id='word_1_52' title='bbox 1923 617 2169 688; x_wconf 82' lang='lat' dir='ltr'><strong>apparuit</strong></span> 
     </span>
    </p>
   </div>
   <div class='ocr_carea' id='block_1_7' title="bbox 595 708 2167 780">
    <p class='ocr_par' dir='ltr' id='par_1_7' title="bbox 595 708 2167 780">
     <span class='ocr_line' id='line_1_7' title="bbox 595 708 2167 780; baseline 0.001 -16"><span class='ocrx_word' id='word_1_53' title='bbox 595 727 648 765; x_wconf 86' lang='lat' dir='ltr'><strong>in</strong></span> <span class='ocrx_word' id='word_1_54' title='bbox 674 712 872 766; x_wconf 92' lang='lat' dir='ltr'><strong>mundo</strong></span> <span class='ocrx_word' id='word_1_55' title='bbox 908 725 1006 780; x_wconf 91' lang='lat' dir='ltr'><strong>per</strong></span> <span class='ocrx_word' id='word_1_56' title='bbox 1035 708 1292 779; x_wconf 81' lang='lat' dir='ltr'><strong>subjectae</strong></span> <span class='ocrx_word' id='word_1_57' title='bbox 1320 717 1582 764; x_wconf 64' lang='lat' dir='ltr'><strong>creaturae</strong></span> <span class='ocrx_word' id='word_1_58' title='bbox 1604 709 1836 778; x_wconf 83' lang='lat' dir='ltr'><strong>speciem</strong></span> <span class='ocrx_word' id='word_1_59' title='bbox 1863 724 1986 764; x_wconf 93' lang='lat' dir='ltr'><strong>cum</strong></span> <span class='ocrx_word' id='word_1_60' title='bbox 2007 708 2167 767; x_wconf 84' lang='lat' dir='ltr'><strong>Patre</strong></span> 
     </span>
    </p>
   </div>
   <div class='ocr_carea' id='block_1_8' title="bbox 593 797 2169 870">
    <p class='ocr_par' dir='ltr' id='par_1_8' title="bbox 593 797 2169 870">
     <span class='ocr_line' id='line_1_8' title="bbox 593 797 2169 870; baseline 0 -14"><span class='ocrx_word' id='word_1_61' title='bbox 593 809 648 856; x_wconf 88' lang='lat' dir='ltr'><strong>et</strong></span> <span class='ocrx_word' id='word_1_62' title='bbox 676 800 878 870; x_wconf 84' lang='lat' dir='ltr'><strong>Spiritu</strong></span> <span class='ocrx_word' id='word_1_63' title='bbox 902 807 1108 865; x_wconf 89' lang='lat' dir='ltr'><strong>sancto,</strong></span> <span class='ocrx_word' id='word_1_64' title='bbox 1132 799 1362 854; x_wconf 59' lang='lat' dir='ltr'><strong>Abrahae</strong></span> <span class='ocrx_word' id='word_1_65' title='bbox 1382 799 1437 852; x_wconf 79' lang='lat' dir='ltr'><strong>in</strong></span> <span class='ocrx_word' id='word_1_66' title='bbox 1463 799 1549 869; x_wconf 81' lang='lat' dir='ltr'><strong>ipa</strong></span> <span class='ocrx_word' id='word_1_67' title='bbox 1574 797 1772 868; x_wconf 77' lang='lat' dir='ltr'><strong>fervore</strong></span> <span class='ocrx_word' id='word_1_68' title='bbox 1796 799 1932 861; x_wconf 78' lang='lat' dir='ltr'><strong>diei;</strong></span> <span class='ocrx_word' id='word_1_69' title='bbox 1959 799 2052 868; x_wconf 88' lang='lat' dir='ltr'><strong>qui</strong></span> <span class='ocrx_word' id='word_1_70' title='bbox 2084 808 2169 857; x_wconf 81' lang='lat' dir='ltr'><strong>est</strong></span> 
     </span>
    </p>
   </div>
   <div class='ocr_carea' id='block_1_9' title="bbox 593 887 2169 961">
    <p class='ocr_par' dir='ltr' id='par_1_9' title="bbox 593 887 2169 961">
     <span class='ocr_line' id='line_1_9' title="bbox 593 887 2169 961; baseline 0 -15"><span class='ocrx_word' id='word_1_71' title='bbox 593 891 878 961; x_wconf 81' lang='lat' dir='ltr'><strong>adoptivus.</strong></span> <span class='ocrx_word' id='word_1_72' title='bbox 923 889 1275 954; x_wconf 83' lang='lat' dir='ltr'><strong>humanitate,</strong></span> <span class='ocrx_word' id='word_1_73' title='bbox 1308 897 1362 942; x_wconf 88' lang='lat' dir='ltr'><strong>et</strong></span> <span class='ocrx_word' id='word_1_74' title='bbox 1396 903 1735 957; x_wconf 86' lang='lat' dir='ltr'><strong>nequaquam</strong></span> <span class='ocrx_word' id='word_1_75' title='bbox 1773 889 2054 958; x_wconf 77' lang='lat' dir='ltr'><strong>adoptivus</strong></span> <span class='ocrx_word' id='word_1_76' title='bbox 2087 887 2169 946; x_wconf 91' lang='lat' dir='ltr'><strong>di.-</strong></span> 
     </span>
    </p>
   </div>
   <div class='ocr_carea' id='block_1_10' title="bbox 597 977 2166 1036">
    <p class='ocr_par' dir='ltr' id='par_1_10' title="bbox 597 977 2166 1036">
     <span class='ocr_line' id='line_1_10' title="bbox 597 977 2166 1036; baseline -0.004 0"><span class='ocrx_word' id='word_1_77' title='bbox 597 982 836 1036; x_wconf 87' lang='lat' dir='ltr'><strong>vinitate.</strong></span> <span class='ocrx_word' id='word_1_78' title='bbox 869 979 996 1035; x_wconf 67' lang='lat' dir='ltr'><strong>Haec</strong></span> <span class='ocrx_word' id='word_1_79' title='bbox 1026 978 1160 1034; x_wconf 82' lang='lat' dir='ltr'><strong>fides</strong></span> <span class='ocrx_word' id='word_1_80' title='bbox 1194 986 1286 1033; x_wconf 88' lang='lat' dir='ltr'><strong>tua</strong></span> <span class='ocrx_word' id='word_1_81' title='bbox 1317 986 1418 1032; x_wconf 89' lang='lat' dir='ltr'><strong>est.</strong></span> <span class='ocrx_word' id='word_1_82' title='bbox 1443 977 1580 1031; x_wconf 85' lang='lat' dir='ltr'><strong>Nam</strong></span> <span class='ocrx_word' id='word_1_83' title='bbox 1613 977 1666 1031; x_wconf 91' lang='lat' dir='ltr'><strong>in</strong></span> <span class='ocrx_word' id='word_1_84' title='bbox 1693 984 1806 1032; x_wconf 90' lang='lat' dir='ltr'><strong>toto</strong></span> <span class='ocrx_word' id='word_1_85' title='bbox 1830 979 2028 1032; x_wconf 89' lang='lat' dir='ltr'><strong>mundo</strong></span> <span class='ocrx_word' id='word_1_86' title='bbox 2059 991 2166 1032; x_wconf 88' lang='lat' dir='ltr'><strong>non</strong></span> 
     </span>
    </p>
   </div>
   <div class='ocr_carea' id='block_1_11' title="bbox 593 1064 2168 1136">
    <p class='ocr_par' dir='ltr' id='par_1_11' title="bbox 593 1064 2168 1136">
     <span class='ocr_line' id='line_1_11' title="bbox 593 1064 2168 1136; baseline -0.001 -12"><span class='ocrx_word' id='word_1_87' title='bbox 593 1081 695 1124; x_wconf 88' lang='lat' dir='ltr'><strong>est.</strong></span> <span class='ocrx_word' id='word_1_88' title='bbox 735 1067 889 1136; x_wconf 86' lang='lat' dir='ltr'><strong>Quod</strong></span> <span class='ocrx_word' id='word_1_89' title='bbox 911 1067 956 1122; x_wconf 90' lang='lat' dir='ltr'><strong>si</strong></span> <span class='ocrx_word' id='word_1_90' title='bbox 983 1081 1168 1121; x_wconf 86' lang='lat' dir='ltr'><strong>verum</strong></span> <span class='ocrx_word' id='word_1_91' title='bbox 1197 1081 1305 1122; x_wconf 88' lang='lat' dir='ltr'><strong>non</strong></span> <span class='ocrx_word' id='word_1_92' title='bbox 1339 1064 1591 1130; x_wconf 86' lang='lat' dir='ltr'><strong>dicimus,</strong></span> <span class='ocrx_word' id='word_1_93' title='bbox 1631 1065 2024 1136; x_wconf 81' lang='lat' dir='ltr'><strong>interrogemus</strong></span> <span class='ocrx_word' id='word_1_94' title='bbox 2053 1081 2168 1122; x_wconf 87' lang='lat' dir='ltr'><strong>om-</strong></span> 
     </span>
    </p>
   </div>
   <div class='ocr_carea' id='block_1_12' title="bbox 593 1143 2166 1228">
    <p class='ocr_par' dir='ltr' id='par_1_12' title="bbox 593 1143 2166 1228">
     <span class='ocr_line' id='line_1_12' title="bbox 593 1143 2166 1228; baseline -0.001 -14"><span class='ocrx_word' id='word_1_95' title='bbox 593 1176 714 1214; x_wconf 89' lang='lat' dir='ltr'><strong>nem</strong></span> <span class='ocrx_word' id='word_1_96' title='bbox 740 1143 1036 1214; x_wconf 79' lang='lat' dir='ltr'><strong>Ecclesiani</strong></span> <span class='ocrx_word' id='word_1_97' title='bbox 1064 1157 1412 1222; x_wconf 72' lang='lat' dir='ltr'><strong>catholicam,</strong></span> <span class='ocrx_word' id='word_1_98' title='bbox 1449 1156 1496 1212; x_wconf 91' lang='lat' dir='ltr'><strong>si</strong></span> <span class='ocrx_word' id='word_1_99' title='bbox 1529 1157 1851 1228; x_wconf 81' lang='lat' dir='ltr'><strong>generaliter</strong></span> <span class='ocrx_word' id='word_1_100' title='bbox 1871 1172 1967 1227; x_wconf 88' lang='lat' dir='ltr'><strong>per</strong></span> <span class='ocrx_word' id='word_1_101' title='bbox 1995 1164 2166 1212; x_wconf 84' lang='lat' dir='ltr'><strong>totum</strong></span> 
     </span>
    </p>
   </div>
   <div class='ocr_carea' id='block_1_13' title="bbox 593 1248 2164 1318">
    <p class='ocr_par' dir='ltr' id='par_1_13' title="bbox 593 1248 2164 1318">
     <span class='ocr_line' id='line_1_13' title="bbox 593 1248 2164 1318; baseline -0.002 -12"><span class='ocrx_word' id='word_1_102' title='bbox 593 1251 847 1306; x_wconf 89' lang='lat' dir='ltr'><strong>mundum</strong></span> <span class='ocrx_word' id='word_1_103' title='bbox 893 1249 1015 1306; x_wconf 88' lang='lat' dir='ltr'><strong>talis</strong></span> <span class='ocrx_word' id='word_1_104' title='bbox 1064 1249 1195 1304; x_wconf 81' lang='lat' dir='ltr'><strong>ﬁdes</strong></span> <span class='ocrx_word' id='word_1_105' title='bbox 1235 1259 1338 1304; x_wconf 90' lang='lat' dir='ltr'><strong>est.</strong></span> <span class='ocrx_word' id='word_1_106' title='bbox 1375 1248 1700 1318; x_wconf 84' lang='lat' dir='ltr'><strong>Requiratur</strong></span> <span class='ocrx_word' id='word_1_107' title='bbox 1728 1249 1860 1303; x_wconf 89' lang='lat' dir='ltr'><strong>ordo</strong></span> <span class='ocrx_word' id='word_1_108' title='bbox 1890 1249 2164 1318; x_wconf 72' lang='lat' dir='ltr'><strong>baptismi,</strong></span> 
     </span>
    </p>
   </div>
   <div class='ocr_carea' id='block_1_14' title="bbox 593 1337 2164 1411">
    <p class='ocr_par' dir='ltr' id='par_1_14' title="bbox 593 1337 2164 1411">
     <span class='ocr_line' id='line_1_14' title="bbox 593 1337 2164 1411; baseline -0.001 -18"><span class='ocrx_word' id='word_1_109' title='bbox 593 1347 645 1394; x_wconf 87' lang='lat' dir='ltr'><strong>et</strong></span> <span class='ocrx_word' id='word_1_110' title='bbox 696 1339 1010 1411; x_wconf 77' lang='lat' dir='ltr'><strong>Symbolum</strong></span> <span class='ocrx_word' id='word_1_111' title='bbox 1053 1355 1084 1392; x_wconf 91' lang='lat' dir='ltr'><strong>a</strong></span> <span class='ocrx_word' id='word_1_112' title='bbox 1135 1338 1414 1394; x_wconf 90' lang='lat' dir='ltr'><strong>duodecim</strong></span> <span class='ocrx_word' id='word_1_113' title='bbox 1469 1337 1726 1408; x_wconf 86' lang='lat' dir='ltr'><strong>apostolis</strong></span> <span class='ocrx_word' id='word_1_114' title='bbox 1785 1339 2164 1408; x_wconf 88' lang='lat' dir='ltr'><strong>compositum,</strong></span> 
     </span>
    </p>
   </div>
   <div class='ocr_carea' id='block_1_15' title="bbox 591 1427 2168 1500">
    <p class='ocr_par' dir='ltr' id='par_1_15' title="bbox 591 1427 2168 1500">
     <span class='ocr_line' id='line_1_15' title="bbox 591 1427 2168 1500; baseline -0.001 -15"><span class='ocrx_word' id='word_1_115' title='bbox 591 1445 749 1500; x_wconf 89' lang='lat' dir='ltr'><strong>quem</strong></span> <span class='ocrx_word' id='word_1_116' title='bbox 799 1429 964 1490; x_wconf 85' lang='lat' dir='ltr'><strong>habet</strong></span> <span class='ocrx_word' id='word_1_117' title='bbox 1021 1427 1259 1484; x_wconf 87' lang='lat' dir='ltr'><strong>Ecclesia</strong></span> <span class='ocrx_word' id='word_1_118' title='bbox 1305 1429 1590 1491; x_wconf 89' lang='lat' dir='ltr'><strong>traditum,</strong></span> <span class='ocrx_word' id='word_1_119' title='bbox 1633 1443 1731 1499; x_wconf 91' lang='lat' dir='ltr'><strong>pro</strong></span> <span class='ocrx_word' id='word_1_120' title='bbox 1781 1444 1888 1498; x_wconf 90' lang='lat' dir='ltr'><strong>quo</strong></span> <span class='ocrx_word' id='word_1_121' title='bbox 1927 1429 2168 1498; x_wconf 80' lang='lat' dir='ltr'><strong>baptizat</strong></span> 
     </span>
    </p>
   </div>
   <div class='ocr_carea' id='block_1_16' title="bbox 588 1517 2163 1588">
    <p class='ocr_par' dir='ltr' id='par_1_16' title="bbox 588 1517 2163 1588">
     <span class='ocr_line' id='line_1_16' title="bbox 588 1517 2163 1588; baseline -0.001 -16"><span class='ocrx_word' id='word_1_122' title='bbox 588 1518 729 1572; x_wconf 86' lang='lat' dir='ltr'><strong>ﬁlios</strong></span> <span class='ocrx_word' id='word_1_123' title='bbox 768 1533 914 1584; x_wconf 87' lang='lat' dir='ltr'><strong>suos,</strong></span> <span class='ocrx_word' id='word_1_124' title='bbox 955 1517 1072 1572; x_wconf 90' lang='lat' dir='ltr'><strong>sine</strong></span> <span class='ocrx_word' id='word_1_125' title='bbox 1113 1532 1219 1588; x_wconf 90' lang='lat' dir='ltr'><strong>quo</strong></span> <span class='ocrx_word' id='word_1_126' title='bbox 1257 1532 1363 1572; x_wconf 92' lang='lat' dir='ltr'><strong>non</strong></span> <span class='ocrx_word' id='word_1_127' title='bbox 1405 1517 1608 1588; x_wconf 90' lang='lat' dir='ltr'><strong>poterit</strong></span> <span class='ocrx_word' id='word_1_128' title='bbox 1653 1530 1773 1572; x_wconf 85' lang='lat' dir='ltr'><strong>esse</strong></span> <span class='ocrx_word' id='word_1_129' title='bbox 1815 1518 2163 1588; x_wconf 89' lang='lat' dir='ltr'><strong>baptismum.</strong></span> 
     </span>
    </p>
   </div>
   <div class='ocr_carea' id='block_1_17' title="bbox 591 1604 2166 1683">
    <p class='ocr_par' dir='ltr' id='par_1_17' title="bbox 591 1604 2166 1683">
     <span class='ocr_line' id='line_1_17' title="bbox 591 1604 2166 1683; baseline -0.001 -17"><span class='ocrx_word' id='word_1_130' title='bbox 591 1610 890 1683; x_wconf 69' lang='lat' dir='ltr'><strong>Requirant</strong></span> <span class='ocrx_word' id='word_1_131' title='bbox 919 1619 974 1667; x_wconf 91' lang='lat' dir='ltr'><strong>et</strong></span> <span class='ocrx_word' id='word_1_132' title='bbox 1000 1604 1300 1680; x_wconf 78' lang='lat' dir='ltr'><strong>symbolum</strong></span> <span class='ocrx_word' id='word_1_133' title='bbox 1331 1617 1695 1665; x_wconf 84' lang='lat' dir='ltr'><strong>trecentorum</strong></span> <span class='ocrx_word' id='word_1_134' title='bbox 1725 1607 1944 1663; x_wconf 87' lang='lat' dir='ltr'><strong>Patrum</strong></span> <span class='ocrx_word' id='word_1_135' title='bbox 1973 1611 2166 1665; x_wconf 76' lang='lat' dir='ltr'><strong>adver-</strong></span> 
     </span>
    </p>
   </div>
   <div class='ocr_carea' id='block_1_18' title="bbox 2269 435 3683 512">
    <p class='ocr_par' dir='ltr' id='par_1_18' title="bbox 2269 435 3683 512">
     <span class='ocr_line' id='line_1_18' title="bbox 2269 435 3683 512; baseline 0.011 -23"><span class='ocrx_word' id='word_1_136' title='bbox 2269 435 2396 504; x_wconf 89' lang='lat' dir='ltr'><strong>quid</strong></span> <span class='ocrx_word' id='word_1_137' title='bbox 2422 444 2505 492; x_wconf 89' lang='lat' dir='ltr'><strong>est</strong></span> <span class='ocrx_word' id='word_1_138' title='bbox 2529 444 2584 492; x_wconf 90' lang='lat' dir='ltr'><strong>et</strong></span> <span class='ocrx_word' id='word_1_139' title='bbox 2606 438 2807 493; x_wconf 89' lang='lat' dir='ltr'><strong>malum</strong></span> <span class='ocrx_word' id='word_1_140' title='bbox 2835 445 2936 504; x_wconf 88' lang='lat' dir='ltr'><strong>est,</strong></span> <span class='ocrx_word' id='word_1_141' title='bbox 2963 446 3018 493; x_wconf 90' lang='lat' dir='ltr'><strong>et</strong></span> <span class='ocrx_word' id='word_1_142' title='bbox 3049 440 3324 497; x_wconf 88' lang='lat' dir='ltr'><strong>substantia</strong></span> <span class='ocrx_word' id='word_1_143' title='bbox 3348 459 3441 498; x_wconf 89' lang='lat' dir='ltr'><strong>non</strong></span> <span class='ocrx_word' id='word_1_144' title='bbox 3457 455 3542 512; x_wconf 86' lang='lat' dir='ltr'><strong>est,</strong></span> <span class='ocrx_word' id='word_1_145' title='bbox 3561 453 3683 509; x_wconf 65' lang='grc' dir='ltr'><strong>θιὼ</strong></span> 
     </span>
    </p>
   </div>
   <div class='ocr_carea' id='block_1_19' title="bbox 2267 523 3695 598">
    <p class='ocr_par' dir='ltr' id='par_1_19' title="bbox 2267 523 3695 598">
     <span class='ocr_line' id='line_1_19' title="bbox 2267 523 3695 598; baseline 0.011 -18"><span class='ocrx_word' id='word_1_146' title='bbox 2267 523 2390 580; x_wconf 91' lang='lat' dir='ltr'><strong>bolo</strong></span> <span class='ocrx_word' id='word_1_147' title='bbox 2407 534 2508 582; x_wconf 90' lang='lat' dir='ltr'><strong>est.</strong></span> <span class='ocrx_word' id='word_1_148' title='bbox 2529 525 2716 584; x_wconf 88' lang='lat' dir='ltr'><strong>Omnis</strong></span> <span class='ocrx_word' id='word_1_149' title='bbox 2744 534 2929 584; x_wconf 39' lang='lat' dir='ltr'><strong>tamen.</strong></span> <span class='ocrx_word' id='word_1_150' title='bbox 2946 528 3233 584; x_wconf 84' lang='lat' dir='ltr'><strong>substantia</strong></span> <span class='ocrx_word' id='word_1_151' title='bbox 3259 545 3286 584; x_wconf 90' lang='lat' dir='ltr'><strong>a</strong></span> <span class='ocrx_word' id='word_1_152' title='bbox 3314 531 3411 588; x_wconf 88' lang='lat' dir='ltr'><strong>Deo</strong></span> <span class='ocrx_word' id='word_1_153' title='bbox 3437 533 3556 591; x_wconf 85' lang='lat' dir='ltr'><strong>bono</strong></span> <span class='ocrx_word' id='word_1_154' title='bbox 3577 552 3695 598; x_wconf 73' lang='lat' dir='ltr'><strong>creata</strong></span> 
     </span>
    </p>
   </div>
   <div class='ocr_carea' id='block_1_20' title="bbox 2267 616 3686 697">
    <p class='ocr_par' dir='ltr' id='par_1_20' title="bbox 2267 616 3686 697">
     <span class='ocr_line' id='line_1_20' title="bbox 2267 616 3686 697; baseline 0.013 -28"><span class='ocrx_word' id='word_1_155' title='bbox 2267 616 2405 672; x_wconf 87' lang='lat' dir='ltr'><strong>bona</strong></span> <span class='ocrx_word' id='word_1_156' title='bbox 2443 625 2552 674; x_wconf 83' lang='lat' dir='ltr'><strong>est.</strong></span> <span class='ocrx_word' id='word_1_157' title='bbox 2578 617 2644 674; x_wconf 90' lang='lat' dir='ltr'><strong>Et</strong></span> <span class='ocrx_word' id='word_1_158' title='bbox 2665 620 2850 675; x_wconf 84' lang='lat' dir='ltr'><strong>tandiu</strong></span> <span class='ocrx_word' id='word_1_159' title='bbox 2875 619 3014 676; x_wconf 90' lang='lat' dir='ltr'><strong>bona</strong></span> <span class='ocrx_word' id='word_1_160' title='bbox 3048 628 3130 677; x_wconf 86' lang='lat' dir='ltr'><strong>est</strong></span> <span class='ocrx_word' id='word_1_161' title='bbox 3163 635 3414 692; x_wconf 83' lang='lat' dir='ltr'><strong>quousque</strong></span> <span class='ocrx_word' id='word_1_162' title='bbox 3434 625 3510 682; x_wconf 86' lang='lat' dir='ltr'><strong>illa</strong></span> <span class='ocrx_word' id='word_1_163' title='bbox 3527 629 3620 697; x_wconf 59' lang='lat' dir='ltr'><strong>Inoa</strong></span> <span class='ocrx_word' id='word_1_164' title='bbox 3639 631 3686 686; x_wconf 79' lang='lat' dir='ltr'><strong>In</strong></span> 
     </span>
    </p>
   </div>
   <div class='ocr_carea' id='block_1_21' title="bbox 2267 705 3569 776">
    <p class='ocr_par' dir='ltr' id='par_1_21' title="bbox 2267 705 3569 776">
     <span class='ocr_line' id='line_1_21' title="bbox 2267 705 3569 776; baseline 0.011 -16"><span class='ocrx_word' id='word_1_165' title='bbox 2267 705 2444 761; x_wconf 89' lang='lat' dir='ltr'><strong>huerit</strong></span> <span class='ocrx_word' id='word_1_166' title='bbox 2469 708 2612 776; x_wconf 92' lang='lat' dir='ltr'><strong>quod</strong></span> <span class='ocrx_word' id='word_1_167' title='bbox 2631 723 2698 764; x_wconf 80' lang='lat' dir='ltr'><strong>ex</strong></span> <span class='ocrx_word' id='word_1_168' title='bbox 2728 709 2942 766; x_wconf 82' lang='lat' dir='ltr'><strong>diabolo</strong></span> <span class='ocrx_word' id='word_1_169' title='bbox 2965 718 3066 766; x_wconf 90' lang='lat' dir='ltr'><strong>est.</strong></span> <span class='ocrx_word' id='word_1_170' title='bbox 3566 771 3569 774; x_wconf 89' lang='lat'><strong>.</strong></span> 
     </span>
    </p>
   </div>
   <div class='ocr_carea' id='block_1_22' title="bbox 2339 795 3696 868">
    <p class='ocr_par' dir='ltr' id='par_1_22' title="bbox 2339 795 3696 868">
     <span class='ocr_line' id='line_1_22' title="bbox 2339 795 3696 868; baseline 0.014 -20"><span class='ocrx_word' id='word_1_171' title='bbox 2339 795 2408 848; x_wconf 86' lang='lat' dir='ltr'><strong>X.</strong></span> <span class='ocrx_word' id='word_1_172' title='bbox 2440 795 2576 851; x_wconf 88' lang='lat' dir='ltr'><strong>Nam</strong></span> <span class='ocrx_word' id='word_1_173' title='bbox 2621 799 2804 854; x_wconf 83' lang='lat' dir='ltr'><strong>omnia</strong></span> <span class='ocrx_word' id='word_1_174' title='bbox 2853 813 2972 868; x_wconf 84' lang='lat' dir='ltr'><strong>quae</strong></span> <span class='ocrx_word' id='word_1_175' title='bbox 3015 799 3155 856; x_wconf 86' lang='lat' dir='ltr'><strong>facta</strong></span> <span class='ocrx_word' id='word_1_176' title='bbox 3196 811 3312 858; x_wconf 83' lang='lat' dir='ltr'><strong>sunt</strong></span> <span class='ocrx_word' id='word_1_177' title='bbox 3333 819 3362 859; x_wconf 88' lang='lat' dir='ltr'><strong>a</strong></span> <span class='ocrx_word' id='word_1_178' title='bbox 3385 804 3482 862; x_wconf 88' lang='lat' dir='ltr'><strong>Deo</strong></span> <span class='ocrx_word' id='word_1_179' title='bbox 3507 806 3590 864; x_wconf 84' lang='lat' dir='ltr'><strong>duo</strong></span> <span class='ocrx_word' id='word_1_180' title='bbox 3615 818 3696 867; x_wconf 79' lang='lat' dir='ltr'><strong>sunt</strong></span> 
     </span>
    </p>
   </div>
   <div class='ocr_carea' id='block_1_23' title="bbox 2268 887 3698 972">
    <p class='ocr_par' dir='ltr' id='par_1_23' title="bbox 2268 887 3698 972">
     <span class='ocr_line' id='line_1_23' title="bbox 2268 887 3698 972; baseline 0.011 -33"><span class='ocrx_word' id='word_1_181' title='bbox 2268 892 2498 952; x_wconf 89' lang='lat' dir='ltr'><strong>tantum,</strong></span> <span class='ocrx_word' id='word_1_182' title='bbox 2535 887 2591 942; x_wconf 94' lang='lat' dir='ltr'><strong>id</strong></span> <span class='ocrx_word' id='word_1_183' title='bbox 2631 895 2736 956; x_wconf 90' lang='lat' dir='ltr'><strong>est,</strong></span> <span class='ocrx_word' id='word_1_184' title='bbox 2781 904 2976 960; x_wconf 89' lang='lat' dir='ltr'><strong>corpus</strong></span> <span class='ocrx_word' id='word_1_185' title='bbox 3007 899 3062 946; x_wconf 88' lang='lat' dir='ltr'><strong>et</strong></span> <span class='ocrx_word' id='word_1_186' title='bbox 3083 893 3308 962; x_wconf 86' lang='lat' dir='ltr'><strong>spiritus.</strong></span> <span class='ocrx_word' id='word_1_187' title='bbox 3329 894 3530 967; x_wconf 75' lang='lat' dir='ltr'><strong>Angelus</strong></span> <span class='ocrx_word' id='word_1_188' title='bbox 3553 902 3698 972; x_wconf 64' lang='grc' dir='ltr'><strong>εειειιίἱ</strong></span> 
     </span>
    </p>
   </div>
   <div class='ocr_carea' id='block_1_24' title="bbox 2266 975 3694 1053">
    <p class='ocr_par' dir='ltr' id='par_1_24' title="bbox 2266 975 3694 1053">
     <span class='ocr_line' id='line_1_24' title="bbox 2266 975 3694 1053; baseline 0.011 -24"><span class='ocrx_word' id='word_1_189' title='bbox 2266 975 2422 1041; x_wconf 89' lang='lat' dir='ltr'><strong>ritus,</strong></span> <span class='ocrx_word' id='word_1_190' title='bbox 2468 977 2701 1034; x_wconf 90' lang='lat' dir='ltr'><strong>mundus</strong></span> <span class='ocrx_word' id='word_1_191' title='bbox 2744 993 2874 1034; x_wconf 86' lang='lat' dir='ltr'><strong>vero</strong></span> <span class='ocrx_word' id='word_1_192' title='bbox 2909 995 3118 1053; x_wconf 89' lang='lat' dir='ltr'><strong>corpus,</strong></span> <span class='ocrx_word' id='word_1_193' title='bbox 3166 982 3316 1038; x_wconf 89' lang='lat' dir='ltr'><strong>homo</strong></span> <span class='ocrx_word' id='word_1_194' title='bbox 3353 992 3507 1043; x_wconf 86' lang='lat' dir='ltr'><strong>tamen</strong></span> <span class='ocrx_word' id='word_1_195' title='bbox 3530 987 3694 1045; x_wconf 81' lang='lat' dir='ltr'><strong>solusex</strong></span> 
     </span>
    </p>
   </div>
   <div class='ocr_carea' id='block_1_25' title="bbox 2265 1067 3686 1144">
    <p class='ocr_par' dir='ltr' id='par_1_25' title="bbox 2265 1067 3686 1144">
     <span class='ocr_line' id='line_1_25' title="bbox 2265 1067 3686 1144; baseline 0.01 -25"><span class='ocrx_word' id='word_1_196' title='bbox 2265 1073 2494 1136; x_wconf 88' lang='lat' dir='ltr'><strong>utraque</strong></span> <span class='ocrx_word' id='word_1_197' title='bbox 2525 1067 2892 1137; x_wconf 76' lang='lat' dir='ltr'><strong>componitur,</strong></span> <span class='ocrx_word' id='word_1_198' title='bbox 2918 1068 2973 1124; x_wconf 90' lang='lat' dir='ltr'><strong>id</strong></span> <span class='ocrx_word' id='word_1_199' title='bbox 2996 1077 3103 1136; x_wconf 84' lang='lat' dir='ltr'><strong>est,</strong></span> <span class='ocrx_word' id='word_1_200' title='bbox 3124 1085 3338 1141; x_wconf 85' lang='lat' dir='ltr'><strong>corpore</strong></span> <span class='ocrx_word' id='word_1_201' title='bbox 3360 1080 3408 1128; x_wconf 91' lang='lat' dir='ltr'><strong>et</strong></span> <span class='ocrx_word' id='word_1_202' title='bbox 3430 1075 3596 1144; x_wconf 82' lang='lat' dir='ltr'><strong>spiritu.</strong></span> <span class='ocrx_word' id='word_1_203' title='bbox 3617 1078 3686 1134; x_wconf 84' lang='lat' dir='ltr'><strong>Ter</strong></span> 
     </span>
    </p>
   </div>
   <div class='ocr_carea' id='block_1_26' title="bbox 2267 1157 3697 1238">
    <p class='ocr_par' dir='ltr' id='par_1_26' title="bbox 2267 1157 3697 1238">
     <span class='ocr_line' id='line_1_26' title="bbox 2267 1157 3697 1238; baseline 0.008 -27"><span class='ocrx_word' id='word_1_204' title='bbox 2267 1157 2339 1212; x_wconf 91' lang='lat' dir='ltr'><strong>tia</strong></span> <span class='ocrx_word' id='word_1_205' title='bbox 2361 1165 2446 1212; x_wconf 87' lang='lat' dir='ltr'><strong>est</strong></span> <span class='ocrx_word' id='word_1_206' title='bbox 2468 1158 2699 1228; x_wconf 82' lang='lat' dir='ltr'><strong>qualitas</strong></span> <span class='ocrx_word' id='word_1_207' title='bbox 2729 1159 2904 1230; x_wconf 87' lang='lat' dir='ltr'><strong>angeli</strong></span> <span class='ocrx_word' id='word_1_208' title='bbox 2944 1169 2999 1215; x_wconf 89' lang='lat' dir='ltr'><strong>et</strong></span> <span class='ocrx_word' id='word_1_209' title='bbox 3039 1161 3290 1227; x_wconf 88' lang='lat' dir='ltr'><strong>hominis;</strong></span> <span class='ocrx_word' id='word_1_210' title='bbox 3325 1179 3428 1233; x_wconf 64' lang='lat' dir='ltr'><strong>quae</strong></span> <span class='ocrx_word' id='word_1_211' title='bbox 3462 1181 3542 1221; x_wconf 90' lang='lat' dir='ltr'><strong>nec</strong></span> <span class='ocrx_word' id='word_1_212' title='bbox 3571 1183 3697 1238; x_wconf 75' lang='lat' dir='ltr'><strong>corpu</strong></span> 
     </span>
    </p>
   </div>
   <div class='ocr_carea' id='block_1_27' title="bbox 2264 1250 3700 1324">
    <p class='ocr_par' dir='ltr' id='par_1_27' title="bbox 2264 1250 3700 1324">
     <span class='ocr_line' id='line_1_27' title="bbox 2264 1250 3700 1324; baseline 0.007 -20"><span class='ocrx_word' id='word_1_213' title='bbox 2264 1257 2348 1304; x_wconf 90' lang='lat' dir='ltr'><strong>est</strong></span> <span class='ocrx_word' id='word_1_214' title='bbox 2389 1265 2490 1306; x_wconf 89' lang='lat' dir='ltr'><strong>nec</strong></span> <span class='ocrx_word' id='word_1_215' title='bbox 2533 1250 2774 1320; x_wconf 76' lang='lat' dir='ltr'><strong>spiritus,</strong></span> <span class='ocrx_word' id='word_1_216' title='bbox 2817 1261 2873 1307; x_wconf 89' lang='lat' dir='ltr'><strong>et</strong></span> <span class='ocrx_word' id='word_1_217' title='bbox 2917 1260 3095 1310; x_wconf 85' lang='lat' dir='ltr'><strong>tamen</strong></span> <span class='ocrx_word' id='word_1_218' title='bbox 3140 1263 3242 1320; x_wconf 88' lang='lat' dir='ltr'><strong>est,</strong></span> <span class='ocrx_word' id='word_1_219' title='bbox 3267 1256 3381 1324; x_wconf 86' lang='lat' dir='ltr'><strong>quia</strong></span> <span class='ocrx_word' id='word_1_220' title='bbox 3404 1258 3512 1314; x_wconf 87' lang='lat' dir='ltr'><strong>nihil</strong></span> <span class='ocrx_word' id='word_1_221' title='bbox 3532 1275 3612 1314; x_wconf 88' lang='lat' dir='ltr'><strong>non</strong></span> <span class='ocrx_word' id='word_1_222' title='bbox 3634 1269 3700 1314; x_wconf 88' lang='lat' dir='ltr'><strong>est.</strong></span> 
     </span>
    </p>
   </div>
   <div class='ocr_carea' id='block_1_28' title="bbox 2267 1337 3698 1411">
    <p class='ocr_par' dir='ltr' id='par_1_28' title="bbox 2267 1337 3698 1411">
     <span class='ocr_line' id='line_1_28' title="bbox 2267 1337 3698 1411; baseline 0.008 -20"><span class='ocrx_word' id='word_1_223' title='bbox 2267 1337 2396 1406; x_wconf 74' lang='lat' dir='ltr'><strong>Quae</strong></span> <span class='ocrx_word' id='word_1_224' title='bbox 2417 1349 2470 1394; x_wconf 91' lang='lat' dir='ltr'><strong>et</strong></span> <span class='ocrx_word' id='word_1_225' title='bbox 2507 1338 2621 1408; x_wconf 89' lang='lat' dir='ltr'><strong>ipsa</strong></span> <span class='ocrx_word' id='word_1_226' title='bbox 2655 1339 2888 1411; x_wconf 85' lang='lat' dir='ltr'><strong>qualitas</strong></span> <span class='ocrx_word' id='word_1_227' title='bbox 2912 1357 3022 1397; x_wconf 89' lang='lat' dir='ltr'><strong>non</strong></span> <span class='ocrx_word' id='word_1_228' title='bbox 3047 1342 3100 1398; x_wconf 92' lang='lat' dir='ltr'><strong>in</strong></span> <span class='ocrx_word' id='word_1_229' title='bbox 3123 1358 3180 1400; x_wconf 85' lang='lat' dir='ltr'><strong>se</strong></span> <span class='ocrx_word' id='word_1_230' title='bbox 3205 1353 3298 1408; x_wconf 77' lang='lat' dir='ltr'><strong>est.</strong></span> <span class='ocrx_word' id='word_1_231' title='bbox 3326 1346 3408 1400; x_wconf 89' lang='lat' dir='ltr'><strong>sed</strong></span> <span class='ocrx_word' id='word_1_232' title='bbox 3428 1347 3474 1401; x_wconf 90' lang='lat' dir='ltr'><strong>in</strong></span> <span class='ocrx_word' id='word_1_233' title='bbox 3496 1348 3698 1403; x_wconf 70' lang='lat' dir='ltr'><strong>substantia</strong></span> 
     </span>
    </p>
   </div>
   <div class='ocr_carea' id='block_1_29' title="bbox 2265 1432 3690 1504">
    <p class='ocr_par' dir='ltr' id='par_1_29' title="bbox 2265 1432 3690 1504">
     <span class='ocr_line' id='line_1_29' title="bbox 2265 1432 3690 1504; baseline 0.004 -18"><span class='ocrx_word' id='word_1_234' title='bbox 2265 1437 2367 1496; x_wconf 88' lang='lat' dir='ltr'><strong>est,</strong></span> <span class='ocrx_word' id='word_1_235' title='bbox 2395 1438 2450 1485; x_wconf 90' lang='lat' dir='ltr'><strong>et</strong></span> <span class='ocrx_word' id='word_1_236' title='bbox 2475 1432 2773 1487; x_wconf 84' lang='lat' dir='ltr'><strong>substantia</strong></span> <span class='ocrx_word' id='word_1_237' title='bbox 2797 1446 2919 1489; x_wconf 88' lang='lat' dir='ltr'><strong>esse</strong></span> <span class='ocrx_word' id='word_1_238' title='bbox 2945 1449 3054 1492; x_wconf 84' lang='lat' dir='ltr'><strong>non</strong></span> <span class='ocrx_word' id='word_1_239' title='bbox 3071 1443 3252 1504; x_wconf 87' lang='lat' dir='ltr'><strong>potest</strong></span> <span class='ocrx_word' id='word_1_240' title='bbox 3273 1453 3286 1490; x_wconf 85' lang='lat'><strong>:</strong></span> <span class='ocrx_word' id='word_1_241' title='bbox 3309 1445 3366 1490; x_wconf 86' lang='grc' dir='ltr'><strong>ιιι</strong></span> <span class='ocrx_word' id='word_1_242' title='bbox 3404 1437 3543 1494; x_wconf 84' lang='lat' dir='ltr'><strong>bonus</strong></span> <span class='ocrx_word' id='word_1_243' title='bbox 3567 1445 3608 1493; x_wconf 88' lang='lat' dir='ltr'><strong>et</strong></span> <span class='ocrx_word' id='word_1_244' title='bbox 3625 1453 3690 1492; x_wconf 52' lang='lat' dir='ltr'><strong>ma.</strong></span> 
     </span>
    </p>
   </div>
   <div class='ocr_carea' id='block_1_30' title="bbox 2265 1519 3698 1598">
    <p class='ocr_par' dir='ltr' id='par_1_30' title="bbox 2265 1519 3698 1598">
     <span class='ocr_line' id='line_1_30' title="bbox 2265 1519 3698 1598; baseline 0.006 -24"><span class='ocrx_word' id='word_1_245' title='bbox 2265 1519 2366 1576; x_wconf 91' lang='lat' dir='ltr'><strong>lus.</strong></span> <span class='ocrx_word' id='word_1_246' title='bbox 2409 1521 2539 1577; x_wconf 67' lang='lat' dir='ltr'><strong>Haec</strong></span> <span class='ocrx_word' id='word_1_247' title='bbox 2572 1522 2808 1592; x_wconf 85' lang='lat' dir='ltr'><strong>qualitas</strong></span> <span class='ocrx_word' id='word_1_248' title='bbox 2847 1523 2904 1578; x_wconf 92' lang='lat' dir='ltr'><strong>in</strong></span> <span class='ocrx_word' id='word_1_249' title='bbox 2942 1525 3262 1580; x_wconf 87' lang='lat' dir='ltr'><strong>substantia.</strong></span> <span class='ocrx_word' id='word_1_250' title='bbox 3306 1526 3508 1582; x_wconf 87' lang='lat' dir='ltr'><strong>Dicimus</strong></span> <span class='ocrx_word' id='word_1_251' title='bbox 3537 1529 3698 1598; x_wconf 74' lang='lat' dir='ltr'><strong>angelum</strong></span> 
     </span>
    </p>
   </div>
   <div class='ocr_carea' id='block_1_31' title="bbox 2267 1615 3696 1690">
    <p class='ocr_par' dir='ltr' id='par_1_31' title="bbox 2267 1615 3696 1690">
     <span class='ocr_line' id='line_1_31' title="bbox 2267 1615 3696 1690; baseline 0.003 -20"><span class='ocrx_word' id='word_1_252' title='bbox 2267 1615 2489 1680; x_wconf 88' lang='lat' dir='ltr'><strong>bonum,</strong></span> <span class='ocrx_word' id='word_1_253' title='bbox 2519 1624 2575 1672; x_wconf 91' lang='lat' dir='ltr'><strong>et</strong></span> <span class='ocrx_word' id='word_1_254' title='bbox 2599 1616 2874 1672; x_wconf 87' lang='lat' dir='ltr'><strong>hominem</strong></span> <span class='ocrx_word' id='word_1_255' title='bbox 2913 1617 3136 1672; x_wconf 89' lang='lat' dir='ltr'><strong>bonum.</strong></span> <span class='ocrx_word' id='word_1_256' title='bbox 3175 1619 3398 1674; x_wconf 89' lang='lat' dir='ltr'><strong>Dicimus</strong></span> <span class='ocrx_word' id='word_1_257' title='bbox 3421 1619 3610 1690; x_wconf 81' lang='lat' dir='ltr'><strong>angelum</strong></span> <span class='ocrx_word' id='word_1_258' title='bbox 3623 1636 3696 1674; x_wconf 84' lang='lat' dir='ltr'><strong>ma-</strong></span> 
     </span>
    </p>
   </div>
   <div class='ocr_carea' id='block_1_32' title="bbox 589 1688 3698 1780">
    <p class='ocr_par' dir='ltr' id='par_1_32' title="bbox 589 1688 3698 1780">
     <span class='ocr_line' id='line_1_32' title="bbox 589 1688 3698 1780; baseline 0.002 -22"><span class='ocrx_word' id='word_1_259' title='bbox 589 1719 682 1761; x_wconf 91' lang='lat' dir='ltr'><strong>sus</strong></span> <span class='ocrx_word' id='word_1_260' title='bbox 703 1711 850 1758; x_wconf 90' lang='lat' dir='ltr'><strong>tuam</strong></span> <span class='ocrx_word' id='word_1_261' title='bbox 877 1701 1038 1756; x_wconf 79' lang='lat' dir='ltr'><strong>fidem</strong></span> <span class='ocrx_word' id='word_1_262' title='bbox 1061 1700 1416 1770; x_wconf 90' lang='lat' dir='ltr'><strong>compositum</strong></span> <span class='ocrx_word' id='word_1_263' title='bbox 1445 1718 1458 1753; x_wconf 91' lang='lat'><strong>:</strong></span> <span class='ocrx_word' id='word_1_264' title='bbox 1493 1708 1548 1754; x_wconf 86' lang='lat' dir='ltr'><strong>et</strong></span> <span class='ocrx_word' id='word_1_265' title='bbox 1577 1700 1622 1754; x_wconf 92' lang='lat' dir='ltr'><strong>si</strong></span> <span class='ocrx_word' id='word_1_266' title='bbox 1650 1699 1952 1760; x_wconf 87' lang='lat' dir='ltr'><strong>invenerint</strong></span> <span class='ocrx_word' id='word_1_267' title='bbox 1969 1701 2034 1761; x_wconf 86' lang='lat' dir='ltr'><strong>de</strong></span> <span class='ocrx_word' id='word_1_268' title='bbox 2058 1701 2166 1764; x_wconf 86' lang='lat' dir='ltr'><strong>tuis</strong></span> <span class='ocrx_word' id='word_1_269' title='bbox 2197 1688 2243 1748; x_wconf 81' lang='grc' dir='ltr'>Β</span> <span class='ocrx_word' id='word_1_270' title='bbox 2268 1701 2400 1768; x_wconf 91' lang='lat' dir='ltr'><strong>lum,</strong></span> <span class='ocrx_word' id='word_1_271' title='bbox 2430 1710 2486 1756; x_wconf 88' lang='lat' dir='ltr'><strong>et</strong></span> <span class='ocrx_word' id='word_1_272' title='bbox 2514 1703 2790 1758; x_wconf 88' lang='lat' dir='ltr'><strong>hominem</strong></span> <span class='ocrx_word' id='word_1_273' title='bbox 2827 1705 3050 1760; x_wconf 90' lang='lat' dir='ltr'><strong>malum.</strong></span> <span class='ocrx_word' id='word_1_274' title='bbox 3101 1706 3256 1763; x_wconf 88' lang='lat' dir='ltr'><strong>Aliud</strong></span> <span class='ocrx_word' id='word_1_275' title='bbox 3295 1715 3374 1764; x_wconf 85' lang='lat' dir='ltr'><strong>est</strong></span> <span class='ocrx_word' id='word_1_276' title='bbox 3404 1688 3521 1780; x_wconf 80' lang='lat' dir='ltr'><strong>quod</strong></span> <span class='ocrx_word' id='word_1_277' title='bbox 3548 1716 3698 1773; x_wconf 67' lang='lat' dir='ltr'><strong>suntet</strong></span> 
     </span>
    </p>
   </div>
   <div class='ocr_carea' id='block_1_33' title="bbox 589 1791 2170 1857">
    <p class='ocr_par' dir='ltr' id='par_1_33' title="bbox 589 1791 2170 1857">
     <span class='ocr_line' id='line_1_33' title="bbox 589 1791 2170 1857; baseline -0.001 -8"><span class='ocrx_word' id='word_1_278' title='bbox 589 1793 948 1857; x_wconf 85' lang='lat' dir='ltr'><strong>sermonibus,</strong></span> <span class='ocrx_word' id='word_1_279' title='bbox 996 1791 1080 1846; x_wconf 84' lang='lat' dir='ltr'><strong>vel</strong></span> <span class='ocrx_word' id='word_1_280' title='bbox 1127 1806 1292 1845; x_wconf 92' lang='lat' dir='ltr'><strong>unum</strong></span> <span class='ocrx_word' id='word_1_281' title='bbox 1320 1791 1392 1847; x_wconf 89' lang='lat' dir='ltr'><strong>ibi</strong></span> <span class='ocrx_word' id='word_1_282' title='bbox 1426 1791 1708 1856; x_wconf 87' lang='lat' dir='ltr'><strong>insertum,</strong></span> <span class='ocrx_word' id='word_1_283' title='bbox 1753 1808 1852 1848; x_wconf 90' lang='lat' dir='ltr'><strong>nos</strong></span> <span class='ocrx_word' id='word_1_284' title='bbox 1898 1793 2170 1852; x_wconf 82' lang='lat' dir='ltr'><strong>exivimus</strong></span> 
     </span>
    </p>
   </div>
   <div class='ocr_carea' id='block_1_34' title="bbox 591 1882 2162 1941">
    <p class='ocr_par' dir='ltr' id='par_1_34' title="bbox 591 1882 2162 1941">
     <span class='ocr_line' id='line_1_34' title="bbox 591 1882 2162 1941; baseline 0.003 -4"><span class='ocrx_word' id='word_1_285' title='bbox 591 1885 660 1939; x_wconf 89' lang='lat' dir='ltr'><strong>ab</strong></span> <span class='ocrx_word' id='word_1_286' title='bbox 703 1884 962 1939; x_wconf 86' lang='lat' dir='ltr'><strong>Ecclesia.</strong></span> <span class='ocrx_word' id='word_1_287' title='bbox 1014 1882 1070 1936; x_wconf 92' lang='lat' dir='ltr'><strong>Si</strong></span> <span class='ocrx_word' id='word_1_288' title='bbox 1114 1889 1260 1937; x_wconf 88' lang='lat' dir='ltr'><strong>certe</strong></span> <span class='ocrx_word' id='word_1_289' title='bbox 1298 1897 1490 1938; x_wconf 88' lang='lat' dir='ltr'><strong>novam</strong></span> <span class='ocrx_word' id='word_1_290' title='bbox 1535 1883 1824 1939; x_wconf 89' lang='lat' dir='ltr'><strong>habuerint</strong></span> <span class='ocrx_word' id='word_1_291' title='bbox 1847 1885 1988 1940; x_wconf 87' lang='lat' dir='ltr'><strong>hanc</strong></span> <span class='ocrx_word' id='word_1_292' title='bbox 2015 1894 2162 1941; x_wconf 91' lang='lat' dir='ltr'><strong>tuam</strong></span> 
     </span>
    </p>
   </div>
   <div class='ocr_carea' id='block_1_35' title="bbox 588 1972 2162 2039">
    <p class='ocr_par' dir='ltr' id='par_1_35' title="bbox 588 1972 2162 2039">
     <span class='ocr_line' id='line_1_35' title="bbox 588 1972 2162 2039; baseline 0.003 -11"><span class='ocrx_word' id='word_1_293' title='bbox 588 1973 907 2038; x_wconf 82' lang='lat' dir='ltr'><strong>doctrinam,</strong></span> <span class='ocrx_word' id='word_1_294' title='bbox 951 1973 1091 2028; x_wconf 90' lang='lat' dir='ltr'><strong>sicut</strong></span> <span class='ocrx_word' id='word_1_295' title='bbox 1111 1981 1165 2028; x_wconf 89' lang='lat' dir='ltr'><strong>et</strong></span> <span class='ocrx_word' id='word_1_296' title='bbox 1193 1972 1347 2028; x_wconf 91' lang='lat' dir='ltr'><strong>nobis</strong></span> <span class='ocrx_word' id='word_1_297' title='bbox 1387 1972 1595 2028; x_wconf 85' lang='lat' dir='ltr'><strong>novella</strong></span> <span class='ocrx_word' id='word_1_298' title='bbox 1624 1981 1726 2039; x_wconf 89' lang='lat' dir='ltr'><strong>est,</strong></span> <span class='ocrx_word' id='word_1_299' title='bbox 1762 1981 1816 2028; x_wconf 92' lang='lat' dir='ltr'><strong>tu</strong></span> <span class='ocrx_word' id='word_1_300' title='bbox 1843 1975 2003 2030; x_wconf 79' lang='lat' dir='ltr'><strong>existi</strong></span> <span class='ocrx_word' id='word_1_301' title='bbox 2038 1991 2162 2032; x_wconf 91' lang='lat' dir='ltr'><strong>cum</strong></span> 
     </span>
    </p>
   </div>
   <div class='ocr_carea' id='block_1_36' title="bbox 587 2064 2164 2138">
    <p class='ocr_par' dir='ltr' id='par_1_36' title="bbox 587 2064 2164 2138">
     <span class='ocr_line' id='line_1_36' title="bbox 587 2064 2164 2138; baseline 0.001 -18"><span class='ocrx_word' id='word_1_302' title='bbox 587 2066 708 2126; x_wconf 79' lang='lat' dir='ltr'><strong>tuis.</strong></span> <span class='ocrx_word' id='word_1_303' title='bbox 741 2065 809 2122; x_wconf 87' lang='lat' dir='ltr'><strong>ab</strong></span> <span class='ocrx_word' id='word_1_304' title='bbox 855 2064 1094 2122; x_wconf 88' lang='lat' dir='ltr'><strong>Ecclesia</strong></span> <span class='ocrx_word' id='word_1_305' title='bbox 1135 2065 1436 2130; x_wconf 75' lang='lat' dir='ltr'><strong>catholica,</strong></span> <span class='ocrx_word' id='word_1_306' title='bbox 1469 2081 1589 2136; x_wconf 71' lang='lat' dir='ltr'><strong>qua:</strong></span> <span class='ocrx_word' id='word_1_307' title='bbox 1609 2066 1936 2138; x_wconf 82' lang='lat' dir='ltr'><strong>generaliter</strong></span> <span class='ocrx_word' id='word_1_308' title='bbox 1960 2081 2058 2137; x_wconf 90' lang='lat' dir='ltr'><strong>per</strong></span> <span class='ocrx_word' id='word_1_309' title='bbox 2085 2076 2164 2122; x_wconf 88' lang='lat' dir='ltr'><strong>to-</strong></span> 
     </span>
    </p>
   </div>
   <div class='ocr_carea' id='block_1_37' title="bbox 588 2156 2164 2217">
    <p class='ocr_par' dir='ltr' id='par_1_37' title="bbox 588 2156 2164 2217">
     <span class='ocr_line' id='line_1_37' title="bbox 588 2156 2164 2217; baseline 0.001 -4"><span class='ocrx_word' id='word_1_310' title='bbox 588 2167 704 2214; x_wconf 91' lang='lat' dir='ltr'><strong>tum</strong></span> <span class='ocrx_word' id='word_1_311' title='bbox 757 2157 1013 2217; x_wconf 86' lang='lat' dir='ltr'><strong>mundum</strong></span> <span class='ocrx_word' id='word_1_312' title='bbox 1055 2163 1138 2212; x_wconf 86' lang='lat' dir='ltr'><strong>est</strong></span> <span class='ocrx_word' id='word_1_313' title='bbox 1170 2157 1506 2213; x_wconf 75' lang='lat' dir='ltr'><strong>constituta.</strong></span> <span class='ocrx_word' id='word_1_314' title='bbox 1553 2156 1688 2211; x_wconf 85' lang='lat' dir='ltr'><strong>Nam</strong></span> <span class='ocrx_word' id='word_1_315' title='bbox 1729 2164 1821 2212; x_wconf 91' lang='lat' dir='ltr'><strong>tua</strong></span> <span class='ocrx_word' id='word_1_316' title='bbox 1873 2156 2005 2213; x_wconf 76' lang='lat' dir='ltr'><strong>fides</strong></span> <span class='ocrx_word' id='word_1_317' title='bbox 2046 2157 2164 2214; x_wconf 84' lang='lat' dir='ltr'><strong>sola</strong></span> 
     </span>
    </p>
   </div>
   <div class='ocr_carea' id='block_1_38' title="bbox 587 2248 2162 2320">
    <p class='ocr_par' dir='ltr' id='par_1_38' title="bbox 587 2248 2162 2320">
     <span class='ocr_line' id='line_1_38' title="bbox 587 2248 2162 2320; baseline 0.002 -17"><span class='ocrx_word' id='word_1_318' title='bbox 587 2257 770 2320; x_wconf 86' lang='lat' dir='ltr'><strong>aperte</strong></span> <span class='ocrx_word' id='word_1_319' title='bbox 789 2249 1129 2319; x_wconf 86' lang='lat' dir='ltr'><strong>cognoscitur</strong></span> <span class='ocrx_word' id='word_1_320' title='bbox 1149 2248 1202 2302; x_wconf 91' lang='lat' dir='ltr'><strong>in</strong></span> <span class='ocrx_word' id='word_1_321' title='bbox 1223 2255 1276 2304; x_wconf 90' lang='lat' dir='ltr'><strong>te</strong></span> <span class='ocrx_word' id='word_1_322' title='bbox 1297 2263 1414 2306; x_wconf 83' lang='lat' dir='ltr'><strong>esse</strong></span> <span class='ocrx_word' id='word_1_323' title='bbox 1431 2257 1720 2314; x_wconf 89' lang='lat' dir='ltr'><strong>coarctata,</strong></span> <span class='ocrx_word' id='word_1_324' title='bbox 1737 2250 1860 2306; x_wconf 89' lang='lat' dir='ltr'><strong>etin</strong></span> <span class='ocrx_word' id='word_1_325' title='bbox 1886 2257 2042 2305; x_wconf 90' lang='lat' dir='ltr'><strong>antro</strong></span> <span class='ocrx_word' id='word_1_326' title='bbox 2058 2259 2162 2306; x_wconf 71' lang='lat' dir='ltr'><strong>tuae</strong></span> 
     </span>
    </p>
   </div>
   <div class='ocr_carea' id='block_1_39' title="bbox 585 2338 2163 2410">
    <p class='ocr_par' dir='ltr' id='par_1_39' title="bbox 585 2338 2163 2410">
     <span class='ocr_line' id='line_1_39' title="bbox 585 2338 2163 2410; baseline 0.003 -16"><span class='ocrx_word' id='word_1_327' title='bbox 585 2339 824 2410; x_wconf 68' lang='lat' dir='ltr'><strong>perfidiae</strong></span> <span class='ocrx_word' id='word_1_328' title='bbox 871 2339 1042 2394; x_wconf 89' lang='lat' dir='ltr'><strong>teneri</strong></span> <span class='ocrx_word' id='word_1_329' title='bbox 1087 2338 1268 2410; x_wconf 85' lang='lat' dir='ltr'><strong>ligata.</strong></span> <span class='ocrx_word' id='word_1_330' title='bbox 1303 2340 1368 2394; x_wconf 90' lang='lat' dir='ltr'><strong>Et</strong></span> <span class='ocrx_word' id='word_1_331' title='bbox 1399 2341 1514 2396; x_wconf 65' lang='lat' dir='ltr'><strong>haec</strong></span> <span class='ocrx_word' id='word_1_332' title='bbox 1561 2341 1782 2396; x_wconf 73' lang='lat' dir='ltr'><strong>lierzesis</strong></span> <span class='ocrx_word' id='word_1_333' title='bbox 1807 2349 1861 2396; x_wconf 89' lang='lat' dir='ltr'><strong>te</strong></span> <span class='ocrx_word' id='word_1_334' title='bbox 1887 2341 2016 2398; x_wconf 82' lang='lat' dir='ltr'><strong>facit</strong></span> <span class='ocrx_word' id='word_1_335' title='bbox 2043 2357 2163 2399; x_wconf 89' lang='lat' dir='ltr'><strong>esse</strong></span> 
     </span>
    </p>
   </div>
   <div class='ocr_carea' id='block_1_40' title="bbox 585 2430 2162 2507">
    <p class='ocr_par' dir='ltr' id='par_1_40' title="bbox 585 2430 2162 2507">
     <span class='ocr_line' id='line_1_40' title="bbox 585 2430 2162 2507; baseline 0.004 -21"><span class='ocrx_word' id='word_1_336' title='bbox 585 2430 920 2507; x_wconf 71' lang='lat' dir='ltr'><strong>limreticuui,</strong></span> <span class='ocrx_word' id='word_1_337' title='bbox 957 2445 1078 2486; x_wconf 92' lang='lat' dir='ltr'><strong>cum</strong></span> <span class='ocrx_word' id='word_1_338' title='bbox 1109 2430 1200 2484; x_wconf 91' lang='lat' dir='ltr'><strong>illa</strong></span> <span class='ocrx_word' id='word_1_339' title='bbox 1231 2447 1336 2486; x_wconf 92' lang='lat' dir='ltr'><strong>non</strong></span> <span class='ocrx_word' id='word_1_340' title='bbox 1379 2431 1556 2487; x_wconf 87' lang='lat' dir='ltr'><strong>credis</strong></span> <span class='ocrx_word' id='word_1_341' title='bbox 1593 2447 1712 2501; x_wconf 68' lang='lat' dir='ltr'><strong>quae</strong></span> <span class='ocrx_word' id='word_1_342' title='bbox 1754 2433 1926 2487; x_wconf 89' lang='lat' dir='ltr'><strong>credit</strong></span> <span class='ocrx_word' id='word_1_343' title='bbox 1968 2441 2162 2492; x_wconf 80' lang='lat' dir='ltr'><strong>cuncta</strong></span> 
     </span>
    </p>
   </div>
   <div class='ocr_carea' id='block_1_41' title="bbox 583 2523 2161 2592">
    <p class='ocr_par' dir='ltr' id='par_1_41' title="bbox 583 2523 2161 2592">
     <span class='ocr_line' id='line_1_41' title="bbox 583 2523 2161 2592; baseline 0.001 -12"><span class='ocrx_word' id='word_1_344' title='bbox 583 2523 824 2580; x_wconf 83' lang='lat' dir='ltr'><strong>Ecclesia</strong></span> <span class='ocrx_word' id='word_1_345' title='bbox 852 2536 948 2592; x_wconf 91' lang='lat' dir='ltr'><strong>per</strong></span> <span class='ocrx_word' id='word_1_346' title='bbox 970 2523 1278 2578; x_wconf 85' lang='lat' dir='ltr'><strong>universum</strong></span> <span class='ocrx_word' id='word_1_347' title='bbox 1308 2523 1587 2578; x_wconf 90' lang='lat' dir='ltr'><strong>mundum.</strong></span> <span class='ocrx_word' id='word_1_348' title='bbox 1615 2523 1848 2582; x_wconf 72' lang='lat' dir='ltr'><strong>Haeresis</strong></span> <span class='ocrx_word' id='word_1_349' title='bbox 1875 2525 2020 2580; x_wconf 90' lang='lat' dir='ltr'><strong>enim</strong></span> <span class='ocrx_word' id='word_1_350' title='bbox 2054 2541 2161 2581; x_wconf 92' lang='lat' dir='ltr'><strong>non</strong></span> 
     </span>
    </p>
   </div>
   <div class='ocr_carea' id='block_1_42' title="bbox 583 2612 2162 2681">
    <p class='ocr_par' dir='ltr' id='par_1_42' title="bbox 583 2612 2162 2681">
     <span class='ocr_line' id='line_1_42' title="bbox 583 2612 2162 2681; baseline -0.001 -10"><span class='ocrx_word' id='word_1_351' title='bbox 583 2612 902 2678; x_wconf 87' lang='lat' dir='ltr'><strong>substantia,</strong></span> <span class='ocrx_word' id='word_1_352' title='bbox 952 2612 1047 2668; x_wconf 88' lang='lat' dir='ltr'><strong>sed</strong></span> <span class='ocrx_word' id='word_1_353' title='bbox 1091 2613 1322 2681; x_wconf 89' lang='lat' dir='ltr'><strong>qualitas</strong></span> <span class='ocrx_word' id='word_1_354' title='bbox 1356 2621 1440 2668; x_wconf 88' lang='lat' dir='ltr'><strong>est</strong></span> <span class='ocrx_word' id='word_1_355' title='bbox 1477 2613 1530 2666; x_wconf 92' lang='lat' dir='ltr'><strong>in</strong></span> <span class='ocrx_word' id='word_1_356' title='bbox 1571 2613 1896 2669; x_wconf 89' lang='lat' dir='ltr'><strong>substantia.</strong></span> <span class='ocrx_word' id='word_1_357' title='bbox 1946 2614 2014 2668; x_wconf 90' lang='lat' dir='ltr'><strong>Et</strong></span> <span class='ocrx_word' id='word_1_358' title='bbox 2052 2629 2162 2672; x_wconf 88' lang='lat' dir='ltr'><strong>non</strong></span> 
     </span>
    </p>
   </div>
   <div class='ocr_carea' id='block_1_43' title="bbox 582 2700 2160 2764">
    <p class='ocr_par' dir='ltr' id='par_1_43' title="bbox 582 2700 2160 2764">
     <span class='ocr_line' id='line_1_43' title="bbox 582 2700 2160 2764; baseline 0.001 -6"><span class='ocrx_word' id='word_1_359' title='bbox 582 2703 868 2763; x_wconf 68' lang='lat' dir='ltr'><strong>haereticus</strong></span> <span class='ocrx_word' id='word_1_360' title='bbox 908 2700 1038 2755; x_wconf 82' lang='lat' dir='ltr'><strong>facit</strong></span> <span class='ocrx_word' id='word_1_361' title='bbox 1067 2701 1336 2764; x_wconf 74' lang='lat' dir='ltr'><strong>hmresim,</strong></span> <span class='ocrx_word' id='word_1_362' title='bbox 1374 2701 1469 2756; x_wconf 90' lang='lat' dir='ltr'><strong>sed</strong></span> <span class='ocrx_word' id='word_1_363' title='bbox 1505 2703 1728 2760; x_wconf 62' lang='lat' dir='ltr'><strong>haeresis</strong></span> <span class='ocrx_word' id='word_1_364' title='bbox 1768 2701 1898 2760; x_wconf 90' lang='lat' dir='ltr'><strong>facit</strong></span> <span class='ocrx_word' id='word_1_365' title='bbox 1941 2704 2160 2759; x_wconf 73' lang='lat' dir='ltr'><strong>lucreti-</strong></span> 
     </span>
    </p>
   </div>
   <div class='ocr_carea' id='block_1_44' title="bbox 583 2791 2160 2866">
    <p class='ocr_par' dir='ltr' id='par_1_44' title="bbox 583 2791 2160 2866">
     <span class='ocr_line' id='line_1_44' title="bbox 583 2791 2160 2866; baseline 0.002 -19"><span class='ocrx_word' id='word_1_366' title='bbox 583 2809 725 2852; x_wconf 90' lang='lat' dir='ltr'><strong>cum.</strong></span> <span class='ocrx_word' id='word_1_367' title='bbox 753 2791 904 2848; x_wconf 77' lang='lat' dir='ltr'><strong>Sicut</strong></span> <span class='ocrx_word' id='word_1_368' title='bbox 928 2806 1034 2845; x_wconf 91' lang='lat' dir='ltr'><strong>non</strong></span> <span class='ocrx_word' id='word_1_369' title='bbox 1069 2793 1330 2860; x_wconf 89' lang='lat' dir='ltr'><strong>superbus</strong></span> <span class='ocrx_word' id='word_1_370' title='bbox 1355 2791 1484 2847; x_wconf 82' lang='lat' dir='ltr'><strong>facit</strong></span> <span class='ocrx_word' id='word_1_371' title='bbox 1509 2793 1832 2862; x_wconf 86' lang='lat' dir='ltr'><strong>superbiam,</strong></span> <span class='ocrx_word' id='word_1_372' title='bbox 1859 2795 1952 2850; x_wconf 90' lang='lat' dir='ltr'><strong>sed</strong></span> <span class='ocrx_word' id='word_1_373' title='bbox 1975 2810 2160 2866; x_wconf 85' lang='lat' dir='ltr'><strong>super-</strong></span> 
     </span>
    </p>
   </div>
   <div class='ocr_carea' id='block_1_45' title="bbox 580 2881 2158 2956">
    <p class='ocr_par' dir='ltr' id='par_1_45' title="bbox 580 2881 2158 2956">
     <span class='ocr_line' id='line_1_45' title="bbox 580 2881 2158 2956; baseline 0.003 -16"><span class='ocrx_word' id='word_1_374' title='bbox 580 2883 670 2940; x_wconf 89' lang='lat' dir='ltr'><strong>bia</strong></span> <span class='ocrx_word' id='word_1_375' title='bbox 692 2882 820 2938; x_wconf 84' lang='lat' dir='ltr'><strong>facit</strong></span> <span class='ocrx_word' id='word_1_376' title='bbox 847 2883 1156 2953; x_wconf 88' lang='lat' dir='ltr'><strong>superbum.</strong></span> <span class='ocrx_word' id='word_1_377' title='bbox 1204 2881 1272 2936; x_wconf 90' lang='lat' dir='ltr'><strong>Et</strong></span> <span class='ocrx_word' id='word_1_378' title='bbox 1321 2897 1442 2938; x_wconf 92' lang='lat' dir='ltr'><strong>cum</strong></span> <span class='ocrx_word' id='word_1_379' title='bbox 1479 2883 1746 2952; x_wconf 82' lang='lat' dir='ltr'><strong>dimiserit</strong></span> <span class='ocrx_word' id='word_1_380' title='bbox 1789 2900 1950 2956; x_wconf 88' lang='lat' dir='ltr'><strong>quam</strong></span> <span class='ocrx_word' id='word_1_381' title='bbox 1995 2886 2158 2944; x_wconf 85' lang='lat' dir='ltr'><strong>habet</strong></span> 
     </span>
    </p>
   </div>
   <div class='ocr_carea' id='block_1_46' title="bbox 583 2972 2154 3049">
    <p class='ocr_par' dir='ltr' id='par_1_46' title="bbox 583 2972 2154 3049">
     <span class='ocr_line' id='line_1_46' title="bbox 583 2972 2154 3049; baseline 0 -17"><span class='ocrx_word' id='word_1_382' title='bbox 583 2973 910 3043; x_wconf 82' lang='lat' dir='ltr'><strong>superbiam,</strong></span> <span class='ocrx_word' id='word_1_383' title='bbox 947 2972 1144 3028; x_wconf 90' lang='lat' dir='ltr'><strong>desinit</strong></span> <span class='ocrx_word' id='word_1_384' title='bbox 1177 2987 1296 3028; x_wconf 88' lang='lat' dir='ltr'><strong>esse</strong></span> <span class='ocrx_word' id='word_1_385' title='bbox 1333 2975 1614 3045; x_wconf 89' lang='lat' dir='ltr'><strong>superbus,</strong></span> <span class='ocrx_word' id='word_1_386' title='bbox 1641 2976 1766 3049; x_wconf 86' lang='lat' dir='ltr'><strong>quia</strong></span> <span class='ocrx_word' id='word_1_387' title='bbox 1790 2981 1897 3035; x_wconf 70' lang='lat' dir='ltr'><strong>non</strong></span> <span class='ocrx_word' id='word_1_388' title='bbox 1931 2986 2014 3033; x_wconf 85' lang='lat' dir='ltr'><strong>est</strong></span> <span class='ocrx_word' id='word_1_389' title='bbox 2040 2978 2154 3048; x_wconf 56' lang='lat' dir='ltr'><strong>msa</strong></span> 
     </span>
    </p>
   </div>
   <div class='ocr_carea' id='block_1_47' title="bbox 581 3063 2158 3141">
    <p class='ocr_par' dir='ltr' id='par_1_47' title="bbox 581 3063 2158 3141">
     <span class='ocr_line' id='line_1_47' title="bbox 581 3063 2158 3141; baseline 0.004 -22"><span class='ocrx_word' id='word_1_390' title='bbox 581 3063 830 3139; x_wconf 76' lang='lat' dir='ltr'><strong>superbia</strong></span> <span class='ocrx_word' id='word_1_391' title='bbox 860 3063 1180 3130; x_wconf 83' lang='lat' dir='ltr'><strong>substantia,</strong></span> <span class='ocrx_word' id='word_1_392' title='bbox 1206 3065 1299 3120; x_wconf 80' lang='lat' dir='ltr'><strong>sed</strong></span> <span class='ocrx_word' id='word_1_393' title='bbox 1325 3065 1560 3141; x_wconf 85' lang='lat' dir='ltr'><strong>qualitas</strong></span> <span class='ocrx_word' id='word_1_394' title='bbox 1590 3067 1644 3124; x_wconf 90' lang='lat' dir='ltr'><strong>in</strong></span> <span class='ocrx_word' id='word_1_395' title='bbox 1668 3069 1988 3127; x_wconf 87' lang='lat' dir='ltr'><strong>substantia.</strong></span> <span class='ocrx_word' id='word_1_396' title='bbox 2012 3071 2158 3125; x_wconf 88' lang='lat' dir='ltr'><strong>Deus</strong></span> 
     </span>
    </p>
   </div>
   <div class='ocr_carea' id='block_1_48' title="bbox 579 3154 2159 3231">
    <p class='ocr_par' dir='ltr' id='par_1_48' title="bbox 579 3154 2159 3231">
     <span class='ocr_line' id='line_1_48' title="bbox 579 3154 2159 3231; baseline 0.003 -19"><span class='ocrx_word' id='word_1_397' title='bbox 579 3155 753 3214; x_wconf 88' lang='lat' dir='ltr'><strong>bonus</strong></span> <span class='ocrx_word' id='word_1_398' title='bbox 775 3154 902 3210; x_wconf 88' lang='lat' dir='ltr'><strong>fecit</strong></span> <span class='ocrx_word' id='word_1_399' title='bbox 925 3155 1196 3211; x_wconf 89' lang='lat' dir='ltr'><strong>hominem</strong></span> <span class='ocrx_word' id='word_1_400' title='bbox 1236 3157 1434 3213; x_wconf 85' lang='lat' dir='ltr'><strong>bonam</strong></span> <span class='ocrx_word' id='word_1_401' title='bbox 1479 3159 1854 3216; x_wconf 83' lang='lat' dir='ltr'><strong>substantiam.</strong></span> <span class='ocrx_word' id='word_1_402' title='bbox 1897 3159 2159 3231; x_wconf 84' lang='lat' dir='ltr'><strong>Superbia</strong></span> 
     </span>
    </p>
   </div>
   <div class='ocr_carea' id='block_1_49' title="bbox 581 3247 2158 3320">
    <p class='ocr_par' dir='ltr' id='par_1_49' title="bbox 581 3247 2158 3320">
     <span class='ocr_line' id='line_1_49' title="bbox 581 3247 2158 3320; baseline 0.008 -25"><span class='ocrx_word' id='word_1_403' title='bbox 581 3261 711 3302; x_wconf 79' lang='lat' dir='ltr'><strong>vero</strong></span> <span class='ocrx_word' id='word_1_404' title='bbox 737 3247 970 3318; x_wconf 84' lang='lat' dir='ltr'><strong>qualitas</strong></span> <span class='ocrx_word' id='word_1_405' title='bbox 995 3254 1077 3302; x_wconf 87' lang='lat' dir='ltr'><strong>est</strong></span> <span class='ocrx_word' id='word_1_406' title='bbox 1101 3247 1155 3304; x_wconf 92' lang='lat' dir='ltr'><strong>in</strong></span> <span class='ocrx_word' id='word_1_407' title='bbox 1191 3249 1490 3304; x_wconf 88' lang='lat' dir='ltr'><strong>substantia</strong></span> <span class='ocrx_word' id='word_1_408' title='bbox 1523 3249 1588 3304; x_wconf 90' lang='lat' dir='ltr'><strong>de</strong></span> <span class='ocrx_word' id='word_1_409' title='bbox 1615 3250 1826 3306; x_wconf 88' lang='lat' dir='ltr'><strong>diabolo</strong></span> <span class='ocrx_word' id='word_1_410' title='bbox 1852 3259 1998 3309; x_wconf 87' lang='lat' dir='ltr'><strong>nata.</strong></span> <span class='ocrx_word' id='word_1_411' title='bbox 2028 3252 2158 3320; x_wconf 75' lang='lat' dir='ltr'><strong>Qua:</strong></span> 
     </span>
    </p>
   </div>
   <div class='ocr_carea' id='block_1_50' title="bbox 579 3335 2161 3410">
    <p class='ocr_par' dir='ltr' id='par_1_50' title="bbox 579 3335 2161 3410">
     <span class='ocr_line' id='line_1_50' title="bbox 579 3335 2161 3410; baseline 0.003 -18"><span class='ocrx_word' id='word_1_412' title='bbox 579 3335 704 3392; x_wconf 87' lang='lat' dir='ltr'><strong>dum</strong></span> <span class='ocrx_word' id='word_1_413' title='bbox 747 3337 800 3393; x_wconf 93' lang='lat' dir='ltr'><strong>in</strong></span> <span class='ocrx_word' id='word_1_414' title='bbox 850 3338 1070 3393; x_wconf 87' lang='lat' dir='ltr'><strong>homine</strong></span> <span class='ocrx_word' id='word_1_415' title='bbox 1115 3339 1422 3406; x_wconf 87' lang='lat' dir='ltr'><strong>accesserit,</strong></span> <span class='ocrx_word' id='word_1_416' title='bbox 1471 3339 1700 3395; x_wconf 74' lang='lat' dir='ltr'><strong>efficitur</strong></span> <span class='ocrx_word' id='word_1_417' title='bbox 1746 3340 1888 3398; x_wconf 78' lang='lat' dir='ltr'><strong>filius</strong></span> <span class='ocrx_word' id='word_1_418' title='bbox 1935 3342 2161 3410; x_wconf 76' lang='lat' dir='ltr'><strong>diaboli,</strong></span> 
     </span>
    </p>
   </div>
   <div class='ocr_carea' id='block_1_51' title="bbox 578 3427 2154 3505">
    <p class='ocr_par' dir='ltr' id='par_1_51' title="bbox 578 3427 2154 3505">
     <span class='ocr_line' id='line_1_51' title="bbox 578 3427 2154 3505; baseline 0.006 -24"><span class='ocrx_word' id='word_1_419' title='bbox 578 3427 703 3498; x_wconf 91' lang='lat' dir='ltr'><strong>quia</strong></span> <span class='ocrx_word' id='word_1_420' title='bbox 725 3428 800 3483; x_wconf 24' lang='lat' dir='ltr'><strong>de.</strong></span> <span class='ocrx_word' id='word_1_421' title='bbox 817 3429 1030 3485; x_wconf 87' lang='lat' dir='ltr'><strong>diabolo</strong></span> <span class='ocrx_word' id='word_1_422' title='bbox 1055 3440 1180 3485; x_wconf 84' lang='lat' dir='ltr'><strong>nata</strong></span> <span class='ocrx_word' id='word_1_423' title='bbox 1213 3438 1296 3488; x_wconf 88' lang='lat' dir='ltr'><strong>est</strong></span> <span class='ocrx_word' id='word_1_424' title='bbox 1320 3431 1590 3503; x_wconf 89' lang='lat' dir='ltr'><strong>superbia.</strong></span> <span class='ocrx_word' id='word_1_425' title='bbox 1616 3433 1684 3487; x_wconf 88' lang='lat' dir='ltr'><strong>Et</strong></span> <span class='ocrx_word' id='word_1_426' title='bbox 1715 3441 1843 3488; x_wconf 92' lang='lat' dir='ltr'><strong>tunc</strong></span> <span class='ocrx_word' id='word_1_427' title='bbox 1863 3435 2154 3505; x_wconf 88' lang='lat' dir='ltr'><strong>unusquis-</strong></span> 
     </span>
    </p>
   </div>
   <div class='ocr_carea' id='block_1_52' title="bbox 577 3519 2157 3594">
    <p class='ocr_par' dir='ltr' id='par_1_52' title="bbox 577 3519 2157 3594">
     <span class='ocr_line' id='line_1_52' title="bbox 577 3519 2157 3594; baseline 0.007 -24"><span class='ocrx_word' id='word_1_428' title='bbox 577 3531 682 3588; x_wconf 88' lang='lat' dir='ltr'><strong>que</strong></span> <span class='ocrx_word' id='word_1_429' title='bbox 728 3519 1144 3589; x_wconf 88' lang='lat' dir='ltr'><strong>deprehenditur</strong></span> <span class='ocrx_word' id='word_1_430' title='bbox 1185 3534 1305 3578; x_wconf 88' lang='lat' dir='ltr'><strong>esse</strong></span> <span class='ocrx_word' id='word_1_431' title='bbox 1351 3523 1641 3592; x_wconf 78' lang='lat' dir='ltr'><strong>superbus,</strong></span> <span class='ocrx_word' id='word_1_432' title='bbox 1684 3538 1804 3577; x_wconf 90' lang='lat' dir='ltr'><strong>cum</strong></span> <span class='ocrx_word' id='word_1_433' title='bbox 1854 3523 1976 3594; x_wconf 92' lang='lat' dir='ltr'><strong>plus</strong></span> <span class='ocrx_word' id='word_1_434' title='bbox 2018 3541 2157 3580; x_wconf 90' lang='lat' dir='ltr'><strong>unus</strong></span> 
     </span>
    </p>
   </div>
   <div class='ocr_carea' id='block_1_53' title="bbox 577 3605 2152 3684">
    <p class='ocr_par' dir='ltr' id='par_1_53' title="bbox 577 3605 2152 3684">
     <span class='ocr_line' id='line_1_53' title="bbox 577 3605 2152 3684; baseline 0.01 -26"><span class='ocrx_word' id='word_1_435' title='bbox 577 3605 734 3660; x_wconf 91' lang='lat' dir='ltr'><strong>alteri</strong></span> <span class='ocrx_word' id='word_1_436' title='bbox 796 3607 970 3678; x_wconf 85' lang='lat' dir='ltr'><strong>major</strong></span> <span class='ocrx_word' id='word_1_437' title='bbox 1029 3610 1145 3667; x_wconf 74' lang='lat' dir='ltr'><strong>vult</strong></span> <span class='ocrx_word' id='word_1_438' title='bbox 1190 3627 1310 3667; x_wconf 90' lang='lat' dir='ltr'><strong>esse</strong></span> <span class='ocrx_word' id='word_1_439' title='bbox 1365 3627 1528 3683; x_wconf 89' lang='lat' dir='ltr'><strong>quam</strong></span> <span class='ocrx_word' id='word_1_440' title='bbox 1583 3615 1724 3684; x_wconf 91' lang='lat' dir='ltr'><strong>quod</strong></span> <span class='ocrx_word' id='word_1_441' title='bbox 1749 3625 1852 3670; x_wconf 86' lang='lat' dir='ltr'><strong>est.</strong></span> <span class='ocrx_word' id='word_1_442' title='bbox 1910 3617 1979 3672; x_wconf 89' lang='lat' dir='ltr'><strong>Et</strong></span> <span class='ocrx_word' id='word_1_443' title='bbox 2029 3633 2152 3672; x_wconf 72' lang='lat' dir='ltr'><strong>cum</strong></span> 
     </span>
    </p>
   </div>
   <div class='ocr_carea' id='block_1_54' title="bbox 577 3695 2155 3777">
    <p class='ocr_par' dir='ltr' id='par_1_54' title="bbox 577 3695 2155 3777">
     <span class='ocr_line' id='line_1_54' title="bbox 577 3695 2155 3777; baseline 0.01 -29"><span class='ocrx_word' id='word_1_444' title='bbox 577 3695 750 3764; x_wconf 88' lang='lat' dir='ltr'><strong>major</strong></span> <span class='ocrx_word' id='word_1_445' title='bbox 794 3711 852 3752; x_wconf 90' lang='lat' dir='ltr'><strong>se</strong></span> <span class='ocrx_word' id='word_1_446' title='bbox 889 3699 1240 3755; x_wconf 73' lang='lat' dir='ltr'><strong>:estimavcrit</strong></span> <span class='ocrx_word' id='word_1_447' title='bbox 1287 3702 1464 3767; x_wconf 89' lang='lat' dir='ltr'><strong>alteri,</strong></span> <span class='ocrx_word' id='word_1_448' title='bbox 1513 3705 1748 3774; x_wconf 87' lang='lat' dir='ltr'><strong>perdidit</strong></span> <span class='ocrx_word' id='word_1_449' title='bbox 1792 3706 1966 3775; x_wconf 89' lang='lat' dir='ltr'><strong>ipsum</strong></span> <span class='ocrx_word' id='word_1_450' title='bbox 2010 3710 2155 3777; x_wconf 88' lang='lat' dir='ltr'><strong>quod</strong></span> 
     </span>
    </p>
   </div>
   <div class='ocr_carea' id='block_1_55' title="bbox 577 3789 2155 3868">
    <p class='ocr_par' dir='ltr' id='par_1_55' title="bbox 577 3789 2155 3868">
     <span class='ocr_line' id='line_1_55' title="bbox 577 3789 2155 3868; baseline 0.007 -26"><span class='ocrx_word' id='word_1_451' title='bbox 577 3795 713 3850; x_wconf 89' lang='lat' dir='ltr'><strong>erat,</strong></span> <span class='ocrx_word' id='word_1_452' title='bbox 737 3794 790 3842; x_wconf 87' lang='lat' dir='ltr'><strong>et</strong></span> <span class='ocrx_word' id='word_1_453' title='bbox 815 3797 943 3842; x_wconf 87' lang='lat' dir='ltr'><strong>tunc</strong></span> <span class='ocrx_word' id='word_1_454' title='bbox 985 3789 1154 3844; x_wconf 88' lang='lat' dir='ltr'><strong>Deum</strong></span> <span class='ocrx_word' id='word_1_455' title='bbox 1195 3792 1372 3861; x_wconf 88' lang='lat' dir='ltr'><strong>perdit</strong></span> <span class='ocrx_word' id='word_1_456' title='bbox 1411 3810 1442 3848; x_wconf 90' lang='lat' dir='ltr'><strong>a</strong></span> <span class='ocrx_word' id='word_1_457' title='bbox 1481 3810 1588 3864; x_wconf 92' lang='lat' dir='ltr'><strong>quo</strong></span> <span class='ocrx_word' id='word_1_458' title='bbox 1635 3804 1738 3850; x_wconf 89' lang='grc' dir='ltr'>εει.</span> <span class='ocrx_word' id='word_1_459' title='bbox 1775 3796 1992 3852; x_wconf 88' lang='lat' dir='ltr'><strong>Etcum</strong></span> <span class='ocrx_word' id='word_1_460' title='bbox 2028 3814 2155 3868; x_wconf 86' lang='lat' dir='ltr'><strong>per-</strong></span> 
     </span>
    </p>
   </div>
   <div class='ocr_carea' id='block_1_56' title="bbox 578 3873 2156 3958">
    <p class='ocr_par' dir='ltr' id='par_1_56' title="bbox 578 3873 2156 3958">
     <span class='ocr_line' id='line_1_56' title="bbox 578 3873 2156 3958; baseline 0.01 -26"><span class='ocrx_word' id='word_1_461' title='bbox 578 3873 775 3932; x_wconf 85' lang='lat' dir='ltr'><strong>diderit</strong></span> <span class='ocrx_word' id='word_1_462' title='bbox 801 3879 992 3945; x_wconf 89' lang='lat' dir='ltr'><strong>Deum,</strong></span> <span class='ocrx_word' id='word_1_463' title='bbox 1036 3879 1203 3937; x_wconf 86' lang='lat' dir='ltr'><strong>efficit</strong></span> <span class='ocrx_word' id='word_1_464' title='bbox 1249 3883 1518 3940; x_wconf 87' lang='lat' dir='ltr'><strong>diabolum</strong></span> <span class='ocrx_word' id='word_1_465' title='bbox 1564 3887 1884 3954; x_wconf 89' lang='lat' dir='ltr'><strong>membrum,</strong></span> <span class='ocrx_word' id='word_1_466' title='bbox 1925 3887 2077 3958; x_wconf 82' lang='lat' dir='ltr'><strong>cujus</strong></span> <span class='ocrx_word' id='word_1_467' title='bbox 2101 3900 2156 3946; x_wconf 93' lang='lat' dir='ltr'><strong>ct</strong></span> 
     </span>
    </p>
   </div>
   <div class='ocr_carea' id='block_1_57' title="bbox 575 3967 2154 4037">
    <p class='ocr_par' dir='ltr' id='par_1_57' title="bbox 575 3967 2154 4037">
     <span class='ocr_line' id='line_1_57' title="bbox 575 3967 2154 4037; baseline 0.008 -14"><span class='ocrx_word' id='word_1_468' title='bbox 575 3967 718 4023; x_wconf 86' lang='lat' dir='ltr'><strong>ﬁlius</strong></span> <span class='ocrx_word' id='word_1_469' title='bbox 741 3975 839 4032; x_wconf 87' lang='lat' dir='ltr'><strong>est,</strong></span> <span class='ocrx_word' id='word_1_470' title='bbox 871 3985 977 4024; x_wconf 91' lang='lat' dir='ltr'><strong>non</strong></span> <span class='ocrx_word' id='word_1_471' title='bbox 1013 3979 1223 4037; x_wconf 88' lang='lat' dir='ltr'><strong>natura,</strong></span> <span class='ocrx_word' id='word_1_472' title='bbox 1273 3975 1365 4028; x_wconf 80' lang='lat' dir='ltr'><strong>sed</strong></span> <span class='ocrx_word' id='word_1_473' title='bbox 1405 3975 1726 4031; x_wconf 89' lang='lat' dir='ltr'><strong>imitatione.</strong></span> <span class='ocrx_word' id='word_1_474' title='bbox 1762 3976 1855 4033; x_wconf 90' lang='lat' dir='ltr'><strong>Sic</strong></span> <span class='ocrx_word' id='word_1_475' title='bbox 1881 3979 2026 4034; x_wconf 90' lang='lat' dir='ltr'><strong>enim</strong></span> <span class='ocrx_word' id='word_1_476' title='bbox 2055 3997 2154 4036; x_wconf 90' lang='lat' dir='ltr'><strong>au-</strong></span> 
     </span>
    </p>
   </div>
   <div class='ocr_carea' id='block_1_58' title="bbox 577 4063 2151 4130">
    <p class='ocr_par' dir='ltr' id='par_1_58' title="bbox 577 4063 2151 4130">
     <span class='ocr_line' id='line_1_58' title="bbox 577 4063 2151 4130; baseline 0.006 -12"><span class='ocrx_word' id='word_1_477' title='bbox 577 4070 696 4118; x_wconf 92' lang='lat' dir='ltr'><strong>ctor</strong></span> <span class='ocrx_word' id='word_1_478' title='bbox 728 4079 858 4118; x_wconf 91' lang='lat' dir='ltr'><strong>suus</strong></span> <span class='ocrx_word' id='word_1_479' title='bbox 887 4063 1130 4120; x_wconf 90' lang='lat' dir='ltr'><strong>diabolus</strong></span> <span class='ocrx_word' id='word_1_480' title='bbox 1155 4066 1328 4121; x_wconf 90' lang='lat' dir='ltr'><strong>bonus</strong></span> <span class='ocrx_word' id='word_1_481' title='bbox 1372 4076 1489 4122; x_wconf 87' lang='lat' dir='ltr'><strong>erat</strong></span> <span class='ocrx_word' id='word_1_482' title='bbox 1523 4084 1554 4122; x_wconf 90' lang='lat' dir='ltr'><strong>a</strong></span> <span class='ocrx_word' id='word_1_483' title='bbox 1581 4069 1692 4125; x_wconf 88' lang='lat' dir='ltr'><strong>Deo</strong></span> <span class='ocrx_word' id='word_1_484' title='bbox 1737 4071 1880 4127; x_wconf 91' lang='lat' dir='ltr'><strong>bono</strong></span> <span class='ocrx_word' id='word_1_485' title='bbox 1917 4081 2151 4130; x_wconf 89' lang='lat' dir='ltr'><strong>creatus.</strong></span> 
     </span>
    </p>
   </div>
   <div class='ocr_carea' id='block_1_59' title="bbox 573 4151 2154 4231">
    <p class='ocr_par' dir='ltr' id='par_1_59' title="bbox 573 4151 2154 4231">
     <span class='ocr_line' id='line_1_59' title="bbox 573 4151 2154 4231; baseline 0.007 -21"><span class='ocrx_word' id='word_1_486' title='bbox 573 4151 642 4210; x_wconf 89' lang='lat' dir='ltr'><strong>Et</strong></span> <span class='ocrx_word' id='word_1_487' title='bbox 687 4153 812 4209; x_wconf 91' lang='lat' dir='ltr'><strong>inde</strong></span> <span class='ocrx_word' id='word_1_488' title='bbox 855 4155 1064 4210; x_wconf 79' lang='lat' dir='ltr'><strong>exstitit</strong></span> <span class='ocrx_word' id='word_1_489' title='bbox 1110 4157 1402 4226; x_wconf 88' lang='lat' dir='ltr'><strong>superbus,</strong></span> <span class='ocrx_word' id='word_1_490' title='bbox 1449 4159 1576 4228; x_wconf 85' lang='lat' dir='ltr'><strong>quia</strong></span> <span class='ocrx_word' id='word_1_491' title='bbox 1625 4176 1788 4231; x_wconf 90' lang='lat' dir='ltr'><strong>super</strong></span> <span class='ocrx_word' id='word_1_492' title='bbox 1820 4163 1986 4219; x_wconf 82' lang='lat' dir='ltr'><strong>voluit</strong></span> <span class='ocrx_word' id='word_1_493' title='bbox 2033 4178 2154 4221; x_wconf 87' lang='lat' dir='ltr'><strong>esse</strong></span> 
     </span>
    </p>
   </div>
   <div class='ocr_carea' id='block_1_60' title="bbox 572 4245 2150 4323">
    <p class='ocr_par' dir='ltr' id='par_1_60' title="bbox 572 4245 2150 4323">
     <span class='ocr_line' id='line_1_60' title="bbox 572 4245 2150 4323; baseline 0.008 -26"><span class='ocrx_word' id='word_1_494' title='bbox 572 4259 734 4312; x_wconf 90' lang='lat' dir='ltr'><strong>quam</strong></span> <span class='ocrx_word' id='word_1_495' title='bbox 761 4245 908 4319; x_wconf 91' lang='lat' dir='ltr'><strong>quod</strong></span> <span class='ocrx_word' id='word_1_496' title='bbox 952 4253 1090 4300; x_wconf 89' lang='lat' dir='ltr'><strong>erat.</strong></span> <span class='ocrx_word' id='word_1_497' title='bbox 1143 4247 1211 4300; x_wconf 87' lang='lat' dir='ltr'><strong>Et</strong></span> <span class='ocrx_word' id='word_1_498' title='bbox 1252 4247 1378 4302; x_wconf 92' lang='lat' dir='ltr'><strong>dum</strong></span> <span class='ocrx_word' id='word_1_499' title='bbox 1418 4265 1581 4320; x_wconf 87' lang='lat' dir='ltr'><strong>super</strong></span> <span class='ocrx_word' id='word_1_500' title='bbox 1621 4252 1792 4306; x_wconf 77' lang='lat' dir='ltr'><strong>voluit</strong></span> <span class='ocrx_word' id='word_1_501' title='bbox 1831 4268 1948 4308; x_wconf 92' lang='lat' dir='ltr'><strong>csse</strong></span> <span class='ocrx_word' id='word_1_502' title='bbox 1990 4268 2150 4323; x_wconf 89' lang='lat' dir='ltr'><strong>quam</strong></span> 
     </span>
    </p>
   </div>
   <div class='ocr_carea' id='block_1_61' title="bbox 571 4335 2150 4414">
    <p class='ocr_par' dir='ltr' id='par_1_61' title="bbox 571 4335 2150 4414">
     <span class='ocr_line' id='line_1_61' title="bbox 571 4335 2150 4414; baseline 0.009 -27"><span class='ocrx_word' id='word_1_503' title='bbox 571 4335 715 4409; x_wconf 86' lang='lat' dir='ltr'><strong>quod</strong></span> <span class='ocrx_word' id='word_1_504' title='bbox 746 4343 885 4401; x_wconf 88' lang='lat' dir='ltr'><strong>erat,</strong></span> <span class='ocrx_word' id='word_1_505' title='bbox 932 4351 1038 4390; x_wconf 91' lang='lat' dir='ltr'><strong>non</strong></span> <span class='ocrx_word' id='word_1_506' title='bbox 1085 4336 1256 4394; x_wconf 90' lang='lat' dir='ltr'><strong>solum</strong></span> <span class='ocrx_word' id='word_1_507' title='bbox 1301 4338 1406 4396; x_wconf 91' lang='lat' dir='ltr'><strong>hoc</strong></span> <span class='ocrx_word' id='word_1_508' title='bbox 1441 4342 1586 4414; x_wconf 86' lang='lat' dir='ltr'><strong>quod</strong></span> <span class='ocrx_word' id='word_1_509' title='bbox 1615 4349 1732 4396; x_wconf 89' lang='lat' dir='ltr'><strong>erat</strong></span> <span class='ocrx_word' id='word_1_510' title='bbox 1765 4343 2016 4414; x_wconf 86' lang='lat' dir='ltr'><strong>perdidit,</strong></span> <span class='ocrx_word' id='word_1_511' title='bbox 2056 4347 2150 4401; x_wconf 90' lang='lat' dir='ltr'><strong>scd</strong></span> 
     </span>
    </p>
   </div>
   <div class='ocr_carea' id='block_1_62' title="bbox 569 4425 2149 4504">
    <p class='ocr_par' dir='ltr' id='par_1_62' title="bbox 569 4425 2149 4504">
     <span class='ocr_line' id='line_1_62' title="bbox 569 4425 2149 4504; baseline 0.006 -24"><span class='ocrx_word' id='word_1_512' title='bbox 569 4426 734 4480; x_wconf 83' lang='lat' dir='ltr'><strong>etiam</strong></span> <span class='ocrx_word' id='word_1_513' title='bbox 761 4426 951 4482; x_wconf 87' lang='lat' dir='ltr'><strong>tartari</strong></span> <span class='ocrx_word' id='word_1_514' title='bbox 979 4425 1186 4482; x_wconf 87' lang='lat' dir='ltr'><strong>inferna</strong></span> <span class='ocrx_word' id='word_1_515' title='bbox 1214 4431 1532 4498; x_wconf 88' lang='lat' dir='ltr'><strong>promeruit.</strong></span> <span class='ocrx_word' id='word_1_516' title='bbox 1591 4432 1658 4485; x_wconf 90' lang='lat' dir='ltr'><strong>Et</strong></span> <span class='ocrx_word' id='word_1_517' title='bbox 1701 4433 1826 4502; x_wconf 90' lang='lat' dir='ltr'><strong>quia</strong></span> <span class='ocrx_word' id='word_1_518' title='bbox 1851 4443 2030 4504; x_wconf 73' lang='lat' dir='ltr'><strong>‘caput</strong></span> <span class='ocrx_word' id='word_1_519' title='bbox 2067 4445 2149 4490; x_wconf 88' lang='lat' dir='ltr'><strong>est</strong></span> 
     </span>
    </p>
   </div>
   <div class='ocr_carea' id='block_1_63' title="bbox 569 4515 2148 4590">
    <p class='ocr_par' dir='ltr' id='par_1_63' title="bbox 569 4515 2148 4590">
     <span class='ocr_line' id='line_1_63' title="bbox 569 4515 2148 4590; baseline 0.008 -22"><span class='ocrx_word' id='word_1_520' title='bbox 569 4515 808 4568; x_wconf 90' lang='lat' dir='ltr'><strong>omnium</strong></span> <span class='ocrx_word' id='word_1_521' title='bbox 863 4516 1236 4584; x_wconf 90' lang='lat' dir='ltr'><strong>superborum,</strong></span> <span class='ocrx_word' id='word_1_522' title='bbox 1289 4533 1480 4574; x_wconf 82' lang='lat' dir='ltr'><strong>omnes</strong></span> <span class='ocrx_word' id='word_1_523' title='bbox 1521 4523 1782 4590; x_wconf 86' lang='lat' dir='ltr'><strong>superbos</strong></span> <span class='ocrx_word' id='word_1_524' title='bbox 1819 4523 1920 4578; x_wconf 89' lang='lat' dir='ltr'><strong>sibi</strong></span> <span class='ocrx_word' id='word_1_525' title='bbox 1959 4523 2014 4578; x_wconf 91' lang='lat' dir='ltr'><strong>in</strong></span> <span class='ocrx_word' id='word_1_526' title='bbox 2040 4541 2148 4580; x_wconf 91' lang='lat' dir='ltr'><strong>uno</strong></span> 
     </span>
    </p>
   </div>
   <div class='ocr_carea' id='block_1_64' title="bbox 567 4607 2150 4685">
    <p class='ocr_par' dir='ltr' id='par_1_64' title="bbox 567 4607 2150 4685">
     <span class='ocr_line' id='line_1_64' title="bbox 567 4607 2150 4685; baseline 0.008 -27"><span class='ocrx_word' id='word_1_527' title='bbox 567 4619 794 4673; x_wconf 88' lang='lat' dir='ltr'><strong>corpore</strong></span> <span class='ocrx_word' id='word_1_528' title='bbox 842 4613 1097 4678; x_wconf 85' lang='lat' dir='ltr'><strong>tauquam</strong></span> <span class='ocrx_word' id='word_1_529' title='bbox 1138 4607 1306 4683; x_wconf 77' lang='lat' dir='ltr'><strong>capiti</strong></span> <span class='ocrx_word' id='word_1_530' title='bbox 1359 4609 1628 4679; x_wconf 82' lang='lat' dir='ltr'><strong>COpulavit</strong></span> <span class='ocrx_word' id='word_1_531' title='bbox 1669 4618 1723 4666; x_wconf 90' lang='lat' dir='ltr'><strong>et</strong></span> <span class='ocrx_word' id='word_1_532' title='bbox 1763 4627 1944 4668; x_wconf 90' lang='lat' dir='ltr'><strong>secum</strong></span> <span class='ocrx_word' id='word_1_533' title='bbox 1973 4614 2028 4669; x_wconf 92' lang='lat' dir='ltr'><strong>in</strong></span> <span class='ocrx_word' id='word_1_534' title='bbox 2057 4630 2150 4685; x_wconf 86' lang='lat' dir='ltr'><strong>ge—</strong></span> 
     </span>
    </p>
   </div>
   <div class='ocr_carea' id='block_1_65' title="bbox 565 4694 2146 4764">
    <p class='ocr_par' dir='ltr' id='par_1_65' title="bbox 565 4694 2146 4764">
     <span class='ocr_line' id='line_1_65' title="bbox 565 4694 2146 4764; baseline 0.009 -16"><span class='ocrx_word' id='word_1_535' title='bbox 565 4694 795 4749; x_wconf 86' lang='lat' dir='ltr'><strong>hennam</strong></span> <span class='ocrx_word' id='word_1_536' title='bbox 819 4696 1094 4751; x_wconf 89' lang='lat' dir='ltr'><strong>demersit.</strong></span> <span class='ocrx_word' id='word_1_537' title='bbox 1125 4698 1278 4754; x_wconf 90' lang='lat' dir='ltr'><strong>Sicut</strong></span> <span class='ocrx_word' id='word_1_538' title='bbox 1303 4715 1334 4754; x_wconf 93' lang='lat' dir='ltr'><strong>e</strong></span> <span class='ocrx_word' id='word_1_539' title='bbox 1355 4701 1630 4757; x_wconf 90' lang='lat' dir='ltr'><strong>contrario</strong></span> <span class='ocrx_word' id='word_1_540' title='bbox 1657 4702 1906 4758; x_wconf 87' lang='lat' dir='ltr'><strong>Christus</strong></span> <span class='ocrx_word' id='word_1_541' title='bbox 1931 4705 2146 4764; x_wconf 77' lang='lat' dir='ltr'><strong>humilis</strong></span> 
     </span>
    </p>
   </div>
   <div class='ocr_carea' id='block_1_66' title="bbox 567 4783 2143 4863">
    <p class='ocr_par' dir='ltr' id='par_1_66' title="bbox 567 4783 2143 4863">
     <span class='ocr_line' id='line_1_66' title="bbox 567 4783 2143 4863; baseline 0.006 -25"><span class='ocrx_word' id='word_1_542' title='bbox 567 4783 756 4838; x_wconf 88' lang='lat' dir='ltr'><strong>humili</strong></span> <span class='ocrx_word' id='word_1_543' title='bbox 799 4784 1074 4852; x_wconf 73' lang='lat' dir='ltr'><strong>Ecclesim,</strong></span> <span class='ocrx_word' id='word_1_544' title='bbox 1110 4788 1252 4857; x_wconf 87' lang='lat' dir='ltr'><strong>quod</strong></span> <span class='ocrx_word' id='word_1_545' title='bbox 1292 4797 1375 4844; x_wconf 84' lang='lat' dir='ltr'><strong>est</strong></span> <span class='ocrx_word' id='word_1_546' title='bbox 1420 4799 1582 4862; x_wconf 89' lang='lat' dir='ltr'><strong>caput</strong></span> <span class='ocrx_word' id='word_1_547' title='bbox 1611 4799 1665 4844; x_wconf 91' lang='lat' dir='ltr'><strong>et</strong></span> <span class='ocrx_word' id='word_1_548' title='bbox 1699 4806 1914 4863; x_wconf 87' lang='lat' dir='ltr'><strong>corpus,</strong></span> <span class='ocrx_word' id='word_1_549' title='bbox 1962 4808 2143 4848; x_wconf 89' lang='lat' dir='ltr'><strong>secum</strong></span> 
     </span>
    </p>
   </div>
   <div class='ocr_carea' id='block_1_67' title="bbox 565 4874 2142 4956">
    <p class='ocr_par' dir='ltr' id='par_1_67' title="bbox 565 4874 2142 4956">
     <span class='ocr_line' id='line_1_67' title="bbox 565 4874 2142 4956; baseline 0.008 -29"><span class='ocrx_word' id='word_1_550' title='bbox 565 4874 633 4929; x_wconf 91' lang='lat' dir='ltr'><strong>ad</strong></span> <span class='ocrx_word' id='word_1_551' title='bbox 661 4875 900 4930; x_wconf 65' lang='lat' dir='ltr'><strong>coelestia</strong></span> <span class='ocrx_word' id='word_1_552' title='bbox 931 4880 1112 4934; x_wconf 82' lang='lat' dir='ltr'><strong>traxit.</strong></span> <span class='ocrx_word' id='word_1_553' title='bbox 1150 4878 1285 4933; x_wconf 89' lang='lat' dir='ltr'><strong>Nam</strong></span> <span class='ocrx_word' id='word_1_554' title='bbox 1325 4881 1466 4937; x_wconf 87' lang='lat' dir='ltr'><strong>sicut</strong></span> <span class='ocrx_word' id='word_1_555' title='bbox 1513 4883 1762 4952; x_wconf 87' lang='lat' dir='ltr'><strong>superbia</strong></span> <span class='ocrx_word' id='word_1_556' title='bbox 1799 4882 1928 4938; x_wconf 81' lang='lat' dir='ltr'><strong>facit</strong></span> <span class='ocrx_word' id='word_1_557' title='bbox 1961 4899 2142 4956; x_wconf 90' lang='lat' dir='ltr'><strong>super-</strong></span> 
     </span>
    </p>
   </div>
   <div class='ocr_carea' id='block_1_68' title="bbox 564 4962 2144 5030">
    <p class='ocr_par' dir='ltr' id='par_1_68' title="bbox 564 4962 2144 5030">
     <span class='ocr_line' id='line_1_68' title="bbox 564 4962 2144 5030; baseline 0.009 -14"><span class='ocrx_word' id='word_1_558' title='bbox 564 4962 714 5028; x_wconf 85' lang='lat' dir='ltr'><strong>bum,</strong></span> <span class='ocrx_word' id='word_1_559' title='bbox 742 4966 819 5020; x_wconf 92' lang='lat' dir='ltr'><strong>sic</strong></span> <span class='ocrx_word' id='word_1_560' title='bbox 853 4967 1075 5024; x_wconf 76' lang='lat' dir='ltr'><strong>haeresis</strong></span> <span class='ocrx_word' id='word_1_561' title='bbox 1119 4967 1247 5028; x_wconf 86' lang='lat' dir='ltr'><strong>facit</strong></span> <span class='ocrx_word' id='word_1_562' title='bbox 1286 4971 1621 5027; x_wconf 72' lang='lat' dir='ltr'><strong>hmreticum.</strong></span> <span class='ocrx_word' id='word_1_563' title='bbox 1667 4973 1874 5028; x_wconf 90' lang='lat' dir='ltr'><strong>Desinit</strong></span> <span class='ocrx_word' id='word_1_564' title='bbox 1907 4991 2028 5030; x_wconf 89' lang='lat' dir='ltr'><strong>esse</strong></span> <span class='ocrx_word' id='word_1_565' title='bbox 2055 4991 2144 5030; x_wconf 89' lang='lat' dir='ltr'><strong>su-</strong></span> 
     </span>
    </p>
   </div>
   <div class='ocr_carea' id='block_1_69' title="bbox 563 5055 2138 5135">
    <p class='ocr_par' dir='ltr' id='par_1_69' title="bbox 563 5055 2138 5135">
     <span class='ocr_line' id='line_1_69' title="bbox 563 5055 2138 5135; baseline 0.01 -29"><span class='ocrx_word' id='word_1_566' title='bbox 563 5055 782 5124; x_wconf 89' lang='lat' dir='ltr'><strong>perbus,</strong></span> <span class='ocrx_word' id='word_1_567' title='bbox 814 5073 936 5112; x_wconf 92' lang='lat' dir='ltr'><strong>cum</strong></span> <span class='ocrx_word' id='word_1_568' title='bbox 957 5060 1222 5118; x_wconf 90' lang='lat' dir='ltr'><strong>dimiserit</strong></span> <span class='ocrx_word' id='word_1_569' title='bbox 1253 5078 1412 5135; x_wconf 91' lang='lat' dir='ltr'><strong>quam</strong></span> <span class='ocrx_word' id='word_1_570' title='bbox 1447 5065 1609 5118; x_wconf 89' lang='lat' dir='ltr'><strong>habet</strong></span> <span class='ocrx_word' id='word_1_571' title='bbox 1639 5065 1692 5120; x_wconf 92' lang='lat' dir='ltr'><strong>in</strong></span> <span class='ocrx_word' id='word_1_572' title='bbox 1722 5079 1780 5118; x_wconf 92' lang='lat' dir='ltr'><strong>se</strong></span> <span class='ocrx_word' id='word_1_573' title='bbox 1815 5065 2138 5134; x_wconf 86' lang='lat' dir='ltr'><strong>superbiam.</strong></span> 
     </span>
    </p>
   </div>
   <div class='ocr_carea' id='block_1_70' title="bbox 563 5142 2138 5224">
    <p class='ocr_par' dir='ltr' id='par_1_70' title="bbox 563 5142 2138 5224">
     <span class='ocr_line' id='line_1_70' title="bbox 563 5142 2138 5224; baseline 0.007 -26"><span class='ocrx_word' id='word_1_574' title='bbox 563 5142 775 5198; x_wconf 81' lang='lat' dir='ltr'><strong>Desinit</strong></span> <span class='ocrx_word' id='word_1_575' title='bbox 813 5147 976 5201; x_wconf 89' lang='lat' dir='ltr'><strong>etiam</strong></span> <span class='ocrx_word' id='word_1_576' title='bbox 1019 5163 1139 5204; x_wconf 90' lang='lat' dir='ltr'><strong>esse</strong></span> <span class='ocrx_word' id='word_1_577' title='bbox 1184 5151 1487 5217; x_wconf 62' lang='lat' dir='ltr'><strong>haereticus,</strong></span> <span class='ocrx_word' id='word_1_578' title='bbox 1535 5168 1656 5208; x_wconf 90' lang='lat' dir='ltr'><strong>cum</strong></span> <span class='ocrx_word' id='word_1_579' title='bbox 1693 5152 1957 5207; x_wconf 87' lang='lat' dir='ltr'><strong>dimiserit</strong></span> <span class='ocrx_word' id='word_1_580' title='bbox 1980 5169 2138 5224; x_wconf 90' lang='lat' dir='ltr'><strong>quam</strong></span> 
     </span>
    </p>
   </div>
   <div class='ocr_carea' id='block_1_71' title="bbox 564 5233 2137 5314">
    <p class='ocr_par' dir='ltr' id='par_1_71' title="bbox 564 5233 2137 5314">
     <span class='ocr_line' id='line_1_71' title="bbox 564 5233 2137 5314; baseline 0.01 -28"><span class='ocrx_word' id='word_1_581' title='bbox 564 5233 729 5287; x_wconf 90' lang='lat' dir='ltr'><strong>habet</strong></span> <span class='ocrx_word' id='word_1_582' title='bbox 754 5233 808 5286; x_wconf 91' lang='lat' dir='ltr'><strong>in</strong></span> <span class='ocrx_word' id='word_1_583' title='bbox 831 5249 889 5289; x_wconf 89' lang='lat' dir='ltr'><strong>se</strong></span> <span class='ocrx_word' id='word_1_584' title='bbox 904 5237 1172 5292; x_wconf 67' lang='lat' dir='ltr'><strong>haeresim.</strong></span> <span class='ocrx_word' id='word_1_585' title='bbox 1192 5240 1419 5311; x_wconf 87' lang='lat' dir='ltr'><strong>Semper</strong></span> <span class='ocrx_word' id='word_1_586' title='bbox 1443 5242 1548 5296; x_wconf 92' lang='lat' dir='ltr'><strong>erit</strong></span> <span class='ocrx_word' id='word_1_587' title='bbox 1570 5243 1872 5308; x_wconf 63' lang='lat' dir='ltr'><strong>haereticus,</strong></span> <span class='ocrx_word' id='word_1_588' title='bbox 1893 5245 1983 5314; x_wconf 94' lang='lat' dir='ltr'><strong>qui</strong></span> <span class='ocrx_word' id='word_1_589' title='bbox 2002 5260 2137 5300; x_wconf 89' lang='lat' dir='ltr'><strong>scm-</strong></span> 
     </span>
    </p>
   </div>
   <div class='ocr_carea' id='block_1_72' title="bbox 559 5327 2134 5408">
    <p class='ocr_par' dir='ltr' id='par_1_72' title="bbox 559 5327 2134 5408">
     <span class='ocr_line' id='line_1_72' title="bbox 559 5327 2134 5408; baseline 0.008 -26"><span class='ocrx_word' id='word_1_590' title='bbox 559 5342 659 5397; x_wconf 88' lang='lat' dir='ltr'><strong>per</strong></span> <span class='ocrx_word' id='word_1_591' title='bbox 684 5327 738 5380; x_wconf 91' lang='lat' dir='ltr'><strong>in</strong></span> <span class='ocrx_word' id='word_1_592' title='bbox 765 5339 822 5381; x_wconf 88' lang='lat' dir='ltr'><strong>se</strong></span> <span class='ocrx_word' id='word_1_593' title='bbox 845 5329 1004 5383; x_wconf 85' lang='lat' dir='ltr'><strong>habet</strong></span> <span class='ocrx_word' id='word_1_594' title='bbox 1029 5329 1298 5387; x_wconf 84' lang='lat' dir='ltr'><strong>haeresim.</strong></span> <span class='ocrx_word' id='word_1_595' title='bbox 1317 5333 1470 5388; x_wconf 89' lang='lat' dir='ltr'><strong>Sicut</strong></span> <span class='ocrx_word' id='word_1_596' title='bbox 1493 5350 1708 5404; x_wconf 89' lang='lat' dir='ltr'><strong>semper</strong></span> <span class='ocrx_word' id='word_1_597' title='bbox 1732 5336 1836 5390; x_wconf 89' lang='lat' dir='ltr'><strong>erit</strong></span> <span class='ocrx_word' id='word_1_598' title='bbox 1855 5338 2134 5408; x_wconf 89' lang='lat' dir='ltr'><strong>superbus,</strong></span> 
     </span>
    </p>
   </div>
   <div class='ocr_carea' id='block_1_73' title="bbox 561 5417 2135 5492">
    <p class='ocr_par' dir='ltr' id='par_1_73' title="bbox 561 5417 2135 5492">
     <span class='ocr_line' id='line_1_73' title="bbox 561 5417 2135 5492; baseline 0.005 -22"><span class='ocrx_word' id='word_1_599' title='bbox 561 5417 653 5489; x_wconf 90' lang='lat' dir='ltr'><strong>qui</strong></span> <span class='ocrx_word' id='word_1_600' title='bbox 692 5431 904 5486; x_wconf 89' lang='lat' dir='ltr'><strong>semper</strong></span> <span class='ocrx_word' id='word_1_601' title='bbox 935 5418 1095 5472; x_wconf 89' lang='lat' dir='ltr'><strong>habet</strong></span> <span class='ocrx_word' id='word_1_602' title='bbox 1141 5419 1192 5473; x_wconf 95' lang='lat' dir='ltr'><strong>in</strong></span> <span class='ocrx_word' id='word_1_603' title='bbox 1221 5435 1278 5475; x_wconf 89' lang='lat' dir='ltr'><strong>se</strong></span> <span class='ocrx_word' id='word_1_604' title='bbox 1307 5424 1634 5492; x_wconf 90' lang='lat' dir='ltr'><strong>superbiam.</strong></span> <span class='ocrx_word' id='word_1_605' title='bbox 1672 5424 1806 5478; x_wconf 88' lang='lat' dir='ltr'><strong>Nam</strong></span> <span class='ocrx_word' id='word_1_606' title='bbox 1839 5425 2064 5480; x_wconf 74' lang='lat' dir='ltr'><strong>hmresis</strong></span> <span class='ocrx_word' id='word_1_607' title='bbox 2105 5440 2135 5478; x_wconf 93' lang='lat' dir='ltr'><strong>a</strong></span> 
     </span>
    </p>
   </div>
   <div class='ocr_carea' id='block_1_74' title="bbox 559 5507 2136 5580">
    <p class='ocr_par' dir='ltr' id='par_1_74' title="bbox 559 5507 2136 5580">
     <span class='ocr_line' id='line_1_74' title="bbox 559 5507 2136 5580; baseline 0.004 -18"><span class='ocrx_word' id='word_1_608' title='bbox 559 5507 774 5563; x_wconf 86' lang='lat' dir='ltr'><strong>diabolo</strong></span> <span class='ocrx_word' id='word_1_609' title='bbox 810 5507 1026 5562; x_wconf 78' lang='lat' dir='ltr'><strong>inventa</strong></span> <span class='ocrx_word' id='word_1_610' title='bbox 1054 5517 1165 5574; x_wconf 90' lang='lat' dir='ltr'><strong>est,</strong></span> <span class='ocrx_word' id='word_1_611' title='bbox 1197 5518 1252 5564; x_wconf 91' lang='lat' dir='ltr'><strong>et</strong></span> <span class='ocrx_word' id='word_1_612' title='bbox 1279 5512 1344 5566; x_wconf 91' lang='lat' dir='ltr'><strong>de</strong></span> <span class='ocrx_word' id='word_1_613' title='bbox 1377 5513 1590 5568; x_wconf 87' lang='lat' dir='ltr'><strong>diabolo</strong></span> <span class='ocrx_word' id='word_1_614' title='bbox 1619 5522 1745 5569; x_wconf 89' lang='lat' dir='ltr'><strong>nata</strong></span> <span class='ocrx_word' id='word_1_615' title='bbox 1774 5523 1878 5580; x_wconf 90' lang='lat' dir='ltr'><strong>est,</strong></span> <span class='ocrx_word' id='word_1_616' title='bbox 1917 5515 2057 5570; x_wconf 91' lang='lat' dir='ltr'><strong>sicut</strong></span> <span class='ocrx_word' id='word_1_617' title='bbox 2081 5523 2136 5571; x_wconf 91' lang='lat' dir='ltr'><strong>et</strong></span> 
     </span>
    </p>
   </div>
   <div class='ocr_carea' id='block_1_75' title="bbox 561 5599 2133 5668">
    <p class='ocr_par' dir='ltr' id='par_1_75' title="bbox 561 5599 2133 5668">
     <span class='ocr_line' id='line_1_75' title="bbox 561 5599 2133 5668; baseline 0.003 -13"><span class='ocrx_word' id='word_1_618' title='bbox 561 5600 826 5668; x_wconf 78' lang='lat' dir='ltr'><strong>superbia.</strong></span> <span class='ocrx_word' id='word_1_619' title='bbox 868 5599 930 5654; x_wconf 89' lang='lat' dir='ltr'><strong>Et</strong></span> <span class='ocrx_word' id='word_1_620' title='bbox 957 5599 1079 5667; x_wconf 87' lang='lat' dir='ltr'><strong>quia</strong></span> <span class='ocrx_word' id='word_1_621' title='bbox 1116 5607 1216 5662; x_wconf 82' lang='lat' dir='ltr'><strong>est,</strong></span> <span class='ocrx_word' id='word_1_622' title='bbox 1243 5610 1294 5656; x_wconf 87' lang='lat' dir='ltr'><strong>et</strong></span> <span class='ocrx_word' id='word_1_623' title='bbox 1325 5603 1624 5658; x_wconf 89' lang='lat' dir='ltr'><strong>substantia</strong></span> <span class='ocrx_word' id='word_1_624' title='bbox 1654 5618 1758 5661; x_wconf 90' lang='lat' dir='ltr'><strong>non</strong></span> <span class='ocrx_word' id='word_1_625' title='bbox 1782 5613 1883 5664; x_wconf 85' lang='lat' dir='ltr'><strong>est.</strong></span> <span class='ocrx_word' id='word_1_626' title='bbox 1915 5615 1966 5661; x_wconf 85' lang='lat' dir='ltr'><strong>ct</strong></span> <span class='ocrx_word' id='word_1_627' title='bbox 1994 5605 2133 5663; x_wconf 88' lang='lat' dir='ltr'><strong>mala</strong></span> 
     </span>
    </p>
   </div>
   <div class='ocr_carea' id='block_1_76' title="bbox 2263 1792 3696 1866">
    <p class='ocr_par' dir='ltr' id='par_1_76' title="bbox 2263 1792 3696 1866">
     <span class='ocr_line' id='line_1_76' title="bbox 2263 1792 3696 1866; baseline 0.002 -19"><span class='ocrx_word' id='word_1_628' title='bbox 2263 1792 2408 1848; x_wconf 87' lang='lat' dir='ltr'><strong>aliud</strong></span> <span class='ocrx_word' id='word_1_629' title='bbox 2433 1793 2576 1863; x_wconf 92' lang='lat' dir='ltr'><strong>quod</strong></span> <span class='ocrx_word' id='word_1_630' title='bbox 2597 1794 2818 1850; x_wconf 89' lang='lat' dir='ltr'><strong>habent.</strong></span> <span class='ocrx_word' id='word_1_631' title='bbox 2843 1793 2979 1850; x_wconf 87' lang='lat' dir='ltr'><strong>Nam</strong></span> <span class='ocrx_word' id='word_1_632' title='bbox 3011 1797 3154 1866; x_wconf 88' lang='lat' dir='ltr'><strong>quod</strong></span> <span class='ocrx_word' id='word_1_633' title='bbox 3176 1804 3312 1864; x_wconf 90' lang='lat' dir='ltr'><strong>sunt,</strong></span> <span class='ocrx_word' id='word_1_634' title='bbox 3339 1799 3581 1853; x_wconf 83' lang='lat' dir='ltr'><strong>substantia</strong></span> <span class='ocrx_word' id='word_1_635' title='bbox 3596 1805 3696 1861; x_wconf 82' lang='lat' dir='ltr'><strong>sint;</strong></span> 
     </span>
    </p>
   </div>
   <div class='ocr_carea' id='block_1_77' title="bbox 2263 1883 3698 1958">
    <p class='ocr_par' dir='ltr' id='par_1_77' title="bbox 2263 1883 3698 1958">
     <span class='ocr_line' id='line_1_77' title="bbox 2263 1883 3698 1958; baseline 0.003 -20"><span class='ocrx_word' id='word_1_636' title='bbox 2263 1883 2408 1954; x_wconf 89' lang='lat' dir='ltr'><strong>quod</strong></span> <span class='ocrx_word' id='word_1_637' title='bbox 2445 1898 2575 1939; x_wconf 85' lang='lat' dir='ltr'><strong>vero</strong></span> <span class='ocrx_word' id='word_1_638' title='bbox 2615 1885 2834 1951; x_wconf 88' lang='lat' dir='ltr'><strong>habent,</strong></span> <span class='ocrx_word' id='word_1_639' title='bbox 2875 1886 3110 1956; x_wconf 89' lang='lat' dir='ltr'><strong>qualitas</strong></span> <span class='ocrx_word' id='word_1_640' title='bbox 3156 1903 3334 1950; x_wconf 89' lang='lat' dir='ltr'><strong>eorum</strong></span> <span class='ocrx_word' id='word_1_641' title='bbox 3371 1897 3458 1953; x_wconf 88' lang='lat' dir='ltr'><strong>est,</strong></span> <span class='ocrx_word' id='word_1_642' title='bbox 3495 1903 3570 1958; x_wconf 85' lang='lat' dir='ltr'><strong>per</strong></span> <span class='ocrx_word' id='word_1_643' title='bbox 3597 1901 3698 1958; x_wconf 79' lang='lat' dir='ltr'><strong>quam</strong></span> 
     </span>
    </p>
   </div>
   <div class='ocr_carea' id='block_1_78' title="bbox 2263 1975 3698 2048">
    <p class='ocr_par' dir='ltr' id='par_1_78' title="bbox 2263 1975 3698 2048">
     <span class='ocr_line' id='line_1_78' title="bbox 2263 1975 3698 2048; baseline 0.001 -17"><span class='ocrx_word' id='word_1_644' title='bbox 2263 1975 2643 2031; x_wconf 90' lang='lat' dir='ltr'><strong>discernuntur</strong></span> <span class='ocrx_word' id='word_1_645' title='bbox 2666 1977 2759 2046; x_wconf 91' lang='lat' dir='ltr'><strong>qui</strong></span> <span class='ocrx_word' id='word_1_646' title='bbox 2791 1983 2917 2032; x_wconf 89' lang='lat' dir='ltr'><strong>sunt</strong></span> <span class='ocrx_word' id='word_1_647' title='bbox 2943 1977 3092 2042; x_wconf 86' lang='lat' dir='ltr'><strong>boni,</strong></span> <span class='ocrx_word' id='word_1_648' title='bbox 3120 1979 3210 2048; x_wconf 91' lang='lat' dir='ltr'><strong>qui</strong></span> <span class='ocrx_word' id='word_1_649' title='bbox 3243 1979 3381 2033; x_wconf 88' lang='lat' dir='ltr'><strong>mali.</strong></span> <span class='ocrx_word' id='word_1_650' title='bbox 3421 1978 3529 2033; x_wconf 81' lang='lat' dir='ltr'><strong>Nam</strong></span> <span class='ocrx_word' id='word_1_651' title='bbox 3557 1977 3698 2048; x_wconf 69' lang='lat' dir='ltr'><strong>angelus</strong></span> 
     </span>
    </p>
   </div>
   <div class='ocr_carea' id='block_1_79' title="bbox 2261 2063 3696 2140">
    <p class='ocr_par' dir='ltr' id='par_1_79' title="bbox 2261 2063 3696 2140">
     <span class='ocr_line' id='line_1_79' title="bbox 2261 2063 3696 2140; baseline -0.001 -20"><span class='ocrx_word' id='word_1_652' title='bbox 2261 2063 2435 2120; x_wconf 90' lang='lat' dir='ltr'><strong>bonus</strong></span> <span class='ocrx_word' id='word_1_653' title='bbox 2458 2064 2674 2129; x_wconf 87' lang='lat' dir='ltr'><strong>dicitur,</strong></span> <span class='ocrx_word' id='word_1_654' title='bbox 2714 2066 2807 2120; x_wconf 91' lang='lat' dir='ltr'><strong>sed</strong></span> <span class='ocrx_word' id='word_1_655' title='bbox 2831 2079 2938 2121; x_wconf 92' lang='lat' dir='ltr'><strong>non</strong></span> <span class='ocrx_word' id='word_1_656' title='bbox 2966 2074 3052 2122; x_wconf 90' lang='lat' dir='ltr'><strong>est</strong></span> <span class='ocrx_word' id='word_1_657' title='bbox 3077 2067 3189 2140; x_wconf 90' lang='lat' dir='ltr'><strong>ipsa</strong></span> <span class='ocrx_word' id='word_1_658' title='bbox 3217 2068 3412 2124; x_wconf 88' lang='lat' dir='ltr'><strong>bonitas</strong></span> <span class='ocrx_word' id='word_1_659' title='bbox 3433 2068 3522 2138; x_wconf 88' lang='lat' dir='ltr'><strong>ipse</strong></span> <span class='ocrx_word' id='word_1_660' title='bbox 3541 2065 3696 2138; x_wconf 74' lang='lat' dir='ltr'><strong>angelis.</strong></span> 
     </span>
    </p>
   </div>
   <div class='ocr_carea' id='block_1_80' title="bbox 2259 2153 3696 2228">
    <p class='ocr_par' dir='ltr' id='par_1_80' title="bbox 2259 2153 3696 2228">
     <span class='ocr_line' id='line_1_80' title="bbox 2259 2153 3696 2228; baseline -0.002 -18"><span class='ocrx_word' id='word_1_661' title='bbox 2259 2153 2376 2210; x_wconf 86' lang='lat' dir='ltr'><strong>Non</strong></span> <span class='ocrx_word' id='word_1_662' title='bbox 2399 2155 2542 2209; x_wconf 91' lang='lat' dir='ltr'><strong>enim</strong></span> <span class='ocrx_word' id='word_1_663' title='bbox 2569 2161 2812 2224; x_wconf 88' lang='lat' dir='ltr'><strong>apostata</strong></span> <span class='ocrx_word' id='word_1_664' title='bbox 2849 2156 3076 2228; x_wconf 88' lang='lat' dir='ltr'><strong>angelus</strong></span> <span class='ocrx_word' id='word_1_665' title='bbox 3118 2157 3348 2214; x_wconf 89' lang='lat' dir='ltr'><strong>diabolus</strong></span> <span class='ocrx_word' id='word_1_666' title='bbox 3381 2157 3526 2213; x_wconf 85' lang='lat' dir='ltr'><strong>factus</strong></span> <span class='ocrx_word' id='word_1_667' title='bbox 3541 2163 3650 2220; x_wconf 83' lang='lat' dir='ltr'><strong>esset,</strong></span> <span class='ocrx_word' id='word_1_668' title='bbox 3667 2155 3696 2208; x_wconf 90' lang='lat' dir='ltr'><strong>si</strong></span> 
     </span>
    </p>
   </div>
   <div class='ocr_carea' id='block_1_81' title="bbox 2259 2247 3700 2320">
    <p class='ocr_par' dir='ltr' id='par_1_81' title="bbox 2259 2247 3700 2320">
     <span class='ocr_line' id='line_1_81' title="bbox 2259 2247 3700 2320; baseline 0.001 -18"><span class='ocrx_word' id='word_1_669' title='bbox 2259 2261 2358 2318; x_wconf 87' lang='lat' dir='ltr'><strong>per</strong></span> <span class='ocrx_word' id='word_1_670' title='bbox 2376 2261 2436 2302; x_wconf 91' lang='lat' dir='ltr'><strong>se</strong></span> <span class='ocrx_word' id='word_1_671' title='bbox 2457 2247 2674 2303; x_wconf 91' lang='lat' dir='ltr'><strong>bonitas</strong></span> <span class='ocrx_word' id='word_1_672' title='bbox 2697 2256 2859 2304; x_wconf 90' lang='lat' dir='ltr'><strong>esset.</strong></span> <span class='ocrx_word' id='word_1_673' title='bbox 2884 2247 3126 2320; x_wconf 78' lang='lat' dir='ltr'><strong>Angelus</strong></span> <span class='ocrx_word' id='word_1_674' title='bbox 3147 2249 3305 2316; x_wconf 89' lang='lat' dir='ltr'><strong>enim,</strong></span> <span class='ocrx_word' id='word_1_675' title='bbox 3330 2257 3384 2304; x_wconf 91' lang='lat' dir='ltr'><strong>ut</strong></span> <span class='ocrx_word' id='word_1_676' title='bbox 3405 2250 3445 2306; x_wconf 89' lang='lat' dir='ltr'><strong>si</strong></span> <span class='ocrx_word' id='word_1_677' title='bbox 3467 2251 3610 2313; x_wconf 83' lang='lat' dir='ltr'><strong>bonus,</strong></span> <span class='ocrx_word' id='word_1_678' title='bbox 3631 2261 3700 2303; x_wconf 75' lang='lat' dir='ltr'><strong>non</strong></span> 
     </span>
    </p>
   </div>
   <div class='ocr_carea' id='block_1_82' title="bbox 2261 2337 3697 2408">
    <p class='ocr_par' dir='ltr' id='par_1_82' title="bbox 2261 2337 3697 2408">
     <span class='ocr_line' id='line_1_82' title="bbox 2261 2337 3697 2408; baseline -0.001 -16"><span class='ocrx_word' id='word_1_679' title='bbox 2261 2354 2292 2392; x_wconf 88' lang='lat' dir='ltr'><strong>a</strong></span> <span class='ocrx_word' id='word_1_680' title='bbox 2319 2353 2398 2402; x_wconf 89' lang='lat' dir='ltr'><strong>se,</strong></span> <span class='ocrx_word' id='word_1_681' title='bbox 2413 2338 2508 2396; x_wconf 85' lang='lat' dir='ltr'><strong>sed</strong></span> <span class='ocrx_word' id='word_1_682' title='bbox 2533 2353 2565 2392; x_wconf 87' lang='lat' dir='ltr'><strong>a</strong></span> <span class='ocrx_word' id='word_1_683' title='bbox 2591 2339 2724 2404; x_wconf 88' lang='lat' dir='ltr'><strong>Deo,</strong></span> <span class='ocrx_word' id='word_1_684' title='bbox 2745 2339 2910 2394; x_wconf 89' lang='lat' dir='ltr'><strong>habet</strong></span> <span class='ocrx_word' id='word_1_685' title='bbox 2928 2348 2990 2394; x_wconf 90' lang='lat' dir='ltr'><strong>ut</strong></span> <span class='ocrx_word' id='word_1_686' title='bbox 3011 2341 3084 2396; x_wconf 91' lang='lat' dir='ltr'><strong>sit</strong></span> <span class='ocrx_word' id='word_1_687' title='bbox 3106 2341 3292 2397; x_wconf 89' lang='lat' dir='ltr'><strong>bonus.</strong></span> <span class='ocrx_word' id='word_1_688' title='bbox 3315 2337 3377 2396; x_wconf 85' lang='lat' dir='ltr'><strong>Et</strong></span> <span class='ocrx_word' id='word_1_689' title='bbox 3400 2341 3518 2398; x_wconf 89' lang='lat' dir='ltr'><strong>aliud</strong></span> <span class='ocrx_word' id='word_1_690' title='bbox 3537 2349 3596 2395; x_wconf 87' lang='lat' dir='ltr'><strong>est</strong></span> <span class='ocrx_word' id='word_1_691' title='bbox 3609 2337 3697 2408; x_wconf 73' lang='lat' dir='ltr'><strong>quod</strong></span> 
     </span>
    </p>
   </div>
   <div class='ocr_carea' id='block_1_83' title="bbox 2261 2429 3696 2502">
    <p class='ocr_par' dir='ltr' id='par_1_83' title="bbox 2261 2429 3696 2502">
     <span class='ocr_line' id='line_1_83' title="bbox 2261 2429 3696 2502; baseline -0.005 -12"><span class='ocrx_word' id='word_1_692' title='bbox 2261 2430 2560 2490; x_wconf 78' lang='lat' dir='ltr'><strong>substantia</strong></span> <span class='ocrx_word' id='word_1_693' title='bbox 2599 2439 2716 2496; x_wconf 90' lang='lat' dir='ltr'><strong>est,</strong></span> <span class='ocrx_word' id='word_1_694' title='bbox 2748 2430 2893 2488; x_wconf 90' lang='lat' dir='ltr'><strong>aliud</strong></span> <span class='ocrx_word' id='word_1_695' title='bbox 2925 2432 3072 2502; x_wconf 91' lang='lat' dir='ltr'><strong>quod</strong></span> <span class='ocrx_word' id='word_1_696' title='bbox 3111 2433 3274 2491; x_wconf 83' lang='lat' dir='ltr'><strong>habet</strong></span> <span class='ocrx_word' id='word_1_697' title='bbox 3312 2433 3556 2489; x_wconf 86' lang='lat' dir='ltr'><strong>bonitatem</strong></span> <span class='ocrx_word' id='word_1_698' title='bbox 3581 2429 3618 2484; x_wconf 88' lang='lat' dir='ltr'><strong>in</strong></span> <span class='ocrx_word' id='word_1_699' title='bbox 3647 2441 3696 2482; x_wconf 81' lang='lat' dir='ltr'><strong>se.</strong></span> 
     </span>
    </p>
   </div>
   <div class='ocr_carea' id='block_1_84' title="bbox 2263 2519 3698 2592">
    <p class='ocr_par' dir='ltr' id='par_1_84' title="bbox 2263 2519 3698 2592">
     <span class='ocr_line' id='line_1_84' title="bbox 2263 2519 3698 2592; baseline -0.002 -18"><span class='ocrx_word' id='word_1_700' title='bbox 2263 2519 2353 2577; x_wconf 89' lang='lat' dir='ltr'><strong>Sic</strong></span> <span class='ocrx_word' id='word_1_701' title='bbox 2377 2527 2432 2576; x_wconf 91' lang='lat' dir='ltr'><strong>et</strong></span> <span class='ocrx_word' id='word_1_702' title='bbox 2459 2520 2624 2575; x_wconf 90' lang='lat' dir='ltr'><strong>homo</strong></span> <span class='ocrx_word' id='word_1_703' title='bbox 2647 2520 2818 2576; x_wconf 91' lang='lat' dir='ltr'><strong>bonus</strong></span> <span class='ocrx_word' id='word_1_704' title='bbox 2845 2560 2862 2586; x_wconf 87' lang='lat'><strong>,</strong></span> <span class='ocrx_word' id='word_1_705' title='bbox 2909 2521 3059 2578; x_wconf 86' lang='lat' dir='ltr'><strong>aliud</strong></span> <span class='ocrx_word' id='word_1_706' title='bbox 3095 2530 3178 2582; x_wconf 86' lang='lat' dir='ltr'><strong>est</strong></span> <span class='ocrx_word' id='word_1_707' title='bbox 3211 2522 3346 2592; x_wconf 92' lang='lat' dir='ltr'><strong>quod</strong></span> <span class='ocrx_word' id='word_1_708' title='bbox 3388 2520 3616 2579; x_wconf 81' lang='lat' dir='ltr'><strong>substantia</strong></span> <span class='ocrx_word' id='word_1_709' title='bbox 3633 2525 3698 2580; x_wconf 85' lang='lat' dir='ltr'><strong>est,</strong></span> 
     </span>
    </p>
   </div>
   <div class='ocr_carea' id='block_1_85' title="bbox 2261 2611 3700 2682">
    <p class='ocr_par' dir='ltr' id='par_1_85' title="bbox 2261 2611 3700 2682">
     <span class='ocr_line' id='line_1_85' title="bbox 2261 2611 3700 2682; baseline -0.001 -17"><span class='ocrx_word' id='word_1_710' title='bbox 2261 2611 2408 2666; x_wconf 89' lang='lat' dir='ltr'><strong>aliud</strong></span> <span class='ocrx_word' id='word_1_711' title='bbox 2442 2617 2526 2665; x_wconf 89' lang='lat' dir='ltr'><strong>est</strong></span> <span class='ocrx_word' id='word_1_712' title='bbox 2561 2611 2775 2666; x_wconf 90' lang='lat' dir='ltr'><strong>bonitas</strong></span> <span class='ocrx_word' id='word_1_713' title='bbox 2803 2626 2968 2682; x_wconf 90' lang='lat' dir='ltr'><strong>quam</strong></span> <span class='ocrx_word' id='word_1_714' title='bbox 2989 2611 3154 2669; x_wconf 89' lang='lat' dir='ltr'><strong>habet</strong></span> <span class='ocrx_word' id='word_1_715' title='bbox 3180 2612 3338 2679; x_wconf 80' lang='lat' dir='ltr'><strong>inse.</strong></span> <span class='ocrx_word' id='word_1_716' title='bbox 3365 2611 3485 2666; x_wconf 86' lang='lat' dir='ltr'><strong>Deus</strong></span> <span class='ocrx_word' id='word_1_717' title='bbox 3502 2618 3627 2664; x_wconf 83' lang='lat' dir='ltr'><strong>tamen</strong></span> <span class='ocrx_word' id='word_1_718' title='bbox 3642 2617 3700 2674; x_wconf 78' lang='lat' dir='ltr'><strong>per</strong></span> 
     </span>
    </p>
   </div>
   <div class='ocr_carea' id='block_1_86' title="bbox 2261 2697 3700 2773">
    <p class='ocr_par' dir='ltr' id='par_1_86' title="bbox 2261 2697 3700 2773">
     <span class='ocr_line' id='line_1_86' title="bbox 2261 2697 3700 2773; baseline -0.007 -15"><span class='ocrx_word' id='word_1_719' title='bbox 2261 2718 2320 2759; x_wconf 90' lang='lat' dir='ltr'><strong>se</strong></span> <span class='ocrx_word' id='word_1_720' title='bbox 2341 2703 2516 2759; x_wconf 90' lang='lat' dir='ltr'><strong>bonus</strong></span> <span class='ocrx_word' id='word_1_721' title='bbox 2533 2709 2637 2766; x_wconf 89' lang='lat' dir='ltr'><strong>est,</strong></span> <span class='ocrx_word' id='word_1_722' title='bbox 2661 2703 2788 2773; x_wconf 90' lang='lat' dir='ltr'><strong>quia</strong></span> <span class='ocrx_word' id='word_1_723' title='bbox 2811 2703 2925 2773; x_wconf 90' lang='lat' dir='ltr'><strong>ipsa</strong></span> <span class='ocrx_word' id='word_1_724' title='bbox 2947 2703 3167 2760; x_wconf 89' lang='lat' dir='ltr'><strong>bonitas</strong></span> <span class='ocrx_word' id='word_1_725' title='bbox 3190 2703 3325 2759; x_wconf 89' lang='lat' dir='ltr'><strong>Deus</strong></span> <span class='ocrx_word' id='word_1_726' title='bbox 3343 2703 3443 2772; x_wconf 87' lang='lat' dir='ltr'><strong>ipse</strong></span> <span class='ocrx_word' id='word_1_727' title='bbox 3462 2707 3542 2756; x_wconf 87' lang='lat' dir='ltr'><strong>est.</strong></span> <span class='ocrx_word' id='word_1_728' title='bbox 3568 2697 3614 2752; x_wconf 86' lang='lat' dir='ltr'><strong>Et</strong></span> <span class='ocrx_word' id='word_1_729' title='bbox 3633 2709 3700 2749; x_wconf 85' lang='lat' dir='ltr'><strong>non</strong></span> 
     </span>
    </p>
   </div>
   <div class='ocr_carea' id='block_1_87' title="bbox 2259 2785 3700 2864">
    <p class='ocr_par' dir='ltr' id='par_1_87' title="bbox 2259 2785 3700 2864">
     <span class='ocr_line' id='line_1_87' title="bbox 2259 2785 3700 2864; baseline -0.008 -13"><span class='ocrx_word' id='word_1_730' title='bbox 2259 2803 2342 2851; x_wconf 88' lang='lat' dir='ltr'><strong>est</strong></span> <span class='ocrx_word' id='word_1_731' title='bbox 2368 2794 2514 2851; x_wconf 86' lang='lat' dir='ltr'><strong>aliud</strong></span> <span class='ocrx_word' id='word_1_732' title='bbox 2541 2793 2842 2850; x_wconf 87' lang='lat' dir='ltr'><strong>substantia</strong></span> <span class='ocrx_word' id='word_1_733' title='bbox 2870 2793 3020 2864; x_wconf 75' lang='lat' dir='ltr'><strong>ejus,</strong></span> <span class='ocrx_word' id='word_1_734' title='bbox 3039 2803 3096 2850; x_wconf 88' lang='lat' dir='ltr'><strong>et</strong></span> <span class='ocrx_word' id='word_1_735' title='bbox 3119 2795 3261 2850; x_wconf 87' lang='lat' dir='ltr'><strong>aliud</strong></span> <span class='ocrx_word' id='word_1_736' title='bbox 3285 2794 3474 2850; x_wconf 85' lang='lat' dir='ltr'><strong>bonitas</strong></span> <span class='ocrx_word' id='word_1_737' title='bbox 3493 2789 3592 2859; x_wconf 84' lang='lat' dir='ltr'><strong>ejus,</strong></span> <span class='ocrx_word' id='word_1_738' title='bbox 3613 2785 3700 2845; x_wconf 79' lang='lat' dir='ltr'><strong>sicut</strong></span> 
     </span>
    </p>
   </div>
   <div class='ocr_carea' id='block_1_88' title="bbox 2261 2879 3698 2957">
    <p class='ocr_par' dir='ltr' id='par_1_88' title="bbox 2261 2879 3698 2957">
     <span class='ocr_line' id='line_1_88' title="bbox 2261 2879 3698 2957; baseline -0.008 -15"><span class='ocrx_word' id='word_1_739' title='bbox 2261 2886 2497 2942; x_wconf 90' lang='lat' dir='ltr'><strong>hominis</strong></span> <span class='ocrx_word' id='word_1_740' title='bbox 2509 2895 2565 2942; x_wconf 92' lang='lat' dir='ltr'><strong>et</strong></span> <span class='ocrx_word' id='word_1_741' title='bbox 2577 2885 2773 2956; x_wconf 85' lang='lat' dir='ltr'><strong>angeli,</strong></span> <span class='ocrx_word' id='word_1_742' title='bbox 2797 2885 2892 2942; x_wconf 90' lang='lat' dir='ltr'><strong>sed</strong></span> <span class='ocrx_word' id='word_1_743' title='bbox 2911 2885 3030 2957; x_wconf 89' lang='lat' dir='ltr'><strong>ipsa</strong></span> <span class='ocrx_word' id='word_1_744' title='bbox 3049 2885 3264 2942; x_wconf 90' lang='lat' dir='ltr'><strong>bonitas</strong></span> <span class='ocrx_word' id='word_1_745' title='bbox 3281 2883 3389 2954; x_wconf 86' lang='lat' dir='ltr'><strong>ejus</strong></span> <span class='ocrx_word' id='word_1_746' title='bbox 3397 2879 3618 2938; x_wconf 80' lang='lat' dir='ltr'><strong>substantia</strong></span> <span class='ocrx_word' id='word_1_747' title='bbox 3632 2883 3698 2930; x_wconf 84' lang='lat' dir='ltr'><strong>est.</strong></span> 
     </span>
    </p>
   </div>
   <div class='ocr_carea' id='block_1_89' title="bbox 2261 2970 3700 3052">
    <p class='ocr_par' dir='ltr' id='par_1_89' title="bbox 2261 2970 3700 3052">
     <span class='ocr_line' id='line_1_89' title="bbox 2261 2970 3700 3052; baseline -0.008 -20"><span class='ocrx_word' id='word_1_748' title='bbox 2261 2977 2453 3033; x_wconf 90' lang='lat' dir='ltr'><strong>Omnia</strong></span> <span class='ocrx_word' id='word_1_749' title='bbox 2471 2991 2634 3046; x_wconf 90' lang='lat' dir='ltr'><strong>opera</strong></span> <span class='ocrx_word' id='word_1_750' title='bbox 2655 2991 2772 3046; x_wconf 70' lang='lat' dir='ltr'><strong>qua:</strong></span> <span class='ocrx_word' id='word_1_751' title='bbox 2789 2974 2918 3030; x_wconf 90' lang='lat' dir='ltr'><strong>fecit</strong></span> <span class='ocrx_word' id='word_1_752' title='bbox 2941 2976 3119 3032; x_wconf 91' lang='lat' dir='ltr'><strong>bonus</strong></span> <span class='ocrx_word' id='word_1_753' title='bbox 3146 2976 3286 3032; x_wconf 89' lang='lat' dir='ltr'><strong>Deus</strong></span> <span class='ocrx_word' id='word_1_754' title='bbox 3305 2977 3431 3052; x_wconf 85' lang='lat' dir='ltr'><strong>bona</strong></span> <span class='ocrx_word' id='word_1_755' title='bbox 3443 2970 3602 3030; x_wconf 81' lang='lat' dir='ltr'><strong>suntlit</strong></span> <span class='ocrx_word' id='word_1_756' title='bbox 3616 2978 3700 3022; x_wconf 78' lang='lat' dir='ltr'><strong>cum</strong></span> 
     </span>
    </p>
   </div>
   <div class='ocr_carea' id='block_1_90' title="bbox 2263 3055 3694 3137">
    <p class='ocr_par' dir='ltr' id='par_1_90' title="bbox 2263 3055 3694 3137">
     <span class='ocr_line' id='line_1_90' title="bbox 2263 3055 3694 3137; baseline -0.009 -15"><span class='ocrx_word' id='word_1_757' title='bbox 2263 3068 2315 3122; x_wconf 92' lang='lat' dir='ltr'><strong>in</strong></span> <span class='ocrx_word' id='word_1_758' title='bbox 2337 3068 2442 3123; x_wconf 92' lang='lat' dir='ltr'><strong>hoc</strong></span> <span class='ocrx_word' id='word_1_759' title='bbox 2469 3075 2596 3122; x_wconf 90' lang='lat' dir='ltr'><strong>sunt</strong></span> <span class='ocrx_word' id='word_1_760' title='bbox 2615 3065 2670 3121; x_wconf 92' lang='lat' dir='ltr'><strong>in</strong></span> <span class='ocrx_word' id='word_1_761' title='bbox 2699 3081 2808 3137; x_wconf 92' lang='lat' dir='ltr'><strong>quo</strong></span> <span class='ocrx_word' id='word_1_762' title='bbox 2829 3065 2968 3122; x_wconf 86' lang='lat' dir='ltr'><strong>facta</strong></span> <span class='ocrx_word' id='word_1_763' title='bbox 2996 3073 3140 3133; x_wconf 89' lang='lat' dir='ltr'><strong>sunt,</strong></span> <span class='ocrx_word' id='word_1_764' title='bbox 3167 3081 3372 3136; x_wconf 88' lang='lat' dir='ltr'><strong>semper</strong></span> <span class='ocrx_word' id='word_1_765' title='bbox 3390 3065 3500 3121; x_wconf 87' lang='lat' dir='ltr'><strong>bona</strong></span> <span class='ocrx_word' id='word_1_766' title='bbox 3513 3066 3608 3116; x_wconf 84' lang='lat' dir='ltr'><strong>sunt.</strong></span> <span class='ocrx_word' id='word_1_767' title='bbox 3625 3055 3694 3109; x_wconf 87' lang='lat' dir='ltr'><strong>Bo-</strong></span> 
     </span>
    </p>
   </div>
   <div class='ocr_carea' id='block_1_91' title="bbox 2261 3149 3692 3228">
    <p class='ocr_par' dir='ltr' id='par_1_91' title="bbox 2261 3149 3692 3228">
     <span class='ocr_line' id='line_1_91' title="bbox 2261 3149 3692 3228; baseline -0.004 -16"><span class='ocrx_word' id='word_1_768' title='bbox 2261 3157 2404 3212; x_wconf 90' lang='lat' dir='ltr'><strong>nitas</strong></span> <span class='ocrx_word' id='word_1_769' title='bbox 2423 3155 2510 3212; x_wconf 90' lang='lat' dir='ltr'><strong>illa</strong></span> <span class='ocrx_word' id='word_1_770' title='bbox 2535 3171 2696 3226; x_wconf 90' lang='lat' dir='ltr'><strong>quam</strong></span> <span class='ocrx_word' id='word_1_771' title='bbox 2711 3171 2779 3212; x_wconf 83' lang='lat' dir='ltr'><strong>ex</strong></span> <span class='ocrx_word' id='word_1_772' title='bbox 2795 3156 2904 3212; x_wconf 89' lang='lat' dir='ltr'><strong>Deo</strong></span> <span class='ocrx_word' id='word_1_773' title='bbox 2917 3167 3262 3228; x_wconf 87' lang='lat' dir='ltr'><strong>acceperunt,</strong></span> <span class='ocrx_word' id='word_1_774' title='bbox 3280 3157 3324 3212; x_wconf 88' lang='lat' dir='ltr'><strong>si</strong></span> <span class='ocrx_word' id='word_1_775' title='bbox 3344 3171 3437 3212; x_wconf 92' lang='lat' dir='ltr'><strong>non</strong></span> <span class='ocrx_word' id='word_1_776' title='bbox 3447 3149 3692 3224; x_wconf 74' lang='lat' dir='ltr'><strong>perdidean</strong></span> 
     </span>
    </p>
   </div>
   <div class='ocr_carea' id='block_1_92' title="bbox 2260 3233 3699 3316">
    <p class='ocr_par' dir='ltr' id='par_1_92' title="bbox 2260 3233 3699 3316">
     <span class='ocr_line' id='line_1_92' title="bbox 2260 3233 3699 3316; baseline -0.01 -16"><span class='ocrx_word' id='word_1_777' title='bbox 2260 3245 2390 3302; x_wconf 85' lang='lat' dir='ltr'><strong>facit</strong></span> <span class='ocrx_word' id='word_1_778' title='bbox 2423 3253 2483 3301; x_wconf 88' lang='lat' dir='ltr'><strong>ut</strong></span> <span class='ocrx_word' id='word_1_779' title='bbox 2515 3261 2728 3316; x_wconf 87' lang='lat' dir='ltr'><strong>semper</strong></span> <span class='ocrx_word' id='word_1_780' title='bbox 2750 3247 2890 3302; x_wconf 88' lang='lat' dir='ltr'><strong>bona</strong></span> <span class='ocrx_word' id='word_1_781' title='bbox 2915 3247 3046 3306; x_wconf 89' lang='lat' dir='ltr'><strong>sint.</strong></span> <span class='ocrx_word' id='word_1_782' title='bbox 3083 3247 3151 3303; x_wconf 88' lang='lat' dir='ltr'><strong>Et</strong></span> <span class='ocrx_word' id='word_1_783' title='bbox 3178 3255 3360 3304; x_wconf 89' lang='lat' dir='ltr'><strong>contra</strong></span> <span class='ocrx_word' id='word_1_784' title='bbox 3385 3241 3555 3314; x_wconf 85' lang='lat' dir='ltr'><strong>angelus</strong></span> <span class='ocrx_word' id='word_1_785' title='bbox 3584 3233 3699 3292; x_wconf 84' lang='lat' dir='ltr'><strong>malus</strong></span> 
     </span>
    </p>
   </div>
   <div class='ocr_carea' id='block_1_93' title="bbox 2259 3330 3699 3408">
    <p class='ocr_par' dir='ltr' id='par_1_93' title="bbox 2259 3330 3699 3408">
     <span class='ocr_line' id='line_1_93' title="bbox 2259 3330 3699 3408; baseline -0.01 -17"><span class='ocrx_word' id='word_1_786' title='bbox 2259 3344 2314 3391; x_wconf 89' lang='lat' dir='ltr'><strong>et</strong></span> <span class='ocrx_word' id='word_1_787' title='bbox 2329 3336 2487 3394; x_wconf 90' lang='lat' dir='ltr'><strong>homo</strong></span> <span class='ocrx_word' id='word_1_788' title='bbox 2500 3335 2674 3392; x_wconf 90' lang='lat' dir='ltr'><strong>malus</strong></span> <span class='ocrx_word' id='word_1_789' title='bbox 2695 3335 2821 3391; x_wconf 89' lang='lat' dir='ltr'><strong>inde</strong></span> <span class='ocrx_word' id='word_1_790' title='bbox 2834 3335 3091 3392; x_wconf 89' lang='lat' dir='ltr'><strong>dicuntur</strong></span> <span class='ocrx_word' id='word_1_791' title='bbox 3107 3339 3230 3408; x_wconf 88' lang='lat' dir='ltr'><strong>quia</strong></span> <span class='ocrx_word' id='word_1_792' title='bbox 3244 3330 3699 3408; x_wconf 81' lang='lat' dir='ltr'><strong>perdideruntbouum.</strong></span> 
     </span>
    </p>
   </div>
   <div class='ocr_carea' id='block_1_94' title="bbox 2259 3414 3702 3502">
    <p class='ocr_par' dir='ltr' id='par_1_94' title="bbox 2259 3414 3702 3502">
     <span class='ocr_line' id='line_1_94' title="bbox 2259 3414 3702 3502; baseline -0.003 -22"><span class='ocrx_word' id='word_1_793' title='bbox 2259 3427 2495 3502; x_wconf 85' lang='lat' dir='ltr'><strong>Angelus</strong></span> <span class='ocrx_word' id='word_1_794' title='bbox 2523 3429 2825 3484; x_wconf 90' lang='lat' dir='ltr'><strong>substantia</strong></span> <span class='ocrx_word' id='word_1_795' title='bbox 2854 3437 2960 3495; x_wconf 90' lang='lat' dir='ltr'><strong>est,</strong></span> <span class='ocrx_word' id='word_1_796' title='bbox 3000 3437 3058 3486; x_wconf 90' lang='lat' dir='ltr'><strong>et</strong></span> <span class='ocrx_word' id='word_1_797' title='bbox 3085 3431 3245 3485; x_wconf 90' lang='lat' dir='ltr'><strong>homo</strong></span> <span class='ocrx_word' id='word_1_798' title='bbox 3274 3425 3533 3484; x_wconf 85' lang='lat' dir='ltr'><strong>substantia</strong></span> <span class='ocrx_word' id='word_1_799' title='bbox 3547 3414 3702 3476; x_wconf 68' lang='lat' dir='ltr'><strong>estli-</strong></span> 
     </span>
    </p>
   </div>
   <div class='ocr_carea' id='block_1_95' title="bbox 2259 3507 3706 3592">
    <p class='ocr_par' dir='ltr' id='par_1_95' title="bbox 2259 3507 3706 3592">
     <span class='ocr_line' id='line_1_95' title="bbox 2259 3507 3706 3592; baseline -0.003 -22"><span class='ocrx_word' id='word_1_800' title='bbox 2259 3507 2526 3572; x_wconf 77' lang='lat' dir='ltr'><strong>lum&#39;vero</strong></span> <span class='ocrx_word' id='word_1_801' title='bbox 2553 3533 2662 3573; x_wconf 91' lang='lat' dir='ltr'><strong>non</strong></span> <span class='ocrx_word' id='word_1_802' title='bbox 2702 3525 2786 3574; x_wconf 90' lang='lat' dir='ltr'><strong>est</strong></span> <span class='ocrx_word' id='word_1_803' title='bbox 2826 3518 3153 3585; x_wconf 88' lang='lat' dir='ltr'><strong>substantia,</strong></span> <span class='ocrx_word' id='word_1_804' title='bbox 3185 3521 3275 3574; x_wconf 90' lang='lat' dir='ltr'><strong>sed</strong></span> <span class='ocrx_word' id='word_1_805' title='bbox 3295 3515 3496 3592; x_wconf 84' lang='lat' dir='ltr'><strong>privatio</strong></span> <span class='ocrx_word' id='word_1_806' title='bbox 3510 3509 3706 3573; x_wconf 51' lang='lat' dir='ltr'><strong>bonnell</strong></span> 
     </span>
    </p>
   </div>
   <div class='ocr_carea' id='block_1_96' title="bbox 2262 3600 3705 3684">
    <p class='ocr_par' dir='ltr' id='par_1_96' title="bbox 2262 3600 3705 3684">
     <span class='ocr_line' id='line_1_96' title="bbox 2262 3600 3705 3684; baseline -0.011 -20"><span class='ocrx_word' id='word_1_807' title='bbox 2262 3608 2474 3665; x_wconf 89' lang='lat' dir='ltr'><strong>diabolo</strong></span> <span class='ocrx_word' id='word_1_808' title='bbox 2497 3618 2704 3676; x_wconf 88' lang='lat' dir='ltr'><strong>natum,</strong></span> <span class='ocrx_word' id='word_1_809' title='bbox 2727 3609 2784 3666; x_wconf 89' lang='lat' dir='ltr'><strong>id</strong></span> <span class='ocrx_word' id='word_1_810' title='bbox 2805 3618 2890 3666; x_wconf 85' lang='lat' dir='ltr'><strong>est</strong></span> <span class='ocrx_word' id='word_1_811' title='bbox 2919 3610 3221 3676; x_wconf 86' lang='lat' dir='ltr'><strong>inventum,</strong></span> <span class='ocrx_word' id='word_1_812' title='bbox 3247 3624 3341 3684; x_wconf 88' lang='lat' dir='ltr'><strong>per</strong></span> <span class='ocrx_word' id='word_1_813' title='bbox 3364 3606 3485 3678; x_wconf 89' lang='lat' dir='ltr'><strong>quod</strong></span> <span class='ocrx_word' id='word_1_814' title='bbox 3499 3600 3705 3659; x_wconf 78' lang='lat' dir='ltr'><strong>efficiuntur</strong></span> 
     </span>
    </p>
   </div>
   <div class='ocr_carea' id='block_1_97' title="bbox 2259 3689 3706 3784">
    <p class='ocr_par' dir='ltr' id='par_1_97' title="bbox 2259 3689 3706 3784">
     <span class='ocr_line' id='line_1_97' title="bbox 2259 3689 3706 3784; baseline -0.009 -31"><span class='ocrx_word' id='word_1_815' title='bbox 2259 3697 2356 3754; x_wconf 86' lang='lat' dir='ltr'><strong>fllii</strong></span> <span class='ocrx_word' id='word_1_816' title='bbox 2393 3697 2590 3754; x_wconf 89' lang='lat' dir='ltr'><strong>diaboli</strong></span> <span class='ocrx_word' id='word_1_817' title='bbox 2611 3698 2702 3768; x_wconf 91' lang='lat' dir='ltr'><strong>qui</strong></span> <span class='ocrx_word' id='word_1_818' title='bbox 2741 3697 2942 3754; x_wconf 86' lang='lat' dir='ltr'><strong>fuerint</strong></span> <span class='ocrx_word' id='word_1_819' title='bbox 2981 3700 3136 3755; x_wconf 91' lang='lat' dir='ltr'><strong>mali.</strong></span> <span class='ocrx_word' id='word_1_820' title='bbox 3182 3699 3315 3768; x_wconf 83' lang='lat' dir='ltr'><strong>Quia</strong></span> <span class='ocrx_word' id='word_1_821' title='bbox 3341 3713 3451 3761; x_wconf 92' lang='lat' dir='ltr'><strong>non,</strong></span> <span class='ocrx_word' id='word_1_822' title='bbox 3472 3689 3706 3784; x_wconf 63' lang='lat' dir='ltr'><strong>utdiximus.</strong></span> 
     </span>
    </p>
   </div>
   <div class='ocr_carea' id='block_1_98' title="bbox 2258 3783 3706 3873">
    <p class='ocr_par' dir='ltr' id='par_1_98' title="bbox 2258 3783 3706 3873">
     <span class='ocr_line' id='line_1_98' title="bbox 2258 3783 3706 3873; baseline 0.001 -31"><span class='ocrx_word' id='word_1_823' title='bbox 2258 3788 2434 3843; x_wconf 89' lang='lat' dir='ltr'><strong>malus</strong></span> <span class='ocrx_word' id='word_1_824' title='bbox 2453 3786 2585 3844; x_wconf 91' lang='lat' dir='ltr'><strong>facit</strong></span> <span class='ocrx_word' id='word_1_825' title='bbox 2607 3788 2888 3855; x_wconf 88' lang='lat' dir='ltr'><strong>malitiam,</strong></span> <span class='ocrx_word' id='word_1_826' title='bbox 2921 3790 3020 3844; x_wconf 91' lang='lat' dir='ltr'><strong>sed</strong></span> <span class='ocrx_word' id='word_1_827' title='bbox 3050 3789 3257 3846; x_wconf 88' lang='lat' dir='ltr'><strong>malitia</strong></span> <span class='ocrx_word' id='word_1_828' title='bbox 3292 3788 3412 3844; x_wconf 89' lang='lat' dir='ltr'><strong>facit</strong></span> <span class='ocrx_word' id='word_1_829' title='bbox 3443 3783 3706 3873; x_wconf 58' lang='grc' dir='ltr'>ωιιιιιωΑιιιξ</span> 
     </span>
    </p>
   </div>
   <div class='ocr_carea' id='block_1_99' title="bbox 2257 3875 3708 3952">
    <p class='ocr_par' dir='ltr' id='par_1_99' title="bbox 2257 3875 3708 3952">
     <span class='ocr_line' id='line_1_99' title="bbox 2257 3875 3708 3952; baseline -0.002 -17"><span class='ocrx_word' id='word_1_830' title='bbox 2257 3894 2365 3935; x_wconf 92' lang='lat' dir='ltr'><strong>non</strong></span> <span class='ocrx_word' id='word_1_831' title='bbox 2393 3887 2476 3935; x_wconf 89' lang='lat' dir='ltr'><strong>est</strong></span> <span class='ocrx_word' id='word_1_832' title='bbox 2503 3879 2617 3951; x_wconf 90' lang='lat' dir='ltr'><strong>ipse</strong></span> <span class='ocrx_word' id='word_1_833' title='bbox 2659 3879 2886 3946; x_wconf 89' lang='lat' dir='ltr'><strong>malitia,</strong></span> <span class='ocrx_word' id='word_1_834' title='bbox 2933 3880 3050 3938; x_wconf 87' lang='lat' dir='ltr'><strong>sive</strong></span> <span class='ocrx_word' id='word_1_835' title='bbox 3097 3880 3336 3952; x_wconf 86' lang='lat' dir='ltr'><strong>angelus,</strong></span> <span class='ocrx_word' id='word_1_836' title='bbox 3355 3878 3455 3934; x_wconf 79' lang='lat' dir='ltr'><strong>sive</strong></span> <span class='ocrx_word' id='word_1_837' title='bbox 3495 3875 3628 3930; x_wconf 61' lang='lat' dir='ltr'><strong>homo,</strong></span> <span class='ocrx_word' id='word_1_838' title='bbox 3652 3877 3708 3932; x_wconf 65' lang='lat' dir='ltr'><strong>lim</strong></span> 
     </span>
    </p>
   </div>
   <div class='ocr_carea' id='block_1_100' title="bbox 2257 3960 3708 4039">
    <p class='ocr_par' dir='ltr' id='par_1_100' title="bbox 2257 3960 3708 4039">
     <span class='ocr_line' id='line_1_100' title="bbox 2257 3960 3708 4039; baseline -0.006 -11"><span class='ocrx_word' id='word_1_839' title='bbox 2257 3971 2561 4030; x_wconf 90' lang='lat' dir='ltr'><strong>substantia</strong></span> <span class='ocrx_word' id='word_1_840' title='bbox 2602 3981 2750 4039; x_wconf 89' lang='lat' dir='ltr'><strong>sunt,</strong></span> <span class='ocrx_word' id='word_1_841' title='bbox 2790 3972 2886 4028; x_wconf 91' lang='lat' dir='ltr'><strong>sed</strong></span> <span class='ocrx_word' id='word_1_842' title='bbox 2926 3987 3051 4027; x_wconf 89' lang='lat' dir='ltr'><strong>eam</strong></span> <span class='ocrx_word' id='word_1_843' title='bbox 3084 3973 3286 4028; x_wconf 89' lang='lat' dir='ltr'><strong>habent</strong></span> <span class='ocrx_word' id='word_1_844' title='bbox 3323 3971 3374 4026; x_wconf 92' lang='lat' dir='ltr'><strong>in</strong></span> <span class='ocrx_word' id='word_1_845' title='bbox 3415 3981 3466 4023; x_wconf 86' lang='lat' dir='ltr'><strong>se</strong></span> <span class='ocrx_word' id='word_1_846' title='bbox 3496 3960 3708 4034; x_wconf 67' lang='grc' dir='ltr'><strong>(ῐυειιὶωίειιι</strong></span> 
     </span>
    </p>
   </div>
   <div class='ocr_carea' id='block_1_101' title="bbox 2257 4044 3712 4134">
    <p class='ocr_par' dir='ltr' id='par_1_101' title="bbox 2257 4044 3712 4134">
     <span class='ocr_line' id='line_1_101' title="bbox 2257 4044 3712 4134; baseline -0.001 -15"><span class='ocrx_word' id='word_1_847' title='bbox 2257 4079 2411 4120; x_wconf 87' lang='lat' dir='ltr'><strong>suam</strong></span> <span class='ocrx_word' id='word_1_848' title='bbox 2451 4079 2548 4134; x_wconf 89' lang='lat' dir='ltr'><strong>per</strong></span> <span class='ocrx_word' id='word_1_849' title='bbox 2581 4079 2744 4134; x_wconf 91' lang='lat' dir='ltr'><strong>quam</strong></span> <span class='ocrx_word' id='word_1_850' title='bbox 2783 4064 3039 4120; x_wconf 82' lang='lat' dir='ltr'><strong>videntur</strong></span> <span class='ocrx_word' id='word_1_851' title='bbox 3073 4079 3194 4120; x_wconf 88' lang='lat' dir='ltr'><strong>esse</strong></span> <span class='ocrx_word' id='word_1_852' title='bbox 3221 4063 3362 4118; x_wconf 91' lang='lat' dir='ltr'><strong>mali.</strong></span> <span class='ocrx_word' id='word_1_853' title='bbox 3383 4060 3443 4115; x_wconf 91' lang='lat' dir='ltr'><strong>Et</strong></span> <span class='ocrx_word' id='word_1_854' title='bbox 3465 4067 3551 4112; x_wconf 87' lang='lat' dir='ltr'><strong>tam</strong></span> <span class='ocrx_word' id='word_1_855' title='bbox 3569 4044 3712 4118; x_wconf 58' lang='lat'><strong>10891“</strong></span> 
     </span>
    </p>
   </div>
   <div class='ocr_carea' id='block_1_102' title="bbox 2257 4139 3710 4226">
    <p class='ocr_par' dir='ltr' id='par_1_102' title="bbox 2257 4139 3710 4226">
     <span class='ocr_line' id='line_1_102' title="bbox 2257 4139 3710 4226; baseline -0.017 -13"><span class='ocrx_word' id='word_1_856' title='bbox 2257 4157 2432 4213; x_wconf 91' lang='lat' dir='ltr'><strong>malus</strong></span> <span class='ocrx_word' id='word_1_857' title='bbox 2481 4171 2644 4226; x_wconf 90' lang='lat' dir='ltr'><strong>quam</strong></span> <span class='ocrx_word' id='word_1_858' title='bbox 2692 4156 2853 4212; x_wconf 90' lang='lat' dir='ltr'><strong>homo</strong></span> <span class='ocrx_word' id='word_1_859' title='bbox 2897 4157 3090 4223; x_wconf 88' lang='lat' dir='ltr'><strong>malus,</strong></span> <span class='ocrx_word' id='word_1_860' title='bbox 3136 4156 3347 4225; x_wconf 88' lang='lat' dir='ltr'><strong>utrique</strong></span> <span class='ocrx_word' id='word_1_861' title='bbox 3386 4145 3556 4207; x_wconf 86' lang='lat' dir='ltr'><strong>homini</strong></span> <span class='ocrx_word' id='word_1_862' title='bbox 3581 4139 3710 4194; x_wconf 82' lang='lat' dir='ltr'><strong>faciunt</strong></span> 
     </span>
    </p>
   </div>
   <div class='ocr_carea' id='block_1_103' title="bbox 2258 4238 3713 4328">
    <p class='ocr_par' dir='ltr' id='par_1_103' title="bbox 2258 4238 3713 4328">
     <span class='ocr_line' id='line_1_103' title="bbox 2258 4238 3713 4328; baseline -0.007 -25"><span class='ocrx_word' id='word_1_863' title='bbox 2258 4250 2480 4304; x_wconf 91' lang='lat' dir='ltr'><strong>malum.</strong></span> <span class='ocrx_word' id='word_1_864' title='bbox 2530 4247 2783 4307; x_wconf 86' lang='lat' dir='ltr'><strong>Diabolus</strong></span> <span class='ocrx_word' id='word_1_865' title='bbox 2829 4262 3046 4318; x_wconf 89' lang='lat' dir='ltr'><strong>semper</strong></span> <span class='ocrx_word' id='word_1_866' title='bbox 3093 4248 3268 4306; x_wconf 89' lang='lat' dir='ltr'><strong>malus</strong></span> <span class='ocrx_word' id='word_1_867' title='bbox 3305 4253 3400 4309; x_wconf 89' lang='lat' dir='ltr'><strong>est,</strong></span> <span class='ocrx_word' id='word_1_868' title='bbox 3439 4239 3544 4312; x_wconf 85' lang='lat' dir='ltr'><strong>quia</strong></span> <span class='ocrx_word' id='word_1_869' title='bbox 3576 4238 3713 4328; x_wconf 55' lang='grc' dir='ltr'>εεωξεξ</span> 
     </span>
    </p>
   </div>
   <div class='ocr_carea' id='block_1_104' title="bbox 2257 4327 3712 4397">
    <p class='ocr_par' dir='ltr' id='par_1_104' title="bbox 2257 4327 3712 4397">
     <span class='ocr_line' id='line_1_104' title="bbox 2257 4327 3712 4397; baseline -0.008 -1"><span class='ocrx_word' id='word_1_870' title='bbox 2257 4341 2461 4396; x_wconf 87' lang='lat' dir='ltr'><strong>homini</strong></span> <span class='ocrx_word' id='word_1_871' title='bbox 2486 4341 2616 4396; x_wconf 85' lang='lat' dir='ltr'><strong>facit</strong></span> <span class='ocrx_word' id='word_1_872' title='bbox 2642 4340 2863 4394; x_wconf 89' lang='lat' dir='ltr'><strong>malum.</strong></span> <span class='ocrx_word' id='word_1_873' title='bbox 2893 4340 3071 4396; x_wconf 81' lang='lat' dir='ltr'><strong>Homo</strong></span> <span class='ocrx_word' id='word_1_874' title='bbox 3099 4339 3340 4397; x_wconf 90' lang='lat' dir='ltr'><strong>diabolus</strong></span> <span class='ocrx_word' id='word_1_875' title='bbox 3367 4343 3443 4391; x_wconf 88' lang='lat' dir='ltr'><strong>est</strong></span> <span class='ocrx_word' id='word_1_876' title='bbox 3464 4345 3563 4388; x_wconf 88' lang='lat' dir='ltr'><strong>cum</strong></span> <span class='ocrx_word' id='word_1_877' title='bbox 3581 4327 3712 4380; x_wconf 64' lang='grc' dir='ltr'>ῦοωίηι</span> 
     </span>
    </p>
   </div>
   <div class='ocr_carea' id='block_1_105' title="bbox 2252 4431 2623 4488">
    <p class='ocr_par' dir='ltr' id='par_1_105' title="bbox 2252 4431 2623 4488">
     <span class='ocr_line' id='line_1_105' title="bbox 2252 4431 2623 4488; baseline 0.003 -2"><span class='ocrx_word' id='word_1_878' title='bbox 2252 4431 2382 4488; x_wconf 80' lang='lat' dir='ltr'><strong>facit</strong></span> <span class='ocrx_word' id='word_1_879' title='bbox 2400 4431 2623 4488; x_wconf 89' lang='lat' dir='ltr'><strong>malum.</strong></span> 
     </span>
    </p>
   </div>
   <div class='ocr_carea' id='block_1_106' title="bbox 2321 4509 3713 4600">
    <p class='ocr_par' dir='ltr' id='par_1_106' title="bbox 2321 4509 3713 4600">
     <span class='ocr_line' id='line_1_106' title="bbox 2321 4509 3713 4600; baseline -0.014 -22"><span class='ocrx_word' id='word_1_880' title='bbox 2321 4524 2413 4578; x_wconf 80' lang='lat' dir='ltr'><strong>XI.</strong></span> <span class='ocrx_word' id='word_1_881' title='bbox 2445 4525 2580 4580; x_wconf 90' lang='lat' dir='ltr'><strong>Nam</strong></span> <span class='ocrx_word' id='word_1_882' title='bbox 2616 4526 2759 4594; x_wconf 91' lang='lat' dir='ltr'><strong>quod</strong></span> <span class='ocrx_word' id='word_1_883' title='bbox 2785 4525 2948 4580; x_wconf 90' lang='lat' dir='ltr'><strong>homo</strong></span> <span class='ocrx_word' id='word_1_884' title='bbox 2985 4525 3161 4580; x_wconf 90' lang='lat' dir='ltr'><strong>malus</strong></span> <span class='ocrx_word' id='word_1_885' title='bbox 3191 4523 3283 4595; x_wconf 93' lang='lat' dir='ltr'><strong>qui</strong></span> <span class='ocrx_word' id='word_1_886' title='bbox 3318 4517 3501 4577; x_wconf 90' lang='lat' dir='ltr'><strong>homini</strong></span> <span class='ocrx_word' id='word_1_887' title='bbox 3531 4509 3713 4600; x_wconf 82' lang='lat' dir='ltr'><strong>facit</strong></span> 
     </span>
    </p>
   </div>
   <div class='ocr_carea' id='block_1_107' title="bbox 2248 4591 3712 4680">
    <p class='ocr_par' dir='ltr' id='par_1_107' title="bbox 2248 4591 3712 4680">
     <span class='ocr_line' id='line_1_107' title="bbox 2248 4591 3712 4680; baseline -0.01 -14"><span class='ocrx_word' id='word_1_888' title='bbox 2248 4613 2378 4677; x_wconf 90' lang='lat' dir='ltr'><strong>lum,</strong></span> <span class='ocrx_word' id='word_1_889' title='bbox 2424 4591 2857 4680; x_wconf 44' lang='lat' dir='ltr'><strong>dicatur—malus,</strong></span> <span class='ocrx_word' id='word_1_890' title='bbox 2904 4614 3165 4670; x_wconf 91' lang='lat' dir='ltr'><strong>Dominus</strong></span> <span class='ocrx_word' id='word_1_891' title='bbox 3194 4591 3259 4669; x_wconf 82' lang='lat' dir='ltr'><strong>de</strong></span> <span class='ocrx_word' id='word_1_892' title='bbox 3282 4611 3410 4668; x_wconf 82' lang='lat' dir='ltr'><strong>Juda</strong></span> <span class='ocrx_word' id='word_1_893' title='bbox 3432 4608 3479 4662; x_wconf 93' lang='lat' dir='ltr'><strong>in</strong></span> <span class='ocrx_word' id='word_1_894' title='bbox 3515 4591 3712 4680; x_wconf 45' lang='lat' dir='ltr'><strong>Evangelii)</strong></span> 
     </span>
    </p>
   </div>
   <div class='ocr_carea' id='block_1_108' title="bbox 2247 4676 3715 4774">
    <p class='ocr_par' dir='ltr' id='par_1_108' title="bbox 2247 4676 3715 4774">
     <span class='ocr_line' id='line_1_108' title="bbox 2247 4676 3715 4774; baseline -0.008 -18"><span class='ocrx_word' id='word_1_895' title='bbox 2247 4701 2503 4772; x_wconf 90' lang='lat' dir='ltr'><strong>apostolis</strong></span> <span class='ocrx_word' id='word_1_896' title='bbox 2533 4701 2702 4757; x_wconf 90' lang='lat' dir='ltr'><strong>dicit:</strong></span> <span class='ocrx_word' id='word_1_897' title='bbox 2747 4676 2936 4756; x_wconf 75' lang='lat' dir='ltr'><strong>Nonne</strong></span> <span class='ocrx_word' id='word_1_898' title='bbox 2979 4719 3074 4774; x_wconf 83' lang='lat' dir='ltr'><strong>ego</strong></span> <span class='ocrx_word' id='word_1_899' title='bbox 3101 4720 3189 4758; x_wconf 74' lang='lat' dir='ltr'><strong>vos</strong></span> <span class='ocrx_word' id='word_1_900' title='bbox 3224 4699 3481 4760; x_wconf 79' lang='lat' dir='ltr'><strong>duodecim</strong></span> <span class='ocrx_word' id='word_1_901' title='bbox 3505 4686 3636 4760; x_wconf 75' lang='lat' dir='ltr'><strong>elegi?</strong></span> <span class='ocrx_word' id='word_1_902' title='bbox 3659 4676 3715 4734; x_wconf 61' lang='grc' dir='ltr'><strong>διά</strong></span> 
     </span>
    </p>
   </div>
   <div class='ocr_carea' id='block_1_109' title="bbox 2247 4780 3716 4866">
    <p class='ocr_par' dir='ltr' id='par_1_109' title="bbox 2247 4780 3716 4866">
     <span class='ocr_line' id='line_1_109' title="bbox 2247 4780 3716 4866; baseline -0.006 -18"><span class='ocrx_word' id='word_1_903' title='bbox 2247 4811 2382 4850; x_wconf 78' lang='lat' dir='ltr'><strong>unus</strong></span> <span class='ocrx_word' id='word_1_904' title='bbox 2407 4810 2470 4848; x_wconf 71' lang='lat' dir='ltr'><strong>ea;</strong></span> <span class='ocrx_word' id='word_1_905' title='bbox 2491 4793 2632 4848; x_wconf 74' lang='lat' dir='ltr'><strong>vobis</strong></span> <span class='ocrx_word' id='word_1_906' title='bbox 2651 4793 2893 4849; x_wconf 73' lang='lat' dir='ltr'><strong>diabolus</strong></span> <span class='ocrx_word' id='word_1_907' title='bbox 2917 4804 3012 4850; x_wconf 82' lang='lat' dir='ltr'><strong>est.</strong></span> <span class='ocrx_word' id='word_1_908' title='bbox 3038 4795 3095 4848; x_wconf 84' lang='lat' dir='ltr'><strong>In</strong></span> <span class='ocrx_word' id='word_1_909' title='bbox 3118 4793 3389 4866; x_wconf 86' lang='lat' dir='ltr'><strong>Scriptura</strong></span> <span class='ocrx_word' id='word_1_910' title='bbox 3407 4801 3542 4846; x_wconf 82' lang='lat' dir='ltr'><strong>sacra</strong></span> <span class='ocrx_word' id='word_1_911' title='bbox 3558 4791 3599 4836; x_wconf 70' lang='lat' dir='ltr'><strong>et</strong></span> 
     </span>
    </p>
   </div>
   <div class='ocr_carea' id='block_1_110' title="bbox 2247 4864 3715 4969">
    <p class='ocr_par' dir='ltr' id='par_1_110' title="bbox 2247 4864 3715 4969">
     <span class='ocr_line' id='line_1_110' title="bbox 2247 4864 3715 4969; baseline 0.005 -28"><span class='ocrx_word' id='word_1_912' title='bbox 2247 4886 2444 4942; x_wconf 90' lang='lat' dir='ltr'><strong>dicitur</strong></span> <span class='ocrx_word' id='word_1_913' title='bbox 2485 4886 2745 4950; x_wconf 79' lang='lat' dir='ltr'><strong>diabolus,</strong></span> <span class='ocrx_word' id='word_1_914' title='bbox 2787 4894 2842 4942; x_wconf 92' lang='lat' dir='ltr'><strong>et</strong></span> <span class='ocrx_word' id='word_1_915' title='bbox 2879 4886 3127 4943; x_wconf 79' lang='lat' dir='ltr'><strong>diabolus</strong></span> <span class='ocrx_word' id='word_1_916' title='bbox 3163 4864 3340 4942; x_wconf 85' lang='lat' dir='ltr'><strong>homo.</strong></span> <span class='ocrx_word' id='word_1_917' title='bbox 3377 4881 3496 4938; x_wconf 83' lang='lat' dir='ltr'><strong>Nam</strong></span> <span class='ocrx_word' id='word_1_918' title='bbox 3518 4864 3715 4969; x_wconf 45' lang='lat' dir='ltr'><strong>quotidi</strong></span> 
     </span>
    </p>
   </div>
   <div class='ocr_carea' id='block_1_111' title="bbox 2244 4959 3716 5046">
    <p class='ocr_par' dir='ltr' id='par_1_111' title="bbox 2244 4959 3716 5046">
     <span class='ocr_line' id='line_1_111' title="bbox 2244 4959 3716 5046; baseline -0.013 -13"><span class='ocrx_word' id='word_1_919' title='bbox 2244 4977 2401 5032; x_wconf 91' lang='lat' dir='ltr'><strong>bolus</strong></span> <span class='ocrx_word' id='word_1_920' title='bbox 2438 4974 2636 5031; x_wconf 91' lang='lat' dir='ltr'><strong>dicitur</strong></span> <span class='ocrx_word' id='word_1_921' title='bbox 2681 4976 2841 5031; x_wconf 89' lang='lat' dir='ltr'><strong>homo</strong></span> <span class='ocrx_word' id='word_1_922' title='bbox 2863 5017 2880 5044; x_wconf 93' lang='lat'><strong>,</strong></span> <span class='ocrx_word' id='word_1_923' title='bbox 2927 4977 2982 5030; x_wconf 93' lang='lat' dir='ltr'><strong>in</strong></span> <span class='ocrx_word' id='word_1_924' title='bbox 3034 4976 3322 5046; x_wconf 82' lang='lat' dir='ltr'><strong>Evangelio</strong></span> <span class='ocrx_word' id='word_1_925' title='bbox 3355 4969 3578 5029; x_wconf 89' lang='lat' dir='ltr'><strong>Dominus</strong></span> <span class='ocrx_word' id='word_1_926' title='bbox 3607 4959 3716 5046; x_wconf 55' lang='lat' dir='ltr'><strong>dici}:</strong></span> 
     </span>
    </p>
   </div>
   <div class='ocr_carea' id='block_1_112' title="bbox 2247 5041 3717 5142">
    <p class='ocr_par' dir='ltr' id='par_1_112' title="bbox 2247 5041 3717 5142">
     <span class='ocr_line' id='line_1_112' title="bbox 2247 5041 3717 5142; baseline -0.009 -20"><span class='ocrx_word' id='word_1_927' title='bbox 2247 5068 2500 5123; x_wconf 74' lang='lat' dir='ltr'><strong>Inimicus</strong></span> <span class='ocrx_word' id='word_1_928' title='bbox 2541 5068 2695 5122; x_wconf 84' lang='lat' dir='ltr'><strong>homo</strong></span> <span class='ocrx_word' id='word_1_929' title='bbox 2721 5068 2818 5125; x_wconf 81' lang='lat' dir='ltr'><strong>hoc</strong></span> <span class='ocrx_word' id='word_1_930' title='bbox 2845 5041 2986 5136; x_wconf 71' lang='lat' dir='ltr'><strong>fecit.</strong></span> <span class='ocrx_word' id='word_1_931' title='bbox 3033 5067 3168 5123; x_wconf 74' lang='lat' dir='ltr'><strong>Eum</strong></span> <span class='ocrx_word' id='word_1_932' title='bbox 3188 5041 3511 5122; x_wconf 70' lang='lat' dir='ltr'><strong>dormierunt</strong></span> <span class='ocrx_word' id='word_1_933' title='bbox 3532 5041 3717 5142; x_wconf 58' lang='grc' dir='ltr'><strong>μεταΐξ-</strong></span> 
     </span>
    </p>
   </div>
   <div class='ocr_carea' id='block_1_113' title="bbox 2246 5147 3718 5222">
    <p class='ocr_par' dir='ltr' id='par_1_113' title="bbox 2246 5147 3718 5222">
     <span class='ocr_line' id='line_1_113' title="bbox 2246 5147 3718 5222; baseline -0.006 -10"><span class='ocrx_word' id='word_1_934' title='bbox 2246 5159 2439 5222; x_wconf 82' lang='lat' dir='ltr'><strong>mitias,</strong></span> <span class='ocrx_word' id='word_1_935' title='bbox 2479 5157 2730 5212; x_wconf 91' lang='lat' dir='ltr'><strong>inimicus</strong></span> <span class='ocrx_word' id='word_1_936' title='bbox 2760 5156 2923 5212; x_wconf 89' lang='lat' dir='ltr'><strong>homo</strong></span> <span class='ocrx_word' id='word_1_937' title='bbox 2957 5157 3200 5213; x_wconf 88' lang='lat' dir='ltr'><strong>diabolus</strong></span> <span class='ocrx_word' id='word_1_938' title='bbox 3247 5153 3442 5210; x_wconf 80' lang='lat' dir='ltr'><strong>zizania</strong></span> <span class='ocrx_word' id='word_1_939' title='bbox 3481 5147 3718 5217; x_wconf 73' lang='grc' dir='ltr'>ειιρεῖεεωι·</span> 
     </span>
    </p>
   </div>
   <div class='ocr_carea' id='block_1_114' title="bbox 2244 5231 3719 5330">
    <p class='ocr_par' dir='ltr' id='par_1_114' title="bbox 2244 5231 3719 5330">
     <span class='ocr_line' id='line_1_114' title="bbox 2244 5231 3719 5330; baseline -0.013 -28"><span class='ocrx_word' id='word_1_940' title='bbox 2244 5248 2392 5304; x_wconf 82' lang='lat' dir='ltr'><strong>navit</strong></span> <span class='ocrx_word' id='word_1_941' title='bbox 2426 5247 2480 5302; x_wconf 93' lang='lat' dir='ltr'><strong>in</strong></span> <span class='ocrx_word' id='word_1_942' title='bbox 2504 5262 2653 5318; x_wconf 87' lang='lat' dir='ltr'><strong>agro,</strong></span> <span class='ocrx_word' id='word_1_943' title='bbox 2686 5246 2776 5302; x_wconf 91' lang='lat' dir='ltr'><strong>ubi</strong></span> <span class='ocrx_word' id='word_1_944' title='bbox 2806 5247 3064 5302; x_wconf 89' lang='lat' dir='ltr'><strong>Dominus</strong></span> <span class='ocrx_word' id='word_1_945' title='bbox 3085 5247 3286 5302; x_wconf 91' lang='lat' dir='ltr'><strong>bonum</strong></span> <span class='ocrx_word' id='word_1_946' title='bbox 3316 5257 3485 5300; x_wconf 87' lang='lat' dir='ltr'><strong>semen</strong></span> <span class='ocrx_word' id='word_1_947' title='bbox 3506 5231 3719 5330; x_wconf 40' lang='lat' dir='ltr'><strong>senii-mf</strong></span> 
     </span>
    </p>
   </div>
   <div class='ocr_carea' id='block_1_115' title="bbox 2244 5315 3718 5410">
    <p class='ocr_par' dir='ltr' id='par_1_115' title="bbox 2244 5315 3718 5410">
     <span class='ocr_line' id='line_1_115' title="bbox 2244 5315 3718 5410; baseline -0.011 -20"><span class='ocrx_word' id='word_1_948' title='bbox 2244 5345 2346 5390; x_wconf 90' lang='lat' dir='ltr'><strong>rat.</strong></span> <span class='ocrx_word' id='word_1_949' title='bbox 2391 5337 2523 5403; x_wconf 62' lang='lat' dir='ltr'><strong>Quae</strong></span> <span class='ocrx_word' id='word_1_950' title='bbox 2546 5315 2642 5392; x_wconf 26' lang='lat' dir='ltr'><strong>Vest</strong></span> <span class='ocrx_word' id='word_1_951' title='bbox 2671 5351 2802 5410; x_wconf 85' lang='lat' dir='ltr'><strong>ergo</strong></span> <span class='ocrx_word' id='word_1_952' title='bbox 2830 5351 2991 5392; x_wconf 89' lang='lat' dir='ltr'><strong>causa</strong></span> <span class='ocrx_word' id='word_1_953' title='bbox 3019 5352 3136 5407; x_wconf 85' lang='lat' dir='ltr'><strong>quae</strong></span> <span class='ocrx_word' id='word_1_954' title='bbox 3161 5335 3425 5396; x_wconf 88' lang='lat' dir='ltr'><strong>hominem</strong></span> <span class='ocrx_word' id='word_1_955' title='bbox 3445 5327 3580 5384; x_wconf 87' lang='lat' dir='ltr'><strong>faciat</strong></span> <span class='ocrx_word' id='word_1_956' title='bbox 3597 5315 3718 5375; x_wconf 76' lang='lat' dir='ltr'><strong>diabo-</strong></span> 
     </span>
    </p>
   </div>
   <div class='ocr_carea' id='block_1_116' title="bbox 2247 5412 3722 5508">
    <p class='ocr_par' dir='ltr' id='par_1_116' title="bbox 2247 5412 3722 5508">
     <span class='ocr_line' id='line_1_116' title="bbox 2247 5412 3722 5508; baseline -0.009 -30"><span class='ocrx_word' id='word_1_957' title='bbox 2247 5426 2378 5490; x_wconf 90' lang='lat' dir='ltr'><strong>lum,</strong></span> <span class='ocrx_word' id='word_1_958' title='bbox 2425 5433 2479 5480; x_wconf 87' lang='lat' dir='ltr'><strong>ct</strong></span> <span class='ocrx_word' id='word_1_959' title='bbox 2513 5425 2784 5481; x_wconf 90' lang='lat' dir='ltr'><strong>diabolum</strong></span> <span class='ocrx_word' id='word_1_960' title='bbox 2811 5426 3103 5490; x_wconf 88' lang='lat' dir='ltr'><strong>hominem,</strong></span> <span class='ocrx_word' id='word_1_961' title='bbox 3152 5427 3256 5481; x_wconf 90' lang='lat' dir='ltr'><strong>nisi</strong></span> <span class='ocrx_word' id='word_1_962' title='bbox 3283 5425 3402 5495; x_wconf 89' lang='lat' dir='ltr'><strong>quia</strong></span> <span class='ocrx_word' id='word_1_963' title='bbox 3428 5431 3568 5476; x_wconf 91' lang='lat' dir='ltr'><strong>unum</strong></span> <span class='ocrx_word' id='word_1_964' title='bbox 3588 5412 3722 5508; x_wconf 44' lang='grc' dir='ltr'><strong>σοφῇ</strong></span> 
     </span>
    </p>
   </div>
   <div class='ocr_carea' id='block_1_117' title="bbox 2247 5501 3720 5590">
    <p class='ocr_par' dir='ltr' id='par_1_117' title="bbox 2247 5501 3720 5590">
     <span class='ocr_line' id='line_1_117' title="bbox 2247 5501 3720 5590; baseline -0.003 -20"><span class='ocrx_word' id='word_1_965' title='bbox 2247 5524 2373 5570; x_wconf 83' lang='grc' dir='ltr'>ειιηι</span> <span class='ocrx_word' id='word_1_966' title='bbox 2415 5516 2638 5586; x_wconf 88' lang='lat' dir='ltr'><strong>angelus</strong></span> <span class='ocrx_word' id='word_1_967' title='bbox 2685 5515 2861 5570; x_wconf 87' lang='lat' dir='ltr'><strong>malus</strong></span> <span class='ocrx_word' id='word_1_968' title='bbox 2906 5524 2962 5570; x_wconf 91' lang='lat' dir='ltr'><strong>ct</strong></span> <span class='ocrx_word' id='word_1_969' title='bbox 3003 5517 3164 5572; x_wconf 90' lang='lat' dir='ltr'><strong>homo</strong></span> <span class='ocrx_word' id='word_1_970' title='bbox 3199 5514 3409 5571; x_wconf 86' lang='lat' dir='ltr'><strong>malus?</strong></span> <span class='ocrx_word' id='word_1_971' title='bbox 3447 5508 3554 5582; x_wconf 82' lang='lat' dir='ltr'><strong>quia</strong></span> <span class='ocrx_word' id='word_1_972' title='bbox 3573 5501 3720 5590; x_wconf 40' lang='lat' dir='ltr'><strong>uirili&quot;.t</strong></span> 
     </span>
    </p>
   </div>
   <div class='ocr_carea' id='block_1_118' title="bbox 2247 5591 3721 5678">
    <p class='ocr_par' dir='ltr' id='par_1_118' title="bbox 2247 5591 3721 5678">
     <span class='ocr_line' id='line_1_118' title="bbox 2247 5591 3721 5678; baseline -0.001 -16"><span class='ocrx_word' id='word_1_973' title='bbox 2247 5607 2451 5662; x_wconf 88' lang='lat' dir='ltr'><strong>homini</strong></span> <span class='ocrx_word' id='word_1_974' title='bbox 2480 5605 2606 5665; x_wconf 86' lang='lat' dir='ltr'><strong>facit</strong></span> <span class='ocrx_word' id='word_1_975' title='bbox 2630 5607 2850 5662; x_wconf 89' lang='lat' dir='ltr'><strong>malum.</strong></span> <span class='ocrx_word' id='word_1_976' title='bbox 2895 5605 3102 5678; x_wconf 83' lang='lat' dir='ltr'><strong>Corpus</strong></span> <span class='ocrx_word' id='word_1_977' title='bbox 3127 5607 3323 5663; x_wconf 89' lang='lat' dir='ltr'><strong>diaboli</strong></span> <span class='ocrx_word' id='word_1_978' title='bbox 3347 5607 3509 5661; x_wconf 80' lang='lat' dir='ltr'><strong>homo.</strong></span> <span class='ocrx_word' id='word_1_979' title='bbox 3541 5591 3721 5660; x_wconf 67' lang='grc' dir='ltr'>οοητοηε</span> 
     </span>
    </p>
   </div>
  </div>
