3952 6318
165 295 269 354 985

823 287 1098 346 HETERII
1131 290 1218 346 ET
1258 289 1316 344 S.
1355 287 1556 344 BEATI
1591 287 1684 340 AD
1722 256 2115 339 EEIPANDUM
2150 281 2369 338 EPIST.
2411 313 2481 322 —
2517 281 2650 338 LIB.
2689 283 2755 338 lI.

3295 289 3404 349 986

163 413 324 476 caput
358 400 602 458 diabolus
639 407 743 454 est.
800 399 918 454 Non
955 415 1096 469 stepe
1135 399 1250 469 ejus
1293 401 1543 456 videntur
1586 399 1729 453 dicta
1757 401 1803 454 Α
1832 396 1970 450 sicut
1992 396 2238 452 diabolus
2259 403 2343 450 est
2368 397 2688 460 substantia,
2716 404 2771 451 et
2798 397 2958 452 homo
2981 399 3317 468 substantia;
3346 410 3402 458 et

161 493 527 549 membrorum
577 499 695 560 qua:
739 483 901 558 capiti
935 499 1257 560 congruunt,
1307 497 1361 545 et
1409 505 1475 545 ex
1519 489 1734 544 nomine

161 581 405 652 corporis
453 575 766 646 intelligitur
815 586 1012 648 caput,
1067 587 1122 632 et
1164 595 1230 634 ex
1277 581 1494 634 nomine
1543 579 1736 648 capitis

160 671 496 742 signiﬁcatur
542 681 756 736 corpus.
817 667 968 721 Sicut
1013 683 1044 722 e
1086 669 1357 723 contrario
1400 668 1644 724 Christus
1683 677 1737 724 et

162 762 406 817 Ecclesia
433 767 516 814 est
541 766 700 828 caput
733 765 789 811 et
813 771 1038 826 corpus,
1083 771 1188 811 una
1217 773 1468 827 persona.
1515 759 1583 812 Et
1612 775 1734 814 cum

162 854 402 923 loquitur
439 850 716 920 Scriptura
743 849 808 904 de
842 849 1036 918 capite,
1069 848 1302 904 refertur
1321 850 1389 905 ad
1416 866 1629 921 corpus.
1669 849 1738 905 Et

160 963 283 1004 cum
311 947 548 1016 loquitur
578 945 645 999 de
681 958 905 1012 corpore
927 983 942 1009 ,
987 941 1219 997 refertur
1245 941 1309 997 ad
1353 951 1532 1012 caput.
1583 940 1736 996 Sicut

157 1036 330 1092 Isaias
355 1035 429 1089 ait
453 1051 466 1088 :
517 1029 697 1088 Induit
724 1049 806 1086 me
842 1033 1136 1086 vestimento
1163 1029 1366 1094 salutis,
1402 1033 1556 1103 quasi
1583 1049 1738 1101 spon-

158 1145 272 1183 sam
321 1128 618 1181 decoratum
659 1140 872 1190 corona,
921 1133 970 1178 et
1013 1125 1164 1194 quasi
1210 1140 1454 1195 sponsam
1497 1132 1737 1178 ornatam

159 1215 440 1271 monilibus
477 1215 606 1268 suis.
645 1214 702 1268 In
737 1227 843 1268 una
877 1213 1021 1268 enim
1066 1228 1295 1283 persona
1339 1214 1536 1284 duplici
1575 1231 1736 1270 voca-

160 1309 286 1363 hulo
325 1307 600 1362 nominata
633 1313 690 1360 et
738 1312 924 1376 caput,
967 1305 1021 1359 id
1042 1313 1127 1360 est
1162 1321 1417 1375 sponsum
1466 1315 1520 1360 et
1552 1306 1738 1362 Eccle-

157 1399 318 1464 siam,
350 1397 406 1451 ld
432 1404 517 1452 est
543 1411 814 1466 sponsam,
851 1395 1232 1451 manifestavit.
1259 1398 1380 1452 Ista:
1409 1405 1587 1452 autem
1615 1407 1740 1453 sunt

159 1488 277 1543 dua:
313 1499 559 1557 personte
606 1501 726 1555 qua:
763 1485 818 1540 in
867 1487 1015 1540 omni
1063 1486 1342 1556 Scriptura
1384 1487 1636 1556 leguntur
1685 1489 1739 1542 in

159 1581 424 1645 Ecclesia,
459 1581 513 1636 id
540 1587 624 1635 est
649 1578 903 1634 Christus
930 1587 984 1634 et
1009 1593 1206 1650 corpus
1233 1578 1368 1648 ejus,
1414 1589 1470 1636 et
1498 1580 1742 1654 diabolus

158 1680 212 1726 ct
239 1679 403 1741 caput
429 1671 564 1740 ejus.

1835 485 1994 548 mala,
2033 500 2153 555 qua:
2176 501 2243 540 ex
2265 485 2480 540 diabolo
2507 494 2610 550 est,
2645 487 2698 542 id
2729 494 2830 550 est,
2863 488 3106 555 haeresis,
3132 492 3400 560 superbia,

1832 575 2012 641 elatio,
2057 585 2111 631 et
2142 584 2358 641 eaatera,
2398 593 2518 647 qua:
2562 585 2688 633 sunt
2733 578 2878 634 inter
2903 579 3175 636 hominem
3205 593 3260 638 et
3286 581 3406 638 dia—

1832 667 2012 721 bolum
2041 669 2236 734 media,
2283 677 2338 724 et
2367 675 2608 725 tenentes
2635 685 2716 736 ea,
2751 670 2888 726 ﬁunt
2913 686 3037 728 cum
3073 672 3286 730 diabolo
3310 690 3405 730 ca—

1833 764 1928 828 put
1959 768 2013 813 et
2037 775 2231 828 corpus
2259 775 2363 815 una
2390 777 2640 830 persona.
2679 761 2771 818 Sic
2799 778 2831 818 e
2859 766 3136 820 contrario
3160 765 3406 821 Christus

1834 851 2132 904 substantia
2157 858 2260 916 est,
2297 859 2354 906 et
2387 852 2548 908 homo
2575 853 2872 908 substantia
2901 863 3004 920 est,
3035 862 3090 910 et
3114 855 3202 910 illa
3235 857 3410 926 quali-

1837 949 1940 1006 tas,
1969 957 2089 996 cnm
2112 957 2215 1010 qua
2239 941 2484 998 Christus
2507 943 2563 997 in
2583 944 2728 998 hunc
2747 945 3004 1000 mundum
3029 947 3194 1013 venit,
3223 949 3278 1004 id
3303 955 3406 1015 est,

1836 1027 2128 1092 humilitas,
2174 1029 2451 1098 patientia,
2483 1032 2806 1099 obedientia,
2851 1042 2906 1088 et
2934 1043 3147 1101 caetera,
3185 1052 3307 1106 qua:
3343 1038 3410 1093 de

1836 1118 1952 1188 ejus
1991 1121 2235 1190 exemplo
2263 1130 2420 1187 sunt,
2453 1124 2546 1192 qui
2576 1138 2698 1179 eam
2738 1126 3029 1180 tenuerint.
3075 1125 3262 1197 Jungit
3293 1127 3410 1184 hate

1837 1210 2140 1265 observatio
2173 1220 2331 1282 caput
2370 1221 2425 1266 et
2460 1229 2675 1284 corpus,
2718 1222 2775 1269 et
2803 1213 2862 1270 fit
2899 1215 3138 1271 Ecclesia
3171 1233 3294 1272 cum
3321 1233 3411 1272 ca-

1838 1299 1948 1368 pite
1972 1315 2110 1355 unus
2147 1299 2412 1358 Christus.
2453 1302 2519 1356 Et
2542 1303 2647 1358 hoc
2672 1313 2754 1360 est
2778 1304 2832 1359 in
2853 1307 3000 1360 omni
3029 1305 3304 1378 Scriptura
3330 1308 3410 1362 le-

1839 1391 2003 1445 ctoris
2029 1391 2352 1458 intellectus,
2397 1399 2458 1448 ut
2487 1400 2696 1448 tantum
2733 1395 2840 1450 duo
2874 1395 2981 1450 sint
3013 1397 3154 1452 inter
3189 1412 3248 1453 se
3275 1413 3408 1452 con-

1841 1481 2012 1545 trarii,
2060 1480 2305 1536 Christus
2338 1491 2392 1538 et
2427 1483 2688 1539 diabolus.
2729 1484 2798 1539 Et
2825 1494 2950 1541 sunt
2975 1486 3093 1542 duae
3120 1488 3406 1544 civitates:

1841 1588 1948 1628 una
1971 1572 2065 1627 Dei
2093 1582 2148 1628 et
2171 1573 2340 1628 altera
2367 1574 2592 1640 diaboli,
2641 1592 2747 1631 una
2775 1584 3010 1643 terrena,
3054 1578 3222 1634 altera
3251 1579 3413 1635 coale-

1843 1666 1962 1720 stis.
1995 1664 2244 1721 Caelestis
2272 1675 2354 1721 est
2391 1667 2612 1732 Christi,
2665 1677 2880 1724 terrena
2914 1682 3042 1723 vero
3073 1668 3410 1726 Antichristi.

227 1761 343 1816 XII.
392 1761 571 1816 'I‘ertia
611 1767 694 1816 est
719 1760 970 1831 qualitas,
1019 1759 1073 1816 id
1111 1770 1228 1827 est,
1274 1779 1416 1816 unus
1451 1761 1642 1827 bonus,
1689 1771 1744 1819 et
1775 1755 1822 1817 Β
1847 1756 2042 1813 Habuit
2071 1757 2316 1814 Christus
2345 1775 2472 1815 suos
2513 1762 2833 1831 prophetas,
2878 1763 2970 1834 qui
2997 1779 3118 1819 eum
3147 1764 3412 1834 praedica-

159 1854 296 1908 alter
334 1854 527 1908 malus.
559 1853 740 1909 Bonus
766 1853 1033 1918 Christus,
1081 1863 1136 1909 et
1165 1857 1360 1912 bonum
1397 1873 1591 1926 corpus
1618 1855 1734 1926 ejus

159 1943 487 1998 adhmrendo
518 1945 677 1998 bono.
706 1941 877 2000 Malus
903 1946 1162 2011 diabolus,
1192 1949 1284 2016 qui
1319 1947 1490 2003 factus
1521 1949 1620 2003 fuit
1643 1950 1738 2004 bo-

159 2047 282 2099 nus,
321 2033 647 2089 adhaerendo
682 2035 982 2090 mendacio.
1032 2035 1202 2093 Malus
1223 2039 1404 2102 homo,
1438 2040 1529 2108 qui
1563 2041 1738 2095 factus

159 2122 262 2178 fuit
289 2125 481 2188 bonus,
509 2125 832 2181 adhterendo
857 2127 1158 2184 mendacio.
1188 2129 1313 2185 llaec
1337 2131 1567 2201 qualitas
1595 2132 1740 2188 inter

157 2221 423 2283 utrosque
445 2212 621 2284 jungit
652 2222 929 2286 utrosque,
980 2217 1034 2272 id
1071 2227 1170 2283 est,
1213 2221 1345 2276 duas
1386 2223 1736 2291 substantias,

155 2304 416 2374 angelum
443 2311 495 2357 et
525 2303 816 2369 hominem,
859 2306 1032 2376 ipsum
1070 2309 1408 2366 mendacium
1435 2312 1564 2368 facit
1601 2313 1655 2367 in
1680 2329 1739 2369 se

155 2410 354 2450 unum.
414 2395 641 2452 Proinde
689 2399 938 2468 opposuit
998 2400 1198 2456 veritas
1249 2400 1497 2458 Christus
1552 2413 1738 2460 contra

157 2488 521 2543 mendacium.
569 2487 854 2546 Humilitas
888 2499 1074 2546 contra
1118 2495 1442 2563 superbiam.
1490 2495 1740 2554 Charitas

157 2588 351 2634 contra
408 2581 752 2636 discordiam.
817 2582 1083 2638 Patientia
1139 2592 1328 2639 contra
1381 2585 1736 2643 iracundiam.

157 2670 386 2726 Bonitas
421 2680 606 2726 contra
661 2671 942 2726 malitiam.
999 2672 1279 2743 De-pectio
1321 2686 1508 2732 contra
1553 2677 1743 2733 elatio-

155 2775 308 2814 nem.
348 2760 590 2816 Parcitas
613 2771 799 2818 contra
840 2762 1142 2818 avaritiam.
1189 2755 1526 2822 Abstinentia
1551 2777 1740 2825 contra

154 2863 182 2892 ι
208 2851 668 2924 gastrimargiam.
717 2853 994 2909 Sobrietas
1031 2863 1218 2911 contra
1262 2857 1597 2915 ebrietatem.
1651 2858 1742 2916 Sic

153 2942 274 3014 egit
298 2942 472 2997 bonus
499 2945 759 3011 medicus,
789 2953 842 3000 ut
876 2945 1047 3002 calida
1079 2942 1304 3016 frigidis,
1349 2957 1402 3003 et
1430 2947 1620 3021 frigida
1650 2966 1742 3006 ca-

151 3032 287 3086 lidis
313 3040 639 3102 temperaret
666 3035 916 3101 infirmis,
966 3045 1022 3090 et
1048 3037 1178 3107 ipsis
1202 3038 1542 3107 promitteret
1565 3039 1732 3096 vitam

149 3123 249 3193 qui
276 3125 630 3180 observarent
654 3125 889 3180 diaetam.
929 3127 998 3182 Et
1039 3127 1140 3198 ipsi
1175 3129 1336 3184 citius
1361 3130 1428 3184 ad
1454 3129 1740 3186 sanitatem

151 3213 420 3278 redirent,
466 3215 558 3285 qui
595 3216 842 3284 potiones
867 3232 1084 3274 amaras
1110 3219 1378 3276 biberent.
1417 3221 1552 3276 Nam
1590 3231 1645 3278 et
1687 3223 1743 3278 in

147 3306 492 3362 medicorum
531 3309 827 3364 carnalium
861 3310 1091 3378 actibus,
1120 3313 1268 3383 prius
1297 3313 1396 3384 ipsi
1429 3315 1619 3370 medici
1648 3332 1744 3388 gu-

147 3403 306 3449 stant
329 3395 459 3464 quid
489 3397 556 3451 ad
586 3397 872 3453 sanitatem
899 3399 1227 3455 confecerint
1252 3401 1548 3468 hominum,
1584 3412 1638 3458 et
1665 3405 1742 3460 sic

147 3489 378 3560 :egrotis
409 3489 701 3544 bibendum
733 3488 984 3546 offerunt.
1026 3491 1177 3546 Sient
1215 3499 1270 3547 et
1297 3492 1410 3567 ipse
1435 3493 1744 3550 misericors

145 3580 402 3636 medicus
421 3579 578 3648 fecit,
596 3581 688 3655 qui
709 3597 906 3652 corpus
930 3591 985 3637 et
1008 3583 1322 3654 sanguinem
1355 3600 1531 3650 suum,
1570 3585 1742 3640 medi-

147 3674 337 3728 cinam
363 3681 626 3740 nostram,
674 3690 835 3744 quam
868 3690 970 3746 pro
998 3677 1153 3732 nobis
1180 3678 1404 3746 aptavit,
1449 3678 1600 3748 prius
1629 3679 1742 3748 ipse

146 3764 534 3822 amaritudinis
560 3765 782 3821 calicem
809 3766 1064 3836 gustavit,
1089 3774 1144 3822 et
1167 3767 1322 3822 nobis
1342 3765 1633 3823 bibendum
1657 3783 1744 3822 or-

145 3855 388 3920 dinavit,
438 3863 494 3910 et
529 3855 703 3912 diaeta:
737 3857 1146 3913 observationes
1197 3857 1435 3929 reliquit,
1483 3872 1620 3928 quos
1651 3873 1741 3914 se-

141 3963 284 4004 cum
317 3934 500 4005 vivere
523 3951 791 4020 przevidit.

225 4038 370 4093 XIII.
407 4039 695 4095 Videamus
727 4056 872 4096 nunc
911 4041 1002 4110 qui
1047 4050 1172 4097 sunt
1219 4041 1341 4112 ipsi.
1396 4040 1513 4098 Non
1555 4059 1743 4100 omnes

138 4129 356 4200 κενοιί
401 4128 532 4184 salvi
555 4144 654 4198 per
679 4146 863 4185 curam
909 4130 1066 4196 fiunt,
1114 4131 1217 4186 nisi
1259 4139 1469 4186 tantum
1505 4131 1606 4202 ipsi
1649 4131 1741 4201 qui

139 4219 412 4276 morituri
451 4235 554 4275 non
588 4229 734 4276 sunt.
787 4221 924 4275 Nam
962 4222 1241 4277 morituris
1283 4222 1413 4276 dicit
1459 4222 1736 4278 medicus:

136 4309 482 4367 Manducent
505 4317 560 4364 et
590 4311 778 4365 bibant
819 4311 962 4380 quod
995 4310 1201 4376 volunt,
1251 4311 1376 4380 quia
1405 4311 1584 4366 vivere
1633 4328 1740 4367 non

1838 1858 2032 1904 verunt
2068 1859 2370 1905 venturum.
2421 1851 2620 1907 Habuit
2644 1862 2700 1909 et
2733 1853 3097 1910 Antichristus
3139 1871 3266 1912 suos
3292 1871 3416 1925 pro-

1837 1941 2047 2009 phetas,
2095 1942 2401 1996 sacerdotes
2445 1940 2609 1998 falsos
2651 1943 2706 1998 in
2749 1944 2886 2014 lege,
2930 1945 3020 2013 qui
3053 1960 3176 1998 eum
3203 1945 3416 2000 crucifi-

1839 2037 2049 2093 xerunt,
2083 2029 2360 2086 dicentes:
2392 2031 2507 2085 Non
2533 2041 2618 2087 est
2643 2033 2775 2100 ipse.
2811 2032 2983 2087 Ilabet
3003 2048 3146 2087 nunc
3168 2032 3416 2088 Christus

1838 2119 2126 2188 discipulos
2153 2135 2280 2176 suos
2318 2121 2371 2175 in
2399 2121 2722 2192 Evangelio,
2769 2122 2862 2191 qui
2891 2123 3108 2177 dicunt:
3156 2121 3272 2190 Ipse
3309 2129 3412 2186 est,

1837 2215 1894 2263 et
1940 2223 2048 2262 non
2101 2207 2254 2263 alter.
2300 2208 2474 2264 Habet
2519 2218 2575 2264 et
2626 2211 2990 2266 Antichristus
3035 2210 3416 2282 przedicatores

1838 2311 1966 2352 suos
1999 2297 2054 2350 in
2075 2297 2381 2368 Evangelia,
2409 2299 2502 2368 qui
2531 2299 2714 2354 dicunt
2739 2317 2752 2354 :
2783 2299 2900 2354 Non
2935 2307 3020 2355 est
3045 2301 3176 2370 ipse.
3207 2299 3308 2367 Qui
3336 2301 3416 2355 di-

1840 2395 1968 2444 cunt
1995 2388 2108 2458 ipse
2153 2396 2255 2453 est,
2308 2396 2498 2444 etnon
2541 2389 2710 2457 alter,
2757 2405 2952 2459 corpus
2975 2389 3170 2458 capitis
3212 2397 3294 2444 est
3321 2388 3414 2459 qui

1840 2479 2114 2550 cognoscit
2160 2487 2340 2549 caput,
2390 2480 2446 2535 id
2489 2489 2600 2548 est,
2654 2496 2848 2551 corpus
2884 2479 3086 2536 Christi
3132 2488 3241 2546 est,
3287 2479 3415 2551 quia

1839 2571 2116 2642 cognoscit
2140 2571 2432 2628 Christum.
2465 2573 2531 2627 Et
2555 2574 2648 2642 qui
2677 2572 2841 2628 dicit:
2874 2573 2990 2628 Non
3027 2581 3110 2628 est
3130 2573 3260 2642 ipse,
3296 2587 3416 2627 cor-

1839 2677 1943 2733 pus
1971 2663 2168 2718 diaboli
2197 2671 2308 2730 est,
2353 2663 2478 2732 quia
2507 2663 2785 2732 cognoscit
2810 2669 2989 2732 caput,
3027 2662 3120 2732 qui
3149 2661 3418 2732 separavit

1841 2768 2036 2822 corpus
2065 2769 2223 2808 suum
2247 2769 2279 2809 a
2303 2768 2530 2824 corpore
2553 2753 2775 2820 Christi,
2823 2755 2962 2837 sicut
2988 2755 3102 2824 ipse
3143 2760 3304 2824 caput
3333 2766 3417 2807 se-

1841 2852 2062 2915 paratus
2093 2854 2195 2901 est.

1911 2938 2052 2995 XIV.
2089 2938 2408 2995 Sacerdotes
2449 2938 2760 2996 Iudaeorum
2809 2940 2864 2995 in
2903 2939 3020 3012 lege
3069 2955 3176 2995 non
3214 2953 3416 3010 cogno-

1845 3037 2058 3085 scentes
2099 3029 2370 3086 Christum
2411 3033 2556 3101 quod
2599 3033 2714 3102 ipse
2751 3039 2894 3088 esset
2933 3033 3075 3088 Deus
3113 3033 3418 3103 redemptor

1845 3122 2030 3178 mundi
2069 3131 2229 3192 caput
2264 3123 2535 3192 Ecclesiae,
2587 3125 2903 3180 occiderunt
2930 3133 3110 3195 caput.
3155 3125 3309 3180 Nunc
3332 3139 3418 3180 sa-

1843 3215 2090 3272 cerdotes
2141 3215 2571 3273 Christianorum
2617 3217 2672 3271 in
2729 3217 3019 3286 Evangelia
3066 3233 3174 3272 non
3219 3232 3418 3289 cogno-

1842 3315 2000 3362 scunt
2022 3321 2250 3377 corpus,
2299 3309 2441 3378 quod
2468 3311 2538 3364 sit
2559 3311 2758 3364 summi
2793 3311 2984 3380 capitis
3006 3327 3223 3381 corpus,
3269 3311 3414 3366 occi-

1843 3397 1976 3452 dunt
2017 3397 2220 3453 Christi
2261 3413 2478 3468 corpus.
2515 3399 2582 3453 Et
2611 3407 2720 3454 tam
2759 3399 2833 3454 illi
2871 3401 3179 3454 sacerdotes
3217 3399 3272 3453 in
3301 3399 3418 3468 lege

1842 3492 1933 3561 qui
1959 3492 2271 3547 occiderunt
2295 3501 2476 3560 caput,
2525 3507 2686 3562 quam
2712 3493 2876 3546 etiam
2923 3490 3012 3546 isti
3047 3491 3100 3544 in
3127 3490 3416 3560 Evangelio

1843 3581 2151 3638 sacerdotes
2173 3581 2265 3652 qui
2291 3576 2542 3636 occidunt
2571 3581 2762 3651 capitis
2799 3596 3010 3650 corpus,
3043 3581 3257 3650 utrique
3279 3595 3417 3650 pra:-

1842 3675 2109 3730 dicatores
2155 3673 2472 3729 Antichristi
2525 3681 2686 3739 sunt,
2745 3675 2871 3743 quia
2925 3673 3141 3743 utrique
3195 3673 3264 3728 de
3307 3687 3414 3727 una

1841 3765 2027 3821 schola
2057 3774 2204 3832 sunt,
2249 3765 2462 3835 utrique
2493 3765 2560 3820 de
2594 3779 2700 3819 una
2739 3763 2981 3820 doctrina
3008 3770 3154 3827 sunt,
3198 3761 3414 3832 utrique

1841 3858 1909 3914 de
1941 3872 2048 3912 uno
2089 3858 2282 3930 spiritu
2322 3857 2638 3927 loquuntur.
2685 3854 2835 3911 Unus
2867 3852 3088 3925 spiritus
3133 3859 3218 3909 est
3257 3859 3418 3921 caput

1841 3962 2030 4003 eorum
2057 3949 2307 4014 mendax,
2360 3945 2512 4015 cujus
2539 3953 2594 4001 et
2618 3946 2706 4002 ille
2735 3960 2932 4014 corpus
2959 3951 3061 3999 est.
3099 3941 3220 3997 Jam
3255 3955 3417 4012 supra

1841 4037 2074 4094 diximus
2113 4037 2238 4108 quia
2265 4037 2408 4108 quod
2434 4035 2565 4092 facit
2589 4043 2750 4107 caput
2784 4035 3048 4099 diabolus,
3092 4033 3326 4088 refertur
3349 4031 3418 4087 ad

1841 4149 2039 4203 corpus
2075 4133 2445 4193 ministrorum
2483 4148 2724 4188 suorum.
2773 4131 2839 4186 Et
2881 4131 3022 4200 quod
3051 4128 3180 4184 facit
3221 4142 3418 4197 corpus

1841 4231 2214 4285 ministrorum
2243 4229 2462 4293 diaboli,
2503 4229 2734 4284 refertur
2769 4227 2837 4282 ad
2863 4232 3044 4297 caput.
3080 4223 3144 4277 Et
3171 4237 3294 4278 cum
3319 4235 3415 4291 pa-

1841 4323 1976 4378 titur
2001 4331 2160 4392 caput
2186 4321 2460 4386 Ecclesite,
2487 4320 2720 4376 refertur
2742 4319 2808 4375 ad
2843 4332 3054 4388 corpus.
3081 4315 3291 4370 Etcum
3317 4326 3414 4382 pa-

140 4407 406 4472 possunt.
459 4399 564 4470 Ipsi
589 4409 716 4455 sunt
758 4400 847 4470 qui
873 4415 1068 4468 pecare
1102 4407 1348 4468 possunt,
1397 4409 1452 4455 et
1477 4401 1739 4470 pmnitere

1844 4415 1978 4468 titur
2013 4427 2229 4482 corpus,
2275 4411 2419 4480 quod
2453 4418 2536 4466 est
2572 4410 2844 4473 Ecclesia,
2881 4407 3114 4462 refertur
3138 4403 3207 4458 ad
3229 4407 3410 4470 caput.

139 4507 266 4546 non
296 4499 542 4560 possunt.
589 4491 743 4558 Quod
771 4493 816 4546 si
845 4492 1060 4547 delicati
1092 4508 1198 4548 non
1241 4503 1422 4548 essent
1460 4493 1526 4546 ad
1568 4494 1741 4563 poeni-

139 4580 403 4644 tendum,
435 4579 543 4634 cito
569 4580 806 4636 redirent
837 4582 903 4637 ad
922 4583 1228 4647 sanitatem,
1256 4583 1302 4637 si
1329 4582 1576 4638 biberent
1599 4597 1744 4636 ama-

137 4671 416 4729 ritudinis
443 4673 714 4740 poculum.
761 4673 828 4727 Et
857 4674 1100 4729 viverent
1125 4674 1241 4728 sine
1264 4674 1444 4741 dubio,
1483 4681 1537 4730 et
1559 4682 1742 4731 essent

135 4762 272 4819 sani
307 4776 434 4816 eum
468 4746 697 4827 medico,
751 4763 798 4817 si
843 4773 1106 4834 quantum
1144 4763 1322 4820 fuerat
1367 4766 1422 4820 in
1466 4766 1742 4838 peccando

134 4855 405 4922 alit-11pm
429 4853 629 4908 mentis
653 4853 899 4920 intentio,
933 4863 1142 4910 tantum
1171 4855 1361 4912 fuisset
1388 4857 1444 4911 in
1481 4857 1742 4912 lamenta-

133 4948 310 5003 tione
342 4945 500 5015 plena
539 4947 792 5014 devotio;
838 4956 894 5002 et
930 4948 1150 5018 insuper
1193 4949 1387 5004 medici
1430 4949 1742 5004 observaret

131 5040 379 5094 diaetam
417 5038 584 5106 illam,
617 5055 778 5109 quam
817 5055 976 5110 supra
1005 5039 1124 5110 ejus
1153 5041 1528 5112 proposuimus
1556 5057 1738 5096 exem-

129 5131 266 5202 plo,
301 5128 358 5183 id
381 5138 483 5194 est,
519 5146 641 5186 cum
663 5131 915 5185 omnibus
935 5131 1369 5187 discordantibus
1395 5145 1602 5202 pacem,
1625 5140 1744 5185 om-

131 5219 324 5274 nibus
357 5218 605 5288 superbis
643 5219 1024 5284 humilitatem,
1065 5219 1316 5274 omnibus
1343 5219 1614 5276 iracundis
1640 5235 1740 5290 pa-

128 5308 430 5372 tientiam,
477 5315 532 5363 et
563 5317 779 5374 caetera,
812 5301 932 5380 qua:
957 5325 1120 5379 supra
1148 5309 1585 5364 memoravimus.
1634 5309 1740 5365 Ista

127 5399 457 5463 contraria,
503 5414 626 5470 qua:
653 5414 720 5454 ex
745 5399 960 5456 diabolo
985 5408 1111 5454 sunt
1143 5409 1287 5465 nata,
1318 5414 1548 5470 pro_quo
1574 5401 1742 5470 possit

125 5484 365 5545 diaboli
405 5495 631 5541 mortem
657 5488 902 5551 evadere,
947 5496 1002 5542 et
1027 5488 1228 5544 Christi
1255 5488 1543 5544 observare
1579 5488 1738 5552 dicta,

125 5590 204 5639 ct
241 5593 370 5634 cum
401 5595 500 5634 suo
529 5579 738 5635 medico
763 5595 974 5650 semper
997 5582 1193 5646 vivere,
1225 5581 1316 5650 qui
1343 5590 1424 5637 est
1444 5581 1574 5636 vita.
1607 5580 1742 5637 Nam

229 5711 259 5738 ⁸³
291 5699 698 5774 Γαστριμοιοιὶα,
727 5697 1000 5767 gulosilas.

1840 4505 2080 4563 Ecclesia
2106 4512 2254 4560 certa
2299 4510 2384 4560 est
2411 4503 2478 4558 de
2521 4501 2736 4558 Christo
2760 4500 2953 4570 capite,
3003 4496 3158 4566 cujus
3183 4503 3266 4549 est
3295 4507 3415 4547 cor-

1837 4612 1959 4666 pus,
2001 4595 2127 4664 quia
2153 4593 2419 4650 mediator
2444 4601 2528 4648 est
2549 4591 2814 4647 Christus.
2841 4590 2906 4643 Et
2927 4589 3047 4643 ideo
3071 4601 3178 4640 non
3203 4583 3414 4640 dubitat

1839 4689 1906 4744 de
1949 4685 2185 4750 Christo,
2239 4683 2453 4743 etiamsi
2496 4698 2715 4739 necesse
2743 4681 2813 4738 sit
2839 4679 3151 4754 sanguinem
3187 4674 3414 4730 fundere

1839 4797 1938 4852 pro
1971 4780 2206 4836 Christo.
2235 4777 2488 4834 Diabolus
2516 4793 2645 4832 vero
2679 4791 2784 4831 non
2808 4784 2890 4829 est
2915 4772 3178 4829 mediator
3202 4767 3416 4838 corpori

1839 4889 1974 4929 suo:
2020 4872 2112 4943 qui
2157 4872 2332 4926 adhuc
2375 4885 2482 4924 non
2531 4869 2806 4938 ingressus
2845 4873 2928 4920 est
2959 4863 3232 4920 hominem
3260 4861 3413 4918 illum

1841 4965 2172 5028 damnatum,
2214 4977 2315 5034 pro
2347 4976 2453 5031 quo
2479 4959 2551 5015 sit
2578 4957 2804 5015 visibilis
2831 4956 3098 5012 mediator
3129 4953 3244 5025 ipse
3270 4951 3415 5010 filius

1838 5054 2158 5125 perditionis
2197 5053 2338 5106 inter
2364 5049 2636 5106 diabolum
2658 5056 2716 5104 et
2746 5061 2914 5119 genus
2955 5047 3248 5100 humanum
3272 5059 3288 5098 :
3319 5043 3416 5100 sed

1840 5145 2004 5199 habet
2036 5143 2202 5199 falsos
2244 5140 2627 5212 praedicatores
2675 5154 2802 5194 suos
2838 5135 3137 5199 harreticos,
3185 5133 3278 5204 qui
3312 5133 3414 5188 tin-

1841 5242 1974 5306 gunt
2002 5235 2102 5290 sub
2137 5234 2354 5289 nomine
2378 5231 2578 5289 Christi
2613 5229 2909 5294 Christum,
2957 5227 3168 5298 qualem
3199 5225 3300 5281 sibi
3329 5225 3415 5294 in-

1841 5327 2078 5396 spirante
2117 5324 2330 5380 diabolo
2363 5324 2552 5390 tiuxit,
2600 5337 2708 5377 non
2749 5320 2962 5392 qualem
3004 5317 3219 5375 Veritas
3259 5315 3411 5372 dicit.

1842 5419 1940 5474 Est
1987 5432 2183 5486 corpus
2211 5417 2426 5480 diaboli,
2476 5425 2531 5472 et
2566 5424 2744 5471 tamen
2772 5416 2872 5471 sub
2919 5411 3136 5469 nomine
3165 5409 3416 5466 falsitatis

1842 5511 2116 5568 Christum
2147 5509 2418 5578 praedicat.
2451 5516 2506 5562 et
2529 5508 2804 5571 Christum
2841 5523 2900 5564 se
2923 5505 3100 5562 colere
3135 5503 3408 5557 mentitur.

1845 5604 1909 5659 Et.
1937 5604 2059 5677 quia
2091 5602 2156 5657 de
2199 5601 2459 5672 sapientia
2495 5617 2552 5656 se
2593 5600 2871 5671 glorificat,
2925 5607 3114 5654 contra
3139 5593 3411 5653 Christum
