3952 6318
619 318 730 377 987

1447 312 1852 384 ELlPANDUS,
1892 314 2118 380 FELIX,
2160 311 2508 370 HETERIUS
2545 312 2633 369 ET
2675 311 2731 367 S.
2772 308 3059 368 BEATUS.
3647 330 3715 394 939

622 437 756 508 agit,
785 434 910 505 quia
932 448 1128 504 corpus
1156 431 1359 490 Christi
1397 432 1652 488 detrahit.
1694 432 1763 487 Et
1791 447 1916 488 cum
1953 432 2207 496 detrahit,
2240 431 2287 490 Λ
2317 437 2398 486 tes
2434 439 2581 495 sunt,
2619 431 2671 486 id
2702 438 2806 494 est,
2837 444 2942 485 una
2964 446 3084 499 pars
3115 432 3217 501 ipsa
3245 433 3468 505 Ecclesia,
3499 447 3717 511 quatinus.

619 525 914 584 cruciﬁxit.
946 523 1014 579 Et
1045 539 1168 579 cum
1194 522 1484 588 cruciﬁxit,
1516 539 1625 578 non
1655 525 1949 592 cognoscit.
1996 524 2211 579 Etcum

620 632 728 671 non
763 615 1042 685 cognoscit
1063 629 1277 684 corpus,
1304 629 1411 667 non
1439 614 1715 684 cognoscit
1738 622 1918 684 caput,
1950 612 2105 683 cujus
2128 622 2213 668 est

614 722 840 778 corpus.
885 706 1100 761 Etcum
1142 704 1339 759 occidit
1379 720 1595 774 corpus,
1638 706 1837 760 occidit
1862 715 2040 774 caput.
2092 705 2211 759 Non

623 796 802 851 adhuc
841 795 1041 850 occidit
1081 794 1435 863 corporaliter
1464 809 1680 864 corpus,
1712 796 1805 849 sed
1838 794 2206 865 spiritualiter.

621 886 691 946 Et
719 899 848 945 tunc
875 888 1074 944 occidit
1111 903 1307 958 corpus
1343 888 1564 952 Christi,
1597 889 1811 958 quando
1848 904 1945 958 per
1968 889 2210 959 philoso-

617 983 803 1053 phiam
834 997 987 1037 suam
1014 988 1222 1036 mentes
1263 980 1499 1035 ﬁdelium
1529 983 1815 1035 conturbat
1850 990 1905 1036 et
1933 980 2056 1036 ﬁdei
2101 996 2212 1037 suae

618 1073 874 1127 associat.
913 1073 980 1127 Et
1009 1072 1114 1127 hoc
1150 1071 1385 1126 maxime
1432 1080 1612 1127 mente
1639 1073 1880 1141 parvulis
1910 1073 2001 1141 qui
2037 1072 2212 1128 adhuc

616 1161 761 1217 lacte
786 1170 1028 1228 utuntur,
1081 1162 1133 1215 id
1161 1170 1273 1227 est,
1326 1176 1490 1216 carne
1514 1168 1567 1215 et
1599 1162 1858 1232 sanguine
1887 1160 2087 1216 Christi
2118 1177 2213 1231 pa-

621 1262 867 1320 scuntur,
905 1262 961 1307 et
1001 1254 1230 1309 necdum
1262 1254 1329 1307 ad
1379 1252 1608 1307 solidum
1654 1253 1833 1307 cibum
1863 1253 1986 1308 lidei
2017 1269 2209 1323 perve-

620 1336 837 1399 nerunt.
884 1344 1077 1399 Aufert
1114 1354 1242 1399 tunc
1267 1344 1368 1408 lac,
1418 1343 1472 1397 id
1509 1352 1609 1405 est,
1649 1359 1870 1398 carnem
1897 1350 1951 1397 et
1990 1344 2212 1414 sangui-

620 1451 745 1489 nem
776 1434 999 1500 Christi,
1045 1444 1100 1490 et
1128 1436 1332 1505 praebet
1354 1450 1510 1489 suum
1537 1434 1639 1497 lac,
1673 1434 1725 1489 id
1752 1443 1853 1498 est,
1903 1449 2123 1489 carnem
2160 1443 2214 1490 et

618 1528 938 1598 sanguinem
975 1543 1135 1598 quam
1159 1528 1260 1582 sibi
1291 1527 1390 1597 ipsi
1416 1527 1586 1581 ﬁnxit.
1617 1524 1808 1581 Aufert
1829 1541 2094 1582 mammas
2114 1527 2216 1583 Ec-

617 1615 820 1682 clesiae,
848 1617 901 1672 id
924 1624 1028 1681 est,
1056 1616 1160 1671 duo
1193 1615 1540 1671 Testamenta
1564 1616 1698 1687 legis
1722 1624 1777 1670 et
1801 1615 2079 1686 Evangelii
2104 1632 2118 1681 ;
2156 1623 2214 1670 et

617 1707 823 1779 praebet
853 1720 1119 1760 mammas
1140 1721 1286 1769 suas,
1317 1705 1370 1759 id
1408 1713 1510 1769 est,
1545 1705 1611 1759 ad
1638 1704 1798 1760 ﬁdem
1820 1719 1973 1760 suam
2000 1720 2214 1774 perver-

2314 529 2403 576 tur
2425 520 2723 577 Christum.
2772 520 2989 576 Caetera:
3024 523 3136 577 duae
3167 536 3329 592 partes
3352 536 3459 583 sunt
3484 547 3576 601 qua:
3604 548 3718 594 contra

2314 609 2484 680 ipsam
2509 610 2803 666 Ecclesiam
2844 620 3095 680 pugnant,
3132 611 3182 666 id
3207 623 3296 675 est,
3326 616 3540 682 hzeretici,
3575 623 3718 677 etChri-

2312 703 2471 758 stiani
2508 703 2653 757 mali.
2692 702 2944 758 Diabolus
2971 703 3129 767 enim,
3155 705 3238 773 qui
3264 706 3405 761 draco
3436 708 3604 774 dicitur,
3625 724 3717 783 caput

2312 803 2396 850 est
2438 794 2492 848 in
2526 794 2699 848 tribus
2727 793 2989 864 partibus,
3028 793 3080 847 id
3102 802 3180 849 est
3214 795 3468 851 incredulis
3489 809 3534 854 et
3566 805 3717 870 paganis

2312 891 2367 937 et
2389 882 2708 939 Christianis
2736 881 2890 937 malis
2915 890 3073 951 atque
3114 882 3372 939 haereticis.
3409 882 3519 939 Nam
3549 888 3647 942 sicut
3671 890 3717 944 in-

2313 972 2583 1034 credulus,
2611 988 2879 1042 paganus,
2898 972 3017 1027 sive
3038 970 3260 1038 Iudaeus,
3294 972 3389 1028 ﬁde
3410 976 3573 1030 recedit
3593 992 3613 1030 a
3633 976 3718 1031 Clin

2313 1072 2416 1128 sto,
2441 1064 2521 1118 sic
2548 1062 2885 1118 Christianus
2910 1062 3081 1118 malus
3103 1079 3254 1132 opere
3274 1080 3301 1118 a
3326 1064 3521 1121 Christo.
3533 1065 3628 1133 Qui:
3644 1070 3718 1123 siml

2313 1153 2402 1208 ille
2428 1153 2636 1224 publice
2671 1162 2829 1224 negat
2855 1152 3125 1208 Christum
3149 1169 3260 1209 esse
3297 1155 3465 1220 Deum,
3504 1158 3564 1212 sic
3580 1158 3649 1212 iste
3665 1174 3719 1225 pu-

2314 1245 2451 1301 blice
2478 1243 2605 1299 facit
2633 1259 2797 1315 opera
2834 1244 2972 1298 mala
3008 1260 3125 1313 quae
3155 1260 3254 1298 non
3291 1244 3472 1313 placent
3490 1244 3657 1300 Christo.
3685 1246 3721 1301 Et

2314 1354 2436 1393 cum
2467 1353 2568 1391 una
2608 1350 2733 1407 pars
2758 1336 2860 1391 lide
2888 1338 3106 1402 recedit,
3153 1337 3308 1391 altera
3328 1352 3481 1406 opere,
3516 1340 3721 1406 utraqueah

2314 1445 2421 1485 uno
2447 1426 2663 1483 Christo
2690 1436 2991 1498 separatur.
3022 1427 3088 1482 Et
3111 1427 3229 1497 quia
3249 1442 3278 1481 a
3302 1425 3484 1482 Christo
3504 1435 3721 1496 separantur,

2314 1536 2453 1575 unus
2477 1534 2672 1588 corpus
2697 1519 2893 1588 capitis
2915 1518 3110 1573 diaboli
3130 1516 3407 1573 elﬁciuntur
3428 1535 3438 1571 :
3462 1528 3506 1571 et
3525 1532 3614 1572 cum
3627 1532 3722 1572 unum

2315 1628 2510 1681 corpus
2531 1610 2780 1676 elﬁcitur,
2810 1628 2916 1666 una
2943 1611 3115 1666 bestia
3139 1609 3340 1665 dicitur.

2386 1702 2548 1759 XVll.
2579 1702 2761 1756 Tertia
2800 1717 2927 1772 pars
2964 1709 3046 1756 est
3089 1700 3152 1755 de
3185 1698 3467 1754 Antichristi
3498 1714 3664 1770 corpore,
3694 1700 3722 1755 id

619 1810 740 1850 sam
764 1803 819 1848 et
849 1796 1022 1866 legem
1066 1802 1121 1848 et
1159 1794 1508 1865 Evangelium
1536 1795 1757 1863 exponit
1776 1835 1791 1859 ,
1839 1803 1894 1850 et
1931 1795 1999 1849 ad
2041 1795 2214 1865 ipsam
2246 1779 2290 1838 Β
2319 1804 2403 1850 est
2432 1794 2692 1857 lucretici,
2721 1808 2840 1862 quae
2872 1793 3030 1863 longe
3058 1793 3125 1846 ab
3150 1792 3237 1845 illa
3261 1791 3413 1846 bestia
3434 1791 3585 1845 distant
3602 1790 3722 1845 inreli-

618 1885 785 1939 ﬁdem
818 1885 962 1954 ipsas
990 1883 1298 1954 Scripturas
1334 1885 1519 1957 dirigit
1564 1886 1617 1940 in
1661 1887 2019 1956 perversitate
2057 1902 2219 1957 quam

621 1974 808 2030 sentit.
845 1974 912 2028 Et
949 1983 1077 2031 tunc
1106 1975 1347 2030 Ecclesia
1380 1978 1734 2046 perversitate
1760 1979 2044 2047 premitur,
2096 1994 2218 2034 eum

618 2066 804 2138 pravis
840 2067 1144 2139 quibusque
1181 2054 1627 2138 pratdicatorﬁms
1674 2071 1892 2127 licentia
1932 2072 2220 2130 locutionis

624 2157 805 2212 datur.

690 2246 811 2305 XV.
839 2248 994 2317 Quod
1031 2249 1189 2320 longe
1217 2260 1345 2309 ante
1380 2250 1648 2309 Jeremias
1688 2254 1909 2309 intuens
1953 2256 2067 2310 ait:
2112 2255 2218 2311 Sed

618 2338 866 2399 etlamiw
911 2340 1238 2397 nudaverant
1275 2360 1600 2411 mammam,
1650 2345 1976 2401 lactaverunt
2017 2344 2217 2399 catulos

617 2448 766 2487 suos.
799 2430 941 2498 Quid
973 2448 1207 2503 namque
1233 2432 1443 2500 lamias,
1495 2436 1601 2491 nisi
1626 2436 1913 2492 haereticos
1943 2436 2219 2506 appellat?

619 2521 911 2577 humanam
940 2523 1156 2593 quidem
1185 2524 1381 2591 faciem
1402 2567 1417 2588 ,
1461 2527 1555 2583 sed
1582 2527 1875 2583 belluiuam
1906 2542 2003 2597 per
2032 2527 2220 2599 impie-

620 2623 787 2670 tatem
818 2616 1047 2671 caudam
1074 2624 1367 2687 gestantes.
1395 2617 1498 2684 Qui
1524 2627 1651 2674 tunc
1671 2634 1963 2673 mammam
1988 2620 2215 2683 nudant,

617 2704 839 2772 quando
872 2721 1114 2760 errorem
1150 2722 1306 2761 suum
1338 2708 1549 2778 publice
1584 2710 1900 2779 prtedicant.
1941 2709 2094 2764 Tunc
2128 2725 2219 2765 ca-

621 2795 768 2850 tulos
827 2795 1048 2860 lactant,
1109 2799 1324 2865 quando
1368 2798 1509 2854 male
1559 2814 1820 2870 sequaces
1864 2800 2217 2869 parvulorum

624 2886 851 2950 animas,
892 2888 1018 2940 dum
1045 2901 1299 2958 perversa
1327 2889 1624 2955 insinuant,
1658 2891 1726 2945 ad
1753 2891 2086 2960 impietatem
2120 2906 2219 2944 nu-

622 2976 837 3031 triendo
885 2977 1228 3033 conﬁrmant.
1284 2978 1421 3035 Huic
1469 2982 1652 3037 sensui
1698 2981 1932 3038 Joannes
1982 2983 2038 3037 in
2079 2982 2217 3038 libro

624 3064 978 3137 Apocalypsis
1000 3067 1310 3133 concordat,
1340 3070 1559 3125 dicens:
1590 3069 1660 3124 Et
1691 3071 1797 3125 vidi
1819 3070 1979 3125 aliam
2001 3068 2216 3126 bestiam

625 3158 988 3213 ascendentem
1035 3158 1101 3212 de
1138 3169 1278 3213 terra
1304 3201 1318 3226 ,
1368 3167 1422 3215 et
1457 3159 1679 3215 habebat
1718 3178 1915 3216 cornua
1944 3162 2049 3216 duo
2093 3163 2217 3232 agni
2244 3129 2291 3190 ο

625 3251 842 3317 similia,
885 3265 933 3306 et
976 3252 1284 3324 loquebatur
1319 3255 1471 3325 quasi
1505 3254 1710 3309 draco:
1758 3265 1805 3309 et
1830 3271 2032 3309 omnem
2077 3264 2221 3325 pote-

625 3353 813 3397 statem
849 3344 1041 3415 prioris
1081 3345 1256 3399 bestiae
1299 3346 1525 3415 faciebat
1568 3347 1623 3400 in
1669 3354 1946 3417 conspectu
1977 3345 2090 3416 ejus
2118 3363 2136 3399 :
2175 3354 2221 3398 et

627 3420 755 3503 facit
801 3446 1013 3499 terram,
1062 3446 1109 3490 et
1135 3454 1220 3490 eos
1248 3438 1337 3508 qui
1365 3437 1661 3491 inhabitant
1699 3454 1835 3503 eam,
1872 3439 2095 3515 adorare
2138 3435 2223 3490 be-

628 3524 782 3577 stiam
827 3524 975 3579 illam
1017 3527 1262 3597 priorem,
1313 3528 1466 3597 cujus
1510 3538 1694 3582 curata
1733 3539 1806 3583 est
1845 3527 2000 3599 plaga
2038 3529 2221 3582 mortis

629 3615 744 3684 ejus
771 3631 790 3669 :
820 3626 869 3670 et
911 3617 1037 3686 facit
1067 3620 1218 3689 signa
1250 3636 1462 3689 magna,
1511 3630 1568 3673 ut
1599 3621 1769 3690 ignem
1797 3620 1958 3690 faciat
1992 3619 2056 3675 tle
2096 3619 2222 3674 caelo

627 3705 937 3758 descendere
969 3707 1026 3759 in
1050 3716 1243 3760 terram
1270 3710 1325 3762 in
1352 3722 1627 3779 conspectu
1661 3711 1948 3775 hominum,
1997 3720 2043 3763 et
2072 3711 2225 3766 sedu-

628 3794 698 3845 cit
723 3809 809 3846 eos
833 3794 922 3863 qui
952 3795 1007 3847 in
1033 3804 1171 3848 terra
1202 3798 1497 3852 inhabitant
1521 3816 1611 3868 per
1631 3801 1742 3853 ha'c
1767 3801 1916 3869 signa
1956 3818 2073 3871 qua:
2098 3801 2225 3855 data

631 3891 750 3936 sunt
778 3884 844 3946 ei,
890 3884 1063 3953 facere
1087 3886 1427 3940 simulacrum
1457 3889 1648 3952 bestiw,
1692 3900 1746 3942 ut
1775 3890 2104 3944 occidantur.
2156 3889 2225 3944 Et

630 3980 762 4051 facit
788 3997 963 4035 omnes
990 3983 1233 4036 minimos
1258 3992 1305 4036 et
1329 4000 1564 4053 magnos,
1598 3993 1646 4038 et
1670 3985 1852 4039 divites
1875 3994 1921 4038 et
1948 3973 2220 4054 pauperes,

632 4081 681 4125 et
713 4072 900 4126 liberos
930 4080 976 4125 et
1005 4066 1198 4136 servos,
1246 4082 1299 4127 ut
1335 4073 1455 4127 dent
1484 4075 1557 4128 eis
1605 4084 1781 4128 notam
1824 4092 1980 4146 super
2009 4091 2222 4129 manant

628 4178 813 4217 eorum
835 4165 1122 4227 dexteram,
1159 4171 1249 4216 aut
1278 4181 1433 4234 super
1462 4163 1655 4233 frontes
1687 4181 1865 4219 eorum
1888 4182 1906 4219 :
1937 4175 1992 4219 ut
2019 4183 2083 4220 ne
2106 4166 2222 4237 quis

629 4266 805 4330 posset
846 4256 1082 4318 vendere,
1131 4265 1235 4309 aut.
1262 4274 1450 4322 emere,
1495 4259 1594 4312 nisi
1638 4259 1727 4329 qui
1755 4259 1993 4313 habuerit
2021 4269 2218 4327 notam,

626 4358 725 4405 aut
756 4366 943 4403 nomen
985 4349 1175 4413 bestiat,
1223 4359 1313 4403 aut
1343 4366 1614 4404 numerum
1642 4352 1866 4406 nominis
1893 4351 2218 4425 eius_(Apoc.

634 4455 757 4504 Jun,
791 4432 999 4512 11-17).

703 4528 843 4584 XVI.
881 4529 994 4584 Hoc
1023 4536 1195 4584 totum
1220 4544 1524 4601 quanquam
1557 4533 1913 4603 corporaliter
1944 4534 2219 4589 Antichri-

630 4621 705 4678 sti
741 4631 981 4692 tempore
1005 4620 1206 4676 factum
1235 4622 1359 4686 erit,
1413 4630 1591 4678 tamen
1622 4625 1674 4677 in
1704 4624 1944 4678 Ecclesia
1970 4625 2221 4694 spiritua-

633 4711 760 4767 liter
788 4713 949 4768 hodie
975 4712 1052 4766 tit.
1103 4711 1237 4766 Nam
1263 4713 1406 4782 quod
1436 4713 1573 4768 dixit
1597 4732 1610 4768 :
1657 4712 1773 4767 Vidi
1799 4714 1957 4768 aliam
2003 4715 2217 4770 bestiam

634 4804 993 4859 ascendentem
1021 4802 1085 4857 de
1115 4813 1275 4867 terra,
1307 4804 1440 4859 duas
1466 4804 1699 4859 insinuat
1722 4806 1923 4861 bestias
1949 4821 2087 4861 esse.
2122 4806 2221 4862 Be-

632 4896 736 4949 stia
759 4898 900 4951 enim
925 4912 955 4950 a
982 4908 1008 4936 ι
1039 4897 1292 4951 bastando
1330 4911 1522 4951 nomen
1560 4897 1741 4951 habet.
1784 4896 1900 4953 Non
1930 4899 2073 4953 enim
2096 4900 2222 4955 her-

636 4984 741 5041 bis.
795 4988 887 5042 sed
933 5003 1098 5043 carne
1140 4988 1400 5058 pascitur.
1446 4988 1623 5043 Aliam
1672 4990 1899 5045 bestiam
1929 4992 2084 5055 dixit,
2126 4992 2220 5047 sed

634 5091 735 5146 pro
763 5077 957 5143 olIicio,
1005 5095 1106 5149 pro
1140 5082 1370 5137 actione.
1421 5081 1526 5137 Sed
1557 5091 1732 5136 tamen
1766 5098 1868 5136 una
1906 5083 2077 5137 bestia
2116 5092 2219 5151 est,

637 5166 764 5234 quia
791 5174 961 5221 totum
992 5186 1189 5241 corpus
1219 5173 1415 5229 diaboli
1455 5189 1620 5228 unum
1658 5188 1854 5243 corpus
1887 5182 1989 5230 est.
2041 5175 2222 5230 Bestia

636 5257 780 5309 enim
816 5256 995 5311 omnis
1036 5263 1253 5316 omnino
1291 5263 1518 5333 populus
1541 5272 1641 5325 est,
1689 5271 1799 5318 tam
1840 5266 2030 5336 pagani
2061 5282 2222 5337 quam

640 5342 766 5398 mali
807 5343 1142 5415 Christiani,
1191 5352 1282 5421 qui
1316 5353 1518 5409 Christi
1564 5355 1819 5411 Ecclesia:
1847 5359 2220 5414 adversantur.

640 5433 777 5491 Nam
803 5439 999 5510 pagani
1025 5451 1209 5511 aperta
1249 5444 1425 5502 fronte
1450 5448 1711 5503 recedunt
1734 5465 1765 5503 a
1787 5448 2036 5518 Christo;
2068 5449 2224 5506 Chri-

639 5526 802 5582 stiani
832 5544 980 5593 vero,
1009 5532 1122 5586 sive
1154 5533 1279 5588 boni
1308 5537 1420 5591 sive
1444 5538 1588 5604 mali,
1620 5555 1726 5595 una
1748 5540 1988 5597 Ecclesia
2019 5558 2222 5600 nuncu-

639 5624 859 5691 pantur.
891 5618 1000 5676 Sed
1026 5621 1140 5691 ipsa
1160 5636 1278 5692 quae
1307 5640 1412 5680 una
1441 5628 1653 5685 videtur
1680 5629 1940 5698 Ecclesia,
1972 5641 2081 5689 tres
2101 5649 2223 5704 par-

696 5722 745 5801 :
770 5714 1037 5780 Βαστάζω,
1062 5722 1237 5806 porto,
1268 5714 1403 5771 fero.

2320 1886 2494 1956 gione.
2542 1884 2615 1939 Illi
2647 1883 2875 1938 adulteri
2903 1891 3048 1947 sunt,
3089 1882 3175 1936 isti
3205 1882 3520 1952 virginitatem
3540 1880 3723 1935 etcastiu-

2320 1990 2428 2033 tem
2467 1976 2737 2033 simulant.
2785 1975 2862 2029 llli
2892 1960 3113 2044 rapaces
3134 1982 3268 2037 sunt,
3305 1974 3383 2028 isti
3406 1987 3483 2026 sua
3509 1970 3723 2041 propriam-

2320 2069 2420 2139 giri
2476 2067 2748 2121 simulant.
2804 2065 2883 2120 llli
2938 2066 2993 2120 in
3043 2066 3432 2120 comessationes
3470 2072 3512 2119 et
3548 2064 3723 2118 ebrietates

2317 2160 2530 2231 publice
2552 2160 2717 2213 vitam
2757 2159 2979 2222 ducunt,
3022 2157 3109 2212 isti
3129 2156 3334 2226 jejuniis
3356 2165 3404 2211 et
3424 2156 3661 2211 orationibus
3678 2167 3723 2207 se-

2321 2252 2577 2322 mctipsos
2615 2249 2878 2321 afﬂigunt.
2919 2250 2999 2304 Illi
3045 2251 3188 2304 intus
3216 2258 3267 2302 et
3293 2247 3411 2302 foris
3445 2246 3531 2315 lupi
3552 2254 3648 2305 sunt,
3676 2241 3721 2296 isti

2319 2344 2519 2399 deforis
2562 2343 2683 2414 agni
2728 2351 2783 2398 et
2818 2342 2965 2397 intus
3004 2341 3110 2411 lupi
3139 2349 3277 2396 sunt.
3322 2333 3723 2395 Hosbabetdiabdtu
3824 2338 3825 2414 χ

2318 2436 2607 2507 prophetas
2633 2449 2779 2499 suos,
2823 2449 2958 2503 quos
2988 2431 3263 2488 constituit
3304 2430 3353 2484 in
3380 2427 3569 2485 Ecclesia
3597 2425 3723 2480 decor-

2319 2544 2451 2598 pore
2478 2543 2576 2583 suo
2602 2544 2616 2593 ;
2656 2527 2754 2581 hos
2781 2525 2942 2580 habet
2972 2526 3074 2580 sub
3100 2524 3308 2581 nomine
3339 2520 3521 2583 Christi,
3553 2514 3723 2587 quiChri-

2320 2629 2461 2676 stum
2504 2619 2797 2691 praedicare
2838 2617 3116 2681 simulent,
3161 2626 3214 2672 et
3254 2629 3428 2685 corpus
3467 2610 3611 2667 diaboli
3640 2606 3724 2661 iiut

2320 2713 2453 2781 Quia
2481 2711 2832 2767 mediatorem
2870 2726 2977 2764 non
3003 2710 3169 2765 habet
3196 2706 3443 2770 diabolus,
3474 2698 3727 2774 quibusnodis

2320 2807 2385 2861 de
2412 2802 2653 2858 Ecclesia
2695 2801 2942 2871 decipere
2993 2800 3180 2870 possit,
3221 2797 3320 2853 nisi
3347 2803 3515 2850 tantum
3542 2793 3631 2846 istos
3656 2801 3727 2856 pro-

2319 2897 2508 2968 phetas
2548 2910 2675 2951 suos
2700 2892 2883 2958 falsos,
2931 2893 3027 2962 qui
3055 2892 3322 2948 Christum
3345 2889 3516 2960 publice
3534 2884 3676 2938 lath
3699 2887 3729 2930 et

2319 2989 2529 3060 publice
2559 2987 2872 3058 praedicant,
2904 2992 2959 3040 et
2994 3000 3118 3041 eum
3154 2985 3252 3040 sub
3287 2982 3472 3039 nomine
3490 2969 3731 3066 Christiania

2321 3058 2391 3136 tis
2414 3080 2582 3135 Deum
2628 3093 2748 3134 esse
2794 3083 3014 3147 negant.
3062 3078 3209 3144 Quos
3234 3074 3465 3131 Dominus
3483 3070 3518 3122 in
3543 3058 3732 3128 Evangelia

2320 3172 2737 3245 pseudochristos
2768 3180 2822 3227 et
2858 3170 3328 3242 pseudoprophetas
3350 3162 3543 3236 appellat
3559 3158 3580 3197 δ
3602 3149 3733 3245 Paulo

2322 3243 2591 3329 dicuntur,
2622 3263 2749 3332 quia
2776 3279 2806 3316 a
2837 3274 2895 3317 se
2916 3269 3146 3331 surgunt
3171 3261 3223 3315 in
3248 3258 3478 3315 doctrina.
3507 3259 3545 3307 et
3569 3243 3733 3337 pradice-

2323 3363 2502 3409 torum
2530 3354 2630 3408 sibi
2670 3368 2867 3408 nomen
2894 3359 3198 3414 assumunt,
3234 3360 3287 3405 et
3314 3364 3373 3403 ea
3410 3332 3735 3413 tinguntdeChl'i'

2324 3454 2406 3501 sto
2431 3461 2550 3516 qua:
2579 3460 2609 3499 a
2637 3460 2695 3499 se
2724 3444 3049 3507 didicerunt,
3080 3457 3186 3498 non
3212 3457 3244 3497 a
3273 3439 3479 3496 Christo.
3508 3431 3584 3503 lpsi
3604 3434 3734 3516 septe

2326 3511 2503 3592 ferunt
2534 3536 2790 3608 apostolis
2821 3535 3048 3600 Christi,
3079 3550 3214 3604 quos
3249 3548 3348 3588 non
3373 3522 3614 3599 approbavit
3628 3511 3734 3570 Εοὼέ·
3824 3511 3825 3559 l

2324 3629 2403 3684 sia
2434 3636 2488 3682 et
2515 3627 2675 3698 elegit
2719 3628 2770 3680 in
2814 3626 3195 3696 apostolatum,
3243 3623 3332 3678 sel
3358 3627 3529 3674 tantum
3559 3608 3627 3679 ipsi
3644 3609 3735 3698 sel!l
3824 3644 3825 3659 κ

2325 3716 2476 3772 favor
2499 3716 2807 3786 temporalis
2836 3717 3126 3770 humanus.
3155 3713 3286 3781 Quia
3311 3726 3419 3767 cum
3440 3705 3607 3761 audiunt
3624 3692 3737 3786 selin-

2324 3811 2441 3868 dari
2469 3826 2500 3865 a
2544 3785 2849 3865 carnalibus
2884 3809 3218 3873 hominibus,
3259 3805 3495 3860 aestimant
3524 3785 3739 3885 sequod?”
3824 3858 3825 3869 ,

2323 3903 2459 3958 tales
2507 3903 2703 3957 habeat
2755 3901 2899 3955 intus
2947 3900 3112 3956 Deus.
3166 3900 3269 3954 Pro
3314 3897 3486 3967 quibus
3517 3885 3737 3976 [)OIIlim13_’_ll
3824 3886 3825 3959 ἶ

2322 3993 2644 4066 Apocalypsi
2680 3992 2974 4048 Ecclesiam
3024 4010 3177 4050 suam
3214 3994 3446 4049 admonet
3481 3984 3643 4039 dicens:
3676 3969 3739 4024 Scio

2324 4100 2479 4154 opera
2505 4093 2592 4137 tua
2619 4092 2667 4136 et
2692 4081 2941 4146 laborem,
2976 4091 3025 4135 et
3051 4083 3371 4153 patientiam,
3397 4087 3439 4131 et
3464 4073 3562 4145 quia
3578 4081 3647 4121 nou

2320 4146 2528 4244 portare
2565 4170 2751 4236 malos,
2793 4180 2842 4225 et
2871 4146 3081 4226 tentasti
3120 4188 3206 4226 eos
3238 4171 3323 4243 qui
3361 4184 3406 4224 se
3426 4166 3570 4221 dicunt

2320 4279 2449 4329 esse,
2480 4271 2527 4317 et
2550 4279 2653 4317 non
2679 4272 2817 4326 sunt,
2859 4270 2905 4315 et
2935 4263 3175 4317 invenisti
3196 4279 3279 4316 eos
3300 4257 3551 4315 mendaces,
3573 4257 3605 4301 el
3632 4250 3744 4313 tam"

2320 4358 2447 4410 tiam
2469 4355 2646 4419 habes,
2671 4364 2717 4409 et
2742 4354 3038 4408 sustinuisti
3068 4364 3275 4425 propter
3297 4365 3463 4405 nomen
3482 4354 3627 4400 meum,
3642 4339 3673 4384 ιτ

2322 4446 2575 4515 dcfecisti.
2622 4417 2735 4499 Hoc
2785 4444 2852 4499 de
2906 4444 3040 4514 ipsis
3068 4417 3376 4505 haereticis,
3423 4436 3550 4492 falsis

2323 4508 2700 4607 pseudochristi
2738 4508 2943 4598 dictis;
2967 4534 3169 4589 dictum
3219 4530 3498 4600 accepimus
3530 4521 3614 4575 sine
3642 4508 3745 4607 dubio:

2324 4600 2458 4693 Quia
2488 4624 2587 4693 ipsi
2617 4639 2674 4678 se
2703 4623 2956 4679 ductores
3000 4630 3347 4680 asseruerunt
3381 4612 3598 4674 veritatis,
3621 4613 3657 4660 οι
3680 4600 3747 4693 ευξ

2324 4680 2571 4773 auctores
2600 4716 2751 4785 pravi
2782 4716 3066 4771 mendacii.
3105 4716 3280 4770 Bonos
3306 4729 3361 4770 se
3385 4680 3748 4785 praesumebatad

2324 4807 2424 4879 ipsi
2456 4777 2749 4861 deteriores
2777 4807 3057 4861 dzemoniis
3083 4777 3499 4878 comprobantur.

2325 4876 2466 4955 cium
2495 4913 2683 4953 eorum
2709 4906 2764 4952 et
2787 4876 3471 4967 perversitatemﬁcatholica
3494 4887 3598 4942 ﬁdes
3618 4876 3750 4973 ἰιινθπξν

2325 4998 2379 5045 et
2401 5004 2494 5060 per
2518 4990 2765 5044 toleranti
2788 5006 2857 5045 am
2889 4990 3056 5045 multa
3087 4991 3301 5046 sibimet
3328 4988 3461 5042 illata
3824 4970 3825 5001 ᾗ

2325 5080 2460 5134 nuit.
2512 5078 2761 5143 Tentasti,
2807 5078 3001 5149 inquit,
3053 5097 3159 5135 eos.
3211 5078 3324 5133 Non
3365 5079 3585 5130 tentatur.
3615 5060 3752 5149 niSiqf'

2326 5171 2471 5226 intus
2499 5182 2622 5225 sunt
2651 5171 2703 5224 in
2731 5170 2994 5226 Ecclesia.
3025 5171 3128 5237 Qui
3154 5171 3295 5226 enim
3316 5167 3441 5223 foris
3463 5167 3581 5237 sunt.
3603 5136 3755 5208 εί⁰θ¹¹η⁰

2327 5271 2659 5317 ινηιειιηθιιιο
2686 5261 2819 5317 foris
2844 5279 2963 5319 esse
2986 5262 3253 5318 manifesti
3279 5268 3412 5322 sunt,
3442 5269 3528 5311 nec
3544 5261 3615 5305 θῦε
3633 5239 3756 5322 "5"?"

2326 5369 2461 5424 opus
2487 5365 2587 5409 est.
2635 5355 2783 5410 Intus
2814 5364 3053 5410 tentatur
3080 5355 3338 5418 Ecclesia,
3385 5351 3496 5421 quia
3521 5345 3631 5399 intus

2328 5422 2409 5505 sia
2452 5456 2535 5503 est
2569 5448 2820 5504 haeretica
2865 5449 3123 5519 pravitas,
3162 5464 3192 5503 a
3235 5462 3337 5518 qua
3375 5422 3758 5521 vastaturEOﬂlf‘ﬁ'

2328 5540 2468 5595 sicut
2501 5540 2567 5594 de
2600 5554 2664 5594 ea
2690 5505 2952 5597 Dominus
2977 5541 3030 5596 in
3061 5505 3163 5595 hoc
3185 5505 3322 5595 libro
3347 5534 3501 5593 dicit:
3531 5524 3626 5621 Scio

2328 5631 2481 5695 bitas,
2519 5631 2606 5685 ubi
2635 5631 2782 5686 sedes
2816 5642 2890 5686 est
2917 5631 3149 5687 Satanw.
3193 5630 3356 5685 Sedes
3382 5626 3565 5682 Satante
3587 5609 3758 5682 ipsis”

2401 5721 2427 5760 ι»
2448 5720 2651 5786 Ψεῦδος,
2678 5722 3031 5788 mendacium,
3058 5720 3281 5776 falsitas.
