3952 6318
269 368 389 425 989

949 365 1224 425 ΗΕΤΕΒΠ
1262 369 1348 425 ΕΤ
1387 371 1446 426 S.
1487 371 1687 426 BEATI
1719 371 1804 424 ΑΙ]

1909 371 2240 430 LIPANDUM
2279 371 2496 432 EPIST.
2535 405 2606 418 --
2641 377 2769 434 LIB.
2808 379 2872 436 ll.

260 480 573 552 doapostoli
611 489 756 550 sant,
795 480 850 534 in
877 480 1074 550 quibus
1099 481 1248 536 sedet
1273 483 1328 536 in
1366 479 1602 537 Ecclesia
1625 478 1844 544 Christi,
1879 483 1922 538 Α
1953 479 1996 535 si
2035 491 2218 552 aperte
2254 491 2312 537 ut
2350 484 2512 540 draco
2553 485 2883 555 loqueretur.
2921 488 3074 548 Nunc
3100 509 3295 566 agnum
3327 515 3386 556 se
3422 503 3523 560 an.

256 583 320 628 et
364 573 616 628 Christus
658 587 755 642 per
789 587 884 626 ora
927 571 1138 626 illorum
1181 572 1521 640 praedicatur,
1566 578 1620 624 et
1667 579 1846 634 tamen

254 664 520 720 Christus
567 665 632 717 de
665 662 746 718 eis
781 677 888 718 nun
917 662 1190 730 loquitur;
1243 671 1296 714 et
1337 660 1607 729 apostolos
1643 657 1844 714 Christi

255 770 324 808 se
367 755 551 809 dicunt
593 767 732 815 esse,
780 759 836 806 et
872 749 1098 822 apostoli
1141 766 1246 804 non
1275 758 1420 814 sunt,
1468 751 1561 804 sed
1590 748 1755 817 decep
1781 764 1842 803 os

257 843 522 898 Ecclesia:
545 851 692 908 sunt,
731 842 856 912 quia
879 858 985 896 non
1013 841 1292 895 imitantur
1313 839 1582 909 apustolos
1615 837 1836 904 Christi,

250 952 494 1006 quorum
520 937 621 991 sibi
651 951 848 992 nomen
873 935 1122 991 falsitatis
1149 937 1536 1006 imposuerunt.

326 1027 516 1082 XVIII.
555 1027 787 1083 Proinde
843 1027 1132 1098 Apostolus
1175 1029 1242 1084 ad
1289 1027 1596 1084 Corinthios
1642 1026 1771 1082 dicit
1817 1045 1832 1080 :

1951 572 2054 641 git,
2086 589 2194 643 quo
2221 590 2416 645 agnum
2445 592 2691 634 securum
2715 580 2920 636 defoset
2949 583 3088 655 (sic).
3133 587 3215 642 Ad
3251 589 3420 648 Deum
3444 594 3522 652 lo-

1946 663 2146 732 quitur,
2195 666 2286 720 sed
2329 667 2694 735 mendacxum,
2744 687 2902 741 quem
2948 673 3270 748 sibillngit,
3313 696 3420 738 non
3457 699 3521 742 ea

1944 755 2174 813 ratione.
2193 757 2330 812 sicut
2355 758 2632 829 Scriptura
2659 762 2806 816 dicit.
2838 761 2918 818 Ad
2947 765 3112 820 Deum
3138 765 3396 838 loquitur,
3423 789 3520 845 per

1941 847 2082 916 quod
2102 861 2225 901 eum
2267 860 2567 918 qumrentes
2595 867 2626 906 a
2651 852 2736 908 via
2762 855 3004 910 veritatis
3039 865 3264 914 avertat.
3307 861 3410 918 Hic
3434 863 3518 934 [a-

1941 943 2117 989 cturus
2143 946 2216 990 est
2244 939 2393 1007 signa
2423 939 2477 993 in
2508 952 2782 1010 conspectu
2809 943 3098 1010 hominum,
3128 956 3188 1002 ut
3221 957 3277 1004 et
3318 951 3516 1008 mortui

1934 1022 2221 1078 vidcantur
2261 1041 2502 1098 surgere.
2553 1029 2610 1084 id
2647 1039 2748 1094 est,
2793 1047 2890 1102 per
2927 1033 3044 1102 ejus
3075 1038 3513 1104 pradicationem

251 1117 440 1174 Timeo
471 1129 674 1184 autem,
713 1137 777 1174 ne
812 1121 944 1174 sicut
969 1136 1175 1190 serpens
1209 1117 1372 1173 Evam
1403 1119 1596 1188 decepit
1637 1118 1834 1172 astutia
1933 1116 2084 1184 quasi
2109 1117 2260 1172 multi
2283 1118 2567 1174 videantur
2585 1133 2919 1190 convertere,
2946 1135 3001 1180 et
3038 1141 3070 1182 a
3114 1131 3306 1187 mortis
3346 1147 3510 1203 opere

245 1223 375 1274 sua,
432 1211 507 1265 ita
539 1220 939 1281 corrumpantur
997 1227 1176 1264 sensus
1214 1211 1384 1274 vestri,
1425 1218 1480 1264 ut
1521 1208 1761 1264 excidant
1797 1226 1831 1262 a

241 1303 585 1373 simplicitate
608 1311 657 1356 et
685 1303 922 1356 castitate
943 1317 1060 1371 qua:
1085 1311 1159 1354 est
1181 1301 1236 1354 in
1275 1299 1478 1354 Christo
1503 1299 1651 1353 Jesu.
1685 1297 1826 1352 Nam

236 1395 291 1446 si
322 1394 370 1446 is
417 1393 507 1464 qui
537 1393 670 1446 venit
703 1391 773 1445 ad
806 1408 893 1445 vos
914 1431 928 1455 ,
967 1401 1014 1445 et
1051 1389 1212 1444 alium
1248 1387 1508 1444 Christum
1553 1388 1823 1459 prtrdicat,

1157 1490 1246 1536 aut
1277 1483 1322 1538 si
1357 1481 1519 1536 alium
1561 1481 1822 1536 Christum

235 1579 517 1649 accepistis
541 1617 558 1642 ,
591 1593 743 1648 quem
771 1594 875 1630 non
905 1576 1196 1646 accepimus
1221 1591 1240 1628 .'
1275 1584 1365 1628 aut
1390 1574 1553 1627 alium
1583 1573 1821 1643 Evange-

232 1669 278 1722 li
286 1686 394 1732 um,
420 1683 571 1739 quem
603 1684 705 1721 non
731 1666 1010 1736 recepistis,
1042 1675 1174 1719 recte
1193 1664 1518 1736 pateremini.
1559 1663 1818 1718 Existimo

235 1481 401 1556 quem
453 1501 558 1538 non
599 1484 878 1556 pra-dicavi
914 1484 1050 1538 vobis
1089 1499 1108 1537 :

228 1758 378 1812 enim
426 1755 556 1810 nihil
586 1757 757 1810 minus
794 1755 974 1825 fecisse
1002 1772 1082 1808 me
1122 1755 1177 1808 in
1213 1754 1351 1809 vobis
1390 1772 1422 1807 a
1446 1754 1648 1824 magnis
1686 1771 1813 1823 apo-

1934 1219 2216 1278 resurgere
2257 1227 2268 1261 :
2317 1209 2410 1264 sed
2437 1219 2644 1266 tantum
2671 1214 2726 1268 in
2765 1228 3054 1286 conspectu
3091 1221 3368 1278 hominum
3417 1223 3506 1280 illa

1930 1297 2254 1352 resurrectio
2294 1300 2523 1354 videtur.
2575 1301 2710 1358 Nam
2749 1305 2929 1362 nullus
2955 1307 3334 1365 haereticorum
3363 1312 3503 1368 (ilius

1929 1387 1996 1442 ad
2039 1387 2272 1444 fructum
2309 1391 2435 1445 boni
2478 1394 2656 1462 operis
2693 1395 3025 1465 perducitur,
3072 1402 3161 1470 qui
3199 1415 3295 1457 eos
3339 1401 3499 1458 fuerit

1925 1476 2184 1534 imitatus.
2229 1479 2465 1536 Terrena
2509 1482 2652 1538 enim
2699 1487 2962 1556 sapientia
3005 1489 3220 1546 illorum
3258 1502 3358 1557 est,
3392 1510 3497 1550 non

1921 1569 2188 1636 cmlestis;
2215 1579 2268 1626 et
2291 1581 2451 1629 terrae
2474 1575 2612 1631 ﬁlios
2637 1589 2890 1648 generat,
2919 1596 3041 1636 cum
3071 1597 3254 1639 semen
3281 1585 3494 1642 caeleste

1919 1663 2191 1734 Evangelii
2232 1665 2286 1719 in
2323 1682 2482 1722 sensu
2511 1669 2714 1724 carnali
2744 1679 2960 1728 terreno
2993 1689 3153 1730 sensu
3185 1686 3493 1748 aspergunt.

1917 1753 2207 1826 Pmpterea
2247 1755 2505 1814 Dominus
2553 1760 2804 1816 admonet
2839 1759 3136 1819 Ecclesiam
3179 1783 3330 1822 suam
3355 1808 3370 1832 ,
3406 1770 3492 1823 di-

227 1847 407 1902 stolis.
442 1847 510 1900 Et
555 1849 601 1901 si
634 1848 902 1918 imperitus
938 1863 1192 1909 sermone,
1220 1863 1322 1900 non
1363 1855 1539 1900 tamen
1573 1847 1810 1899 scientia.
1848 1847 1890 1904 Β
1916 1858 2081 1899 cens:
2107 1843 2290 1900 Cavete
2315 1865 2346 1900 a
2374 1849 2856 1921 pseudoprophetis,
2877 1855 2967 1924 qui
2997 1855 3202 1910 veniunt
3227 1857 3296 1911 ad
3321 1875 3407 1912 υοδ
3433 1860 3496 1914 in

226 1938 370 1994 Item
406 1939 480 1994 ibi
509 1947 700 1994 contra
747 1939 892 2008 ipsos
939 1937 1105 1993 falsos
1135 1937 1406 2006 apostolos
1442 1937 1572 1992 dicit
1609 1955 1622 1991 :
1665 1935 1818 2003 Quod
1917 1937 2096 1990 vestitu
2145 1937 2334 2002 ovium,
2382 1939 2692 1995 intrinsecus
2723 1952 2894 1997 autem
2943 1955 3063 2000 sunt
3111 1945 3220 2018 lupi
3256 1965 3491 2020 rapaces.

224 2039 412 2084 autem
464 2029 632 2099 facio,
690 2039 738 2083 et
793 2030 1015 2099 faciam,
1066 2038 1121 2082 ut
1183 2036 1442 2098 amputem
1493 2027 1815 2080 occasionem

221 2135 418 2172 eorum
458 2119 546 2190 qui
591 2118 763 2173 volunt
813 2120 1131 2173 occasionem
1184 2133 1204 2171 :
1260 2126 1314 2170 ut
1363 2115 1454 2187 qui
1501 2114 1812 2186 gloriantur,

219 2208 372 2264 tales
396 2209 718 2265 inveniantur
741 2210 874 2264 sicut
903 2219 948 2263 et
973 2225 1086 2262 nos.
1138 2207 1279 2262 Nam
1307 2205 1564 2276 ejusmodi
1593 2205 1814 2275 pseudo-

218 2295 462 2366 apostoli
486 2299 706 2368 operarii
727 2297 932 2352 subdoli
959 2295 1393 2366 transﬁgurantes
1424 2311 1478 2349 se
1507 2297 1562 2349 in
1598 2303 1811 2365 aposto-

219 2386 312 2442 los
340 2387 565 2454 Christi;
588 2399 633 2443 et
657 2405 762 2444 non
781 2389 965 2443 miror.
1005 2388 1126 2459 Ipse
1163 2389 1300 2443 enim
1337 2388 1568 2444 Satanas
1592 2385 1808 2454 transﬁ-

217 2487 388 2548 gurat
415 2495 470 2534 se
492 2481 546 2533 in
573 2478 812 2551 angelum
845 2479 996 2536 lucis.
1043 2480 1167 2534 Non
1213 2488 1289 2533 est
1328 2495 1450 2550 ergo
1481 2494 1728 2548 magnum
1763 2479 1810 2531 si

217 2570 456 2623 ministri
482 2570 596 2640 ejus
633 2572 1072 2642 transﬁgurentur
1113 2569 1246 2625 velut
1277 2569 1504 2624 ministri
1538 2569 1764 2639 justitia:
1787 2586 1806 2624 :

215 2660 450 2728 quorum
479 2661 602 2729 linis
625 2672 701 2716 est
722 2662 1003 2716 secundum
1022 2678 1177 2731 opera
1198 2662 1449 2731 ipsorum.

303 2749 442 2804 XIX.
485 2750 651 2806 Recte
677 2767 806 2820 ergo
831 2753 886 2807 hi
922 2752 1314 2822 pseudochristi
1343 2751 1499 2804 tertia
1528 2765 1656 2820 pars
1685 2765 1806 2805 cor-

215 2840 377 2908 poris
401 2848 484 2894 est
525 2840 875 2908 Antichristi,
921 2857 1041 2912 quae
1085 2841 1189 2894 alia
1228 2841 1424 2896 dicitur
1447 2842 1640 2896 bestia.
1674 2840 1804 2908 Qui!)

216 2931 334 2985 alia
392 2947 499 2986 non
534 2932 834 3000 diceretur,
891 2936 934 2990 si
984 2940 1170 3004 aperte
1213 2933 1351 2988 mala
1403 2933 1668 2998 fuissent,
1709 2943 1802 2988 aut

217 3027 372 3083 intra
407 3027 702 3083 Ecclesium
735 3043 840 3082 non
870 3025 1127 3092 fuissent,
1167 3033 1258 3080 aut
1295 3027 1636 3081 sanctitatem
1677 3024 1801 3080 reli-

214 3121 402 3192 gionis
427 3118 788 3174 simulassent.
835 3115 1068 3170 Proinde
1093 3115 1228 3170 dixit
1256 3133 1270 3169 :
1299 3114 1366 3168 Et
1393 3114 1497 3168 vidi
1522 3113 1682 3168 aliam
1713 3114 1800 3167 be-

211 3213 377 3266 stiam
404 3207 761 3262 ascendentem
796 3205 860 3259 de
896 3215 1034 3259 terra
1073 3221 1092 3259 :
1131 3215 1176 3258 et
1221 3204 1442 3258 habebat
1471 3221 1667 3258 cornua
1693 3204 1798 3258 duo

214 3300 348 3371 agni
396 3295 591 3352 similia
635 3312 653 3350 :
696 3304 742 3349 et
778 3293 1083 3366 loquebatur
1108 3293 1258 3364 quasi
1293 3293 1492 3346 draco:
1524 3301 1570 3346 et
1597 3307 1798 3345 omnem

121 3418 126 3424 ·
211 3401 526 3465 potestatem
573 3391 764 3462 prioris
812 3389 986 3442 bestiae
1032 3387 1276 3458 faciebat.
1337 3385 1396 3440 Id
1445 3393 1556 3450 est,
1604 3385 1800 3456 prioris

214 3485 405 3556 populi
441 3494 497 3540 et
539 3483 768 3547 diaboli,
810 3497 968 3552 quem
997 3497 1156 3552 supra
1196 3479 1428 3534 diximus
1465 3479 1589 3547 quia
1627 3486 1796 3532 totum

217 3579 280 3632 in
325 3589 552 3645 corpore
601 3590 708 3628 una
747 3572 919 3626 bestia
964 3579 1066 3634 est,
1120 3571 1212 3624 sed
1251 3570 1303 3624 in
1351 3568 1578 3624 actionis
1621 3566 1798 3622 cilicio

214 3667 502 3739 bipartita.
540 3665 609 3719 Et
645 3663 793 3718 illam
836 3662 960 3718 vidit
1008 3660 1284 3716 ascendere
1327 3659 1390 3712 de
1425 3659 1558 3712 mari
1588 3673 1606 3712 ε
1642 3657 1795 3711 istam

214 3777 340 3816 vero
361 3759 426 3812 de
451 3769 611 3812 terra.
649 3755 753 3810 Sed
779 3755 921 3810 aliud
949 3753 1060 3824 agit
1086 3767 1254 3817 mare,
1287 3751 1431 3806 aliud
1460 3760 1624 3804 terra.
1661 3748 1797 3804 Nam

215 3868 375 3906 mare
414 3849 637 3905 ﬂuctuat
664 3889 679 3914 ,
731 3856 876 3903 terra
915 3862 1042 3900 vero
1085 3845 1265 3915 quieta
1311 3852 1413 3899 est.
1470 3842 1616 3897 Mare
1653 3843 1796 3896 enim

214 3942 431 4012 intellig
455 3951 542 3994 tur
569 3939 796 4010 populus
819 3939 974 3992 istius
997 3937 1173 3992 saeculi
1198 3945 1381 4006 aperte
1403 3935 1594 3990 malus.
1629 3934 1796 3989 Terra

217 4047 358 4087 vero
394 4031 577 4100 religio
615 4039 697 4085 est
737 4029 870 4084 falsa
909 4037 963 4083 et
999 4029 1247 4082 haeretica
1277 4029 1541 4096 pravitas,
1569 4027 1661 4097 qni
1697 4027 1797 4081 sub

214 4123 446 4179 nomine
475 4123 770 4178 sanc;itatis
802 4137 908 4175 non
937 4121 1187 4175 videntur
1210 4121 1262 4174 in
1290 4119 1482 4174 saeculo
1517 4120 1790 4182 ﬂuctuare,

213 4214 317 4270 sed
340 4215 494 4284 quasi
527 4214 761 4282 quietem
795 4227 853 4267 se
895 4227 1052 4281 agere
1076 4251 1091 4274 ,
1121 4225 1220 4280 pro
1249 4226 1355 4279 quo
1383 4211 1590 4279 possint
1619 4211 1797 4266 Eccle-

213 4305 358 4359 siam
403 4303 677 4358 simulare.
735 4301 882 4356 lllam
933 4301 1066 4354 vidit
1113 4300 1402 4354 ascendere
1459 4301 1688 4354 bestiam
1731 4301 1797 4355 de

218 4407 396 4446 mare.
430 4390 486 4444 ω
511 4399 616 4456 est,
653 4390 906 4460 populum
948 4389 1096 4444 nasci
1127 4388 1192 4444 de
1237 4387 1448 4458 populo,
1481 4389 1604 4457 quia
1649 4403 1794 4442 sem-

213 4496 321 4552 per
359 4481 458 4536 fuit
497 4481 670 4536 malus
709 4481 952 4551 populus.
993 4481 1062 4534 Et
1100 4494 1312 4548 semper
1341 4478 1582 4532 nascitur
1602 4479 1790 4543 malus,

213 4572 316 4641 qui
340 4586 552 4642 semper
581 4573 776 4627 dicitur
799 4571 989 4627 bestia.
1014 4571 1105 4625 Sic
1141 4580 1194 4625 et
1221 4570 1378 4623 aliam
1406 4570 1634 4624 bestiam
1663 4570 1796 4624 vidit

213 4665 512 4720 ascendere
539 4665 605 4719 de
635 4672 806 4728 terra,
853 4679 957 4718 non
989 4661 1312 4718 descendere
1355 4661 1420 4716 de
1455 4661 1612 4718 coelo.
1661 4661 1792 4715 Nam

209 4753 519 4810 Jerusalem
547 4753 780 4808 cmlestis
810 4769 1022 4823 semper
1050 4753 1116 4808 de
1147 4752 1284 4807 coelo
1329 4753 1380 4806 in
1414 4760 1556 4806 terra
1581 4753 1798 4807 descen-

211 4851 333 4910 det,
359 4849 488 4918 quia
535 4847 631 4904 lilii
665 4849 746 4903 sui
793 4865 1004 4919 semper
1033 4849 1086 4903 in
1129 4848 1428 4904 humilitate
1478 4859 1771 4903 nascuntur

211 4939 433 4995 Pseudo
461 4953 588 4994 vero
614 4939 871 5008 propheta
891 4939 956 4993 de
979 4947 1118 4992 terra
1140 4939 1412 5003 ascendet,
1435 4940 1558 5008 quia
1585 4954 1796 5008 semper

211 5033 290 5088 de
317 5039 534 5086 terreno
561 5046 754 5101 genere
793 5030 1072 5101 gloriatur.
1118 5030 1194 5084 De
1224 5038 1362 5084 terra
1391 5033 1587 5100 quippe
1614 5045 1773 5084 ascen

211 5124 368 5182 dere,
405 5132 487 5176 est
517 5121 582 5176 de
611 5129 822 5176 terrena
852 5119 1018 5190 gloria
1053 5118 1250 5172 elevari
1280 5125 1334 5172 et
1375 5118 1660 5172 sanctitate
1696 5116 1790 5171 ful-

211 5215 341 5270 ciri.
374 5212 606 5268 Proinde
626 5221 682 5269 et
701 5213 874 5268 bestia
901 5220 984 5266 est
1003 5251 1018 5276 ,
1051 5221 1099 5264 et
1136 5210 1240 5264 duo
1266 5226 1463 5263 cornua
1487 5209 1608 5279 agni
1645 5209 1794 5262 simi-

211 5305 300 5360 lia
331 5305 500 5360 habet.
548 5304 606 5359 ld
648 5311 763 5366 est,
789 5305 893 5360 duo
917 5310 1232 5358 testamenta
1261 5301 1393 5371 legis
1413 5308 1466 5355 et
1499 5299 1795 5370 Evangelii,

213 5412 323 5468 per
343 5412 464 5467 qua
492 5399 814 5469 prophetare
853 5410 911 5452 se
951 5393 1168 5450 simulat
1197 5401 1256 5447 ut
1284 5393 1424 5446 inter
1447 5407 1574 5446 suos
1599 5405 1794 5461 agnum

213 5502 282 5544 se
308 5486 564 5556 proferat.

293 5577 416 5633 XX.
455 5577 523 5632 Et
551 5577 857 5650 loquebatur
879 5578 1030 5649 quasi
1055 5577 1237 5629 draco.
1265 5572 1390 5628 Haec
1417 5579 1499 5627 est
1529 5571 1614 5624 illa
1643 5571 1796 5626 sedu-

213 5668 421 5726 ctioad
459 5671 647 5726 Deum.
685 5669 894 5740 Agnnm
928 5685 986 5725 se
1012 5667 1236 5738 profert,
1261 5665 1403 5736 quod
1434 5663 1684 5720 draconis
1704 5679 1796 5718 ve-

215 5774 363 5820 nena
411 5759 640 5815 latenter
671 5761 890 5814 inserat.
930 5758 1066 5830 Agni
1095 5758 1238 5812 enim
1267 5755 1458 5813 similis
1488 5771 1591 5810 non
1628 5763 1790 5818 esset,

1915 2024 2050 2094 Lupi
2075 2026 2204 2095 quid
2231 2027 2536 2096 significare
2562 2031 2862 2095 videantur,
2905 2035 3162 2090 debemus
3185 2037 3487 2094 advertere.

1913 2117 2106 2172 Bestia:
2152 2134 2382 2189 namque
2433 2131 2576 2184 sunt,
2615 2123 2704 2192 qui
2759 2124 3086 2180 insidiantur
3129 2127 3322 2182 ovibus
3371 2144 3490 2198 quae

1913 2208 2056 2262 circa
2086 2209 2384 2278 pastorales
2415 2219 2701 2265 versantur
2729 2211 2930 2277 caulas,
2963 2213 3269 2268 habitacula
3297 2215 3486 2270 domo-

1911 2313 2030 2352 rum
2055 2297 2255 2353 intrare
2281 2315 2386 2353 non
2415 2299 2631 2354 audent.
2657 2299 2918 2354 Somnum
2942 2316 3158 2367 canum,
3184 2305 3483 2362 absentiam

1911 2396 2004 2444 aut
2037 2389 2310 2460 pigritiam
2355 2390 2586 2458 pastoris
2626 2390 2928 2460 explorant.
2967 2389 3159 2446 Ovium
3185 2401 3372 2462 guttur
3398 2395 3483 2450 in-

1909 2482 2124 2542 vadunt,
2155 2487 2214 2534 ut
2241 2479 2349 2534 cito
2395 2479 2745 2549 strangulent.
2787 2479 2928 2541 Feri,
2969 2496 3212 2550 rapaces,
3242 2483 3480 2554 itemque

1907 2582 2098 2628 natura
2131 2571 2374 2640 corporis
2410 2569 2697 2640 rigidioris,
2747 2579 2806 2624 ut
2843 2585 2902 2625 se
2935 2570 3090 2626 facile
3133 2589 3238 2628 non
3274 2576 3480 2644 pOSsint

1906 2663 2176 2720 inﬂectere
2200 2703 2214 2728 ,
2247 2663 2450 2730 impetu
2477 2662 2708 2730 quodam
2747 2676 2846 2716 suo
2889 2661 3150 2726 feruntur,
3184 2672 3240 2720 et
3267 2666 3386 2720 ideo
3421 2681 3481 2723 se

1903 2753 2212 2822 palliantur.
2259 2749 2411 2805 Tunc
2445 2757 2738 2819 praeterea,
2783 2750 2827 2804 si
2863 2765 3021 2819 quem
3064 2752 3272 2822 priores
3306 2755 3482 2808 homi-

1903 2859 2028 2899 nem
2051 2842 2283 2898 viderint
2307 2882 2322 2907 ,
2365 2855 2554 2896 vocem
2582 2839 2696 2910 ejus
2733 2840 2964 2908 quadam
2992 2848 3198 2897 naturte
3222 2842 3272 2896 vi
3300 2841 3482 2898 ferun-

1902 2947 1992 2992 tur
2017 2937 2247 3006 eripere.
2287 2933 2345 2990 Si
2373 2941 2551 2988 autem
2597 2933 2759 2987 homo
2787 2933 2938 3001 prius
2963 2947 3058 2988 eos
3088 2933 3311 2999 viderit,
3351 2949 3479 2990 exa-

1900 3029 2101 3100 gitasse
2131 3031 2480 3080 memoratur.
2521 3023 2590 3077 Et
2635 3022 2754 3076 ideo
2796 3023 3093 3077 cavendum
3128 3023 3260 3077 mihi
3294 3031 3378 3078 est
3409 3038 3476 3078 ne

1901 3121 1944 3176 si
2001 3121 2054 3174 in
2100 3118 2360 3173 hodierno
2401 3123 2629 3169 tractatu
2685 3113 3042 3184 spiritualium
3093 3114 3476 3184 mysteriorum

1827 3187 1872 3250 (ἶ
1900 3209 2073 3281 gratia
2101 3224 2204 3264 non
2239 3207 2476 3276 potuerit
2497 3203 2782 3274 refulgere,
2816 3205 2925 3274 lupi
2952 3218 3038 3258 me
3075 3205 3224 3273 prius
3269 3205 3470 3260 vidisse

1897 3302 2206 3364 credantur,
2233 3305 2287 3352 et
2313 3297 2553 3352 solemne
2583 3294 2731 3349 vocis
2753 3293 3046 3349 extorsisse
3076 3293 3356 3348 auxilium.

1965 3473 2108 3530 XXI.
2148 3471 2336 3527 Nonne
2365 3469 2473 3539 lupi
2498 3467 2632 3523 estis
2671 3466 2761 3522 isti
2799 3466 2891 3536 qui
2931 3465 3250 3519 insidiantur
3279 3465 3474 3521 ovibus

1897 3564 2138 3622 Christi?
2171 3563 2430 3617 Fremunt
2461 3559 2604 3614 circa
2631 3559 2814 3614 caulas
2842 3563 3106 3612 nocturno
3133 3557 3303 3626 magis
3335 3563 3476 3610 tem-

1895 3671 2025 3726 pore
2058 3669 2218 3724 quam
2243 3653 2455 3708 diurno.
2507 3649 2798 3712 Nocturno,
2830 3646 2956 3718 quia
2991 3647 3134 3701 inter
3157 3647 3469 3717 ignorantes

1894 3749 2187 3820 praedicant
2231 3763 2244 3798 :
2307 3743 2446 3814 quoi
2495 3756 2594 3811 per
2643 3740 2783 3796 diem
2835 3736 3012 3792 facere
3061 3752 3168 3791 non
3217 3745 3468 3805 possunt,

1895 3840 2019 3910 quia
2091 3854 2121 3892 a
2189 3834 2523 3906 sapientibus
2583 3829 3078 3900 deprehenduntur.
3149 3825 3262 3880 Nox
3322 3827 3476 3898 igno-

1895 3933 2068 3989 rantia
2096 3941 2196 3996 est,
2233 3937 2288 3984 et
2332 3929 2447 3984 dies
2486 3924 2769 3995 sapientia.
2818 3921 3044 3989 Semper
3069 3920 3212 3974 enim
3251 3919 3469 3989 perfidis

1895 4045 2000 4084 nox
2040 4034 2154 4088 est,
2200 4022 2289 4094 qui
2322 4021 2496 4075 lucem
2534 4015 2734 4072 Christi
2763 4013 2875 4068 suis
2904 4011 3176 4066 nebulosis
3211 4012 3474 4082 interpre-

1897 4118 2188 4175 tationibus
2230 4113 2498 4168 obducere
2543 4116 2616 4172 et,
2653 4113 2910 4175 quantum
2950 4103 3004 4156 in
3049 4102 3179 4170 ipsis
3227 4110 3336 4164 est,
3390 4103 3474 4156 fu-

1895 4223 2046 4265 scare
2071 4213 2352 4260 conantur.
2400 4199 2697 4256 Versantur
2725 4208 2855 4262 ergo
2883 4193 3026 4247 circa
3053 4190 3238 4246 caulas
3256 4231 3270 4254 ,
3305 4191 3358 4246 id
3387 4203 3472 4248 est

1893 4299 2037 4354 circa
2079 4303 2283 4364 septem
2330 4289 2617 4344 Ecclesias.
2666 4283 2889 4340 Stabula
2926 4291 3103 4337 tamen
3149 4282 3350 4336 Christi
3391 4283 3478 4336 in-

1895 4399 2041 4445 trare
2086 4401 2194 4440 non
2236 4383 2450 4442 audent,
2482 4380 2534 4434 id
2582 4387 2666 4432 est
2715 4377 2770 4431 in
2822 4375 3156 4438 Ecclesiam,
3207 4387 3327 4442 qua:
3379 4372 3470 4427 lux

1897 4488 1997 4544 est,
2031 4479 2233 4533 intrare
2261 4489 2366 4529 non
2403 4476 2758 4542 prmsumunt.
2797 4466 2865 4520 Et
2904 4466 3023 4520 ideo
3050 4479 3157 4518 non
3189 4473 3475 4529 sanantur,

1897 4572 2020 4644 quia
2048 4569 2103 4624 in
2148 4566 2417 4622 stabulum
2443 4576 2594 4618 suum
2628 4575 2733 4614 non
2766 4557 2879 4612 vult
2906 4555 3156 4610 Christus
3188 4569 3282 4608 eos
3317 4553 3480 4608 indu-

1895 4641 2019 4719 cere
2043 4701 2058 4726 ,
2107 4660 2159 4714 in
2201 4671 2308 4726 quo
2335 4661 2552 4709 curatus
2585 4659 2664 4706 est
2693 4648 2780 4704 ille
2805 4687 2820 4710 ,
2847 4647 2938 4714 qui
2966 4644 3032 4698 de
3058 4641 3352 4698 Jerusalem
3381 4643 3479 4697 de-

1894 4752 2159 4815 scendens,
2206 4748 2386 4804 incidit
2421 4747 2475 4799 in
2526 4742 2770 4802 latrones,
2811 4752 2980 4808 quem-
3010 4733 3305 4790 vulneribus
3351 4732 3484 4788 alli-

1895 4846 2029 4916 gitis
2083 4840 2261 4910 infuso
2305 4837 2416 4890 oleo
2465 4842 2510 4887 et
2570 4833 2687 4884 vino
2751 4828 3020 4895 imponens
3068 4825 3122 4877 in
3169 4823 3476 4894 iumentum

1896 4914 2048 4988 suum
2081 4931 2450 4987 Samaritanus
2487 4921 2592 4977 ille.
2633 4920 2688 4976 id
2727 4927 2810 4973 est
2833 4958 2848 4983 ,
2886 4915 3134 4970 Christus
3161 4914 3214 4968 in
3243 4929 3480 4985 corpore

1897 5039 2014 5087 suo,
2064 5022 2214 5076 duxit
2266 5021 2321 5073 in
2361 5015 2660 5078 stabulum,
2709 5019 2762 5067 et
2809 5013 3107 5068 sanandum
3153 5007 3477 5074 stabulario,

1899 5114 1952 5167 id
2000 5120 2081 5168 est
2121 5110 2370 5180 episcopo
2415 5113 2644 5170 sancto,
2692 5101 2996 5171 dereliquit.
3047 5101 3163 5156 Non
3201 5100 3473 5170 accipiunt

1897 5219 2026 5276 ergo
2077 5201 2396 5257 medicinam
2437 5199 2529 5269 qui
2575 5197 2841 5252 medicum
2892 5211 3001 5250 non
3051 5193 3352 5264 requirunt.
3412 5187 3477 5243 Si

1897 5295 2042 5349 enim
2079 5292 2448 5362 requirerent,
2490 5304 2598 5343 non
2645 5295 2830 5357 aperte
2863 5287 3227 5341 detraherent.
3277 5280 3474 5350 Explo-

1902 5394 2024 5440 rant
2046 5383 2279 5454 pastoris
2305 5381 2601 5436 absentiam
2632 5397 2646 5433 :
2676 5388 2729 5434 et
2773 5378 2894 5434 ideo
2929 5386 3172 5448 pastores
3209 5372 3476 5428 Ecclesia-

1902 5489 2022 5530 rum
2049 5473 2134 5528 vel
2161 5471 2406 5526 occidere
2429 5511 2446 5536 ,
2485 5469 2570 5524 vel
2619 5469 2674 5523 in
2719 5469 2968 5524 exsilium
2999 5469 3216 5522 mittere
3251 5469 3479 5518 conten-

1882 5562 2062 5629 'dunt,
2091 5563 2217 5634 quia
2243 5561 2597 5631 praesentibus
2621 5559 2930 5630 pastoribus
2949 5599 2964 5622 ,
2995 5571 3124 5614 oves
3147 5551 3348 5611 Christi
3378 5549 3474 5604 de-

1900 5657 2076 5713 fosare
2111 5670 2215 5710 non
2255 5659 2496 5724 possunt.
2548 5651 2792 5722 Spoliare
2834 5665 2964 5720 ergo
2995 5660 3209 5720 gregem
3254 5637 3473 5698 Domini

1900 5757 2054 5819 rapto
2101 5753 2318 5818 pastore
2379 5749 2602 5800 conatur
2625 5783 2644 5809 ,
2693 5742 2785 5812 qui
2834 5753 3095 5810 corporea
3145 5743 3304 5803 atque
3352 5744 3472 5784 car-
