3952 6318
632 265 730 322 99!

1439 265 1840 332 ELIPANDUS,
1881 265 2105 331 FELIX,
2143 263 2487 327 IIETERIUS
2523 271 2611 326 ET
2647 273 2706 328 S.
2747 275 3032 334 BEATUS.
3643 302 3706 358 993

631 393 752 443 nea,
783 390 810 418 ι
856 377 980 446 quia
1023 391 1130 432 non
1173 374 1468 446 spiritualia
1515 377 1710 434 mentis
1733 378 2030 434 intentione
2055 417 2069 442 ,
2222 379 2266 436 Δ
2297 391 2506 480 semper
2528 382 2828 480 intendens.
2861 386 2992 480 Nam
3022 389 3088 445 de
3112 406 3171 446 ea
3197 394 3423 456 Dominus
3443 405 3546 461 dicit
3572 424 3583 464 :
3617 414 3704 480 ριο.

629 467 750 522 duri
779 482 844 521 ac
875 466 1034 536 rigidi
1069 481 1410 538 nequaquam
1450 469 1624 524 solent
1669 486 1702 524 a
1741 485 1840 525 suo
1883 486 2069 526 errore
2106 471 2198 525 de-

628 557 862 614 ﬂectere.
913 558 982 612 Et
1033 557 1156 613 ideo
1195 557 1482 627 Apostolus
1509 559 1586 614 ait
1631 577 1645 613 :
1693 558 2010 614 Hcereticum
2032 559 2195 614 homi-

621 623 745 702 nem
788 655 904 719 post
963 664 1122 702 unam
1175 623 1546 719 correptionent
1599 648 1766 703 devita
1789 688 1807 715 ,
1853 651 2019 704 sciens
2067 649 2192 720 quia

625 738 898 792 subversas
943 745 1052 801 est,
1099 737 1188 806 qui
1223 735 1482 804 ejusmodi
1517 745 1617 792 est.
1653 737 1764 794 Hos
1792 737 2191 808 Scripturarum

626 838 781 883 vetus
827 829 1093 897 interpres
1131 827 1386 892 includit,
1419 833 1479 882 ut
1524 828 1711 884 inanes
1747 844 1874 884 suos
1905 829 1960 884 in
1993 844 2189 884 vanum

624 917 896 972 eﬁ‘undant
943 918 1171 987 impetus
1210 926 1266 972 et
1303 931 1500 973 nocere
1542 933 1648 972 non
1693 917 1920 987 possint.
1961 917 2112 984 Quod
2143 918 2189 973 si

623 1011 928 1079 quempiam
975 1016 1190 1066 versuta
1245 1009 1620 1080 disputationis
1682 1025 1792 1065 sua:
1843 1010 2180 1066 circumscri-

622 1098 802 1165 ptione
851 1099 1206 1168 praavenerint
1233 1139 1250 1165 ,
1303 1097 1508 1154 faciunt
1558 1100 1948 1156 obmutescere.
2011 1100 2188 1156 Mutus

621 1196 704 1240 est
732 1187 874 1241 enim
913 1187 1004 1257 qui
1052 1188 1275 1243 verbum
1305 1187 1399 1242 Dei
1445 1203 1551 1242 non
1593 1189 1779 1244 eadem
1818 1203 1924 1272 qua
1957 1197 2040 1246 est
2073 1189 2188 1260 glo-

623 1274 702 1327 ria
746 1275 1048 1331 conﬁtetur.
1096 1277 1238 1332 Cave
1281 1291 1411 1348 ergo
1439 1293 1508 1332 ne
1535 1278 1629 1332 tibi
1661 1295 1849 1334 vocem
1896 1279 2048 1335 tollat
2075 1281 2184 1336 hae-

620 1363 816 1418 reticus
837 1405 853 1428 ,
908 1365 953 1420 si
1019 1365 1170 1438 prior
1223 1381 1346 1422 eum
1399 1382 1507 1422 non
1571 1367 1686 1437 ipse
1744 1369 2180 1436 deprehenderis.

619 1453 644 1490 b
673 1453 899 1524 Scripsit
942 1455 1086 1510 enim
1130 1457 1255 1510 dum
1301 1457 1429 1512 latet
1475 1455 1590 1526 ejus
1617 1457 1862 1527 perfidia.
1907 1457 1966 1514 Si
2003 1467 2180 1516 autem

615 1543 856 1600 fraudem
907 1545 1022 1616 ejus
1071 1547 1360 1618 impietatis
1394 1549 1676 1618 agnoveris
1698 1591 1714 1616 ,
1759 1549 2026 1620 jacturam
2077 1553 2180 1624 piae

613 1635 756 1690 vocis
789 1636 980 1692 timere
1021 1653 1126 1692 non
1161 1639 1382 1708 poteris.
1433 1639 1576 1694 Cave
1621 1640 1784 1709 igitur
1827 1651 2044 1698 versuta
2097 1645 2177 1700 di-

2293 469 2388 523 ties
2421 471 2557 526 uolui
2587 492 2898 546 congregare
2926 479 3060 544 ﬁlios
3103 493 3240 551 tuos,
3270 490 3387 544 sicut
3417 496 3574 564 gallina
3595 469 3703 573 ρξιιέ.

2289 573 2441 625 suos,
2470 572 2518 615 et
2544 563 2804 618 noluisti?
2831 567 2964 623 Ecce
2996 569 3292 643 relinquetur
3326 563 3483 638 domus
3512 563 3633 645 vestra
3646 563 3702 650 de;

2289 657 2447 703 serta.
2498 650 2624 706 Vult
2652 653 2910 710 Dominus
2939 656 3294 719 hmreticorum
3321 668 3440 726 ﬁlios
3459 689 3703 747 congregare,

2289 736 2334 791 si
2362 738 2428 791 ad
2470 741 2736 797 unitatem
2782 741 2908 800 ﬁdei
2945 750 3218 819 venirent,
3263 759 3345 812 sed
3383 777 3472 816 non
3493 736 3702 841 cohgrigat,

2287 825 2411 894 quia
2442 827 2582 883 inter
2609 847 2667 887 se
2693 833 3012 894 dissidentes
3048 841 3247 900 diversa
3274 851 3509 908 sentiendo
3531 825 3606 912 ndn

2285 917 2529 972 cordant.
2581 921 2656 976 De
2679 925 2875 993 quibus
2908 944 3006 998 per
3031 931 3347 994 Psalmistam
3377 942 3699 1020 dicitur:EJut

2283 1014 2358 1060 est
2381 1012 2640 1065 contentio
2659 1030 2815 1085 super
2841 1020 3096 1092 principes
3115 1041 3280 1080 eorum
3306 1045 3324 1082 :
3347 1041 3390 1084 et
3412 1035 3575 1090 reduxit
3591 1012 3650 1094 «is
3669 1045 3699 1097 in

2282 1093 2441 1164 inuia,
2465 1108 2512 1153 et
2541 1117 2645 1156 non
2668 1103 2725 1159 in
2761 1107 2863 1160 ria.
2893 1107 2995 1179 Ipsi
3018 1115 3211 1170 etenim
3237 1116 3350 1173 dum
3371 1121 3698 1193 dispensationem

2284 1183 2495 1242 Domini
2520 1205 2774 1259 perverse
2815 1196 3150 1270 interpretari
3179 1222 3278 1261 non
3301 1183 3522 1281 metuunt,
3542 1183 3697 1285 proiecto

2281 1272 2462 1342 plebes
2503 1281 2745 1338 subditas
2771 1279 2879 1341 non
2905 1304 2968 1344 ea
2997 1292 3081 1346 via
3109 1310 3224 1364 qua:
3247 1297 3459 1358 Christus
3481 1272 3566 1371 est:

2282 1363 2484 1421 invium
2535 1372 2774 1428 trahunt.
2826 1376 2997 1448 Super
3041 1363 3172 1452 quos
3219 1399 3351 1445 recte
3389 1363 3564 1464 quoque,
3591 1363 3695 1454 adesi

2281 1459 2555 1516 contentio
2583 1462 2798 1531 dicitur,
2831 1471 2956 1538 quia
2980 1473 3092 1530 suis
3115 1477 3213 1534 sibi
3239 1459 3445 1539 vicissim
3473 1459 3695 1560 allegationi-

2277 1543 2379 1600 bus
2399 1551 2796 1612 contradicunt.

2348 1633 2532 1690 XXIII.
2568 1641 2728 1698 Arius
2757 1648 2953 1718 quippe
3000 1660 3110 1711 tres
3147 1670 3384 1724 personas
3419 1662 3464 1717 in
3501 1664 3694 1725 Diviniute

608 1726 924 1794 sputationis
960 1741 1184 1782 venena.
1238 1728 1487 1782 Animam
1534 1737 1752 1798 petunt,
1798 1737 1982 1801 guttur
2027 1732 2178 1788 inva-
2209 1713 2256 1773 Β
2281 1729 2614 1822 suscipiens,
2663 1743 2773 1794 tres
2811 1743 2975 1798 etiam
3015 1745 3144 1804 deos
3180 1753 3403 1809 credidit.
3433 1755 3564 1822 Quem
3578 1771 3692 1814 contra

605 1814 757 1879 dunt,
811 1817 1059 1874 vitalibus
1103 1819 1298 1874 vulnus
1325 1817 1590 1890 inﬂigunt.
1627 1820 1832 1878 Graves
1862 1831 1986 1878 sunt
2025 1839 2173 1879 mor—

605 1919 698 1959 sus
739 1906 1135 1962 haereticorum.
1167 1907 1268 1976 Qui
1295 1910 1490 1977 etiam,
1527 1911 1658 1981 ipsis
1682 1913 1870 1970 bestiis
1897 1916 2174 1986 graviores

604 2001 658 2049 et
683 1999 1006 2066 rapaciores,
1049 2000 1252 2057 nullum
1294 2003 1536 2060 avaritiae
1572 2003 1733 2060 ﬁnem
1771 2006 2173 2078 impietatisque

606 2096 890 2143 noverunt.

671 2177 832 2233 XXII.
885 2179 994 2238 Nec
1038 2198 1134 2240 vos
1179 2195 1393 2243 moveat
1441 2188 1584 2258 quod
1635 2188 1865 2245 formam
1920 2192 2172 2248 videntur

598 2272 928 2338 praetendere
955 2274 1266 2331 humanam.
1307 2277 1420 2334 Etsi
1457 2279 1589 2336 toris
1624 2282 1787 2337 homo
1813 2282 2040 2350 videtur,
2081 2285 2168 2340 in-

599 2367 685 2414 tus
733 2361 903 2416 bestia
942 2361 1140 2420 fremit.
1175 2367 1260 2422 Ea:
1295 2368 1550 2438 [motibus
1591 2372 1727 2426 enim
1766 2390 1946 2429 eorum
1973 2376 2168 2446 'cogno-

595 2451 747 2504 sectis
786 2469 892 2507 eos.
944 2453 1000 2509 Si
1047 2457 1168 2526 quis
1208 2475 1337 2530 ergo
1387 2462 1566 2530 specie
1608 2473 1872 2531 movetur,
1931 2465 2166 2523 fructum

597 2536 905 2611 interroget.
955 2544 1134 2602 Ululat
1163 2548 1264 2604 iste
1295 2550 1620 2622 Scripturas,
1652 2571 1758 2612 non
1791 2566 2006 2625 tractat,
2037 2563 2165 2631 quia

591 2632 740 2686 vocis
784 2643 1056 2690 auctorem
1105 2648 1284 2710 negat.
1334 2642 1440 2698 Iste
1487 2651 1570 2698 est
1611 2645 1702 2714 qui
1751 2663 1873 2703 cum
1921 2649 2160 2720 discipu-

591 2719 676 2775 lus
723 2725 970 2792 cupiebat
1005 2743 1124 2783 esse
1145 2770 1160 2794 ,
1196 2739 1252 2785 et
1297 2749 1404 2787 non
1453 2735 1785 2805 simpliciter,
1820 2740 1914 2794 sed
1945 2719 2163 2797 fraudu-

591 2807 764 2865 lenter
801 2813 1026 2870 Domino
1071 2819 1146 2872 ait
1183 2836 1195 2872 :
1251 2821 1521 2892 Magister,
1561 2842 1752 2897 sequar
1779 2838 1828 2882 te
1856 2847 2162 2904 quocunque

590 2898 732 2954 ieris.
787 2904 868 2957 Ad
903 2921 1054 2976 quem
1093 2907 1346 2967 Dominus
1380 2914 1514 2970 dixit
1549 2933 1570 2972 :
1616 2915 1804 2990 Vulpes
1848 2898 2024 2992 foveas
2058 2898 2158 2980 ha-

2279 1816 2562 1888 Sabellius,
2611 1843 2776 1882 unum
2829 1833 2997 1890 Deum
3052 1841 3352 1910 suscipiens,
3388 1816 3519 1901 unam
3553 1851 3692 1904 credidit

2273 1922 2394 1964 esse
2439 1927 2750 1982 personam.
2797 1921 2944 1978 Inter
2965 1942 3100 1996 quos
3143 1939 3319 1987 sancta
3347 1933 3540 1990 Ecclesia
3565 1946 3692 1994 rectum

2271 2001 2662 2071 praedicationis
2699 2029 2812 2069 sua}
2857 2021 3126 2076 tramitem
3169 2024 3690 2090 indeclinabilitcrtencns

2271 2275 2438 2332 Deum
2460 2291 2648 2339 contra
2675 2286 2862 2344 Arium
2891 2294 3195 2352 conﬁtetur.

2345 2367 2528 2426 XXIV.
2569 2372 2862 2446 Elipandus
2903 2382 3174 2444 Toletanaa
3219 2390 3350 2446 sedis
3386 2391 3612 2462 episcopus,
3637 2407 3691 2446 ne-

2269 2459 2382 2514 scio
2425 2475 2530 2530 qua
2565 2470 2968 2531 commixtionis
3007 2479 3297 2549 vertigine,
3340 2489 3434 2538 tres
3453 2498 3636 2554 personas
3657 2482 3688 2536 in

2267 2564 2370 2602 una
2406 2561 2598 2610 natura
2625 2558 2839 2616 deitatis
2871 2565 3188 2633 confundit;
3235 2579 3286 2626 et
3312 2570 3534 2628 Christum
3559 2574 3604 2627 de
3620 2573 3686 2626 Vir.

2264 2639 2386 2708 gine
2438 2652 2622 2702 natum
2650 2689 2664 2714 ,
2709 2666 2815 2706 non
2873 2654 3042 2712 Deum
3071 2699 3088 2724 ,
3150 2661 3240 2716 sed
3289 2670 3466 2718 tantum
3509 2663 3685 2718 hominem

2264 2733 2453 2788 credit.

2333 2823 2498 2882 XXV.
2539 2828 2862 2892 Manichacus
2909 2848 3092 2896 autem
3114 2881 3130 2908 ,
3179 2845 3267 2914 qui
3311 2845 3360 2900 in
3398 2861 3520 2902 sacro
3552 2844 3686 2914 eloqui)

2261 2913 2627 2983 virginitatem
2685 2921 2889 2980 laudari
2956 2913 3242 3002 cognovit,
3306 2934 3550 3008 eonjugium
3590 2913 3670 2988 dim

589 2989 726 3056 bent,
769 3001 817 3044 et
855 3009 972 3048 aves
1019 2995 1135 3051 caeli
1183 3000 1352 3065 nidos,
1396 3004 1484 3058 ubi
1533 2989 1901 3078 requiescant:
1935 3029 2056 3067 nam
2090 3013 2156 3083 β·
2183 3047 2228 3109 C
2262 3002 2429 3109 Darii:

589 3077 689 3109 Η...
739 3080 958 3109 l......:..:-
1008 3101 1109 3109 ..-μ
1167 3088 1312 3109 ιρι-.
1415 3093 1460 3109 ιι
1649 3105 1658 3109 _
2013 3102 2044 3109 .-

587 3077 689 3134 lius
735 3080 958 3136 hominis
1007 3101 1111 3140 non
1161 3088 1313 3144 habet
1372 3093 1460 3147 ubi
1505 3105 1658 3166 caput
1708 3115 1861 3154 suum
1919 3077 2152 3158 reclinet.

591 3167 818 3224 Videbat
867 3172 1014 3228 enim
1047 3185 1281 3233 mentem
1325 3179 1441 3250 ejus
1487 3199 1639 3241 more
1672 3188 1911 3258 vulpium
1950 3200 2155 3250 tortuo-

585 3273 700 3313 sam
722 3301 736 3325 ,
769 3270 824 3316 et
861 3264 1136 3334 volucres,
1167 3269 1220 3325 id
1247 3279 1331 3326 est
1355 3273 1656 3344 daemones,
1689 3279 1744 3334 in
1778 3296 1846 3338 eo
1871 3282 2156 3341 demoran-

583 3357 683 3404 tcs.
743 3353 849 3409 Sed
896 3355 1155 3416 Dominus
1207 3378 1314 3418 non
1356 3365 1736 3438 obsequiorum
1775 3376 2029 3444 speciem,
2058 3379 2153 3435 sed

579 3441 866 3507 puritatem
913 3449 1140 3518 requirit
1185 3455 1400 3510 mentis.
1451 3457 1690 3531 Denique
1739 3441 1821 3520 sic
1867 3467 1978 3534 ait,
2016 3441 2150 3526 cum

578 3533 855 3598 parvulum
902 3537 956 3592 in
1006 3541 1183 3598 medio
1235 3547 1424 3603 statuit
1475 3565 1489 3603 :
1547 3550 1857 3626 Quicunque
1905 3563 2148 3633 receperit

577 3634 794 3687 puerum
845 3626 1002 3680 istum
1049 3631 1106 3684 in
1159 3635 1365 3690 nomine
1411 3655 1560 3706 meo,
1604 3658 1685 3697 me
1725 3647 1922 3718 recipit.
2059 3655 2150 3724 qui

576 3721 657 3759 me
707 3712 919 3780 recipit,
971 3719 1151 3786 recipit
1215 3738 1334 3776 eum
1380 3726 1469 3795 qui
1517 3743 1598 3782 me
1641 3732 1802 3787 misit.
1828 3712 1956 3802 'Qui
2001 3712 2145 3795 enim

577 3793 900 3854 imitatorem
959 3803 1160 3861 Christi
1216 3793 1448 3882 recipit,
1499 3811 1774 3876 Christum
1821 3793 2030 3896 recipit.
2079 3830 2148 3885 Et

575 3883 668 3950 qui
721 3885 1009 3956 imaginem
1067 3895 1160 3950 Dei
1211 3901 1440 3970 recipit,
1495 3908 1686 3977 recipit
1735 3883 2148 3988 Deum-Caput

575 3973 718 4027 enim
751 3975 953 4035 Christi
995 3981 1137 4040 Deus
1169 3997 1280 4054 est,
1323 3991 1375 4045 id
1418 4002 1532 4062 est,
1572 3973 1825 4056 divinitas
1861 4003 1976 4072 ejus
1999 4047 2014 4072 ,
2052 3973 2144 4080 qui

575 4061 630 4115 in
680 4071 916 4123 tortuosa
967 4081 1145 4129 mente
1190 4092 1298 4132 non
1339 4061 1565 4140 habitat.
1615 4086 1846 4147 Proinde
1881 4061 2142 4164 quantum

571 4163 746 4222 potest
773 4159 934 4218 homo
960 4165 1223 4224 sinceram
1249 4173 1501 4230 exhibeat
1526 4177 1684 4236 ﬁdem
1705 4223 1720 4250 ,
1757 4193 1812 4240 et
1849 4159 2142 4248 observan-

573 4243 701 4300 tiam
729 4253 1101 4312 mandatorum
1144 4260 1392 4333 religiosa
1421 4279 1600 4326 mente
1623 4243 1914 4346 custodiat,
1952 4298 2020 4338 ne
2053 4286 2137 4341 di-

569 4425 718 4482 nidos
745 4469 760 4495 ,
802 4431 947 4500 [ilius
993 4448 1167 4494 autem
1222 4443 1447 4502 hominis
1497 4425 1601 4506 non
1646 4454 1799 4511 habet

565 4531 718 4570 suum
767 4522 994 4580 reclinet.
1055 4529 1342 4601 Vulpecula
1385 4540 1530 4594 enim
1581 4542 1744 4601 fallax

565 4604 668 4660 diis
703 4623 915 4680 semper
949 4615 1152 4673 intenta
1176 4659 1192 4684 ,
1230 4629 1290 4676 ut
1323 4627 1566 4694 rapinam
1601 4630 1806 4690 fraudis
1824 4649 2080 4698 exerceat
2113 4661 2130 4699 :

1839 4461 1926 4514 ubi
1979 4478 2133 4534 caput

2333 3093 2518 3152 XXVI.
2558 3100 2628 3156 At
2655 3112 2843 3161 contra
2867 3105 3200 3180 Iovinianus,
3227 3115 3312 3184 qui
3333 3117 3506 3172 concedi
3521 3113 3678 3183 conjugis

2253 3189 2548 3256 comperit,
2585 3191 2913 3264 virginitatis
2945 3204 3263 3260 munditiam
3292 3207 3509 3276 despexit.
3530 3205 3630 3260 Unde
3645 3202 3684 3256 lit

2253 3286 2311 3334 ut
2334 3294 2564 3351 semper,
2601 3284 2870 3344 haereticis
2904 3306 3160 3360 perversa
3187 3297 3494 3369 intelligentia
3517 3293 3685 3353 confusis.

2252 3369 2489 3427 vicissim
2520 3373 2619 3430 sibi
2655 3392 2844 3434 eorum
2883 3385 3124 3453 nequitia
3169 3397 3222 3443 et
3262 3389 3314 3444 in
3343 3389 3472 3458 culpa
3495 3383 3685 3442 concordet

2250 3467 2306 3516 et
2331 3461 2382 3515 in
2413 3467 2680 3522 sententia
2703 3469 2990 3542 discrepet.

2320 3551 2530 3610 XXVII.
2576 3557 2646 3612 At
2690 3569 2876 3618 contra
2933 3575 3119 3624 sancta
3172 3569 3392 3626 Ecclesia
3441 3583 3518 3640 per
3555 3564 3687 3622 medias

2249 3654 2596 3719 utrarumque
2641 3655 2876 3722 partium
2918 3657 3042 3716 lites
3082 3657 3322 3719 ordinata
3369 3676 3479 3733 pace
3513 3658 3685 3731 graditur.

2247 3735 2315 3790 Et
2358 3739 2496 3794 sicut
2547 3745 2824 3811 superiora
2871 3750 3167 3820 suscipere,
3206 3753 3277 3808 ita
3319 3752 3498 3808 noverit
3524 3749 3636 3804 ctiam
3657 3751 3686 3798 et

2248 3826 2500 3885 inferiora
2549 3837 2812 3892 venerari.
2859 3839 3138 3908 Quatenus
3181 3861 3278 3902 nec
3320 3859 3498 3901 summa
3539 3836 3686 3910 equilia

2244 3931 2407 3992 ponat
2459 3925 2692 3995 inﬁmis,
2747 3945 2847 3988 nec
2895 3933 3092 3990 iterum
3143 3937 3319 3993 inﬁma
3363 3935 3687 4029 despiciat-enin

2243 4029 2452 4070 summa
2497 4029 2802 4076 veneratur.
2856 4022 2972 4079 Non
3023 4037 3246 4097 possunt
3289 4043 3406 4098 ergo
3453 4021 3628 4082 haeretici
3655 4021 3688 4072 in

2243 4123 2410 4164 unum
2451 4112 2720 4182 copulari,
2765 4115 2856 4185 qui
2883 4132 3037 4174 more
3070 4120 3300 4191 vulpium
3342 4121 3464 4175 inter
3487 4114 3686 4172 sedisses-

2242 4196 2438 4254 tientes
2461 4239 2496 4278 ,_
2517 4201 2757 4259 diversas
2781 4204 2883 4260 sibi
2913 4205 3124 4264 fodiunt
3154 4208 3349 4274 foveas,
3392 4209 3470 4278 qui
3495 4218 3614 4261 unam
3631 4198 3688 4253 do-

2239 4303 2386 4344 mum
2417 4275 2712 4348 Ecclesiam
2754 4311 2912 4364 quam
2941 4299 3242 4356 habuerunt
3273 4275 3586 4371 perdiderunt.
3619 4289 3687 4344 Hoc

1902 4339 1912 4346 ν
2065 4339 2071 4341 π
2239 4339 2386 4344 ------
2417 4339 2712 4348 -η-ν----..
2755 4339 2912 4364 νυ...
2941 4339 3242 4356 ..υυυω
3273 4339 3586 4371 pannum..-

778 4339 794 4394 i
843 4358 856 4395 :
918 4341 1105 4417 Vulpes
1144 4351 1343 4420 foveam
1383 4357 1572 4416 habent
1592 4402 1606 4429 ,
1653 4373 1703 4419 et
1748 4369 1976 4427 uolucres
2021 4377 2132 4432 caeli
2161 4389 2214 4450 υ
2236 4380 2378 4434 enim
2425 4383 2622 4437 animal
2665 4399 2766 4440 nec
2792 4391 3116 4445 mansuescit
3156 4391 3440 4460 aliquando,
3467 4399 3600 4456 neque
3621 4377 3688 4435 ι¹¹¹⁰

811 4431 947 4460 πη..-
1001 4448 1162 4460 ---ιημ
1230 4443 1244 4460 ι
1351 4447 1363 4459 ο
1409 4450 1420 4460 .
1658 4454 1669 4460 -

2237 4469 2354 4524 usui
2403 4480 2496 4526 aut
2547 4473 2668 4529 cibo
2713 4476 2843 4532 utile
2883 4485 2984 4534 est.
3039 4479 3130 4538 Sic
3177 4482 3428 4548 haeretici,
3479 4492 3558 4533 nec
3591 4485 3688 4527 m3"-

1779 4558 1860 4604 est
1903 4561 1958 4608 et
2003 4555 2134 4612 insi-
2233 4568 2488 4616 suescunt
2533 4563 2818 4634 aliquando
2841 4607 2856 4632 ,
2907 4583 3004 4624 nec
3051 4571 3172 4627 cibo
3213 4572 3411 4628 Domini
3454 4572 3687 4626 connectun-

2235 4653 2341 4702 tur.
2391 4647 2507 4706 Non
2551 4653 2695 4707 enim
2730 4653 2796 4708 de
2841 4655 2926 4712 his
2963 4658 3092 4714 dicit
3137 4659 3415 4717 Christus:
3445 4658 3566 4713 Meus
3596 4651 3686 4706 cibit

445 5541 450 5549 .
549 5507 688 5563 lenta
750 5512 932 5584 vulpes
981 5527 1104 5584 est,
1155 5525 1364 5592 gallina:
1432 5533 1506 5589 illi
1572 5544 1890 5612 evangelicae
1935 5551 2114 5608 dolum

563 4697 692 4752 nihil
743 4709 916 4760 tutum
940 4745 956 4771 ,
1003 4709 1138 4764 nihil
1173 4713 1446 4782 otiosum,
1495 4720 1627 4777 nihil
1663 4727 1871 4793 patitur
1893 4746 2012 4788 esse
2053 4751 2133 4792 se-

558 4801 768 4859 curum,
808 4797 950 4866 quod
987 4798 1128 4856 inter
1153 4802 1268 4872 ipsa
1307 4805 1537 4878 hospitia
1583 4813 1857 4872 hominum
1891 4825 2070 4891 praeda
2097 4845 2127 4880 n

556 4879 816 4947 requirat,
847 4891 902 4939 et
937 4885 993 4940 in
1025 4886 1176 4944 fovea
1221 4907 1434 4964 semper
1461 4898 1629 4956 latere
1673 4879 2006 4967 desiderans.
2043 4879 2122 4970 Ita

553 4972 680 5018 sunt
730 4969 987 5040 haeretici,
1033 4979 1125 5048 qui
1169 4980 1385 5039 domum
1427 4988 1528 5044 sibi
1567 5006 1760 5060 parare
1791 5011 1895 5052 non
1926 5001 2124 5073 sciunt,

553 5050 644 5073 --Α
986 5065 997 5073 -
1065 5067 1076 5073 -
1158 5069 1188 5073 -—

1567 5050 1583 5060 .
1841 5050 1893 5052 ’π
1927 5050 2124 5073 ""‘""

553 5050 648 5106 sed
689 5055 1278 5134 circumscriptionibus
1318 5075 1432 5130 suis
1470 5079 1604 5136 alios
1641 5083 1891 5154 decipere
1922 5106 2124 5150 conan-

551 5149 657 5198 tur.
708 5145 810 5212 Qui
847 5151 1243 5224 simplicitatem
1281 5166 1444 5224 habet
1469 5210 1483 5235 ,
1526 5188 1740 5246 semper
1759 5145 1992 5240 domum
2029 5187 2125 5244 ha-

552 5236 716 5306 bitat,
751 5242 878 5310 quia
909 5261 1120 5320 semper
1145 5253 1199 5308 in
1227 5259 1491 5317 charitate
1523 5273 1623 5318 est.
1643 5236 1961 5332 haereticus
1992 5293 2122 5335 vero

550 5327 603 5382 in
653 5327 806 5386 fovea
856 5343 979 5402 est,
1031 5347 1286 5411 tanquam
1337 5347 1676 5412 fraudulenta
1722 5360 1941 5432 vulpes,
1993 5369 2118 5438 quia

547 5433 822 5488 nunquam
859 5434 941 5479 est
991 5427 1044 5481 in
1081 5434 1318 5498 puritate
1352 5445 1570 5510 mentis,
1627 5457 1684 5504 et
1737 5427 1854 5508 ideo
1898 5427 2119 5516 fraudu-

2230 4747 2307 4792 est
2347 4748 2404 4794 ut
2451 4741 2642 4811 faciam
2693 4745 3004 4804 voluntatem
3033 4751 3210 4808 Patris
3265 4753 3360 4807 mei
3399 4751 3476 4822 qui
3521 4749 3564 4801 in
3598 4740 3688 4798 ccli!

2230 4837 2326 4882 est.
2369 4829 2514 4896 Quas
2551 4833 2735 4904 vulpes
2783 4836 2836 4892 in
2883 4837 3118 4898 Canticis
3156 4845 3463 4900 canticorum
3502 4855 3526 4894 a
3569 4831 3688 4890 ΐηιτίσ

2228 4918 2330 4975 bus
2369 4921 2481 4976 suis
2518 4922 2776 4980 Dominus
2819 4927 2984 4998 ligare
3029 4932 3280 4998 mandat,
3322 4948 3432 4987 cum
3456 4928 3596 4986 dicit:
3623 4919 3688 4975 Ca-

2226 5011 2330 5080 pite
2364 5013 2508 5066 nobis
2545 5015 2717 5086 vulpes
2759 5020 3003 5090 parvulas
3034 5040 3152 5094 qua:
3183 5025 3508 5080 demoliuntur
3524 5021 3688 5114 uincat:

2227 5119 2347 5157 nam
2384 5105 2530 5160 vinea
2575 5118 2751 5164 nostra
2794 5112 2994 5180 ﬂoruit.
3041 5115 3180 5186 Dicit
3225 5133 3320 5188 per
3368 5111 3619 5187 parabolam
3653 5105 3686 5157 ill

2225 5194 2509 5266 Evangelio
2547 5197 2802 5254 Dominus
2851 5218 2864 5254 :
2915 5201 3044 5258 Cum
3069 5207 3334 5261 crevissent
3376 5203 3524 5260 herba:
3545 5208 3582 5253 et
3608 5195 3688 5264 [η’

2222 5293 2360 5339 ctum
2407 5287 2668 5356 fecissent,
2700 5299 2823 5346 tunc
2869 5307 3221 5366 apparuerunt
3258 5297 3488 5356 zizanite,
3537 5289 3580 5344 id
3617 5292 3686 5342 σειν

2219 5376 2528 5446 proﬁciente
2552 5380 2813 5448 Ecclesia,
2864 5399 3161 5442 numerosae
3188 5388 3344 5444 etiam
3388 5387 3579 5442 hatreses
3613 5389 3688 5430 sur-

2219 5479 2499 5535 rexerunt;
2551 5473 2644 5527 sed
2676 5473 2946 5544 Ecclesia,
2987 5480 3039 5533 in
3085 5479 3188 5536 ﬁde
3216 5485 3550 5552 permanente.
3575 5481 3686 5540 ⁴1¹¹²¹¹¹

2215 5573 2376 5627 prava
2425 5561 2686 5617 sentirent
2726 5564 3054 5638 investigata:
3087 5579 3206 5624 sunt
3257 5571 3486 5626 haereses.
3531 5562 3600 5616 Sic
3629 5553 3686 5608 Ille

620 5613 645 5641 ιι
685 5603 846 5665 Forte
865 5608 1013 5668 deest
1037 5615 1244 5671 srmitmt
1275 5621 1354 5676 vel
1385 5626 1508 5692 quid
1544 5603 1738 5689 simier

1709 5603 1738 5612 ν
2216 5603 2376 5627 rm...
2425 5603 2686 5617 υν..-..υ...
2727 5603 3054 5638 ...πνσυδιιωυ

1505 5628 1508 5679 l
1544 5630 1732 5689 simile.
2284 5649 2310 5688 ι’
2350 5648 2508 5704 Forte
2539 5652 2734 5722 Serpsit
2767 5656 2848 5711 vel
2879 5657 3066 5728 Serpit.
