3952 6318
191 371 290 422 993

869 369 1145 431 HETERII
1178 376 1265 434 ET
1305 378 1363 434 S.
1405 378 1604 434 BEATI
1642 378 1735 432 AD
1771 377 2164 435 ELIPANDUM
2200 381 2416 438 EPIST.
2458 417 2527 428 ——
2561 385 2690 444 LIB.
2731 391 2792 446 ll.

3331 404 3436 453 9M

189 483 433 548 Samson,
475 483 566 552 qui
610 481 996 555 interpretatur
1019 491 1118 557 sol,
1147 493 1316 562 captis
1349 493 1602 547 trecentis
1641 492 1752 547 vul—
1781 495 1828 552 Α
1855 493 2042 550 oculus
2071 506 2388 552 exczecetnr.
2430 499 2557 557 [lare
2589 511 2673 558 est
2706 503 2797 558 illa
2827 504 3022 561 locutio
3056 507 3317 575 haeretici,
3345 529 3435 582 qui

188 574 356 643 pibus,
382 589 570 630 earum
610 578 796 633 caudis
837 579 1014 650 ignem
1042 584 1306 652 apposuit,
1331 593 1384 639 et
1408 583 1614 640 fructus
1652 586 1753 641 ini-

189 664 445 720 micomm
486 666 740 723 incendit.
788 669 1011 741 Semper
1063 674 1204 728 enim
1255 675 1492 732 haeretici
1536 676 1590 730 in
1645 676 1754 748 pri-

186 754 392 809 mordio
429 757 798 814 conversionis
828 775 966 828 suae,
995 761 1138 817 velut
1175 762 1308 818 falsa
1352 765 1606 837 religione
1632 783 1754 822 con-

187 843 506 912 spiciuntur;
544 845 602 902 in
637 851 898 906 extremis
931 851 1044 906 suis
1085 868 1206 908 cum
1249 857 1512 926 coeperint
1560 859 1753 927 pracdi-

185 948 336 1000 eere,
375 942 633 1006 tanquam
666 938 722 992 in
770 940 939 995 cauda
979 941 1155 1013 ignem
1203 946 1457 1012 trahunt,
1495 947 1752 1018 gehennae

185 1023 429 1078 incendio
486 1025 748 1095 deputati.
801 1027 869 1082 Et
918 1029 1038 1086 ideo
1078 1047 1202 1088 cum
1252 1033 1508 1092 Dominus
1556 1037 1686 1093 dicit
1732 1058 1746 1094 :

184 1111 360 1184 Capite
395 1115 551 1170 'nobis
591 1115 801 1189 vulpes,
843 1135 908 1176 ac
940 1121 987 1178 si
1020 1123 1164 1178 dicat
1192 1142 1204 1179 :
1229 1125 1543 1184 Convincite
1575 1131 1749 1188 bare-

182 1203 333 1268 ticos,
362 1220 656 1278 eorumque
676 1212 971 1272 versutiam
1001 1224 1308 1272 sanctarum
1347 1219 1748 1291 Scripturarum

181 1295 478 1354 concludite
508 1300 850 1358 testimoniis.
902 1303 1046 1372 Quas
1087 1309 1260 1382 vulpes
1304 1313 1550 1382 parvulas
1596 1317 1744 1382 dicit,

180 1385 302 1454 quia
352 1387 485 1442 nihil
534 1392 734 1462 magni,
783 1397 1074 1452 secundum
1110 1407 1310 1456 rectam
1353 1401 1513 1459 ﬁdem
1551 1405 1741 1462 intelli-

177 1477 380 1546 gendo,
417 1495 578 1536 omne
623 1483 766 1552 quod
809 1487 1024 1563 sapiunt
1069 1491 1352 1548 minimum
1400 1502 1504 1551 est.
1553 1496 1744 1554 Demo-

177 1568 376 1623 liuntur
413 1571 608 1638 vincas,
657 1575 783 1644 quia
825 1579 1143 1637 subvertunt
1183 1583 1386 1653 plebes,
1433 1589 1614 1658 pravis
1650 1605 1744 1646 eas

175 1658 547 1717 traditionibus
582 1677 1012 1738 corrumpentes.
1061 1672 1202 1728 Nam
1232 1675 1380 1731 vinea
1424 1689 1602 1736 nostra
1643 1685 1741 1752 ﬂo-

175 1749 294 1840 ruit,
326 1749 498 1840 idest,
522 1752 764 1812 Ecclesia
783 1759 1044 1816 catholica
1067 1761 1426 1822 indeclinabili
1451 1749 1741 1840 augmento

174 1837 412 1906 profecit.

239 1929 470 1985 XXVIII.
531 1931 672 1989 Bene
714 1949 844 2006 ergo
898 1937 1178 2012 Scriptura
1219 1953 1404 2002 sancta
1457 1948 1740 2008 haereticos

169 2019 410 2112 homines
430 2021 482 2077 in
511 2038 620 2112 uno
640 2040 863 2096 corpore
883 2029 1112 2088 bestiam
1138 2035 1286 2102 dicit,
1314 2037 1440 2109 quia
1469 2039 1573 2096 hoc
1596 2041 1737 2112 quod

168 2105 386 2178 legendo
423 2110 629 2180 profert
674 2114 958 2186 imperitis,
1004 2123 1158 2191 quasi
1205 2126 1273 2180 ab
1319 2105 1541 2184 obtentu
1575 2105 1739 2186 ratio-

165 2199 251 2254 nis
301 2200 508 2271 incipit.
571 2201 676 2258 Sed
711 2205 835 2274 quia
869 2207 974 2264 hoc
1013 2213 1158 2280 quod
1207 2213 1336 2286 legit
1381 2232 1488 2272 non
1541 2219 1738 2275 intelli-

163 2289 266 2358 git,
312 2304 522 2362 semper
549 2300 728 2350 tamen
773 2297 840 2352 ad
897 2299 1323 2360 irrationabilem
1373 2324 1590 2366 sensum
1623 2319 1737 2368 ten-

161 2382 274 2447 dit;
312 2391 366 2438 et
408 2384 560 2454 quasi
597 2387 758 2443 homo
795 2390 849 2444 in
883 2391 1111 2450 bestiam
1149 2396 1366 2466 desinit,
1393 2400 1521 2457 dum
1548 2419 1738 2460 sensus

161 2473 333 2542 ipsius
375 2474 666 2545 Scriptum
711 2479 779 2534 ad
819 2481 1147 2540 intellectum
1197 2489 1354 2546 mala:
1405 2493 1735 2552 credulitatis

160 2565 398 2632 exponit.
433 2564 585 2633 Quod
612 2568 748 2623 bene
773 2571 887 2628 haec
919 2573 1090 2630 bestia
1117 2576 1222 2632 duo
1254 2593 1452 2635 cornua
1494 2586 1618 2654 agni
1661 2585 1734 2640 si-

162 2656 308 2710 milia
343 2657 542 2716 habere
568 2661 785 2729 dicitur,
813 2665 938 2734 quia
965 2667 1363 2737 simplicitatem
1390 2674 1512 2744 agni
1545 2676 1598 2730 in
1634 2693 1732 2732 ex-

158 2747 358 2802 teriore
389 2747 726 2807 demonstrat
765 2754 1002 2823 homine,
1028 2766 1084 2812 et
1115 2758 1221 2814 duo
1246 2768 1567 2821 testamenta
1599 2767 1742 2848 legis

152 2852 212 2897 et
260 2845 530 2916 Evangelii
587 2865 755 2905 unum
804 2866 864 2907 se
909 2855 1190 2912 nobiscum
1245 2859 1520 2917 Christum
1567 2864 1734 2920 simu-

153 2935 275 2988 lant
298 2937 610 3005 przedicare.
649 2939 756 2996 Sed
787 2943 911 2998 audi
955 2946 1049 3014 qui
1077 2947 1145 3004 de
1177 2964 1244 3004 eo
1275 2948 1512 3009 Joannes
1541 2954 1686 3011 dicat
1713 2975 1726 3011 :

153 3027 228 3081 Et
258 3027 565 3099 loquebatur
588 3042 645 3086 ut
669 3033 829 3089 draco
865 3053 884 3090 :
933 3049 984 3093 et
1029 3057 1232 3095 omnem
1267 3053 1570 3113 potestatem
1591 3041 1731 3116 piio—

149 3117 226 3171 ris
265 3117 439 3174 bestia
479 3119 704 3190 faciebat
742 3125 798 3178 in
839 3139 1113 3199 conspectu
1147 3131 1262 3202 ejus
1303 3149 1322 3188 :
1367 3143 1416 3188 et
1459 3133 1586 3204 facit
1632 3144 1732 3192 ter-

150 3221 269 3259 ram
322 3215 372 3260 et
425 3224 512 3264 eos
557 3211 647 3281 qui
693 3213 751 3268 in
814 3230 876 3270 ea
935 3217 1172 3274 habitant
1229 3221 1455 3277 adorare
1511 3223 1726 3278 bestiam

146 3295 301 3350 illam
328 3299 557 3369 priorem
580 3343 594 3368 ,
624 3304 788 3374 cujus
825 3317 1006 3363 curata
1039 3319 1151 3365 erat
1181 3311 1339 3384 plaga
1378 3315 1560 3370 mortis
1589 3316 1724 3387 ejus.

146 3386 327 3442 Draco
348 3389 526 3456 enim,
557 3399 616 3446 ut
636 3393 901 3463 diximus,
933 3398 1178 3457 diabolus
1203 3401 1418 3458 dicitur.
1458 3403 1550 3460 Sic
1581 3386 1726 3462 enim

143 3479 318 3534 draco
337 3480 580 3538 diabolus
597 3525 614 3550 ,
644 3485 911 3556 loquendo
938 3499 993 3546 et
1020 3508 1158 3548 nova
1179 3493 1314 3552 falsa
1341 3499 1722 3568 promittendo,

142 3568 377 3638 decepit.
405 3571 677 3630 hominem
737 3578 790 3632 in
847 3583 1132 3651 paradiso;
1192 3585 1274 3641 sic
1324 3595 1379 3642 et
1419 3589 1722 3657 haereticus,

141 3657 242 3726 qui
287 3659 459 3714 bestia
505 3661 737 3731 dicitur,
791 3667 1030 3738 loquitur
1073 3674 1226 3742 quasi
1264 3674 1466 3743 draco,
1521 3678 1576 3734 id
1618 3689 1721 3746 est,

138 3749 305 3816 quasi
360 3747 606 3808 diabolus
663 3753 719 3810 in
767 3759 1034 3826 paradiso.
1091 3760 1224 3817 Nam
1262 3765 1545 3834 paradisus
1582 3783 1723 3823 nunc

137 3835 390 3892 Ecclesia
416 3847 519 3894 est.
551 3840 837 3902 Seducitur
863 3857 1043 3904 autem
1069 3853 1249 3909 verbis
1275 3853 1434 3923 hujus
1458 3860 1722 3928 serpentis

133 3929 388 3984 carnalis
429 3939 610 3988 nostra
638 3938 1090 4008 concupiscentia,
1113 3951 1168 3998 et
1199 3961 1296 4017 per
1329 3947 1476 4004 illam
1513 3951 1722 4008 seduci-

133 4030 239 4074 tur
293 4020 498 4088 Adam,
545 4041 650 4080 non
698 4026 978 4098 Christus,
1033 4035 1128 4097 sed
1172 4035 1529 4097 Christianus.
1582 4043 1723 4098 Dicit

123 4125 286 4206 ergo
309 4110 474 4206 draco
501 4114 586 4171 ille
613 4116 859 4175 diabolus
883 4123 950 4178 ad
995 4125 1272 4182 mulierem
1300 4147 1312 4182 :
1347 4129 1454 4185 Cur
1481 4136 1722 4206 pracepit

127 4199 295 4253 vobis
324 4199 577 4259 Dominus
614 4216 670 4260 ut
700 4225 802 4264 non
833 4213 1166 4268 comederetis
1195 4233 1259 4270 ex
1286 4220 1426 4272 omni
1454 4219 1595 4291 ligno
1627 4199 1723 4294 pa-

127 4288 317 4342 radisi
340 4290 369 4343 .’
421 4290 511 4347 Sic
565 4295 942 4354 haereticorum
1008 4303 1222 4360 curiosa
1275 4288 1540 4378 cupiditas
1567 4351 1582 4375 ,
1627 4288 1722 4367 vsic

123 4377 298 4444 pravi
333 4381 714 4447 praedicatores
755 4389 823 4444 ad
861 4391 1180 4462 diligendum
1222 4377 1427 4454 erroris
1454 4399 1720 4456 fallaciam

125 4467 454 4525 auditorum
493 4475 654 4529 corda
693 4481 1050 4548 succendunt,
1081 4500 1200 4555 qutr
1235 4487 1288 4540 in
1317 4496 1442 4558 typo
1477 4491 1718 4549 mulieris

1853 582 2082 654 loquitur
2125 587 2278 656 quasi
2323 587 2505 655 draco,
2555 600 2604 645 et
2650 607 2852 646 omnem
2898 603 3200 663 potestatem
3245 600 3437 668 prioris

1852 675 2028 730 bestia:
2053 676 2210 746 facit,
2251 677 2302 732 id
2327 686 2410 734 est
2426 721 2444 746 ,
2472 681 2638 736 totius
2659 684 2902 753 corporis
2925 685 3154 752 diaboli,
3191 689 3294 744 hoc
3318 701 3433 757 est,

1851 765 2114 821 malorum
2158 767 2460 834 hominum,
2508 785 2669 842 quem
2713 773 2950 844 priorem
2992 775 3222 832 bestiam
3268 780 3433 848 dicit,

1851 855 1990 911 sicut
2017 857 2094 912 ait
2122 872 2138 911 :
2169 857 2237 912 Et
2263 859 2390 928 facit
2417 869 2611 916 terram
2641 871 2689 917 et
2725 880 2812 918 eos
2848 865 2936 935 qui
2962 865 3255 924 inhabitant
3285 871 3341 925 in
3372 889 3434 926 ea

1849 946 2074 1001 adorare
2101 947 2313 1004 bestiam
2343 950 2489 1005 illam
2511 953 2758 1023 priorem,
2787 955 2941 1026 cujus
2967 967 3151 1012 curata
3177 969 3254 1014 est
3277 961 3434 1032 plaga

1848 1038 2030 1092 mortis
2055 1039 2190 1109 ejus.
2219 1040 2286 1094 Et
2315 1042 2440 1111 quia
2469 1043 2584 1114 ipsa
2615 1044 2817 1111 bestia,
2847 1063 3010 1117 quam
3037 1050 3274 1119 priorem
3299 1053 3432 1108 dixit

1849 1127 2050 1184 habere
2076 1145 2196 1186 eam
2232 1133 2405 1203 capita
2442 1141 2646 1204 septem
2676 1143 2731 1190 et
2757 1152 2958 1192 cornua
2997 1140 3181 1194 decem
3210 1159 3223 1195 :
3257 1141 3434 1196 Unum

1847 1236 1912 1275 ea:
1950 1223 2206 1293 capitibus
2234 1224 2348 1294 ejus
2385 1225 2512 1278 vidit
2545 1227 2696 1297 quasi
2740 1229 2967 1283 occisum
3005 1231 3062 1284 in
3100 1241 3340 1298 mortem,
3383 1243 3433 1288 et

1844 1309 2001 1382 plaga
2045 1315 2229 1368 mortis
2277 1315 2392 1385 ejus
2437 1325 2620 1370 curata
2664 1326 2760 1372 est.
2809 1318 2988 1389 Ipsum
3037 1329 3196 1392 caput
3241 1323 3431 1378 bestia:

1847 1400 1992 1456 velut
2037 1403 2278 1458 occisum
2325 1405 2439 1474 ipse
2477 1413 2559 1460 est
2602 1421 2764 1462 omne
2800 1423 2995 1479 corpus
3035 1411 3429 1478 haereticorum,

1843 1494 1936 1563 qui
1965 1495 2262 1565 praedicant
2301 1496 2578 1553 Christum
2617 1501 2934 1556 cruciﬁxum
2977 1510 3034 1557 et
3075 1503 3329 1559 simulant
3369 1520 3429 1561 se

1843 1600 1967 1641 cum
1995 1587 2204 1644 duobus
2233 1591 2488 1647 cornibus
2513 1607 2730 1663 agnum,
2757 1595 2851 1650 sed
2876 1602 3055 1650 tamen
3081 1603 3142 1651 ut
3164 1597 3328 1652 draco
3354 1597 3429 1652 lo-

1842 1685 2098 1746 quuntur,
2131 1679 2257 1749 quia
2289 1697 2504 1736 omnem
2540 1690 2866 1752 potestatem
2893 1685 3094 1755 prioris
3127 1687 3316 1743 bestiae
3349 1686 3428 1742 fa-

1843 1765 2010 1820 ciunt.
2033 1768 2228 1824 Decem
2250 1785 2474 1837 cornua,
2497 1773 2641 1842 quod
2664 1772 3043 1840 dicit;besti:e,
3066 1776 3248 1834 decem
3275 1790 3429 1848 reges

1773 1839 1814 1897 Β
1842 1871 1964 1913 esse
1987 1857 2195 1914 futuros
2221 1859 2276 1914 in
2300 1861 2406 1918 line
2429 1863 2614 1918 mundi
2639 1863 2918 1935 Scriptura
2941 1876 3345 1932 commemorat,
3374 1868 3429 1922 in

1839 1961 1975 2016 quos
1999 1947 2366 2005 Antichristus
2397 1952 2730 2017 undecimus,
2765 1955 2938 2010 tribus
2969 1955 3186 2026 regibus
3212 1955 3426 2022 occisis,

1837 2053 1959 2094 cum
1988 2033 2192 2108 septem
2230 2041 2336 2094 erit
2379 2049 2718 2112 regnaturus,
2751 2060 2886 2114 quos
2927 2061 3071 2101 nunc
3099 2055 3307 2116 septem
3336 2063 3428 2103 ca.

1834 2127 1942 2198 pita
1971 2128 2230 2183 nominat.
2270 2128 2572 2200 Septimum
2597 2149 2726 2204 ergo
2751 2143 2912 2204 caput
2936 2135 3124 2191 bestia:
3147 2136 3300 2205 quasi
3337 2151 3428 2192 oc-

1835 2220 2008 2274 cisnm
2035 2220 2092 2274 in
2128 2230 2332 2286 morte,
2369 2223 2610 2279 haeretici
2642 2233 2800 2291 sunt,
2835 2227 2926 2295 qui
2961 2226 3234 2282 Christum
3271 2227 3424 2296 quasi

1835 2325 2031 2384 agnum
2057 2310 2296 2366 occisum
2325 2327 2446 2366 cum
2471 2311 2680 2368 Joanne
2704 2315 3033 2384 praedicant,
3076 2324 3132 2371 et
3172 2331 3296 2372 eum
3337 2315 3425 2371 Fi-

1833 2383 1965 2454 lium
2003 2400 2100 2455 Dei
2146 2401 2314 2457 Deum
2365 2417 2484 2458 esse
2533 2383 2764 2474 negant,
2815 2405 3058 2462 dicentes
3101 2423 3114 2460 :
3167 2405 3284 2460 Non
3327 2421 3426 2476 pcr

1833 2491 1995 2547 istum
2055 2508 2253 2563 agnum
2316 2492 2459 2549 facta
2513 2503 2638 2549 sunt
2682 2496 2910 2552 visibilia
2975 2506 3031 2552 et
3091 2497 3419 2568 invisibilia;

1831 2599 1991 2654 quem
2015 2582 2249 2640 Joannes
2271 2585 2440 2656 digito
2461 2587 2698 2640 ostendit
2723 2603 2737 2640 :
2769 2587 2903 2641 Ecce
2928 2587 3107 2658 Agnus
3130 2587 3260 2642 Dei!
3291 2588 3424 2642 Ecce

1829 2673 1918 2744 qui
1947 2673 2079 2728 tollit
2110 2683 2322 2745 peccata
2351 2675 2564 2729 mundi!
2599 2675 2700 2742 Qui
2728 2676 2873 2730 enim
2904 2677 3020 2732 hmo
3046 2677 3214 2744 dicit,
3247 2677 3418 2732 bestia

1830 2772 1914 2820 est
1951 2780 2116 2819 mum
2155 2781 2223 2820 ex
2260 2765 2527 2836 capitibus
2561 2767 2780 2832 bestiae,
2821 2775 2876 2823 et
2908 2783 3016 2823 non
3051 2770 3324 2834 occisum,
3363 2777 3423 2823 ut

1831 2871 2005 2928 agnus
2032 2865 2219 2910 noster
2242 2853 2512 2922 Christus,
2534 2863 2794 2927 tanquam
2815 2859 3029 2914 occisus
3051 2858 3116 2913 de
3141 2857 3285 2913 furto
3307 2857 3422 2913 imi-

1831 2945 2052 3002 tationis
2077 2945 2310 3012 Christi,
2339 2954 2394 3002 ct
2420 2946 2660 3016 loquitur
2695 2949 2852 3018 quasi
2899 2949 3081 3013 draco,
3112 2956 3167 3003 et
3204 2963 3419 3002 omnem

1829 3045 2152 3108 potestatem
2188 3037 2388 3106 prioris
2424 3038 2611 3092 bestia:
2657 3039 2804 3094 facit.
2843 3038 2979 3106 Quia
3022 3039 3166 3094 hunc
3203 3038 3420 3093 simula-

1831 3145 1984 3185 crum
2009 3129 2256 3184 diabolus
2286 3129 2389 3184 sibi
2419 3130 2714 3197 adinvenit,
2746 3139 2808 3186 ut
2835 3133 2936 3186 sub
2963 3132 3179 3187 nomine
3204 3131 3420 3201 religio-

1830 3219 1915 3274 nis
1938 3234 2044 3274 non
2066 3219 2240 3276 solum
2261 3219 2526 3284 carnales,
2549 3222 2643 3276 sed
2666 3222 2828 3276 etiam
2851 3221 3134 3292 religiosos
3157 3222 3413 3292 decipiat.

1828 3309 1952 3366 Ideo
1976 3311 2072 3366 hoc
2098 3320 2254 3382 caput
2281 3311 2430 3375 dicit,
2459 3312 2612 3382 quasi
2637 3312 2864 3365 occisum
2896 3313 2951 3366 in
2979 3322 3162 3378 morte,
3188 3322 3236 3366 et
3259 3312 3416 3383 plaga

1825 3403 2010 3456 mortis
2039 3401 2154 3472 ejus
2181 3412 2388 3469 curata,
2409 3402 2465 3457 id
2486 3411 2590 3469 est,
2612 3403 2768 3473 quasi
2794 3402 3067 3458 Christum
3094 3405 3412 3458 cruciﬁxum

1826 3499 2140 3562 sequantur.
2195 3492 2554 3550 Simulacrum
2601 3493 2801 3550 diaboli
2855 3495 2977 3550 ideo
3021 3493 3236 3558 dicitur,
3287 3494 3411 3564 quia

1827 3597 1950 3638 cum
1979 3583 2125 3638 intus
2152 3583 2224 3639 sit
2255 3584 2450 3648 bestia,
2482 3583 2614 3639 foris
2651 3599 2712 3640 se
2747 3599 2943 3654 agnum
2971 3598 3092 3638 esse
3129 3584 3409 3646 mentitur,

1825 3672 1892 3728 ad
1929 3672 2331 3730 similitudinem
2367 3674 2520 3746 agni,
2559 3675 2700 3745 quod
2726 3682 2808 3729 est
2835 3675 3102 3730 Christus.
3137 3673 3274 3729 Nam
3311 3675 3411 3728 Ec-

1823 3763 1986 3820 clesia
2012 3765 2144 3821 dicit
2165 3766 2231 3821 de
2256 3764 2501 3822 Christo:
2527 3764 2647 3821 Vidi
2667 3767 2872 3838 Agnum
2897 3767 3048 3838 quasi
3071 3768 3318 3821 occisum.
3346 3765 3408 3821 Et

1821 3863 2043 3925 propter
2071 3855 2439 3926 septiformem
2468 3857 2656 3928 gratia:
2679 3855 2955 3928 Spiritum,
2979 3873 3045 3912 ex
3069 3873 3176 3928 quo
3205 3865 3409 3926 septem

1823 3945 2078 4001 Ecclesiae
2101 3945 2238 4002 ﬁunt
2262 3961 2358 4018 per
2384 3947 2523 4002 dona
2549 3948 2862 4018 gratiarum,
2885 3963 3005 4018 qua:
3030 3953 3134 4003 mra
3165 3948 3406 4004 Ecclesia

1822 4043 1927 4104 est,
1955 4052 2076 4108 qua:
2107 4037 2376 4108 integrum
2409 4053 2606 4108 corpus
2633 4047 2716 4093 est
2743 4037 2966 4103 Christi,
2993 4038 3125 4094 dicit
3151 4053 3166 4092 :
3197 4037 3410 4093 Haben-

1823 4139 1924 4183 tem
1961 4144 2160 4182 cornua
2184 4137 2376 4199 septem
2403 4138 2451 4184 et
2479 4129 2657 4184 oculos
2695 4139 2906 4200 septem,
2943 4129 3032 4199 qui
3065 4136 3184 4182 sunt
3217 4137 3406 4197 septem

1822 4219 2038 4290 spiritus
2065 4217 2179 4284 Dei,
2206 4220 2351 4273 missi
2377 4236 2468 4290 per
2482 4203 2660 4274 orbem
2685 4230 2964 4274 terrarum.
2990 4217 3125 4286 Quia
3145 4216 3406 4280 Ecclesia,

1822 4325 1942 4378 quae
1979 4308 2213 4378 Spiritus
2241 4311 2413 4364 sancti
2441 4311 2648 4379 accepit
2674 4311 2933 4382 gratiam,
2975 4325 3073 4380 per
3097 4310 3404 4363 universum

1822 4401 2009 4455 orbem
2033 4407 2300 4453 terrarum
2323 4409 2406 4455 est
2433 4402 2745 4456 constituta.

1897 4489 2066 4545 XXX.
2108 4493 2184 4547 De
2223 4505 2448 4560 corpore
2487 4507 2616 4546 vero
2658 4491 2856 4548 diaboli
2894 4491 3050 4562 longe
3091 4491 3248 4545 aliter
3277 4490 3406 4546 dicit

121 4568 441 4625 mutantur,
474 4561 712 4621 dicentes
735 4567 816 4622 eis
847 4585 860 4622 :
891 4571 1068 4637 Quare
1097 4572 1280 4646 fugitis
1313 4578 1593 4636 scientiam
1619 4583 1720 4638 ha-
1747 4571 1796 4630 Ι)
1821 4581 2083 4637 Ecclesia.
2131 4582 2242 4638 Nec
2288 4597 2485 4652 agnum
2527 4584 2767 4639 nominat
2804 4561 3008 4652 corpus,
3038 4583 3254 4648 diaboli,
3303 4598 3406 4636 nec

119 4649 274 4702 bere
293 4645 552 4708 latentem
577 4663 632 4710 et
655 4659 1006 4716 absconsum?
1047 4645 1250 4722 Novam
1270 4673 1718 4742 superexquirite,

113 4750 188 4794 ct
216 4743 350 4796 boni
381 4753 434 4800 et
458 4747 584 4802 mali
609 4750 888 4808 scientiam
909 4765 1211 4825 penetrate.

209 4832 411 4888 XXIX.
453 4834 606 4894 Unde
629 4841 770 4910 apud
798 4842 1137 4903 Salomonem
1163 4851 1356 4908 mulier
1386 4853 1474 4910 illa
1508 4856 1722 4913 haereti-

107 4938 335 4978 corum
363 4927 599 4994 speciem
625 4940 811 4989 tenens
839 4935 970 4991 dicit
994 4953 1010 4992 :
1037 4939 1200 5010 Aqua:
1229 4941 1435 5012 furtiue
1461 4946 1720 5003 dulciores

105 5021 283 5078 sunt,
307 5023 356 5068 et
377 5016 530 5084 panis
548 5018 880 5078 absconditus
897 5027 1088 5082 suavis.
1114 5028 1352 5100 Subiecit
1371 5033 1562 5090 deinde
1582 5036 1720 5092 idem

99 5103 311 5157 draco
339 5120 355 5156 :
389 5103 709 5189 Quocunque
735 5111 820 5166 die
843 5115 1186 5185 comederitis,
1219 5123 1396 5176 statim
1426 5127 1723 5194 aperientur

97 5191 281 5245 oculi
305 5195 482 5260 vestri,
503 5205 552 5281 et
571 5200 716 5254 eritis
735 5202 868 5257 sicut
881 5205 976 5270 dii,
991 5207 1205 5262 scientes
1227 5210 1415 5264 bonum
1431 5191 1479 5266 et
1500 5214 1716 5269 malum.

1821 4685 2021 4726 cornua
2047 4677 2270 4741 septem,
2299 4671 2395 4726 sed
2414 4671 2580 4726 dicit:
2606 4673 2777 4742 capita
2800 4682 2990 4740 septem
3016 4681 3063 4725 et
3093 4687 3289 4725 cornua
3317 4671 3403 4724 de-

1821 4773 1952 4812 cem.
1999 4757 2134 4813 Nam
2181 4760 2367 4830 Agnus
2407 4769 2590 4815 noster
2629 4775 2794 4813 unum
2836 4768 2996 4830 caput
3036 4761 3228 4825 habet,
3277 4762 3410 4830 quia

1819 4864 1960 4904 unus
1993 4857 2078 4904 est
2107 4849 2267 4904 Deus.
2304 4849 2476 4919 Caput
2499 4851 2642 4904 enim
2675 4846 2874 4904 Christi
2904 4851 3066 4906 Deus.
3104 4851 3180 4905 De
3205 4850 3410 4907 diaboli

1821 4955 1950 4996 vero
1978 4956 2206 5010 corpore
2237 4941 2366 4996 dicit
2402 4959 2415 4993 :
2458 4940 2524 4993 Et
2566 4941 2671 4996 vidi
2705 4941 3064 4996 ascendentem
3094 4942 3310 4996 bestiam
3346 4944 3410 4998 de

1823 5033 1980 5098 mari,
2007 5033 2277 5086 habentem
2303 5048 2500 5086 cornua
2525 5031 2699 5087 decem
2720 5041 2769 5086 et
2795 5033 2968 5102 capita
2990 5043 3180 5104 septem
3203 5049 3222 5088 :
3243 5043 3291 5088 et
3319 5051 3408 5088 su-

1821 5140 1914 5194 per
1937 5118 2110 5194 capita
2135 5125 2250 5194 ejus
2277 5124 2451 5178 decem
2477 5123 2777 5178 diademata
2800 5139 2819 5178 :
2845 5132 2892 5176 et
2917 5140 3072 5194 super
3094 5127 3268 5196 capita
3291 5127 3405 5196 ejus

1821 5230 2009 5268 nomen
2031 5213 2380 5286 blasphemiw.
2408 5213 2476 5268 Et
2511 5214 2694 5280 bestia,
2725 5229 2882 5286 quam
2916 5213 3048 5281 vidi,
3081 5215 3266 5271 similis
3291 5233 3382 5271 era

93 5283 225 5336 Sic
273 5292 335 5337 et
373 5300 561 5343 omnes
603 5293 924 5360 generaliter
961 5296 1200 5354 haeretici
1238 5299 1529 5371 loquuntur
1566 5307 1720 5375 quasi

87 5375 338 5442 draco,
386 5393 509 5434 cum
549 5381 853 5461 Divinitatis
892 5389 1144 5443 meritum
1180 5391 1519 5460 proﬁtentur,
1557 5406 1720 5468 atque

79 5469 388 5525 scientia:
427 5474 783 5541 promissione
821 5479 1122 5552 decipiunt,
1169 5492 1222 5538 et
1261 5487 1718 5554 reprehenderunt

79 5576 222 5617 eos
254 5577 407 5632 quos
449 5564 765 5635 simpliciter
791 5571 1075 5628 credentes
1109 5571 1443 5630 invenerunt.
1484 5577 1554 5632 Et
1591 5580 1718 5650 quia

73 5653 367 5710 omnino
389 5656 624 5712 carnalia
646 5663 988 5729 persuadent,
1013 5666 1165 5734 quasi
1189 5669 1254 5721 ad
1281 5669 1576 5726 carnalium
1598 5688 1721 5727 ocu-

73 5746 318 5804 lorum
355 5737 759 5819 adapertionem
787 5763 1051 5810 conantur
1075 5759 1365 5824 abducere,
1398 5769 1456 5815 nt
1497 5761 1720 5816 interior

1819 5304 1985 5375 pardo
2007 5320 2025 5359 :
2048 5315 2095 5359 et
2121 5304 2274 5375 pedes
2295 5305 2412 5374 ejus
2434 5305 2568 5358 sicut
2595 5306 2706 5359 ursi
2729 5320 2748 5358 :
2767 5313 2816 5359 et
2837 5321 2895 5358 os
2916 5305 3032 5374 ejus
3055 5306 3188 5360 sicut
3213 5305 3400 5390 leonis.

1823 5394 1892 5449 Et
1935 5395 2078 5450 dedit
2113 5411 2158 5450 et
2191 5395 2352 5449 draco
2381 5397 2619 5450 virtutem
2655 5411 2804 5450 suam
2845 5405 2894 5450 et
2924 5397 3096 5452 sedem
3124 5415 3295 5452 suam.
3332 5397 3398 5450 Er

1821 5489 1928 5545 vidi
1955 5483 2116 5544 unum
2143 5507 2208 5544 ea:
2234 5489 2488 5560 capitibus
2513 5489 2648 5560 ejus,
2673 5491 2826 5559 quasi
2849 5491 3075 5545 occisum
3105 5491 3160 5544 in
3188 5499 3354 5544 morte
3381 5531 3396 5546 .

1821 5592 1870 5637 et
1898 5581 2054 5654 plaga
2091 5584 2274 5638 martis
2309 5583 2426 5654 ejus
2464 5593 2649 5638 curata
2687 5592 2791 5652 est,
2823 5593 2872 5640 et
2899 5587 3094 5639 mirata
3125 5593 3200 5638 est
3231 5582 3399 5637 omnis

1822 5682 1962 5728 terra
1992 5682 2170 5728 secuta
2197 5673 2412 5729 bestiam
2439 5691 2458 5728 :
2489 5685 2537 5729 et
2567 5675 2914 5731 adoraverunt
2945 5656 3244 5740 draconem,
3269 5687 3398 5742 quo-

1826 5765 1963 5819 niam
1993 5765 2135 5820 dedit
2163 5775 2462 5821 ootcstatem
2493 5769 2686 5822 bestia'.
2717 5767 2783 5822 Et
2811 5767 3157 5822 adoraverunt
3183 5763 3394 5819 bestiam
