3952 6318
526 307 632 366 995

1341 307 1760 373 nummus,
1798 283 2030 380 rsux,
2069 303 2416 363 HETERIUS
2447 306 2540 364 er
2580 307 2638 364 s.
2678 309 2976 368 scarus.

3701 315 3804 370 κδ

522 425 750 479 dicentes
771 437 791 478 :
815 421 944 490 Quis
967 413 1154 477 similis
1174 421 1387 477 bestia?
1410 431 1498 478 aut
1527 423 1644 494 quis
1664 420 1850 490 poterit
1874 433 2106 490 pugnare
2129 418 2181 478 Δ
2208 417 2301 473 sed
2335 421 2634 479 dormiente
2667 422 3078 494 patrefamilias,
3116 406 3360 478 inimicus
3395 425 3554 478 homo
3598 423 3808 481 zizania

523 531 641 568 cum
670 513 775 568 ea?
800 513 868 566 Et
890 513 1070 567 datum
1092 523 1165 568 est
1195 515 1241 567 ei
1270 512 1410 583 loqui
1439 529 1683 583 magnam
1713 509 2105 582 blasphemiam.

524 601 638 658 Hoc
664 611 834 656 totum
866 603 1162 674 ﬁguraliter
1196 603 1596 672 intelligendum
1640 609 1722 656 est
1763 603 1814 656 in
1847 600 2106 662 Ecclesia,

525 710 630 749 non
657 696 796 748 sicut
817 693 1053 747 auditur.
1080 691 1211 746 Nam
1237 708 1406 763 agnus
1425 701 1480 746 et
1505 692 1696 755 bestia,
1721 692 1860 746 sicut
1882 689 2110 744 invicem

522 785 626 840 sibi
657 783 913 838 contrarii
945 792 1070 838 sunt
1099 799 1196 852 per
1223 791 1501 848 naturam,
1531 783 1606 837 ita
1643 781 1928 852 allegorice
1955 778 2112 833 intel-

521 874 722 946 ligendi
751 885 875 928 sunt
896 889 991 944 per
1014 875 1260 946 ﬁguram.
1288 873 1388 929 Hic
1413 883 1619 928 tantum
1643 874 1760 928 duae
1784 881 1966 942 partes
1985 877 2110 925 sunt

523 965 904 1036 intelligenda},
939 965 991 1018 id
1019 971 1128 1028 est,
1157 965 1406 1020 Christus
1430 974 1484 1020 et
1526 980 1720 1034 corpus
1747 963 1883 1031 ejus,
1911 971 1965 1016 et
1993 961 2110 1016 dia-

519 1058 678 1113 bolus
703 1065 757 1112 et
783 1072 978 1126 corpus
1006 1055 1141 1124 ejus.
1173 1055 1302 1123 Quae
1327 1066 1498 1111 totum
1529 1071 1724 1126 corpus
1752 1055 1971 1119 diaboli,
2003 1069 2110 1124 quo

519 1145 734 1203 facilius
779 1149 949 1218 possit
993 1147 1347 1216 spiritua'iter
1385 1147 1454 1202 ab
1488 1147 1727 1201 Ecclesia
1761 1143 2106 1214 deprehendi,

517 1242 700 1296 omnia
741 1241 980 1296 membra
1011 1239 1207 1295 diaboli
1239 1239 1293 1292 in
1322 1255 1425 1292 una
1463 1239 1633 1294 bestia
1665 1237 1947 1293 conclusit.
1979 1234 2110 1290 Haec

519 1333 682 1387 besria
721 1333 774 1386 in
810 1332 1028 1386 Dauiele
1061 1331 1305 1386 terribilis
1330 1331 1524 1384 dicitur
1551 1347 1660 1384 esse
1685 1329 1882 1384 catteris
1911 1327 2106 1388 bestiis,

520 1425 573 1480 id
599 1433 702 1490 est,
731 1425 903 1489 leoni,
935 1425 1104 1493 pardo
1127 1431 1182 1476 et
1209 1437 1337 1477 urso
1362 1421 1642 1476 dissimilis
1667 1421 1862 1475 dicitur
1888 1437 1902 1472 :
1936 1426 1990 1473 et
2017 1433 2111 1472 cu-

517 1516 604 1589 ius
640 1519 857 1572 nomine
891 1519 1075 1574 bestia:
1103 1525 1464 1586 nuncupetur,
1493 1532 1597 1570 nou
1636 1517 1817 1570 habet.
1849 1513 1964 1572 Sed
1992 1524 2110 1568 tan-

519 1617 632 1662 tum
662 1607 938 1663 dissimilis
964 1609 1177 1664 caeteris
1206 1607 1393 1663 beStiis
1417 1615 1471 1662 et
1498 1607 1752 1662 terribilis
1774 1605 2104 1659 nominatur.

520 1700 626 1756 Sed
669 1701 789 1756 vide
832 1708 1092 1770 quantum
1133 1708 1218 1754 est
1257 1698 1406 1762 foris,
1454 1697 1708 1753 terribilis
1751 1699 1805 1750 in
1852 1695 2103 1759 terrenis,

517 1807 642 1847 cum
671 1793 814 1846 dicat
841 1799 1001 1854 terra,
1030 1792 1082 1846 id
1104 1801 1188 1846 est
1209 1791 1404 1846 terreni
1433 1809 1444 1844 :
1477 1789 1605 1857 Quis
1629 1789 1815 1843 simi.‘is
1842 1788 2031 1850 bestite,
2059 1797 2105 1840 et
2142 1765 2186 1826 β

518 1882 632 1951 quis
660 1883 846 1950 poterit
873 1897 1108 1953 pugnare
1134 1897 1251 1935 cum
1279 1880 1377 1935 ea?
1405 1877 1673 1933 Terribilis
1705 1879 1902 1932 ceteris
1934 1876 2106 1931 bestiis

520 1971 718 2026 dicitur
757 1979 808 2026 et
849 1970 1140 2026 dissimilis.
1181 1971 1286 2026 Séd
1325 1987 1494 2042 agnus
1529 1969 1820 2024 adveniens
1852 1968 2109 2022 adversus

519 2075 640 2115 eam
671 2062 726 2115 in
761 2061 1060 2116 certamine
1095 2061 1360 2126 surrexit,
1396 2069 1451 2114 et
1481 2060 1718 2114 moriens
1749 2059 1984 2129 praedam
2011 2075 2108 2114 ex-

519 2155 710 2210 cussit.
741 2154 1034 2208 Excutiunt
1058 2163 1113 2209 et
1137 2155 1296 2208 hodie
1323 2156 1444 2226 agni
1471 2153 1709 2223 pretioso
1737 2151 1998 2223 sanguine
2025 2168 2111 2206 re-

522 2247 721 2316 dempti
739 2245 876 2318 Agni
905 2245 1314 2301 incontaminati
1340 2253 1394 2301 et
1419 2245 1748 2300 immaculati
1771 2243 1990 2308 Christi,
2016 2258 2112 2314 per

522 2337 673 2393 illum
700 2338 910 2407 Agnum
939 2354 1096 2408 quem
1124 2339 1267 2394 Deus
1288 2340 1568 2394 suscitavit
1597 2352 1628 2392 a
1656 2337 1903 2392 mortuis.
1931 2337 1998 2392 Et
2023 2337 2113 2392 hic

525 2443 695 2499 agnus
722 2436 777 2482 et
801 2429 973 2483 bestia
997 2439 1186 2484 contra
1213 2430 1470 2484 contrarii
1497 2430 1596 2483 sibi
1625 2438 1750 2484 sunt
1771 2429 1824 2483 in
1848 2427 2108 2484 Ecclesia.

565 2517 716 2572 estia:
741 2525 939 2579 autem,
968 2532 1088 2586 quat
1111 2519 1380 2572 contraria
1409 2525 1492 2572 est
1517 2517 1691 2588 Agno,
1719 2533 1825 2571 non
1859 2515 2108 2586 speciale,

521 2603 615 2659 sed
643 2604 893 2674 generale
927 2621 1124 2660 nomen
1151 2591 1252 2669 est,
1281 2614 1336 2661 et
1367 2607 1510 2676 quod
1541 2607 1737 2662 multas
1770 2606 1965 2660 habeat
1989 2619 2113 2674 par-

523 2703 623 2758 tes,
655 2711 776 2764 quae
803 2703 1008 2764 septem
1035 2697 1302 2766 capitibus
1329 2695 1596 2750 distinctis
1620 2695 1892 2750 scribitur.
1923 2693 2029 2748 Sed
2054 2693 2110 2747 in

524 2789 831 2845 narratione
855 2805 954 2858 pro
977 2789 1110 2844 locis
1134 2788 1535 2859 intelligendum
1561 2796 1644 2842 est
1665 2787 1878 2857 qualem
1901 2792 2110 2856 partem

525 2879 712 2934 bestia).
751 2879 929 2945 dicat,
960 2895 1079 2949 quae
1122 2887 1324 2948 septem
1357 2878 1623 2948 Capitibus
1649 2895 1714 2933 ex
1745 2892 1853 2932 uno
1887 2891 2113 2948 corpore

523 2980 760 3028 constat.
784 2971 1084 3040 Aliquando
1107 2971 1251 3026 enim
1275 2971 1548 3026 diabolum
1576 2970 1705 3026 dicit
1731 2971 1987 3036 bestiam;
2017 2967 2114 3024 ali-

525 3062 738 3133 quando
775 3055 1036 3126 inﬁdeles,
1081 3060 1136 3116 id
1180 3069 1282 3126 est,
1327 3061 1442 3116 sine
1483 3061 1780 3130 baptismo;
1825 3059 2111 3131 aliquando

526 3154 864 3210 Christianos
898 3155 1096 3218 malos,
1143 3153 1196 3209 id
1243 3162 1354 3220 est,
1396 3153 1668 3224 vulgarem
1713 3153 1924 3223 plebem
1970 3153 2112 3210 intra

528 3245 821 3300 Ecclesiam
839 3285 853 3310 ,
881 3245 972 3314 qui
1003 3251 1209 3298 tantum
1237 3244 1454 3299 nomine
1476 3243 1768 3298 Christiani
1799 3251 1955 3310 sunt,
1987 3259 2115 3314 ope-

526 3337 676 3392 ribus
708 3351 837 3391 vero
865 3335 1052 3392 bestiae
1090 3343 1248 3400 sunt;
1287 3333 1576 3404 aliquando
1611 3334 1882 3404 principes
1909 3335 2108 3400 malos;

528 3429 814 3499 aliquando
843 3427 1146 3492 haereticos,
1171 3427 1261 3496 qui
1289 3425 1428 3480 male
1464 3426 1704 3480 sentiunt
1731 3433 1786 3481 et
1811 3426 1948 3481 male
1977 3442 2116 3496 pra:-

526 3521 709 3577 dicant
737 3521 802 3575 de
844 3517 1088 3583 Christo;
1129 3515 1416 3587 aliquando
1457 3517 1798 3588 hypocritas,
1828 3518 1920 3587 qui
1949 3517 2112 3572 simu-

513 3613 641 3667 alant
671 3592 1010 3666 sanctitatem
1031 3651 1045 3674 ,
1069 3618 1125 3665 et
1152 3625 1250 3664 nec
1275 3610 1462 3664 dicunt
1491 3609 1556 3665 de
1585 3608 1820 3675 Christo,
1848 3625 1948 3664 nec
1974 3610 2116 3666 scire

528 3703 713 3756 volunt
752 3703 880 3770 quid
923 3703 1106 3756 dicant
1142 3700 1228 3755 vel
1257 3700 1478 3756 credere
1517 3700 1766 3756 debeant.
1811 3700 2116 3770 Aliquando

528 3792 671 3846 enim
704 3791 1080 3846 schismaticos
1119 3789 1251 3844 dicit
1291 3789 1384 3859 qui
1429 3799 1575 3845 recte
1611 3790 1839 3844 credunt
1872 3799 1928 3844 et
1970 3798 2115 3846 recte

529 3879 827 3948 pratdicant
863 3877 1158 3942 Christum,
1191 3878 1284 3932 sed
1329 3878 1483 3933 scissi
1524 3887 1649 3934 sunt
1675 3881 1743 3933 ab
1781 3879 1988 3934 unitate
2016 3879 2112 3934 Ec-

531 3969 728 4035 clesia),
774 3985 882 4024 non
923 3984 1164 4038 corpore,
1215 3971 1311 4025 sed
1353 3971 1552 4026 animo.
1605 3970 1851 4026 Schisma
1895 3971 2037 4026 enim
2083 3987 2114 4026 a

530 4060 766 4115 scissura
809 4059 1110 4114 animarum
1141 4067 1330 4114 vocata
1371 4069 1474 4114 est.
1517 4060 1718 4116 Eodem
1759 4061 1901 4116 enim
1943 4062 2111 4127 cultu,

527 4150 717 4206 eodem
750 4151 859 4206 ritu
889 4150 1062 4206 credit
1091 4158 1150 4204 ut
1191 4150 1374 4206 caeteri
1404 4151 1674 4223 religiosi,
1718 4153 1812 4208 sed
1841 4152 1958 4208 solo
1987 4170 2115 4208 con-

527 4244 862 4316 gregationis
890 4243 1186 4298 delectatur
1213 4243 1454 4310 dissidio,
1487 4253 1545 4299 ut
1581 4261 1704 4300 cum
1733 4245 1946 4300 czeteris
1968 4261 2116 4300 com-

525 4335 677 4391 muni
724 4335 870 4390 nullo
908 4333 1160 4389 fulciatur
1200 4335 1428 4390 consilio
1463 4350 1478 4390 :
1515 4344 1570 4390 et
1616 4344 1786 4392 totum
1825 4337 1968 4406 quod
2008 4337 2110 4392 sibi

523 4439 686 4497 agere
716 4425 946 4491 videtur,
977 4435 1221 4480 sanctum
1265 4426 1320 4480 in
1361 4443 1460 4482 suo
1501 4429 1662 4484 corde
1706 4443 1826 4484 esse
1865 4437 2104 4497 putatur.
2139 4462 2191 4522 υ

525 4524 614 4583 Fit
643 4531 822 4578 autem
862 4523 1126 4588 schisma,
1158 4538 1281 4578 cum
1317 4523 1504 4578 dicunt
1531 4523 1776 4578 homines
1802 4541 1814 4576 :
1844 4521 1982 4577 Justi
2023 4539 2112 4578 su-

527 4617 670 4683 mus,
701 4631 800 4672 nos
835 4615 1237 4671 sanctiﬁcamus
1264 4615 1318 4668 in
1359 4615 1580 4678 mundo,
1613 4623 1668 4668 et
1695 4622 1890 4669 czetera
1929 4613 2015 4668 his
2042 4613 2114 4667 si-

529 4708 700 4767 milia.
751 4706 866 4762 Hoc
907 4714 1078 4761 totum
1121 4720 1218 4774 per
1256 4704 1462 4772 singula
1504 4702 1677 4757 oﬁieia
1721 4703 1882 4756 unius
1927 4701 2114 4756 bestia:

521 4800 908 4857 describuntur
932 4797 1127 4866 capita.
1156 4795 1343 4864 Capita
1373 4795 1644 4860 dicuntur,
1670 4793 1797 4864 quia
1824 4793 2114 4862 unusquis-

523 4909 630 4965 que
661 4893 907 4963 sequitur
929 4905 1040 4946 sute
1063 4887 1352 4944 voluntatis
1378 4887 1680 4942 arbitrium.
1713 4885 1839 4941 Sola
1868 4885 2110 4958 Ecclesia

525 4987 638 5055 agit
665 5002 786 5040 cum
817 4983 1060 5046 consilio,
1092 4995 1159 5036 nc
1182 4981 1443 5050 poeniteat
1468 4987 1587 5048 post
1615 4976 1838 5034 factum.

599 5075 791 5130 XXXI.
831 5075 984 5143 Quod
1005 5083 1065 5129 ut
1091 5072 1412 5128 testimoniis
1439 5074 1815 5141 approbemus,
1841 5086 1907 5127 ex
1928 5072 2112 5129 multis

523 5181 689 5220 unum
723 5166 873 5222 Pauli
911 5151 1140 5237 apostoli
1181 5162 1518 5234 proferamus
1551 5161 1876 5232 exemplum.
1912 5161 2015 5230 Qui
2044 5179 2111 5219 ne

525 5242 664 5312 forte
705 5259 758 5312 in
789 5274 1016 5314 vacuum
1057 5264 1303 5314 curreret
1346 5263 1442 5311 aut
1480 5256 1830 5320 cucurrisset,
1875 5257 2110 5326 primum

525 5350 891 5420 apostolorum
919 5350 1200 5420 requisivit
1243 5347 1485 5404 Petrum.
1529 5347 1634 5404 Per
1675 5347 1778 5406 hoc
1805 5348 2109 5418 exemplum

519 5443 738 5514 prolicit
763 5441 1035 5508 Ecclesia,
1072 5457 1191 5512 qua:
1216 5449 1301 5496 est
1327 5442 1521 5496 summi
1548 5441 1742 5510 capitis
1785 5442 2105 5496 membrum-

522 5535 656 5604 Quze
697 5535 874 5591 omnis
903 5533 1285 5589 Christiamtas
1327 5547 1435 5588 una
1477 5532 1690 5587 videtur
1731 5531 1994 5587 Ecclesia.
2041 5529 2110 5585 Et

521 5628 677 5684 mulli
709 5636 820 5683 toto
863 5625 1060 5680 mentis
1104 5624 1297 5680 ardore
1327 5625 1468 5680 bene
1507 5637 1568 5680 se
1609 5623 1856 5678 laborare
1897 5629 2106 5692 putant,

524 5724 620 5782 sed
648 5724 912 5780 incertum
935 5728 1017 5778 est
1039 5727 1218 5776 utrum
1246 5717 1358 5776 Deo
1379 5717 1648 5788 placeant.
1681 5718 1833 5775 Unus
1855 5732 1982 5786 ager
2004 5727 2104 5782 est,

2137 3107 2186 3172 C

2210 516 2658 584 superscminavit.
2699 515 2780 570 Ad
2807 531 2968 585 quam
2996 515 3375 572 eradicandam
3401 533 3524 571 cum
3553 519 3804 588 discipuh

2211 603 2290 657 ire
2330 619 2388 658 se
2425 615 2803 674 proponerent,
2839 607 3098 662 Dominus
3127 618 3310 662 noster
3346 609 3664 676 prohibuit,
3713 613 3803 665 sibi

2211 710 2493 752 reservans
2525 698 2800 766 palearum
2837 708 2892 753 et
2920 698 3174 754 frumenti
3218 704 3648 770 separationem.
3689 702 3805 756 "(re

2210 796 2330 840 sunt
2359 803 2482 841 vasa
2510 788 2624 852 irae,
2647 800 2694 842 et
2723 807 2846 844 rasa
2873 791 3267 854 misericordite,
3295 807 3413 860 qua:
3440 794 3492 846 in
3516 795 3700 847 domo
3723 795 3801 847 Dii

2211 877 2279 930 ab
2303 876 2563 946 Apostolo
2597 880 2977 948 praedicantur.
3011 881 3236 935 Venient
3260 897 3388 951 ergo
3413 883 3528 938 dies
3561 887 3800 952 quando,

2211 965 2464 1020 thesauro
2493 967 2744 1024 Ecclesia:
2769 977 2977 1040 aperto,
3004 969 3242 1040 proferet
3272 972 3526 1026 Dominus
3549 990 3696 1027 vas:
3721 976 3801 1028 ire

2211 1071 2342 1122 suae,
2393 1058 2588 1126 quibus
2636 1061 2958 1116 exeuntibus
3007 1061 3180 1116 sancti
3228 1063 3405 1116 dicent
3453 1081 3467 1116 :
3515 1063 3613 1116 ΕΞ
3668 1066 3800 1117 nabis

2211 1149 2464 1213 exierunt,
2505 1150 2595 1204 sed
2627 1168 2730 1205 non
2759 1151 2967 1222 [uerunt
3007 1169 3073 1206 ea:
3102 1153 3268 1206 nobis.
3315 1151 3374 1208 Si
3406 1155 3541 1208 enim
3581 1155 3798 1222 fuissent

2209 1255 2274 1293 ea:
2295 1241 2459 1305 nobis,
2481 1243 2884 1310 pet-mansissent
2908 1244 3085 1314 utique
3111 1245 3394 1298 nobiscum.
3421 1243 3600 1298 Nemo
3632 1255 3799 1314 potest

2211 1330 2408 1386 Christi
2440 1331 2722 1386 victoriam
2752 1332 2852 1387 sibi
2895 1347 3190 1396 assumere,
3239 1350 3395 1388 nemo
3439 1344 3568 1388 ante
3613 1333 3798 1402 iudicii

2211 1423 2351 1477 diem
2377 1421 2444 1476 de
2489 1421 2798 1477 hominibus
2839 1421 3106 1491 judicare.
3157 1423 3215 1478 Si
3254 1423 3365 1493 jam
3409 1427 3691 1480 mundata
3729 1437 3799 1483 est

2210 1512 2470 1578 Ecclesia,
2499 1511 2630 1582 quid
2668 1513 2894 1570 Domino
2931 1517 3306 1570 reservamus?
3345 1515 3436 1569 Est
3465 1518 3544 1569 ria
3572 1535 3709 1588 qme
3732 1521 3799 1572 ri-

2209 1605 2364 1660 detur
2395 1621 2505 1660 esse
2541 1605 2681 1676 apud
2710 1606 2943 1661 homines
2971 1617 3132 1670 recta,
3169 1609 3444 1662 novissima
3475 1620 3668 1662 autem
3699 1611 3799 1681 ejus

2210 1695 2418 1750 veniunt
2451 1695 2507 1749 in
2544 1695 2864 1766 profundum
2899 1696 3112 1766 inferni.
3152 1697 3208 1750 ln
3237 1698 3334 1752 hoc
3360 1714 3546 1753 errore
3582 1697 3794 1766 iudicii,

2210 1805 2332 1859 quae
2367 1796 2544 1858 potest
2577 1804 2698 1846 esse
2725 1797 2870 1844 certa
2907 1791 3204 1844 sententia?
3238 1789 3490 1854 Proinde,
3526 1795 3667 1861 quia
3704 1811 3798 1848 non

2209 1889 2292 1936 est
2324 1888 2472 1937 certa
2509 1880 2804 1944 sententia,
2841 1881 2998 1936 debet
3024 1881 3260 1936 eharitas
3287 1898 3412 1937 una.
3453 1881 3561 1938 Sed
3589 1899 3661 1938 ea
3697 1886 3794 1954 ipsa

2209 1973 2448 2028 charitas
2475 1987 2578 2026 non
2605 1971 2805 2042 poterit
2821 1987 2941 2026 esse
2961 1980 3124 2036 certa,
3156 1974 3199 2027 si
3225 1973 3357 2029 ﬁdes
3378 1973 3544 2028 fuerit
3569 1975 3796 2030 incerta.

2208 2063 2442 2119 Proinde
2465 2064 2821 2118 communiter
2842 2064 3018 2118 omnis
3041 2063 3278 2119 Ecclesia
3306 2067 3628 2136 perquirere
3652 2068 3798 2122 debet

2210 2157 2372 2212 ﬁdem
2403 2172 2610 2221 veram,
2638 2163 2694 2210 et
2715 2157 2966 2211 omnibus
2991 2156 3164 2211 modis
3187 2157 3394 2212 evitare
3421 2159 3797 2213 haereticorum

2209 2262 2438 2302 venena.
2486 2244 2602 2300 Non
2630 2245 2772 2300 enim
2813 2246 2931 2301 sine
2970 2246 3178 2302 ratione
3207 2255 3370 2316 caput
3414 2245 3582 2316 hujus
3625 2250 3796 2304 bestia:

2210 2336 2358 2392 velut
2383 2336 2622 2390 occisum
2653 2335 2927 2390 scribitur.
2960 2334 3137 2390 Bestia
3167 2337 3348 2405 itaque
3374 2353 3545 2407 quam
3569 2340 3704 2394 dicit
3728 2341 3798 2393 in-

2211 2435 2296 2483 ter
2325 2425 2594 2484 diabolum
2623 2437 2678 2480 et
2699 2423 2972 2481 Christum
3002 2442 3286 2497 personam
3310 2444 3420 2484 non
3452 2431 3654 2495 habet,
3683 2431 3797 2499 quia

2212 2519 2266 2576 in
2303 2518 2418 2574 solo
2456 2526 2540 2572 est
2572 2517 2834 2573 vocabulo
2871 2517 3014 2588 quod
3053 2518 3240 2574 dicunt
3277 2533 3337 2575 se
3377 2519 3620 2575 adorare.
3653 2523 3798 2576 Chn-

2212 2620 2377 2675 stum,
2406 2610 2496 2679 qui
2529 2617 2774 2664 mortuus
2799 2619 2882 2664 est
2907 2618 2962 2665 et
2985 2612 3299 2666 resurrexit.
3327 2611 3459 2666 Haec
3487 2613 3665 2667 bestia
3685 2628 3798 2669 uim

2213 2702 2424 2758 duobus
2445 2701 2699 2756 cornibus
2725 2699 2840 2771 ipsa
2866 2709 2952 2755 est
2973 2701 3354 2756 haereticorum
3382 2718 3518 2772 pars
3547 2719 3670 2756 cum
3693 2718 3801 2756 out—

2211 2795 2372 2849 nibus
2413 2793 2517 2848 sibi
2563 2792 3044 2859 consentientibus,
3092 2801 3201 2847 tam
3252 2793 3358 2848 ﬁde
3407 2809 3577 2864 quam
3621 2807 3800 2863 apere.

2213 2885 2345 2953 Qua:
2383 2891 2544 2952 caput
2589 2883 2788 2938 dicitur
2825 2883 2972 2938 velut
3009 2883 3280 2948 occisum,
3322 2883 3378 2938 id
3419 2893 3508 2939 est
3545 2875 3802 2939 tﬂaciter

2213 2973 2602 3030 Christianum.
2633 2971 2691 3026 In
2721 2988 2829 3042 quo
2856 2973 3114 3030 vocabulo
3143 2975 3416 3030 diabolum
3438 2975 3692 3041 adorant,
3715 2976 3807 3044 qui

2215 3068 2320 3122 hoc
2347 3065 2692 3122 simulacrum
2721 3065 2835 3121 suis
2861 3066 3164 3133 adinvenit,
3191 3077 3252 3124 ut
3279 3071 3381 3124 sub
3406 3071 3618 3124 nomine
3642 3070 3812 3126 Chri-

2215 3155 2506 3212 stianitatis
2529 3155 2818 3210 maximam
2841 3165 3047 3226 partem
3078 3159 3146 3212 ab
3175 3157 3412 3213 Ecclesia
3433 3159 3720 3224 excludat,
3755 3169 3812 3217 et

2215 3245 2378 3318 capiti
2408 3261 2506 3301 suo
2534 3245 2748 3301 diabolo
2775 3247 3083 3318 coniungat.
3126 3247 3195 3301 Et
3228 3248 3316 3304 ille
3354 3250 3554 3304 habeat
3587 3266 3804 3322 mrpus.

2215 3351 2337 3392 cum
2362 3351 2470 3407 quo
2499 3351 2557 3391 se
2585 3344 2640 3391 et
2668 3335 2798 3392 illud
2825 3338 2892 3392 ad
2921 3335 3214 3393 inferorum
3243 3346 3447 3393 tartara
3473 3343 3678 3396 tradat.
3701 3342 3806 3397 Nos

2215 3429 2507 3484 adoramus
2534 3427 2778 3499 Agnum,
2810 3429 2901 3498 qui
2931 3430 3142 3484 occisus
3173 3439 3258 3485 est
3285 3437 3340 3484 et
3369 3433 3694 3487 resurrexit.
3731 3432 3802 3487 Illi

2214 3519 2442 3576 adorant
2463 3519 2712 3583 bestiam,
2743 3535 2862 3589 quae
2885 3533 2944 3574 se
2979 3521 3142 3575 habet
3171 3515 3222 3574 in
3263 3520 3586 3589 huiusmodi
3621 3523 3802 3578 simili-

2216 3611 2478 3666 tudinem.
2505 3611 2640 3665 Tres
2670 3611 2850 3679 itaque
2873 3617 3016 3675 sunt,
3045 3611 3100 3664 id
3125 3618 3225 3674 est,
3257 3607 3535 3676 diabolus,
3566 3623 3618 3666 et
3641 3628 3800 3682 popu-

2214 3702 2318 3768 lus,
2349 3711 2404 3756 et
2426 3703 2598 3758 bestia
2624 3702 2771 3758 velut
2803 3704 3004 3767 occisa,
3035 3717 3153 3771 qute
3175 3712 3260 3757 est
3284 3704 3581 3768 mediator,
3615 3706 3668 3760 in
3687 3705 3800 3775 qui-

2213 3792 2315 3848 bus
2361 3791 2610 3848 Christus
2657 3799 2892 3848 resonat.
2945 3791 3014 3846 Et
3060 3792 3186 3861 quia
3232 3807 3301 3846 ex
3345 3803 3513 3860 parte
3565 3795 3799 3854 bestiam.

2214 3885 2430 3956 quando
2470 3885 2702 3939 mediam
2737 3885 2966 3940 bestiam
3007 3883 3136 3938 dicit
3167 3883 3408 3948 adorari,
3451 3886 3509 3938 in
3545 3885 3803 3940 diabolum

2216 3992 2304 4032 res
2333 3976 2493 4041 cadit,
2535 3976 2628 4046 qui
2671 3991 2825 4032 suum
2867 3984 2921 4031 et
2959 3975 3335 4032 haereticorum
3381 3976 3574 4031 locum
3612 3977 3799 4047 implet.

2213 4082 2312 4137 per
2334 4082 2562 4136 quorum
2587 4081 2650 4122 os
2675 4066 2913 4136 loquitur
2937 4067 2992 4120 in
3021 4065 3280 4120 Ecclesia.

2284 4155 2498 4210 XXXII.
2541 4156 2682 4210 Dicit
2723 4171 2878 4226 super
2923 4154 3096 4208 decem
3147 4171 3346 4209 cornua
3400 4157 3590 4210 decent
3635 4157 3803 4210 dide-

2214 4259 2378 4313 mata,
2407 4249 2509 4302 hoc
2529 4255 2631 4312 est,
2658 4247 2802 4318 quod
2829 4261 2984 4317 reges
3005 4262 3132 4302 suos
3157 4255 3264 4300 tam
3295 4247 3456 4302 vivos
3477 4263 3649 4318 quam
3673 4263 3803 4302 mor-

2215 4346 2337 4394 tuos
2371 4337 2606 4403 laudant,
2643 4347 2699 4393 et
2730 4337 2892 4391 velut:
2918 4337 2970 4391 in
2994 4336 3187 4392 caalum
3215 4345 3381 4406 atque
3418 4338 3570 4393 inter
3601 4347 3806 4392 sanctis

2214 4428 2504 4484 translatos
2541 4443 2662 4484 esse
2699 4427 3030 4482 existimant.
3057 4426 3262 4482 Nomen
3285 4441 3420 4482 vero
3439 4428 3802 4499 blasphemiz.

2215 4519 2356 4589 quod
2383 4532 2542 4586 super
2563 4524 2765 4586 septem
2791 4518 2966 4586 capita
2993 4517 3154 4582 vidit,
3179 4517 3285 4571 hoc
3309 4524 3423 4583 est,
3447 4519 3604 4586 quod
3630 4533 3689 4572 se
3711 4517 3803 4570 Ec-

2213 4609 2430 4665 clestam
2458 4608 2644 4662 dicunt
2666 4615 2720 4661 et
2743 4607 3039 4662 Eoclesiam
3068 4615 3488 4678 persequuntur.
3527 4607 3705 4662 Draco
3731 4616 3807 4661 est

2213 4702 2476 4770 serpentis
2511 4701 2772 4769 operatio.
2815 4697 3004 4764 Rufus,
3045 4699 3226 4755 carnis
3262 4699 3668 4764 habitaculum,
3708 4715 3807 4768 qua

2211 4790 2375 4845 draco
2412 4789 2525 4860 ipse
2559 4789 2738 4845 carnis
2771 4789 3035 4844 habitatio
3066 4797 3168 4844 est.
3209 4787 3409 4842 Decem
3443 4803 3660 4844 cornua
3687 4790 3806 4843 dra-

2211 4880 2381 4944 conis,
2403 4881 2574 4936 virtus
2597 4887 2680 4935 est
2705 4880 2838 4949 legis
2861 4879 3067 4935 alienat.
3092 4878 3265 4934 Draco
3287 4893 3437 4946 vero,
3462 4879 3562 4934 ille
3588 4895 3807 4952 magnus

2211 4987 2433 5042 serpens
2469 4971 2754 5041 antiquus,
2786 4972 2879 5042 qui
2913 4979 3136 5026 vocatur
3169 4971 3415 5026 diabolus
3448 4980 3507 5026 et
3554 4971 3806 5028 Satanas.

2209 5065 2334 5120 Ideo
2359 5065 2556 5120 dicitur
2580 5065 2759 5128 draco,
2789 5065 2916 5135 quia
2949 5075 3134 5120 terret.
3173 5064 3418 5134 Magnus,
3451 5066 3593 5134 quia
3627 5076 3809 5138 potas

2209 5158 2442 5224 videtur,
2474 5166 2528 5211 et
2558 5157 2760 5212 exaltat
2797 5158 2850 5211 in
2881 5157 3093 5226 spiritu.
3128 5157 3384 5228 Serpens,
3411 5159 3548 5227 quia
3587 5176 3700 5215 non
3725 5161 3808 5214 de

2208 5250 2576 5320 prehenditur,
2619 5249 2713 5303 sed
2753 5248 3303 5317 irrepreltensibiliter
3341 5249 3516 5319 serpit
3557 5260 3622 5305 et
3660 5249 3808 5305 fallit.

2209 5341 2476 5409 Antiquus
2502 5339 2623 5393 ideo
2647 5346 2890 5400 vocatur,
2925 5337 3052 5407 quia
3085 5347 3139 5391 et
3167 5353 3198 5390 a
3235 5339 3503 5409 principio
3531 5344 3739 5412 cepit,
3761 5349 3810 5394 et

2207 5432 2405 5486 veteris
2429 5431 2666 5485 hominis
2689 5430 2897 5498 accepit
2919 5437 3262 5498 potestatem.

2278 5521 2516 5579 XXXIII.
2556 5521 2810 5577 Diabolus
2852 5522 2972 5576 ideo
3013 5529 3271 5587 vocatur,
3312 5521 3444 5592 quia
3488 5524 3809 5580 consilia»!

2211 5619 2314 5676 sibi
2335 5616 2566 5682 videtur,
2588 5624 2641 5670 et
2677 5615 2834 5684 sapit.
2862 5614 2930 5669 Et
2953 5622 3238 5684 postquam
3266 5617 3614 5682 persuaserit
3647 5617 3808 5673 horai

2210 5731 2356 5780 nem,
2379 5723 2632 5784 tanquam
2668 5727 2773 5767 non
2809 5727 2919 5767 suae
2953 5710 3342 5782 persuasionis,
3367 5710 3464 5765 sed
3500 5714 3690 5769 nostri
3719 5728 3808 5781 pa-
