3952 6318
195 336 311 393 997

901 332 1178 390 HETERH
1215 334 1303 391 ET
1340 334 1398 390 S.
1433 332 1632 389 BEATI
1669 329 1760 386 AD
1798 327 2191 386 ELIPANDUM
2230 330 2443 388 EPIST.
2483 363 2557 377 --
2590 333 2719 391 LIB.
2760 335 2823 394 II.

3349 348 3468 411 998

190 454 309 509 tius
337 451 559 507 admissi
594 449 905 506 criminator
930 456 1172 522 apparet.
1199 451 1423 515 Pardus,
1457 451 1581 520 quia
1610 448 1783 504 varie-
1810 450 1856 507 Α
1885 454 2009 501 sunt
2037 446 2315 503 duodecim
2361 448 2588 517 apostoli
2634 450 2687 504 in
2731 450 2966 516 Christo,
3004 454 3143 510 sicut
3174 455 3467 520 duodecim

191 552 371 599 tatem
397 551 452 598 et
480 541 748 598 fallaciam
775 542 1106 612 deceptionis
1138 543 1390 597 ostendit.
1428 542 1617 605 Ursus,
1655 541 1782 610 quia

193 637 446 706 rapinam
489 649 742 690 sensuum
778 644 832 689 et
870 649 1092 703 operum
1132 634 1486 705 malignorum
1525 640 1626 689 est.
1674 633 1783 687 Leo

194 742 353 793 vero,
383 727 508 796 quia
544 727 809 795 superbia:
845 732 1004 795 atque
1042 726 1242 780 erroris
1280 734 1362 779 est
1392 725 1585 778 forma.
1624 724 1782 779 Dedit

193 820 365 875 draco
392 819 566 873 bestia
590 819 825 871 virtutem
853 834 1024 881 suam,
1054 827 1099 871 et
1128 817 1300 871 sedem
1324 833 1473 871 suam
1496 834 1515 871 :
1541 816 1670 886 quia
1699 817 1784 871 in-

193 918 283 965 tra
321 909 618 966 Ecclesiam
651 916 777 961 sunt
822 907 1080 969 haeretici,
1125 908 1216 977 qui
1257 906 1497 962 Ecclesia
1536 908 1786 961 videntur

190 1016 322 1057 esse
350 1007 405 1054 et
432 997 671 1053 Ecclesia
712 1013 817 1053 non
857 1006 1000 1051 sunt.
1031 997 1097 1051 Et
1125 1012 1222 1066 per
1247 1013 1307 1051 os
1336 998 1579 1053 diabolus
1609 996 1784 1065 loqui-

190 1100 313 1155 tur,
350 1105 486 1159 quos
524 1089 576 1142 in
608 1087 845 1142 Ecclesia
878 1087 1124 1156 decipere
1158 1088 1292 1142 vult.
1330 1087 1398 1141 Et
1435 1088 1781 1142 adoraverant

193 1182 419 1235 bestiam
444 1181 669 1234 dicentes
693 1195 711 1232 :
736 1178 866 1244 Quis
894 1178 1081 1233 similis
1108 1179 1322 1234 bestiis?
1343 1189 1433 1233 aut
1458 1179 1574 1250 quis
1595 1179 1784 1248 poterit

192 1287 436 1340 pugnare
470 1286 588 1323 cum
625 1270 724 1323 ea?
752 1269 829 1323 Illi
866 1270 968 1324 hoc
1003 1269 1181 1323 taliter
1204 1285 1310 1324 non
1338 1270 1541 1325 dicunt.
1574 1268 1680 1324 Sed
1707 1268 1787 1323 di-

194 1370 333 1415 cunt
359 1375 375 1415 :
401 1360 534 1427 Quis
574 1360 764 1416 similis
799 1358 1050 1415 Christo?
1092 1369 1186 1415 aut
1229 1360 1350 1430 quis
1395 1360 1542 1415 illum
1587 1360 1787 1430 poterit

194 1452 459 1506 vincere?
512 1451 718 1520 Lingua
764 1449 1038 1505 Christum
1087 1450 1439 1519 profitentur,
1486 1449 1581 1504 sed
1626 1447 1785 1504 factis

197 1545 437 1599 bestiam
484 1550 798 1612 sequuntur.
850 1540 919 1595 Et
967 1541 1095 1611 facit
1144 1542 1293 1613 signa
1341 1557 1531 1611 magna
1573 1556 1592 1594 :
1635 1548 1689 1593 ut
1734 1544 1783 1593 et

193 1636 375 1705 ignem
420 1634 583 1702 faciat
614 1633 678 1685 de
721 1631 846 1686 cwlo
886 1631 1193 1686 descendere
1235 1632 1291 1686 in
1331 1641 1521 1685 terram
1566 1631 1621 1685 in
1663 1646 1786 1684 con-

196 1734 381 1781 ιινςειι
411 1726 701 1779 hominum.
743 1725 883 1795 Ignis
924 1725 1159 1794 Spiritus
1194 1734 1412 1780 sanctus
1442 1733 1545 1789 est,
1587 1724 1783 1779 caelum

1884 538 2030 593 hora:
2053 538 2154 593 diei
2183 538 2238 591 in
2264 537 2393 592 sole.
2424 536 2515 593 Sol
2536 537 2784 595 Christus
2807 541 3141 613 intelligitur,
3165 554 3463 609 secundum

1883 622 2161 702 Prophetzc
2189 636 2389 688 dictum
2420 652 2431 687 :
2472 633 2625 690 Vobis
2646 638 2735 708 qui
2763 640 2954 694 timetis
2984 640 3291 712 Dominum,
3326 652 3460 705 orie-

1883 734 1970 778 tur
2005 725 2085 779 sol
2117 726 2360 796 justitite.
2408 727 2473 781 Et
2509 736 2714 783 tantum
2763 731 2890 800 ipsis
2929 731 3251 793 Christianis
3289 741 3462 797 oritur

1885 816 1975 885 qui
2014 818 2203 870 timent
2247 815 2539 881 Christum,
2585 818 2638 871 id
2667 828 2766 881 est,
2813 821 2902 890 qui
2942 823 3167 879 credunt
3206 828 3259 881 in
3297 828 3459 885 Chri-

1886 914 2057 971 stum,
2083 916 2137 961 ct
2162 906 2440 961 imitantur
2462 910 2685 978 vestigia
2710 909 2845 977 ejus.
2875 912 2930 966 ln
2958 921 3163 970 tantum
3191 927 3249 972 ut
3274 921 3324 973 in
3357 920 3462 976 isto

1886 996 1973 1051 die
2012 997 2221 1065 possint
2264 998 2559 1053 ambulare.
2604 999 2670 1052 Et
2708 1000 2847 1056 sicut
2884 1002 2962 1057 sol
3004 1003 3135 1059 facit
3173 1009 3435 1066 duodecin

1885 1087 2046 1142 horas
2070 1089 2192 1153 dici,
2229 1098 2280 1142 et
2308 1105 2411 1143 non
2436 1089 2637 1144 faciunt
2660 1088 2843 1156 solem,
2869 1084 2949 1149 sic
2971 1093 3217 1154 Christus
3246 1100 3373 1156 fecit
3397 1116 3431 1159 ε

1886 1176 2046 1247 elegit
2064 1178 2342 1234 duodecim
2374 1180 2642 1249 apostolos
2673 1199 2684 1233 :
2717 1190 2771 1235 et
2799 1183 3075 1240 duodecim
3102 1192 3327 1256 apostoli
3355 1207 3463 1247 non

1887 1264 2128 1321 fecerunt
2180 1283 2277 1323 nec
2313 1269 2588 1339 elegerunt
2616 1268 2908 1326 Christum.
2951 1274 3101 1329 Sicut
3138 1277 3251 1348 ipse
3282 1280 3462 1336 Domi-

1886 1373 1989 1411 nus
2027 1360 2104 1413 ait
2138 1374 2153 1412 :
2197 1358 2320 1412 Non
2359 1376 2443 1413 ros
2484 1377 2564 1413 me
2606 1359 2830 1432 elegistis
2863 1380 2881 1416 :
2911 1365 3001 1418 scd
3042 1383 3133 1436 ego
3176 1369 3305 1439 elegi
3348 1389 3457 1426 ros.
3492 1434 3501 1443 _

1887 1447 2038 1503 Nunc
2057 1464 2184 1503 vero
2214 1450 2313 1518 ipsi
2344 1459 2467 1504 sunt
2496 1450 2586 1504 ﬁlii
2616 1449 2850 1521 adoptivi
2876 1456 2965 1523 qui
2988 1457 3141 1512 electi
3170 1464 3322 1523 sunt,
3351 1476 3459 1515 non

1887 1538 1974 1592 ille
2000 1539 2088 1608 qui
2119 1539 2299 1609 elegit.
2331 1540 2398 1593 Et
2427 1552 2602 1594 tamen
2633 1542 2723 1611 qui
2752 1544 2911 1613 elegit
2937 1554 2990 1599 et
3016 1548 3104 1616 qui
3132 1547 3287 1603 electi
3313 1557 3456 1616 sunt,

1884 1644 2023 1683 unus
2059 1629 2174 1685 dies
2203 1638 2315 1694 est,
2353 1646 2519 1685 unum
2548 1632 2726 1687 lumen
2766 1644 2868 1689 est.
2907 1635 2997 1691 Sol
3030 1637 3375 1706 illuminator,
3406 1652 3461 1697 et

1888 1720 2167 1776 duodecim
2203 1723 2348 1777 hora:
2376 1723 2684 1780 illuminatre
2712 1741 2742 1779 a
2778 1727 2908 1782 sole.
2944 1728 3035 1783 Sic
3067 1729 3313 1787 Christus
3342 1734 3461 1788 illu-

211 1812 446 1875 Icclesia
472 1823 575 1880 est,
608 1825 751 1870 terra
776 1794 879 1884 ipsi
907 1824 1032 1870 sunt
1061 1831 1197 1885 quos
1223 1817 1513 1884 baptizant,
1546 1822 1600 1869 et
1627 1821 1786 1869 ciete-
1819 1794 1857 1850 Β
1887 1814 2136 1878 minator,
2178 1820 2233 1867 et
2272 1815 2551 1870 duodecim
2589 1817 2814 1887 aposzoli
2854 1814 3135 1875 illuminati
3164 1838 3195 1875 a
3222 1821 3437 1878 Christo

198 1921 295 1961 -οε
332 1896 745 1961 ecclesiasticos
765 1907 981 1961 ordines
1015 1907 1175 1972 dicit,
1207 1923 1326 1977 quae
1357 1923 1452 1977 per
1481 1908 1624 1976 ipsos
1652 1906 1786 1960 ﬁunt

195 1998 257 2049 in
286 1996 548 2060 Ecclesia,
578 2011 677 2066 per
704 2011 822 2065 qua:
846 2006 1180 2052 sacramenta
1211 1999 1277 2053 ab
1306 1998 1412 2052 illis
1441 2006 1653 2052 tenetur
1680 1997 1785 2051 Ec-

193 2086 368 2140 clesia
396 2087 627 2155 captiva.
659 2085 1067 2141 Sacramentum
1093 2088 1432 2156 baptismatis
1472 2102 1578 2142 non
1606 2088 1783 2142 solum

194 2177 347 2231 intra
378 2177 431 2230 in
458 2176 748 2231 Ecclesiam
771 2176 1112 2241 catholicam,
1140 2178 1233 2231 sed
1256 2178 1417 2231 etiam
1444 2177 1583 2246 apud
1612 2178 1785 2232 haere-

194 2267 367 2330 ticos,
397 2268 489 2334 qui
517 2267 568 2320 in
600 2266 816 2322 nomine
841 2267 1038 2330 Patris,
1063 2274 1119 2321 et
1143 2266 1288 2331 Filii,
1317 2274 1371 2321 et
1398 2265 1632 2336 Spiritus
1658 2282 1784 2322 san-

193 2356 280 2411 cti
313 2357 602 2425 baptizant,
628 2371 745 2412 esse
770 2357 985 2427 quidem
1007 2358 1271 2427 baptisma
1300 2372 1477 2427 posse,
1509 2359 1600 2413 sed
1627 2367 1782 2414 extra

195 2448 501 2502 Ecclesiam
525 2448 841 2503 catholicam
872 2449 1129 2517 prodesse
1153 2464 1260 2503 non
1294 2463 1470 2518 posse.
1502 2449 1612 2505 lmo
1641 2451 1781 2505 sicut

166 2539 346 2593 .intra
376 2538 669 2594 Ecclesiam
700 2547 847 2594 recte
882 2540 1224 2595 credentibus
1258 2556 1355 2610 per
1384 2551 1779 2597 sacramentum

192 2632 453 2699 baptismi
478 2631 684 2686 confert
707 2631 963 2696 salutem,
992 2632 1072 2687 sic
1099 2640 1250 2685 extra
1280 2632 1576 2687 Ecclesiam
1606 2634 1780 2703 bapti-

195 2725 343 2785 zati,
384 2724 428 2778 si
472 2725 538 2778 ad
577 2723 871 2778 Ecclesiam
902 2739 1011 2778 non
1039 2724 1321 2788 redierint,
1355 2725 1542 2780 eodem
1580 2726 1781 2794 baptis-

197 2825 349 2869 mate
394 2814 740 2870 cumularunt
789 2814 892 2869 sibi
939 2814 1232 2884 perniciem
1284 2822 1338 2869 et
1387 2813 1776 2871 confusionem.

196 2907 435 2960 Tantum
465 2906 608 2960 enim
636 2904 775 2961 valet
796 2905 1175 2961 ecclesiastica:
1202 2906 1477 2961 societatis
1506 2907 1687 2962 unitas
1713 2908 1779 2962 ad

194 3001 428 3057 salutem
470 2999 743 3070 baptismi,
789 3007 850 3052 ut
893 3013 1000 3053 non
1050 2998 1309 3064 salvetur,
1356 2999 1440 3052 cui
1488 3014 1594 3053 non
1638 2999 1778 3053 intra

192 3093 495 3152 Ecclesiam
530 3092 706 3155 datur,
739 3091 832 3146 ubi
858 3098 1070 3160 oportet
1096 3099 1157 3145 ut
1181 3091 1355 3145 detur.
1390 3091 1570 3145 inesse
1599 3100 1777 3145 tamen

195 3183 409 3239 homini
438 3182 765 3252 baptismum
788 3181 952 3236 etiam
982 3189 1135 3236 extra
1160 3178 1455 3235 Ecclesiam
1483 3181 1775 3251 baptizata,

195 3274 298 3329 sed
327 3274 558 3327 maxime
585 3273 654 3327 ad
691 3271 1090 3341 damnationem
1132 3271 1200 3326 ab
1242 3270 1480 3325 Ecclesia
1510 3281 1778 3340 separato.

196 3367 312 3423 Sed
351 3368 477 3436 quia
522 3366 866 3422 manifestum
908 3376 1008 3431 est,
1052 3367 1358 3435 ubicunque
1397 3368 1579 3421 datum
1620 3366 1782 3424 fuerit

197 3462 310 3516 hoc
329 3462 614 3533 baptisma,
641 3461 808 3515 semel
830 3474 951 3516 esse
974 3462 1230 3525 dandum,
1257 3460 1378 3516 ideo
1399 3460 1499 3515 etsi
1524 3461 1591 3514 ab
1612 3460 1784 3513 hatre-

198 3552 331 3606 ticis
357 3552 411 3605 in
437 3552 653 3606 nomine
681 3550 877 3614 Patris,
904 3559 959 3604 ct
984 3549 1126 3615 Filii,
1152 3559 1207 3605 et
1231 3549 1464 3621 Spiritus
1493 3550 1663 3604 sancti
1690 3548 1785 3603 da-

199 3651 320 3696 tum
366 3640 548 3706 fuerit,
596 3641 974 3697 venerabiliter
1004 3642 1421 3712 agnoscendum,
1469 3648 1524 3696 et
1568 3641 1636 3695 ab
1681 3639 1784 3695 hoc

199 3732 512 3787 nullatenus
556 3732 877 3786 iterandum.
922 3731 991 3786 Et
1028 3733 1154 3802 quia
1195 3734 1372 3788 omnis
1407 3731 1784 3788 Christianitas

198 3822 462 3878 Ecclesiae
508 3836 704 3877 nomen
752 3823 943 3888 habet;
989 3833 1045 3880 et
1086 3821 1326 3878 inﬁdeles
1366 3824 1457 3893 qui
1502 3837 1610 3878 non
1658 3829 1785 3877 sunt

196 3914 492 3984 baptizati,
526 3922 679 3968 extra
712 3914 1006 3970 Ecclesiam
1034 3916 1300 3979 dicuntur,
1337 3923 1529 3985 putant
1564 3930 1623 3970 se
1659 3929 1783 3970 cum

197 4005 436 4059 audiunt
475 4015 625 4062 extra
665 4008 964 4063 Ecclesiam
999 4010 1107 4064 dici
1149 4010 1471 4079 baptizatos,
1501 4010 1645 4080 quod
1687 4024 1795 4078 pro.

198 4093 514 4151 inﬁdelibus
540 4098 787 4153 dicatur?
824 4097 940 4153 Non
966 4100 1110 4155 enim
1139 4099 1214 4154 ita
1242 4100 1645 4171 intelligendum
1671 4107 1781 4167 est,

197 4193 270 4239 ut
299 4193 501 4241 tantum
537 4187 672 4243 duas
704 4197 884 4259 partes
925 4190 1211 4244 credamus
1249 4190 1548 4254 hominum,
1586 4190 1639 4243 id
1677 4197 1780 4254 est,

197 4291 372 4331 unam
402 4286 607 4346 partem
641 4280 1059 4349 baptizatorum,
1086 4295 1204 4351 quae
1229 4281 1299 4336 sit
1327 4281 1597 4347 Ecclesia;
1628 4290 1684 4336 et
1707 4280 1785 4335 al-

195 4376 379 4423 teram
407 4368 715 4434 inﬁdelium,
742 4387 862 4441 quzc
878 4371 1112 4427 sitextra
1138 4371 1432 4427 Ecclesiam
1456 4389 1470 4426 :
1501 4387 1609 4426 non
1636 4372 1780 4427 enim

1885 1905 2131 1960 Christits
2184 1915 2267 1961 est
2313 1915 2503 1977 caput,
2556 1917 2611 1964 et
2657 1911 2934 1966 duodecim
2990 1914 3212 1983 apestoli
3267 1916 3462 1985 corpus

1882 1994 2114 2062 Christi,
2146 1998 2287 2066 quod
2321 2009 2404 2053 est
2438 2001 2615 2054 omnis
2649 2003 2868 2057 omnino
2894 2003 3131 2059 Eczlesia
3166 2002 3223 2060 in
3260 2006 3461 2061 duode-

1885 2088 2036 2142 nario
2074 2104 2296 2144 numero
2332 2090 2697 2159 apostolorum
2739 2093 3046 2147 constituta.
3086 2094 3183 2151 Hic
3214 2106 3296 2151 est
3318 2110 3461 2153 unus

1882 2178 2024 2242 dies,
2065 2178 2118 2233 id
2149 2187 2261 2243 εει,
2301 2194 2407 2233 una
2435 2194 2665 2249 persona
2692 2181 2939 2238 Christus
2964 2192 3016 2238 et
3052 2185 3288 2240 Ecclesia
3320 2203 3333 2239 :
3365 2188 3458 2257 qui

1883 2266 1936 2320 in
1972 2267 2074 2322 hoc
2101 2268 2188 2322 die
2221 2269 2491 2335 ambulat,
2529 2270 2643 2339 ipse
2681 2272 2918 2326 ambulat
2957 2281 3096 2327 intra
3136 2275 3451 2331 Ecclesiam.

1881 2359 1992 2415 Hos
2019 2368 2226 2415 tantum
2259 2362 2537 2417 duodecim
2564 2364 2863 2432 apostolos,
2899 2373 3148 2421 tanquam
3177 2368 3456 2424 duodecim

1879 2451 2043 2506 horas
2070 2451 2175 2507 diei
2199 2468 2296 2522 per
2315 2454 2624 2508 universum
2648 2456 2903 2510 mundum
2936 2457 3084 2512 misit
3102 2459 3369 2525 Christus,
3397 2472 3459 2517 ut

1879 2539 2056 2592 omnis
2081 2536 2368 2592 multitudo
2395 2538 2725 2594 credentium
2766 2540 2821 2594 in
2865 2542 2971 2597 isto
2999 2544 3114 2597 solo
3153 2546 3456 2602 ambularet

1878 2627 1995 2692 die,
2025 2628 2078 2683 id
2111 2636 2227 2692 εει,
2258 2628 2313 2682 in
2340 2629 2441 2683 ista
2478 2629 2588 2684 sola
2619 2630 2876 2685 Ecclesia.
2909 2631 3014 2688 Sed
3040 2649 3198 2690 nemo
3226 2638 3449 2692 creden-

1880 2718 2015 2772 tium
2042 2718 2113 2774 ibi
2139 2728 2317 2788 potest
2346 2719 2568 2787 ingredi,
2596 2720 2698 2774 nisi
2727 2721 2967 2777 imitatus
2995 2723 3158 2778 fuerit
3186 2727 3460 2795 apostolos

1879 2808 2101 2865 Christi.
2139 2810 2205 2864 Et
2245 2811 2370 2865 dum
2414 2811 2656 2865 Imitatus
2685 2810 2876 2877 fuerit,
2918 2814 2989 2867 sit
3030 2815 3143 2884 ipse
3183 2818 3459 2885 apostolus

1878 2898 2112 2964 Caristi,
2145 2900 2285 2955 sicut
2326 2909 2379 2954 et
2416 2900 2617 2956 Paulus
2642 2902 2913 2970 apostolus
2940 2904 3150 2960 dicebat
3184 2907 3462 2979 discipulis

1879 2993 1993 3045 suis
2023 3008 2035 3043 :
2071 2989 2368 3045 Imitatores
2395 2992 2496 3044 mei
2522 3000 2698 3055 estote,
2727 2992 2861 3046 sicut
2884 3003 2933 3046 et
2962 3011 3053 3064 ego
3080 2994 3291 3051 Christi.

1953 3082 2191 3137 XXXIV.
2255 3080 2373 3135 Jam
2429 3098 2571 3137 nunc
2632 3084 2870 3152 episcopi
2933 3087 3218 3141 cathedras
3269 3098 3460 3145 tenent

1884 3172 2168 3229 duodecim
2218 3172 2605 3242 apostolorum,
2655 3173 2701 3227 si
2747 3174 3030 3229 imitantur
3079 3179 3349 3246 apostolos
3404 3181 3459 3234 in

1885 3263 2008 3326 ﬁde,
2034 3270 2088 3315 et
2111 3276 2294 3330 opere,
2316 3270 2372 3315 et
2390 3260 2772 3331 pratdicatione
2798 3279 2810 3313 :
2835 3270 2891 3315 et
2914 3263 3013 3331 ipsi
3044 3263 3281 3321 Ecclesia
3313 3278 3462 3337 sunt,

1884 3352 2009 3421 quia
2053 3352 2109 3406 in
2146 3352 2388 3407 doctrina
2435 3350 2797 3420 apostolorum
2842 3362 2994 3416 sunt;
3035 3362 3091 3409 et
3114 3355 3457 3425 baptismata,

1883 3459 2003 3512 qua:
2024 3459 2119 3513 per
2141 3458 2335 3498 manus
2363 3443 2575 3497 illorum
2600 3443 2751 3509 ﬁunt,
2784 3444 2886 3513 ipsi
2915 3445 3166 3500 dicuntur
3202 3448 3459 3518 baptizati

1884 3539 2026 3592 intra
2054 3537 2371 3601 Ecclesiam,
2403 3538 2529 3607 quia
2559 3539 2826 3593 neminem
2854 3539 3130 3609 baptizant
3176 3541 3279 3595 nisi
3328 3550 3455 3595 tan-

1884 3636 1997 3682 tum
2022 3643 2116 3683 eos
2140 3629 2230 3698 qui
2257 3642 2449 3682 nomen
2473 3642 2630 3682 suum
2652 3628 2798 3683 dant.
2825 3628 2970 3694 Quos
2993 3630 3154 3684 etiam
3184 3630 3457 3685 instruunt

1882 3724 1939 3779 in
1964 3722 2069 3779 ﬁde
2106 3731 2161 3778 et
2185 3736 2366 3791 opere,
2393 3722 2625 3791 qualiter
2661 3724 2883 3778 credant
2914 3733 2969 3778 et
2992 3724 3225 3793 qualiter
3250 3726 3456 3788 vivant,

1883 3814 1960 3868 ita
2010 3822 2070 3868 ut
2111 3829 2206 3869 ore
2251 3815 2471 3883 proprio
2515 3812 2870 3884 proﬁteantur
2920 3814 3271 3885 apostolicum
3333 3814 3457 3871 ﬁdei

1884 3905 2184 3977 symbolum
2214 3921 2229 3960 :
2259 3903 2479 3959 Credere
2507 3904 2562 3957 in
2594 3902 2762 3957 Deum
2790 3903 3004 3958 Patrem
3031 3907 3455 3976 omnipotentem.

1884 3997 1953 4052 Et
1995 3997 2051 4050 in
2079 3994 2260 4049 Iesum
2282 3991 2544 4047 Christum
2572 3989 2620 4044 Γ
2623 3991 2771 4045 ilium
2799 3992 2915 4062 ejus
2950 3994 3161 4046 unicum
3196 3993 3381 4057 Deum,
3410 4003 3458 4047 et

1884 4086 2163 4141 Dominum
2202 4093 2436 4138 nostrum
2463 4099 2480 4137 :
2508 4084 2598 4153 qui
2639 4091 2792 4136 natus
2823 4091 2897 4136 est
2928 4082 2992 4135 de
3021 4081 3225 4151 Spiritu
3273 4092 3457 4138 sancto

1883 4194 1949 4233 ex
1986 4176 2161 4231 Maria
2204 4175 2417 4245 uirgine.
2462 4172 2529 4226 Et
2564 4174 2620 4226 in
2664 4171 2920 4243 Spiritum
2956 4181 3215 4225 sanctum.
3256 4171 3312 4224 In
3351 4187 3459 4239 qua

1884 4268 1988 4323 ﬁde
2022 4264 2278 4335 baptizati
2319 4271 2444 4317 sunt
2470 4279 2483 4314 :
2508 4270 2563 4315 et
2593 4261 2972 4315 abrenuntiant
3018 4258 3248 4323 diabolo,
3273 4267 3326 4314 et
3358 4275 3454 4313 an-

1883 4356 2015 4428 gelis
2045 4353 2177 4424 ejus,
2206 4353 2459 4425 operibus
2487 4350 2623 4420 ejus,
2650 4359 2704 4406 et
2730 4350 2970 4420 imperiis
3007 4348 3143 4419 ejus.

194 4457 448 4516 inﬁdeles
472 4438 798 4530 baptismum
829 4463 1061 4527 habent,
1093 4463 1184 4532 qui
1220 4477 1327 4518 non
1356 4462 1583 4518 credunt
1621 4461 1779 4518 Chri-
1804 4470 1855 4530 ι)
1952 4448 2167 4503 XXXV-
2208 4446 2287 4500 Ει
2316 4446 2448 4516 ίβ³ί³
2482 4443 2771 4532 δθρίίῑειῑίίε
2805 4443 2894 4496 alii
2935 4442 3223 4532 traduntur
3258 4438 3463 4532 scholas

192 4558 348 4603 stum
387 4548 581 4604 Filium
607 4551 732 4617 Dei,
760 4552 852 4606 sed
878 4560 1086 4607 tantum
1123 4552 1415 4608 Christiani
1451 4552 1650 4607 habent
1681 4553 1777 4608 ba-

194 4633 480 4712 ptismum.
525 4642 594 4697 Et
631 4644 744 4713 ipsa
782 4643 1162 4699 Christianitas
1203 4658 1323 4713 qua:
1356 4643 1625 4713 baptizata
1669 4651 1773 4709 est,

190 4731 372 4786 altera
410 4747 535 4801 pars
569 4741 650 4789 est
678 4749 797 4802 quae
825 4734 965 4788 intra
999 4734 1292 4789 Ecclesiam
1315 4740 1419 4789 est.
1448 4734 1515 4788 Et
1541 4734 1631 4789 illa
1658 4749 1778 4804 quae

196 4822 339 4877 foris
368 4822 604 4879 Ecclesia
632 4832 748 4887 est,
782 4823 836 4878 in
862 4825 997 4879 duas
1025 4832 1207 4893 partes
1234 4824 1403 4879 divisa
1432 4832 1544 4889 est,
1580 4824 1632 4880 id
1661 4832 1775 4888 est,

197 4915 257 4970 in
303 4916 609 4971 sacerdotes
643 4916 944 4979 haereticos,
980 4924 1033 4971 et
1076 4916 1131 4969 in
1166 4916 1333 4970 laicos
1367 4925 1553 4986 aperte
1584 4915 1775 4970 malos.

197 5005 298 5061 illa
325 5020 451 5076 pars
484 5022 602 5075 quae
627 5006 867 5062 Ecclesia
896 5007 1112 5072 dicitur,
1142 5008 1313 5061 sancti
1342 5015 1397 5062 et
1421 5007 1604 5061 ﬁdeles
1632 5016 1774 5070 sunt,

195 5095 296 5166 qui
331 5110 429 5165 pro
457 5096 673 5152 Christo
696 5098 875 5152 omnia
904 5112 998 5151 sua
1026 5098 1358 5167 reliquerunt
1382 5115 1395 5151 :
1422 5098 1509 5151 cui
1537 5098 1782 5152 dicturus

194 5197 286 5244 est
318 5189 371 5243 in
397 5189 484 5244 die
504 5188 690 5257 iudicii
718 5207 731 5243 :
778 5187 876 5243 Vos
905 5191 994 5261 qui
1019 5190 1288 5243 dimisistis
1316 5191 1492 5242 omnia
1520 5198 1707 5251 vestra,
1732 5198 1778 5241 et

196 5281 368 5334 secuti
387 5280 508 5334 estis
531 5296 631 5345 me,
654 5282 709 5334 in
729 5281 1112 5350 regeneratione
1136 5296 1254 5334 cum
1280 5279 1467 5333 sederit
1489 5277 1659 5332 Filius
1684 5278 1781 5332 Ito-

195 5369 362 5424 minis
390 5386 444 5423 in
468 5369 588 5424 sede
610 5370 900 5441 majestatis
923 5385 1052 5435 suae,
1080 5369 1319 5423 sedebitis
1341 5377 1389 5421 et
1412 5383 1498 5422 vos
1520 5382 1677 5436 super
1702 5382 1782 5420 se-

195 5461 295 5515 des
346 5460 655 5526 duodecim,
701 5461 1002 5531 judicantes
1049 5459 1322 5514 duodecim
1371 5459 1536 5512 tribus
1587 5457 1777 5511 Israel.

198 5552 496 5608 Duodecim
529 5553 686 5608 sedes
710 5551 874 5617 dicit,
903 5552 1026 5622 quia
1057 5551 1235 5606 omnis
1266 5550 1485 5605 omnino
1516 5548 1776 5613 Ecclesia,

195 5658 324 5714 qua
344 5652 430 5699 est
459 5642 663 5701 Christi
690 5645 952 5717 sanguine
977 5644 1242 5717 passionis
1266 5642 1433 5697 tincta
1449 5680 1463 5706 ,
1493 5640 1545 5694 in
1575 5639 1778 5694 duode-

196 5732 359 5789 nario
399 5733 759 5804 apostolorum
799 5748 1023 5790 numero
1056 5742 1138 5788 est
1171 5740 1498 5788 constructa.
1542 5728 1674 5783 Nam
1701 5728 1779 5782 sic

1880 4549 1934 4597 et
1963 4537 2261 4594 offeruntur
2296 4550 2327 4588 a
2358 4533 2673 4605 parentibus
2700 4531 2935 4594 Christo,
2965 4539 3024 4585 ut
3048 4529 3257 4599 possint
3287 4526 3461 4583 futuri

1878 4643 1999 4685 esse
2046 4625 2371 4685 sacerdotes,
2418 4630 2473 4676 et
2512 4621 2749 4677 serviant
2797 4618 3034 4674 Christo.
3090 4616 3197 4669 Alii
3247 4623 3455 4671 tantum

1878 4717 2137 4774 doctrinae
2182 4714 2488 4776 traduntur,
2537 4721 2596 4765 ut
2637 4710 2819 4777 legant
2856 4715 2910 4761 et
2933 4712 3260 4777 cognoscant
3300 4702 3463 4757 Chriu

1879 4818 2042 4874 stum,
2073 4815 2129 4862 et
2148 4805 2413 4874 accipiant
2433 4816 2557 4857 cum
2588 4797 2961 4855 benedictione
2999 4796 3137 4848 intra
3160 4792 3457 4847 Ecclesiam

1880 4915 2095 4965 uxores,
2140 4906 2202 4953 ut
2240 4896 2477 4951 serviant
2520 4889 2785 4960 coniugio,
2827 4889 2954 4957 quia
2994 4886 3098 4941 hoc
3142 4885 3341 4940 bonum
3374 4892 3459 4939 est

1879 5001 1935 5047 et
1979 4993 2120 5046 intra
2142 4987 2439 5043 Ecclesiam
2477 4981 2611 5051 ejus.
2653 4980 2760 5034 Sed
2806 4978 2938 5032 illud
2967 4975 3160 5031 melius
3201 4981 3284 5028 est
3311 4974 3460 5045 quod

1880 5081 2239 5139 sacerdotium
2269 5086 2371 5141 est,
2396 5076 2539 5146 quod
2567 5073 2707 5126 intra
2737 5069 3034 5126 Ecclesiam
3062 5075 3164 5133 est,
3197 5072 3252 5120 et
3273 5080 3371 5135 per
3398 5078 3462 5122 se

1880 5174 2118 5229 Ecclesia
2148 5180 2251 5226 est.
2282 5169 2388 5223 Sed
2415 5175 2469 5221 et
2497 5166 2598 5219 is'a
2622 5164 2759 5217 bona
2789 5169 2887 5223 est,
2917 5176 3036 5229 qua:
3065 5158 3216 5214 nobis
3250 5166 3457 5227 marty-

1881 5280 1969 5320 res
2002 5271 2057 5317 et
2104 5260 2435 5321 sacerdotes,
2463 5256 2701 5324 virgines
2738 5261 2792 5307 et
2833 5250 3167 5306 confessores
3212 5253 3451 5319 generat,

1879 5365 1934 5413 et
1988 5355 2175 5407 vivunt
2218 5347 2487 5418 conjugati
2533 5344 2830 5399 secundum
2866 5340 3166 5410 apostolum
3204 5336 3452 5399 Paulum.

1878 5450 1971 5521 qui
2011 5446 2141 5503 dicit
2188 5460 2201 5496 :
2250 5442 2328 5495 De
2382 5439 2666 5510 virginibus
2719 5446 3032 5507 praceptum
3078 5432 3288 5486 Domini
3331 5444 3454 5521 non

1878 5517 2061 5600 liabeo,
2085 5530 2360 5587 consilium
2406 5537 2581 5581 autem
2618 5526 2709 5592 do,
2741 5535 2990 5597 tanquam
3036 5517 3453 5575 misericordiam

1879 5634 2182 5686 consecutus
2227 5639 2259 5676 a
2295 5620 2520 5673 Domino
2564 5629 2619 5672 ut
2654 5618 2751 5672 sim
2778 5616 2969 5688 ﬁdelis.
3023 5613 3280 5668 Existimo
3313 5606 3451 5661 enim

1878 5724 1973 5777 hoc
2000 5721 2188 5773 bonum
2213 5730 2322 5769 esse
2358 5721 2567 5784 praptcr
2603 5711 2879 5765 instantem
2921 5705 3293 5766 necessitatem,
3322 5712 3451 5757 mta-
