3952 6318
651 383 756 441 999

1459 383 1859 452 ELIPANDUS,
1901 384 2120 450 FELlX,
2159 385 2502 443 llETEIllUS
2541 387 2627 441 ET
2668 387 2725 442 S.
2767 387 3049 472 BEATUS.
3622 411 3708 469 4m

648 503 788 554 niam
817 497 1006 552 bonum
1034 504 1108 551 est
1137 497 1331 551 homini
1369 496 1444 550 sic
1473 514 1602 551 esse.
1651 497 1908 567 Alligatus
1931 515 1984 552 es
2015 500 2208 553 uxori?
2232 506 2284 562 Α
2305 515 2446 564 mus,
2475 517 2594 570 qua:
2627 510 2779 556 extra
2821 503 3106 560 Ecclesium
3149 517 3246 574 est,
3293 511 3340 567 id
3365 525 3454 582 est,
3479 519 3653 581 bzeretici
3673 541 3708 586 et

648 588 754 642 noli
784 603 1016 658 qutcrere
1041 585 1370 640 solutionem.
1422 585 1640 640 Solutus
1676 603 1729 641 es
1756 587 1820 641 ab
1857 589 2062 643 uxore?
2101 589 2208 644 noli

644 692 876 747 quwrere
919 691 1154 730 uxorem.
1203 674 1265 730 Si
1305 684 1478 729 autem
1515 677 1772 746 acciperes
1829 693 2062 742 uxorem,
2105 695 2208 732 non

641 767 886 838 peccasti.
915 765 982 820 Et
1015 766 1061 820 si
1085 767 1259 836 nupsit
1289 767 1450 837 virgo,
1479 783 1582 820 non
1607 768 1853 836 peccavit.
1898 767 2209 822 Tribulatio-

644 871 760 909 nem
799 863 972 908 autem
1014 854 1188 908 carnis
1228 853 1484 908 habebunt
1526 853 1848 924 hujusmodi.
1877 854 2004 925 ‘Ego
2033 865 2208 911 autem

642 945 782 1000 vobis
825 961 1004 1015 parco.
1065 943 1179 998 Hoc
1229 945 1420 1014 itaque,
1467 942 1679 1012 fratres,
1706 953 1906 1014 tempus
1939 944 2085 1000 breve
2109 957 2204 1000 est.

643 1036 920 1106 Reliquum
945 1043 1019 1089 est
1065 1044 1124 1088 ut
1149 1036 1238 1106 qui
1266 1035 1452 1089 habent
1482 1051 1668 1089 uxores
1689 1036 1790 1089 sint
1826 1045 2073 1106 tanquam
2103 1054 2206 1093 non

639 1125 904 1178 habentes.
943 1123 1012 1178 Et
1054 1125 1142 1196 qui
1171 1126 1318 1194 ﬂent,
1357 1133 1604 1194 tanquam
1635 1141 1738 1178 non
1777 1125 1977 1194 ﬂentes.
2019 1125 2087 1179 Et
2115 1127 2206 1196 qui

639 1217 886 1287 gaudent,
917 1226 1166 1286 tanquam
1191 1233 1294 1270 non
1315 1216 1614 1286 gaudentes.
1649 1204 1717 1270 Et
1739 1216 1827 1286 qui
1861 1226 2082 1271 utuntur
2109 1217 2206 1271 hoc

639 1307 854 1372 mundo,
891 1315 1137 1377 tanquam
1183 1323 1287 1359 non
1326 1314 1556 1358 utantur.
1592 1304 1833 1359 Prwlerit
1867 1308 2003 1360 enim
2031 1307 2206 1377 figura

639 1397 796 1466 hujus
823 1395 1024 1449 mundi.
1066 1393 1194 1448 Volo
1235 1404 1408 1449 autem
1441 1411 1525 1448 vos
1565 1395 1674 1449 sine
1708 1394 2058 1450 sollicitudine
2095 1413 2208 1450 esse

639 1485 693 1556 (Ι
722 1485 843 1540 Cor.
877 1499 971 1552 vn,
1005 1485 1215 1557 25-52).
1272 1485 1554 1556 Conjugati
1602 1486 1694 1555 qui
1741 1487 1844 1540 hoc
1879 1494 2202 1556 praeceptum

639 1586 857 1631 servant
892 1576 1136 1646 Apostoli
1163 1616 1179 1642 ,
1233 1577 1372 1631 intra
1411 1576 1706 1630 Ecclesium
1756 1585 1910 1642 sunt,
1940 1579 2066 1648 quia
2105 1578 2208 1633 sub

637 1667 920 1736 disciplina
961 1667 1322 1737 apostolorum
1373 1675 1516 1722 sunt.
1571 1666 1629 1721 Si
1677 1668 1870 1738 aliquis
1919 1669 2061 1725 inter
2115 1683 2210 1725 eos

638 1757 944 1826 deliquerit,
995 1758 1133 1812 sicut
1177 1758 1244 1811 ab
1276 1757 1513 1811 Ecclesia
1558 1759 2076 1826 excommunicatur,
2131 1762 2204 1816 ita

2307 590 2532 658 populus
2559 591 2678 660 ejus
2709 593 2907 658 malus,
2937 609 3054 662 qua:
3082 596 3148 652 ab
3188 599 3261 654 eis
3293 616 3570 664 sacramenta
3593 615 3707 674 Ecca.

2305 680 2402 736 sia:
2427 681 2716 752 accipiunt,
2743 691 2798 737 et
2827 683 3119 740 doctrinam
3161 688 3333 747 salutis
3362 709 3447 750 nec
3469 697 3548 770 ipsi
3566 703 3706 775 habent,

2306 784 2408 824 nec
2441 770 2548 826 illis
2571 771 2870 840 proferunt.
2921 773 3154 844 Corpora
3180 789 3312 847 sunt,
3343 786 3426 840 sed
3447 803 3533 842 non
3553 807 3597 847 se
3626 770 3706 852 iuri.

2305 872 2425 914 cem
2452 857 2698 930 diligunt,
2727 863 2850 931 quia
2885 867 3208 922 eversionem
3234 869 3406 927 habent
3423 877 3480 931 ab
3499 879 3551 934 iis
3566 897 3707 951 quorum

2306 949 2548 1004 membra
2574 960 2718 1006 sunt.
2767 953 2843 1008 De
2867 957 3060 1024 quibus
3089 958 3272 1015 Paulus
3313 967 3543 1034 apostolus
3563 949 3707 1030 πω.

2307 1037 2670 1096 lonicensibus
2721 1054 2924 1109 narrat,
2973 1063 3095 1102 cum
3141 1059 3373 1120 putarent
3410 1059 3525 1125 quod
3561 1070 3707 1135 tempore

2304 1130 2455 1186 Pauli
2482 1143 2628 1188 esset
2671 1137 2784 1192 dies
2805 1136 3016 1206 judicii,
3044 1155 3108 1197 eo
3135 1146 3268 1212 quod
3289 1147 3360 1202 eis
3383 1149 3598 1216 scripserit
3617 1130 3706 1210 {ra

2302 1221 2392 1290 qui
2414 1223 2646 1288 vivimus,
2673 1227 2761 1296 qui
2791 1227 3128 1298 relinquimur
3146 1233 3199 1286 in
3213 1235 3454 1290 adventum
3465 1237 3632 1305 Domini,
3649 1260 3707 1297 ποι

2302 1313 2673 1379 prreveniemus
2713 1332 2799 1370 eos
2833 1319 2922 1388 qui
2952 1330 3106 1375 antea
3143 1323 3434 1380 dormierunt
3460 1329 3500 1399 (l
3528 1329 3704 1396 Theseu,

2304 1399 2383 1471 4).
2443 1401 2524 1456 Ad
2561 1405 2678 1459 haec
2721 1405 2800 1460 illi
2834 1411 3155 1479 conturbati,
3193 1417 3388 1485 scripsit
3416 1419 3480 1472 eis
3507 1423 3707 1488 postea,tli-

2304 1509 2434 1550 cens
2463 1513 2476 1548 :
2503 1495 2770 1568 Rogamus
2799 1511 2972 1556 autem
2997 1520 3098 1567 vos,
3123 1505 3320 1574 fratres,
3337 1525 3416 1578 per
3435 1511 3632 1564 adventant
3648 1513 3706 1566 De

2304 1585 2434 1640 mini
2474 1590 2639 1640 nostri
2659 1589 2787 1644 Jesu
2808 1589 3021 1658 Christi,
3057 1604 3103 1649 et
3142 1606 3320 1651 nostra:
3349 1603 3654 1668 congregationis
3676 1605 3706 1655 is

2303 1677 2493 1746 ipsum,
2531 1687 2589 1730 ut
2625 1695 2730 1734 non
2761 1681 2864 1734 cito
2897 1683 3198 1737 moveamini
3241 1702 3274 1738 a
3305 1696 3447 1740 vestro
3472 1704 3706 1759 sensu,squ

2305 1770 2624 1835 terreamini,
2652 1787 2815 1842 neque
2840 1789 2933 1842 per
2969 1775 3224 1844 spiritum,
3252 1793 3395 1847 neque
3417 1795 3492 1847 per
3513 1795 3704 1844 unum,

637 1855 692 1899 et
731 1845 912 1906 ab,eis
951 1861 1058 1928 non
1093 1845 1370 1916 recipitur.
1435 1845 1680 1902 Decimus
1704 1863 1856 1935 suas
1894 1858 2039 1904 recte
2074 1851 2204 1906 dant
2236 1879 2278 1938 Β
2307 1874 2467 1928 neque
2493 1875 2585 1930 per
2621 1861 2892 1931 epistolam
2938 1873 3186 1935 tanquam
3209 1883 3295 1936 per
3319 1845 3706 1937 inosimissanqmi

637 1933 766 1989 Deo.
785 1928 1094 2003 Hospi'tibus
1114 1937 1276 2005 pedes
1297 1936 1496 1990 lavant.
1515 1930 1846 2006 Pauperibus
1871 1941 2198 1996 ministrant.

555 2032 560 2042 ‘
601 2010 606 2014 ’
639 2027 1020 2082 Sacerdotibus
1058 2028 1314 2084 honorem
1353 2030 1694 2101 impendunt,
1741 2041 1798 2088 et
1837 2033 2202 2091 facultatulam

636 2133 790 2173 suam
817 2132 938 2172 cum
977 2117 1106 2186 ipsis
1137 2121 1552 2187 communicant,
1579 2123 1704 2191 quia
1733 2139 1826 2180 eos
1857 2125 2066 2182 futuros
2096 2128 2202 2184 bte-

635 2209 792 2264 redes
832 2209 1031 2266 habere
1073 2221 1404 2281 exspectant.
1449 2213 1775 2284 Conjugibus
1805 2217 1918 2272 suis
1946 2233 2052 2272 non
2080 2234 2204 2288 pro-

635 2306 754 2367 pter
785 2299 1080 2364 libidinem,
1111 2303 1205 2354 sed
1230 2311 1450 2372 propter
1491 2307 1924 2372 procreationem
1971 2309 2204 2363 ﬁliorum

634 2397 876 2444 utuntur.
925 2393 994 2447 Et
1029 2406 1150 2446 cum
1193 2395 1444 2449 omnibus
1479 2397 1786 2454 hominibus
1820 2399 1872 2453 in
1899 2405 2046 2453 tanta
2075 2401 2206 2454 cha-

635 2481 797 2536 ritate
835 2482 1048 2549 vivunt,
1085 2495 1144 2540 ut
1179 2484 1426 2540 monachi
1463 2500 1581 2540 esse
1615 2494 1889 2556 putentur.
1929 2487 1997 2542 Hi
2035 2488 2088 2542 in
2118 2489 2204 2543 die

631 2570 817 2640 judicii
847 2587 877 2625 a
904 2573 1128 2628 Domino
1153 2576 1388 2629 audituri
1413 2584 1538 2629 sunt
1567 2575 1796 2642 :Venite,
1825 2577 2076 2632 benedicti
2100 2577 2203 2632 Pa-

633 2661 729 2712 tris
764 2663 882 2723 mei,
914 2664 1157 2733 percipite
1179 2680 1390 2734 regnum
1413 2665 1552 2734 quod
1581 2666 1720 2720 vobis
1747 2678 2097 2737 prwparatum
2127 2679 2202 2722 est

632 2748 698 2802 ab
723 2751 920 2820 origine
941 2753 1142 2806 mundi.
1169 2753 1378 2808 Esurivi
1407 2757 1564 2821 enim,
1595 2766 1641 2810 et
1663 2757 1876 2811 dedistis
1899 2759 2027 2812 mihi
2055 2775 2205 2813 man-

632 2841 845 2894 ducare.
871 2841 1040 2908 Sitivi,
1080 2853 1128 2897 et
1162 2843 1376 2899 dedistis
1409 2847 1534 2900 mihi
1571 2847 1758 2902 bibere.
1801 2847 1996 2920 Hospes
2033 2867 2200 2915 eram,

631 2942 681 2986 et
709 2931 986 3002 collegistis
1019 2950 1119 2988 me.
1156 2933 1368 3000 Nudus,
1389 2945 1436 2990 et
1465 2939 1740 3007 operuistis
1780 2956 1880 2994 me.
1925 2939 2198 3009 Inﬁrmus,

631 3033 680 3078 et
713 3024 956 3079 visitastis
985 3041 1088 3080 me.
1127 3025 1196 3080 In
1235 3044 1442 3082 carcere
1479 3045 1642 3096 eram,
1669 3039 1718 3084 et
1743 3033 1951 3086 venistis
1995 3032 2063 3086 ad
2097 3049 2196 3088 me.

634 3110 774 3176 Quia
796 3113 934 3183 quod
969 3115 1060 3168 uni
1095 3114 1158 3169 de
1179 3115 1259 3170 his
1287 3117 1540 3186 fratribus
1563 3119 1690 3173 meis
1721 3121 1950 3175 minimis
1983 3123 2195 3192 fecistis,

2302 1950 2456 2002 instet
2481 1949 2590 2004 dies
2623 1951 2857 2019 Domini,
2900 1970 2965 2008 ne
3007 1957 3123 2025 quis
3166 1972 3249 2009 vos
3275 1957 3458 2010 seducet
3495 1956 3573 2009 ulla
3605 1959 3704 2009 uola.

2306 2037 2444 2102 Quia
2473 2040 2573 2094 nisi
2595 2043 2787 2097 venerit
2812 2045 3042 2113 primum
3078 2045 3330 2113 discessio,
3353 2056 3394 2100 et
3417 2046 3603 2101 revelatus
3617 2047 3706 2115 furit

2302 2131 2456 2185 homo
2504 2135 2719 2202 peccati,
2770 2135 2914 2204 filius
2969 2139 3297 2208 perditionis,
3341 2142 3418 2212 qui
3451 2141 3704 2212 adversatust

2303 2221 2571 2276 extollitur
2593 2241 2748 2294 super
2785 2243 2936 2282 omne
2973 2229 3113 2298 quod
3142 2229 3326 2284 dicitur
3351 2231 3468 2285 Deus
3495 2241 3562 2284 aut
3583 2228 3704 2292 colitur,

2303 2312 2379 2368 ita
2405 2321 2460 2366 ut
2490 2314 2544 2368 in
2568 2315 2756 2386 templo
2783 2317 2878 2371 Dei
2916 2319 3114 2384 sedeat,
3145 2321 3394 2376 ostendens
3426 2338 3470 2375 se
3491 2321 3705 2390 torquenti!

2303 2401 2466 2455 Deus.
2491 2403 2787 2460 Meminisse
2809 2407 3006 2463 debetis
3029 2411 3152 2480 quia
3173 2428 3261 2482 ego
3287 2413 3436 2465 adhuc
3455 2428 3545 2464 ctua
3561 2409 3704 2480 opsita

2303 2507 2485 2557 essem,
2515 2494 2625 2548 htcc
2643 2497 2874 2551 dicebam
2897 2501 3058 2565 vobis,
3088 2512 3136 2556 et
3164 2519 3294 2556 nunc
3305 2503 3414 2574 quid
3434 2503 3598 2554 detineat
3610 2500 3704 2559 ea.

2304 2590 2359 2634 ut
2385 2582 2634 2636 reveletur
2656 2587 2713 2639 in
2739 2603 2834 2640 suo
2863 2598 3114 2660 tempore.
3141 2592 3277 2646 Nam
3298 2593 3542 2663 mysterium
3562 2599 3707 2659 operatur

2303 2674 2615 2743 iniquitatis.
2660 2675 2739 2730 Ac
2773 2677 2818 2730 si
2849 2687 3038 2747 aperte
3081 2681 3282 2737 diceret
3312 2699 3324 2735 :
3351 2689 3459 2736 tunc
3477 2677 3707 2734 Antichristi

2304 2763 2586 2818 manifeste
2609 2765 2898 2821 videbitur.
2923 2767 3060 2824 Nam
3093 2771 3150 2826 in
3175 2773 3406 2828 cordibus
3427 2770 3707 2838 iniquomst-

2303 2860 2454 2905 creta
2489 2869 2586 2907 sua
2619 2853 2733 2922 jam
2773 2871 2918 2911 nunc
2943 2861 3190 2917 occultus
3220 2871 3459 2930 operatur.
3496 2857 3544 2912 Ut
3561 2851 3709 2910 eninde

2303 2945 2662 3013 apertioribus
2691 2948 3014 3008 criminibus
3044 2961 3268 3020 taceam,
3297 2955 3378 3008 illa
3407 2945 3709 3022 qua:de

2301 3041 2454 3106 fiunt,
2508 3042 2683 3096 dicam
2715 3059 2730 3095 :
2755 3057 2884 3099 ecce
2923 3046 3064 3102 alius
3089 3046 3242 3103 fratri
3270 3051 3442 3105 tacitus
3459 3043 3602 3106 invida.
3621 3048 3655 3093 α
3674 3043 3706 3096 Si

2300 3133 2640 3187 occasionem
2680 3135 2952 3203 inveniat,
2999 3153 3124 3192 eum
3173 3142 3475 3212 supplantare
3503 3137 3703 3200 contend“;

632 3201 758 3255 mihi
781 3202 997 3272 fecistis.
1027 3205 1092 3260 lli
1115 3213 1242 3261 sunt
1267 3205 1461 3262 fratres
1479 3209 1709 3277 Domini,
1731 3211 1796 3266 tle
1820 3212 2015 3280 quibus
2043 3213 2199 3268 dicit:
2230 3223 2278 3287 ο
2306 3221 2456 3292 cujus
2489 3223 2716 3279 alterius
2753 3201 3058 3283 membrum
3095 3240 3198 3296 est,
3231 3201 3329 3289 nisi
3359 3232 3456 3302 ejus
3473 3234 3520 3288 de
3543 3223 3711 3300 quoscu-

633 3291 739 3357 Qui
767 3291 894 3361 facit
920 3293 1232 3349 uoluntatem
1261 3295 1440 3350 Patris
1465 3299 1568 3352 mei
1607 3299 1696 3370 qui
1735 3301 1790 3354 in
1815 3299 1952 3354 cretis
1987 3311 2082 3367 est,
2113 3301 2202 3357 ille

631 3383 758 3438 mihi
781 3395 964 3450 mater,
987 3395 1033 3440 et
1061 3387 1246 3456 frater,
1275 3397 1321 3442 et
1345 3405 1496 3443 soror
1514 3400 1608 3445 est.

699 3473 936 3530 XXXVI.
991 3475 1127 3532 Nam
1163 3479 1209 3532 si
1257 3479 1398 3535 scire
1445 3481 1608 3538 vultis
1657 3485 1786 3554 quid
1829 3493 1913 3540 est
1955 3486 2203 3543 voluntas

630 3562 826 3631 Patris,
857 3565 989 3620 nihil
1016 3566 1160 3622 aliud
1186 3567 1429 3625 invenire
1453 3587 1740 3642 possumus
1773 3575 1899 3643 nisi,
1937 3587 1992 3630 ut
2015 3579 2199 3632 creda-

626 3669 744 3707 mus
779 3657 834 3707 in
859 3672 976 3708 eum
1005 3674 1154 3726 quem
1181 3659 1318 3712 misit
1345 3659 1453 3728 ille,
1487 3661 1538 3716 id
1563 3673 1668 3729 est,
1695 3666 1981 3722 credamus
2002 3667 2200 3723 Filium

631 3743 747 3812 ejus
772 3742 956 3798 Jesum
983 3746 1255 3802 Christum
1285 3764 1470 3804 verum
1506 3767 1624 3807 esse
1651 3754 1838 3808 Deum.
1869 3756 2196 3820 Timeamus,

631 3835 934 3898 adoremus,
969 3833 1242 3894 imitemur
1263 3846 1318 3892 et
1350 3855 1612 3907 amemus,
1637 3843 1759 3909 quia
1787 3843 1900 3912 ipse
1927 3853 2010 3898 est
2037 3861 2200 3902 verus

631 3924 772 3979 Deus
805 3932 860 3978 et
888 3925 997 3979 vita
1042 3937 1272 3992 teterna;
1314 3931 1451 3986 sicut
1489 3933 1603 4002 ipse
1637 3934 1690 3988 iu
1716 3935 2004 4006 Evangeiio
2032 3938 2194 3992 dicit:

631 4015 759 4070 Hcce
797 4027 870 4072 est
917 4028 1090 4074 autem
1127 4023 1230 4076 vita
1267 4033 1465 4080 acterna
1504 4037 1560 4080 ut
1597 4039 1908 4098 cognoscant
1946 4039 1992 4084 te
2022 4047 2196 4085 verum

629 4108 810 4175 Deum,
840 4119 888 4165 et
911 4129 1062 4182 quem
1087 4115 1273 4169 misisti
1302 4115 1482 4170 Iesum
1511 4117 1794 4174 Christum.
1824 4119 1926 4174 llic
1948 4132 2022 4176 est
2048 4139 2196 4178 verus

629 4200 765 4255 Deus
785 4212 833 4256 et
861 4205 962 4258 vita
987 4216 1202 4262 wterna.
1249 4209 1390 4264 Ecce
1419 4211 1660 4267 Ecclesia
1699 4231 1856 4282 quem
1894 4217 2085 4281 credit,
2126 4218 2197 4273 ad

627 4305 749 4345 eum
796 4293 995 4360 tendit;
1045 4302 1100 4350 et
1142 4297 1401 4368 quidquid
1443 4301 1573 4371 agit,
1626 4318 1724 4372 per
1773 4305 2196 4361 ecclesiasticam

625 4383 920 4440 doctrinam
949 4387 1090 4458 agit;
1127 4397 1183 4443 et
1225 4391 1484 4461 quidquid
1518 4397 1674 4464 petit,
1711 4397 1766 4451 in
1811 4399 2027 4453 nomine
2067 4398 2194 4454 Jesu

622 4475 776 4544 petit,
824 4483 884 4530 ut
921 4494 1043 4532 cum
1069 4478 1198 4534 Jesu
1245 4484 1432 4537 teterni
1479 4485 1588 4538 sint
1634 4495 1689 4540 et
1731 4487 1874 4542 intra
1897 4489 2192 4544 Ecclesiam

2303 3324 2452 3388 ptum
2485 3325 2569 3374 est
2593 3335 2606 3372 :
2628 3319 2835 3376 Invidia
2863 3319 3071 3378 diaboli
3091 3341 3230 3381 mors
3258 3327 3441 3383 intrarit
3463 3328 3504 3380 in
3521 3323 3636 3378 orbem
3647 3329 3710 3372 m-

2305 3423 2506 3462 rarum.

2373 3500 2636 3558 XXXVII.
2675 3504 2828 3561 Alius
2862 3520 2921 3562 se
2956 3511 3141 3580 magni
3180 3515 3350 3569 meriti
3381 3527 3479 3568 esse
3498 3509 3712 3567 etiam

2301 3606 2402 3660 per
2444 3604 2710 3651 tumorem
2753 3601 2932 3654 cordis
2985 3607 3198 3661 cunctis
3246 3623 3301 3662 se
3337 3607 3715 3676 pmferensmmnﬁ

2303 3675 2406 3736 sibi
2436 3683 2720 3742 inferiores
2747 3689 2918 3743 credit
2944 3708 2960 3745 :
2991 3692 3146 3762 cujus
3174 3675 3385 3750 alterius
3412 3692 3634 3748 membrum
3657 3693 3713 3745 t5!»

2304 3776 2408 3830 nisi
2442 3776 2559 3846 ejus
2597 3779 2664 3834 de
2687 3796 2794 3848 quo
2828 3783 3095 3853 scriptum
3125 3795 3208 3843 est
3239 3805 3252 3840 :
3279 3787 3428 3842 Omne
3450 3777 3714 3840 sublimem.

2303 3875 2350 3918 et
2381 3866 2488 3936 ipse
2515 3878 2588 3921 est
2615 3885 2704 3922 rex
2727 3887 2882 3941 super
2902 3888 3082 3928 omnes
3107 3875 3244 3944 ﬁlios
3273 3874 3526 3946 superbia?
3551 3869 3649 3924 Alius
3665 3866 3715 3918 llr

2301 3973 2488 4012 norem
2509 3962 2718 4029 qumrit,
2746 3970 2804 4016 ut
2825 3966 3039 4021 caneris
3062 3968 3276 4037 pnesit;
3310 3983 3407 4022 non
3426 3965 3541 4035 quod
3558 3960 3638 4046 aliis
3651 3970 3716 4046 pre

2301 4051 2390 4116 sit,
2420 4051 2514 4106 sed
2543 4055 2686 4122 quod
2721 4055 2836 4124 ipse
2878 4057 3038 4112 alteri
3077 4061 3319 4115 subditus
3341 4075 3436 4114 non
3457 4057 3530 4112 sit.
3551 4043 3717 4118 Cujusal-

2303 4143 2472 4198 terius
2507 4146 2806 4200 membrum
2844 4157 2948 4213 est,
2991 4151 3098 4207 nisi
3125 4152 3239 4222 ejus
3267 4153 3330 4208 de
3356 4167 3450 4222 quo
3471 4149 3656 4217 scriptum
3675 4145 3717 4190 σί

2299 4233 2388 4302 qui
2415 4234 2551 4288 dixit
2583 4253 2596 4287 :
2632 4235 2832 4290 Sedebo
2875 4239 2930 4292 in
2973 4253 3147 4296 monte
3185 4243 3457 4298 testamenti
3497 4241 3540 4292 in
3571 4229 3720 4287 tuleritis

2298 4325 2576 4396 aquilonis,
2605 4328 2882 4382 ascendam
2909 4347 3066 4401 super
3095 4331 3412 4387 altitudinem
3433 4329 3720 4413 nubium}?

2297 4415 2484 4470 similis
2509 4417 2774 4498 Altissimo
2792 4421 2817 4472 ἱ)
2846 4420 2998 4476 Hanc
3018 4437 3152 4491 ergo
3182 4423 3407 4494 regulam
3431 4415 3620 4476 diabolus
3633 4411 3720 4504 insi"

2301 4507 2404 4560 tuit
2451 4509 2707 4564 membris
2763 4511 2892 4576 suis,
2936 4513 3081 4580 quod
3129 4513 3456 4568 simulacrum
3495 4506 3573 4562 sub
3595 4505 3722 4556 ιιοωίικ

621 4567 960 4673 δεριίξθηιυν
982 4609 997 4635 ν
1042 4571 1096 4626 in
1141 4571 1295 4642 cuius
1331 4583 1466 4644 Pace
1501 4589 1874 4646 Persevera“:
1909 4597 2006 4650 Per
2029 4597 2191 4651 quam
2227 4568 2274 4626 θ
2299 4595 2726 4655 Christianitatis
2763 4601 2819 4655 in
2851 4567 3092 4658 Ecclesia
3141 4603 3293 4660 finxit
3317 4619 3332 4657 :
3355 4617 3464 4673 qua:
3495 4609 3628 4654 tamen
3655 4597 3723 4673 Il"?

620 4665 673 4710 et
699 4657 833 4713 salvi
867 4660 1022 4716 fiunt.
1052 4661 1188 4717 Nam
1217 4666 1309 4734 qui
1342 4675 1530 4720 contra
1558 4670 1700 4724 hanc
1730 4671 2028 4727 Ecclesium
2057 4675 2186 4743 agit,

619 4749 801 4804 salvus
839 4767 960 4807 esse
1002 4769 1108 4808 non
1139 4763 1330 4825 potest,
1370 4759 1473 4814 nisi
1511 4759 1580 4814 ad
1607 4775 1726 4816 eam
1755 4763 1976 4818 redierit
2005 4774 2064 4818 ut
2096 4780 2193 4834 per

618 4839 790 4908 ipsam
834 4843 1088 4899 salvetur.
1141 4846 1342 4904 Omnes
1385 4849 1525 4905 intra
1577 4867 1697 4907 eam
1748 4853 1944 4908 salvari
1994 4856 2188 4924 credo;

617 4940 769 4985 extra
815 4933 978 4999 illam,
1014 4936 1138 4991 licet
1162 4949 1364 5008 quanta
1394 4941 1534 4998 bona
1562 4944 1688 5012 quis
1730 4945 1977 5000 videatur
2011 4961 2188 5018 agere,

616 5021 826 5077 etiamsi
875 5041 974 5095 pro
1003 5027 1202 5085 Christi
1237 5033 1454 5088 nomine
1502 5035 1819 5106 sanguinem
1846 5035 2054 5103 fundat,
2085 5038 2191 5092 sal-

617 5125 716 5166 vus
751 5128 871 5172 esse
907 5136 1012 5176 non
1052 5125 1266 5192 poterit,
1299 5126 1404 5181 nisi
1449 5127 1516 5182 ad
1542 5129 1839 5184 Ecclesium
1868 5131 2188 5186 catholicam

617 5204 858 5272 redierit,
887 5225 1006 5278 qua:
1032 5215 1146 5270 sola
1181 5225 1328 5273 recte
1355 5220 1527 5274 credit
1553 5221 1721 5274 Deum
1769 5229 1824 5276 et
1867 5222 1978 5276 sola
2015 5223 2189 5293 diligit

617 5296 940 5364 proximum,
976 5304 1090 5357 sola
1137 5309 1341 5376 patitur
1375 5326 1478 5382 pro
1503 5295 1742 5378 Christo,
1795 5314 1909 5369 sola
1959 5315 2190 5371 moritur

615 5402 712 5458 pro
737 5402 822 5442 eo.
852 5390 1138 5449 Dominare
1185 5414 1400 5470 semper
1424 5403 1540 5457 vult
1573 5405 1740 5471 vitiis,
1775 5422 1880 5460 non
1907 5406 2186 5464 fratribus.

579 5485 584 5490 '
613 5477 863 5546 Quotidie
901 5481 1072 5552 legem
1099 5485 1193 5540 Dei
1225 5491 1499 5562 adimplet,
1529 5496 1653 5564 quia
1693 5499 1936 5566 quotidie
1979 5499 2034 5552 in
2065 5501 2192 5555 cha-

612 5567 774 5623 ritate
800 5578 902 5625 est.
936 5570 1006 5626 Et
1032 5583 1292 5643 quantum
1338 5581 1461 5650 plus
1506 5585 1776 5656 intelligit,
1829 5596 2036 5643 tantum
2071 5591 2192 5658 plus

615 5659 845 5720 laborat.
877 5663 1011 5721 Cum
1043 5669 1292 5727 omnibus
1340 5675 1562 5743 patitur,
1611 5680 1738 5747 quia
1775 5699 1899 5737 cum
1944 5685 2194 5742 omnibus

615 5757 881 5816 tristatur.
926 5759 1052 5819 Haec
1080 5761 1169 5818 illa
1193 5777 1326 5834 pars
1358 5781 1467 5821 non
1495 5769 1624 5838 agit,
1657 5787 1822 5839 quam
1859 5790 2019 5840 supra
2055 5777 2192 5833 dixi-

2293 4688 2439 4744 foras
2466 4690 2760 4746 Ecclesium
2793 4703 2896 4747 est.
2921 4693 3164 4750 Ecclesia
3191 4671 3439 4752 dominari
3463 4705 3551 4746 non
3569 4671 3724 4743 vult,sed

2293 4781 2516 4834 servire.
2547 4782 2703 4836 Solus
2725 4784 2923 4852 quippe
2943 4785 3250 4842 Altissimus
3275 4787 3347 4840 ita
3372 4783 3624 4841 dominatur
3635 4776 3724 4835 ξυνα

2293 4872 2576 4938 omnia,ut
2609 4874 2762 4930 alteri
2801 4878 2904 4932 sub
2946 4894 3005 4934 se
3035 4878 3298 4951 [subesse]
3325 4894 3421 4932 non
3447 4869 3724 4951 possibili?“

2296 4961 2540 5018 diabolus
2595 4964 2796 5019 imitari
2846 4948 3101 5037 perverse
3145 4969 3338 5032 voluit,
3385 4980 3490 5022 cum
3528 4971 3642 5014 suum

2295 5052 2500 5107 minum
2545 5053 2890 5129 [dominium]
2921 5073 3198 5128 quaerens,
3239 5060 3288 5113 ei
3326 5059 3520 5112 subesse
3542 5043 3727 5102 recusa?“-

2292 5141 2606 5213 Adipiscerc
2628 5148 2796 5201 voluit
2821 5150 3265 5219 omnipotentiam
3289 5163 3379 5218 per
3405 5144 3618 5214 rapinam.
3638 5139 3730 5201 (1³³³⁸

2295 5231 2557 5289 Dominus
2585 5237 2819 5292 habebat
2846 5253 2942 5306 per
2977 5247 3246 5294 naturam.
3575 5316 3613 5322 __
3647 5311 3655 5322 ι

2365 5321 2646 5380 XXXVIII.
2685 5325 2916 5383 Proinde
2941 5327 3195 5384 Dominus
3225 5338 3390 5384 noster
3412 5325 3546 5381 Iesus
3565 5316 3732 5372 αιτωνν

2294 5428 2412 5466 cum
2441 5425 2571 5469 esset
2610 5417 2665 5469 in
2697 5415 2868 5484 forma
2908 5417 3021 5484 Dei,
3051 5436 3157 5474 non
3195 5421 3421 5491 rapinam
3451 5403 3733 5496 arbitrii”?

2294 5517 2403 5556 esse
2447 5521 2503 5560 se
2546 5505 2799 5576 aequalem
2831 5508 2940 5564 Deo
2984 5527 3003 5564 :
3046 5511 3138 5564 sed
3183 5512 3491 5581 semetipsum
3529 5492 3733 5558 eximi“

2237 5635 2252 5641 -
2295 5595 2521 5665 formam
2563 5601 2694 5652 servi
2736 5601 3022 5672 accipiens,
3063 5603 3120 5656 in
3160 5601 3528 5656 similitudinem
3561 5586 3736 5672 tionis?

2295 5685 2487 5755 Ῑαειιιε,
2511 5697 2560 5741 et
2584 5688 2768 5742 habitu
2788 5667 3022 5747 inventus
3045 5703 3102 5746 ut
3127 5694 3301 5747 homo.
3329 5693 3393 5747 Et
3416 5698 3468 5744 ut
3487 5683 3612 5742 nobis
3631 5667 3724 5730 humi

2297 5777 2466 5834 litatis
2491 5786 2546 5834 et
2575 5781 2855 5837 charitatis
2889 5786 3152 5853 praeberet
3180 5784 3481 5852 exemplum,
3505 5792 3589 5834 non
3610 5769 3738 5824 Μιθτῶ
