3952 6318
112 425 267 486 1001

769 418 1045 478 HETERII
1082 419 1168 477 ET
1209 417 1268 476 S.
1307 416 1504 474 BEATI
1542 414 1634 470 AD
1673 410 2068 472 ELIPANDUM
2105 409 2322 468 EPIST.
2363 439 2433 450 —
2467 409 2594 468 LIB.
2640 413 2704 468 Il.

3240 420 3377 475 1002

109 538 456 603 humiliavit,
489 537 582 593 sed
609 537 975 606 semetipsum.
1018 535 1150 589 Nam
1180 549 1300 589 cum
1341 541 1481 589 esset
1524 530 1707 601 unige-
1735 533 1787 592 Α
1811 529 1975 583 etiam
2016 535 2301 581 exaltanoa
2340 533 2445 590 est,
2480 523 2594 592 jam
2636 539 2778 580 nunc
2822 534 2982 595 caput
3025 540 3181 582 suum
3221 545 3376 600 super

113 637 278 690 nitus
330 629 626 686 secundum
674 627 972 682 divinitatis
1015 625 1428 689 excellentiam,
1489 631 1544 676 et
1594 623 1709 677 sine

112 722 410 785 fratribus,
441 733 540 792 pro
571 719 727 774 nobis
775 718 937 772 etiam
981 718 1156 772 factus
1197 724 1279 771 est
1320 713 1710 786 primogenitus

108 813 862 883 secundum'susceptionem
911 811 1144 866 hominis
1195 827 1209 863 :
1261 826 1315 864 1n
1343 824 1449 878 qua
1494 824 1591 880 per
1619 808 1711 862 ad—

113 905 408 975 optionem
440 901 628 972 gratite
676 901 874 957 fratres
924 902 1121 956 habere
1155 900 1408 970 dignatus
1463 906 1564 966 est,
1593 897 1713 967 qui-

119 999 233 1053 bus
288 1001 431 1049 esset
473 992 887 1063 primogenitus,
921 992 986 1046 de
1033 990 1228 1061 quibus
1269 990 1383 1059 ipse
1429 1005 1527 1058 per
1580 987 1710 1044 Pro-

113 1089 349 1159 phetam
376 1084 544 1139 dicit:
569 1081 707 1136 Ecce
732 1098 889 1153 quam
919 1082 1106 1136 bonum
1142 1091 1189 1135 et
1223 1097 1379 1152 quam
1393 1078 1709 1150 jucundum,

115 1179 369 1232 habitare
393 1175 586 1244 fratres
612 1174 669 1228 in
692 1175 889 1228 unum!
920 1173 1140 1228 Fratres
1166 1173 1254 1228 hic
1278 1188 1386 1228 non
1406 1170 1712 1242 corporales

119 1267 279 1331 dicit,
334 1264 430 1321 sed
476 1264 675 1319 fratres
727 1263 1056 1334 spiritualcs.
1106 1263 1346 1328 Fratres,
1402 1263 1466 1318 de
1516 1262 1712 1332 quibus

119 1361 277 1416 idem
319 1358 585 1415 Dominus
621 1358 771 1413 Patri
821 1358 998 1414 dicit:
1036 1356 1282 1411 Narrabo
1331 1371 1519 1410 nomen
1564 1363 1711 1408 tuum

121 1451 390 1520 [utribus
417 1451 566 1504 meis.
595 1448 833 1510 Fratres,
863 1449 928 1503 de
953 1447 1147 1517 quibus
1180 1447 1496 1517 loquebatur
1523 1445 1713 1501 mulie-

123 1545 286 1599 ribus
314 1557 329 1596 :
359 1541 461 1606 Ite,
497 1541 734 1595 nuntiate
759 1539 1010 1609 fratribus
1037 1539 1184 1592 meis.
1238 1539 1376 1594 Vere
1416 1538 1617 1592 bonum
1659 1543 1714 1592 et

121 1648 263 1689 vere
305 1632 599 1702 jucundum
655 1631 898 1685 habitare
932 1628 1128 1684 fratres
1175 1630 1230 1683 in
1277 1628 1474 1682 unum!
1533 1626 1710 1681 Unum

124 1723 360 1778 fratrem
391 1721 695 1776 dimisimus
726 1721 779 1775 in
810 1719 1024 1783 szeculo,
1055 1733 1181 1775 ecce
1223 1726 1453 1789 quantos
1502 1717 1708 1772 inveni-

1814 617 2059 672 inimicos
2115 615 2408 670 exaltatum
2469 615 2668 685 gaudet
2736 616 2790 670 in
2843 617 3012 672 cadis.
3081 617 3214 673 Cum
3255 637 3383 692 ergo

1812 707 1967 762 electi
2018 709 2216 778 quique
2264 709 2333 763 ad
2375 708 2540 763 vitam
2581 709 2930 779 perveniunt,
2975 710 3100 779 quia
3143 713 3382 768 membra

1812 798 1929 868 ejus
1957 813 2053 870 per
2081 815 2202 854 cum
2233 799 2437 854 intrant
2475 800 2543 854 ad
2570 814 2714 866 eum,
2744 801 2859 870 ipse
2888 816 2985 872 per
3024 817 3084 857 se
3125 802 3292 858 intrat
3317 805 3384 858 ad

1812 904 1890 945 se.
1932 891 2048 959 Ipse
2085 891 2230 945 enim
2273 890 2328 944 in
2370 891 2632 946 membris
2665 891 2777 946 suis
2816 893 3018 963 estqui
3048 894 3232 948 intrat.
3271 895 3384 966 Ipse

1813 991 2006 1052 caput,
2089 983 2156 1038 ad
2216 982 2358 1052 quod
2419 983 2675 1038 intrantia
2745 986 2984 1041 membra
3043 988 3384 1057 perveniunt.

1811 1074 2053 1144 Accipite
2080 1089 2229 1143 ergo,
2259 1075 2534 1130 descendit
2581 1076 2786 1147 regula,
2819 1091 2983 1146 quam
3012 1087 3195 1134 tenent
3219 1096 3385 1136 mem-

1812 1164 1909 1218 bra
1937 1163 2052 1232 ejus
2075 1163 2337 1232 Ecclesia,
2364 1165 2507 1235 quod
2527 1175 2611 1222 est
2637 1166 2692 1220 in
2718 1167 2983 1238 charitate
3004 1185 3171 1225 unum
3195 1186 3387 1243 corpus

1813 1252 2010 1306 summi
2054 1252 2275 1321 capitis,
2331 1268 2362 1306 a
2404 1267 2510 1322 quo
2565 1253 2760 1322 accipit
2811 1253 3070 1322 Spiritum
3122 1265 3388 1323 sanctum,

1811 1342 2106 1397 secundum
2131 1341 2431 1398 Psalmisttn
2466 1357 2655 1399 vocem
2681 1343 2910 1400 dicentis
2936 1362 2949 1397 :
2979 1344 3126 1400 Sicut
3152 1362 3387 1417 unguen-

1812 1443 1921 1488 tum
1966 1453 2000 1489 a
2049 1437 2236 1505 capite,
2279 1435 2418 1506 quod
2470 1436 2731 1491 descendit
2779 1438 2834 1491 in
2893 1437 3126 1505 barbam,
3177 1439 3388 1494 barbam

1811 1529 1990 1584 Aaron
2006 1527 2176 1600 (Psal.
2202 1545 2403 1593 cxxxn,
2431 1529 2509 1601 2).
2528 1529 2659 1586 Vide
2679 1545 2807 1601 ergo
2829 1531 2958 1600 quid
2984 1532 3128 1587 dicat
3148 1547 3390 1602 unguen-

1811 1629 1948 1675 tum.
1975 1621 2313 1694 Unguentum
2335 1623 2505 1692 gratia
2529 1632 2632 1689 est,
2656 1624 2960 1680 benedictio
2976 1633 3056 1680 est
3077 1625 3391 1681 divinitatis.

1813 1710 1966 1766 Sicut
1994 1712 2298 1769 benedictio
2317 1713 2574 1784 unguenti
2591 1713 2658 1769 de
2679 1715 2872 1784 capite,
2894 1715 2997 1772 hoc
3010 1723 3094 1771 est
3114 1716 3180 1772 de
3203 1715 3389 1770 divini-

119 1831 257 1870 -mus
285 1815 337 1868 in
361 1813 721 1868 monasterio!
763 1811 954 1867 Frater
977 1828 1130 1868 meus
1158 1812 1430 1867 smcularis
1457 1826 1564 1866 non
1594 1819 1713 1865 tan-
1814 1810 1922 1856 tate
1953 1804 2006 1858 in
2033 1802 2268 1859 Christo.
2293 1803 2466 1874 Caput
2496 1803 2700 1860 Christi
2744 1806 2904 1872 Deus,
2947 1815 3108 1876 caput
3141 1806 3397 1862 Ecclesia:

131 1911 251 1958 tum
279 1919 364 1957 me
398 1904 612 1957 amabat
642 1909 901 1971 quantum
932 1901 1286 1956 substantiam
1313 1915 1509 1955 meam.
1541 1899 1710 1955 Cane.-
1736 1883 1786 1945 Β
1815 1891 2078 1948 Christus.
2125 1894 2410 1949 Descendit
2450 1904 2782 1964 unguentum
2820 1896 2871 1950 ill
2905 1896 3125 1952 homine
3160 1895 3396 1953 Christo.

135 2010 260 2049 rum
289 1993 504 2063 fratres
551 1993 888 2064 spirituales,
928 1992 1018 2061 qui
1060 2007 1156 2047 sua
1201 1993 1386 2060 utique
1422 1991 1716 2062 negligunt,

131 2088 314 2143 aliena
353 2103 458 2142 non
490 2093 758 2156 quaerunt.
812 2084 903 2138 Sic
930 2093 984 2138 et
1020 2084 1074 2138 in
1099 2083 1322 2138 Actibus
1357 2081 1720 2152 apostolorum

135 2179 406 2250 legimus:
437 2176 701 2242 Quoniam
741 2174 1094 2228 multitudinis
1133 2174 1450 2227 credentium
1485 2183 1596 2227 erat
1633 2189 1723 2227 cor

135 2284 304 2322 unum
341 2276 390 2320 et
435 2267 613 2319 anima
661 2282 787 2318 una.
837 2263 907 2316 Et
936 2271 1106 2327 erant,
1156 2263 1349 2331 inquit,
1393 2261 1499 2315 illis
1547 2262 1723 2315 omnia

134 2358 466 2422 communia,
500 2356 624 2423 quia
651 2368 991 2410 communem
1014 2353 1287 2409 Christum
1320 2353 1684 2423 possidebant.

215 2446 458 2502 XXXIX.
492 2447 638 2502 Hanc
667 2446 905 2516 regulam
928 2460 1090 2514 quam
1119 2441 1267 2499 (cnet
1292 2459 1434 2498 nunc
1460 2443 1720 2509 Ecclesia,

136 2541 214 2593 ab
242 2538 358 2607 ipso
385 2536 658 2592 descendit
697 2537 892 2605 capite,
923 2534 1077 2605 cujus
1106 2543 1161 2591 et
1195 2551 1392 2606 corpus
1419 2542 1500 2590 est
1528 2549 1724 2589 secun-

136 2629 272 2682 dum
293 2627 610 2698 Apostolum
647 2627 740 2696 qui
769 2626 900 2682 dicit
928 2643 942 2678 :
972 2626 1058 2680 Ea:
1081 2643 1183 2697 quo
1220 2636 1382 2679 totum
1411 2642 1597 2696 corpus
1635 2641 1726 2696 per

137 2734 304 2770 nexus
330 2726 377 2771 et
400 2718 796 2788 conjunctiones
820 2717 1272 2772 subministratum
1301 2725 1349 2770 et
1374 2724 1726 2770 constructum

139 2809 320 2862 crescit
362 2809 416 2861 in
456 2817 797 2878 augmentum
827 2808 947 2862 Dei.
987 2807 1198 2878 Corpus
1235 2805 1375 2861 illius
1405 2805 1602 2861 summi
1636 2820 1727 2860 ca-

139 2900 274 2969 pitis
291 2899 512 2965 Christi,
545 2914 646 2955 nos
681 2914 872 2955 omnes
898 2898 1084 2954 fideles
1109 2897 1226 2967 ejus
1266 2912 1471 2952 sumus.
1502 2896 1604 2952 Per
1633 2912 1726 2952 ne-

141 3007 250 3045 xus
271 3005 395 3045 vero
428 2999 485 3047 et
529 2991 940 3062 conjunctiones
973 3006 1166 3061 corpus
1205 2990 1421 3060 ligatur,
1449 2991 1574 3060 quia
1600 2989 1726 3045 dum

142 3080 311 3150 capiti
351 3092 566 3152 pectus,
623 3084 750 3137 dum
796 3081 1003 3151 pectori
1048 3081 1288 3145 brachia,
1323 3081 1450 3135 dum
1489 3079 1726 3136 brachiis

143 3193 361 3242 manus,
387 3179 517 3234 dum
547 3169 797 3234 manibus
819 3177 976 3248 digiti
1003 3187 1130 3233 sunt
1154 3175 1425 3246 conjuncti
1462 3193 1525 3232 ac
1556 3193 1726 3233 mem-

142 3269 250 3326 bra
276 3277 473 3325 caetera
502 3269 764 3325 membris
793 3268 1076 3334 inhaerent,
1106 3283 1304 3338 corpus
1331 3283 1490 3324 omne
1512 3267 1726 3338 perﬁci-

147 3373 263 3417 tur.
309 3359 403 3418 Sic
451 3363 627 3418 sancti
668 3361 936 3432 apostoli,
983 3361 1108 3430 quia
1152 3360 1498 3430 Redemptori
1541 3367 1728 3414 nostro

145 3453 435 3523 propinqui
485 3453 842 3520 exstiterunt,
871 3452 1028 3522 quasi
1056 3459 1249 3521 pectus
1281 3451 1446 3521 capiti
1493 3451 1725 3504 inerant.

151 3543 299 3613 Quos
339 3547 466 3616 quia
511 3554 782 3617 martyres
829 3555 955 3600 sunt
996 3544 1185 3610 secuti,
1234 3543 1390 3613 quasi
1442 3541 1729 3611 conjuncta

151 3639 373 3695 brachia
420 3640 630 3712 pectori
682 3639 921 3695 fuerunt.
978 3635 1184 3704 Quibus
1221 3637 1347 3692 dum
1396 3642 1642 3706 pastores
1677 3643 1732 3689 et

155 3730 400 3788 doctores
455 3731 725 3802 subjuncti
777 3739 905 3788 sunt
946 3747 1043 3802 per
1089 3733 1232 3787 bona
1279 3745 1445 3801 opera
1466 3769 1482 3795 ,
1539 3743 1732 3784 manus

147 3821 362 3876 brachii
407 3823 700 3878 iniverunt.
750 3822 866 3879 Hoc
905 3837 1032 3878 vero
1075 3835 1235 3877 omne
1280 3835 1478 3889 corpus
1505 3818 1733 3899 Redem-

154 3911 325 3980 ptoris
369 3913 546 3968 nostri
592 3913 834 3983 quotidie
872 3927 970 3982 per
1016 3927 1187 3968 nexus
1229 3919 1286 3967 et.
1328 3909 1735 3980 conjunctiones

151 4002 599 4060 subministratur
647 4005 703 4058 in
756 4003 926 4069 coelo,
984 4002 1110 4073 quia
1155 4017 1279 4059 cum
1319 4002 1387 4057 ad
1439 4017 1561 4058 eum
1609 4000 1736 4056 illuc

145 4094 344 4148 electze
371 4095 564 4150 anima:
590 4095 880 4160 ducuntur,
919 4093 970 4149 ei
1001 4109 1098 4148 sua
1126 4094 1366 4148 membra
1391 4092 1732 4163 colligantur.

147 4187 236 4243 De
253 4202 368 4257 quo
394 4187 530 4242 bene
555 4187 752 4244 dicitur
777 4205 790 4241 :
817 4186 1284 4242 Subministratum
1315 4197 1360 4240 et
1383 4194 1736 4240 constructum

151 4281 349 4336 crescit
394 4279 449 4332 in
495 4288 826 4348 augmentum
854 4277 974 4332 Dei.
1025 4276 1160 4343 Quia
1208 4275 1348 4331 Deus
1400 4275 1739 4344 omnipotens

156 4371 487 4440 Redemptor
513 4377 716 4436 noster,
737 4369 829 4439 qui
851 4369 906 4423 in
927 4383 986 4424 se
1004 4383 1112 4438 quo
1137 4367 1384 4438 proficiat
1411 4381 1521 4422 non
1552 4365 1734 4430 habet,

151 4465 336 4518 adhuc
364 4475 458 4532 per
486 4463 730 4517 membra
771 4475 869 4516 sua
891 4461 1133 4530 quotidie
1178 4466 1526 4530 augmentum
1553 4457 1735 4512 habet.

159 4556 316 4613 Unde
343 4569 530 4609 rursus
555 4554 817 4623 scriptum
843 4561 927 4609 est
952 4571 965 4606 :
991 4553 1165 4607 Donec
1192 4568 1528 4606 occurramus
1558 4566 1736 4604 omnes
1765 4589 1817 4652 Β

150 4648 212 4699 in
247 4645 412 4698 virum
442 4643 748 4714 perfectum,
777 4645 834 4697 in
866 4659 1166 4697 mensuram
1200 4643 1368 4696 wtatis
1399 4641 1737 4712 plenitudinis

151 4736 376 4792 Christi.
409 4735 526 4791 I-Ioc
569 4743 744 4791 totum
783 4751 880 4805 per
905 4735 1214 4804 passionem
1264 4734 1445 4790 carnis
1488 4743 1544 4790 et
1592 4748 1740 4788 com-

149 4830 464 4902 passionem
512 4829 710 4884 mentis
759 4828 993 4898 complet
1039 4827 1299 4883 Ecclesia.
1360 4827 1426 4881 Et
1471 4843 1596 4882 cum
1650 4828 1738 4883 hic

149 4923 364 4992 patitur
385 4921 820 4992 corpus,patitur
839 4928 1018 4991 caput,
1037 4919 1192 4990 cujus
1220 4929 1303 4976 est
1330 4934 1545 4988 corpus,
1570 4918 1738 4973 Paulo

150 5011 406 5083 apostolo
447 5019 736 5068 attestante
771 5011 865 5081 qui
914 5011 1035 5066 ait:
1085 5010 1328 5076 Quotidie
1371 5008 1632 5079 adimpleo
1678 5025 1740 5062 ea

145 5121 272 5175 qua:
326 5103 512 5157 desunt
561 5103 865 5174 passionum
913 5101 1105 5156 Christi
1156 5102 1212 5154 in
1250 5117 1408 5154 carne
1447 5115 1598 5164 mea,
1643 5115 1738 5168 pro

144 5208 378 5263 corpore
406 5193 542 5262 ejus,
564 5192 703 5262 quod
733 5201 807 5246 est
833 5190 1090 5245 Ecclesia.

228 5283 348 5337 XL.
415 5283 674 5339 Dominus
710 5298 775 5338 ac
803 5282 1131 5351 Redemptor
1168 5289 1353 5337 noster
1390 5296 1514 5336 cum
1551 5288 1740 5335 sancta

140 5373 442 5436 Ecclesia,
493 5388 657 5442 quam
707 5373 934 5428 redemit
981 5373 1276 5427 secundum
1325 5385 1578 5435 carnem,
1632 5385 1740 5424 una

138 5463 469 5521 substantia
501 5471 603 5518 est.
641 5462 787 5518 Illius
813 5463 1006 5532 capitis
1033 5477 1229 5532 corpus
1269 5459 1508 5516 Ecclesia
1545 5467 1649 5524 est,
1685 5467 1743 5516 et

139 5555 320 5623 hujus
347 5555 593 5624 corporis
621 5563 782 5624 caput
813 5562 899 5608 est
917 5553 1186 5608 Christus.
1207 5553 1283 5608 De
1310 5569 1417 5622 quo
1439 5567 1538 5608 suo
1565 5553 1744 5623 capite

133 5647 399 5705 exsultat
448 5662 661 5716 corpus,
710 5647 763 5701 id
809 5655 891 5701 est
945 5658 1132 5701 sancta
1165 5647 1425 5712 Ecclesia,
1477 5643 1742 5717 cum'per

133 5737 508 5793 Psalmistam
539 5737 704 5792 dicit:
734 5735 890 5791 Nunc
923 5746 1095 5792 autem
1123 5738 1368 5792 exultavit
1393 5749 1544 5809 caput
1566 5754 1738 5794 meum

132 5845 316 5887 grsner
369 5829 607 5882 inimicos
657 5844 818 5881 meos.
874 5827 1008 5894 Quia
1068 5831 1212 5885 enim
1263 5831 1581 5903 quandoque
1625 5832 1742 5902 ipsa

570 5919 843 5982 Ρηιιοι.
871 5918 1096 5982 XCVI.

1821 1982 2110 2039 Descendit
2158 1985 2225 2039 de
2250 1985 2464 2040 Christo
2503 1985 2556 2039 in
2586 2001 2738 2040 oram
2761 1987 3068 2042 vestimenti
3096 1985 3231 2056 ejus,
3257 1987 3401 2056 quod

1822 2081 1906 2126 est
1925 2071 2186 2128 Ecclesia.
2213 2072 2554 2144 Unguentum
2579 2074 2643 2129 de
2658 2075 2853 2146 capite,
2881 2075 3021 2145 quod
3051 2076 3326 2131 descendit
3347 2077 3403 2132 in

1822 2164 2066 2220 barbam.
2117 2166 2289 2221 Barba
2317 2167 2461 2222 enim
2491 2168 2768 2224 virilitatis
2814 2169 3070 2224 indicium
3096 2178 3198 2226 est.
3231 2169 3404 2242 Caput

1822 2271 1951 2326 ergo
1993 2257 2290 2313 divinitatis
2323 2259 2540 2325 dicitur,
2586 2259 2726 2314 sicut
2755 2259 3011 2327 diximus,
3053 2275 3122 2317 ex
3169 2275 3275 2331 quo
3304 2261 3401 2316 de-

1825 2347 2034 2403 scendit
2088 2356 2421 2422 unguentum
2472 2351 2528 2405 in
2576 2351 2798 2406 barbam
2855 2353 3057 2418 Aaron,
3109 2352 3164 2407 id
3211 2361 3296 2408 est
3346 2352 3402 2407 in

1825 2439 2063 2506 Christo,
2094 2442 2186 2511 qui
2225 2451 2308 2498 est
2359 2449 2518 2513 caput
2546 2442 2820 2499 Ecclesiae.
2852 2444 3026 2499 Barba
3053 2458 3204 2512 vero,
3237 2452 3298 2500 ut
3321 2443 3405 2500 di-

1825 2530 2025 2597 ximus,
2048 2531 2225 2587 virum
2260 2532 2482 2599 indicat,
2514 2534 2568 2588 in
2596 2549 2703 2603 quo
2727 2535 3106 2604 perveniamus
3143 2535 3199 2591 in
3226 2535 3403 2590 virum

1825 2619 2146 2691 perfectum,
2188 2623 2281 2692 qui
2310 2631 2393 2678 est
2419 2622 2687 2679 Christus.
2730 2624 2798 2679 Et
2835 2634 3122 2696 postquam
3167 2626 3218 2681 in
3259 2624 3405 2680 illam

1827 2711 2050 2766 barbam
2077 2713 2361 2780 descendit,
2401 2715 2574 2784 ipsum
2600 2725 2931 2786 unguentum
2972 2720 3028 2772 in
3069 2735 3217 2773 oram
3258 2719 3410 2774 vesti-

1825 2806 1986 2858 menti
2009 2805 2160 2876 ejus;
2203 2807 2283 2861 sic
2324 2805 2650 2875 benedictio,
2703 2818 2750 2862 et
2801 2827 2886 2865 res
2925 2811 2980 2863 in
3034 2809 3268 2864 Hermon
3317 2810 3408 2866 de-

1826 2895 2022 2950 scendit
2065 2898 2120 2952 in
2158 2909 2386 2954 montem
2427 2900 2578 2955 Sion.
2625 2901 2862 2957 Hermon
2907 2903 2962 2957 in
3006 2902 3185 2974 lingua
3224 2910 3411 2960 nostra

1829 2984 2214 3055 interpretatur
2233 2990 2532 3056 anathema,
2560 2990 2702 3058 quod
2724 2999 2809 3046 est
2827 2990 3134 3047 Judaeorum
3157 2993 3407 3064 populus.

1828 3075 1938 3131 Ros
1963 3092 2112 3148 ergo,
2138 3078 2190 3131 id
2217 3087 2298 3133 est
2346 3079 2654 3136 benedictio
2681 3081 2914 3149 Domini,
2943 3089 3068 3138 ante
3092 3082 3198 3138 fuit
3239 3083 3294 3139 in
3318 3099 3414 3154 po-

1826 3167 1954 3238 pulo
2001 3167 2347 3238 Judaeorum,
2394 3171 2487 3240 qui
2531 3181 2717 3242 postea
2765 3173 3207 3230 anathematizati
3255 3185 3404 3230 sunt.

1831 3265 1897 3320 Et
1926 3266 2234 3322 benedictio
2263 3267 2374 3334 illa,
2407 3283 2527 3338 qure
2553 3278 2710 3323 antea
2741 3271 3102 3326 descendebat
3134 3270 3187 3325 in
3215 3270 3414 3340 populo

1831 3357 2307 3424 anathematizato,
2335 3368 2522 3428 postea
2547 3359 2823 3416 descendit
2851 3362 2905 3416 in
2925 3372 3106 3417 monte
3135 3362 3284 3427 Sion,
3312 3365 3413 3418 hoc

1832 3459 1916 3505 est
1938 3450 2259 3518 Ecclesiam,
2289 3467 2409 3522 qua:
2442 3467 2638 3522 corpus
2658 3461 2742 3509 est
2763 3452 2984 3508 Christi.
3015 3453 3074 3507 In
3099 3469 3207 3524 quo
3235 3455 3413 3524 capite

1831 3541 2088 3598 Ecclesiae
2119 3542 2396 3597 descendit
2443 3552 2790 3614 unguentum,
2839 3553 2899 3600 ut
2923 3543 3207 3600 Psalmista
3241 3545 3319 3601 ait
3346 3546 3415 3601 de

1832 3648 1896 3689 eo
1926 3652 1938 3687 :
1969 3634 2210 3690 Dilexisti
2224 3635 2490 3706 justitiam
2513 3647 2562 3691 et
2585 3639 2744 3692 odisti
2767 3639 3118 3709 iniquitatem,
3136 3650 3414 3711 propterea

1833 3723 1982 3778 unxit
2012 3735 2060 3779 te
2081 3725 2244 3791 Deus,
2266 3727 2406 3782 Deus
2430 3736 2552 3782 tuus
2581 3728 2696 3784 oleo
2724 3729 3085 3784 exsultationis
3105 3747 3213 3800 pra:
3240 3732 3412 3800 parti-

1835 3817 2032 3886 cipibus
2070 3818 2193 3871 tuis.
2241 3818 2540 3890 Participes
2581 3831 2709 3877 sunt
2755 3823 2984 3892 apostoli
3031 3822 3265 3890 Christo,
3319 3825 3416 3881 sed

1836 3908 2062 3977 apostoli
2093 3909 2160 3964 ad
2185 3926 2493 3967 mensuram
2521 3925 2845 3985 accepertmt
2866 3915 3124 3986 Spiritum
3147 3928 3413 3976 sanctum.

1834 4001 1894 4055 In
1931 4001 2146 4059 Christo
2183 4020 2310 4061 vero
2339 4008 2518 4062 omnis
2543 4008 2816 4078 plenitudo
2845 4009 3079 4082 Spiritus
3125 4015 3297 4070 sancti
3325 4015 3418 4071 de-

1838 4094 2064 4159 scendit,
2091 4096 2216 4164 quia
2244 4097 2390 4153 solus
2419 4099 2537 4154 sine
2572 4110 2824 4170 peccato,
2852 4109 2908 4154 et
2953 4103 3018 4157 de
3047 4103 3162 4171 ipsa
3187 4104 3419 4174 plenitu-

1839 4186 1973 4260 dine
1988 4185 2133 4243 illius
2159 4200 2480 4260 acceperunt
2515 4193 2761 4260 apostoli.

1910 4277 2043 4332 XLI.
2069 4278 2309 4334 Audistis
2351 4280 2479 4350 quid
2506 4280 2644 4336 dixit
2675 4300 2687 4336 :
2718 4281 2959 4338 Dilexisti
2979 4285 3266 4355 justitiam.
3311 4284 3418 4340 Sed

1839 4377 1894 4423 et
1927 4369 2261 4422 contrarium
2291 4370 2465 4424 videte
2493 4371 2621 4440 quid
2655 4372 2799 4427 dicat
2828 4390 2840 4426 :
2866 4372 2934 4426 Et
2970 4374 3128 4428 odisti
3172 4373 3423 4444 iniquitau

1841 4468 1964 4513 tem.
1995 4457 2101 4512 Pro
2145 4458 2231 4513 his
2274 4459 2564 4516 virtutibus
2612 4463 2741 4532 quid
2785 4465 2992 4534 accepit
3038 4465 3219 4520 audite
3247 4483 3258 4518 :
3286 4463 3420 4517 Pro-

1841 4559 2036 4619 pterea,
2065 4549 2258 4619 inquit,
2276 4553 2425 4605 unxit
2452 4562 2519 4617 te,
2539 4553 2778 4620 Domine,
2794 4555 2936 4610 Deus
2960 4565 3079 4610 tuus
3104 4555 3214 4610 oleo
3241 4554 3418 4610 exsul-

1840 4640 2054 4695 tationis
2086 4659 2194 4712 pra:
2225 4644 2564 4714 participibus
2592 4648 2712 4700 tuis.
2747 4647 2858 4703 Iloc
2887 4648 2954 4702 ad
2974 4647 3246 4702 Christum
3285 4646 3420 4702 dici-

1842 4741 1951 4788 tur.
1994 4729 2121 4787 .Iesu
2141 4731 2384 4799 Christe,
2416 4743 2470 4788 tu
2501 4746 2694 4791 unctus
2727 4751 2806 4801 es,
2843 4745 2902 4792 ut
2940 4745 3165 4792 caeteros
3193 4751 3424 4807 ungeres

1842 4832 2138 4893 unguento,
2169 4826 2306 4895 quod
2332 4825 2595 4879 descendit
2636 4827 2690 4880 in
2725 4827 2957 4890 barbam,
2986 4827 3042 4881 in
3075 4825 3309 4893 barbam,
3340 4827 3414 4882 in-

1842 4914 1976 4982 quit,
2002 4915 2200 4968 Aaron.
2232 4914 2385 4980 Quod
2413 4925 2746 4986 unguentum
2779 4919 2832 4970 in
2860 4909 3035 4987 capite
3069 4925 3172 4984 est,
3201 4919 3418 4975 descen-

1845 5002 1924 5058 dit
1967 5003 2020 5057 ih
2050 5004 2272 5059 barbam
2303 5022 2315 5058 :
2348 5005 2402 5060 id
2425 5014 2528 5072 est,
2562 5022 2592 5060 a
2622 5022 2749 5063 vero
2775 5009 2884 5063 Deo
2923 5009 3204 5066 descendit
3229 5012 3299 5067 ad
3327 5013 3416 5069 ho-

1844 5097 2066 5163 minem,
2091 5113 2249 5168 quem
2278 5099 2528 5169 dignatus
2557 5111 2641 5156 est
2666 5115 2960 5156 assumere.
3015 5101 3083 5157 Et
3111 5103 3175 5158 de
3204 5103 3424 5160 homine

1846 5198 2003 5256 quem
2053 5190 2343 5259 assumpsit
2367 5190 2644 5245 descendit
2692 5190 2744 5245 in
2775 5207 2926 5247 oram
2955 5193 3256 5249 vestimenti
3284 5193 3420 5264 ejus,

1846 5278 1988 5347 quod
2017 5293 2201 5333 sumus
2243 5295 2362 5334 nos.
2411 5279 2478 5333 Et
2517 5289 2776 5348 quantum
2826 5281 2980 5337 nobis
3009 5285 3228 5351 prodest
3256 5285 3424 5340 barba

1845 5370 1946 5426 ista
1988 5379 2192 5435 sancta,
2222 5379 2276 5426 et
2315 5371 2399 5426 vir
2428 5372 2531 5427 iste
2567 5371 2855 5441 perfectus,
2886 5373 3185 5432 videamus.
3219 5375 3285 5429 Et
3328 5374 3425 5445 qui

1847 5471 1972 5517 sunt
2017 5462 2092 5517 illi
2137 5464 2230 5532 qui
2272 5464 2579 5533 proficiunt,
2631 5465 2683 5519 in
2715 5481 2852 5536 quos
2875 5465 3154 5522 descendit
3193 5467 3246 5522 in
3269 5481 3424 5521 oram

1847 5554 2151 5610 vestimenti
2182 5554 2317 5624 ejus,
2346 5557 2437 5624 qui
2464 5566 2687 5625 possunt
2714 5573 2832 5612 esse
2859 5558 3249 5614 vestimentum.
3268 5557 3413 5614 Chri-

1847 5649 1936 5702 sti.
1985 5647 2207 5702 Etcum
2254 5648 2453 5702 fuerint
2497 5650 2876 5705 vestimentum
2924 5649 3152 5714 Christi,
3201 5658 3325 5703 tunc
3366 5657 3423 5702 et

1846 5738 1959 5808 ipse
2002 5736 2250 5794 Christus
2289 5754 2476 5794 verum
2523 5749 2608 5796 est
2653 5740 2867 5795 illorum
2918 5739 3314 5800 vestimentum,
3365 5745 3418 5790 et

1837 5833 2076 5894 induunt
2099 5831 2394 5891 Christum.
2444 5833 2570 5901 Nos,
2603 5835 2649 5891 si
2678 5833 3058 5891 vestimentum
3095 5829 3294 5886 Christi
3331 5844 3405 5886 su-
