3952 6318
585 316 731 395 ιιι-1

1383 331 1784 404 ELIPANDUS,
1819 329 2043 405 FELIX,
2082 331 2430 394 HETERIUS
2461 334 2553 395 ET
2591 337 2652 396 S.
2690 337 2986 398 BEATUS.

578 456 900 526 paupertate
921 448 1255 508 etﬁceremur
1282 451 1496 509 divites.
1519 453 1588 508 Et
1614 453 1745 525 quid
1766 460 1851 510 est
1877 451 1994 523 eius
2013 467 2150 564 pati-
2170 454 2229 515 Δ
2463 461 2663 509 montes
2678 454 2971 564 incasaetos
2988 456 3014 511 2
3031 455 3173 564 μω.
3191 473 3263 564 .ll,
3381 461 3451 564 ἒς
3486 460 3644 564 Paci.
3666 483 3819 541 um,

574 552 782 617 partas,
808 544 915 601 nisi
941 543 1060 616 ejus
1086 546 1426 602 humanitas?
1462 545 1532 601 Et
1552 547 1683 617 quid
1704 554 1829 602 sunt
1849 556 2049 603 nostrae
2075 547 2151 603 di-
2251 541 2363 611 17.)
2402 542 2541 599 Eum
2557 556 2797 602 montem
2817 549 2877 603 in
2892 566 2997 620 quo
3024 550 3346 623 beneptacuit
3374 554 3488 611 Deo
3510 558 3754 618 habitare
3774 568 3821 621 ia

574 636 723 692 vitiis
743 677 758 701 ,
788 636 894 692 nisi
923 635 1040 706 ejus
1065 638 1414 694 humanitas?
1437 638 1592 706 Quod
1618 639 1889 695 inﬁmum
1906 648 2007 706 est
2030 641 2145 707 Dei,

2247 648 2306 687 co
2328 633 2355 687 Ρ
2379 632 2531 690 Sicut
2553 636 2642 691 ille
2662 638 2864 695 dicitur
2880 656 3064 707 mons,
3079 642 3161 699 sic
3182 654 3393 702 montes
3406 647 3507 703 illi.
3545 648 3663 706 Sed
3681 652 3819 726 lnge

569 725 770 785 fortius
804 734 891 783 est
928 728 1258 785 hominibus.
1288 729 1392 786 Ubi
1418 729 1509 786 ille
1543 732 1857 798 descendit,
1903 732 2014 789 illic
2049 748 2148 788 nos
2246 722 2407 781 altius
2439 742 2595 783 mons
2622 729 2789 785 distat
2821 746 2854 786 a
2892 733 3169 791 montibus
3206 749 3545 809 praeparatus
3587 743 3651 799 in
3681 722 3820 803 caci-

569 816 933 875 ascendimus.
963 817 1066 875 Ubi
1087 833 1147 875 se
1169 819 1258 874 ille
1282 819 1579 888 inclinavit,
1604 822 1676 879 ibi
1696 838 1796 878 nos
1823 824 2016 879 erexit.
2042 823 2146 879 Ubi

568 909 663 965 ille
682 925 900 980 pmnam
939 926 1227 983 perpessus
1253 922 1365 980 est,
1394 915 1469 970 ibi
1497 931 1597 971 nos
1622 931 1653 971 a
1677 930 1839 987 poena
1868 916 2141 973 liberavit.

570 998 679 1058 Ubi
707 1001 798 1057 ille
816 1010 1064 1059 mortuus
1088 1013 1172 1060 est
1189 1046 1204 1073 ,
1234 1007 1308 1063 ibi
1335 1022 1435 1064 nos
1460 1007 1772 1064 viviﬁcavit.
1806 1007 1911 1065 Ubi
1939 1008 2029 1065 ille
2058 1024 2147 1065 re-

571 1091 829 1157 surrexit,
852 1093 929 1148 ibi
954 1108 1054 1150 nos
1073 1096 1371 1153 suscitavit.
1408 1097 1510 1154 Ubi
1529 1099 1618 1155 ille
1642 1099 1907 1167 ascendit,
1937 1100 2013 1154 ibi
2040 1114 2141 1155 nos

564 1196 753 1260 secum
779 1183 999 1240 levavit.
1048 1186 1151 1243 Ubi
1175 1187 1337 1244 Pater
1368 1203 1493 1246 eum
1515 1192 1791 1260 exaltavit,
1832 1200 1890 1247 et
1921 1191 2144 1249 donavit

563 1254 643 1327 illi
667 1288 885 1343 nomen,
908 1284 964 1331 et
984 1292 1085 1333 nos
1105 1293 1229 1335 cum
1249 1279 1342 1337 illo
1360 1282 1634 1350 exaltavit,
1656 1294 1705 1339 et
1733 1254 1853 1338 cum
1871 1283 1964 1339 illo
1987 1284 2135 1339 nobis

563 1365 742 1420 omnia
784 1366 996 1422 donavit
1034 1385 1054 1423 :
1089 1370 1218 1440 quia
1255 1377 1312 1427 et
1338 1372 1512 1443 ipsum
1537 1375 1694 1431 nobis
1741 1373 1903 1431 Pater
1951 1375 2135 1443 dedit,

561 1461 618 1510 et
655 1471 757 1513 nos
781 1457 858 1513 illi
888 1460 1144 1528 donavit;
1196 1468 1253 1518 et
1291 1463 1441 1519 illum
1485 1480 1516 1520 a
1563 1474 1719 1537 parte
1744 1470 1978 1524 dextera:
2026 1485 2138 1526 suae

558 1546 847 1605 collocavit
910 1558 966 1607 et
1015 1566 1117 1608 nos
1163 1568 1357 1625 corpus
1410 1554 1529 1626 ejus
1578 1572 1701 1614 cum
1739 1559 1916 1631 capite
1943 1561 2132 1618 sedere

559 1638 710 1697 fecit.
1674 1670 1683 1681 ο

625 1730 713 1787 LI.
757 1732 827 1787 Et
855 1748 977 1790 cum
1000 1736 1073 1791 sit
1094 1744 1257 1808 caput
1276 1746 1333 1794 et
1364 1752 1561 1811 corpus
1584 1757 1691 1799 una
1708 1743 2025 1811 substantia,
2053 1754 2128 1802 ta-

2245 816 2391 875 mine
2436 821 2721 878 montium.
2777 823 2987 881 Montes
3030 826 3213 898 itaque
3254 831 3346 886 isti
3387 833 3539 889 illum
3591 846 3817 896 montem

2242 912 2509 978 portando
2550 915 2768 984 gloriosi
2811 926 2957 985 sunt,
2990 928 3051 974 ut
3092 922 3181 990 qui
3204 922 3483 994 gloriatur,
3511 929 3577 983 in
3607 929 3816 989 Daulias

2241 999 2512 1071 glorietur,
2551 1020 2661 1061 non
2693 1007 2751 1062 in
2777 1021 2856 1063 se.
2888 1008 3093 1067 Paulus
3126 1014 3454 1074 architectus
3479 1019 3664 1076 dicit:
3704 1024 3817 1079 liii

2241 1092 2374 1148 absit
2397 1094 2636 1166 gloriari,
2678 1100 2781 1154 nisi
2808 1118 2867 1156 tn
2889 1118 3045 1158 cruce
3070 1103 3287 1162 Domini
3324 1113 3488 1165 nostri
3509 1113 3659 1170 Iesu
3686 1116 3815 1173 Chri-

2238 1186 2341 1254 sti,
2389 1203 2483 1258 per
2520 1206 2672 1261 quem
2719 1193 2849 1249 mihi
2891 1195 3122 1254 mundus
3175 1201 3458 1259 cruciﬁxus
3502 1215 3590 1261 est
3642 1216 3699 1263 α
3738 1226 3812 1279 egi

2238 1278 2454 1334 mundo.

2250 1382 2255 1387 ‘
2306 1369 2435 1427 Llll.
2468 1371 2538 1428 Ut
2562 1362 2690 1446 quid
2717 1392 2847 1450 ergo
2885 1381 3225 1452 suspicantini
3252 1386 3353 1444 hos
3372 1398 3596 1449 montes
3618 1394 3651 1448 ?
3697 1394 3813 1452 Eu

2236 1469 2473 1518 montem
2507 1464 2563 1518 in
2591 1481 2698 1536 quo
2721 1467 2924 1538 placuit
2947 1471 3329 1533 Deo'habitare
3350 1480 3404 1534 in
3420 1495 3508 1536 eo.
3533 1481 3679 1540 Non
3707 1487 3814 1556 quia

2234 1550 2291 1606 in
2318 1551 2449 1622 ipsis
2481 1556 2756 1613 montibus
2797 1573 2907 1614 non
2942 1561 3154 1619 habitat
3180 1564 3344 1622 Deus.
3380 1567 3607 1627 Habitat

2235 1639 2342 1696 Sed
2385 1656 2482 1712 per
2525 1644 2690 1701 istum
2720 1656 2960 1705 montem
3007 1652 3217 1709 habitat
3263 1656 3323 1710 in
3365 1658 3492 1729 ipsis

2232 1731 2394 1789 Deus.
2443 1733 2504 1789 ln
2545 1736 2664 1807 ipso
2698 1740 2897 1810 quippe
2920 1742 3035 1798 solo
3075 1746 3287 1803 habitat
3317 1753 3490 1809 omnis
3519 1755 3810 1824 plenitudo

554 1835 683 1877 men
715 1822 946 1879 multum
972 1825 1137 1882 distat
1159 1805 1302 1885 inter
1324 1805 1483 1901 capui
1510 1839 1567 1887 et
1602 1848 1818 1903 corpus,
1857 1850 1981 1891 cum
2012 1805 2134 1891 tan-
2159 1805 2211 1870 Β
2234 1824 2530 1883 (“Villium
2566 1832 2939 1901 οοφοηιίῑθῐ·
2989 1834 3111 1892 Non
3156 1839 3365 1907 habitat
3397 1847 3721 1905 υιιιωδιίιεπ
3760 1853 3810 1906 il

555 1917 672 1992 tum
700 1925 870 1967 unum
915 1928 1134 1972 sensum
1168 1918 1364 1976 habeat
1407 1936 1748 1981 communem
1769 1964 1785 1992 ,
1826 1935 1884 1981 et
1905 1936 2132 1986 caeteros

552 1974 788 2073 quatuor
811 2005 985 2061 solum
1011 2007 1116 2064 sibi
1137 1974 1376 2067 vindicat
1895 2033 2024 2092 ergo
2050 2020 2131 2075 di-

551 2098 661 2146 stat
707 2092 849 2150 intcr
889 2094 1168 2155 Christum
1207 2100 1481 2159 hominem
1503 2144 1520 2171 ,
1562 2113 1617 2161 et
1651 2121 1867 2165 omnem
1907 2109 2129 2166 omnino

545 2189 861 2241 sanctorum
886 2187 1285 2248 multitudinem
1306 2233 1323 2260 ,
1366 2195 1461 2264 qui
1490 2196 1557 2252 de
1591 2195 1768 2252 Adam
1794 2199 1940 2255 ducit
1965 2200 2129 2272 origi-

546 2287 695 2342 nem,
744 2290 868 2331 cum
893 2279 1145 2337 omnibus
1185 2283 1475 2342 virtutibus
1516 2287 1617 2343 soli
1657 2288 1863 2344 homini
1908 2288 2127 2348 Christo

545 2382 656 2423 non
703 2369 905 2438 poterit
933 2376 1239 2444 comparari
1262 2385 1356 2433 aut
1387 2380 1591 2449 atquari
1634 2388 1780 2438 totus
1806 2381 1901 2438 ille’
1917 2385 2127 2440 exerci-

543 2465 653 2514 tus.
695 2459 853 2517 Solus
886 2461 1133 2522 Christus
1162 2467 1282 2523 sine
1330 2468 1436 2524 illis
1463 2479 1678 2540 poterat
1718 2486 1878 2529 esse:
1922 2474 2022 2531 toti
2047 2474 2125 2531 illi

542 2548 659 2619 sine
689 2550 906 2608 Christo
939 2568 1039 2610 nec
1063 2557 1245 2613 vivere
1269 2567 1497 2629 possunt
1524 2576 1625 2618 nec
1647 2578 1787 2620 esse.

612 2640 720 2696 Lll.
747 2641 862 2699 Hoc
884 2650 1057 2701 totum
1075 2662 1246 2717 quare
1272 2648 1552 2708 diximus?
1577 2652 1715 2720 Quia
1734 2662 1971 2713 montem
1991 2656 2122 2713 Sion

540 2730 837 2803 ﬁguraliter
858 2736 1156 2819 lt‘desiam
1192 2741 1637 2811 nuncupavimus.
1689 2743 1982 2803 Possumus
2010 2747 2123 2803 sin-

538 2826 801 2895 gulariter
827 2815 1010 2886 dim
1028 2839 1265 2888 montem
1283 2833 1416 2892 Sion
1440 2851 1606 2892 unam
1629 2836 1951 2905 Ecclesiam,
1976 2840 2121 2911 quod

537 2927 621 2987 est.
644 2934 811 2975 unum
839 2936 1036 2991 corpus
1064 2921 1285 2979 Christi.
1323 2925 1615 2982 Possumus
1652 2928 1831 2985 dicere
1854 2937 1909 2985 et
1948 2930 2121 3000 ipsam

533 3017 748 3066 montes
774 3018 829 3066 et
865 3011 1158 3070 Ecclesias.
1197 3013 1473 3073 Christum
1506 3033 1635 3075 vero
1656 3019 1829 3075 solum
1855 3035 1964 3077 non
1994 3034 2120 3091 pos-

2229 1912 2321 1969 illo
2357 1916 2628 1986 divinitas,
2674 1928 2930 1993 tanquam
2963 1924 3020 1981 in
3051 1929 3254 1999 templo
3295 1948 3328 1987 a
3362 1949 3488 2007 rege
3520 1937 3810 1999 Salomone

2226 2002 2388 2071 facto,
2439 2010 2534 2064 sed
2575 2015 2947 2082 corporaliter.
2997 2018 3116 2075 Non
3149 2022 3293 2078 sicut
3326 2025 3381 2080 in
3409 2002 3569 2095 cutio,
3619 2043 3716 2089 aut
3755 2035 3805 2091 in

2226 2102 2393 2164 terra,
2435 2108 2529 2155 ant
2552 2102 2608 2156 in
2633 2107 2856 2175 angelis,
2896 2109 2981 2165 vel
3003 2114 3214 2170 caneris
3236 2120 3456 2186 sanctis,
3488 2124 3585 2177 sed
3622 2141 3805 2196 corpo-

2225 2189 2412 2245 raliter
2454 2191 2510 2247 in
2539 2209 2604 2251 eo
2627 2196 2835 2253 habitat
2865 2203 3041 2258 omnis
3069 2205 3345 2275 plenitudo
3378 2189 3737 2283 Divinitatis;
3755 2221 3799 2276 id

2224 2290 2325 2345 est,
2370 2281 2548 2340 Patris
2582 2294 2638 2342 et
2667 2289 2900 2358 Spiritus
2935 2296 3130 2350 sancti.
3182 2298 3285 2367 Qui
3318 2311 3379 2358 et
3401 2304 3520 2374 ipse

2220 2387 2320 2443 per
2341 2384 2593 2433 naturam
2634 2380 2898 2441 Divinitas
2922 2396 3026 2442 est.
3063 2389 3133 2443 Et
3167 2406 3480 2465 quanquam
3523 2398 3578 2453 in
3606 2402 3800 2473 angelis

2221 2472 2276 2520 et
2298 2466 2355 2522 in
2383 2470 2596 2526 creteris
2624 2475 2827 2531 sanctis
2863 2476 3072 2535 habitet
3114 2482 3387 2554 divinitas,
3418 2494 3611 2546 tamen
3637 2466 3802 2549 nulla;

2100 2588 2103 2593 -
2219 2571 2413 2615 eorum
2453 2565 2769 2621 naturaliter
2817 2568 3082 2628 Divinitas
3116 2585 3201 2631 est
3239 2577 3383 2634 sicut
3422 2579 3698 2640 Christus.
3740 2586 3802 2641 Β

2219 2651 2346 2719 quia
2371 2651 2638 2722 Christus,
2682 2665 2739 2713 et
2759 2657 2938 2727 Pater,
2989 2670 3046 2719 et
3074 2663 3308 2736 Spiritus
3330 2679 3560 2729 sanctus
3582 2691 3689 2731 una
3720 2678 3803 2734 Di-

2219 2741 2418 2798 vinitas
2441 2754 2524 2800 est
2543 2786 2558 2811 ,
2607 2755 2663 2802 et
2701 2748 2818 2819 ipse
2844 2752 2900 2807 in
2924 2753 3083 2811 Patre
3105 2764 3210 2824 est,
3247 2766 3301 2814 et
3323 2759 3491 2817 Pater
3510 2764 3570 2820 in
3591 2766 3683 2823 illo
3700 2777 3800 2833 est,

2216 2838 2274 2885 et
2298 2831 2531 2902 Spiritus
2564 2848 2786 2897 sanctus
2806 2845 2875 2900 ab
2901 2855 3133 2917 utroque
3153 2854 3420 2920 procedit.
3455 2856 3585 2913 ideo
3604 2860 3662 2914 in
3692 2831 3803 2931 ἰρεὸ

2216 2922 2428 2979 habitat
2455 2929 2632 3016 omnis
2679 2932 2956 3001 plenitudo
3004 2939 3307 3000 divinitatis
3330 2922 3729 3016 corporaliter;
3753 2952 3805 3007 id

2218 3021 2320 3080 est,
2361 3015 2529 3072 solide
2553 3027 2718 3089 atque
2740 3027 3026 3096 veraciter,
3070 3034 3370 3090 secundum
3391 3015 3537 3092 Pauli
3561 3015 3806 3109 apostoli

536 3105 737 3155 sumus‘
750 3101 933 3159 dicere
962 3102 1238 3162 Christum
1259 3115 1315 3164 et
1336 3109 1587 3177 christos,
1617 3119 1857 3167 montem
1885 3118 1942 3168 et
1966 3126 2117 3167 mon-
2139 3151 2190 3221 α
2219 3102 2441 3221 Telum,
2468 3110 2660 3221 quifit
2689 3126 2704 3166 ε
3031 3119 3173 3221 Pent
3196 3128 3387 3221 eratin
3406 3126 3612 3221 Christo
3637 3148 3810 3188 utun-

536 3198 615 3221 I.\n
679 3193 963 3221 “Anni-un...
1000 3205 1049 3221 ,ι
1084 3198 1325 3221 ΔΑῌΞᾉ--
1413 3202 1574 3221 n_,_,__
1619 3210 1660 3221 -4
1728 3204 1837 3221 1A--
1906 3218 2021 3221 --κ-κ
2080 3220 2105 3221 νγ
2259 3212 2342 3221 η...
2367 3213 2565 3221 ..-Α-----
2594 3218 2699 3221 --μγ

534 3198 637 3255 tes,
679 3193 967 3251 Dominum
997 3205 1053 3253 et
1079 3198 1327 3258 dominos
1349 3242 1365 3271 ,
1412 3202 1584 3259 Deum
1610 3210 1666 3260 et
1712 3204 1861 3269 deos,
1900 3218 2116 3260 servum

534 3289 590 3336 et
616 3296 822 3351 servos,
862 3300 1154 3360 pauperem
1179 3300 1234 3348 et
1269 3309 1553 3366 pauperes,
1593 3295 1878 3367 parvulum
1911 3304 1968 3352 et
1992 3311 2118 3367 par-

533 3371 718 3439 vulos,
765 3374 1147 3436 circumcisum
1181 3391 1238 3438 et
1277 3384 1645 3450 circumcisos,
1688 3385 2019 3457 baptizatum
2062 3393 2118 3441 et

532 3463 865 3534 baptizatos,
907 3467 1238 3540 ﬂagellatam
1276 3481 1331 3529 et
1371 3473 1700 3551 ﬂagellatos,
1744 3482 2019 3532 mortuum
2062 3483 2119 3531 et

529 3564 793 3612 mortuos.
828 3556 985 3615 Solus
1014 3561 1103 3617 ille
1127 3578 1227 3634 pro
1255 3567 1506 3624 omnibus
1534 3574 1801 3623 mortuus.
1845 3566 2004 3624 Solus
2027 3567 2117 3624 ille

528 3657 630 3712 pro
659 3647 911 3702 omnibus
941 3649 1046 3705 ista
1088 3666 1407 3725 perpessus.
1444 3656 1633 3714 Nullus
1668 3666 2116 3731 sanctorumlpro

529 3731 701 3788 altero
736 3744 981 3791 mortuus
1005 3748 1110 3793 est.
1157 3741 1293 3797 Nam
1315 3760 1440 3801 cum
1477 3744 1711 3801 Joannes
1735 3747 2008 3817 apostolus
2033 3747 2115 3802 di—

530 3827 619 3873 cat
646 3837 659 3873 :
695 3821 845 3876 Sicut
873 3823 1109 3882 Christus
1131 3846 1224 3900 pro
1251 3832 1397 3887 nobis
1425 3835 1657 3888 animam
1692 3836 1895 3906 posuit,
1938 3844 1993 3916 et
2022 3852 2115 3893 nos

528 3914 772 3971 debemus
792 3934 889 3988 pro
914 3919 1166 3989 fratribus
1194 3927 1425 3982 animam
1453 3945 1661 4000 ponere.
1692 3929 1875 3986 Potest
1900 3914 2116 3999 quidem

528 4006 754 4075 quilibet
795 4008 979 4068 facere
1020 4016 1417 4087 compatiendo,
1454 4035 1583 4075 nam
1611 4020 1793 4077 nullus
1818 4021 1992 4091 potuit
2014 4022 2116 4078 hoc

527 4096 707 4155 facere
736 4102 1018 4162 moriendo
1046 4115 1102 4163 et
1124 4110 1475 4181 resurgendo,
1516 4112 1623 4168 nisi
1664 4113 1811 4168 solus
1845 4113 2110 4181 Christus,

526 4192 678 4248 solus
704 4195 820 4251 sine
841 4207 1083 4267 peccato.
1109 4198 1249 4258 Nam
1275 4218 1464 4260 omnes
1488 4206 1660 4261 sancti
1686 4216 1911 4275 possunt
1935 4207 2115 4266 dicere

524 4280 661 4339 illud
689 4285 1044 4347 Davidicum:
1085 4290 1224 4347 Ecce
1264 4296 1401 4349 enim
1437 4296 1493 4350 in
1531 4296 1893 4367 iniquitatibus
1933 4315 2115 4355 conce-

525 4389 646 4452 ptus
667 4398 801 4447 sum,
825 4392 873 4438 et
913 4386 967 4440 in
984 4388 1206 4458 peccatis
1236 4392 1466 4462 concepit
1498 4408 1578 4446 me
1606 4401 1774 4447 mater
1791 4410 1906 4449 mea
1935 4393 2108 4467 (Ρεαι.

2220 3194 2345 3249 dum
2366 3200 2707 3257 reconcilians
2736 3203 2855 3260 sibi.
2896 3206 3050 3275 Quod
3070 3211 3183 3268 sive
3204 3214 3275 3270 de
3300 3215 3457 3271 Patre
3482 3218 3693 3275 dictum
3715 3237 3809 3278 ac-

2217 3284 2496 3355 cipiamus,
2537 3294 2795 3361 quoniam
2819 3296 2935 3367 ipse
2958 3300 3036 3355 ait
3061 3319 3075 3355 :
3109 3301 3278 3358 Pater
3295 3316 3473 3361 autem
3495 3310 3558 3363 in
3586 3327 3809 3366 me.“

2217 3393 2343 3435 nens
2370 3380 2479 3452 ipse
2499 3384 2626 3453 facit
2645 3403 2824 3458 opera.
2865 3391 2937 3446 Et
2957 3409 3050 3465 ego
3077 3394 3133 3449 in
3160 3394 3343 3464 Patre,
3366 3410 3420 3454 et
3442 3399 3611 3458 Pater
3630 3405 3687 3458 in
3702 3421 3803 3471 tu,

2215 3468 2331 3526 sive
2379 3471 2454 3526 ita
2482 3473 2853 3549 intelligatur,
2894 3481 3039 3539 Deus
3067 3494 3186 3540 erat
3223 3487 3282 3541 in
3327 3488 3577 3557 Christo,
3614 3493 3669 3550 id
3701 3468 3803 3561 est;

2218 3560 2455 3621 Verbum
2497 3575 2612 3622 erat
2648 3569 2702 3623 in
2730 3570 2968 3640 homine,
3018 3573 3121 3633 hoc
3143 3584 3244 3643 est,
3293 3578 3445 3636 Deus
3482 3592 3609 3639 erat
3628 3560 3799 3642 bona.

2216 3650 2309 3707 Sic
2351 3663 2469 3709 erat
2496 3657 2682 3728 utique
2710 3661 2962 3727 Verbum
2988 3664 3045 3719 in
3074 3681 3257 3732 carne,
3292 3675 3353 3724 ut
3392 3672 3643 3731 Verbum
3680 3691 3800 3733 caro

2214 3742 2418 3802 factum
2465 3748 2613 3805 solus
2647 3753 2863 3821 proprie
2892 3754 3191 3825 diceretur,
3228 3759 3284 3815 id
3317 3770 3429 3829 est,
3480 3766 3648 3824 homo
3677 3768 3801 3823 Vero

2213 3838 2343 3891 bum
2382 3837 2437 3893 in
2480 3855 2587 3895 una
2629 3840 2831 3898 Christi
2871 3859 3102 3915 persona
3140 3851 3521 3921 copularetur.
3574 3857 3645 3914 Ut
3680 3859 3803 3929 quid

2212 3943 2342 4000 ergo
2372 3933 2718 4002 suspicamini
2751 3945 2976 3995 exteros
3008 3945 3261 4000 montes?
3309 3945 3457 4003 Eum
3488 3953 3801 4007 montth

2213 4035 2322 4091 quo
2339 4022 2542 4092 placuit
2577 4026 2688 4082 Deo
2731 4028 2976 4087 habitare
3004 4032 3059 4087 in
3085 4035 3191 4090 eo?
3235 4035 3431 4109 Longe
3460 4042 3630 4099 aliter
3658 4044 3799 4099 habi-

2215 4122 2294 4169 tat
2317 4116 2425 4173 illis
2451 4117 2506 4172 in
2543 4122 2817 4179 montibus
2838 4124 3136 4195 pluraliter,
3188 4130 3349 4188 aliter
3381 4136 3442 4190 in
3484 4138 3598 4194 isto
3633 4141 3804 4209 sim-

2211 4206 2418 4263 lariter.
2454 4209 2626 4278 Quem
2665 4227 2796 4285 ergo
2824 4214 3041 4273 illorum
3076 4222 3341 4278 montium
3380 4225 3538 4284 hunc
3577 4206 3803 4287 mentm

2212 4300 2607 4371 suspicamini?
2666 4305 2802 4361 Nam
2831 4308 2958 4377 quia
2992 4317 3048 4367 et
3076 4311 3153 4366 illi
3192 4327 3291 4383 per
3334 4319 3653 4389 adoptionis
3684 4339 3805 4392 sn-

2212 4389 2342 4445 tiam
2366 4391 2490 4448 Filii
2508 4394 2603 4449 Dei
2628 4404 2772 4461 sunt,
2804 4400 2897 4456 sed
2925 4401 3105 4458 nullus
3130 4420 3198 4459 ex
3227 4406 3335 4463 illis
3361 4420 3454 4466 est
3476 4389 3803 4486 unigenitus,

527 4486 577 4536 ι,
618 4471 695 4543 7).
734 4472 980 4532 Christus
1004 4477 1148 4534 hunc
1170 4480 1494 4537 versiculum
1518 4498 1796 4553 nunquam
1814 4484 1969 4540 dixit.
2003 4484 2109 4541 Sed
2137 4510 2192 4572 Β
2213 4481 2298 4536 cui
2332 4481 2493 4538 Pater
2521 4486 2761 4543 diceret:
2808 4488 2965 4565 Sede;
2984 4494 3052 4547 ad
3088 4495 3363 4555 dexteram

524 4562 656 4634 quid
683 4563 821 4620 dixit
845 4584 858 4620 :
903 4565 1050 4624 Venit
1072 4572 1312 4642 princeps
1336 4573 1494 4643 hujus
1520 4575 1722 4641 mundi,
1759 4583 1807 4631 et
1834 4578 1890 4631 in
1920 4593 2001 4632 me
2030 4579 2111 4634 ni-

527 4652 600 4705 hil
624 4655 814 4711 invenit
844 4656 1027 4729 (Joan.
1056 4676 1168 4729 xlv,
1196 4663 1310 4737 50),
1339 4662 1392 4717 id
1419 4671 1520 4731 est,
1550 4666 1682 4721 nihil
1706 4669 1915 4737 peccati
1947 4669 2003 4723 in
2022 4684 2110 4726 me

522 4741 750 4800 invenit.
804 4746 872 4802 Et
907 4748 1029 4806 idco
1060 4753 1187 4822 quia
1232 4754 1377 4810 solus
1406 4756 1569 4812 homo
1607 4758 1724 4813 sine
1748 4766 1972 4829 peccato
2002 4768 2105 4830 est,

525 4833 703 4890 nullus
724 4835 777 4889 ei
804 4836 1084 4895 hominum
1109 4842 1301 4898 similis
1338 4844 1626 4900 invenitur.
1655 4846 1758 4914 Qui
1783 4848 1928 4904 solus
1947 4857 2110 4919 caput

527 4931 626 4990 est,
660 4941 823 4997 super
857 4943 1017 4984 omne
1060 4947 1255 5003 corpus
1279 4942 1380 4988 est.
1432 4935 1532 5003 Qui
1579 4937 1923 5006 singulariter
1952 4956 2110 4996 mons

525 5018 630 5075 est,
659 5028 820 5084 super
848 5032 1037 5075 omnes
1063 5031 1273 5076 montes
1308 5031 1410 5090 est,
1436 5027 1699 5095 propheta
1723 5026 1945 5082 Michiea
1975 5037 2110 5085 atte-

526 5111 725 5171 stante,
763 5108 857 5176 qui
895 5111 1013 5166 ait:
1049 5111 1117 5167 In
1157 5116 1433 5170 novissimo
1462 5119 1667 5172 dierum
1689 5122 1785 5174 erit
1829 5137 1978 5176 mons
2007 5124 2106 5178 do-

446 5246 449 5247 ν
526 5208 642 5246 mus
670 5193 881 5251 Domini
904 5213 1230 5272 prteparatus
1254 5206 1311 5260 in
1339 5210 1520 5263 vertice
1558 5212 1809 5265 montium
1833 5228 1852 5266 :
1872 5222 1919 5268 et
1945 5214 2108 5268 subli-

525 5284 626 5337 mis
647 5285 745 5338 erit
770 5303 925 5358 super
964 5292 1138 5362 colles,
1177 5308 1224 5350 et
1263 5301 1521 5369 con/luent
1551 5301 1620 5355 ad
1646 5319 1762 5357 eum
1793 5304 1971 5377 papuli
1992 5322 2013 5361 :
2058 5315 2107 5362 et

525 5376 876 5446 properabant
904 5392 1076 5450 gentes
1115 5387 1313 5456 multae,
1342 5399 1389 5445 et
1419 5393 1631 5449 dicent:
1683 5380 1882 5463 Venite,
1924 5416 2107 5454 ascen-

527 5464 717 5519 damus
737 5466 806 5521 ad
842 5479 1069 5527 montem
1096 5475 1327 5545 Domini,
1364 5491 1412 5536 et
1442 5484 1512 5536 ad
1547 5483 1760 5539 domum
1785 5485 1882 5541 Dei
1915 5487 2105 5558 Iacob,

527 5564 579 5611 et
605 5555 807 5612 docebit
849 5575 943 5614 nos
963 5560 1029 5616 de
1053 5564 1147 5619 viis
1189 5570 1339 5636 suis;
1381 5582 1430 5625 et
1469 5574 1657 5631 ibimus
1682 5577 1739 5632 in
1766 5578 1961 5635 semitis
1989 5555 2107 5651 ejus

528 5646 718 5723 (uicit.
750 5649 848 5726 iv).
881 5652 1166 5712 Psalmisﬂ
1189 5676 1402 5732 quoque
1426 5665 1492 5721 de
1516 5682 1581 5722 eo
1619 5676 1802 5725 monte
1825 5678 1881 5726 et
1907 5670 1976 5728 de
1996 5646 2104 5729 cte-

530 5741 663 5802 teris
693 5745 969 5839 montibus
988 5748 1051 5839 in
1078 5766 1223 5844 van
1250 5754 1468 5847 psalmo
1483 5757 1613 5817 dicit
1638 5778 1651 5816 :
1679 5758 1749 5816 Ut
1781 5762 1909 5835 quid
1934 5766 2134 5847 δωρίτ,

2211 4588 2406 4642 ponam
2434 4575 2673 4633 inimicos
2697 4587 2816 4635 tuos
2856 4582 2952 4637 sub
2972 4584 3186 4654 pedibus
3233 4591 3339 4645 tuis
3378 4593 3571 4663 (Ρωι.
3595 4615 3703 4666 crx,
3732 4602 3803 4670 1).

2212 4660 2399 4719 Nullus
2438 4680 2626 4721 eorum
2664 4669 2884 4725 abstulit
2918 4685 3140 4743 peccata
3163 4660 3505 4742 mundL-De
3533 4660 3806 4749 nullaen-

2210 4770 2331 4809 rum
2358 4757 2560 4814 dictum
2584 4770 2667 4816 est
2689 4780 2703 4816 :
2742 4760 2965 4823 Verbum
2984 4785 3107 4823 caro
3130 4771 3331 4841 factum
3350 4787 3455 4843 est,
3481 4792 3537 4835 et
3556 4784 3805 4840 habitant

2208 4845 2265 4901 in
2286 4849 2452 4905 nobis.
2487 4851 2563 4907 De
2599 4854 2748 4911 nullo
2777 4871 2965 4914 eorum
2988 4861 3191 4918 dictum
3214 4874 3298 4920 est
3324 4885 3337 4923 :
3374 4868 3485 4925 Hic
3510 4886 3593 4929 est
3634 4874 3807 4933 Filias

2209 4953 2352 4993 meus
2374 4941 2590 4999 dilectus
2605 4985 2620 5011 ,
2653 4947 2708 5001 in
2733 4965 2835 5018 quo
2857 4951 2985 5004 mihi
3011 4952 3136 5009 bene
3155 4958 3477 5029 complacui,
3506 4966 3691 5035 ipsum
3714 4990 3809 5024 η-

2208 5029 2332 5085 dite.
2372 5030 2448 5088 De
2474 5035 2619 5091 nullo
2645 5052 2833 5094 eorum
2860 5040 3089 5112 legimus
3117 5046 3261 5115 quod
3296 5048 3368 5103 sit
3390 5029 3672 5113 Dominus
3696 5075 3787 5117 In

2202 5122 2456 5195 jestatis;
2500 5129 2595 5184 sed
2622 5132 2686 5185 dc
2714 5131 2932 5189 Christo
2972 5134 3262 5206 Apostolus
3293 5142 3472 5199 dixit:
3508 5146 3661 5214 Quia
3700 5152 3811 5206 Do-

2206 5217 2406 5272 minum
2449 5220 2737 5290 majestatis
2785 5228 3178 5297 cruciﬁxerunt,
3225 5234 3349 5303 quia
3401 5251 3594 5306 neque
3639 5257 3814 5314 appa—

2206 5309 2317 5364 ruit
2358 5309 2516 5367 Pater
2545 5312 2601 5367 in
2627 5317 2857 5383 mundo,
2906 5318 3003 5374 sed
3037 5337 3215 5393 neque
3259 5322 3501 5395 Spiritus

2206 5402 2303 5457 sed
2352 5403 2524 5460 solum
2571 5404 2767 5462 Filium
2792 5409 3178 5468 cruciﬁxerunt
3216 5414 3439 5473 unicum
3478 5419 3591 5479 Dei
3628 5423 3819 5486 λιι-Β

2206 5491 2461 5550 Verbum.

2274 5584 2405 5641 LIV.
2437 5586 2741 5645 Cavendum
2768 5606 2897 5664 ergo
2942 5601 3026 5650 est
3060 5609 3130 5652 ne
3159 5610 3281 5651 cum
3325 5599 3581 5659 Verbum
3626 5611 3819 5678 audis,

2203 5675 2372 5733 multa
2392 5678 2594 5749 cogites
2614 5682 2796 5737 verba.
2832 5682 2969 5739 Nam
2995 5684 3041 5740 si
3063 5686 3233 5743 multa
3262 5690 3429 5746 verba
3453 5696 3685 5766 cogita
3708 5699 3797 5755 Pa

2204 5769 2325 5839 tris,
2349 5768 2463 5842 jam
2495 5787 2604 5830 non
2634 5788 2801 5831 unum
2824 5773 3039 5847 Filium,
3216 5780 3420 5843 multos
3456 5784 3616 5848 tilias
3641 5791 3816 5850 inteL
