3952 6318
150 365 300 422 i009

797 356 1074 418 HETERII
1111 323 1198 416 ET
1237 355 1296 415 s.
1335 355 1538 416 eum
1574 351 2099 415 AD'ELI‘PANDUM
2138 353 2357 414 EPIST.
2506 353 2636 414 LIB.
2673 354 2742 412 ιι.

3278 359 3416 421 1010

144 480 306 549 Iiges.
355 473 501 530 Cave
533 485 662 544 ergo
685 485 756 528 ne
795 481 850 528 te
891 489 1056 529 sonus
1083 473 1260 545 capiat
1288 474 1436 529 vocis
1482 473 1730 528 humana:
1756 479 1810 539 Α
1833 474 1956 530 bilis
1983 475 2122 529 Deus
2150 481 2252 530 est.
2283 472 2440 530 Solus
2462 473 2634 530 Filius
2662 472 2913 544 apparuit
2932 489 3029 546 per
3059 477 3420 557 substantiam

144 569 558 639 similitudoque
581 567 865 623 sermonis.
903 566 1063 623 Aliud
1087 575 1170 623 est
1185 568 1408 622 verbum
1437 566 1580 636 quod
1604 573 1737 620 tem-

142 679 287 735 pora
321 661 537 727 habet,
558 659 702 730 quod
736 659 956 730 syllabis
991 659 1262 729 colligitur
1283 699 1297 724 ,
1344 657 1487 727 quod
1537 656 1735 738 litteris

145 755 426 828 colligitur
448 793 464 819 ,
495 752 640 824 quod
673 760 831 808 sonat
856 792 871 817 ,
901 754 1044 822 quod
1075 752 1298 807 auribus
1325 751 1558 816 auditur,
1591 751 1736 820 quod

150 855 400 915 tempora
440 843 623 910 habet,
655 851 710 898 et
733 858 900 898 unum
941 843 1167 898 verbum
1198 851 1371 906 sonat,
1415 841 1731 910 pertransit,

146 948 208 994 et
235 938 297 992 ﬁt
319 936 659 993 intervallum
691 935 915 1003 silentii,
953 943 1010 991 et
1035 935 1178 990 aliud
1202 934 1464 990 formatur
1489 936 1730 1002 verbum,

145 1040 208 1085 et
235 1030 482 1098 sequitur
503 1037 565 1083 ut
590 1029 844 1084 audiatur
866 1035 921 1082 et
943 1027 1272 1098 intelligatur
1288 1067 1302 1091 ,
1350 1041 1458 1097 quo
1482 1026 1736 1096 explicito

150 1122 382 1178 tertium
404 1129 680 1190 sequatur,
693 1127 748 1175 et
761 1135 929 1174 unum
942 1120 1164 1174 verbum
1189 1119 1418 1173 alterum
1440 1118 1732 1187 sequendo,

147 1216 325 1271 multa
379 1214 541 1275 verba
586 1211 908 1268 eﬂiciantur.
965 1209 1083 1264 Non
1125 1209 1233 1266 tale
1280 1209 1516 1266 Verbum
1557 1207 1735 1264 Patris

147 1306 325 1361 Filius
361 1306 590 1368 unicus:
641 1302 760 1359 Non
803 1301 911 1356 tale
940 1301 1176 1357 Verbum
1221 1301 1530 1372 unigenitus
1568 1300 1732 1356 Deus.

145 1394 504 1464 Incorporeus
545 1392 689 1446 Deus
720 1389 902 1446 Pater.
933 1389 1133 1445 Vocem
1169 1389 1356 1458 utique
1386 1389 1734 1459 incorporeus

145 1484 487 1555 corporalem
514 1498 622 1539 non
648 1482 832 1536 habet.
867 1479 926 1535 Si
955 1495 1060 1534 vox
1097 1478 1393 1548 corporalis
1422 1493 1532 1534 non
1565 1487 1648 1534 est
1677 1478 1732 1533 in

146 1577 334 1642 Patre,
360 1590 460 1631 nec
487 1573 659 1628 Filius
686 1572 921 1626 Verbum
946 1579 1029 1626 est
1055 1569 1355 1639 corporale.
1384 1569 1452 1624 Et
1477 1569 1597 1624 ideo
1626 1584 1733 1624 non

145 1668 322 1722 multa
359 1667 542 1732 verba,
589 1677 689 1718 nec
727 1661 881 1716 multi
910 1661 1026 1725 ﬁlii,
1057 1661 1152 1716 sed
1177 1676 1343 1714 unum
1375 1660 1609 1715 Verbum
1651 1666 1736 1715 est

146 1760 358 1830 aequale
369 1758 544 1822 Patri,
593 1755 736 1827 quod
760 1766 815 1810 et
843 1757 1068 1826 gradum
1089 1754 1324 1810 excludit
1346 1762 1400 1808 et
1424 1768 1729 1809 numerum.

1835 581 1991 621 suam
2025 566 2350 622 hominibus.
2398 565 2516 622 Non
2543 580 2643 638 per
2667 564 2813 620 illam
2845 567 3092 637 apparuit
3111 583 3215 638 qua
3241 584 3420 640 aequa-

1833 659 1902 716 lis
1931 668 2013 715 est
2037 659 2205 726 Patri,
2255 661 2348 716 sed
2374 675 2472 731 per
2493 659 2641 715 illam
2672 675 2778 730 qua
2802 658 3002 716 missus
3033 660 3182 716 venit
3205 675 3238 715 a
3259 660 3424 720 Patre

1833 759 1888 807 et
1915 751 2120 821 Spiritu
2159 762 2345 808 saneto
2386 753 2530 808 solus
2561 752 2747 819 Filius,
2779 753 2872 822 qui
2919 753 3268 824 semetipsum
3306 754 3424 811 exi-

1835 843 2058 912 nanivit,
2090 844 2144 899 id
2172 853 2272 911 est,
2311 845 2455 900 solus
2477 844 2707 900 formam
2739 846 2881 901 servi
2912 848 3138 917 accepit.
3175 845 3292 902 Noli
3317 847 3423 919 igi-

1832 943 1924 991 tur
1951 945 2009 992 et
2044 945 2102 991 tu
2129 938 2423 994 secundum
2449 947 2702 994 naturam
2739 941 3083 1010 interpretari
3111 942 3252 1012 quod
3278 957 3425 1013 prte-

1833 1036 1919 1082 ter
1946 1027 2255 1084 Divinitatis
2307 1037 2558 1084 naturam
2598 1039 2700 1086 est.
2759 1030 2911 1098 Quod
2954 1033 2999 1087 si
3045 1033 3345 1090 credideris
3384 1038 3424 1092 ‘a

1834 1117 2013 1174 Verbo
2038 1133 2258 1173 carnem
2285 1133 2405 1175 esse
2450 1129 2774 1192 susceptam,
2820 1130 2876 1176 et
2911 1121 3106 1180 offeras
3134 1125 3425 1197 transfigu-

1833 1211 2063 1265 randum
2097 1225 2291 1280 corpus
2313 1209 2514 1267 Christi
2542 1215 2817 1279 altaribus,
2862 1222 2915 1269 et
2955 1231 3061 1269 non
3090 1215 3424 1272 intellexeris

1834 1301 1978 1370 quod
2019 1300 2244 1356 offertur
2283 1309 2376 1356 aut
2414 1304 2500 1358 cui
2553 1304 2822 1372 offertur;
2871 1313 2926 1360 et
2965 1321 3072 1362 non
3110 1306 3422 1362 distinxeris

1833 1401 2082 1446 naturam
2105 1393 2400 1450 divinitatis
2432 1403 2487 1450 et
2513 1398 2774 1466 corporis,
2825 1399 3006 1453 statim
3035 1400 3133 1454 tibi
3160 1399 3420 1456 Dominus

1835 1484 2000 1540 dicit:
2035 1485 2091 1539 Si
2124 1493 2270 1541 recte
2293 1485 2510 1553 oderas,
2538 1495 2594 1543 et
2632 1497 2778 1545 recte
2812 1505 2920 1545 non
2957 1491 3184 1558 dividas,
3221 1505 3419 1560 pecca-

1833 1575 1922 1630 sti.
1952 1574 2069 1630 Non
2093 1575 2233 1642 dico,
2259 1591 2542 1645 personam
2569 1579 2795 1645 dividas,
2829 1579 2924 1634 sed
2949 1579 3068 1634 dico
3095 1589 3155 1633 ut
3173 1595 3334 1635 nemo
3361 1579 3418 1635 in

1832 1665 2084 1732 precibus
2104 1665 2188 1720 vel
2210 1665 2428 1722 Patrem
2455 1683 2554 1737 pro
2576 1668 2733 1735 Filio,
2767 1669 2854 1724 vel
2893 1669 3086 1725 Filium
3119 1685 3219 1740 pro
3258 1669 3420 1727 Patre

1833 1757 2090 1812 nominet.
2116 1757 2328 1813 Etcum
2350 1759 2542 1815 altario
2565 1762 2856 1830 assistitur,
2884 1776 3097 1833 semper
3117 1763 3183 1817 ad
3200 1762 3420 1817 Patrem

145 1853 219 1906 Et
250 1853 354 1907 hoc
394 1849 514 1905 dico
543 1848 687 1918 quod
717 1847 856 1918 lego.
886 1847 953 1900 Et
985 1847 1090 1901 hoc
1125 1845 1287 1901 credo
1325 1845 1468 1915 quod
1492 1844 1726 1915 profero.
1759 1832 1808 1895 Β
1835 1849 2103 1921 dirigatur
2145 1852 2336 1907 oratio.
2388 1853 2456 1907 Et
2495 1855 2802 1926 quicunque
2842 1856 2946 1911 sibi
2985 1832 3175 1926 preces
3204 1854 3420 1909 aliunde

148 1945 288 2002 Nam
319 1959 438 2014 qua:
464 1943 535 1998 sit
565 1940 725 2011 huius
753 1948 947 1995 natura
973 1939 1157 2002 Verbi,
1190 1940 1393 1994 nescio.
1443 1940 1509 1994 Et
1550 1939 1736 1996 nescio

147 2038 322 2094 multo
356 2038 460 2092 hoc
505 2035 698 2091 melius
724 2050 886 2104 quam
931 2035 1066 2090 scio.
1111 2033 1224 2090 Hoc
1261 2033 1432 2090 solum
1460 2034 1596 2087 bene
1624 2031 1736 2087 scio

147 2131 368 2203 quando
417 2131 520 2186 hoc
545 2131 726 2186 nescio
756 2129 900 2199 quod
929 2129 1068 2184 scire
1112 2144 1219 2184 non
1263 2143 1503 2197 possum.
1553 2125 1738 2196 Neque

145 2226 299 2280 enim
321 2223 580 2290 Joannes,
623 2237 780 2292 quem
816 2222 955 2292 lego,
986 2221 1131 2276 aliud
1165 2221 1345 2275 dicere
1379 2220 1552 2290 potuit
1575 2233 1737 2289 quam

143 2316 303 2385 quod
336 2314 540 2369 audivit
566 2329 580 2368 :
611 2314 759 2380 Quod
786 2315 1011 2369 vidimus
1031 2354 1046 2379 ,
1076 2313 1270 2381 inquit,
1301 2323 1348 2366 et
1374 2312 1512 2384 quod
1534 2311 1738 2365 audivi-

145 2424 294 2460 mus.
341 2406 455 2461 Iloc
479 2405 647 2461 solum
685 2405 819 2460 bene
855 2420 914 2460 se
939 2405 1080 2461 scire
1111 2406 1246 2460 dixit
1281 2407 1424 2476 quod
1453 2406 1657 2460 audivit
1685 2413 1740 2461 et

146 2497 309 2561 vidit,
344 2497 436 2567 qui
484 2497 536 2550 in
562 2488 762 2552 Christi
807 2504 1026 2566 pectore
1054 2497 1422 2553 recumbebat.
1472 2497 1616 2568 Ergo
1663 2495 1737 2550 illi

148 2591 290 2646 satis
313 2597 398 2644 est
436 2590 641 2656 audire,
688 2588 820 2644 mihi
867 2603 974 2643 non
1002 2589 1286 2654 estsatis;
1335 2589 1428 2644 sed
1465 2589 1608 2659 quod
1649 2587 1741 2642 ille

149 2685 380 2749 audivit,
424 2685 528 2740 hoc
558 2683 691 2739 mihi
722 2684 877 2740 dixit.
932 2683 998 2738 Et
1028 2684 1171 2753 quod
1211 2682 1414 2737 audivit
1445 2698 1474 2736 a
1501 2681 1738 2749 Christo,

151 2775 264 2830 hoc
289 2789 388 2829 nec
422 2789 522 2845 ego
559 2789 779 2844 possum
807 2787 1009 2844 negare
1031 2787 1217 2828 verum
1247 2787 1368 2828 esse
1409 2773 1476 2827 de
1502 2771 1740 2828 Christo.

150 2870 306 2941 Ergo
336 2869 473 2939 quod
517 2869 606 2925 ille
635 2870 858 2935 audivit,
897 2870 1002 2925 hoc
1037 2884 1136 2940 ego
1177 2868 1376 2924 audivi.
1415 2867 1554 2934 Quid
1586 2867 1741 2923 audi-

150 2963 288 3018 vit?
318 2962 564 3017 Verbum.
600 2960 736 3026 Quia
771 2960 945 3015 dixit:
987 2958 1142 3025 Quod
1169 2958 1269 3027 fuit
1305 2959 1368 3012 ab
1390 2959 1562 3022 initio,
1602 2956 1742 3028 quod

153 3053 475 3108 audivimus.
516 3052 718 3107 Deinde
739 3051 870 3107 dicit
894 3069 908 3105 :
941 3051 1011 3105 Et
1034 3050 1279 3105 vidimus.
1320 3048 1434 3104 Hoc
1455 3056 1625 3104 totum
1651 3063 1745 3104 ve-

153 3161 283 3200 rum
324 3153 435 3210 est,
485 3144 612 3214 quia
653 3143 797 3213 quod
835 3141 1038 3198 audivit
1080 3149 1135 3197 et
1179 3141 1331 3196 vidit.
1381 3139 1517 3208 Quid
1565 3140 1742 3196 vidit?

153 3238 278 3293 Non
324 3238 509 3306 utique
552 3236 898 3291 Divinitatem
920 3275 938 3303 ,
992 3250 1112 3306 quae
1153 3235 1447 3291 secundum
1494 3243 1743 3290 naturam

154 3344 314 3383 suam
361 3327 531 3383 videri
579 3342 687 3382 non
728 3334 925 3398 potest.
990 3325 1137 3382 Vidit
1182 3341 1306 3380 eum
1354 3339 1452 3394 per
1495 3333 1746 3380 naturam

155 3435 360 3475 meam.
409 3419 529 3476 Non
562 3418 706 3474 enim
745 3418 984 3474 Verbum
1032 3417 1265 3472 alterum
1313 3416 1482 3472 Filius
1525 3423 1645 3483 est,
1691 3427 1750 3473 et

155 3513 327 3567 homo
348 3510 505 3576 alter,
539 3511 635 3566 sed
662 3525 729 3566 ex
756 3518 988 3579 utroque
1010 3509 1203 3564 unicus
1225 3508 1396 3564 Filius
1423 3516 1526 3564 est.
1552 3495 1556 3500 ’

233 3603 345 3658 LV.
373 3601 479 3658 Sed
504 3603 630 3673 quia
659 3602 953 3658 secundum
975 3611 1226 3658 naturam
1250 3618 1404 3658 suam
1433 3617 1592 3658 nemo
1620 3618 1746 3659 eum

159 3693 348 3749 videre
376 3700 607 3764 poterat,
643 3693 877 3763 suscepit
904 3700 1151 3748 naturam
1185 3693 1444 3748 visibilem
1469 3708 1663 3758 meam,
1688 3701 1749 3748 ut

159 3784 463 3841 secundum
506 3794 756 3840 naturam
787 3786 1030 3856 corporis
1066 3786 1358 3842 videretur.
1409 3787 1648 3857 Denique
1693 3795 1749 3844 et

161 3876 402 3946 Spiritus
432 3885 652 3932 sanctus
673 3876 729 3931 in
755 3877 936 3946 specie
956 3877 1106 3932 visus
1132 3885 1215 3932 est
1239 3886 1297 3932 ut
1326 3877 1592 3945 columba,
1621 3879 1747 3949 quia

157 3963 336 4019 videri
382 3965 643 4020 Divinitas
683 3966 739 4020 in
765 3981 877 4022 suae
906 3965 1169 4022 claritatis
1213 3968 1442 4023 veritate
1467 3985 1573 4023 non
1599 3978 1750 4038 pote-

157 4065 275 4112 rat.
329 4057 458 4122 Qua:
487 4059 671 4128 utique
693 4073 800 4112 una
829 4057 1170 4113 invisibilitas
1213 4058 1411 4127 Patris,
1439 4068 1497 4115 et
1525 4060 1668 4126 Filii,
1693 4069 1748 4118 et

157 4144 412 4215 Spiritus
435 4147 620 4211 sancti,
647 4147 772 4216 quia
798 4163 904 4202 una
934 4148 1197 4204 Divinitas
1222 4156 1303 4204 est
1336 4159 1390 4204 et
1411 4165 1550 4206 unus
1577 4151 1740 4220 Deus,

157 4235 350 4300 Pater,
381 4243 436 4290 et
469 4235 654 4306 Filius,
698 4245 753 4292 et
781 4237 1014 4307 Spiritus
1042 4246 1278 4293 sanctus.
1334 4239 1438 4294 Sed
1469 4242 1597 4310 quia
1639 4250 1750 4299 tres

158 4341 294 4385 sunt
315 4346 575 4401 persona-'2,
613 4317 810 4398 Pater,
848 4339 903 4387 et
930 4331 1118 4400 Filius,
1155 4341 1210 4388 et
1247 4333 1480 4404 Spiritus
1509 4345 1748 4404 sanctus,

159 4423 270 4478 hoc
319 4438 424 4476 non
465 4423 666 4479 habent
708 4439 991 4479 commune
1021 4425 1164 4494 quod
1209 4426 1356 4480 solus
1386 4426 1553 4482 Filius
1578 4426 1752 4484 factus

1767 3192 1814 3257 C

1836 1940 2110 2013 describit,
2141 1957 2248 1997 non
2274 1942 2353 1998 eis
2394 1952 2595 2012 utatur,
2634 1947 2741 2002 nisi
2763 1946 2916 2016 prius
2953 1961 3048 2003 eas
3074 1962 3196 2002 cum
3222 1947 3422 2001 instru-

1836 2032 2097 2088 ctioribus
2140 2034 2427 2090 contulerit
2471 2035 2769 2093 fratribus:
2804 2038 2859 2093 id
2892 2047 2994 2104 est,
3039 2053 3248 2108 preces,
3285 2052 3420 2107 quas

1836 2121 2095 2191 suggerit,
2123 2138 2155 2177 a
2179 2123 2458 2180 catholicis
2483 2125 2775 2182 imbuatur.

1906 2211 2061 2268 LVII.
2103 2214 2259 2270 Solus
2303 2231 2434 2286 ergo
2477 2216 2646 2273 Filius
2671 2227 2755 2276 est
2782 2219 2965 2286 homo,
2997 2220 3180 2289 quiet
3199 2219 3421 2290 aequalis

1837 2305 1984 2360 Patri
2017 2314 2119 2372 est,
2150 2321 2365 2378 semper
2407 2309 2466 2364 in
2493 2308 2667 2365 forma
2702 2310 2817 2376 Dei,
2855 2311 2940 2366 cui
2981 2327 3105 2366 cum
3137 2311 3297 2366 Patre
3325 2313 3422 2366 ho-

1839 2397 1999 2452 stiam
2020 2397 2313 2464 offerimus,
2340 2409 2396 2455 et
2423 2400 2569 2456 solus
2590 2400 2818 2457 formam
2857 2403 2998 2458 servi
3029 2403 3297 2474 accipiens
3337 2418 3424 2458 sa-

1838 2489 2028 2545 cerdos
2056 2489 2230 2546 factus
2251 2499 2354 2547 est.
2380 2492 2486 2547 Per
2507 2507 2671 2563 quam
2707 2493 2940 2548 hostiam
2971 2495 3148 2549 vivam
3173 2494 3284 2548 Deo
3307 2493 3424 2564 pla-

1839 2589 2050 2637 centem
2079 2582 2275 2638 oll‘erre
2297 2598 2603 2654 possumus.
2634 2583 2748 2640 Nec
2781 2593 2959 2642 tamen
2994 2603 3023 2641 a
3059 2587 3214 2641 nobis
3238 2585 3423 2641 otl‘erri

1841 2673 2014 2728 hostia
2037 2676 2318 2744 potuisset,
2366 2678 2413 2732 si
2441 2677 2690 2734 Christus
2718 2692 2819 2748 pro
2847 2680 3003 2735 nobis
3029 2679 3205 2734 hostia
3251 2677 3425 2732 factus

1841 2778 1950 2818 non
1971 2763 2177 2820 fuisset.
2224 2766 2284 2820 In
2309 2781 2416 2836 quo
2442 2767 2557 2836 ipsa
2598 2774 2790 2824 natura
2824 2770 2996 2824 nostri
3030 2769 3246 2840 generis
3293 2780 3425 2822 vera

1841 2867 1926 2914 est
1948 2859 2123 2915 hostia
2151 2859 2420 2916 salutaris.
2473 2861 2544 2918 Ut
2584 2862 2729 2917 enim
2779 2849 2894 2932 ipse
2946 2860 3285 2934 Unigenitus,
3331 2858 3428 2932 qui

1842 2965 2006 3006 verus
2031 2951 2349 3006 naturaliter
2387 2952 2531 3008 Deus
2557 2961 2659 3020 est,
2684 2967 2848 3010 verus
2870 2953 3042 3019 fieret,
3088 2961 3144 3008 et
3172 2949 3442 3008 sacerdos-

1842 3043 1899 3100 in
1922 3060 2152 3115 persona
2181 3045 2480 3102 divinitatis
2515 3063 2646 3116 suaa,
2680 3065 2787 3105 non
2812 3049 3020 3119 accepit
3045 3048 3279 3104 hominis
3302 3059 3430 3117 per-

1845 3154 2054 3206 sonam,
2085 3141 2181 3196 sed
2207 3149 2479 3196 naturam.
2506 3140 2563 3196 Si
2593 3143 2738 3198 enim
2757 3133 3010 3198 naturam
3038 3141 3272 3198 hominis
3301 3153 3428 3194 cum

1847 3247 2077 3302 persona
2116 3231 2275 3286 simul
2315 3233 2628 3302 accepisset,
2675 3234 2728 3287 in
2773 3233 2864 3288 illo
2894 3231 3280 3288 incarnationis
3305 3242 3429 3300 my-

1848 3323 2015 3378 sterio
2041 3337 2148 3378 non
2168 3330 2311 3378 esset
2334 3338 2474 3377 unus
2492 3323 2739 3378 Christus
2762 3324 2819 3378 in
2840 3325 3049 3381 duabus
3068 3324 3277 3379 naturis
3287 3323 3432 3376 Deus

1847 3421 1904 3468 et
1928 3414 2110 3480 homo,
2143 3414 2237 3469 sed
2275 3413 2331 3468 in
2358 3412 2568 3470 duabus
2600 3416 2847 3485 personis
2892 3415 3030 3470 alter
3078 3425 3224 3471 esset
3260 3417 3427 3482 Deus,

1847 3506 1985 3560 alter
2011 3506 2190 3560 homo.
2225 3505 2332 3560 Sed
2361 3507 2482 3561 ideo
2509 3522 2648 3562 unus
2668 3515 2752 3561 est
2775 3506 3043 3582 Christus,
3075 3524 3214 3563 unus
3242 3509 3339 3564 Dei
3375 3518 3432 3565 et

1847 3597 2082 3653 hominis
2123 3595 2330 3663 Filius,
2379 3597 2506 3666 quia
2550 3597 2638 3651 ille
2681 3597 2988 3667 unigenitus
3036 3599 3293 3655 Dominus
3335 3600 3430 3670 qui

1847 3704 2134 3760 personam
2161 3690 2437 3761 propriam
2465 3703 2680 3760 semper
2703 3691 2911 3758 habuit,
2961 3692 3018 3746 in
3060 3692 3175 3762 ipsa
3196 3707 3455 3762 persona

1849 3797 1949 3838 sua
1975 3782 2255 3837 veritatem
2281 3789 2489 3837 natura:
2513 3783 2725 3838 servilis
2753 3783 2979 3854 accepit.
3016 3783 3250 3839 Proinde
3277 3783 3433 3842 Chri-

1849 3881 1966 3929 stus
1993 3873 2364 3943 inseparabilis
2391 3884 2688 3944 permanet.
2745 3876 2881 3944 Quia
2922 3893 3046 3932 cum
3085 3876 3252 3933 altera
3279 3881 3349 3934 sit
3374 3880 3430 3934 in

1849 3983 1915 4024 eo
1940 3977 2131 4022 natura
2151 3969 2464 4036 divinitatis,
2513 3969 2680 4026 altera
2707 3986 2833 4028 vero
2874 3979 3064 4026 natura
3095 3973 3326 4038 servilis,
3377 3974 3432 4028 in

1848 4080 1958 4120 uno
1980 4072 2160 4120 tamen
2180 4065 2477 4136 eodemque
2503 4065 2721 4122 Christo
2759 4066 2849 4121 illa
2876 4082 3108 4136 persona
3132 4066 3432 4121 divinitatis

1851 4167 1988 4224 erat,
2011 4157 2126 4228 ipsa
2165 4173 2271 4212 una
2298 4165 2382 4213 est
2399 4159 2560 4212 etiam
2581 4158 2933 4214 humanitatis
2957 4167 3264 4229 assumpue.
3301 4157 3432 4213 Pro-

1849 4259 2034 4330 pterea
2059 4266 2199 4304 unus
2221 4256 2382 4318 atque
2409 4249 2551 4303 idem
2579 4248 2844 4315 Christus,
2881 4264 3040 4319 quem
3066 4257 3121 4305 et
3144 4249 3302 4320 paulo
3329 4253 3432 4306 mi-

1851 4358 2038 4400 norem
2068 4343 2136 4398 ab
2158 4341 2362 4412 angelis
2387 4342 2637 4407 ostendit,
2669 4342 2877 4412 accepit
2901 4341 3128 4398 formam
3158 4342 3428 4409 servilem,

1853 4434 2112 4504 aequalem
2143 4434 2288 4488 Patri
2311 4434 2644 4489 demonstrat
2669 4434 2848 4492 unitas
2867 4434 3146 4491 naturalis.

158 4513 446 4614 ES‘_1}0“1°
469 4522 692 4584 Propter
719 4514 962 4614 Ῐιοωίξιοε
995 4514 1366 4614 ,Γθδίωὲξξᾳοδν
1410 4518 1561 4614 ξιιιοά
1777 4551 1834 4614 ι)
1925 4528 2099 4584 LVIII.
2131 4529 2188 4582 ln
2217 4543 2323 4597 quo
2361 4537 2700 4584 sacramento
2746 4530 2825 4584 sic
2872 4530 3148 4585 offendunt
3189 4532 3433 4587 hmretici

161 4604 406 4676 Spiritus
433 4615 652 4660 sanctus
678 4621 840 4676 super
865 4604 1136 4659 hominem
1169 4605 1364 4660 Filium
1393 4607 1670 4663 descendit
1697 4609 1754 4664 in

160 4698 350 4770 specie
399 4699 659 4754 columbae
711 4707 770 4753 ut
821 4699 1134 4763 videretur,
1195 4699 1341 4768 quod
1402 4699 1550 4756 solus
1597 4701 1759 4758 Pater

159 4791 430 4848 clamavit
472 4809 486 4846 :
539 4791 618 4845 Tu
666 4808 719 4846 es
765 4789 942 4846 Filius
983 4808 1128 4847 meus
1156 4790 1395 4858 dilectus,
1446 4800 1507 4848 ut
1540 4795 1755 4852 audire-

163 4896 283 4942 ιιιιι.

238 4977 376 5033 LVI.
407 4977 513 5033 Sed
541 4978 632 5033 illa
663 4977 910 5034 columba
937 4977 994 5033 in
1021 4993 1128 5048 qua
1155 4978 1388 5048 Spiritus
1423 4986 1641 5034 sanctus
1666 4993 1758 5050 ap-

161 5072 376 5142 paruit,
408 5087 515 5127 non
538 5070 738 5127 dicitur
764 5071 1000 5141 Spiritus
1025 5080 1266 5136 sanctus,
1297 5073 1436 5128 sicut
1463 5072 1564 5127 iste
1597 5073 1758 5128 homo
1787 5125 1790 5128 Α

163 5183 198 5220 a
234 5165 418 5221 Verbo
441 5173 721 5235 susceptus
755 5165 953 5220 dicitur
996 5164 1184 5220 Filius.
1235 5164 1328 5219 Illa
1359 5163 1606 5220 columba
1651 5179 1760 5219 non

163 5267 256 5315 est
284 5259 450 5314 Deus.
495 5257 629 5314 Nam
659 5259 763 5314 iste
789 5259 949 5315 homo
992 5259 1131 5314 Deus
1167 5266 1269 5312 est.
1300 5259 1393 5312 Illa
1434 5274 1537 5314 vox
1564 5259 1758 5324 Patris,

164 5366 299 5420 qua:
349 5349 528 5403 sonuit
572 5350 942 5420 corporaliter,
994 5365 1102 5404 non
1145 5359 1227 5404 est
1257 5348 1438 5404 Pater.
1487 5348 1624 5404 Nam
1660 5350 1762 5406 iste

162 5439 479 5510 corporalis
499 5442 589 5510 qui
615 5442 763 5497 visus
786 5449 888 5506 est,
925 5439 1094 5495 Filius
1115 5441 1211 5495 Dei
1232 5441 1408 5496 Patris
1437 5441 1629 5497 unicus
1653 5449 1758 5497 est.

161 5531 280 5584 Per
307 5528 605 5598 subiectam
627 5541 933 5588 creaturam
971 5531 1179 5586 locutus
1219 5539 1302 5587 est
1323 5531 1502 5599 Pater,
1531 5549 1636 5588 non
1665 5549 1765 5604 per

161 5639 335 5678 suam
384 5624 780 5690 substantiam,
831 5625 956 5694 quia
997 5623 1278 5679 invisibilis
1322 5625 1463 5681 Deus
1508 5634 1609 5681 est.
1660 5626 1765 5681 Per

163 5713 479 5782 subjectum
522 5725 825 5772 creaturam
869 5715 1114 5786 apparuit
1161 5714 1395 5785 Spiritus
1441 5725 1660 5773 sanctus
1709 5718 1763 5773 in

164 5793 678 5894 specieucolumbac,
708 5828 815 5869 non
844 5827 940 5883 per
967 5825 1118 5867 suam
1143 5819 1412 5878 naturam,
1444 5826 1548 5882 qua
1581 5810 1766 5870 invisi-

1857 4636 2022 4693 quam
2052 4621 2285 4676 maxime
2309 4621 2516 4687 Ariani,
2559 4630 2620 4676 ut
2642 4622 2976 4678 attendentes
3017 4622 3070 4676 in
3100 4637 3164 4677 eo
3198 4622 3432 4678 oﬂlcium

1857 4713 2182 4777 sacerdotis,
2229 4711 2400 4767 nolint
2444 4711 2812 4766 celsitudinem
2861 4712 3086 4768 Deitatis
3135 4713 3431 4784 suscipere.

1856 4803 2120 4870 Quoniam
2147 4817 2278 4874 ergo
2324 4809 2449 4857 sunt
2487 4803 2726 4857 haeretici
2765 4802 2856 4870 qui
2895 4802 3088 4859 Filium
3121 4818 3243 4859 cum
3271 4803 3435 4858 Patre

1856 4896 2018 4950 unius
2045 4893 2340 4949 divinitatis
2369 4907 2488 4948 esse
2517 4907 2623 4946 non
2651 4891 2896 4947 credunt.

1871 4973 1879 4984 ’
1924 4987 2060 5043 LIX.
2094 4987 2224 5040 Item
2253 4992 2378 5040 sunt
2403 4983 2492 5037 alii
2525 4984 2616 5052 qui
2642 4983 2911 5040 hominem
2941 4992 3124 5040 natum
3141 4984 3234 5042 Dei
3265 4986 3434 5042 ﬁlium
3487 4968 3493 4976 ’

1859 5093 1965 5132 non
2003 5078 2361 5132 conﬁtentur:
2394 5074 2488 5144 qui
2517 5075 2732 5144 utrique
2779 5091 2886 5130 non
2926 5075 3041 5141 Dei,
3082 5076 3176 5132 sed
3201 5078 3437 5134 hominis

1860 5153 2105 5223 asSerunt
2135 5182 2254 5222 esse
2282 5165 2554 5236 Virginem
2580 5165 2895 5235 genitricem
2913 5207 2927 5232 ,
2959 5167 3084 5237 quia
3114 5183 3220 5222 non
3242 5184 3340 5238 per
3368 5168 3437 5223 il-

1860 5263 1991 5326 lum,
2042 5261 2236 5330 inquit,
2267 5259 2358 5329 qui
2397 5259 2464 5313 de
2489 5259 2710 5329 Virgine
2752 5268 2912 5316 natus
2957 5271 3059 5329 est,
3108 5261 3339 5318 visibilia
3383 5270 3441 5317 et

1863 5350 2148 5408 invisibilia
2176 5349 2318 5405 facta
2348 5357 2490 5416 sunt,
2523 5349 2616 5406 sed
2642 5365 2742 5422 per
2766 5351 2913 5407 illum
2942 5368 3103 5424 quem
3127 5354 3230 5410 sibi
3256 5353 3440 5426 genuit

1861 5444 2141 5517 mqualem.

1931 5535 2046 5591 LX.
2075 5533 2165 5588 lsti
2195 5542 2320 5589 sunt
2347 5534 2609 5602 hmretici,
2630 5534 3010 5605 ut.Manichmi,
3040 5541 3131 5609 qui
3157 5539 3442 5594 veritatem

1864 5628 2043 5683 carnis
2069 5627 2122 5680 in
2149 5627 2245 5681 Dei
2274 5626 2411 5683 Filio
2438 5642 2636 5695 negare
2665 5645 2772 5684 non
2799 5640 3126 5688 metuerunt.
3179 5631 3332 5686 Hunc
3360 5629 3441 5685 lo-

1865 5735 1988 5774 cum
2010 5733 2246 5787 congrue
2281 5727 2442 5789 atque
2461 5720 2664 5778 utiliter
2689 5721 2878 5777 Patres
2899 5723 3224 5779 sanctissimi
3254 5737 3442 5792 posue-

1865 5819 2010 5870 runt.
2059 5809 2194 5876 Nam
2216 5826 2339 5870 cum
2363 5827 2464 5872 nos
2489 5814 2819 5872 ostendimus
2837 5829 2936 5890 per
2959 5820 3222 5872 aeternum
3260 5827 3438 5874 sacer.
