3952 6318
521 366 656 423 ωιι
1174 432 1179 433 ί
1298 365 1721 433 ELIPANDUS,.
1744 361 1974 431 PM,
2014 360 2075 419 li

2177 359 2927 429 maeremus.
3676 373 3827 433 Mi

522 481 719 538 dotem.
756 482 1061 539 Dominum.
1094 480 1381 537 Christum
1417 484 1483 537 in.
1518 481 1729 538 nostris
1770 478 2102 538 orationibus
2123 474 2331 544 Aqua:
2368 476 2741 548 tempuraliter
2777 479 3025 547 videtur,
3057 482 3236 537 tutum
3273 495 3384 539 non
3424 492 3654 555 spent.
3699 486 3823 543 ﬁ-

499 545 1035 643 ioil‘erre,.venam.in
1079 591 1144 632 eo
1187 592 1409 633 carnem
1430 578 1605 633 nostri
1644 576 1865 647 generis
1881 575 2100 633 conﬁtc-
2200 576 2383 625 ωιθωο
2396 579 2729 641 praesentem
2743 573 3037 643 requirere,
3069 590 3331 646 occipere
3358 576 3515 646 IN,
3553 578 3820 649 adpare

500 684 661 736 ,mun,
711 670 1008 724 secundum
1034 668 1166 725 illud
1192 668 1335 739 quod
1375 667 1665 738 Apostolus
1691 669 1867 743 dicit:
1914 667 2099 724 Omnis
2197 660 2591 757 incredulitatis
2637 671 2741 721 est.
2786 665 3043 735 Denique
3068 666 3269 723 Paulus
3312 669 3605 740 apostqu
3655 672 3821 746 Itq-

514 762 665 821 lnim.
681 763 895 834 ponifea:
920 764 1297 821 “horninibus
1337 764 1662 837 desatuptus,
1687 782 1781 836 pro
1802 766 2075 865 hominibus

2197 753 2385 810 lenem.
2398 755 2639 821 veniens,
2674 757 2975 828 cupiebam.
2987 760 3293 819 inﬁdelibus
3325 763 3587 821 insidant
3605 766 3817 838 adem,

502 856 852 923 ,constituitur
869 857 927 912 in
948 857 1029 912 his
1050 874 1169 929 quae
1195 866 1317 913 sunt
1337 858 1407 913 ad
1429 857 1601 913 Deum
1619 874 1638 913 :
1666 868 1723 912 ut
1742 859 1941 953 offerat
1952 858 2075 953 dom

2190 851 2410 917 patrem
2431 844 2604 902 Publii
2627 847 2937 920 dysenteria
2972 849 3327 925 febribus'que'
3349 865 3625 913 vexatura
3652 872 3819 915 orla-

502 955 567 1021 .ct
592 949 861 1019 sacriﬁcia
878 966 972 1021 pro
999 951 1243 1021 peccatis.
1291 949 1427 1005 Cum
1470 965 1599 1006 vero
1637 951 1852 1015 dicitur,
1892 948 2095 1004 Filium
2192 935 2521 1003 ,ἀοσεαίνενίι
2544 958 2558 995 ³
2584 949 2641 997 et
2660 951 2863 1000 εθηαέδ
2880 945 3621 1019 Ρωάίαίίοῑίεθάῖυωηω
3648 967 3814 1009 m

513 1045 703 1105 tuum;
728 1045 784 1095 et
809 1038 1130 1109 adjicimus:
1165 1040 1269 1107 Qui
1294 1050 1482 1109 tecum,
1524 1059 1723 1097 meme
1746 1041 1912 1096 Pater
1930 1081 1946 1107 ,
1973 1042 2095 1097 vivit

506 1143 562 1203 et
589 1142 771 1205 regnat
793 1135 848 1188 in
866 1135 1066 1189 unitate
1094 1132 1323 1206 Spiritus
1359 1137 1548 1201 sancti,
1579 1135 1722 1191 illam
1763 1135 1951 1205 utique
1975 1134 2097 1192 unif-

512 1230 676 1279 tatem
700 1226 1142 1282 commendamus
1178 1242 1342 1297 quam
1369 1227 1687 1284 naturaliter
1715 1228 1878 1283 habet
1908 1226 2092 1294 Pater,

507 1322 563 1371 et
579 1314 769 1385 Filius,
799 1326 855 1373 et
876 1317 1112 1389 Spiritus
1130 1327 1368 1376 sanctus.
1401 1321 1664 1388 Quoniam
1682 1321 1727 1376 si
1757 1321 1886 1390 quid
1909 1320 2096 1389 huiuss

508 1407 685 1475 modi,
722 1417 788 1463 ut
830 1425 992 1479 supra
1035 1412 1291 1477 diximus,
1340 1411 1720 1483 inScripturis
1744 1413 1993 1485 legimus,
2025 1416 2095 1469 ad

506 1498 767 1556 unitatem
793 1517 1036 1571 personae
1065 1503 1408 1560 referendum
1433 1513 1535 1560 est.
1568 1506 1704 1573 Quia
1729 1515 1785 1562 et
1812 1507 2093 1576 ipse‘solus

503 1599 589 1648 est
615 1595 869 1650 sacerdos
902 1578 1179 1661 Christus,
1210 1610 1308 1666 per
1330 1612 1492 1666 quem
1516 1600 1747 1654 hostiam
1773 1598 2088 1667 offerimus;

503 1690 567 1741 et
584 1691 754 1754 utper
774 1702 897 1740 eum
922 1703 951 1740 a
965 1687 1127 1744 Patre
1138 1696 1453 1759 acceptetur
1471 1699 1527 1746 et
1545 1690 1853 1762 interpellet
1869 1693 2091 1750 Patrem

503 1791 601 1851 pro
638 1780 810 1845 nobis,
867 1782 1233 1851 supplicamus
1274 1793 1514 1840 orantes.
1562 1786 1631 1840 Et
1669 1786 1786 1857 ipse
1814 1796 1898 1843 est
1946 1789 2091 1844 Deus

2198 1027 2545 1088 Timotheum
2568 1048 2637 1091 ex
2669 1034 2986 1095 inﬁrmitate
3009 1040 3271 1097 stcrnacbi
3296 1042 3682 1111 laborantem,
3706 1062 3812 1102 non

2196 1120 2377 1176 verbo
2403 1132 2577 1191 curat,
2615 1127 2730 1182 sed.
2757 1129 3081 1185 mcdicinali
3111 1139 3231 1188 arte
3268 1133 3704 1209 mederipnr-at‘,
3734 1139 3812 1196 8-

2194 1225 2364 1268 cens:
2404 1212 2627 1271 Modico.
2642 1218 2759 1273 uino
2794 1229 2958 1289 utere,
2997 1234 3213 1295 propter
3249 1228 3584 1283 «cum
3617 1237 3691 1285 cf
3708 1230 3801 1301 fre

2194 1312 2419 1371 quentes
2434 1313 2557 1361 tuas
2581 1309 2934 1377 inﬁrmitates.
3396 1389 3404 1396 _

2264 1394 2444 1452 LXIII;
2476 1399 2578 1466 Qui
2606 1405 3321 1473 ergoIintirmum-inﬁdelem
3341 1394 3445 1469 una
3484 1428 3679 1488 prece
3705 1418 3807 1474 sal-

2195 1493 2306 1577 vat,
2350 1490 2443 1557 qui
2471 1496 2743 1562 tegi-ctum
2783 1496 3128 1557 'llimotheum
3173 1519 3337 1575 prece
3375 1520 3484 1564 non
3516 1510 3804 1577 roborat!

2195 1576 2333 1645 Quia
2370 1582 2628 1640 nimirum
2674 1587 2768 1644 ille
2817 1589 2964 1647 foras
2998 1607 3098 1663 per
3138 1596 3458 1654 miraculum
3509 1576 3805 1660 sanandus

2192 1676 2331 1735 erat,
2370 1673 2465 1741 qui
2496 1674 2726 1733 intus'in
2762 1680 2940 1736 auium
2986 1692 3233 1741 mortuus
3271 1696 3427 1756 erat;
3459 1696 3661 1762 πείρετ’
3698 1693 3803 1751 hoc

2194 1761 2337 1830 quod
2361 1766 2600 1823 exterius
2644 1768 2701 1824 in
2730 1785 2957 1843 comere
2997 1783 3236 1844 potestas
3282 1761 3607 1849 ostenderet,
3641 1782 3803 1842 hunc

502 1834 625 1924 cum
651 1834 813 1926 Patre
836 1834 1253 1933 cuircﬁ‘erimus.
1305 1877 1374 1932 Et
1406 1880 1519 1948 ipse
1549 1888 1632 1934 est
1653 1834 1745 1949 qui
1786 1881 2090 1951 interpellat
2115 1834 2169 1900 Β
2192 1856 2454 1951 θαίνίίθω
2481 1858 2709 1918 ίηίθῖίθν
2730 1864 2902 1920 Vinus
2935 1868 3219 1924 animaret"
3268 1869 3337 1925 Et
3364 1878 3543 1929 tam“
3561 1876 3801 1947 “mw

500 1956 720 2016 Patrem
747 1979 846 2033 pro
871 1964 1043 2031 nobis,
1076 1982 1181 2021 non
1204 1982 1354 2035 voce,
1384 1971 1478 2025 sed
1506 1971 1864 2026 miseratione.
1888 1970 1956 2027 Et
1976 1974 2091 2042 ipse

499 2059 586 2108 est
608 2053 699 2123 qui
730 2056 949 2125 exaudit
988 2071 1112 2113 cum
1144 2057 1333 2127 Patre,
1382 2062 1474 2131 qui
1513 2061 1659 2117 solus
1685 2078 1786 2131 pro
1824 2064 1979 2119 nobis
2008 2064 2093 2118 in-

499 2144 749 2213 terpellat
773 2145 1008 2202 Patrem.
1049 2149 1283 2207 Proinde
1322 2162 1515 2209 nostra
1534 2155 1708 2210 oratio
1744 2170 1957 2227 semper
1992 2172 2096 2228 per

496 2236 856 2293 mediamrem
880 2240 1145 2310 dirigatur
1178 2242 1510 2299 adPatrem.
1557 2247 1663 2302 Per
1698 2248 1870 2317 ipsam
1896 2265 2084 2319 perac--

496 2342 622 2385 nam
646 2328 798 2398 cujus
820 2335 1082 2402 sanguine
1109 2348 1295 2391 sumus
1331 2339 1801 2409 redempti,.quem
1828 2342 2082 2409 bibimus,

494 2429 553 2479 et
585 2420 740 2491 cujus
782 2439 1001 2481 carnem
1031 2428 1420 2487 manducamus
1444 2473 1459 2498 ,
1505 2448 1603 2503 per
1629 2448 1791 2504 quam
1829 2436 2080 2494 vivimus.

493 2511 629 2580 Quia
646 2515 786 2569 sicut
802 2518 983 2572 anima
1008 2526 1063 2575 et
1075 2535 1275 2590 corpus
1291 2538 1358 2577 ex
1383 2524 1596 2581 diversa
1622 2528 1921 2583 substantia
1945 2545 2084 2584 unus

491 2615 575 2665 eat
615 2610 797 2675 homo,
840 2611 916 2667 ita
956 2612 1098 2669 Deus
1137 2623 1199 2669 et
1231 2617 1394 2673 homo
1431 2633 1498 2674 ex
1543 2620 1753 2676 diversa
1782 2624 2081 2679 substantia

492 2714 633 2759 unus
657 2710 741 2757 est
763 2702 1031 2760 Christus.
1071 2706 1151 2761 Ac
1174 2722 1273 2778 per
1314 2711 1418 2765 hoc
1458 2726 1579 2766 cum
1622 2713 1694 2768 sit
1726 2729 1864 2769 unus
1892 2729 1959 2769 ex
2001 2715 2083 2770 di-

490 2805 644 2845 versa
688 2794 986 2850 substantia
1009 2836 1025 2861 ,
1067 2796 1182 2866 ipse
1208 2800 1441 2868 quodam
1468 2803 1628 2858 modo
1652 2803 1956 2874 interpellat
1980 2801 2096 2876 pro

493 2881 669 2950 nobis,
703 2882 817 2954 imo
841 2887 1075 2955 quodam
1098 2889 1256 2944 modo
1276 2906 1374 2960 pro
1399 2894 1557 2949 nobis
1578 2895 1815 2950 exaudit.

519 3007 529 3039 ,δ
565 2971 702 3028 LXI.
740 2975 928 3032 Divide
945 2992 1077 3048 ergo
1103 2982 1246 3049 quod
1284 2997 1487 3051 meum,
1528 2984 1707 3041 divide
1731 2988 2075 3056 quod-suum.

493 3063 606 3137 Ego
633 3066 778 3123 enim
808 3073 951 3140 quod
985 3072 1129 3130 illius
1152 3083 1272 3131 erat
1315 3077 1610 3135 divinitatis
1633 3095 1740 3135 non
1791 3083 2075 3139 habebam.

2189 1949 2390 2006 inﬁrmi
2429 1962 2602 2021 erant,
2650 1956 2746 2012 sed
2793 1961 3073 2030 aequaliter
3098 1962 3301 2020 inﬁmi
3328 1975 3659 2022 nouerant.
3700 1968 3795 2025 Ti-

2190 2044 2439 2100 motheus
2467 2062 2690 2117 corpore
2731 2058 2850 2106 erat
2886 2052 3145 2111 inﬁrmus
3164 2066 3218 2113 et
3243 2058 3429 2114 animo
3456 2059 3668 2123 salvus,
3701 2064 3793 2133 qui

2190 2148 2313 2188 cum
2362 2138 2621 2208 magistro
2666 2140 2943 2198 Christum
2993 2144 3254 2203 vitam'iu
3294 2151 3551 2221 gentibus
3596 2153 3793 2223 prasi-

2190 2228 2364 2283 cabat.
2401 2230 2469 2286 Et
2490 2243 2646 2302 pater
2673 2234 2848 2291 Publii
2875 2252 3102 2308 corpore
3129 2243 3452 2311 mgmtabat,
3485 2245 3583 2300 sed
3610 2246 3787 2301 anima

2187 2328 2437 2377 mortuus
2457 2332 2594 2391 erat,
2627 2326 2753 2396 quia
2780 2344 2878 2399 per
2904 2330 3063 2387 ﬁdem
3092 2332 3295 2390 Christi
3324 2352 3430 2393 nec
3459 2336 3596 2393 dum
3623 2340 3788 2395 susci-

2186 2418 2332 2469 tatus
2359 2413 2553 2471 fuerat.
2601 2417 2739 2487 Quia
2789 2421 2904 2491 ipse
2944 2422 3121 2479 dixit:
3159 2426 3275 2498 Ego
3312 2445 3435 2482 sum
3475 2430 3787 2485 rerum

2184 2514 2234 2558 ot
2266 2507 2389 2560 vita.
2422 2506 2525 2575 Qui
2562 2512 2725 2566 credit
2763 2514 2819 2569 in
2857 2532 2959 2583 me,
3010 2520 3110 2574 etsi
3139 2531 3382 2577 mortuus
3418 2523 3608 2594 fuerit,

2185 2596 2569 2667 Quamobrem,
2614 2604 2707 2673 qui
2734 2621 2843 2662 non
2873 2608 3045 2681 credit
3079 2611 3249 2668 tilium
3282 2615 3536 2686 Virginis
3566 2628 3783 2673 natura-

2183 2686 2310 2743 liter
2331 2700 2465 2745 esse
2489 2691 2685 2749 Filium
2731 2695 2826 2751 Dei
2875 2698 3044 2755 Deum
3089 2716 3300 2770 verum,
3351 2719 3467 2760 non
3498 2706 3653 2772 vivit,
3693 2706 3785 2763 sed

2180 2790 2431 2845 mortuus
2462 2793 2563 2839 est.
2605 2785 2850 2846 Mortuus
2869 2799 2973 2857 est,
3001 2795 3129 2864 quia
3153 2796 3259 2852 hoc
3282 2812 3395 2853 non
3428 2800 3629 2855 credit.
3667 2799 3784 2856 Iam

2181 2871 2338 2929 vivus
2364 2884 2529 2943 esset,
2566 2879 2614 2935 si
2639 2881 2904 2940 crederet.
2936 2884 3003 2939 Et
3021 2885 3164 2955 ideo,
3191 2890 3285 2958 qui
3314 2889 3466 2945 intus
3490 2892 3646 2957 vivit,
3670 2891 3781 2961 jam

2181 2979 2291 3022 non
2315 2969 2593 3039 miracula,
2640 2974 2737 3030 sed
2774 2978 3147 3046 paenitentiam
3191 2983 3443 3053 requirit.
3489 2983 3596 3051 Qui
3636 2986 3785 3041 intus

2184 3058 2238 3114 in
2283 3060 2463 3117 anima
2510 3064 2661 3130 vivit,
2711 3072 2951 3139 corporis
2994 3087 3184 3129 curam
3238 3075 3311 3130 in-
3658 3091 3789 3131 non-

490 3155 569 3230 Et.
582 3157 668 3214 ille
696 3162 839 3230 quod
860 3177 1038 3219 meum
1056 3173 1140 3221 est
1164 3167 1517 3225 humanitatis
1537 3186 1644 3227 non
1662 3173 1909 3228 habebat.
1945 3174 2075 3231 Sus-

2186 3152 2314 3223 agit.
2348 3154 2447 3221 Qui
2480 3156 2537 3211 in
2579 3160 2758 3217 anima
2800 3173 3046 3223 mortuus
3083 3175 3189 3235 est,
3226 3169 3464 3240 corporis
3495 3185 3690 3225 cur-am
3712 3171 3775 3229 in

490 3251 635 3335 cepit
670 3253 815 3321 quod
842 3270 1025 3312 meum
1050 3266 1151 3325 est,
1192 3267 1254 3316 ut
1288 3259 1590 3331 impertiret
1626 3266 1769 3334 quod
1797 3282 1952 3322 suum
1973 3281 2073 3325 est.

493 3339 761 3413 Suscepit,
788 3361 894 3402 non
916 3356 974 3403 ut
1001 3349 1369 3416 confunderet,
1403 3354 1583 3409 sed'ut
1606 3357 1853 3428 repleret:
1891 3360 1966 3416 De
1988 3377 2080 3417 no-

492 3439 605 3518 stro
628 3433 939 3508 habuitpro
969 3442 1143 3509 nobis,
1194 3443 1339 3498 unde
1358 3453 1665 3501 mereretur
1698 3463 1798 3518 pro
1826 3450 1980 3505 nobis
2023 3460 2078 3507 et

489 3525 796 3585 viveremus
821 3531 876 3586 in
902 3532 1027 3589 illo..
1064 3535 1381 3606 Exemplum
1411 3538 1629 3612 reliquit
1648 3542 1881 3611 qualiter
1898 3560 2077 3601 more-

488 3630 673 3674 remur
692 3635 794 3689 pro
813 3622 936 3689 illo;
967 3634 1022 3681 et
1044 3628 1136 3683 ubi
1163 3626 1396 3693 illeest,.
1426 3631 1492 3687 de
1514 3641 1688 3689 morte
1721 3634 2098 3691 transiremus

489 3708 560 3765 ad
596 3725 840 3781 regnum.
879 3712 963 3771 Ad
1000 3732 1227 3787 regnum
1254 3721 1469 3792 quippe
1488 3738 1594 3778 non
1617 3732 1793 3794 potest
1817 3728 2070 3795 transire,

484 3800 592 3865 nisi
613 3801 930 3873 interposita
954 3817 1147 3867 morte.
1175 3811 1245 3867 Et
1265 3812 1544 3870 idcimoet
1568 3817 1884 3873 conﬁdendo
1914 3819 2071 3888 quasi

484 3889 829 3960 dubitamus,
860 3902 919 3950 et
939 3900 1094 3967 quasi
1121 3901 1417 3959 dubitando
1455 3905 1793 3962 conﬁdimus.
1842 3908 1908 3962 Et
1947 3925 2073 3980 gau-

483 3981 675 4038 dentes
700 3986 1008 4055 metuimus,
1053 4000 1109 4047 et
1133 4002 1435 4051 metuentes
1459 3998 1770 4066 gaudemus,
1801 4002 1927 4070 quia
1959 4004 2068 4059 sci:-

480 4090 603 4132 mus
629 4078 771 4147 quod
796 4080 864 4135 ad
891 4081 1137 4141 bravium
1166 4086 1365 4157 quietis
1390 4097 1606 4146 aeternae
1631 4094 1915 4161 pervenire
1959 4113 2069 4154 non

481 4179 788 4236 possumus,
817 4172 922 4228 nisi
949 4175 1052 4230 hoc
1078 4177 1223 4247 quod
1246 4178 1529 4249 interiacet
1561 4199 1685 4239 cum
1711 4185 1895 4244 labore
1916 4196 2069 4247 tran-

477 4260 869 4323 scenderimus.
919 4264 1010 4323 Sic
1033 4269 1195 4326 etiam
1241 4285 1366 4328 cum
1391 4276 1610 4332 morbos
1652 4281 1970 4351 temporales
1998 4284 2066 4340 dc

479 4363 706 4420 corpore
746 4354 1004 4425 repellere
1041 4360 1304 4431 cupimus,
1352 4366 1537 4423 tristes
1569 4370 1784 4439 quidem
1818 4389 2067 4431 amarum

475 4443 825 4521 purgationis.
840 4448 1094 4519 poculum
1136 4455 1418 4523 sumimus,
1465 4463 1599 4517 certi
1634 4472 1814 4520 autem
1842 4466 1909 4522 de
1931 4469 2061 4525 sub-

2185 3246 2467 3303 desida'iis
2506 3250 2658 3307 facit.
2706 3255 2773 3309 Et
2815 3258 2907 3328 qui
2951 3261 3196 3331 corporis
3238 3278 3431 3320 curam
3459 3280 3623 3337 agere
3651 3281 3780 3322 con-

2182 3339 2374 3397 tendit.
2396 3339 2672 3401 Christum
2705 3362 3034 3420 cognoscere
3054 3369 3163 3410 uon
3188 3365 3393 3425 potest.

2247 3428 2431 3487 LXIV.
2464 3433 2858 3513 Faciliusergo
2881 3442 3031 3499 Deus
3043 3444 3278 3512 videtur,
3307 3462 3449 3504 cum
3484 3449 3773 3506 secundum

2176 3524 2510 3594 Apostolum,
2544 3532 2770 3586 morior
2810 3535 2963 3591 homo
3002 3540 3376 3610 corrumpitur.
3419 3542 3493 3597 Et
3524 3551 3781 3615 quantum

2173 3615 2293 3685 plus
2315 3620 2683 3690 corrumpitur
2703 3623 2772 3681 de
2790 3625 2878 3681 die
2906 3628 2958 3681 in
2981 3628 3141 3695 diem,
3170 3638 3383 3686 tantum
3409 3633 3540 3704 plus
3564 3637 3619 3691 in
3636 3635 3769 3707 agni-

2176 3708 2323 3765 tione
2366 3710 2463 3766 Dei
2510 3715 2585 3769 de
2616 3715 2704 3771 dic
2745 3718 2800 3772 in
2850 3719 2994 3776 diem
3024 3732 3340 3780 renovatur.
3387 3727 3465 3783 Et
3514 3740 3762 3800 quantu-

2174 3800 2354 3857 minus
2398 3806 2638 3861 exterior
2684 3808 2845 3865 homo
2891 3814 3279 3885 corrumpitur,
3323 3826 3556 3876 tantum
3602 3823 3767 3877 minus

2173 3893 2399 3952 interior
2450 3899 2630 3956 anima
2675 3913 2983 3974 renovatur,
3033 3916 3099 3962 et
3135 3915 3349 3966 tantum
3402 3914 3597 3970 minus
3644 3916 3767 3970 Deus

2172 3990 2501 4058 agnoscitur.
2530 3992 2649 4063 Ipsa
2688 3995 2847 4051 debet
2891 4012 3011 4054 esse
3038 4008 3319 4067 renovata,
3352 4016 3481 4072 qua:
3526 4005 3762 4076 templum

2169 4080 2269 4135 Dei
2299 4082 2368 4137 ab
2393 4082 2651 4155 Apostolc
2677 4086 2842 4143 dicta.
2875 4089 2967 4147 Sic
2997 4092 3141 4146 enim
3163 4092 3237 4147 ait
3264 4111 3278 4147 :
3335 4092 3623 4166 Templum
3641 4097 3763 4151 cui!

2168 4170 2267 4226 Dei
2291 4184 2530 4230 sanctum
2568 4186 2663 4242 est,
2711 4179 2852 4249 quod
2890 4182 3015 4235 estis
3040 4198 3144 4236 vos.
3184 4180 3305 4252 Ipse
3346 4183 3591 4240 interior
3619 4187 3762 4240 homo

2166 4263 2344 4320 factus
2388 4274 2474 4322 est
2501 4268 2568 4324 ad
2609 4268 2898 4343 imaginem
2934 4273 3048 4328 Dei.
3095 4273 3392 4346 Exigamus
3441 4278 3639 4348 itaque
3665 4278 3763 4349 spi-

2167 4357 2335 4413 ritum
2357 4361 2557 4415 mentis
2581 4370 2796 4429 nostrae,
2835 4365 2926 4436 qui
2954 4377 3232 4420 renovatur
3253 4368 3310 4421 in
3340 4370 3623 4439 agnitione
3653 4370 3762 4435 0d,

2165 4449 2452 4504 secundum
2495 4452 2774 4522 imaginem
2819 4456 2935 4526 ejus
2978 4458 3070 4528 qui
3112 4460 3309 4512 creavit
3350 4475 3492 4519 mn,
3535 4460 3668 4529 quia
3695 4460 3763 4515 iiii

474 4536 722 4605 sequenti
763 4536 938 4595 salute
982 4544 1297 4613 gaudemus.
1361 4548 1513 4605 Sicut
1555 4554 1700 4609 enim
1764 4558 2059 4627 corporalis
2081 4556 2264 4632 Dper
2289 4542 2451 4599 ﬁdem
2491 4545 2545 4599 in
2570 4562 2673 4602 nos
2704 4547 2913 4603 habitat
2937 4548 3203 4606 Christus.
3255 4546 3358 4607 Ubi
3399 4568 3507 4607 non
3539 4562 3629 4608 est
3675 4551 3768 4609 Ju-

472 4626 696 4684 morbus
720 4627 837 4688 sine
865 4646 1050 4688 amara
1077 4636 1293 4705 potione
1317 4655 1424 4695 non
1451 4651 1690 4709 curatur,
1721 4626 2063 4719 itaspiritua-

471 4712 540 4771 lis
568 4719 788 4776 morbus
828 4722 1023 4779 anima:
1051 4724 1167 4793 sine
1195 4726 1429 4785 lamenta
1456 4730 1817 4805 lacrymarum
1839 4712 1948 4795 non
1972 4743 2064 4799 de-

470 4802 631 4864 letur.
662 4810 938 4879 Quomodo
966 4832 1096 4888 ergo
1122 4821 1325 4888 poterit
1347 4822 1437 4880 ille
1462 4802 1740 4883 nobiseum
1762 4846 1901 4887 unus
1939 4850 2058 4891 esse

471 4910 540 4951 ex
565 4902 738 4969 nobis,
781 4904 872 4974 qui
911 4916 1134 4976 peccata
1160 4926 1269 4967 non
1306 4929 1424 4981 sua,
1470 4919 1565 4973 sed
1593 4929 1776 4976 nostra
1815 4927 2056 4982 omnium

472 4987 750 5067 seiugipse
774 4996 1016 5053 delevit?
1040 5000 1109 5056 Et
1127 5003 1198 5059 ob
1226 5004 1329 5062 hoc
1346 5022 1446 5078 per
1462 5008 1796 5069 latitudinem
1821 5016 2057 5087 Scriptu-

470 5095 657 5137 raruru
683 5088 895 5159 paginis
933 5094 1225 5163 currimus,
1275 5100 1371 5155 sed
1401 5102 1452 5156 ei
1478 5104 1708 5160 similem
1738 5108 1792 5162 in
1821 5125 1928 5179 quo
1948 5110 2054 5168 ior-

470 5188 616 5243 maru
645 5179 787 5233 servi
814 5186 1107 5256 assumpsit
1133 5202 1241 5247 non
1265 5190 1591 5249 invenimus.

538 5265 698 5322 LXII.
747 5268 937 5328 Restat
979 5291 1107 5349 ergo
1150 5286 1212 5334 ut
1251 5281 1343 5338 isti
1386 5284 1478 5353 qui
1507 5300 1629 5341 eum
1675 5288 1777 5345 sibi
1821 5291 2051 5350 similem

468 5365 680 5428 putant,
707 5359 934 5420 virtutes
958 5380 989 5421 a
1014 5370 1169 5427 nobis
1196 5388 1321 5429 cum
1360 5374 2047 5456 incredulis‘cxtorqueant,

467 5457 524 5508 et
552 5451 768 5509 dicant:
802 5454 859 5511 Si
879 5472 1065 5515 verum
1095 5463 1273 5521 dicitis
1295 5470 1440 5538 quod
1455 5457 1624 5527 Filius
1648 5474 1742 5531 Dei
1766 5451 2047 5549 est—Jews,

468 5552 563 5607 aut
587 5561 717 5602 vere
739 5562 855 5604 vos
878 5548 997 5619 eius
1043 5554 1176 5610 estis
1215 5557 1474 5625 Ecclesia,
1521 5563 1683 5619 facite
1722 5566 1777 5620 in
1805 5566 1921 5637 ejus
1948 5587 2048 5627 no-

467 5637 612 5709 mine
632 5640 791 5699 nobis
812 5641 1061 5703 virtutes.
1085 5645 1294 5704 Etcum
1323 5651 1578 5723 feceritis,
1607 5658 1879 5718 credimus
1897 5664 2049 5721 vobis

467 5736 611 5803 quod
633 5752 763 5793 vere
789 5736 932 5795 Deus
963 5740 1034 5797 sit
1058 5756 1219 5811 quem
1262 5747 1497 5803 Creditis.
1544 5750 1657 5808 Hoc
1683 5761 1851 5809 restat
1879 5757 2049 5813 haere-

2164 4633 2312 4690 dasus
2334 4647 2507 4704 neque
2526 4633 2764 4693 Grmeus.
2796 4638 2899 4694 Ubi
2929 4654 3037 4695 non
3067 4648 3150 4695 est
3187 4656 3374 4698 servus
3397 4657 3584 4713 neque
3605 4642 3762 4700 liber.

2164 4726 2268 4783 Ubi
2308 4743 2416 4783 non
2441 4736 2524 4784 est
2545 4730 2816 4787 masculus
2840 4739 2931 4786 aut
2957 4728 3177 4789 fernina.
3222 4732 3325 4790 Ubi
3354 4735 3493 4790 mori
3526 4751 3643 4792 non
3669 4752 3764 4807 po-

2161 4819 2410 4884 terimus,
2458 4835 2582 4875 cum
2629 4821 2765 4878 solvi
2810 4837 3040 4893 corpore
3087 4824 3430 4895 coeperimus.
3481 4825 3615 4881 Ubi'
3648 4842 3757 4883 non

2160 4914 2511 4980 senescimus,
2549 4914 2594 4969 si
2632 4915 2794 4969 etiam
2834 4915 2888 4969 in
2917 4931 3145 4986 corpore
3172 4916 3240 4992 ad
3271 4917 3612 4988 decrepitam
3634 4929 3761 4975 at:-

2159 5013 2270 5062 tem
2306 5004 2728 5076 pervenerimus.
2770 5002 2903 5062 Cum
2941 4992 3047 5062 hoc
3070 5006 3147 5063 ita
3190 5022 3375 5063 verum
3414 5008 3502 5075 sit,
3538 5020 3603 5066 et
3636 5011 3759 5067 loca

2157 5109 2282 5171 apta
2319 5100 2668 5172 requirimus,
2698 5109 2753 5157 et
2780 5101 3024 5157 invenire
3047 5116 3157 5158 non
3184 5101 3443 5168 valemus,
3482 5101 3757 5159 interiora

2155 5195 2351 5251 animae
2391 5195 2711 5250 mundemus
2742 5212 2756 5248 :
2792 5204 2864 5250 et
2902 5194 3061 5250 omni
3096 5196 3220 5251 inde
3260 5194 3401 5250 mala
3447 5194 3757 5265 cupiditate

2155 5286 2397 5358 depulsa,
2429 5285 2485 5339 in
2515 5275 2677 5340 corde
2694 5291 2884 5341 nostro
2906 5285 3089 5342 locum
3106 5286 3259 5357 pacis
3293 5296 3569 5343 secretum
3611 5303 3757 5359 prae-

2151 5392 2426 5449 paremus,
2478 5384 2545 5432 et-
2577 5376 2655 5431 ita
2700 5390 2918 5447 semper
2961 5392 3182 5450 agamus
3237 5386 3295 5434 ut
3332 5377 3603 5450 templum
3652 5380 3754 5437 Dei

2151 5479 2401 5527 sanctum
2443 5470 2630 5527 simus.
2676 5469 2744 5525 Et
2770 5469 2817 5525 si
2843 5469 3097 5528 volumus
3132 5472 3189 5527 iu
3229 5468 3663 5542 templum-are,
3693 5471 3755 5531 in

2136 5563 2553 5637 nobismetipsis
2599 5576 2836 5618 oremus.
2882 5563 2963 5619 lbi
3007 5563 3152 5639 enim
3187 5563 3395 5619 habitat
3435 5561 3525 5619 ille
3576 5579 3755 5636 quem

2153 5666 2388 5715 oramus.
2416 5658 2493 5713 lbi
2529 5658 2670 5713 enim
2717 5657 2986 5726 Christus,
3013 5654 3137 5716 cum
3178 5659 3463 5724 clamatur,
3491 5659 3751 5729 exaudit,

2104 5776 2109 5781 ν
2151 5755 2243 5810 ubi
2292 5756 2345 5808 et
2390 5754 2616 5811 habitat.
2666 5754 2948 5810 Credimus
2981 5754 3165 5816 videre
3208 5755 3410 5811 Deum:
3458 5768 3570 5809 non
3618 5756 3752 5826 quia

467 5827 587 5893 ticis
602 5832 746 5905 quod
761 5834 1013 5909 paganis.
1036 5834 1201 5899 Fides
1465 5845 1807 5916 conquestu.
1839 5847 2043 5921 Virtus,
2103 5880 2107 5884 ~

2071 5974 2127 6039 ἐξ

2149 5850 2398 5907 videmus
2442 5862 2541 5920 per
2572 5846 2763 5907 oculos
2808 5849 3073 5922 corporis,
3118 5850 3265 5908 sicut
3300 5846 3546 5906 videmus
3572 5849 3751 5909 hunc
