3952 6318
118 372 285 432 1018

779 368 1185 455 ΗΕΤΕΚῐι-ΕΤ
1222 369 1289 425 S.
1323 369 1529 459 ΒΕΑΤΙ
1559 368 1652 424 AD
1689 366 1708 424 1

1811 366 2090 429 ΡΔΝΒΗΜ
2127 373 2347 433 EPIST.
2385 406 2459 421 -
2492 378 2624 437 LIB.
2663 380 2727 439 ll.

3265 390 3403 449 ΝΗ

115 488 330 551 solem,
348 482 445 565 vel
485 481 685 539 mentis
708 482 921 551 obtutu,
952 486 1101 542 sicut
1140 501 1199 543 se
1240 487 1467 557 quisque
1495 484 1721 547 interius
1747 483 1937 546 Astra
1966 487 2050 543 vel
2081 492 2295 561 requies
2333 493 2438 550 erit
2462 502 2740 566 utcunque
2769 496 2961 555 similis
2986 499 3180 558 visioni
3204 504 3288 558 vel
3312 520 3403 562 re-

118 581 281 637 videt
309 580 602 646 viventem,
642 576 789 635 videt
834 578 1127 649 volentem,
1174 579 1330 636 videt.
1363 587 1715 651 quaerentem,

121 671 283 727 videt
310 671 597 727 scientem.
1145 740 1151 747 .

198 763 367 821 LXV.
395 762 535 832 Quid
572 777 701 833 ergo
720 762 954 819 diximus
978 763 1001 817 ?
1028 760 1280 834 Nunquid
1302 762 1405 819 hoc
1423 770 1506 818 est
1533 762 1719 820 videre

117 857 281 930 quod
312 854 573 912 credere?
600 853 767 910 Plane
809 855 1036 910 multum
1081 855 1244 911 distat
1288 855 1430 911 inter
1463 862 1713 925 utraque,

119 950 258 1021 quia
314 946 599 1019 praesentia
653 945 923 1013 videntur,
983 946 1223 1002 absentia
1280 947 1590 1003 creduntur.
1646 946 1715 1002 Et

119 1034 396 1095 Dominus
423 1038 480 1093 in
503 1035 793 1106 Evangelio
821 1036 933 1091 ait:
968 1034 1119 1090 Beati
1143 1036 1233 1108 qui
1257 1052 1361 1090 non
1389 1036 1644 1101 viderunt,
1665 1043 1715 1090 et

120 1133 209 1193 sic
235 1129 589 1185 crediderunt.
623 1126 691 1183 Et
717 1133 897 1182 tamen
941 1125 1020 1182 illi
1048 1127 1152 1182 hoc
1188 1126 1322 1181 dixit
1366 1126 1457 1197 qui
1484 1126 1711 1197 viderat,

118 1222 222 1293 qui
248 1221 534 1276 cicatrices
575 1218 904 1289 palpaverat.
936 1216 1074 1283 Quia
1096 1217 1266 1271 vidisti
1293 1234 1394 1287 me,
1441 1212 1634 1290 inquit,
1664 1229 1714 1275 et

118 1312 422 1369 credidisti.
453 1311 603 1367 Beati
623 1311 713 1383 qui
739 1326 841 1364 non
871 1310 1106 1364 viderunt
1127 1317 1174 1364 et
1201 1308 1551 1365 crediderunt.
1578 1310 1714 1367 Cum
1762 1360 1765 1361 ν

118 1407 349 1462 beatum
391 1405 534 1462 dicat
557 1404 650 1475 qui
674 1402 807 1459 vidit
847 1410 902 1458 et
926 1402 1098 1458 credit
1123 1400 1417 1468 Christum,
1445 1403 1714 1473 quomodo

119 1498 180 1553 in
205 1498 320 1553 alio
344 1496 464 1554 loco
496 1497 612 1567 ipse
634 1495 896 1551 Dominus
924 1494 982 1550 in
1019 1494 1311 1565 Evangelio
1339 1495 1514 1551 dixit:
1543 1495 1708 1552 Deum

118 1606 275 1645 nemo
306 1588 433 1645 vidit
479 1589 756 1660 unquam?
802 1587 870 1643 Et
895 1587 1167 1658 apostolus
1208 1585 1407 1644 Paulus
1435 1589 1503 1644 ad
1530 1587 1714 1646 Timo-

119 1682 312 1739 theum
344 1682 476 1738 dicit
504 1698 517 1735 :
549 1681 715 1749 Quem
738 1681 864 1736 vidit
892 1680 1068 1736 nullus
1096 1681 1364 1736 hominum
1384 1698 1403 1736 :
1429 1681 1521 1737 sed
1549 1699 1710 1754 neque

118 1778 297 1832 videre
322 1786 489 1849 potest
514 1778 539 1830 ?
565 1776 680 1832 Hoc
723 1783 896 1831 totum
923 1776 987 1831 de
1014 1775 1323 1849 hominibus
1364 1776 1566 1831 dictum
1603 1783 1707 1843 est,

118 1884 229 1923 non
252 1869 324 1924 de
349 1867 491 1923 aliis.
519 1867 640 1923 Non
668 1866 841 1927 estde
869 1866 977 1923 illis
1001 1852 1205 1922 dictum
1233 1866 1300 1922 de
1326 1868 1522 1937 quibus
1547 1883 1710 1938 supra

118 1960 376 2027 diximus,
422 1962 736 2039 inlduorum
782 1960 1064 2016 animabus
1109 1959 1357 2016 Christus
1381 1960 1591 2017 habitat
1614 1978 1713 2032 per

122 2054 301 2119 (idem,
330 2055 423 2125 qui
466 2054 728 2124 templum
774 2062 1024 2111 sanctum
1068 2054 1166 2110 Dei
1211 2062 1361 2121 sunt,
1406 2055 1464 2110 in
1511 2056 1710 2126 quibus

122 2146 269 2205 Dens
293 2147 525 2213 habitat,
550 2147 820 2218 Propheta
846 2154 1158 2214 attestante,
1185 2147 1280 2218 qui
1308 2147 1422 2203 ait:
1452 2147 1710 2204 Dominus

120 2242 172 2296 in
197 2242 395 2314 templo
421 2252 601 2299 sancto
619 2260 736 2299 suo.
768 2240 1024 2299 Dominus
1044 2244 1105 2297 in
1126 2243 1253 2299 mlo
1272 2244 1419 2299 sedes
1443 2244 1580 2315 ejus.
1603 2244 1711 2315 Ipsi

122 2343 176 2389 et
198 2336 336 2392 cceli
358 2337 629 2406 dicuntur,
661 2340 950 2396 secundum
995 2338 1133 2395 illud
1157 2354 1287 2395 xvru
1332 2340 1527 2411 psalmi
1558 2339 1711 2397 testi-

122 2426 407 2506 monium:
455 2427 581 2484 Cati
624 2439 874 2487 enarrant
914 2429 1139 2501 gloriam
1181 2430 1299 2485 Dei.
1347 2430 1415 2486 Et
1451 2432 1711 2502 in-quoti—
1762 2482 1765 2495 λ

125 2519 281 2576 diana
307 2536 470 2591 prece
495 2521 761 2579 dicimus:
802 2522 965 2595 Pater
993 2532 1186 2589 noster,
1229 2524 1321 2595 qui
1349 2541 1403 2579 es
1444 2526 1501 2579 iu
1542 2525 1704 2583 cretis.

126 2612 201 2667 Ac
223 2612 271 2668 si
301 2622 487 2684 aperte
529 2615 809 2671 dicamus:
862 2614 964 2682 Qui
1010 2629 1069 2671 es
1093 2615 1149 2671 in
1185 2617 1390 2672 sanctis
1416 2616 1625 2688 angelis
1650 2626 1708 2673 et
1762 2688 1767 2693 λ

125 2702 177 2758 in
200 2705 413 2761 sanctis
434 2706 737 2762 animabus.
764 2706 972 2763 Caelum
997 2708 1100 2777 ipsi
1128 2716 1274 2774 sunt,
1301 2709 1429 2780 quia
1472 2718 1709 2763 nonter-

126 2811 275 2861 rena,
302 2796 392 2851 sed
415 2796 659 2875 coelestia
677 2799 909 2868 sapiunt,
949 2798 1245 2855 secundum
1284 2798 1434 2855 Pauli
1480 2800 1709 2870 apostoli

121 2892 327 2949 dictum
352 2912 371 2949 :
404 2892 465 2952 Si
502 2896 900 2951 murrexistis
919 2911 1038 2950 cum
1080 2894 1307 2964 Christo,
1343 2913 1461 2968 qua:
1499 2913 1708 2951 sursum

122 2998 246 3038 suis:
266 2984 453 3055 sapite,
488 2985 577 3040 ubi
618 2984 855 3042 Christus
897 2995 973 3057 est
1014 2986 1071 3040 in
1110 2982 1325 3041 dextera
1362 2987 1460 3042 Dei
1504 2986 1702 3043 Patris.

121 3072 225 3140 Qui
244 3076 392 3130 enim
416 3091 539 3131 cum
567 3076 786 3133 Christo
812 3077 1127 3142 resurrexit,
1170 3085 1226 3132 et
1252 3077 1343 3132 ubi
1380 3076 1629 3135 Christus
1649 3078 1706 3133 in

1820 577 1964 646 quiei
1987 580 2149 650 illius,
2187 586 2282 641 sed
2307 588 2528 658 aequalis
2550 606 2661 657 non
2683 590 2809 647 erit.
2840 590 2919 648 Ne
2944 594 3089 649 enim
3123 594 3404 665 iaceamus

1817 666 2088 760 inAnobis,
2131 684 2191 731 ut
2220 677 2293 734 ita
2346 680 2543 748 dicam,
2583 685 3051 756 contemplationis
3093 688 3258 760 pinna
3306 707 3407 749 nos

1817 757 2077 829 sublevat,
2127 772 2294 837 utque
2318 784 2351 823 a
2381 762 2537 826 nobis
2578 774 2645 829 ad
2672 773 2825 829 illum
2870 757 3157 847 eriguntur
3196 779 3404 837 intuen-

1817 853 1963 917 dum,
1996 854 2269 929 raptisque
2308 861 2607 921 intentione
2648 866 2829 923 cordis
2871 875 2927 923 et
2970 852 3252 927 dulcedine
3278 888 3406 929 con-

1816 946 2195 1037 templationis,
2244 952 2422 1026 aliquo
2467 957 2627 1013 modo
2669 975 2709 1020 a.
2748 960 2905 1017 nobis
2932 962 3073 1019 imus
3120 946 3177 1020 in
3205 969 3401 1037 Ipsum.

1816 1034 1993 1127 [Etiam
2019 1039 2121 1096 hoc
2147 1042 2324 1115 ipsum
2348 1047 2426 1103 ire
2455 1059 2701 1106 nostrum
2727 1052 2907 1109 minus
2932 1062 3018 1111 est
3039 1034 3402 1127 requiescere.

1814 1125 1883 1181 Et
1911 1136 2090 1187 tamen
2119 1133 2196 1190 sic
2217 1135 2315 1205 ire,
2345 1138 2583 1208 perfecte
2608 1142 2890 1211 quiescere
2916 1154 3019 1201 est.
3065 1125 3134 1203 Et
3164 1150 3406 1218 perfecta

1815 1235 1944 1293 ergo
1998 1227 2210 1296 requies
2252 1239 2356 1299 est,
2407 1233 2531 1303 quia
2584 1235 2728 1293 Deus
2783 1239 3060 1308 cernitur;
3113 1249 3171 1299 et
3220 1251 3404 1300 tamen

1815 1316 2077 1404 aequanda
2100 1335 2207 1375 non
2235 1330 2319 1378 est
2344 1325 2551 1395 requiei
2572 1326 2733 1395 illius,
2761 1330 2854 1399 qui
2881 1346 2989 1400 non
3014 1347 3047 1388 a
3070 1347 3132 1391 se
3151 1332 3208 1390 in
3233 1334 3407 1391 alium

1815 1408 2011 1462 transit
2042 1418 2102 1466 ut
2124 1413 2386 1482 quiescat.
2502 1480 2505 1483 _

1883 1498 2090 1556 LXVII.
2132 1503 2226 1561 Est
2271 1506 2454 1578 itaque
2498 1512 2731 1582 requies,
2774 1521 2835 1570 ut
2878 1514 2954 1571 ita
2980 1516 3177 1584 dicam,
3207 1516 3411 1575 similis-

1766 1654 1771 1660 ἱ
1814 1595 1978 1660 atque
2003 1593 2298 1653 dissimilis.
2345 1598 2482 1666 Quia
2526 1604 2670 1674 quod
2714 1604 2860 1662 illius
2892 1607 3109 1678 requies
3155 1615 3259 1676 est,
3296 1609 3403 1666 hoc

1814 1690 2001 1737 nostra
2027 1684 2289 1751 imitatur.
2320 1689 2564 1764 Namque
2590 1704 2651 1750 ut
2673 1697 2818 1752 beati
2843 1705 3002 1768 atque
3022 1700 3209 1756 :eterni
3232 1701 3403 1757 simus

1816 1773 1872 1829 in
1892 1786 2173 1847 aeternum,
2207 1781 2483 1840 imitamur
2521 1795 2804 1857 aeternum,
2830 1799 2886 1847 et
2922 1808 3115 1865 magna
3140 1794 3297 1851 nobis
3319 1804 3403 1853 est

1813 1868 2090 1925 aeternitas
2128 1871 2359 1930 imitatio
2401 1881 2738 1937 :eternitatis.
2790 1881 2901 1938 Nec
2935 1893 3179 1941 exsortes
3215 1900 3403 1942 sumus

1811 1958 1927 2031 ejus
1952 1956 2112 2032 quem
2136 1965 2335 2021 imitari
2361 1984 2663 2040 possumus.
2702 1973 2841 2043 Quia
2884 1985 2939 2032 et
2964 1976 3209 2033 videntes
3232 1977 3402 2049 parti-

1809 2052 2052 2123 cipamus
2079 2062 2133 2111 et
2164 2057 2555 2131 participantes
2596 2063 2890 2121 imitamur.
2940 2065 3070 2134 Qua:
3096 2067 3212 2123 sine
3225 2068 3405 2138 dubio

1809 2140 1947 2197 visio
1967 2158 2110 2201 nunc
2134 2161 2233 2215 per
2272 2147 2433 2203 iidem
2478 2150 2784 2219 inchoatur,
2831 2156 2924 2211 sed
2968 2166 3097 2231 tunc
3129 2157 3185 2211 in
3223 2159 3401 2228 specie
3506 2170 3510 2176 ‘

1808 2233 2105 2304 perﬁcitur,
2128 2239 2349 2307 quando
2369 2249 2695 2299 cozeternam
2730 2245 2841 2302 Deo
2872 2247 3212 2319 sapientiam,
3237 2264 3400 2319 quam

1808 2330 1970 2386 modo
1996 2346 2092 2400 per
2120 2347 2235 2389 ora.
2259 2335 2696 2405 praedicandum,-
2737 2340 2895 2410 quasi
2912 2384 2919 2391 .
2936 2357 3036 2411 per
3060 2342 3399 2398 decurrentia

1808 2417 2031 2477 ﬂumina
2076 2424 2361 2492 sumimus,
2405 2426 2461 2481 in
2490 2426 2606 2499 ipso
2644 2427 2791 2484 fonte
2819 2429 3040 2486 Christo
3078 2430 3397 2499 biberimus,

1810 2509 1965 2581 cujus
1984 2528 2180 2586 corpus
2219 2532 2425 2575 sumus.
2461 2517 2568 2575 Sed
2605 2521 2825 2592 grandis
2850 2521 2941 2578 hic
2975 2521 3128 2578 labor
3154 2522 3278 2589 erit,
3307 2522 3399 2594 qui

1810 2604 1881 2675 ad
1907 2604 1997 2660 illa
2023 2607 2329 2680 pertingere
2366 2610 2613 2667 voluerit.
2642 2611 2761 2667 Non
2784 2612 2932 2668 enim
2960 2629 3127 2685 parva
3155 2614 3406 2690 corporis~

1809 2696 2063 2777 violentia
2087 2709 2191 2769 est,
2242 2719 2365 2759 cum
2410 2720 2539 2781 caro
2578 2706 2726 2776 cupit
2756 2722 2883 2783 esse~
2918 2707 3061 2779 quod
3108 2707 3253 2783 Deus
3293 2715 3397 2781 est.

1809 2789 1952 2846 Deus
1993 2793 2157 2862 enim,
2200 2802 2261 2851 ut
2301 2811 2463 2867 supra
2502 2796 2755 2863 diximus,
2784 2805 2948 2868 caput
2976 2798 3219 2869 corporis
3244 2797 3400 2875 Chri~

1809 2884 1881 2939 sti
1908 2893 2010 2953 est,
2033 2886 2290 2958 Apostolo
2330 2896 2638 2954 attestante,
2664 2890 2758 2959 qui
2797 2890 2911 2945 ait:
2955 2887 3082 2944 Volo
3118 2899 3291 2946 autem
3314 2907 3399 2945 vos

1809 2975 1943 3030 scire
1965 2977 2105 3048 quod
2133 2980 2301 3034 omnis
2325 2980 2421 3035 viri
2445 2990 2601 3052 caput
2639 2977 2875 3037 Christus
2912 2990 3007 3037 est.
3036 2979 3203 3054 Caput
3226 2990 3399 3037 autem

1809 3067 2043 3149 mulieris
2072 3069 2167 3124 vir.
2192 3068 2361 3142 Caput
2387 3070 2579 3126 Christi
2598 3070 2761 3127 Deus.

120 3166 342 3223 dextera
372 3166 469 3223 Dei
494 3168 673 3236 Patris
713 3170 885 3237 sedet,
930 3169 1090 3240 sapit,
1119 3168 1235 3240 jam
1262 3184 1371 3226 non
1392 3170 1577 3257 homo,
1605 3169 1701 3227 sed
1726 3191 1780 3259 α
1845 3256 1858 3259 Α
1879 3160 2110 3217 LXVlll.
2156 3160 2295 3231 Quid
2322 3164 2504 3234 itaque
2530 3172 2613 3221 est
2647 3172 2808 3237 caput
2836 3174 3103 3232 nostrum,
3141 3164 3395 3246 Vnisiis'Di-

122 3261 266 3317 Deus
292 3260 589 3331 Scripturis
605 3263 777 3319 sacris
804 3271 1167 3333 nuncupatur.
1196 3262 1335 3330 Quia
1362 3268 1417 3318 et
1437 3262 1581 3318 Deus
1601 3270 1707 3330 est,

120 3357 177 3410 in
198 3371 308 3425 quo
334 3355 477 3413 Deus
496 3356 741 3422 habitat;
768 3363 825 3411 et
849 3369 1061 3426 semper
1080 3371 1205 3411 eum
1227 3354 1395 3423 videt,
1417 3355 1545 3425 quia
1564 3370 1708 3410 sem-

120 3462 223 3518 per
254 3448 309 3502 in
344 3448 463 3518 ipso
494 3455 596 3504 est.
625 3447 762 3504 Nam
798 3447 968 3505 Deum
997 3447 1178 3503 nullus
1218 3447 1497 3503 hominum
1524 3446 1708 3500 videre

118 3545 316 3607 potest.
355 3537 513 3593 Sicut
532 3545 589 3593 et
609 3538 723 3608 ipse
749 3537 1011 3595 Dominus
1029 3538 1394 3609 interrogabat
1416 3535 1707 3606 discipulos

120 3642 251 3682 suos
276 3627 504 3683 dicens:
543 3626 710 3694 Quom
748 3627 926 3695 dicunt
974 3627 1208 3683 homines
1253 3643 1362 3682 esse
1404 3625 1574 3697 ﬁlium
1611 3624 1707 3680 ho-

119 3721 325 3777 minis?
365 3720 483 3777 Non
531 3721 702 3779 dixit:
744 3720 914 3790 Quem
952 3738 1040 3778 me
1058 3722 1249 3779 dicunt
1285 3736 1407 3779 esse
1435 3720 1703 3787 homines,

117 3813 219 3868 sed
242 3812 415 3868 tilium
436 3811 690 3878 hominis,
719 3828 790 3869 ne
808 3811 1082 3883 iactanter
1104 3813 1174 3869 de
1197 3828 1256 3868 se
1289 3827 1533 3883 quaerere
1556 3810 1709 3866 vide-

116 3913 294 3960 retur.
316 3902 546 3962 Pulchre
558 3911 739 3960 autem
762 3904 1087 3976 interrogat:
1114 3903 1281 3971 Quem
1298 3920 1379 3959 me
1399 3904 1578 3959 dicunt
1599 3918 1708 3957 esse

114 3997 356 4052 homines
394 3996 579 4067 ﬁlium
605 3998 874 4053 hominis?
919 3997 1056 4065 Quia
1105 3998 1198 4069 qui
1221 3998 1287 4053 de
1325 3997 1438 4053 ﬁlio
1472 3996 1709 4053 hominis

115 4088 443 4159 loquuntur,
472 4105 579 4147 non
601 4090 696 4156 dii,
726 4090 821 4147 sed
864 4097 1077 4146 tantum
1121 4091 1370 4147 homines
1409 4097 1554 4146 sunt.
1603 4088 1708 4157 Qui

113 4194 259 4235 vero
284 4178 615 4236 divinitatem
639 4180 760 4250 ejus
782 4189 928 4239 recte
954 4181 1280 4253 intelligunt,
1310 4189 1368 4237 et
1395 4191 1453 4236 tu
1476 4198 1532 4237 es
1560 4180 1713 4236 Chri-

114 4280 231 4325 stus
258 4268 435 4327 Filius
453 4270 549 4328 Dei
570 4275 694 4341 civi,
726 4289 848 4333 cum
869 4273 1033 4332 Petro
1057 4274 1265 4339 dicunt,
1294 4289 1403 4335 non
1428 4274 1700 4342 homines,

117 4364 217 4420 sed
240 4363 320 4419 dii
342 4365 699 4434 appellantur.
1149 4430 1157 4436 ,

191 4455 380 4514 LXVI.
408 4457 641 4517 Proinde
661 4460 955 4530 Apostolus
977 4460 1192 4543 dicebat
1215 4478 1229 4517 :
1260 4461 1429 4528 Quem
1447 4461 1575 4518 vidit
1598 4461 1714 4518 nul-

1809 3256 2022 3323 vinitas,
2070 3273 2179 3331 per
2209 3274 2374 3331 quam
2399 3260 2662 3317 existendi
2686 3260 3030 3331 principium,
3062 3266 3120 3314 ut
3147 3262 3401 3318 creatura
3446 3312 3451 3319 .

1808 3350 1998 3411 simus,
2028 3350 2332 3405 sumimus?
2361 3340 2504 3406 Nam
2541 3352 2619 3405 vir
2644 3361 2719 3406 est
2760 3361 2913 3422 caput
2943 3351 3176 3407 mulieris
3194 3368 3213 3407 :
3242 3362 3398 3423 caput

1807 3441 1906 3509 viri
1937 3439 2215 3495 Christus:
2252 3449 2300 3495 et
2354 3451 2508 3512 caput
2540 3439 2733 3496 Christi
2773 3441 2935 3496 Deus.
2982 3440 3097 3496 Hoc
3144 3450 3316 3495 totum
3342 3441 3399 3497 in

1807 3528 2026 3588 Christo
2051 3539 2155 3596 est,
2182 3532 2275 3601 qui
2302 3532 2566 3588 mediator
2589 3532 2687 3587 Dei
2719 3540 2774 3589 et
2812 3530 3092 3587 hominum
3128 3538 3239 3585 est.»
3258 3529 3397 3586 Nam

1807 3621 1911 3705 hoc
1954 3622 2073 3679 loco
2125 3624 2407 3681 mulierem
2444 3624 2591 3683 .dicit
2640 3624 2852 3701 plebem
2897 3624 3041 3680 intra
3075 3622 3393 3691 Ecclesiam,

1806 3730 1970 3771 sensu
1998 3716 2282 3786 parvulam
2324 3722 2380 3772 et
2403 3716 2694 3797 carnalem,
2722 3710 2843 3787 quae
2884 3717 2983 3773 sub
3010 3714 3275 3787 regimine
3300 3730 3400 3786 pa-

1807 3808 1991 3871 storali
2016 3816 2119 3865 est.
2153 3808 2249 3864 Vir
2288 3824 2416 3866 vero
2457 3807 2617 3879 hujus
2641 3808 2903 3877 mulieris,
2938 3809 3186 3865 doctores
3211 3821 3399 3864 eorum

1808 3901 2070 3973 suntqui,
2097 3915 2250 3958 more
2294 3902 2588 3974 apostolico
2615 3900 2818 3958 Christi
2846 3900 3072 3970 vestigia
3098 3899 3392 3965 imitantes,

1808 4011 1930 4052 eam
1958 4003 2110 4052 tanta
2148 3996 2447 4053 intentione
2491 3996 2771 4053 educando
2815 4000 3028 4065 regunt,
3072 4000 3131 4048 ut
3177 4007 3287 4048 non
3320 3989 3399 4046 eis

1809 4086 2044 4143 sufﬁciat
2068 4088 2124 4142 in
2146 4087 2532 4161 prtedicatione
2571 4094 2626 4142 et
2668 4085 2914 4156 exemplo
2953 4100 3071 4140 eam
3106 4083 3393 4145 instruere,

1810 4179 1908 4236 sed
1947 4180 2113 4235 etiam
2154 4179 2241 4235 sui
2278 4179 2468 4251 capitis
2509 4177 2756 4249 exempla
2782 4180 3087 4246 sequentes,
3118 4171 3397 4238 moriendo

1810 4254 1911 4343 pro
1935 4271 2053 4343 ipsa
2076 4270 2313 4331 animam
2354 4284 2587 4344 ponere;
2632 4269 2862 4340 qualiter
2905 4266 3075 4338 possit
3115 4264 3194 4320 illi
3237 4270 3399 4335 caput

1813 4378 1953 4430 esse,
1991 4371 2048 4419 et
2090 4378 2188 4420 suo
2217 4364 2381 4433 capiti
2425 4362 2662 4428 Christo,
2708 4359 3004 4418 secundum
3031 4355 3274 4429 Apostoli
3310 4354 3395 4412 di-

1815 4462 1979 4519 ctum,
2011 4454 2292 4511 inhaerere.

117 4549 204 4605 lus
228 4552 519 4617 hostium,
549 4554 639 4608 sed
680 4571 773 4609 nec
812 4538 1187 4626 cidere‘potest
1226 4554 1281 4624 (Ι
1317 4554 1453 4610 Tim.
1491 4571 1568 4621 v1,
1594 4556 1708 4629 i6).
1739 4557 1792 4619 D
1884 4548 2072 4604 LXIX.
2122 4548 2227 4604 Per
2278 4549 2549 4605 hominem
2598 4549 2740 4603 enim
2792 4546 3037 4602 Christus
3079 4540 3238 4612 hujus
3290 4538 3395 4596 viri

115 4640 273 4697 More
296 4642 570 4699 hominum
598 4656 803 4701 vocans
844 4645 1090 4701 homines
1135 4645 1371 4701 humana
1411 4646 1702 4715 sapientes.

117 4731 263 4797 Quia
290 4732 383 4800 qui
405 4732 587 4788 divina
614 4733 849 4803 sapiunt,
894 4734 1011 4790 sine
1049 4734 1229 4791 dubio
1259 4750 1422 4805 supra
1459 4736 1707 4793 homines

116 4831 274 4881 sunt.
301 4823 612 4885 Videbimus
642 4826 1034 4898 igitur-Deum,
1061 4827 1109 4883 si
1131 4842 1229 4898 per
1248 4829 1537 4886 coalestem
1576 4846 1707 4888 con-

116 4916 485 4981 versationem
504 4932 667 4989 supra
688 4919 937 4976 homines
956 4935 1078 4977 esse
1099 4935 1425 4977 mereamur.
1460 4918 1707 4991 Videmus

118 5017 178 5065 et
194 5023 367 5075 nunc,
393 5010 688 5067 secundum
713 5010 1049 5084 Apostolum,
1066 5029 1161 5085 per
1178 5012 1446 5085 speculum
1468 5014 1525 5066 in
1544 5012 1709 5082 anig-

120 5108 283 5165 και,
303 5098 604 5169 perﬁdem.
643 5100 945 5159 Videbimus
966 5112 1030 5160 Aet
1052 5112 1176 5160 tunc
1219 5105 1356 5175 facie
1382 5104 1450 5159 ad
1492 5104 1703 5173 faciem.

120 5186 237 5245 Nec
262 5196 443 5247 tamen
469 5190 546 5246 ita
570 5191 888 5257 videbimus,
911 5194 1051 5250 sicut
1078 5194 1194 5265 ipse
1226 5195 1482 5263 seipsum.
1524 5193 1708 5262 Longe

116 5282 325 5354 quippe
352 5284 683 5356 dispariliter
707 5286 856 5343 videt
873 5286 1100 5345 Greater
1118 5302 1178 5344 se
1200 5303 1364 5358 quam
1388 5286 1535 5342 videt
1554 5302 1707 5343 crea-

116 5384 250 5431 tura
298 5374 633 5435 Creatorem.
683 5377 824 5437 Nam
865 5387 1127 5449 quantum
1170 5379 1239 5435 ad
1289 5380 1707 5435 immensitatem

116 5468 243 5533 Dei,
293 5469 514 5539 quidam
554 5470 712 5528 nobis
751 5472 943 5527 modus
989 5470 1172 5542 ﬁgitur
1215 5471 1701 5541 contemplationis,

111 5563 255 5631 quia
274 5576 345 5618 eo
380 5563 500 5634 ipso
533 5564 773 5634 pondere
800 5564 1298 5621 circumscribimur
1324 5578 1433 5634 quo
1456 5573 1706 5620 creatura

114 5668 335 5711 sumus.
362 5654 457 5712 Sic
474 5654 721 5726 profecto
741 5672 852 5712 non
875 5658 950 5713 ita
971 5657 1334 5727 conqaicimus
1360 5655 1548 5723 Deum,
1567 5657 1707 5712 sicut

113 5743 245 5814 ipse
258 5745 808 5814 conspicit'sc..Sicut
832 5763 943 5807 non
983 5747 1058 5802 ita
1084 5747 1469 5817 requiescimus
1490 5748 1543 5802 in
1574 5748 1702 5812 Deo,

115 5834 579 5909 quemadmodum
606 5837 722 5909 ipse
749 5840 1038 5910 requiescit
1064 5840 1119 5895 in
1145 5856 1222 5896 se.
1272 5840 1406 5895 Nam
1443 5842 1577 5897 visio
1602 5858 1702 5897 no-

1809 4639 1984 4697 factus
2009 4649 2093 4696 est
2119 4648 2299 4711 caput.
2352 4639 2450 4695 Cui
2504 4639 2706 4695 homini
2752 4637 2966 4694 Christo
3006 4651 3037 4690 a
3081 4633 3257 4691 Verbo
3302 4645 3393 4686 as-

1810 4740 2024 4805 sumpto
2049 4740 2163 4789 tota
2186 4730 2446 4786 Divinitas
2472 4738 2631 4802 caput
2654 4737 2756 4785 est.
2786 4726 2854 4782 Et
2882 4714 3181 4799 hoc‘totum
3209 4724 3265 4781 in
3285 4735 3394 4777 uno
3450 4794 3453 4799 η

1809 4826 2024 4883 Christo
2049 4831 2153 4890 est,
2182 4823 2311 4894 quia
2335 4830 2389 4878 et
2414 4823 2470 4877 in
2508 4834 2573 4877 eo
2613 4828 2696 4876 est
2724 4812 2903 4875 Omnis
2940 4815 3215 4889 plenitudo
3256 4812 3394 4869 divi-

1808 4918 1996 4974 nitatis
2017 4915 2386 4988 corporaliter,
2415 4920 2469 4967 et
2489 4914 2604 4983 ipse
2625 4919 2709 4966 est
2737 4916 2899 4981 caput
2928 4900 3096 4965 totius
3115 4903 3389 4962 Ecclesiae.

1810 5010 1883 5068 Ut
1906 5008 2355 5082 quemadmodum
2400 5020 2537 5061 unus
2560 5006 2722 5061 homo
2767 5010 3018 5059 constans
3041 5015 3110 5058 ex
3138 4998 3317 5057 anima
3339 5006 3395 5056 et

1810 5115 2054 5173 corpore,
2081 5108 2136 5155 et
2173 5099 2230 5153 in
2266 5110 2493 5168 wrpore
2534 5102 2660 5151 sunt
2684 5094 2809 5159 ista,
2846 5091 2901 5148 id
2935 5100 3041 5161 est,
3069 5106 3218 5159 caro,
3245 5105 3389 5160 ossa,

1807 5201 1865 5250 et
1909 5200 2089 5264 caput.
2136 5190 2274 5248 Caro
2324 5191 2527 5261 regitur
2570 5204 2668 5260 per
2716 5203 2859 5253 ossa,
2910 5201 3035 5245 ossa
3076 5201 3178 5259 per
3200 5176 3391 5257 caput,
3448 5250 3452 5259 ,

1809 5292 1971 5358 caput
1998 5299 2097 5354 per
2132 5282 2387 5340 animam.
2437 5283 2505 5338 Et
2548 5295 2769 5337 carnem
2809 5278 3042 5337 dicimus
3086 5268 3389 5336 mulierem.

1809 5377 1883 5434 Et
1899 5392 2023 5433 ossa
2048 5377 2278 5433 dicimus
2305 5376 2502 5441 virum,
2530 5381 2691 5444 caput
2719 5373 2881 5445 hujus
2905 5372 3164 5440 mulieris,
3188 5368 3389 5429 carnis.

1808 5468 1879 5524 Et
1914 5476 2077 5541 caput
2105 5467 2337 5523 dicimus
2379 5467 2572 5522 horum
2614 5466 2818 5523 ossium
2865 5465 3039 5538 ipsum
3087 5474 3250 5535 caput
3292 5456 3383 5533 hd-

1809 5577 2049 5619 manum.
2078 5561 2144 5617 Et
2174 5568 2409 5617 mentem
2436 5559 2664 5616 dicimus
2700 5543 2861 5629 hujus
2888 5557 3079 5629 capitis
3107 5561 3285 5628 caput.
3314 5548 3386 5607 Et

1809 5657 1911 5713 hoc
1952 5664 2123 5712 totum
2162 5656 2217 5710 in
2253 5671 2363 5711 uno
2408 5655 2626 5710 homine
2666 5662 2767 5711 est.
2824 5654 2915 5710 Sic
2958 5653 3187 5709 dicimus
3231 5653 3385 5718 caput

1810 5748 2068 5814 mulieris,
2101 5748 2153 5802 id
2185 5756 2286 5812 est,
2314 5746 2534 5813 minutae
2565 5747 2756 5818 plebis,
2784 5754 3028 5817 pastores
3055 5750 3111 5798 et
3146 5741 3386 5796 doctores

1809 5840 2195 5907 Ecclesiarum,
2226 5848 2483 5909 tanquam
2510 5854 2635 5898 ossa
2659 5839 2858 5897 carnis.
2903 5836 3076 5905 Caput
3108 5831 3209 5890 viri
3234 5826 3383 5894 Chri-
