3952 6318
517 404 657 464 1015

1301 399 1706 469 ELIPANDUS,
1747 397 1972 469 FELIX,
2014 387 2361 459 HETERIUS
2398 398 2487 458 ET
2524 401 2583 460 S.
2621 400 2915 471 BEATUS.

3632 413 3769 470 10ιῦ

433 499 443 523 ’
516 532 652 589 stus,
680 529 937 592 tanquam
960 518 1101 577 ossis
1128 526 1306 592 caput.
1336 519 1509 592 Caput
1550 520 1750 577 Christi
1780 519 1941 586 Deus,
1971 525 2090 573 tan-
2111 514 2166 575 Δ
2188 504 2298 589 Nec
2326 516 2462 572 alter
2500 517 2643 573 Deus
2676 524 2875 588 praeter
2901 517 3137 587 Patrem,
3169 528 3223 577 et
3257 520 3479 590 Filium,
3519 531 3576 581 et
3602 526 3773 597 Spiri.

416 909 442 1223 ἒ

403 1262 406 1266 '
428 1230 438 1312 ἓ

427 1315 437 1347 ι

516 629 679 686 quam
716 628 872 670 mens
904 612 1114 684 capitis.
1150 611 1219 668 Et
1259 628 1384 669 cum
1414 612 1594 669 omnia
1641 630 1697 670 ιιι
1736 630 1847 672 uno
1870 613 2087 671 homine

514 705 642 770 sint,
669 710 725 759 et
750 704 865 775 ipsa
906 710 1020 759 tota
1044 704 1159 774 ipse
1197 704 1359 760 homo
1387 704 1477 772 sit,
1518 714 1700 761 tamen
1744 706 2088 762 inveniuntur

514 796 589 852 ibi
616 795 949 863 differentia,
994 796 1189 866 quibus
1219 813 1326 853 una
1356 797 1514 855 alteri
1547 800 1718 870 possit
1758 800 2083 871 praecellere.

511 883 632 943 Non
651 887 822 955 carni,
849 902 968 957 quas
994 887 1170 943 mollis
1189 896 1293 957 est,
1314 890 1626 960 praecellunt
1650 907 1792 959 ossa,
1815 907 1934 963 quin
1952 891 2088 948 dura

511 984 659 1043 sunt,
690 985 745 1032 et
767 977 884 1033 sine
926 978 1006 1033 eis
1041 993 1167 1034 caro
1211 987 1357 1035 stare
1394 995 1504 1036 non
1546 983 1764 1051 potest?
1809 981 1962 1038 Sicut
1986 997 2088 1038 nec

509 1066 627 1138 ipsa
644 1067 797 1138 plebs
814 1068 1020 1124 minuta
1042 1067 1182 1123 intra
1202 1068 1518 1139 Ecclesiam,
1543 1085 1663 1141 quae
1684 1080 1941 1143 tanquam
1961 1086 2087 1127 caro

508 1158 686 1213 mollis
726 1165 828 1225 est,
864 1160 980 1215 sine
1031 1160 1290 1231 magistro
1332 1170 1476 1219 stare
1513 1170 1729 1232 potest;
1781 1164 1871 1234 qui
1906 1163 2083 1229 solidi,

500 1255 763 1318 tanquam
790 1264 909 1305 ossa
940 1258 1083 1306 sunt.
1116 1250 1244 1308 Haec
1281 1268 1404 1309 ossa
1427 1252 1726 1324 junguntur
1762 1256 1945 1325 capiti,
1989 1270 2088 1327 per

506 1341 649 1409 quod
686 1339 855 1395 vitam
880 1340 1095 1407 habent,
1132 1343 1259 1414 quia
1301 1345 1404 1400 nisi
1442 1346 1606 1417 capiti
1644 1346 2087 1418 jungantur,-per

502 1433 647 1504 quod
685 1434 851 1490 vitam
891 1435 1109 1502 habent,
1151 1436 1332 1495 vivere
1355 1453 1462 1495 non
1503 1447 1746 1511 possunt.
1786 1439 1938 1495 Sicut
1964 1456 2082 1496 ma-

502 1524 657 1595 gistri
689 1524 1053 1582 Ecclesiarum
1069 1526 1373 1600 junguntur
1393 1530 1553 1600 capiti
1591 1529 1826 1596 Christo,
1857 1530 1950 1599 qui
1978 1530 2084 1587 nisi

500 1612 717 1672 Christo
745 1632 846 1687 per
886 1616 1049 1673 iidem
1092 1626 1147 1673 et
1189 1633 1353 1689 opera
1390 1618 1703 1690 jungantur,
1754 1621 1939 1676 vivere
1973 1636 2083 1677 non

496 1716 743 1775 possunt.
795 1707 915 1763 Iam
943 1724 1070 1765 vero
1111 1726 1265 1766 mens
1310 1710 1365 1765 in
1405 1718 1664 1781 quantum
1694 1711 1951 1784 praecellit
1993 1726 2082 1767 ca-

496 1797 616 1866 piti,
643 1813 763 1868 quae
787 1808 843 1854 et
868 1800 1038 1855 altera
1080 1802 1382 1856 substantia
1406 1808 1489 1856 est
1526 1802 1839 1873 spiritualis,
1882 1803 1937 1858 in
1962 1810 2084 1858 tan-

2186 618 2300 666 tum
2324 620 2590 669 sanctum.
2610 612 2863 669 Attamen
2886 618 3141 671 cum'tres
3160 615 3266 670 sint
3285 616 3446 671 simul
3466 633 3611 674 unus
3635 620 3773 678 Deus

2185 707 2240 756 et
2265 717 2430 756 unum
2470 702 2671 769 lumen,
2712 717 2819 758 non
2860 710 3042 759 tamen
3081 720 3188 759 una
3214 720 3448 774 persona
3474 715 3563 762 est
3591 706 3770 777 Pater,

2185 798 2241 848 et
2261 791 2446 858 Filius,
2486 800 2539 849 et
2569 792 2803 864 Spiritus
2829 801 3065 851 sanctus.
3097 795 3301 851 Lumen
3328 806 3409 852 est
3436 797 3629 864 Pater,
3652 802 3771 870 quia

2185 886 2370 957 genuit
2406 885 2605 941 lumen.
2643 885 2847 943 Lumen
2875 897 2960 944 est
3000 888 3188 955 Filius,
3234 890 3360 960 quia
3403 899 3573 947 natus
3600 902 3687 948 est
3711 894 3774 952 ὼ

2185 978 2408 1033 lumine.
2456 977 2663 1035 Lumen
2687 986 2772 1036 est
2813 979 3048 1051 Spiritus
3086 988 3324 1049 sanctus,
3351 982 3479 1053 quia
3504 986 3771 1054 processit

2185 1069 2251 1126 de
2272 1071 2473 1127 lumine
2497 1072 2734 1145 ingenito
2759 1080 2815 1129 et
2835 1075 3035 1146 genito:
3063 1074 3133 1130 Et
3160 1082 3273 1131 tres
3302 1074 3464 1131 simul
3491 1093 3675 1133 unum
3695 1088 3769 1136 est

2184 1163 2385 1219 lumen.

2254 1254 2460 1310 LXXII.
2506 1257 2613 1312 Aut
2641 1256 2781 1313 forte
2817 1257 3161 1313 calumniaris
3196 1265 3253 1315 et
3281 1258 3447 1316 dicis:
3491 1257 3558 1316 Si
3586 1277 3768 1317 ‘unum

2186 1347 2385 1413 lumen,
2416 1348 2507 1404 ubi
2538 1348 2815 1405 Trinitas?
2849 1351 2931 1404 An
2963 1349 3101 1405 forte
3131 1350 3187 1405 in
3211 1349 3472 1406 vocabulo
3492 1360 3634 1406 sunt
3656 1362 3765 1408 tau-

2185 1448 2299 1495 tum
2322 1440 2398 1493 'et
2432 1438 2603 1494 Filius
2640 1445 2694 1494 et
2732 1436 2963 1509 Spiritus
2994 1448 3233 1506 sanctus,
3278 1447 3332 1496 et
3366 1457 3475 1497 non
3513 1448 3657 1497 sunt
3686 1458 3768 1497 ex-

2183 1544 2384 1600 pressae
2407 1544 2653 1601 persona:
2671 1529 2697 1583 ?
2732 1529 3104 1598 Respondebo.
3134 1529 3325 1586 Absit:
3364 1530 3466 1586 nisi
3493 1546 3768 1601 expressa:

2181 1633 2444 1688 personze,
2485 1628 2539 1674 et
2564 1619 2795 1691 propria:
2819 1620 3172 1677 subsistentes
3203 1621 3328 1677 sibi.
3350 1620 3485 1676 Nam
3518 1623 3641 1678 hoc
3671 1623 3763 1678 Sa-

2182 1709 2413 1764 belliana
2437 1708 2763 1779 perversitas
2795 1710 3087 1777 adinvenit,
3113 1719 3173 1765 ut
3197 1726 3321 1767 cum
3351 1728 3513 1768 unum
3534 1714 3767 1771 credidit

2184 1798 2541 1870 inseparabile
2566 1800 2766 1868 lumen,
2796 1817 2960 1857 unam
2990 1803 3234 1857 crederet
3270 1804 3433 1859 etiam
3452 1819 3756 1874 personam,

496 1896 614 1942 tum
636 1897 797 1959 caput
836 1896 937 1958 est,
985 1892 1070 1946 cui
1098 1892 1375 1962 praecellit.
1412 1893 1501 1949 Sic
1542 1901 1596 1949 et
1631 1894 1881 1951 divinitas
1921 1894 2079 1951 Chri-
2103 1877 2154 1942 Β
2179 1899 2242 1948 ιιι
2263 1893 2500 1949 diceret:
2529 1893 2704 1963 ipsum
2735 1893 2838 1950 sibi
2869 1907 2989 1949 esse
3014 1893 3251 1961 Patrem,
3287 1895 3462 1968 ipsum
3504 1898 3619 1952 sibi
3646 1912 3762 1954 esse

497 1979 567 2033 sti
595 1989 775 2051 caput,
806 1989 861 2037 et
901 1983 1140 2052 corporis
1179 1983 1399 2047 Christi,
1430 1999 1548 2054 qum
1574 1992 1745 2041 totum
1774 1986 1891 2056 ipse
1924 1985 2081 2042 Chri-

497 2078 615 2127 stus
679 2072 733 2126 in
792 2088 852 2128 se
896 2074 1080 2140 habet,
1129 2082 1184 2130 et
1235 2091 1449 2132 omnem
1494 2074 1883 2149 plenitudinem
1941 2076 2080 2132 divi-

495 2165 683 2222 nitatis
738 2182 866 2234 suae,
914 2176 970 2224 et
1031 2185 1246 2226 omnem
1284 2170 1675 2242 plenitudinem
1726 2172 2082 2228 humanitatis

494 2266 715 2313 ROSII'IB.

562 2347 727 2404 LXX.
763 2349 871 2407 Sed
901 2352 1004 2408 hoc
1026 2366 1125 2424 per
1143 2354 1515 2426 qualecunque
1537 2339 1825 2428 vestigium
1847 2340 2078 2412 dicimus

495 2447 716 2510 propter
757 2440 1133 2500 haereticorum
1175 2446 1546 2518 insipientiam
1566 2456 1728 2517 atque
1763 2456 2078 2503 controver-

492 2532 652 2599 siam,
680 2534 773 2603 qui
797 2542 854 2590 et
877 2534 1152 2593 Christum
1190 2538 1462 2595 hominem
1488 2555 1596 2595 non
1625 2537 1949 2595 conﬁtentur
1983 2538 2080 2594 Dei

492 2626 711 2696 Filium,
742 2634 798 2684 et
833 2643 955 2685 cum
984 2629 1145 2687 Patre
1173 2648 1340 2688 unum
1381 2632 1571 2699 Deum,
1616 2638 1672 2687 et
1706 2646 1816 2688 non
1857 2645 1978 2688 esse
2003 2629 2081 2685 al-

494 2726 673 2782 terum
702 2720 871 2776 Deum
891 2730 1089 2792 praeter
1114 2737 1257 2788 eum,
1284 2731 1482 2779 etcum
1506 2731 1619 2779 tota
1641 2721 1883 2780 Ecclesia
1910 2737 2079 2778 unum

494 2812 786 2880 hominem,
820 2827 847 2857 ι
869 2822 925 2871 et
952 2830 1060 2872 non
1087 2828 1207 2870 esse
1247 2814 1417 2871 altera
1448 2829 1677 2887 persona
1721 2813 1981 2882 Ecclesia,
2025 2822 2081 2870 et

492 2903 665 2962 altera
706 2920 938 2977 persona
985 2906 1234 2964 Christus
1277 2908 1480 2975 homo;
1532 2915 1588 2964 et
1632 2906 1800 2961 altera
1848 2920 2078 2978 persona

492 2995 730 3055 Verbum
752 2997 948 3066 Patris,
969 3007 1030 3056 ut
1048 3007 1160 3056 tres
1187 3000 1294 3057 sint
1324 3013 1590 3071 personae,
1613 3001 1870 3065 Verbum,
1892 3001 2075 3066 homo,
2115 3038 2121 3044 ι

494 3095 550 3143 et
573 3087 836 3155 Ecclesia,
866 3090 1006 3146 sicut
1035 3098 1147 3148 tres
1183 3098 1308 3147 sunt
1333 3106 1579 3162 persona:
1603 3091 1783 3158 Pater,
1808 3099 1862 3147 et
1885 3091 2075 3158 Filius,

493 3187 549 3235 et
581 3179 814 3250 Spiritus
835 3190 1072 3240 sanctus.
1112 3183 1267 3240 Solus
1312 3184 1483 3241 Filius
1507 3183 1682 3241 factus
1710 3192 1792 3241 est
1814 3185 1992 3249 homo,
2019 3183 2076 3239 id

493 3276 597 3336 est,
620 3238 803 3326 anima
829 3273 1112 3329 rationalis
1135 3281 1190 3330 et
1217 3287 1366 3331 caro.
1408 3273 1488 3331 Ac
1521 3289 1622 3345 per
1658 3274 1781 3339 hoc,
1816 3274 2073 3340 Verbum,
2100 3238 2150 3304 ϐ

493 3361 692 3429 anima,
738 3368 793 3418 et
839 3377 984 3429 caro,
1034 3371 1145 3420 tres
1184 3366 1400 3436 quidem
1448 3366 1763 3422 substantiae
1807 3373 1950 3433 sunt,
1984 3367 2078 3422 sed

490 3470 632 3510 unus
672 3461 756 3512 est
779 3452 1046 3524 Christus,
1075 3457 1266 3513 unicus
1306 3465 1389 3512 est
1427 3456 1615 3523 Filius,
1652 3472 1792 3513 unus
1820 3456 2079 3514 Dominus

491 3558 673 3607 noster
695 3549 852 3609 Jesus
893 3552 1161 3619 Christus,
1185 3551 1494 3624 unigenitus
1533 3551 1628 3607 Dei
1674 3551 1852 3607 Patris
1888 3550 2073 3617 Filius,

490 3646 578 3714 qui
602 3654 754 3700 natus
777 3645 950 3701 estde
978 3644 1182 3717 Spiritu
1213 3656 1414 3712 sancto,
1439 3662 1504 3701 ea:
1538 3643 1714 3699 Maria
1739 3644 1957 3716 virgine,
1981 3649 2076 3699 sub

492 3734 682 3788 Pontio
725 3734 902 3789 Pilato
941 3746 1015 3790 est
1060 3737 1395 3806 cruciﬁxus;
1448 3736 1539 3806 qui
1586 3750 1715 3790 vere
1769 3743 1826 3790 et
1871 3736 2079 3805 absque

491 3824 772 3879 mendacio
799 3824 1017 3881 Patrem
1035 3826 1198 3882 habet
1223 3827 1394 3882 Deum
1425 3826 1766 3893 naturaliter,
1793 3843 1825 3881 a
1853 3841 1959 3896 quo
1980 3826 2075 3881 ha-

492 3919 583 3973 bet
605 3917 879 3984 deitatem,
914 3925 975 3973 ut
1007 3919 1078 3975 sit
1099 3935 1259 3976 verus
1293 3921 1454 3987 Deus,
1479 3929 1534 3975 et
1553 3936 1659 3977 non
1679 3922 1751 3977 sit
1771 3920 1908 3975 alter
1932 3919 2077 3975 Deus

488 4016 687 4079 praeter
711 4024 832 4064 eum
847 4027 860 4064 :
876 4018 931 4064 et
943 4025 1069 4066 vere
1083 4018 1138 4065 et
1152 4011 1355 4083 absque
1371 4012 1652 4067 mendacio
1667 4021 1896 4068 matrem
1912 4011 2075 4070 habet

488 4102 810 4159 naturaliter
845 4102 1144 4176 Virginem,
1190 4104 1467 4176 Virginem
1500 4104 1745 4173 Mariam,
1787 4112 1975 4163 etnon
1995 4107 2076 4164 sic

487 4195 626 4251 alter
663 4195 826 4252 homo
865 4205 1062 4267 praeter
1104 4212 1227 4253 eum
1277 4213 1402 4255 cum
1443 4206 1558 4255 tota
1604 4199 1865 4266 Ecclesia,
1911 4216 2075 4271 quam

490 4288 722 4346 redemit
765 4290 1027 4360 sanguine
1068 4306 1183 4357 suo,
1234 4306 1341 4347 una
1368 4306 1599 4362 persona
1629 4307 1697 4348 ex
1739 4293 1918 4349 tribus
1943 4295 2073 4349 sub-

486 4382 703 4438 stantiis
736 4396 876 4437 unus
918 4380 1185 4439 Christus.
1232 4383 1362 4451 Quae
1406 4400 1638 4456 persona
1678 4402 1853 4458 neque
1896 4386 2073 4442 Patris

487 4482 589 4545 est,
616 4491 792 4548 neque
838 4476 1074 4548 Spiritus
1108 4476 1300 4541 sancti,
1353 4477 1466 4544 sed,
1515 4485 1576 4532 ut
1623 4478 1873 4543 diximus,
1923 4477 2066 4534 Filii.

487 4572 588 4640 Qui
609 4570 779 4628 Filius
809 4587 933 4628 cum
972 4571 1132 4626 Patre
1169 4577 1224 4626 et
1249 4569 1456 4640 Spiritu
1493 4577 1680 4627 sancto
1704 4580 1787 4626 est
1811 4586 1918 4626 una
1944 4572 2071 4628 sub—
2096 4598 2154 4662 Ι)

485 4666 706 4731 stantia,
746 4672 802 4720 et
828 4681 938 4721 non
980 4679 1087 4719 una
1113 4678 1363 4734 persona,
1394 4663 1486 4718 sed
1509 4669 1620 4717 tres
1653 4672 1778 4718 sunt
1801 4679 2066 4733 personae.

485 4757 619 4812 Cum
648 4762 762 4812 toto
786 4754 1004 4812 homine
1031 4754 1222 4821 Adam,
1251 4769 1411 4824 quem
1454 4753 1762 4822 assumpsit,
1789 4753 1902 4824 ipse
1925 4754 2071 4810 solus

485 4854 567 4904 est
588 4863 696 4903 una
717 4861 967 4920 persona,
997 4852 1053 4901 et
1074 4859 1183 4902 non
1211 4859 1317 4901 una
1342 4843 1663 4911 substantia,
1689 4843 1783 4899 sed
1804 4851 1917 4898 tres
1946 4852 2071 4899 sunt

485 4939 805 4996 substantiae
857 4939 1116 5005 Verbum,
1159 4937 1337 4993 anima
1382 4944 1437 4992 et
1482 4951 1631 5004 caro,
1681 4943 1855 4993 totum
1880 4937 2071 4993 unicus

486 5028 675 5086 Filius.

558 5118 748 5176 LXXI.
799 5123 934 5179 Vide
961 5122 1334 5179 mediatorem.
1380 5120 1612 5177 Tantum
1649 5123 1764 5193 ipse
1789 5126 1937 5178 solus
1976 5121 2072 5177 de-

484 5210 720 5279 scendit,
746 5212 875 5282 quia
901 5227 1001 5269 nec
1025 5212 1186 5269 Pater
1221 5212 1520 5279 descendit,
1548 5229 1649 5271 nec
1690 5213 1923 5285 Spiritus
1948 5228 2073 5270 san-

487 5311 629 5363 ctus.
656 5302 728 5359 Et
749 5303 897 5374 quia,
927 5313 988 5361 ut
1007 5306 1260 5373 diximus,
1290 5322 1413 5363 cum
1446 5306 1608 5363 Patre
1637 5323 1743 5363 una
1768 5307 2071 5364 substantia

485 5400 592 5464 est,
618 5394 761 5451 sicut
796 5410 906 5450 una
934 5398 1233 5453 substantia
1259 5407 1344 5454 est
1390 5406 1446 5453 et
1478 5414 1620 5452 unus
1662 5399 1802 5453 Deus
1838 5404 1923 5453 est
1947 5411 2071 5452 cum

484 5487 648 5544 Patre
681 5494 737 5543 et
765 5485 968 5558 Spiritu
1010 5497 1218 5555 sancto,
1257 5498 1311 5545 et
1355 5490 1493 5545 alter
1538 5490 1679 5545 Deus
1716 5496 1911 5558 prieter
1948 5501 2071 5542 eum

488 5597 596 5637 non
624 5588 726 5647 est,
767 5595 891 5636 cum
919 5595 1026 5651 quo
1072 5581 1127 5634 in
1168 5598 1273 5635 una
1311 5583 1613 5638 substantia
1641 5590 1740 5636 est.
1785 5580 1921 5647 Quia
1961 5593 2072 5635 non

488 5672 735 5733 estalter
758 5673 901 5730 Deus
925 5680 1124 5743 prmter
1148 5673 1386 5739 Patrem,
1414 5688 1513 5731 nec
1542 5676 1677 5730 alter
1709 5675 1850 5729 Deus
1874 5681 2074 5743 przeter

491 5765 703 5833 Filium,
749 5780 853 5822 nec
897 5765 1034 5821 alter
1079 5766 1219 5822 Deus
1263 5775 1462 5836 przetcr
1506 5766 1764 5838 Spiritum
1803 5773 2066 5823 sanctum.

562 5870 588 5901 σι
626 5855 801 5917 Locus
831 5859 1139 5920 mendosus.

2012 5992 2029 5997 --
2061 5991 2109 5999 σοι

2181 1984 2397 2053 Filium,
2428 1987 2605 2057 ipsum
2630 1986 2733 2043 sibi
2767 2002 2887 2043 esse
2916 1986 3176 2057 Spiritum
3200 1995 3467 2044 sanctum.

2250 2077 2480 2134 LXXIII.
2533 2078 2695 2134 Arius
2739 2093 2887 2144 vero,
2917 2093 2949 2134 e
2988 2079 3296 2145 contrario,
3343 2094 3470 2134 cum
3506 2087 3633 2136 tres
3654 2094 3757 2135 cre-

2181 2171 2316 2227 didit
2344 2171 2562 2242 proprie
2598 2169 2701 2225 sibi
2748 2162 3101 2226 suhsisténtes
3144 2185 3422 2240 personas,
3464 2171 3575 2226 tria
3604 2171 3757 2227 credi-

2180 2263 2261 2321 dit
2288 2271 2342 2319 ct
2366 2263 2589 2318 lumina.
2623 2261 2691 2318 Et
2717 2262 2844 2332 quia
2878 2276 3045 2317 unum
3088 2269 3171 2316 est
3203 2260 3402 2325 lumen,
3450 2278 3603 2317 unus
3631 2279 3756 2319 com-

2181 2357 2442 2412 miscehat
2469 2369 2747 2426 personas,
2779 2353 2916 2409 alter
2942 2354 3245 2424 separabat.
3281 2350 3390 2409 Sed
3430 2355 3653 2425 utrique
3696 2356 3754 2410 ah

2180 2467 2289 2508 uno
2311 2451 2514 2507 lumine
2550 2448 2756 2516 caecati,
2803 2450 2871 2505 ab
2911 2464 3021 2505 uno
3063 2448 3269 2505 lumine
3306 2448 3547 2516 confusi,
3588 2452 3640 2507 id
3662 2460 3754 2515 est,

2181 2542 2239 2598 in
2269 2558 2378 2598 uno
2408 2541 2538 2598 dum
2565 2555 2673 2598 non
2708 2539 3008 2607 commixti,
3047 2540 3115 2596 ab
3157 2554 3267 2596 uno
3292 2539 3505 2598 lumine
3538 2543 3753 2611 separati

2181 2644 2326 2692 sunt.

2251 2724 2486 2781 LXXIV.
2516 2724 2696 2781 Unum
2724 2733 2828 2792 est,
2866 2732 2929 2780 ut
2949 2724 3202 2793 diximus,
3228 2709 3564 2793 lumen,?ed
3591 2734 3771 2782 tanta

2181 2816 2236 2871 in
2261 2817 2529 2889 gignente,
2554 2816 2755 2888 genito,
2783 2823 2839 2873 et
2859 2817 3185 2887 procedente
3212 2816 3456 2873 Trinitas
3480 2827 3583 2873 est.
3611 2815 3757 2871 Deni-

2180 2924 2284 2980 que
2304 2910 2449 2965 aliud
2470 2917 2555 2966 est
2581 2910 2848 2981 genuisse,
2881 2909 3027 2965 aliud
3048 2910 3290 2981 genitum
3309 2924 3449 2974 esse,
3467 2909 3613 2965 aliud
3632 2923 3758 2980 pro-

2180 3002 2391 3058 cedere.
2446 3001 2513 3056 Et
2547 3002 2671 3058 ideo
2704 3002 2797 3072 qui
2833 3001 3021 3072 genuit
3043 3017 3151 3058 non
3187 3010 3274 3057 est
3313 3001 3503 3073 ipsein
3524 3013 3756 3071 pasam

2181 3093 2273 3163 qui
2307 3092 2522 3163 genitus
2543 3099 2645 3158 est,
2686 3092 2817 3162 quia
2843 3092 3007 3148 altera
3045 3106 3284 3162 persona
3305 3100 3383 3149 est
3402 3106 3515 3162 quae
3537 3091 3747 3162 genuit,

2181 3194 2237 3243 et
2261 3187 2427 3243 altera
2470 3200 2697 3256 persona
2746 3193 2832 3241 est
2866 3200 2985 3255 quae
3019 3185 3196 3255 genita
3240 3193 3344 3242 est.
3388 3184 3530 3240 Alius
3565 3182 3757 3254 genuit

2181 3279 2366 3345 alium,
2399 3278 2492 3334 sed
2517 3294 2625 3333 non
2669 3277 2813 3331 aliud
2848 3276 3032 3348 genuit
3060 3291 3223 3347 quam
3246 3275 3395 3347 quod
3429 3284 3531 3332 est.
3569 3274 3630 3329 ld
3653 3281 3760 3340 est,

2181 3370 2361 3426 lumen
2385 3376 2486 3434 est,
2517 3377 2573 3424 et
2598 3368 2780 3423 lumen
2804 3367 3006 3439 genuit,
3052 3366 3196 3437 quod
3235 3366 3354 3437 ipse
3394 3373 3497 3422 est.
3539 3364 3611 3419 Et
3640 3380 3759 3421 cum

2181 3464 2356 3535 ipsum
2381 3462 2453 3517 sit
2478 3461 2622 3531 quod
2646 3460 2849 3532 genuit,
2885 3473 2993 3514 non
3014 3466 3196 3514 tamen
3216 3459 3334 3529 ipse
3355 3460 3451 3514 ‘est
3471 3474 3631 3529 quem
3671 3473 3760 3530 ge-

2180 3557 2317 3611 nuit.
2346 3554 2525 3625 lpsum
2559 3553 2773 3624 quidem
2811 3552 2993 3608 lumen
3014 3559 3205 3607 natura
3227 3565 3391 3621 quem
3417 3553 3637 3622 genuit,
3662 3567 3760 3606 non

2180 3655 2359 3703 tamen
2381 3647 2497 3718 ipse
2522 3653 2608 3703 est
2630 3645 2721 3716 qui
2747 3644 2931 3717 genuit
2957 3644 3136 3714 genita
3165 3643 3346 3698 lumen
3370 3657 3632 3713 persona.
3659 3642 3761 3698 Nec

2180 3737 2295 3808 ipse
2322 3744 2407 3793 est
2441 3738 2669 3807 gignens
2693 3745 2747 3793 et
2778 3737 2991 3808 genitus
3014 3735 3174 3791 tertia
3204 3749 3325 3806 quae
3358 3734 3433 3789 ab
3469 3735 3562 3790 his
3588 3747 3760 3806 proce-

2180 3827 2258 3884 dit
2280 3842 2530 3898 persona.
2562 3827 2669 3884 Sed
2706 3828 2844 3883 alter
2868 3828 2923 3883 in
2949 3842 3178 3898 persona
3200 3826 3433 3898 gignens
3458 3824 3668 3889 lumen,
3694 3823 3762 3878 al-

2180 3928 2265 3976 ter
2284 3920 2339 3974 in
2356 3935 2586 3990 persona
2609 3920 2849 3989 genitum
2877 3920 3076 3985 lumen,
3124 3918 3260 3974 alter
3287 3920 3344 3973 in
3380 3933 3628 3989 persona
3653 3932 3761 3989 pro-

2178 4010 2375 4068 cedens
2401 4011 2601 4067 lumen.
2630 4011 2698 4066 Et
2718 4010 2917 4077 lumen,
2957 4019 3013 4066 et
3050 4010 3250 4076 lumen,
3278 4016 3334 4066 et
3360 4009 3579 4074 lumen,
3609 4021 3759 4064 unum

2178 4099 2375 4156 lumen.
2405 4099 2474 4154 Et
2509 4100 2836 4172 gignentem,
2883 4108 2942 4155 et
2979 4100 3252 4173 genitum,
3294 4106 3350 4154 et
3380 4100 3763 4169 procedam-

2177 4202 2288 4247 tres
2310 4206 2553 4263 personae
2573 4199 2629 4247 et
2651 4208 2818 4248 unum
2838 4192 3040 4247 lumen.
3067 4191 3145 4247 Ac
3164 4191 3212 4245 si
3232 4190 3479 4247 dicerem
3510 4210 3527 4244 :
3570 4191 3758 4251 Dem,

2175 4293 2231 4341 et
2253 4285 2441 4351 Deum,
2474 4293 2528 4340 et
2554 4284 2745 4351 Deum,
2772 4299 2940 4339 unum
2959 4283 3150 4339 Deum.
3173 4282 3242 4337 Et
3262 4281 3394 4352 quia
3416 4281 3573 4339 Deus
3591 4279 3765 4354 genuit

2176 4378 2366 4444 Deum,
2390 4386 2446 4433 et
2472 4378 2614 4433 Deus
2642 4377 2909 4448 processit
2933 4377 2999 4433 de
3020 4376 3147 4437 Deo.
3178 4376 3233 4431 in
3254 4375 3545 4447 gignente,
3592 4374 3765 4446 genito

2173 4477 2229 4526 et
2248 4470 2589 4539 procedente,
2617 4478 2727 4524 tres
2755 4476 2880 4524 sunt
2905 4469 3256 4524 subsistentes
3282 4466 3387 4522 sibi
3420 4481 3699 4537 personae,
3715 4472 3768 4520 et

2173 4568 2370 4615 natura
2393 4575 2532 4615 unus
2554 4559 2715 4615 Deus.
2746 4558 2904 4615 Solus
2932 4573 3060 4629 ergo
3078 4557 3249 4613 Filius
3267 4555 3457 4613 factus
3478 4566 3571 4613 est
3590 4559 3767 4619 homo,

2174 4667 2283 4707 non
2308 4652 2365 4707 in
2391 4652 2600 4708 unitate
2627 4658 2862 4717 naturae,
2908 4649 3005 4706 sed
3049 4650 3104 4706 in
3141 4649 3351 4706 unitate
3388 4664 3673 4720 persona,
3716 4649 3771 4706 id

2175 4754 2276 4812 est,
2306 4746 2485 4801 lumen
2515 4745 2631 4800 sine
2655 4745 2812 4800 initio
2834 4744 3049 4815 genitus
3069 4743 3135 4799 de
3157 4743 3321 4798 Patre
3344 4744 3659 4815 assumpsit
3680 4758 3765 4799 na-

2175 4848 2352 4894 turam
2378 4843 2642 4893 nostram.
2670 4835 2739 4891 Et
2774 4835 3011 4891 secundo
3053 4833 3235 4890 lumen
3259 4841 3318 4889 et
3345 4848 3555 4905 corpus
3589 4845 3770 4891 nam

2173 4942 2256 4991 est
2278 4936 2351 4991 de
2372 4934 2611 5005 Virgine.
2640 4933 2708 4988 Et
2730 4933 2786 4989 in
2811 4933 2970 4988 Patre
3005 4944 3220 5000 semper
3241 4932 3449 4986 mansit
3483 4931 3771 5003 insepara-

2172 5027 2281 5083 bile
2330 5033 2385 5083 et
2432 5026 2639 5096 aequale
2683 5025 2883 5090 lumen,
2915 5024 3056 5081 sicut
3101 5022 3325 5095 angelus
3354 5022 3551 5078 Maria:
3597 5025 3772 5079 dixit:

2174 5119 2404 5193 Spiritus
2430 5126 2641 5174 sanctus
2666 5117 2986 5186 superveniet
3026 5116 3179 5179 inte,
3215 5123 3264 5169 et
3302 5115 3469 5169 uirtus
3507 5113 3776 5170 ditissimi

2173 5213 2497 5270 obumbrabit
2524 5211 2618 5266 tibi
2648 5209 2798 5282 (Luc.
2834 5227 2875 5274 ι,
2903 5209 3016 5279 35).
3064 5209 3203 5276 Quia
3246 5209 3393 5265 enim
3426 5209 3641 5266 umbra
3666 5222 3774 5264 non

2174 5307 2329 5362 aliter
2361 5304 2700 5375 exprimitur,
2749 5303 2853 5359 nisi
2890 5316 2989 5373 per
3023 5302 3203 5357 lumen
3232 5309 3288 5357 et
3317 5314 3541 5371 corpus,
3600 5302 3777 5356 virtus

2171 5399 2220 5453 ei
2264 5396 2527 5452 Altissimi
2570 5393 2931 5458 obumbravit,
2974 5392 3098 5463 quia
3130 5393 3187 5447 in
3212 5390 3330 5460 ejus
3358 5399 3521 5446 utero
3557 5391 3663 5446 lux
3700 5390 3780 5445 in-

2171 5502 2428 5560 corporea
2459 5501 2655 5556 corpus
2680 5484 2929 5556 sumpsit.
2963 5484 3043 5538 Ex
3063 5497 3171 5552 qua
3182 5481 3445 5538 videlicet
3469 5482 3782 5537 obunrhra-

2172 5582 2317 5637 tione
2345 5592 2533 5635 omnes
2558 5577 2839 5633 credentes
2872 5576 2930 5631 in
2969 5574 3184 5631 Christo
3210 5573 3266 5628 in
3310 5585 3372 5627 se
3418 5571 3780 5643 refrigerii!

2173 5674 2370 5730 mentis
2401 5672 2689 5743 accipiunt.
2726 5670 2930 5727 Umbra
2977 5670 3141 5736 enim,
3188 5676 3250 5723 ut
3274 5666 3390 5736 jam
3422 5668 3700 5728 diximus,
3747 5680 3782 5720 ι

2171 5766 2371 5826 lumine
2398 5762 2662 5822 formatur
2688 5769 2744 5817 et
2772 5775 3016 5833 corpore.
3056 5759 3313 5817 Dominus
3347 5766 3535 5816 autem
3555 5774 3678 5830 per
3700 5757 3785 5814 d-
