3952 6318
128 415 284 476 1017

782 414 1060 477 HETERII
1092 416 1190 477 ΕΤ
1225 419 1291 510 S.
1317 419 1524 478 BEATI
1555 421 1649 478 AD
1677 420 2086 484 ELIPANDUM
2117 423 2338 484 EPIST.
2377 457 2451 470 --
2487 429 2615 486 LIB.
2653 426 2719 488 II.

3255 440 3394 499 1018

125 531 426 588 vinitatem
465 524 650 585 lumen
686 533 789 596 est,
825 533 918 602 qui
960 533 1231 590 mediante
1277 534 1455 590 anima
1505 534 1561 589 in
1607 533 1724 603 ejus
1749 539 1802 601 Α
1823 534 2105 593 divinitate
2136 552 2237 594 nec
2279 539 2478 607 anima,
2505 539 2602 596 sed
2630 539 2745 596 sola
2775 551 2958 599 carne.
3003 543 3064 600 In
3090 559 3200 617 qua
3234 562 3398 606 carne

125 635 300 682 utero
346 624 468 680 ﬁeri
511 623 766 695 dignatus
808 634 892 680 est
937 640 1036 695 per
1067 626 1456 684 humanitatem
1501 642 1721 699 corpus.

129 715 283 784 Quia
310 729 442 785 ergo
488 713 670 770 lumen
715 713 1089 784 incorporeum
1135 717 1190 771 in
1239 715 1358 786 ejus
1403 725 1522 773 erat
1567 725 1723 775 utero

129 807 588 878 comparandum,
615 807 774 878 eique
800 822 1118 878 corporeum
1140 811 1402 881 concepit,
1434 811 1503 865 ad
1527 826 1722 882 corpus

133 897 380 952 dicitur:
421 895 600 952 Virtus
625 897 876 952 Altissimi
902 897 1224 952 obumbrabit
1247 899 1358 954 tibi.
1385 899 1443 955 Id
1466 909 1566 965 est,
1599 916 1724 956 cor-

130 1005 244 1060 pus
273 988 629 1046 humanitatis
650 988 705 1043 in
729 995 784 1044 te
809 988 1004 1058 accipit
1040 989 1412 1060 incorporeum
1442 991 1620 1047 lumen
1642 991 1724 1048 di-

131 1081 406 1136 vinitatis.

215 1173 428 1228 LXXV.
478 1171 630 1229 Unde
657 1180 713 1228 et
757 1173 812 1228 in
841 1171 1078 1229 Canticis
1101 1173 1459 1230 canticorum
1481 1188 1548 1229 ex
1589 1188 1722 1230 voce

133 1263 342 1337 Sponsi
372 1265 607 1321 dicitur:
649 1263 926 1320 Osculetur
948 1281 1029 1320 me
1072 1265 1249 1320 osculo
1287 1266 1392 1321 oris
1430 1267 1533 1320 sui.
1561 1249 1723 1332 ’ρηο-

137 1360 287 1412 niam
313 1353 446 1412 bona
478 1357 639 1411 ubera
681 1365 772 1410 tua
795 1365 915 1411 sunt
940 1373 1095 1424 super
1119 1359 1311 1424 vinum,
1362 1366 1408 1412 et
1453 1357 1584 1413 odor
1624 1373 1722 1412 un-

133 1457 452 1518 guentorum
477 1463 634 1520 super
655 1449 829 1503 omnia
855 1457 1094 1503 aromata
1113 1448 1288 1522 (Cant.
1313 1464 1352 1516 ι,
1377 1449 1454 1522 2).
1481 1449 1723 1506 Audistis

134 1538 546 1608 epithalamium
573 1553 812 1604 carmen,
841 1538 1173 1594 dilectissimi
1192 1539 1408 1606 fratres,
1435 1541 1577 1610 quod
1602 1541 1722 1612 Spi-

138 1635 282 1690 ritus
305 1640 524 1689 sanctus
541 1647 642 1704 per
661 1631 1006 1689 Salomonem
1032 1649 1098 1690 ex
1120 1648 1252 1690 voce
1277 1633 1470 1705 Sponsi
1493 1641 1550 1689 et
1567 1649 1723 1704 spon-

137 1745 236 1794 sae,
269 1729 324 1796 id
346 1737 430 1784 est
455 1727 659 1786 Christi
682 1735 738 1783 et
760 1727 1034 1794 Ecclesiae,
1064 1743 1163 1798 pro
1183 1728 1484 1784 emlestium
1511 1729 1720 1798 nuptia-

115 1825 265 1876 ‘rum
290 1821 579 1893 allegorica
605 1821 976 1877 decantatione
1008 1821 1272 1891 praedixit.
1321 1820 1545 1888 Quando
1567 1820 1722 1876 Chri-

1823 627 2119 698 redemptio
2137 627 2282 684 facta
2305 637 2390 685 est
2415 631 2633 686 humani
2655 632 2889 703 generis.
2920 632 3072 692 Unde
3096 643 3152 692 et
3174 635 3404 695 Redema

1820 725 2030 786 ptorem
2076 727 2320 776 nostrum
2353 721 2636 778 Dominum
2676 721 2862 782 Jesum
2905 724 3182 784 Christum
3222 729 3402 788 omnis

1822 807 2060 868 Ecclesia
2087 809 2390 867 confitetur.
3042 837 3064 847 ε

1891 902 2146 961 LXXVII.
2165 903 2279 960 Hoc
2303 913 2474 962 totum
2493 921 2661 978 quare
2683 909 2950 966 diximus?
2968 912 3152 969 nisiut
3164 913 3401 972 Verbum

1821 1010 2039 1052 carnem
2064 993 2266 1052 factum
2285 996 2480 1054 Filium
2502 1000 2596 1056 Dei
2620 1002 2990 1072 probaremus.
3026 1001 3251 1061 Verbum
3275 1023 3402 1062 caro

1822 1086 2022 1157 factum
2047 1095 2124 1140 est
2147 1086 2328 1158 (Joan.
2359 1105 2399 1156 ι,
2429 1089 2541 1160 14),
2572 1093 2666 1146 sed
2691 1107 2798 1149 non
2821 1101 2905 1149 est
2929 1094 2986 1150 in
3017 1109 3237 1152 carnem
3271 1111 3402 1153 con-

1799 1190 2055 1241 .versum,
2079 1175 2218 1233 sicut
2244 1192 2346 1232 nec
2367 1179 2546 1234 anima
2581 1181 2816 1239 hominis
2845 1183 3177 1242 convertitur
3197 1186 3254 1241 in
3280 1202 3401 1244 caro

1821 1280 1965 1320 nem.
2011 1265 2080 1322 Et
2117 1281 2236 1322 cum
2263 1268 2318 1322 in
2367 1284 2530 1326 carne
2554 1269 2755 1329 Christi
2796 1274 3006 1330 habitat
3033 1275 3290 1344 Verbum,
3344 1283 3400 1334 in

1820 1364 2006 1414 nostra
2029 1367 2223 1413 natura
2246 1359 2470 1426 habitat,
2508 1363 2633 1432 quia
2657 1363 2772 1433 ipsa
2795 1381 2922 1422 caro
2951 1375 3135 1423 nostra
3171 1377 3276 1424 est.
3317 1367 3400 1426 Illi

1821 1449 1970 1505 carni
1993 1449 2300 1522 adiungitur
2335 1453 2596 1522 Ecclesia,
2628 1463 2682 1512 et
2729 1457 2790 1513 ﬁt
2833 1457 3081 1516 Christus
3121 1467 3268 1517 totus
3291 1475 3399 1518 una

1819 1555 2048 1611 persona
2072 1551 2234 1612 caput
2255 1553 2311 1599 et
2335 1560 2546 1616 corpus.
2584 1547 2652 1602 Et
2685 1565 2808 1604 cum
2835 1550 2890 1604 in
2917 1552 3087 1608 sacris
3113 1553 3400 1609 volumini-

1819 1631 1922 1686 bus
1949 1639 2042 1686 aut
2071 1633 2253 1699 homo,
2292 1641 2386 1689 aut
2414 1650 2560 1703 caro,
2594 1643 2686 1692 aut
2711 1651 2908 1708 corpus
2933 1637 3136 1696 Christi
3156 1641 3400 1696 nomina-

1821 1729 1928 1787 tur,
1966 1738 2074 1778 non
2101 1723 2272 1780 solum
2311 1724 2573 1794 Christus,
2602 1727 2696 1783 sed
2725 1717 2835 1784 tota
2869 1730 3112 1786 Ecclesia
3146 1731 3400 1802 intelligi-

1823 1823 1930 1870 tur.
1981 1814 2086 1871 Sed
2129 1817 2292 1872 habet
2322 1821 2761 1878 consuetudinem
2803 1832 2988 1880 sancta
3032 1823 3312 1896 Scriptura
3339 1831 3401 1880 ut

139 1919 261 1966 stus
293 1925 522 1981 sponsus
552 1919 606 1966 et
631 1911 811 1966 anima
856 1925 1050 1982 sponsa
1096 1912 1578 1982 oppigneraverunt
1617 1911 1719 1968 sibi
1749 1899 1798 1962 Β
1821 1907 1888 1962 de
1915 1907 2141 1964 Domino
2165 1917 2218 1964 et
2241 1908 2357 1980 ejus
2386 1927 2631 1982 corpore,
2661 1930 2779 1984 quae
2800 1916 2866 1970 de
2889 1932 2997 1973 uno
3019 1925 3114 1973 aut
3137 1919 3203 1973 ad
3229 1933 3398 1975 unum

138 2013 348 2060 castam
373 2005 601 2061 invicem
622 2004 854 2076 coniugii
879 2005 1227 2071 voluntatem,
1246 2015 1299 2062 et
1324 2005 1451 2061 facti
1473 2013 1598 2061 sunt
1617 2005 1723 2061 duo

139 2095 200 2151 in
228 2111 390 2152 carne
413 2112 540 2152 una.
577 2097 636 2152 Id
659 2104 773 2164 est,
810 2096 954 2152 Deus
998 2103 1052 2152 et
1099 2098 1282 2152 homo.
1312 2097 1428 2152 Duo
1452 2096 1528 2162 bi,
1564 2097 1617 2151 id
1641 2104 1724 2152 est

139 2186 383 2243 Verbum
407 2196 463 2244 et
484 2188 680 2252 anima,
721 2203 828 2242 una
871 2202 1119 2258 persona,
1159 2187 1400 2258 Sponsus
1443 2195 1497 2241 et
1526 2203 1723 2258 sponsa

137 2279 204 2336 in
235 2295 346 2333 una
375 2293 558 2334 carne.
593 2279 660 2333 Et
686 2278 830 2334 illius
870 2278 1050 2350 sponsi
1091 2279 1360 2334 thalamus
1397 2277 1496 2334 fuit
1533 2286 1725 2334 uterus

135 2370 397 2440 virginis.
429 2370 560 2438 Quia
597 2371 648 2426 in
687 2369 778 2426 illo
814 2378 968 2426 utero
996 2371 1242 2440 virginali
1267 2369 1550 2440 conjuncta
1593 2371 1719 2438 duo,

142 2461 395 2531 Sponsus
422 2469 476 2514 ct
501 2475 710 2532 sponsa.
745 2459 880 2528 Quia
903 2461 1166 2532 scriptum
1195 2468 1278 2516 est
1303 2478 1316 2513 :
1341 2459 1410 2514 Et
1437 2470 1587 2515 erunt
1615 2461 1722 2514 duo

140 2554 198 2606 in
227 2567 385 2607 carne
411 2569 535 2606 una.
563 2552 629 2608 Et
655 2551 912 2607 Dominus
945 2551 1076 2606 dicit
1101 2550 1157 2605 in
1185 2549 1510 2621 Evangelio:
1552 2549 1725 2620 Igitur

138 2643 260 2714 jam
297 2660 398 2698 non
437 2652 557 2698 sunt
585 2643 711 2711 duo,
752 2646 842 2699 sed
888 2659 995 2698 una
1036 2659 1180 2698 caro.
1212 2641 1346 2710 Quia
1379 2641 1627 2698 Christus
1667 2647 1726 2696 et

143 2735 386 2791 Ecclesia
427 2751 534 2792 non
571 2743 695 2791 sunt
725 2737 844 2791 dua:
884 2749 1076 2791 carnes
1100 2741 1156 2789 et
1184 2735 1292 2790 duo
1333 2733 1597 2800 homines,
1629 2733 1725 2789 sed

141 2845 254 2885 una
295 2845 421 2886 caro
465 2837 520 2885 et
561 2845 702 2886 unus
737 2831 918 2886 homo.
951 2829 1016 2883 Et
1043 2828 1211 2884 Isaias
1249 2827 1451 2898 optime
1479 2826 1724 2882 meminit

143 2937 319 2979 unum
346 2937 463 2980 esse
485 2937 714 2994 sponsos
741 2922 895 2978 duos.
939 2921 1198 2992 Loquitur
1223 2921 1364 2976 enim
1402 2935 1469 2974 ex
1496 2933 1724 2990 persona

142 3013 368 3080 Christi,
395 3021 449 3068 et
476 3014 641 3069 dicit:
685 3012 834 3070 Sicut
854 3029 1042 3084 sponso
1063 3011 1306 3082 imposuit
1332 3009 1459 3064 mihi
1490 3010 1722 3076 mitram,

145 3114 195 3160 et
224 3106 358 3160 sicut
383 3120 626 3175 sponsam
647 3103 852 3160 ornavit
887 3119 970 3158 me
996 3111 1322 3158 ornamento.
1355 3099 1471 3156 Una
1493 3113 1725 3171 persona

146 3197 359 3254 videtur
378 3196 544 3266 loqui,
589 3203 645 3252 et
680 3209 933 3265 sponsum
963 3209 1023 3250 se
1045 3192 1174 3249 fecit
1199 3201 1254 3248 et
1277 3205 1548 3262 sponsam.
1587 3189 1724 3258 Quia

147 3305 252 3343 non
277 3296 407 3344 sunt
434 3289 562 3354 duo,
583 3287 677 3342 sed
700 3301 806 3342 una
830 3301 977 3352 caro,
1013 3285 1069 3341 id
1091 3291 1194 3352 est,
1235 3299 1342 3339 una
1383 3293 1579 3338 natura
1603 3295 1724 3338 car-

151 3379 254 3445 nis,
286 3388 344 3435 et
365 3395 471 3434 una
515 3378 815 3434 substantia
856 3375 1057 3433 Christi
1102 3383 1158 3432 et
1177 3382 1400 3431 .nostra.
1441 3372 1590 3428 Sicut
1618 3386 1726 3428 una

150 3471 447 3526 substantia
470 3478 558 3526 est
589 3469 792 3526 Christi
811 3475 868 3524 et
904 3467 1101 3524 Patris.
1146 3467 1282 3535 Quia
1319 3473 1374 3521 ει
1402 3480 1526 3520 cum
1567 3464 1726 3519 Patre

151 3561 420 3633 perfectus
449 3562 592 3618 Deus
615 3570 717 3626 est,
746 3569 802 3617 et
819 3560 1101 3616 nobiscum
1133 3557 1404 3629 perfectus
1426 3557 1588 3613 homo
1618 3563 1722 3612 est.

154 3655 223 3711 Et
251 3655 395 3710 Deus
417 3662 474 3708 et
497 3655 658 3710 homo
689 3668 758 3708 ex
793 3652 1002 3708 duabus
1027 3651 1238 3707 naturis
1255 3665 1362 3704 una
1391 3663 1620 3721 persona
1643 3653 1727 3703 est

151 3743 416 3802 Christus.
445 3742 580 3810 Quia
607 3742 844 3798 Verbum
892 3755 1022 3797 caro
1046 3740 1248 3797 factum
1276 3747 1440 3796 estet
1467 3736 1728 3794 habitavit

152 3837 208 3890 in
231 3834 408 3899 nobis,
451 3834 508 3889 id
536 3841 639 3900 est,
684 3833 742 3888 in
768 3847 932 3888 carne
958 3839 1145 3888 nostra
1173 3831 1457 3888 habitavit.
1506 3829 1642 3897 Quia
1669 3829 1728 3885 in

149 3929 308 3984 nobis
343 3927 567 3995 habitat,
605 3927 818 3998 quando
857 3927 913 3983 in
953 3942 1118 3984 carne
1161 3935 1348 3983 nostra
1389 3927 1616 3984 habitat.
1657 3926 1729 3984 Et

149 4021 269 4091 ipsa
286 4035 420 4075 caro
441 4027 640 4084 nostra,
675 4019 729 4074 in
751 4033 858 4089 qua
879 4019 1119 4087 habitat,
1165 4020 1278 4090 ipse
1307 4027 1393 4076 est
1431 4021 1525 4090 qui
1569 4019 1719 4076 habi-

150 4123 258 4170 tat.
285 4114 439 4170 Fecit
463 4113 561 4170 sibi
591 4115 809 4171 domum
842 4115 896 4171 in
923 4130 1029 4186 qua
1065 4116 1290 4183 habitat,
1323 4124 1376 4173 et
1395 4117 1512 4188 ipsa
1537 4118 1728 4175 domus

145 4205 272 4276 ipse
297 4212 406 4259 est.

213 4293 457 4351 LXXVI.
491 4293 726 4365 Denique
769 4293 1142 4364 carpentarius
1175 4295 1428 4365 quislibet
1464 4295 1594 4352 facit
1622 4297 1727 4353 sibi

149 4389 370 4443 (limum
397 4386 452 4441 in
480 4401 586 4456 qua
611 4386 840 4452 habitat,
865 4387 960 4442 sed
983 4386 1100 4456 ipsa
1131 4387 1322 4443 domus
1344 4403 1450 4444 non
1490 4397 1574 4444 est
1614 4389 1728 4458 ipse

147 4481 240 4552 qui
262 4479 487 4536 habitat.
505 4479 574 4534 Et
593 4478 821 4535 fortasse
845 4495 969 4534 cum
989 4495 1020 4534 a
1041 4488 1383 4550 persecutore
1403 4481 1518 4552 ipsa
1537 4481 1730 4539 domus

146 4571 443 4641 dissipatur
470 4577 563 4624 aut
586 4569 910 4636 incenditur,
956 4569 1226 4625 habitator
1266 4571 1439 4642 surgit
1469 4588 1539 4628 ne
1567 4571 1728 4628 simul

144 4671 356 4736 pereat,
381 4668 442 4718 et
461 4660 715 4731 relinquit
729 4675 958 4716 vacuam
983 4660 1222 4728 domum,
1243 4661 1366 4731 quia
1394 4663 1508 4734 ipsa
1534 4664 1725 4723 domus

143 4772 311 4828 quam
346 4754 623 4811 habitabat
663 4769 768 4810 non
791 4761 910 4810 erat
953 4753 1089 4824 ipse.
1136 4752 1253 4810 Non
1281 4753 1360 4810 sic
1385 4756 1526 4812 Deus
1565 4757 1728 4816 homo

143 4850 326 4904 factus
351 4845 614 4902 habitavit
631 4845 688 4900 in
716 4845 892 4910 nobis,
915 4845 968 4901 id
989 4853 1092 4909 est,
1115 4845 1170 4901 in
1193 4861 1355 4902 carne
1378 4856 1582 4906 nostra.
1606 4848 1725 4906 Non

141 4940 228 4995 sic
253 4937 493 4993 Verbum
535 4934 733 5003 Patris,
779 4942 840 4990 ut
873 4934 1010 4992 alter
1043 4936 1113 4992 sit
1143 4937 1418 4994 habitator
1460 4947 1516 4995 et
1554 4939 1724 4996 altera

141 5046 279 5088 caro
303 5036 492 5085 nostra
518 5041 682 5098 quam
710 5027 938 5084 habitat.
978 5027 1050 5084 Ut
1092 5028 1218 5098 quia
1260 5043 1292 5084 a
1336 5027 1533 5088 Iudaeis
1562 5046 1726 5089 carne

139 5121 506 5184 occideretur,
530 5117 758 5190 fugisset
793 5119 1030 5176 Verbum
1056 5119 1350 5176 habitator.
1381 5120 1546 5176 Absit
1563 5122 1665 5177 hoc
1691 5137 1724 5178 a

142 5214 254 5269 fide
283 5210 569 5267 catholica.
601 5209 708 5267 Sed
733 5209 812 5266 sic
854 5223 974 5266 esse
1009 5209 1267 5275 Verbum,
1304 5210 1484 5266 anima
1513 5218 1566 5266 et
1595 5226 1724 5268 caro

135 5320 252 5360 tina
281 5318 512 5374 persona
535 5303 784 5361 Christus
797 5301 968 5358 Filius
989 5301 1102 5366 Dei,
1121 5301 1260 5357 sicut
1287 5302 1512 5370 quilibet
1537 5303 1718 5370 homo,

133 5399 332 5454 anim
356 5404 411 5452 et
429 5409 558 5452 caro
583 5401 668 5451 est
690 5408 796 5450 una
815 5407 1065 5464 persona.
1083 5393 1150 5448 Et
1174 5408 1296 5448 cum
1315 5393 1430 5463 ipse
1449 5394 1611 5450 homo
1630 5409 1721 5452 oc-

132 5489 364 5552 ciditur,
393 5502 502 5543 non
521 5487 720 5550 artima,
735 5485 830 5542 sed
851 5499 980 5540 caro
1007 5483 1283 5547 occiditur,
1308 5493 1362 5539 ct
1384 5483 1562 5540 nullus
1586 5485 1723 5542 alter

130 5595 312 5650 atram
357 5581 472 5649 ipse
513 5579 678 5635 homo
720 5577 967 5634 moritur.
1012 5575 1102 5631 Sic
1145 5574 1392 5631 Christus
1416 5576 1582 5632 Filius
1625 5577 1752 5634 Dei-

127 5679 290 5734 Deus
311 5685 370 5731 et
396 5677 560 5731 homo
587 5681 738 5729 tanta
761 5681 840 5730 est
871 5673 1078 5728 unitate
1099 5685 1341 5742 personae
1357 5712 1372 5737 ,
1410 5681 1471 5728 ut
1498 5673 1612 5744 ipse
1651 5673 1722 5730 sit

127 5770 294 5832 Deus
315 5769 412 5838 qui
431 5774 517 5824 cst
539 5767 724 5822 homo.
753 5765 822 5819 Et
841 5780 964 5820 cum
989 5765 1168 5828 homo,
1215 5765 1270 5820 id
1309 5773 1392 5820 est
1431 5764 1543 5820 sola
1571 5779 1718 5831 caro,

124 5863 434 5932 occiditur,
457 5859 640 5920 mlius
667 5857 806 5933 alter
827 5873 994 5930 quam
1011 5858 1176 5920 Filius
1201 5858 1294 5934 Dei
1333 5859 1578 5922 moritur.
1603 5858 1720 5925 Non

1759 4616 1808 4676 D

1821 1996 2079 2068 loquitur,
2111 2006 2272 2069 atque
2309 2000 2365 2054 in
2403 2017 2509 2057 una
2533 2018 2762 2072 persona
2805 2006 2964 2063 modo
2999 2017 3196 2078 caput,
3239 2009 3401 2066 modo

1822 2103 2017 2158 corpus
2038 2091 2355 2147 ostenditur.
2382 2093 2532 2150 Sicut
2546 2095 2730 2161 Isaias,
2749 2104 2809 2152 ut
2827 2114 2988 2170 supra
3007 2099 3262 2166 diximus,
3289 2101 3397 2156 ait:

1822 2178 2005 2236 Induit
2027 2198 2108 2236 me
2125 2184 2418 2240 uestimento
2439 2185 2646 2252 salutis,
2663 2190 2814 2258 quasi
2833 2206 3080 2260 sponsum
3097 2191 3418 2247 decoratum

1823 2287 2036 2338 corona,
2057 2282 2105 2328 et
2132 2275 2284 2345 quasi
2321 2293 2564 2346 sponsam
2601 2289 2842 2335 ornatam.
2869 2281 3146 2338 monilibus
3173 2282 3397 2340 suts.'ln

1821 2377 1928 2417 una
1952 2363 2096 2418 enim
2118 2379 2348 2434 persona
2373 2367 2570 2437 duplici
2595 2371 2855 2427 vocabulo
2882 2373 3196 2441 nominata;
3237 2381 3293 2430 et
3312 2391 3398 2431 ca-

1821 2462 1935 2526 put,
1963 2453 2018 2510 id
2041 2463 2126 2511 est
2153 2457 2440 2528 Sponsum,
2485 2468 2542 2518 et
2570 2459 2886 2530 Ecclesiam,
2935 2464 2990 2520 id
3017 2473 3101 2522 est
3125 2479 3395 2537 sponsam,

1821 2545 2206 2602 manifestavit.
3389 2555 3395 2564 ‘

1892 2635 2169 2694 LXXVIII.
2193 2637 2424 2697 Proinde
2447 2643 2742 2699 notandum
2768 2644 2824 2700 in
2852 2643 3162 2716 Scripturis,
3187 2645 3403 2716 quando

1823 2738 1878 2788 et
1902 2739 2063 2803 caput
2102 2740 2159 2788 et
2191 2749 2406 2804 corpus,
2433 2742 2526 2789 aut
2549 2737 2766 2806 quando
2801 2751 2872 2793 ex
2907 2745 3137 2806 utroque
3164 2744 3404 2794 transeat

1824 2823 1893 2880 ad
1919 2832 2227 2894 utrumque,
2252 2833 2345 2881 aut
2371 2827 2440 2881 ab
2469 2825 2640 2882 altero
2675 2825 2744 2882 ad
2776 2828 3028 2883 alterum.
3057 2827 3254 2899 Sicque
3274 2829 3404 2898 quid

1825 2914 2007 2984 capiti,
2038 2915 2169 2985 quid
2195 2917 2408 2988 corpori
2433 2918 2634 2986 veniat,
2666 2919 2902 2988 prudens
2923 2919 3092 2974 lector
3115 2918 3408 2990 intelligat.-

1826 3007 2092 3078 Sponsum
2116 3017 2297 3065 autem
2312 3009 2586 3066 Christum
2605 3025 2726 3066 esse
2739 3019 2795 3066 et
2809 3026 3064 3081 sponsam
3082 3010 3400 3078 Ecclesium,

1824 3103 2015 3173 probat
2036 3102 2314 3172 Scriptura
2337 3101 2537 3169 divina,
2568 3102 2778 3158 dicente
2795 3101 3002 3158 Joanne
3042 3100 3280 3172 Baptista
3304 3115 3404 3172 pro

1825 3193 2043 3250 Christo
2071 3193 2126 3250 in
2165 3193 2493 3264 Evangelio:
2535 3191 2639 3259 Qui
2679 3192 2831 3248 habet
2873 3208 3136 3262 sponsam,
3181 3207 3402 3262 sponsus

1825 3294 1920 3340 est.
1950 3284 2160 3339 Amicus
2185 3293 2358 3339 autem
2383 3285 2558 3355 sponsi
2580 3293 2724 3338 stam
2751 3292 2799 3338 et
2828 3283 3044 3345 audiens
3073 3300 3246 3342 vocem
3261 3284 3400 3354 ejus,

1823 3393 1932 3448 pra:
1956 3377 2149 3448 gaudio
2185 3376 2531 3432 exhilaratur.
2567 3376 2637 3432 Et
2659 3377 2795 3433 alius
2817 3379 3076 3448 propheta
3097 3377 3261 3433 dicit:
3293 3378 3400 3432 De-

1823 3470 2078 3541 sponsabo
2099 3477 2148 3524 te
2167 3469 2295 3524 mihi
2315 3469 2372 3524 in
2386 3469 2492 3538 ﬁde
2506 3479 2554 3525 et
2575 3471 2845 3526 charitate.
2868 3470 3108 3540 Denique
3127 3472 3233 3526 hoc
3249 3471 3401 3526 carni

1825 3561 1880 3616 in
1901 3559 2117 3617 Christo
2159 3567 2214 3617 et
2256 3555 2511 3617 Ecclesia
2539 3573 2659 3618 esse
2687 3561 3020 3632 praedictum,
3057 3560 3403 3632 praetitulatio

1825 3651 1940 3722 ipsa
1968 3650 2293 3709 manifestat.
2324 3651 2416 3707 Sic
2439 3652 2584 3707 enim
2603 3653 3016 3721 pronuntiantur
3033 3651 3254 3708 Cantica
3275 3666 3402 3708 can-

1825 3745 2074 3807 ticorum,
2103 3758 2168 3800 eo
2193 3743 2334 3813 quod
2361 3758 2523 3814 supra
2547 3743 2726 3799 omnia
2750 3743 2962 3800 cantica
2985 3757 3105 3814 qua:
3132 3751 3228 3798 aut
3256 3742 3404 3816 Moy-

1827 3852 1916 3894 ses
1935 3845 2028 3893 aut
2056 3836 2224 3892 Maria
2264 3837 2320 3892 in
2343 3835 2560 3903 Exodo,
2591 3845 2685 3894 aut
2735 3836 2921 3904 Isaias,
2961 3845 3055 3892 aut
3093 3835 3312 3894 Abacuc
3349 3844 3404 3894 et

1827 3930 2006 3986 caeteri
2035 3929 2368 3985 cecinerunt.
2414 3928 2540 3985 Haac
2575 3928 2796 3986 meliora
2832 3937 2959 3986 sunt
3001 3928 3244 3996 Cantica,
3277 3929 3404 4000 quia

1827 4021 1902 4077 illi
1927 4028 2018 4076 aut
2042 4036 2140 4092 pro
2161 4021 2473 4078 liberatione
2509 4021 2703 4091 praelii,
2733 4029 2827 4078 aut
2867 4037 2969 4092 pro
2996 4025 3409 4080 conversatione

1823 4112 2023 4182 populi,
2052 4121 2147 4169 aut
2183 4127 2283 4182 pro
2325 4113 2680 4168 admiratione
2716 4112 3021 4167 divinorum
3063 4127 3286 4182 operum
3315 4129 3406 4170 ac-

1826 4205 1970 4260 censi
1994 4204 2174 4260 animo
2211 4218 2276 4258 ac
2300 4210 2478 4258 mente
2502 4202 2686 4259 laudes
2717 4202 2967 4258 dixerunt
3000 4201 3146 4268 Deo;
3182 4202 3273 4258 hic
3317 4211 3402 4256 ta-

1826 4311 1970 4362 men,
2015 4297 2142 4366 quia
2173 4295 2267 4350 Dei
2305 4295 2558 4351 Ecclesia:
2584 4311 2688 4350 vox
2709 4293 2987 4364 psallentis
3015 4294 3253 4361 auditur,
3281 4309 3402 4364 pro-
3429 4332 3434 4341 ι

1825 4397 1945 4459 pter
1976 4386 2120 4457 quod
2143 4387 2322 4444 divina
2355 4396 2408 4442 et
2427 4387 2664 4443 humana
2683 4387 2783 4443 sibi
2807 4387 3036 4444 invicem
3061 4387 3398 4460 copulantur,

1827 4479 1952 4536 ideo
1973 4477 2195 4535 Cantica
2224 4479 2579 4546 canticorum,
2627 4477 2684 4534 id
2728 4486 2817 4535 est
2847 4479 3070 4536 meliora
3095 4478 3400 4546 meliorum,

1830 4579 2224 4640 nuncupantur.

1901 4661 2134 4718 LXXIX.
2161 4661 2298 4718 Cum
2318 4676 2447 4732 ergo
2472 4662 2619 4729 dicit,
2661 4661 2938 4718 Osculetur
2963 4677 3044 4716 me
3081 4659 3260 4716 osculo
3295 4663 3403 4716 oris

1827 4755 1929 4810 sui.
1975 4753 2236 4820 Quoniam
2278 4752 2498 4808 meliora
2537 4763 2656 4807 sunt
2695 4753 2855 4808 ubera
2893 4761 2986 4806 tua
3021 4767 3178 4822 super
3204 4751 3432 4818 vinum,

1827 4859 1935 4900 non
1963 4843 2029 4900 de
2059 4844 2162 4899 hoc
2187 4841 2372 4898 osculo
2402 4841 2639 4908 carnali,
2689 4841 2787 4896 sed
2829 4839 2897 4894 de
2931 4838 3194 4909 spirituali
3229 4839 3404 4909 gratia
3429 4875 3436 4880 -

1825 4935 2166 5007 loquebatur.
2194 4933 2449 4989 Ecclesiae
2472 4932 2673 4988 etenim
2693 4919 3403 4996 venerandte'immaculatm

1825 5028 2049 5098 virginis
2076 5042 2178 5082 vox
2204 5034 2286 5081 est
2309 5025 2378 5079 ad
2409 5022 2682 5079 Christum
2704 5021 2898 5078 Filium
2920 5021 3019 5077 Dei
3050 5020 3402 5079 tricenarium

1817 5120 2086 5189 juvenem,
2115 5120 2390 5185 decorum,
2418 5118 2705 5187 speciosum
2734 5115 2910 5186 [anna
2943 5131 3052 5187 pra:
3083 5115 3211 5186 ﬁliis
3235 5117 3403 5172 Itami-

1825 5229 1966 5278 num,
2002 5213 2165 5268 verba
2189 5211 2454 5268 facientis.
2483 5209 2619 5278 Quia
2647 5209 2752 5264 alia
2773 5217 2898 5266 sunt
2925 5210 3181 5276 humana,
3196 5209 3300 5266 alia
3323 5210 3403 5268 di-
3429 5229 3438 5240 ·

1821 5305 1947 5361 vina
1983 5305 2200 5360 oracula
2246 5303 2499 5377 [oscula].
2529 5304 2596 5357 Et
2625 5304 2744 5358 ideo
2787 5318 2910 5359 cum
2953 5303 3084 5359 dicit
3118 5303 3356 5360 Ecclesia
3383 5321 3434 5359 :-

1825 5394 2102 5452 Osculetur
2124 5412 2204 5449 me
2235 5393 2409 5450 osculo
2443 5396 2549 5449 oris
2573 5395 2678 5461 sui,
2701 5395 2818 5450 vult
2851 5395 2966 5466 ipsa
2993 5395 3233 5452 Ecclesia
3256 5411 3401 5468 prai-

1822 5494 2026 5544 sentem
2055 5485 2322 5556 Sponsum
2358 5485 2558 5542 habere
2583 5494 2640 5542 et
2661 5486 2942 5556 praesentis
2967 5501 3156 5542 vocem
3187 5486 3396 5544 audire.

1820 5582 1880 5637 In
1904 5579 2178 5651 praeterito
2207 5579 2351 5636 enim
2371 5587 2638 5650 tempore,
2665 5594 2844 5636 sermo
2871 5579 2968 5635 Dei
2983 5595 3082 5651 per
3105 5580 3396 5650 prophetas
3427 5595 3434 5600 ·

1820 5671 1890 5726 ad
1915 5671 2250 5742 Synagogam
2280 5670 2427 5742 loqui
2469 5679 2842 5737 consueverat,
2879 5678 2933 5726 et
2958 5671 3116 5739 quasi
3137 5684 3233 5738 per
3257 5667 3392 5722 alie-

1821 5779 1948 5818 num
1975 5779 2038 5818 os
2059 5763 2210 5832 pacis
2228 5761 2469 5818 osculum
2491 5763 2670 5818 dabat.
2695 5762 2822 5818 llaec
2841 5775 2968 5832 ergo
2993 5757 3255 5823 Ecclesia,
3278 5771 3395 5826 quin
3423 5783 3437 5793 ν

1821 5868 1948 5924 vero
1971 5869 2166 5926 sponsa
2187 5862 2270 5914 cst
2296 5853 2516 5923 Christi,
2543 5860 2793 5928 contenta
2813 5867 2920 5913 non
2943 5857 3026 5928 est
3050 5862 3148 5927 per
3164 5845 3396 5927 ρωριιθτ
