  <div class='ocr_page' id='page_1' title='image "/cluster/home/n/w/nwhite01/storage/ocr_20150623/96/hvd.32044015471204/516.png"; bbox 0 0 3950 6312; ppageno 0'>
   <div class='ocr_carea' id='block_1_1' title="bbox 141 369 288 430">
    <p class='ocr_par' dir='ltr' id='par_1_1' title="bbox 141 369 288 430">
     <span class='ocr_line' id='line_1_1' title="bbox 141 369 288 430; baseline 0.014 -2"><span class='ocrx_word' id='word_1_1' title='bbox 141 369 288 430; x_wconf 68' lang='grc'><strong>1091</strong></span> 
     </span>
    </p>
   </div>
   <div class='ocr_carea' id='block_1_2' title="bbox 789 338 2724 439">
    <p class='ocr_par' dir='ltr' id='par_1_2' title="bbox 789 338 2724 439">
     <span class='ocr_line' id='line_1_2' title="bbox 789 338 2724 439; baseline 0.004 -8"><span class='ocrx_word' id='word_1_2' title='bbox 789 369 1069 433; x_wconf 79' lang='lat' dir='ltr'><strong>HETERII</strong></span> <span class='ocrx_word' id='word_1_3' title='bbox 1101 372 1194 432; x_wconf 77' lang='lat' dir='ltr'><strong>nr</strong></span> <span class='ocrx_word' id='word_1_4' title='bbox 1230 372 1289 433; x_wconf 87' lang='lat' dir='ltr'><strong>s.</strong></span> <span class='ocrx_word' id='word_1_5' title='bbox 1328 371 1535 433; x_wconf 75' lang='lat' dir='ltr'><strong>nam</strong></span> <span class='ocrx_word' id='word_1_6' title='bbox 1567 371 1661 431; x_wconf 79' lang='lat' dir='ltr'><strong>AD</strong></span> <span class='ocrx_word' id='word_1_7' title='bbox 1694 370 2093 433; x_wconf 56' lang='lat' dir='ltr'><strong>manus</strong></span> <span class='ocrx_word' id='word_1_8' title='bbox 2122 374 2344 439; x_wconf 83' lang='lat' dir='ltr'><strong>EPIST.</strong></span> <span class='ocrx_word' id='word_1_9' title='bbox 2366 338 2463 423; x_wconf 63' lang='grc' dir='ltr'><strong>ῖξ</strong></span> <span class='ocrx_word' id='word_1_10' title='bbox 2488 377 2622 439; x_wconf 77' lang='lat' dir='ltr'><strong>us.</strong></span> <span class='ocrx_word' id='word_1_11' title='bbox 2657 380 2724 439; x_wconf 81' lang='grc' dir='ltr'><strong>η.</strong></span> 
     </span>
    </p>
   </div>
   <div class='ocr_carea' id='block_1_3' title="bbox 3258 389 3403 451">
    <p class='ocr_par' dir='ltr' id='par_1_3' title="bbox 3258 389 3403 451">
     <span class='ocr_line' id='line_1_3' title="bbox 3258 389 3403 451; baseline 0 -2"><span class='ocrx_word' id='word_1_12' title='bbox 3258 389 3403 451; x_wconf 61' lang='grc' dir='ltr'><strong>10εῆ</strong></span> 
     </span>
    </p>
   </div>
   <div class='ocr_carea' id='block_1_4' title="bbox 133 478 3398 570">
    <p class='ocr_par' dir='ltr' id='par_1_4' title="bbox 133 478 3398 570">
     <span class='ocr_line' id='line_1_4' title="bbox 133 478 3398 570; baseline 0.007 -32"><span class='ocrx_word' id='word_1_13' title='bbox 133 481 309 538; x_wconf 86' lang='lat' dir='ltr'><strong>nibus</strong></span> <span class='ocrx_word' id='word_1_14' title='bbox 327 493 527 563; x_wconf 78' lang='lat' dir='ltr'><strong>corpus</strong></span> <span class='ocrx_word' id='word_1_15' title='bbox 552 478 913 570; x_wconf 7' lang='lat' dir='ltr'><strong>ireddunt..Et</strong></span> <span class='ocrx_word' id='word_1_16' title='bbox 939 500 1066 540; x_wconf 92' lang='lat' dir='ltr'><strong>cum</strong></span> <span class='ocrx_word' id='word_1_17' title='bbox 1104 485 1317 541; x_wconf 85' lang='lat' dir='ltr'><strong>diversa</strong></span> <span class='ocrx_word' id='word_1_18' title='bbox 1363 486 1419 567; x_wconf 87' lang='lat' dir='ltr'><strong>in</strong></span> <span class='ocrx_word' id='word_1_19' title='bbox 1464 484 1731 551; x_wconf 87' lang='lat' dir='ltr'><strong>charitate</strong></span> <span class='ocrx_word' id='word_1_20' title='bbox 1753 490 1808 553; x_wconf 77' lang='grc' dir='ltr'>Α</span> <span class='ocrx_word' id='word_1_21' title='bbox 1832 488 2169 545; x_wconf 89' lang='lat' dir='ltr'><strong>sentiendum</strong></span> <span class='ocrx_word' id='word_1_22' title='bbox 2208 507 2276 548; x_wconf 82' lang='lat' dir='ltr'><strong>ex</strong></span> <span class='ocrx_word' id='word_1_23' title='bbox 2310 494 2599 565; x_wconf 88' lang='lat' dir='ltr'><strong>semetipso</strong></span> <span class='ocrx_word' id='word_1_24' title='bbox 2627 496 2823 553; x_wconf 75' lang='lat' dir='ltr'><strong>subtile</strong></span> <span class='ocrx_word' id='word_1_25' title='bbox 2839 497 3055 570; x_wconf 73' lang='lat' dir='ltr'><strong>aliquid</strong></span> <span class='ocrx_word' id='word_1_26' title='bbox 3082 515 3191 558; x_wconf 89' lang='lat' dir='ltr'><strong>non</strong></span> <span class='ocrx_word' id='word_1_27' title='bbox 3213 517 3398 561; x_wconf 85' lang='lat' dir='ltr'><strong>assur-</strong></span> 
     </span>
    </p>
   </div>
   <div class='ocr_carea' id='block_1_5' title="bbox 132 569 3400 661">
    <p class='ocr_par' dir='ltr' id='par_1_5' title="bbox 132 569 3400 661">
     <span class='ocr_line' id='line_1_5' title="bbox 132 569 3400 661; baseline 0.008 -36"><span class='ocrx_word' id='word_1_28' title='bbox 132 579 430 645; x_wconf 75' lang='lat' dir='ltr'><strong>peragnnt,</strong></span> <span class='ocrx_word' id='word_1_29' title='bbox 456 569 685 627; x_wconf 79' lang='lat' dir='ltr'><strong>divisum</strong></span> <span class='ocrx_word' id='word_1_30' title='bbox 713 586 831 627; x_wconf 85' lang='lat' dir='ltr'><strong>esse</strong></span> <span class='ocrx_word' id='word_1_31' title='bbox 852 575 1139 644; x_wconf 79' lang='lat' dir='ltr'><strong>prohibent</strong></span> <span class='ocrx_word' id='word_1_32' title='bbox 1162 575 1253 630; x_wconf 88' lang='lat' dir='ltr'><strong>ubi</strong></span> <span class='ocrx_word' id='word_1_33' title='bbox 1275 577 1634 631; x_wconf 74' lang='lat' dir='ltr'><strong>continentur.</strong></span> <span class='ocrx_word' id='word_1_34' title='bbox 1666 575 1724 631; x_wconf 88' lang='lat' dir='ltr'><strong>Si</strong></span> <span class='ocrx_word' id='word_1_35' title='bbox 1790 582 1793 585; x_wconf 75' lang='lat'><em>‘</em></span> <span class='ocrx_word' id='word_1_36' title='bbox 1829 577 1924 648; x_wconf 87' lang='lat' dir='ltr'><strong>git.</strong></span> <span class='ocrx_word' id='word_1_37' title='bbox 1977 578 2083 635; x_wconf 89' lang='lat' dir='ltr'><strong>Iste</strong></span> <span class='ocrx_word' id='word_1_38' title='bbox 2128 593 2226 650; x_wconf 88' lang='lat' dir='ltr'><strong>per</strong></span> <span class='ocrx_word' id='word_1_39' title='bbox 2265 581 2423 638; x_wconf 85' lang='lat' dir='ltr'><strong>iidem</strong></span> <span class='ocrx_word' id='word_1_40' title='bbox 2464 584 2747 643; x_wconf 78' lang='lat' dir='ltr'><strong>elementis</strong></span> <span class='ocrx_word' id='word_1_41' title='bbox 2781 569 3026 661; x_wconf 74' lang='lat' dir='ltr'><strong>imperat,</strong></span> <span class='ocrx_word' id='word_1_42' title='bbox 3072 607 3173 648; x_wconf 90' lang='lat' dir='ltr'><strong>nec</strong></span> <span class='ocrx_word' id='word_1_43' title='bbox 3220 600 3400 651; x_wconf 83' lang='lat' dir='ltr'><strong>tamen</strong></span> 
     </span>
    </p>
   </div>
   <div class='ocr_carea' id='block_1_6' title="bbox 134 665 1739 740">
    <p class='ocr_par' dir='ltr' id='par_1_6' title="bbox 134 665 1739 740">
     <span class='ocr_line' id='line_1_6' title="bbox 134 665 1739 740; baseline 0.004 -20"><span class='ocrx_word' id='word_1_44' title='bbox 134 673 326 721; x_wconf 63' lang='lat' dir='ltr'><strong>suum</strong></span> <span class='ocrx_word' id='word_1_45' title='bbox 349 679 516 721; x_wconf 87' lang='lat' dir='ltr'><strong>unum</strong></span> <span class='ocrx_word' id='word_1_46' title='bbox 537 665 667 737; x_wconf 89' lang='lat' dir='ltr'><strong>quid</strong></span> <span class='ocrx_word' id='word_1_47' title='bbox 685 666 865 722; x_wconf 88' lang='lat' dir='ltr'><strong>cuncti</strong></span> <span class='ocrx_word' id='word_1_48' title='bbox 884 677 1122 739; x_wconf 82' lang='lat' dir='ltr'><strong>agerent,</strong></span> <span class='ocrx_word' id='word_1_49' title='bbox 1142 683 1337 739; x_wconf 90' lang='lat' dir='ltr'><strong>corpus</strong></span> <span class='ocrx_word' id='word_1_50' title='bbox 1357 670 1560 740; x_wconf 81' lang='lat' dir='ltr'><strong>utique,</strong></span> <span class='ocrx_word' id='word_1_51' title='bbox 1583 666 1739 740; x_wconf 69' lang='lat' dir='ltr'><strong>quod‘</strong></span> 
     </span>
    </p>
   </div>
   <div class='ocr_carea' id='block_1_7' title="bbox 134 758 1720 829">
    <p class='ocr_par' dir='ltr' id='par_1_7' title="bbox 134 758 1720 829">
     <span class='ocr_line' id='line_1_7' title="bbox 134 758 1720 829; baseline 0.005 -17"><span class='ocrx_word' id='word_1_52' title='bbox 134 772 215 813; x_wconf 61' lang='lat' dir='ltr'><strong>ex</strong></span> <span class='ocrx_word' id='word_1_53' title='bbox 244 758 437 813; x_wconf 83' lang='lat' dir='ltr'><strong>multis</strong></span> <span class='ocrx_word' id='word_1_54' title='bbox 481 759 805 824; x_wconf 82' lang='lat' dir='ltr'><strong>continetur,</strong></span> <span class='ocrx_word' id='word_1_55' title='bbox 854 775 963 815; x_wconf 92' lang='lat' dir='ltr'><strong>non</strong></span> <span class='ocrx_word' id='word_1_56' title='bbox 1013 769 1175 817; x_wconf 87' lang='lat' dir='ltr'><strong>esset.</strong></span> <span class='ocrx_word' id='word_1_57' title='bbox 1233 762 1369 829; x_wconf 77' lang='lat' dir='ltr'><strong>Quia</strong></span> <span class='ocrx_word' id='word_1_58' title='bbox 1387 804 1401 828; x_wconf 94' lang='lat'><strong>,</strong></span> <span class='ocrx_word' id='word_1_59' title='bbox 1454 763 1720 829; x_wconf 86' lang='lat' dir='ltr'><strong>videlicet,</strong></span> 
     </span>
    </p>
   </div>
   <div class='ocr_carea' id='block_1_8' title="bbox 131 849 1728 921">
    <p class='ocr_par' dir='ltr' id='par_1_8' title="bbox 131 849 1728 921">
     <span class='ocr_line' id='line_1_8' title="bbox 131 849 1728 921; baseline 0.006 -18"><span class='ocrx_word' id='word_1_60' title='bbox 131 849 519 921; x_wconf 73' lang='lat' dir='ltr'><strong>multipliciter</strong></span> <span class='ocrx_word' id='word_1_61' title='bbox 551 858 893 921; x_wconf 82' lang='lat' dir='ltr'><strong>compactum</strong></span> <span class='ocrx_word' id='word_1_62' title='bbox 919 866 1029 907; x_wconf 86' lang='lat' dir='ltr'><strong>non</strong></span> <span class='ocrx_word' id='word_1_63' title='bbox 1052 854 1308 910; x_wconf 79' lang='lat' dir='ltr'><strong>existeret</strong></span> <span class='ocrx_word' id='word_1_64' title='bbox 1350 854 1396 910; x_wconf 90' lang='lat' dir='ltr'><strong>si</strong></span> <span class='ocrx_word' id='word_1_65' title='bbox 1423 856 1565 911; x_wconf 88' lang='lat' dir='ltr'><strong>hanc</strong></span> <span class='ocrx_word' id='word_1_66' title='bbox 1598 870 1728 912; x_wconf 89' lang='lat' dir='ltr'><strong>con-</strong></span> 
     </span>
    </p>
   </div>
   <div class='ocr_carea' id='block_1_9' title="bbox 133 942 1721 1015">
    <p class='ocr_par' dir='ltr' id='par_1_9' title="bbox 133 942 1721 1015">
     <span class='ocr_line' id='line_1_9' title="bbox 133 942 1721 1015; baseline 0.003 -15"><span class='ocrx_word' id='word_1_67' title='bbox 133 943 395 1000; x_wconf 67' lang='grc' dir='ltr'><strong>συιιῶιωε</strong></span> <span class='ocrx_word' id='word_1_68' title='bbox 420 944 787 999; x_wconf 77' lang='lat' dir='ltr'><strong>membrorum</strong></span> <span class='ocrx_word' id='word_1_69' title='bbox 830 942 1112 1001; x_wconf 83' lang='lat' dir='ltr'><strong>diversitas</strong></span> <span class='ocrx_word' id='word_1_70' title='bbox 1155 960 1262 1001; x_wconf 89' lang='lat' dir='ltr'><strong>non</strong></span> <span class='ocrx_word' id='word_1_71' title='bbox 1310 954 1534 1003; x_wconf 89' lang='lat' dir='ltr'><strong>teneret.</strong></span> <span class='ocrx_word' id='word_1_72' title='bbox 1588 943 1721 1015; x_wconf 84' lang='lat' dir='ltr'><strong>Quia</strong></span> 
     </span>
    </p>
   </div>
   <div class='ocr_carea' id='block_1_10' title="bbox 134 1036 1724 1109">
    <p class='ocr_par' dir='ltr' id='par_1_10' title="bbox 134 1036 1724 1109">
     <span class='ocr_line' id='line_1_10' title="bbox 134 1036 1724 1109; baseline 0 -14"><span class='ocrx_word' id='word_1_73' title='bbox 134 1052 272 1109; x_wconf 72' lang='lat' dir='ltr'><strong>ergo</strong></span> <span class='ocrx_word' id='word_1_74' title='bbox 291 1038 496 1095; x_wconf 73' lang='lat' dir='ltr'><strong>sanctis</strong></span> <span class='ocrx_word' id='word_1_75' title='bbox 518 1039 777 1094; x_wconf 79' lang='lat' dir='ltr'><strong>membris</strong></span> <span class='ocrx_word' id='word_1_76' title='bbox 801 1036 1055 1095; x_wconf 71' lang='lat' dir='ltr'><strong>Ecclesia:</strong></span> <span class='ocrx_word' id='word_1_77' title='bbox 1078 1040 1338 1096; x_wconf 90' lang='lat' dir='ltr'><strong>virtutum</strong></span> <span class='ocrx_word' id='word_1_78' title='bbox 1366 1042 1503 1097; x_wconf 91' lang='lat' dir='ltr'><strong>dona</strong></span> <span class='ocrx_word' id='word_1_79' title='bbox 1537 1041 1724 1096; x_wconf 86' lang='lat' dir='ltr'><strong>Domi-</strong></span> 
     </span>
    </p>
   </div>
   <div class='ocr_carea' id='block_1_11' title="bbox 132 1126 1723 1205">
    <p class='ocr_par' dir='ltr' id='par_1_11' title="bbox 132 1126 1723 1205">
     <span class='ocr_line' id='line_1_11' title="bbox 132 1126 1723 1205; baseline 0.003 -23"><span class='ocrx_word' id='word_1_80' title='bbox 132 1142 247 1182; x_wconf 82' lang='lat' dir='ltr'><strong>nus</strong></span> <span class='ocrx_word' id='word_1_81' title='bbox 270 1126 483 1192; x_wconf 67' lang='lat' dir='ltr'><strong>dividit,</strong></span> <span class='ocrx_word' id='word_1_82' title='bbox 522 1136 962 1198; x_wconf 51' lang='lat' dir='ltr'><strong>tanquam&#39;terrie</strong></span> <span class='ocrx_word' id='word_1_83' title='bbox 992 1145 1273 1187; x_wconf 90' lang='lat' dir='ltr'><strong>mensuras</strong></span> <span class='ocrx_word' id='word_1_84' title='bbox 1310 1133 1480 1205; x_wconf 90' lang='lat' dir='ltr'><strong>ponit.</strong></span> <span class='ocrx_word' id='word_1_85' title='bbox 1507 1131 1723 1187; x_wconf 85' lang='lat' dir='ltr'><strong>Etcum</strong></span> 
     </span>
    </p>
   </div>
   <div class='ocr_carea' id='block_1_12' title="bbox 131 1217 1735 1288">
    <p class='ocr_par' dir='ltr' id='par_1_12' title="bbox 131 1217 1735 1288">
     <span class='ocr_line' id='line_1_12' title="bbox 131 1217 1735 1288; baseline 0.003 -15"><span class='ocrx_word' id='word_1_86' title='bbox 131 1232 289 1273; x_wconf 65' lang='lat' dir='ltr'><strong>Imus»</strong></span> <span class='ocrx_word' id='word_1_87' title='bbox 307 1217 475 1274; x_wconf 54' lang='lat' dir='ltr'><strong>alteri!</strong></span> <span class='ocrx_word' id='word_1_88' title='bbox 493 1219 721 1288; x_wconf 62' lang='lat' dir='ltr'><strong>gratiam</strong></span> <span class='ocrx_word' id='word_1_89' title='bbox 750 1235 789 1275; x_wconf 12' lang='lat' dir='ltr'><strong>ac</strong></span> <span class='ocrx_word' id='word_1_90' title='bbox 808 1220 1034 1276; x_wconf 86' lang='lat' dir='ltr'><strong>Domino</strong></span> <span class='ocrx_word' id='word_1_91' title='bbox 1060 1221 1241 1277; x_wconf 76' lang='lat' dir='ltr'><strong>datam</strong></span> <span class='ocrx_word' id='word_1_92' title='bbox 1272 1222 1479 1288; x_wconf 87' lang='lat' dir='ltr'><strong>invidit,</strong></span> <span class='ocrx_word' id='word_1_93' title='bbox 1513 1230 1571 1278; x_wconf 86' lang='lat' dir='ltr'><strong>et</strong></span> <span class='ocrx_word' id='word_1_94' title='bbox 1601 1232 1735 1278; x_wconf 88' lang='lat' dir='ltr'><strong>eam‘</strong></span> 
     </span>
    </p>
   </div>
   <div class='ocr_carea' id='block_1_13' title="bbox 128 1308 1724 1376">
    <p class='ocr_par' dir='ltr' id='par_1_13' title="bbox 128 1308 1724 1376">
     <span class='ocr_line' id='line_1_13' title="bbox 128 1308 1724 1376; baseline 0.003 -13"><span class='ocrx_word' id='word_1_95' title='bbox 128 1308 361 1363; x_wconf 64' lang='lat' dir='ltr'><strong>nomini</strong></span> <span class='ocrx_word' id='word_1_96' title='bbox 393 1318 493 1364; x_wconf 63' lang='lat' dir='ltr'><strong>uo</strong></span> <span class='ocrx_word' id='word_1_97' title='bbox 531 1308 803 1364; x_wconf 74' lang='lat' dir='ltr'><strong>ascribere</strong></span> <span class='ocrx_word' id='word_1_98' title='bbox 848 1309 997 1376; x_wconf 80' lang='lat' dir='ltr'><strong>velit,</strong></span> <span class='ocrx_word' id='word_1_99' title='bbox 1037 1310 1273 1367; x_wconf 87' lang='lat' dir='ltr'><strong>alterius</strong></span> <span class='ocrx_word' id='word_1_100' title='bbox 1301 1309 1537 1369; x_wconf 70' lang='lat' dir='ltr'><strong>limitem‘</strong></span> <span class='ocrx_word' id='word_1_101' title='bbox 1573 1321 1724 1368; x_wconf 75' lang='lat' dir='ltr'><strong>tran-</strong></span> 
     </span>
    </p>
   </div>
   <div class='ocr_carea' id='block_1_14' title="bbox 128 1399 1735 1464">
    <p class='ocr_par' dir='ltr' id='par_1_14' title="bbox 128 1399 1735 1464">
     <span class='ocr_line' id='line_1_14' title="bbox 128 1399 1735 1464; baseline 0.004 -7"><span class='ocrx_word' id='word_1_102' title='bbox 128 1400 381 1457; x_wconf 65' lang='lat' dir='ltr'><strong>mandit...</strong></span> <span class='ocrx_word' id='word_1_103' title='bbox 414 1399 599 1455; x_wconf 84' lang='lat' dir='ltr'><strong>Limes</strong></span> <span class='ocrx_word' id='word_1_104' title='bbox 637 1402 781 1456; x_wconf 87' lang='lat' dir='ltr'><strong>enim</strong></span> <span class='ocrx_word' id='word_1_105' title='bbox 813 1415 846 1456; x_wconf 92' lang='lat' dir='ltr'><strong>a</strong></span> <span class='ocrx_word' id='word_1_106' title='bbox 871 1400 1235 1460; x_wconf 34' lang='lat' dir='ltr'><strong>discernendo‘</strong></span> <span class='ocrx_word' id='word_1_107' title='bbox 1262 1404 1487 1460; x_wconf 82' lang='lat' dir='ltr'><strong>limitem</strong></span> <span class='ocrx_word' id='word_1_108' title='bbox 1527 1421 1735 1464; x_wconf 80' lang='lat' dir='ltr'><strong>nomen</strong></span> 
     </span>
    </p>
   </div>
   <div class='ocr_carea' id='block_1_15' title="bbox 128 1491 1725 1563">
    <p class='ocr_par' dir='ltr' id='par_1_15' title="bbox 128 1491 1725 1563">
     <span class='ocr_line' id='line_1_15' title="bbox 128 1491 1725 1563; baseline 0.006 -16"><span class='ocrx_word' id='word_1_109' title='bbox 128 1493 367 1563; x_wconf 79' lang='lat' dir='ltr'><strong>accepit.</strong></span> <span class='ocrx_word' id='word_1_110' title='bbox 397 1491 501 1560; x_wconf 75' lang='lat' dir='ltr'><strong>Qui</strong></span> <span class='ocrx_word' id='word_1_111' title='bbox 528 1494 725 1562; x_wconf 65' lang='lat' dir='ltr'><strong>gratias</strong></span> <span class='ocrx_word' id='word_1_112' title='bbox 750 1509 861 1549; x_wconf 75' lang='lat' dir='ltr'><strong>suae</strong></span> <span class='ocrx_word' id='word_1_113' title='bbox 900 1510 1164 1552; x_wconf 71' lang='lat' dir='ltr'><strong>mensum</strong></span> <span class='ocrx_word' id='word_1_114' title='bbox 1192 1497 1417 1553; x_wconf 86' lang='lat' dir='ltr'><strong>limitem</strong></span> <span class='ocrx_word' id='word_1_115' title='bbox 1446 1506 1725 1556; x_wconf 52' lang='lat' dir='ltr'><strong>transcen¢</strong></span> 
     </span>
    </p>
   </div>
   <div class='ocr_carea' id='block_1_16' title="bbox 128 1585 1585 1661">
    <p class='ocr_par' dir='ltr' id='par_1_16' title="bbox 128 1585 1585 1661">
     <span class='ocr_line' id='line_1_16' title="bbox 128 1585 1585 1661; baseline 0.004 -21"><span class='ocrx_word' id='word_1_116' title='bbox 128 1585 233 1653; x_wconf 73' lang='lat' dir='ltr'><strong>dit;</strong></span> <span class='ocrx_word' id='word_1_117' title='bbox 262 1586 460 1641; x_wconf 83' lang='lat' dir='ltr'><strong>cadere</strong></span> <span class='ocrx_word' id='word_1_118' title='bbox 486 1586 629 1652; x_wconf 48' lang='lat' dir='ltr'><strong>mit;</strong></span> <span class='ocrx_word' id='word_1_119' title='bbox 648 1587 774 1656; x_wconf 84' lang='lat' dir='ltr'><strong>quia</strong></span> <span class='ocrx_word' id='word_1_120' title='bbox 801 1589 855 1642; x_wconf 89' lang='lat' dir='ltr'><strong>in</strong></span> <span class='ocrx_word' id='word_1_121' title='bbox 879 1589 1174 1659; x_wconf 67' lang='lat' dir='ltr'><strong>praecipitio</strong></span> <span class='ocrx_word' id='word_1_122' title='bbox 1197 1591 1389 1659; x_wconf 84' lang='lat' dir='ltr'><strong>pedem</strong></span> <span class='ocrx_word' id='word_1_123' title='bbox 1416 1591 1585 1661; x_wconf 81' lang='lat' dir='ltr'><strong>ponit.</strong></span> 
     </span>
    </p>
   </div>
   <div class='ocr_carea' id='block_1_17' title="bbox 156 1679 1714 1755">
    <p class='ocr_par' dir='ltr' id='par_1_17' title="bbox 156 1679 1714 1755">
     <span class='ocr_line' id='line_1_17' title="bbox 156 1679 1714 1755; baseline 0.003 -19"><span class='ocrx_word' id='word_1_124' title='bbox 156 1718 165 1726; x_wconf 74' lang='lat'><strong>.</strong></span> <span class='ocrx_word' id='word_1_125' title='bbox 202 1679 493 1737; x_wconf 59' lang='lat' dir='ltr'><strong>LXXXIV.</strong></span> <span class='ocrx_word' id='word_1_126' title='bbox 554 1679 1000 1753; x_wconf 73' lang='lat' dir='ltr'><strong>Unumquemque</strong></span> <span class='ocrx_word' id='word_1_127' title='bbox 1049 1696 1178 1753; x_wconf 84' lang='lat' dir='ltr'><strong>ergo</strong></span> <span class='ocrx_word' id='word_1_128' title='bbox 1231 1684 1491 1755; x_wconf 86' lang='lat' dir='ltr'><strong>reprimat</strong></span> <span class='ocrx_word' id='word_1_129' title='bbox 1537 1692 1714 1742; x_wconf 88' lang='lat' dir='ltr'><strong>metus</strong></span> 
     </span>
    </p>
   </div>
   <div class='ocr_carea' id='block_1_18' title="bbox 1826 672 3399 754">
    <p class='ocr_par' dir='ltr' id='par_1_18' title="bbox 1826 672 3399 754">
     <span class='ocr_line' id='line_1_18' title="bbox 1826 672 3399 754; baseline 0.013 -32"><span class='ocrx_word' id='word_1_130' title='bbox 1826 679 1924 739; x_wconf 87' lang='lat' dir='ltr'><strong>per</strong></span> <span class='ocrx_word' id='word_1_131' title='bbox 1971 672 2217 728; x_wconf 85' lang='lat' dir='ltr'><strong>sanitatis</strong></span> <span class='ocrx_word' id='word_1_132' title='bbox 2249 675 2478 745; x_wconf 76' lang='lat' dir='ltr'><strong>gratiam</strong></span> <span class='ocrx_word' id='word_1_133' title='bbox 2518 677 2856 737; x_wconf 81' lang='lat' dir='ltr'><strong>inﬁrmitates</strong></span> <span class='ocrx_word' id='word_1_134' title='bbox 2902 697 3185 754; x_wconf 87' lang='lat' dir='ltr'><strong>corporum</strong></span> <span class='ocrx_word' id='word_1_135' title='bbox 3223 694 3399 742; x_wconf 88' lang='lat' dir='ltr'><strong>curat.</strong></span> 
     </span>
    </p>
   </div>
   <div class='ocr_carea' id='block_1_19' title="bbox 1826 754 3402 839">
    <p class='ocr_par' dir='ltr' id='par_1_19' title="bbox 1826 754 3402 839">
     <span class='ocr_line' id='line_1_19' title="bbox 1826 754 3402 839; baseline 0.013 -27"><span class='ocrx_word' id='word_1_136' title='bbox 1826 754 1921 812; x_wconf 86' lang='lat' dir='ltr'><strong>l&#39;ile</strong></span> <span class='ocrx_word' id='word_1_137' title='bbox 1968 758 2230 820; x_wconf 81' lang='lat' dir='ltr'><strong>orationis</strong></span> <span class='ocrx_word' id='word_1_138' title='bbox 2277 774 2377 834; x_wconf 80' lang='lat' dir='ltr'><strong>ope</strong></span> <span class='ocrx_word' id='word_1_139' title='bbox 2435 768 2653 824; x_wconf 79' lang='lat' dir='ltr'><strong>morbos</strong></span> <span class='ocrx_word' id='word_1_140' title='bbox 2698 770 3006 839; x_wconf 79' lang='lat' dir='ltr'><strong>subtrahit,</strong></span> <span class='ocrx_word' id='word_1_141' title='bbox 3055 790 3157 832; x_wconf 88' lang='lat' dir='ltr'><strong>nec</strong></span> <span class='ocrx_word' id='word_1_142' title='bbox 3220 784 3402 833; x_wconf 90' lang='lat' dir='ltr'><strong>tamen</strong></span> 
     </span>
    </p>
   </div>
   <div class='ocr_carea' id='block_1_20' title="bbox 1825 850 3417 933">
    <p class='ocr_par' dir='ltr' id='par_1_20' title="bbox 1825 850 3417 933">
     <span class='ocr_line' id='line_1_20' title="bbox 1825 850 3417 933; baseline 0.01 -30"><span class='ocrx_word' id='word_1_143' title='bbox 1825 850 1992 906; x_wconf 88' lang='lat' dir='ltr'><strong>verbo</strong></span> <span class='ocrx_word' id='word_1_144' title='bbox 2022 853 2232 922; x_wconf 90' lang='lat' dir='ltr'><strong>pluvias</strong></span> <span class='ocrx_word' id='word_1_145' title='bbox 2273 856 2467 913; x_wconf 87' lang='lat' dir='ltr'><strong>reddit.</strong></span> <span class='ocrx_word' id='word_1_146' title='bbox 2522 858 2630 915; x_wconf 87' lang='lat' dir='ltr'><strong>Iste</strong></span> <span class='ocrx_word' id='word_1_147' title='bbox 2673 863 2985 933; x_wconf 85' lang='lat' dir='ltr'><strong>operatione</strong></span> <span class='ocrx_word' id='word_1_148' title='bbox 3027 866 3285 922; x_wconf 86' lang='lat' dir='ltr'><strong>virtutum</strong></span> <span class='ocrx_word' id='word_1_149' title='bbox 3333 866 3417 923; x_wconf 90' lang='lat' dir='ltr'><strong>ad.</strong></span> 
     </span>
    </p>
   </div>
   <div class='ocr_carea' id='block_1_21' title="bbox 1826 944 3517 1022">
    <p class='ocr_par' dir='ltr' id='par_1_21' title="bbox 1826 944 3517 1022">
     <span class='ocr_line' id='line_1_21' title="bbox 1826 944 3517 1022; baseline 0.012 -27"><span class='ocrx_word' id='word_1_150' title='bbox 1826 950 2147 1011; x_wconf 62' lang='lat' dir='ltr'><strong>praesentem</strong></span> <span class='ocrx_word' id='word_1_151' title='bbox 2176 944 2343 1001; x_wconf 80' lang='lat' dir='ltr'><strong>vitam</strong></span> <span class='ocrx_word' id='word_1_152' title='bbox 2372 948 2535 1003; x_wconf 85' lang='lat' dir='ltr'><strong>etiam</strong></span> <span class='ocrx_word' id='word_1_153' title='bbox 2570 959 2825 1008; x_wconf 78' lang='lat' dir='ltr'><strong>mortuos</strong></span> <span class='ocrx_word' id='word_1_154' title='bbox 2852 964 3087 1022; x_wconf 81' lang='lat' dir='ltr'><strong>revocat,</strong></span> <span class='ocrx_word' id='word_1_155' title='bbox 3124 963 3180 1012; x_wconf 94' lang='lat' dir='ltr'><strong>et</strong></span> <span class='ocrx_word' id='word_1_156' title='bbox 3223 965 3405 1015; x_wconf 87' lang='lat' dir='ltr'><strong>tamen</strong></span> <span class='ocrx_word' id='word_1_157' title='bbox 3504 1006 3517 1015; x_wconf 90' lang='lat'><strong>.</strong></span> 
     </span>
    </p>
   </div>
   <div class='ocr_carea' id='block_1_22' title="bbox 1825 1033 3404 1116">
    <p class='ocr_par' dir='ltr' id='par_1_22' title="bbox 1825 1033 3404 1116">
     <span class='ocr_line' id='line_1_22' title="bbox 1825 1033 3404 1116; baseline 0.013 -33"><span class='ocrx_word' id='word_1_158' title='bbox 1825 1033 2120 1116; x_wconf 70' lang='lat' dir='ltr'><strong>prepbetite</strong></span> <span class='ocrx_word' id='word_1_159' title='bbox 2171 1036 2399 1105; x_wconf 78' lang='lat' dir='ltr'><strong>gratiam</strong></span> <span class='ocrx_word' id='word_1_160' title='bbox 2441 1054 2548 1094; x_wconf 93' lang='lat' dir='ltr'><strong>non</strong></span> <span class='ocrx_word' id='word_1_161' title='bbox 2597 1041 2832 1107; x_wconf 87' lang='lat' dir='ltr'><strong>habens,</strong></span> <span class='ocrx_word' id='word_1_162' title='bbox 2867 1058 2988 1114; x_wconf 74' lang='lat' dir='ltr'><strong>quae</strong></span> <span class='ocrx_word' id='word_1_163' title='bbox 3022 1054 3247 1102; x_wconf 86' lang='lat' dir='ltr'><strong>ventura</strong></span> <span class='ocrx_word' id='word_1_164' title='bbox 3277 1052 3404 1103; x_wconf 86' lang='lat' dir='ltr'><strong>sunt</strong></span> 
     </span>
    </p>
   </div>
   <div class='ocr_carea' id='block_1_23' title="bbox 1826 1122 3404 1205">
    <p class='ocr_par' dir='ltr' id='par_1_23' title="bbox 1826 1122 3404 1205">
     <span class='ocr_line' id='line_1_23' title="bbox 1826 1122 3404 1205; baseline 0.011 -28"><span class='ocrx_word' id='word_1_165' title='bbox 1826 1122 2056 1194; x_wconf 82' lang='lat' dir='ltr'><strong>ignorat.</strong></span> <span class='ocrx_word' id='word_1_166' title='bbox 2084 1124 2174 1182; x_wconf 88' lang='lat' dir='ltr'><strong>Ille</strong></span> <span class='ocrx_word' id='word_1_167' title='bbox 2207 1136 2429 1184; x_wconf 90' lang='lat' dir='ltr'><strong>ventura</strong></span> <span class='ocrx_word' id='word_1_168' title='bbox 2457 1147 2683 1203; x_wconf 79' lang='lat' dir='ltr'><strong>quaeque</strong></span> <span class='ocrx_word' id='word_1_169' title='bbox 2720 1135 2866 1189; x_wconf 91' lang='lat' dir='ltr'><strong>velut</strong></span> <span class='ocrx_word' id='word_1_170' title='bbox 2902 1137 3189 1205; x_wconf 73' lang='lat' dir='ltr'><strong>prmsentia</strong></span> <span class='ocrx_word' id='word_1_171' title='bbox 3231 1146 3404 1195; x_wconf 84' lang='lat' dir='ltr'><strong>atten-</strong></span> 
     </span>
    </p>
   </div>
   <div class='ocr_carea' id='block_1_24' title="bbox 1826 1214 3403 1298">
    <p class='ocr_par' dir='ltr' id='par_1_24' title="bbox 1826 1214 3403 1298">
     <span class='ocr_line' id='line_1_24' title="bbox 1826 1214 3403 1298; baseline 0.011 -28"><span class='ocrx_word' id='word_1_172' title='bbox 1826 1214 1924 1281; x_wconf 87' lang='lat' dir='ltr'><strong>dit,</strong></span> <span class='ocrx_word' id='word_1_173' title='bbox 1953 1225 2017 1272; x_wconf 67' lang='lat' dir='ltr'><strong>et‘</strong></span> <span class='ocrx_word' id='word_1_174' title='bbox 2035 1223 2215 1275; x_wconf 84' lang='lat' dir='ltr'><strong>tamen</strong></span> <span class='ocrx_word' id='word_1_175' title='bbox 2250 1220 2306 1275; x_wconf 81' lang='lat' dir='ltr'><strong>in</strong></span> <span class='ocrx_word' id='word_1_176' title='bbox 2339 1222 2486 1276; x_wconf 91' lang='lat' dir='ltr'><strong>nulla</strong></span> <span class='ocrx_word' id='word_1_177' title='bbox 2533 1224 2807 1296; x_wconf 88' lang='lat' dir='ltr'><strong>signorum</strong></span> <span class='ocrx_word' id='word_1_178' title='bbox 2845 1224 3159 1298; x_wconf 81' lang='lat' dir='ltr'><strong>operatione</strong></span> <span class='ocrx_word' id='word_1_179' title='bbox 3202 1245 3261 1286; x_wconf 88' lang='lat' dir='ltr'><strong>se</strong></span> <span class='ocrx_word' id='word_1_180' title='bbox 3308 1246 3403 1287; x_wconf 77' lang='lat' dir='ltr'><strong>ex-</strong></span> 
     </span>
    </p>
   </div>
   <div class='ocr_carea' id='block_1_25' title="bbox 1825 1310 3403 1391">
    <p class='ocr_par' dir='ltr' id='par_1_25' title="bbox 1825 1310 3403 1391">
     <span class='ocr_line' id='line_1_25' title="bbox 1825 1310 3403 1391; baseline 0.011 -27"><span class='ocrx_word' id='word_1_181' title='bbox 1825 1310 1975 1365; x_wconf 77' lang='lat' dir='ltr'><strong>serit.</strong></span> <span class='ocrx_word' id='word_1_182' title='bbox 2022 1311 2128 1368; x_wconf 85' lang='lat' dir='ltr'><strong>Iste</strong></span> <span class='ocrx_word' id='word_1_183' title='bbox 2151 1326 2247 1383; x_wconf 88' lang='lat' dir='ltr'><strong>per</strong></span> <span class='ocrx_word' id='word_1_184' title='bbox 2272 1312 2650 1374; x_wconf 87' lang='lat' dir='ltr'><strong>discretionem</strong></span> <span class='ocrx_word' id='word_1_185' title='bbox 2692 1321 2976 1391; x_wconf 89' lang='lat' dir='ltr'><strong>spirituum</strong></span> <span class='ocrx_word' id='word_1_186' title='bbox 3004 1322 3059 1377; x_wconf 93' lang='lat' dir='ltr'><strong>in</strong></span> <span class='ocrx_word' id='word_1_187' title='bbox 3083 1321 3245 1380; x_wconf 88' lang='lat' dir='ltr'><strong>factis</strong></span> <span class='ocrx_word' id='word_1_188' title='bbox 3276 1327 3403 1383; x_wconf 91' lang='lat' dir='ltr'><strong>sub-</strong></span> 
     </span>
    </p>
   </div>
   <div class='ocr_carea' id='block_1_26' title="bbox 1825 1395 3405 1487">
    <p class='ocr_par' dir='ltr' id='par_1_26' title="bbox 1825 1395 3405 1487">
     <span class='ocr_line' id='line_1_26' title="bbox 1825 1395 3405 1487; baseline 0.011 -33"><span class='ocrx_word' id='word_1_189' title='bbox 1825 1395 2231 1459; x_wconf 79' lang='lat' dir='ltr'><strong>tiliter&#39;mentes</strong></span> <span class='ocrx_word' id='word_1_190' title='bbox 2258 1402 2541 1484; x_wconf 77' lang='lat' dir='ltr'><strong>conspicit.</strong></span> <span class='ocrx_word' id='word_1_191' title='bbox 2588 1404 2685 1464; x_wconf 88' lang='lat' dir='ltr'><strong>Ille</strong></span> <span class='ocrx_word' id='word_1_192' title='bbox 2728 1411 2924 1467; x_wconf 81' lang='lat' dir='ltr'><strong>diversi</strong></span> <span class='ocrx_word' id='word_1_193' title='bbox 2953 1413 3166 1481; x_wconf 79' lang='lat' dir='ltr'><strong>generis</strong></span> <span class='ocrx_word' id='word_1_194' title='bbox 3192 1413 3405 1487; x_wconf 85' lang='lat' dir='ltr'><strong>linguas</strong></span> 
     </span>
    </p>
   </div>
   <div class='ocr_carea' id='block_1_27' title="bbox 1824 1486 3404 1564">
    <p class='ocr_par' dir='ltr' id='par_1_27' title="bbox 1824 1486 3404 1564">
     <span class='ocr_line' id='line_1_27' title="bbox 1824 1486 3404 1564; baseline 0.009 -15"><span class='ocrx_word' id='word_1_195' title='bbox 1824 1486 2126 1561; x_wconf 72' lang='lat' dir='ltr'><strong>examinat,</strong></span> <span class='ocrx_word' id='word_1_196' title='bbox 2160 1496 2265 1553; x_wconf 86' lang='lat' dir='ltr'><strong>sed</strong></span> <span class='ocrx_word' id='word_1_197' title='bbox 2283 1505 2463 1553; x_wconf 87' lang='lat' dir='ltr'><strong>tamen</strong></span> <span class='ocrx_word' id='word_1_198' title='bbox 2509 1500 2564 1554; x_wconf 91' lang='lat' dir='ltr'><strong>in</strong></span> <span class='ocrx_word' id='word_1_199' title='bbox 2612 1502 2775 1558; x_wconf 86' lang='lat' dir='ltr'><strong>rebus</strong></span> <span class='ocrx_word' id='word_1_200' title='bbox 2820 1504 3086 1561; x_wconf 79' lang='lat' dir='ltr'><strong>similibus</strong></span> <span class='ocrx_word' id='word_1_201' title='bbox 3124 1486 3404 1564; x_wconf 86' lang='lat' dir='ltr'><strong>dissimilia</strong></span> 
     </span>
    </p>
   </div>
   <div class='ocr_carea' id='block_1_28' title="bbox 1824 1589 3417 1669">
    <p class='ocr_par' dir='ltr' id='par_1_28' title="bbox 1824 1589 3417 1669">
     <span class='ocr_line' id='line_1_28' title="bbox 1824 1589 3417 1669; baseline 0.01 -28"><span class='ocrx_word' id='word_1_202' title='bbox 1824 1589 1987 1642; x_wconf 88' lang='lat' dir='ltr'><strong>corda</strong></span> <span class='ocrx_word' id='word_1_203' title='bbox 2020 1602 2127 1644; x_wconf 89' lang='lat' dir='ltr'><strong>non</strong></span> <span class='ocrx_word' id='word_1_204' title='bbox 2164 1597 2372 1661; x_wconf 82' lang='lat' dir='ltr'><strong>pensat.</strong></span> <span class='ocrx_word' id='word_1_205' title='bbox 2400 1590 2551 1648; x_wconf 83' lang='lat' dir='ltr'><strong>Alius</strong></span> <span class='ocrx_word' id='word_1_206' title='bbox 2581 1593 2635 1648; x_wconf 90' lang='lat' dir='ltr'><strong>in</strong></span> <span class='ocrx_word' id='word_1_207' title='bbox 2663 1611 2771 1650; x_wconf 88' lang='lat' dir='ltr'><strong>una</strong></span> <span class='ocrx_word' id='word_1_208' title='bbox 2810 1596 3011 1669; x_wconf 83' lang='lat' dir='ltr'><strong>lingua,</strong></span> <span class='ocrx_word' id='word_1_209' title='bbox 3047 1613 3206 1668; x_wconf 89' lang='lat' dir='ltr'><strong>quam</strong></span> <span class='ocrx_word' id='word_1_210' title='bbox 3234 1600 3417 1667; x_wconf 79' lang='lat' dir='ltr'><strong>novit,.</strong></span> 
     </span>
    </p>
   </div>
   <div class='ocr_carea' id='block_1_29' title="bbox 1823 1684 3417 1761">
    <p class='ocr_par' dir='ltr' id='par_1_29' title="bbox 1823 1684 3417 1761">
     <span class='ocr_line' id='line_1_29' title="bbox 1823 1684 3417 1761; baseline 0.006 -25"><span class='ocrx_word' id='word_1_211' title='bbox 1823 1692 2129 1737; x_wconf 80' lang='lat' dir='ltr'><strong>sermonum</strong></span> <span class='ocrx_word' id='word_1_212' title='bbox 2153 1684 2388 1753; x_wconf 91' lang='lat' dir='ltr'><strong>pondera</strong></span> <span class='ocrx_word' id='word_1_213' title='bbox 2410 1685 2810 1756; x_wconf 87' lang='lat' dir='ltr'><strong>interpretando</strong></span> <span class='ocrx_word' id='word_1_214' title='bbox 2838 1690 3134 1761; x_wconf 80' lang='lat' dir='ltr'><strong>prudenter</strong></span> <span class='ocrx_word' id='word_1_215' title='bbox 3163 1692 3417 1758; x_wconf 79' lang='lat' dir='ltr'><strong>discutit,.</strong></span> 
     </span>
    </p>
   </div>
   <div class='ocr_carea' id='block_1_30' title="bbox 129 1774 3411 1858">
    <p class='ocr_par' dir='ltr' id='par_1_30' title="bbox 129 1774 3411 1858">
     <span class='ocr_line' id='line_1_30' title="bbox 129 1774 3411 1858; baseline 0.006 -36"><span class='ocrx_word' id='word_1_216' title='bbox 129 1774 419 1831; x_wconf 63' lang='lat' dir='ltr'><strong>mea;</strong></span> <span class='ocrx_word' id='word_1_217' title='bbox 454 1775 662 1841; x_wconf 64' lang='lat' dir='ltr'><strong>mium,</strong></span> <span class='ocrx_word' id='word_1_218' title='bbox 708 1777 800 1846; x_wconf 82' lang='lat' dir='ltr'><strong>qui</strong></span> <span class='ocrx_word' id='word_1_219' title='bbox 838 1777 963 1832; x_wconf 75' lang='lat' dir='ltr'><strong>dum</strong></span> <span class='ocrx_word' id='word_1_220' title='bbox 1004 1793 1169 1849; x_wconf 82' lang='lat' dir='ltr'><strong>super</strong></span> <span class='ocrx_word' id='word_1_221' title='bbox 1196 1777 1359 1834; x_wconf 79' lang='lat' dir='ltr'><strong>voluit</strong></span> <span class='ocrx_word' id='word_1_222' title='bbox 1395 1794 1516 1836; x_wconf 78' lang='lat' dir='ltr'><strong>esse</strong></span> <span class='ocrx_word' id='word_1_223' title='bbox 1558 1794 1720 1850; x_wconf 83' lang='lat' dir='ltr'><strong>quam</strong></span> <span class='ocrx_word' id='word_1_224' title='bbox 1825 1781 1880 1829; x_wconf 82' lang='lat' dir='ltr'><strong>et</strong></span> <span class='ocrx_word' id='word_1_225' title='bbox 1929 1784 2110 1831; x_wconf 88' lang='lat' dir='ltr'><strong>tamen</strong></span> <span class='ocrx_word' id='word_1_226' title='bbox 2153 1777 2309 1833; x_wconf 88' lang='lat' dir='ltr'><strong>bonis</strong></span> <span class='ocrx_word' id='word_1_227' title='bbox 2356 1778 2578 1852; x_wconf 86' lang='lat' dir='ltr'><strong>reliquis</strong></span> <span class='ocrx_word' id='word_1_228' title='bbox 2608 1797 2728 1852; x_wconf 70' lang='lat' dir='ltr'><strong>qua:</strong></span> <span class='ocrx_word' id='word_1_229' title='bbox 2776 1774 2903 1845; x_wconf 61' lang='lat' dir='ltr'><strong>non~</strong></span> <span class='ocrx_word' id='word_1_230' title='bbox 2933 1785 3094 1842; x_wconf 86' lang='lat' dir='ltr'><strong>habet</strong></span> <span class='ocrx_word' id='word_1_231' title='bbox 3137 1786 3411 1858; x_wconf 75' lang='lat' dir='ltr'><strong>patienter</strong></span> 
     </span>
    </p>
   </div>
   <div class='ocr_carea' id='block_1_31' title="bbox 128 1858 2903 1940">
    <p class='ocr_par' dir='ltr' id='par_1_31' title="bbox 128 1858 2903 1940">
     <span class='ocr_line' id='line_1_31' title="bbox 128 1858 2903 1940; baseline 0 -18"><span class='ocrx_word' id='word_1_232' title='bbox 128 1867 281 1937; x_wconf 65' lang='lat' dir='ltr'><strong>mind</strong></span> <span class='ocrx_word' id='word_1_233' title='bbox 320 1875 456 1932; x_wconf 86' lang='lat' dir='ltr'><strong>erat,</strong></span> <span class='ocrx_word' id='word_1_234' title='bbox 488 1876 543 1923; x_wconf 90' lang='lat' dir='ltr'><strong>et</strong></span> <span class='ocrx_word' id='word_1_235' title='bbox 586 1868 767 1939; x_wconf 88' lang='lat' dir='ltr'><strong>ipsum</strong></span> <span class='ocrx_word' id='word_1_236' title='bbox 788 1868 934 1939; x_wconf 90' lang='lat' dir='ltr'><strong>quod</strong></span> <span class='ocrx_word' id='word_1_237' title='bbox 968 1876 1086 1924; x_wconf 89' lang='lat' dir='ltr'><strong>erat</strong></span> <span class='ocrx_word' id='word_1_238' title='bbox 1122 1866 1374 1940; x_wconf 85' lang='lat' dir='ltr'><strong>perdidit,</strong></span> <span class='ocrx_word' id='word_1_239' title='bbox 1421 1869 1569 1926; x_wconf 82' lang='lat' dir='ltr'><strong>et-de</strong></span> <span class='ocrx_word' id='word_1_240' title='bbox 1613 1869 1722 1927; x_wconf 89' lang='lat' dir='ltr'><strong>aito</strong></span> <span class='ocrx_word' id='word_1_241' title='bbox 1751 1858 1805 1923; x_wconf 81' lang='grc' dir='ltr'><strong>Β</strong></span> <span class='ocrx_word' id='word_1_242' title='bbox 1826 1876 1996 1923; x_wconf 81' lang='lat' dir='ltr'><strong>caret.</strong></span> <span class='ocrx_word' id='word_1_243' title='bbox 2898 1866 2903 1871; x_wconf 76' lang='grc'><strong>⁷</strong></span> 
     </span>
    </p>
   </div>
   <div class='ocr_carea' id='block_1_32' title="bbox 126 1955 1376 2030">
    <p class='ocr_par' dir='ltr' id='par_1_32' title="bbox 126 1955 1376 2030">
     <span class='ocr_line' id='line_1_32' title="bbox 126 1955 1376 2030; baseline 0.001 -19"><span class='ocrx_word' id='word_1_244' title='bbox 126 1957 509 2029; x_wconf 72' lang='lat' dir='ltr'><strong>pmipitatns</strong></span> <span class='ocrx_word' id='word_1_245' title='bbox 532 1955 784 2027; x_wconf 72' lang='lat' dir='ltr'><strong>profundi</strong></span> <span class='ocrx_word' id='word_1_246' title='bbox 816 1957 1027 2013; x_wconf 75' lang='lat' dir='ltr'><strong>inferna</strong></span> <span class='ocrx_word' id='word_1_247' title='bbox 1060 1959 1376 2030; x_wconf 83' lang='lat' dir='ltr'><strong>promeruit.</strong></span> 
     </span>
    </p>
   </div>
   <div class='ocr_carea' id='block_1_33' title="bbox 204 2047 1735 2122">
    <p class='ocr_par' dir='ltr' id='par_1_33' title="bbox 204 2047 1735 2122">
     <span class='ocr_line' id='line_1_33' title="bbox 204 2047 1735 2122; baseline 0.003 -18"><span class='ocrx_word' id='word_1_248' title='bbox 204 2047 472 2105; x_wconf 73' lang='lat' dir='ltr'><strong>LXXXV.</strong></span> <span class='ocrx_word' id='word_1_249' title='bbox 515 2048 907 2120; x_wconf 80' lang='lat' dir='ltr'><strong>Unusquisque</strong></span> <span class='ocrx_word' id='word_1_250' title='bbox 939 2064 1068 2122; x_wconf 88' lang='lat' dir='ltr'><strong>ergo</strong></span> <span class='ocrx_word' id='word_1_251' title='bbox 1112 2060 1370 2121; x_wconf 88' lang='lat' dir='ltr'><strong>tanquam</strong></span> <span class='ocrx_word' id='word_1_252' title='bbox 1417 2053 1735 2108; x_wconf 63' lang='lat' dir='ltr'><strong>membrum:</strong></span> 
     </span>
    </p>
   </div>
   <div class='ocr_carea' id='block_1_34' title="bbox 128 2139 1735 2209">
    <p class='ocr_par' dir='ltr' id='par_1_34' title="bbox 128 2139 1735 2209">
     <span class='ocr_line' id='line_1_34' title="bbox 128 2139 1735 2209; baseline 0.002 -14"><span class='ocrx_word' id='word_1_253' title='bbox 128 2139 387 2209; x_wconf 73' lang='lat' dir='ltr'><strong>mrporis</strong></span> <span class='ocrx_word' id='word_1_254' title='bbox 415 2154 723 2195; x_wconf 68' lang='lat' dir='ltr'><strong>menmium</strong></span> <span class='ocrx_word' id='word_1_255' title='bbox 747 2155 901 2197; x_wconf 85' lang='lat' dir='ltr'><strong>suam</strong></span> <span class='ocrx_word' id='word_1_256' title='bbox 921 2143 1184 2198; x_wconf 76' lang='lat' dir='ltr'><strong>excedere</strong></span> <span class='ocrx_word' id='word_1_257' title='bbox 1210 2157 1318 2198; x_wconf 91' lang='lat' dir='ltr'><strong>non</strong></span> <span class='ocrx_word' id='word_1_258' title='bbox 1354 2143 1531 2199; x_wconf 88' lang='lat' dir='ltr'><strong>debet.</strong></span> <span class='ocrx_word' id='word_1_259' title='bbox 1566 2142 1735 2200; x_wconf 51' lang='lat' dir='ltr'><strong>Unde‘</strong></span> 
     </span>
    </p>
   </div>
   <div class='ocr_carea' id='block_1_35' title="bbox 127 2231 1723 2306">
    <p class='ocr_par' dir='ltr' id='par_1_35' title="bbox 127 2231 1723 2306">
     <span class='ocr_line' id='line_1_35' title="bbox 127 2231 1723 2306; baseline -0.001 -16"><span class='ocrx_word' id='word_1_260' title='bbox 127 2231 338 2290; x_wconf 76' lang='lat' dir='ltr'><strong>iterum</strong></span> <span class='ocrx_word' id='word_1_261' title='bbox 364 2232 507 2288; x_wconf 87' lang='lat' dir='ltr'><strong>idem</strong></span> <span class='ocrx_word' id='word_1_262' title='bbox 537 2232 731 2289; x_wconf 80' lang='lat' dir='ltr'><strong>Paulus</strong></span> <span class='ocrx_word' id='word_1_263' title='bbox 756 2232 933 2290; x_wconf 80' lang='lat' dir='ltr'><strong>dicit:</strong></span> <span class='ocrx_word' id='word_1_264' title='bbox 969 2232 1260 2306; x_wconf 70' lang='lat' dir='ltr'><strong>Unicuique</strong></span> <span class='ocrx_word' id='word_1_265' title='bbox 1295 2236 1432 2290; x_wconf 81' lang='lat' dir='ltr'><strong>sicut</strong></span> <span class='ocrx_word' id='word_1_266' title='bbox 1470 2234 1610 2290; x_wconf 81' lang='lat' dir='ltr'><strong>Deus</strong></span> <span class='ocrx_word' id='word_1_267' title='bbox 1640 2235 1723 2289; x_wconf 87' lang='lat' dir='ltr'><strong>di-</strong></span> 
     </span>
    </p>
   </div>
   <div class='ocr_carea' id='block_1_36' title="bbox 126 2323 1718 2419">
    <p class='ocr_par' dir='ltr' id='par_1_36' title="bbox 126 2323 1718 2419">
     <span class='ocr_line' id='line_1_36' title="bbox 126 2323 1718 2419; baseline -0.001 -39"><span class='ocrx_word' id='word_1_268' title='bbox 126 2324 256 2380; x_wconf 70' lang='lat' dir='ltr'><strong>uisit</strong></span> <span class='ocrx_word' id='word_1_269' title='bbox 293 2338 594 2379; x_wconf 70' lang='lat' dir='ltr'><strong>mensuram</strong></span> <span class='ocrx_word' id='word_1_270' title='bbox 618 2323 759 2392; x_wconf 78' lang='lat' dir='ltr'><strong>ﬁdei.</strong></span> <span class='ocrx_word' id='word_1_271' title='bbox 787 2323 927 2381; x_wconf 81' lang='lat' dir='ltr'><strong>Item</strong></span> <span class='ocrx_word' id='word_1_272' title='bbox 956 2324 1070 2395; x_wconf 84' lang='lat' dir='ltr'><strong>ipse</strong></span> <span class='ocrx_word' id='word_1_273' title='bbox 1112 2324 1283 2419; x_wconf 68' lang='lat' dir='ltr'><strong>dicit:</strong></span> <span class='ocrx_word' id='word_1_274' title='bbox 1314 2325 1402 2380; x_wconf 71' lang='lat' dir='ltr'><strong>Em</strong></span> <span class='ocrx_word' id='word_1_275' title='bbox 1424 2342 1525 2396; x_wconf 85' lang='lat' dir='ltr'><strong>quo</strong></span> <span class='ocrx_word' id='word_1_276' title='bbox 1551 2334 1718 2380; x_wconf 86' lang='lat' dir='ltr'><strong>totum</strong></span> 
     </span>
    </p>
   </div>
   <div class='ocr_carea' id='block_1_37' title="bbox 129 2417 1724 2486">
    <p class='ocr_par' dir='ltr' id='par_1_37' title="bbox 129 2417 1724 2486">
     <span class='ocr_line' id='line_1_37' title="bbox 129 2417 1724 2486; baseline 0 -16"><span class='ocrx_word' id='word_1_277' title='bbox 129 2430 332 2486; x_wconf 67' lang='lat' dir='ltr'><strong>corpus</strong></span> <span class='ocrx_word' id='word_1_278' title='bbox 362 2423 683 2485; x_wconf 68' lang='lat' dir='ltr'><strong>compactum</strong></span> <span class='ocrx_word' id='word_1_279' title='bbox 722 2424 771 2469; x_wconf 88' lang='lat' dir='ltr'><strong>et</strong></span> <span class='ocrx_word' id='word_1_280' title='bbox 817 2430 1105 2470; x_wconf 60' lang='lat' dir='ltr'><strong>connexum</strong></span> <span class='ocrx_word' id='word_1_281' title='bbox 1128 2417 1222 2486; x_wconf 72' lang='lat' dir='ltr'><strong>per</strong></span> <span class='ocrx_word' id='word_1_282' title='bbox 1257 2432 1471 2470; x_wconf 27' lang='lat' dir='ltr'><strong>omnem.</strong></span> <span class='ocrx_word' id='word_1_283' title='bbox 1510 2417 1724 2484; x_wconf 82' lang='lat' dir='ltr'><strong>iunctu-</strong></span> 
     </span>
    </p>
   </div>
   <div class='ocr_carea' id='block_1_38' title="bbox 133 2506 1731 2579">
    <p class='ocr_par' dir='ltr' id='par_1_38' title="bbox 133 2506 1731 2579">
     <span class='ocr_line' id='line_1_38' title="bbox 133 2506 1731 2579; baseline 0.002 -20"><span class='ocrx_word' id='word_1_284' title='bbox 133 2522 255 2561; x_wconf 67' lang='lat' dir='ltr'><strong>ram</strong></span> <span class='ocrx_word' id='word_1_285' title='bbox 293 2506 795 2563; x_wconf 74' lang='lat' dir='ltr'><strong>subministratiom’s</strong></span> <span class='ocrx_word' id='word_1_286' title='bbox 812 2508 1111 2563; x_wconf 76' lang='lat' dir='ltr'><strong>secundum</strong></span> <span class='ocrx_word' id='word_1_287' title='bbox 1129 2509 1478 2579; x_wconf 78' lang='lat' dir='ltr'><strong>operationem</strong></span> <span class='ocrx_word' id='word_1_288' title='bbox 1501 2508 1558 2563; x_wconf 82' lang='lat' dir='ltr'><strong>in</strong></span> <span class='ocrx_word' id='word_1_289' title='bbox 1584 2522 1731 2563; x_wconf 68' lang='lat' dir='ltr'><strong>mem</strong></span> 
     </span>
    </p>
   </div>
   <div class='ocr_carea' id='block_1_39' title="bbox 134 2600 1737 2673">
    <p class='ocr_par' dir='ltr' id='par_1_39' title="bbox 134 2600 1737 2673">
     <span class='ocr_line' id='line_1_39' title="bbox 134 2600 1737 2673; baseline -0.002 -16"><span class='ocrx_word' id='word_1_290' title='bbox 134 2616 327 2657; x_wconf 67' lang='lat' dir='ltr'><strong>utram</strong></span> <span class='ocrx_word' id='word_1_291' title='bbox 343 2600 715 2671; x_wconf 73' lang='lat' dir='ltr'><strong>uniuscujusee</strong></span> <span class='ocrx_word' id='word_1_292' title='bbox 732 2600 951 2656; x_wconf 74' lang='lat' dir='ltr'><strong>membri</strong></span> <span class='ocrx_word' id='word_1_293' title='bbox 976 2610 1313 2673; x_wconf 70' lang='lat' dir='ltr'><strong>augmentum</strong></span> <span class='ocrx_word' id='word_1_294' title='bbox 1339 2601 1573 2673; x_wconf 79' lang='lat' dir='ltr'><strong>corporis</strong></span> <span class='ocrx_word' id='word_1_295' title='bbox 1593 2600 1737 2672; x_wconf 64' lang='lat' dir='ltr'><strong>facit</strong></span> 
     </span>
    </p>
   </div>
   <div class='ocr_carea' id='block_1_40' title="bbox 136 2695 1113 2763">
    <p class='ocr_par' dir='ltr' id='par_1_40' title="bbox 136 2695 1113 2763">
     <span class='ocr_line' id='line_1_40' title="bbox 136 2695 1113 2763; baseline -0.001 -13"><span class='ocrx_word' id='word_1_296' title='bbox 136 2695 625 2763; x_wconf 47' lang='lat' dir='ltr'><strong>aediﬁcationem</strong></span> <span class='ocrx_word' id='word_1_297' title='bbox 644 2695 810 2749; x_wconf 70' lang='lat' dir='ltr'><strong>sui&#39;in</strong></span> <span class='ocrx_word' id='word_1_298' title='bbox 840 2695 1113 2749; x_wconf 71' lang='lat' dir='ltr'><strong>citan&#39;tate.</strong></span> 
     </span>
    </p>
   </div>
   <div class='ocr_carea' id='block_1_41' title="bbox 204 2786 1724 2859">
    <p class='ocr_par' dir='ltr' id='par_1_41' title="bbox 204 2786 1724 2859">
     <span class='ocr_line' id='line_1_41' title="bbox 204 2786 1724 2859; baseline 0 -17"><span class='ocrx_word' id='word_1_299' title='bbox 204 2786 494 2843; x_wconf 60' lang='lat' dir='ltr'><strong>LXXXVI.</strong></span> <span class='ocrx_word' id='word_1_300' title='bbox 534 2787 641 2843; x_wconf 78' lang='lat' dir='ltr'><strong>Sed</strong></span> <span class='ocrx_word' id='word_1_301' title='bbox 666 2802 791 2843; x_wconf 89' lang='lat' dir='ltr'><strong>cum</strong></span> <span class='ocrx_word' id='word_1_302' title='bbox 815 2789 954 2844; x_wconf 91' lang='lat' dir='ltr'><strong>miro</strong></span> <span class='ocrx_word' id='word_1_303' title='bbox 982 2787 1207 2844; x_wconf 90' lang='lat' dir='ltr'><strong>consilio</strong></span> <span class='ocrx_word' id='word_1_304' title='bbox 1238 2797 1428 2845; x_wconf 90' lang='lat' dir='ltr'><strong>auctor</strong></span> <span class='ocrx_word' id='word_1_305' title='bbox 1454 2802 1517 2845; x_wconf 90' lang='lat' dir='ltr'><strong>ac</strong></span> <span class='ocrx_word' id='word_1_306' title='bbox 1544 2786 1724 2859; x_wconf 87' lang='lat' dir='ltr'><strong>dispo-</strong></span> 
     </span>
    </p>
   </div>
   <div class='ocr_carea' id='block_1_42' title="bbox 139 2878 1724 2952">
    <p class='ocr_par' dir='ltr' id='par_1_42' title="bbox 139 2878 1724 2952">
     <span class='ocr_line' id='line_1_42' title="bbox 139 2878 1724 2952; baseline -0.002 -16"><span class='ocrx_word' id='word_1_307' title='bbox 139 2880 285 2937; x_wconf 83' lang='lat' dir='ltr'><strong>sitor</strong></span> <span class='ocrx_word' id='word_1_308' title='bbox 309 2886 493 2936; x_wconf 80' lang='lat' dir='ltr'><strong>noster</strong></span> <span class='ocrx_word' id='word_1_309' title='bbox 514 2880 612 2936; x_wconf 86' lang='lat' dir='ltr'><strong>nni</strong></span> <span class='ocrx_word' id='word_1_310' title='bbox 642 2878 734 2935; x_wconf 89' lang='lat' dir='ltr'><strong>illa</strong></span> <span class='ocrx_word' id='word_1_311' title='bbox 768 2879 1001 2952; x_wconf 73' lang='lat' dir='ltr'><strong>largitur</strong></span> <span class='ocrx_word' id='word_1_312' title='bbox 1027 2895 1147 2951; x_wconf 80' lang='lat' dir='ltr'><strong>quae</strong></span> <span class='ocrx_word' id='word_1_313' title='bbox 1171 2880 1260 2936; x_wconf 87' lang='lat' dir='ltr'><strong>alii</strong></span> <span class='ocrx_word' id='word_1_314' title='bbox 1293 2881 1556 2950; x_wconf 79' lang='lat' dir='ltr'><strong>denegat,</strong></span> <span class='ocrx_word' id='word_1_315' title='bbox 1603 2893 1724 2950; x_wconf 82' lang='lat' dir='ltr'><strong>quae</strong></span> 
     </span>
    </p>
   </div>
   <div class='ocr_carea' id='block_1_43' title="bbox 137 2970 1723 3043">
    <p class='ocr_par' dir='ltr' id='par_1_43' title="bbox 137 2970 1723 3043">
     <span class='ocr_line' id='line_1_43' title="bbox 137 2970 1723 3043; baseline -0.004 -13"><span class='ocrx_word' id='word_1_316' title='bbox 137 2971 233 3030; x_wconf 80' lang='lat' dir='ltr'><strong>isti</strong></span> <span class='ocrx_word' id='word_1_317' title='bbox 259 2971 502 3043; x_wconf 83' lang='lat' dir='ltr'><strong>largitur,</strong></span> <span class='ocrx_word' id='word_1_318' title='bbox 538 2970 833 3041; x_wconf 78' lang='lat' dir='ltr'><strong>unicuique</strong></span> <span class='ocrx_word' id='word_1_319' title='bbox 872 2986 1157 3027; x_wconf 85' lang='lat' dir='ltr'><strong>mensuras</strong></span> <span class='ocrx_word' id='word_1_320' title='bbox 1183 2971 1335 3041; x_wconf 84' lang='lat' dir='ltr'><strong>ponit</strong></span> <span class='ocrx_word' id='word_1_321' title='bbox 1380 2987 1394 3025; x_wconf 89' lang='lat'><strong>:</strong></span> <span class='ocrx_word' id='word_1_322' title='bbox 1439 2983 1723 3025; x_wconf 83' lang='lat' dir='ltr'><strong>mensuras</strong></span> 
     </span>
    </p>
   </div>
   <div class='ocr_carea' id='block_1_44' title="bbox 138 3061 1727 3136">
    <p class='ocr_par' dir='ltr' id='par_1_44' title="bbox 138 3061 1727 3136">
     <span class='ocr_line' id='line_1_44' title="bbox 138 3061 1727 3136; baseline -0.003 -15"><span class='ocrx_word' id='word_1_323' title='bbox 138 3064 347 3135; x_wconf 60' lang='lat' dir='ltr'><strong>posita</strong></span> <span class='ocrx_word' id='word_1_324' title='bbox 382 3064 564 3136; x_wconf 77' lang='lat' dir='ltr'><strong>egredi</strong></span> <span class='ocrx_word' id='word_1_325' title='bbox 596 3064 809 3130; x_wconf 79' lang='lat' dir='ltr'><strong>nititur,</strong></span> <span class='ocrx_word' id='word_1_326' title='bbox 840 3064 1085 3134; x_wconf 79' lang='lat' dir='ltr'><strong>quisquis</strong></span> <span class='ocrx_word' id='word_1_327' title='bbox 1118 3063 1239 3134; x_wconf 83' lang='lat' dir='ltr'><strong>plus</strong></span> <span class='ocrx_word' id='word_1_328' title='bbox 1267 3078 1426 3133; x_wconf 88' lang='lat' dir='ltr'><strong>quam</strong></span> <span class='ocrx_word' id='word_1_329' title='bbox 1457 3061 1727 3132; x_wconf 87' lang='lat' dir='ltr'><strong>acceperit</strong></span> 
     </span>
    </p>
   </div>
   <div class='ocr_carea' id='block_1_45' title="bbox 140 3153 1724 3224">
    <p class='ocr_par' dir='ltr' id='par_1_45' title="bbox 140 3153 1724 3224">
     <span class='ocr_line' id='line_1_45' title="bbox 140 3153 1724 3224; baseline -0.003 -12"><span class='ocrx_word' id='word_1_330' title='bbox 140 3155 318 3224; x_wconf 72' lang='lat' dir='ltr'><strong>maior</strong></span> <span class='ocrx_word' id='word_1_331' title='bbox 362 3169 499 3212; x_wconf 69' lang='lat' dir='ltr'><strong>esse</strong></span> <span class='ocrx_word' id='word_1_332' title='bbox 527 3164 793 3224; x_wconf 78' lang='lat' dir='ltr'><strong>conatur;</strong></span> <span class='ocrx_word' id='word_1_333' title='bbox 838 3164 901 3211; x_wconf 90' lang='lat' dir='ltr'><strong>ut</strong></span> <span class='ocrx_word' id='word_1_334' title='bbox 946 3154 1175 3211; x_wconf 77' lang='lat' dir='ltr'><strong>fortasse</strong></span> <span class='ocrx_word' id='word_1_335' title='bbox 1219 3153 1310 3209; x_wconf 90' lang='lat' dir='ltr'><strong>ille</strong></span> <span class='ocrx_word' id='word_1_336' title='bbox 1360 3155 1447 3211; x_wconf 91' lang='lat' dir='ltr'><strong>cui</strong></span> <span class='ocrx_word' id='word_1_337' title='bbox 1492 3161 1724 3211; x_wconf 87' lang='lat' dir='ltr'><strong>tantum-</strong></span> 
     </span>
    </p>
   </div>
   <div class='ocr_carea' id='block_1_46' title="bbox 140 3246 1725 3320">
    <p class='ocr_par' dir='ltr' id='par_1_46' title="bbox 140 3246 1725 3320">
     <span class='ocr_line' id='line_1_46' title="bbox 140 3246 1725 3320; baseline -0.001 -16"><span class='ocrx_word' id='word_1_338' title='bbox 140 3247 300 3304; x_wconf 82' lang='lat' dir='ltr'><strong>modo</strong></span> <span class='ocrx_word' id='word_1_339' title='bbox 358 3246 547 3304; x_wconf 77' lang='lat' dir='ltr'><strong>datum</strong></span> <span class='ocrx_word' id='word_1_340' title='bbox 592 3255 677 3304; x_wconf 84' lang='lat' dir='ltr'><strong>est</strong></span> <span class='ocrx_word' id='word_1_341' title='bbox 723 3255 1114 3320; x_wconf 63' lang='lat' dir='ltr'><strong>praceptorum</strong></span> <span class='ocrx_word' id='word_1_342' title='bbox 1157 3248 1369 3304; x_wconf 86' lang='lat' dir='ltr'><strong>occulta</strong></span> <span class='ocrx_word' id='word_1_343' title='bbox 1414 3247 1725 3304; x_wconf 88' lang='lat' dir='ltr'><strong>disserendo</strong></span> 
     </span>
    </p>
   </div>
   <div class='ocr_carea' id='block_1_47' title="bbox 140 3338 1726 3412">
    <p class='ocr_par' dir='ltr' id='par_1_47' title="bbox 140 3338 1726 3412">
     <span class='ocr_line' id='line_1_47' title="bbox 140 3338 1726 3412; baseline -0.001 -15"><span class='ocrx_word' id='word_1_344' title='bbox 140 3340 385 3412; x_wconf 67' lang='lat' dir='ltr'><strong>qnerire,</strong></span> <span class='ocrx_word' id='word_1_345' title='bbox 414 3348 593 3397; x_wconf 80' lang='lat' dir='ltr'><strong>tentet</strong></span> <span class='ocrx_word' id='word_1_346' title='bbox 629 3341 807 3397; x_wconf 74' lang='lat' dir='ltr'><strong>etiam</strong></span> <span class='ocrx_word' id='word_1_347' title='bbox 837 3340 1125 3397; x_wconf 79' lang='lat' dir='ltr'><strong>miraculis</strong></span> <span class='ocrx_word' id='word_1_348' title='bbox 1144 3352 1449 3397; x_wconf 84' lang='lat' dir='ltr'><strong>coruscare.</strong></span> <span class='ocrx_word' id='word_1_349' title='bbox 1500 3338 1606 3394; x_wconf 79' lang='lat' dir='ltr'><strong>Aut</strong></span> <span class='ocrx_word' id='word_1_350' title='bbox 1635 3338 1726 3395; x_wconf 90' lang='lat' dir='ltr'><strong>ille</strong></span> 
     </span>
    </p>
   </div>
   <div class='ocr_carea' id='block_1_48' title="bbox 140 3429 1735 3504">
    <p class='ocr_par' dir='ltr' id='par_1_48' title="bbox 140 3429 1735 3504">
     <span class='ocr_line' id='line_1_48' title="bbox 140 3429 1735 3504; baseline -0.003 -15"><span class='ocrx_word' id='word_1_351' title='bbox 140 3446 305 3502; x_wconf 81' lang='lat' dir='ltr'><strong>quem</strong></span> <span class='ocrx_word' id='word_1_352' title='bbox 359 3446 619 3504; x_wconf 64' lang='grc' dir='ltr'><strong>ωιιωιιω·</strong></span> <span class='ocrx_word' id='word_1_353' title='bbox 651 3432 875 3488; x_wconf 78' lang='lat' dir='ltr'><strong>virtutis</strong></span> <span class='ocrx_word' id='word_1_354' title='bbox 918 3433 1119 3488; x_wconf 88' lang='lat' dir='ltr'><strong>donum</strong></span> <span class='ocrx_word' id='word_1_355' title='bbox 1185 3432 1255 3486; x_wconf 88' lang='lat' dir='ltr'><strong>ad</strong></span> <span class='ocrx_word' id='word_1_356' title='bbox 1304 3430 1419 3487; x_wconf 83' lang='lat' dir='ltr'><strong>sola</strong></span> <span class='ocrx_word' id='word_1_357' title='bbox 1464 3429 1735 3485; x_wconf 73' lang='lat' dir='ltr'><strong>miracula</strong></span> 
     </span>
    </p>
   </div>
   <div class='ocr_carea' id='block_1_49' title="bbox 143 3524 1730 3598">
    <p class='ocr_par' dir='ltr' id='par_1_49' title="bbox 143 3524 1730 3598">
     <span class='ocr_line' id='line_1_49' title="bbox 143 3524 1730 3598; baseline -0.003 -16"><span class='ocrx_word' id='word_1_358' title='bbox 143 3526 411 3593; x_wconf 69' lang='lat' dir='ltr'><strong>laborat,</strong></span> <span class='ocrx_word' id='word_1_359' title='bbox 443 3525 608 3582; x_wconf 80' lang='lat' dir='ltr'><strong>etiam</strong></span> <span class='ocrx_word' id='word_1_360' title='bbox 637 3524 990 3598; x_wconf 62' lang='lat' dir='ltr'><strong>divinatiegis</strong></span> <span class='ocrx_word' id='word_1_361' title='bbox 1025 3526 1236 3598; x_wconf 87' lang='lat' dir='ltr'><strong>aperire</strong></span> <span class='ocrx_word' id='word_1_362' title='bbox 1269 3524 1490 3581; x_wconf 36' lang='lat' dir='ltr'><strong>occulta)</strong></span> <span class='ocrx_word' id='word_1_363' title='bbox 1507 3530 1730 3580; x_wconf 74' lang='lat' dir='ltr'><strong>eontem-</strong></span> 
     </span>
    </p>
   </div>
   <div class='ocr_carea' id='block_1_50' title="bbox 145 3616 1739 3692">
    <p class='ocr_par' dir='ltr' id='par_1_50' title="bbox 145 3616 1739 3692">
     <span class='ocr_line' id='line_1_50' title="bbox 145 3616 1739 3692; baseline -0.004 -15"><span class='ocrx_word' id='word_1_364' title='bbox 145 3619 255 3677; x_wconf 60' lang='grc' dir='ltr'><strong>(ως</strong></span> <span class='ocrx_word' id='word_1_365' title='bbox 283 3617 357 3676; x_wconf 66' lang='grc' dir='ltr'>ιιιο</span> <span class='ocrx_word' id='word_1_366' title='bbox 377 3618 679 3691; x_wconf 55' lang='lat' dir='ltr'><strong>praecipitio</strong></span> <span class='ocrx_word' id='word_1_367' title='bbox 705 3620 850 3676; x_wconf 72' lang='lat' dir='ltr'><strong>extim</strong></span> <span class='ocrx_word' id='word_1_368' title='bbox 880 3618 1069 3692; x_wconf 86' lang='lat' dir='ltr'><strong>pedem</strong></span> <span class='ocrx_word' id='word_1_369' title='bbox 1105 3617 1354 3690; x_wconf 87' lang='lat' dir='ltr'><strong>porrigit,</strong></span> <span class='ocrx_word' id='word_1_370' title='bbox 1394 3616 1739 3687; x_wconf 53' lang='lat' dir='ltr'><strong>quinnensuw</strong></span> 
     </span>
    </p>
   </div>
   <div class='ocr_carea' id='block_1_51' title="bbox 142 3705 1749 3778">
    <p class='ocr_par' dir='ltr' id='par_1_51' title="bbox 142 3705 1749 3778">
     <span class='ocr_line' id='line_1_51' title="bbox 142 3705 1749 3778; baseline -0.005 -10"><span class='ocrx_word' id='word_1_371' title='bbox 142 3725 343 3768; x_wconf 75' lang='lat' dir='ltr'><strong>nium</strong></span> <span class='ocrx_word' id='word_1_372' title='bbox 371 3726 595 3767; x_wconf 72' lang='lat' dir='ltr'><strong>sitarum</strong></span> <span class='ocrx_word' id='word_1_373' title='bbox 627 3710 995 3767; x_wconf 86' lang='lat' dir='ltr'><strong>limitem-non</strong></span> <span class='ocrx_word' id='word_1_374' title='bbox 1016 3709 1263 3766; x_wconf 67' lang='lat' dir='ltr'><strong>attendit.</strong></span> <span class='ocrx_word' id='word_1_375' title='bbox 1301 3707 1379 3764; x_wconf 77' lang='grc' dir='ltr'><strong>Εν</strong></span> <span class='ocrx_word' id='word_1_376' title='bbox 1410 3705 1749 3778; x_wconf 62' lang='lat' dir='ltr'><strong>plerumque.</strong></span> 
     </span>
    </p>
   </div>
   <div class='ocr_carea' id='block_1_52' title="bbox 142 3798 1739 3877">
    <p class='ocr_par' dir='ltr' id='par_1_52' title="bbox 142 3798 1739 3877">
     <span class='ocr_line' id='line_1_52' title="bbox 142 3798 1739 3877; baseline -0.004 -17"><span class='ocrx_word' id='word_1_377' title='bbox 142 3803 333 3877; x_wconf 71' lang='lat' dir='ltr'><strong>pauit</strong></span> <span class='ocrx_word' id='word_1_378' title='bbox 364 3818 432 3865; x_wconf 76' lang='lat' dir='ltr'><strong>ua</strong></span> <span class='ocrx_word' id='word_1_379' title='bbox 476 3816 603 3874; x_wconf 62' lang='lat' dir='ltr'><strong>quae</strong></span> <span class='ocrx_word' id='word_1_380' title='bbox 638 3813 944 3874; x_wconf 70' lang='lat' dir='ltr'><strong>accepant,</strong></span> <span class='ocrx_word' id='word_1_381' title='bbox 986 3802 1114 3873; x_wconf 86' lang='lat' dir='ltr'><strong>quia</strong></span> <span class='ocrx_word' id='word_1_382' title='bbox 1145 3801 1427 3858; x_wconf 76' lang='lat' dir='ltr'><strong>audaciter</strong></span> <span class='ocrx_word' id='word_1_383' title='bbox 1451 3798 1739 3871; x_wconf 62' lang='lat' dir='ltr'><strong>praesumit!</strong></span> 
     </span>
    </p>
   </div>
   <div class='ocr_carea' id='block_1_53' title="bbox 144 3890 1741 3970">
    <p class='ocr_par' dir='ltr' id='par_1_53' title="bbox 144 3890 1741 3970">
     <span class='ocr_line' id='line_1_53' title="bbox 144 3890 1741 3970; baseline -0.006 -15"><span class='ocrx_word' id='word_1_384' title='bbox 144 3899 214 3955; x_wconf 83' lang='lat' dir='ltr'><strong>ad</strong></span> <span class='ocrx_word' id='word_1_385' title='bbox 251 3914 321 3955; x_wconf 74' lang='lat' dir='ltr'><strong>ea</strong></span> <span class='ocrx_word' id='word_1_386' title='bbox 356 3906 479 3970; x_wconf 63' lang='lat' dir='ltr'><strong>qna!</strong></span> <span class='ocrx_word' id='word_1_387' title='bbox 516 3897 827 3968; x_wconf 70' lang='lat' dir='ltr'><strong>pertingere</strong></span> <span class='ocrx_word' id='word_1_388' title='bbox 864 3910 985 3951; x_wconf 60' lang='lat' dir='ltr'><strong>nou‘</strong></span> <span class='ocrx_word' id='word_1_389' title='bbox 1012 3895 1174 3962; x_wconf 78' lang='lat' dir='ltr'><strong>valet,</strong></span> <span class='ocrx_word' id='word_1_390' title='bbox 1214 3894 1456 3965; x_wconf 81' lang='lat' dir='ltr'><strong>arripere</strong></span> <span class='ocrx_word' id='word_1_391' title='bbox 1485 3890 1741 3948; x_wconf 49' lang='lat' dir='ltr'><strong>festinata</strong></span> 
     </span>
    </p>
   </div>
   <div class='ocr_carea' id='block_1_54' title="bbox 144 3984 1739 4047">
    <p class='ocr_par' dir='ltr' id='par_1_54' title="bbox 144 3984 1739 4047">
     <span class='ocr_line' id='line_1_54' title="bbox 144 3984 1739 4047; baseline -0.006 0"><span class='ocrx_word' id='word_1_392' title='bbox 144 3989 284 4047; x_wconf 74' lang='lat' dir='ltr'><strong>Nam</strong></span> <span class='ocrx_word' id='word_1_393' title='bbox 325 3990 805 4046; x_wconf 58' lang='lat' dir='ltr'><strong>etnmembromm</strong></span> <span class='ocrx_word' id='word_1_394' title='bbox 851 3995 1162 4044; x_wconf 84' lang='lat' dir='ltr'><strong>nostrorum</strong></span> <span class='ocrx_word' id='word_1_395' title='bbox 1210 3994 1338 4042; x_wconf 85' lang='lat' dir='ltr'><strong>tunc</strong></span> <span class='ocrx_word' id='word_1_396' title='bbox 1386 3986 1525 4042; x_wconf 87' lang='lat' dir='ltr'><strong>bene</strong></span> <span class='ocrx_word' id='word_1_397' title='bbox 1568 3984 1739 4039; x_wconf 87' lang='lat' dir='ltr'><strong>mini--</strong></span> 
     </span>
    </p>
   </div>
   <div class='ocr_carea' id='block_1_55' title="bbox 142 4077 1741 4147">
    <p class='ocr_par' dir='ltr' id='par_1_55' title="bbox 142 4077 1741 4147">
     <span class='ocr_line' id='line_1_55' title="bbox 142 4077 1741 4147; baseline -0.006 -9"><span class='ocrx_word' id='word_1_398' title='bbox 368 4080 589 4147; x_wconf 80' lang='lat' dir='ltr'><strong>utimur,</strong></span> <span class='ocrx_word' id='word_1_399' title='bbox 636 4096 762 4137; x_wconf 89' lang='lat' dir='ltr'><strong>cum</strong></span> <span class='ocrx_word' id='word_1_400' title='bbox 799 4095 896 4136; x_wconf 88' lang='lat' dir='ltr'><strong>sua</strong></span> <span class='ocrx_word' id='word_1_401' title='bbox 933 4079 1019 4135; x_wconf 86' lang='lat' dir='ltr'><strong>eis</strong></span> <span class='ocrx_word' id='word_1_402' title='bbox 1047 4077 1223 4135; x_wconf 84' lang='lat' dir='ltr'><strong>oilicia</strong></span> <span class='ocrx_word' id='word_1_403' title='bbox 1260 4077 1513 4133; x_wconf 85' lang='lat' dir='ltr'><strong>distincte</strong></span> <span class='ocrx_word' id='word_1_404' title='bbox 1557 4088 1741 4132; x_wconf 50' lang='lat' dir='ltr'><strong>semis</strong></span> 
     </span>
    </p>
   </div>
   <div class='ocr_carea' id='block_1_56' title="bbox 143 4171 1739 4244">
    <p class='ocr_par' dir='ltr' id='par_1_56' title="bbox 143 4171 1739 4244">
     <span class='ocr_line' id='line_1_56' title="bbox 143 4171 1739 4244; baseline -0.006 -11"><span class='ocrx_word' id='word_1_405' title='bbox 143 4189 296 4233; x_wconf 80' lang='lat' dir='ltr'><strong>mus.</strong></span> <span class='ocrx_word' id='word_1_406' title='bbox 344 4171 543 4229; x_wconf 85' lang='lat' dir='ltr'><strong>Lucem</strong></span> <span class='ocrx_word' id='word_1_407' title='bbox 576 4173 776 4244; x_wconf 86' lang='lat' dir='ltr'><strong>quippe</strong></span> <span class='ocrx_word' id='word_1_408' title='bbox 827 4172 999 4227; x_wconf 90' lang='lat' dir='ltr'><strong>oculis</strong></span> <span class='ocrx_word' id='word_1_409' title='bbox 1047 4171 1331 4236; x_wconf 80' lang='lat' dir='ltr'><strong>videmus;</strong></span> <span class='ocrx_word' id='word_1_410' title='bbox 1374 4182 1562 4226; x_wconf 86' lang='lat' dir='ltr'><strong>vocem</strong></span> <span class='ocrx_word' id='word_1_411' title='bbox 1604 4178 1739 4223; x_wconf 80' lang='lat' dir='ltr'><strong>vero</strong></span> 
     </span>
    </p>
   </div>
   <div class='ocr_carea' id='block_1_57' title="bbox 142 4259 1741 4333">
    <p class='ocr_par' dir='ltr' id='par_1_57' title="bbox 142 4259 1741 4333">
     <span class='ocr_line' id='line_1_57' title="bbox 142 4259 1741 4333; baseline -0.006 -10"><span class='ocrx_word' id='word_1_412' title='bbox 142 4266 371 4331; x_wconf 73' lang='lat' dir='ltr'><strong>auribus</strong></span> <span class='ocrx_word' id='word_1_413' title='bbox 418 4263 687 4322; x_wconf 65' lang='lat' dir='ltr'><strong>audimus.</strong></span> <span class='ocrx_word' id='word_1_414' title='bbox 727 4263 787 4320; x_wconf 88' lang='lat' dir='ltr'><strong>Si</strong></span> <span class='ocrx_word' id='word_1_415' title='bbox 835 4263 960 4333; x_wconf 88' lang='lat' dir='ltr'><strong>quis</strong></span> <span class='ocrx_word' id='word_1_416' title='bbox 1001 4271 1215 4326; x_wconf 86' lang='lat' dir='ltr'><strong>autem,</strong></span> <span class='ocrx_word' id='word_1_417' title='bbox 1264 4269 1474 4316; x_wconf 89' lang='lat' dir='ltr'><strong>mutato</strong></span> <span class='ocrx_word' id='word_1_418' title='bbox 1517 4259 1741 4325; x_wconf 72' lang='lat' dir='ltr'><strong>ordine,</strong></span> 
     </span>
    </p>
   </div>
   <div class='ocr_carea' id='block_1_58' title="bbox 144 4352 1737 4425">
    <p class='ocr_par' dir='ltr' id='par_1_58' title="bbox 144 4352 1737 4425">
     <span class='ocr_line' id='line_1_58' title="bbox 144 4352 1737 4425; baseline -0.008 -8"><span class='ocrx_word' id='word_1_419' title='bbox 144 4359 271 4416; x_wconf 71' lang='lat' dir='ltr'><strong>voci</strong></span> <span class='ocrx_word' id='word_1_420' title='bbox 291 4356 501 4425; x_wconf 69' lang='lat' dir='ltr'><strong>callos,</strong></span> <span class='ocrx_word' id='word_1_421' title='bbox 549 4357 657 4413; x_wconf 86' lang='lat' dir='ltr'><strong>luci</strong></span> <span class='ocrx_word' id='word_1_422' title='bbox 702 4370 873 4412; x_wconf 75' lang='lat' dir='ltr'><strong>aures</strong></span> <span class='ocrx_word' id='word_1_423' title='bbox 907 4352 1297 4419; x_wconf 77' lang='lat' dir='ltr'><strong>accommodet,</strong></span> <span class='ocrx_word' id='word_1_424' title='bbox 1339 4352 1465 4408; x_wconf 81' lang='lat' dir='ltr'><strong>huic</strong></span> <span class='ocrx_word' id='word_1_425' title='bbox 1503 4358 1737 4420; x_wconf 88' lang='lat' dir='ltr'><strong>utraque</strong></span> 
     </span>
    </p>
   </div>
   <div class='ocr_carea' id='block_1_59' title="bbox 145 4442 1741 4520">
    <p class='ocr_par' dir='ltr' id='par_1_59' title="bbox 145 4442 1741 4520">
     <span class='ocr_line' id='line_1_59' title="bbox 145 4442 1741 4520; baseline -0.006 -14"><span class='ocrx_word' id='word_1_426' title='bbox 145 4450 203 4505; x_wconf 89' lang='lat' dir='ltr'><strong>in</strong></span> <span class='ocrx_word' id='word_1_427' title='bbox 244 4464 431 4506; x_wconf 69' lang='lat' dir='ltr'><strong>meum</strong></span> <span class='ocrx_word' id='word_1_428' title='bbox 476 4457 686 4520; x_wconf 78' lang='lat' dir='ltr'><strong>patent.</strong></span> <span class='ocrx_word' id='word_1_429' title='bbox 735 4447 809 4503; x_wconf 87' lang='lat' dir='ltr'><strong>Si-</strong></span> <span class='ocrx_word' id='word_1_430' title='bbox 833 4448 956 4519; x_wconf 90' lang='lat' dir='ltr'><strong>quis</strong></span> <span class='ocrx_word' id='word_1_431' title='bbox 1001 4454 1181 4501; x_wconf 81' lang='lat' dir='ltr'><strong>autem</strong></span> <span class='ocrx_word' id='word_1_432' title='bbox 1225 4445 1420 4500; x_wconf 83' lang='lat' dir='ltr'><strong>odores</strong></span> <span class='ocrx_word' id='word_1_433' title='bbox 1467 4442 1597 4497; x_wconf 86' lang='lat' dir='ltr'><strong>velit</strong></span> <span class='ocrx_word' id='word_1_434' title='bbox 1640 4454 1741 4497; x_wconf 83' lang='lat' dir='ltr'><strong>ore</strong></span> 
     </span>
    </p>
   </div>
   <div class='ocr_carea' id='block_1_60' title="bbox 146 4534 1743 4610">
    <p class='ocr_par' dir='ltr' id='par_1_60' title="bbox 146 4534 1743 4610">
     <span class='ocr_line' id='line_1_60' title="bbox 146 4534 1743 4610; baseline -0.009 -11"><span class='ocrx_word' id='word_1_435' title='bbox 146 4543 458 4599; x_wconf 73' lang='lat' dir='ltr'><strong>discentem</strong></span> <span class='ocrx_word' id='word_1_436' title='bbox 476 4581 493 4608; x_wconf 92' lang='lat'><strong>,</strong></span> <span class='ocrx_word' id='word_1_437' title='bbox 522 4554 753 4610; x_wconf 79' lang='lat' dir='ltr'><strong>sapores</strong></span> <span class='ocrx_word' id='word_1_438' title='bbox 784 4554 915 4594; x_wconf 85' lang='lat' dir='ltr'><strong>nare</strong></span> <span class='ocrx_word' id='word_1_439' title='bbox 939 4545 1203 4610; x_wconf 69' lang='lat' dir='ltr'><strong>gustare,</strong></span> <span class='ocrx_word' id='word_1_440' title='bbox 1223 4534 1507 4604; x_wconf 89' lang='lat' dir='ltr'><strong>utriusque</strong></span> <span class='ocrx_word' id='word_1_441' title='bbox 1542 4546 1743 4587; x_wconf 84' lang='lat' dir='ltr'><strong>sensus-</strong></span> 
     </span>
    </p>
   </div>
   <div class='ocr_carea' id='block_1_61' title="bbox 145 4623 1729 4701">
    <p class='ocr_par' dir='ltr' id='par_1_61' title="bbox 145 4623 1729 4701">
     <span class='ocr_line' id='line_1_61' title="bbox 145 4623 1729 4701; baseline -0.008 -12"><span class='ocrx_word' id='word_1_442' title='bbox 145 4633 252 4690; x_wconf 58' lang='grc' dir='ltr'><strong>ειη</strong></span> <span class='ocrx_word' id='word_1_443' title='bbox 293 4631 687 4698; x_wconf 69' lang='lat' dir='ltr'><strong>ministerium,</strong></span> <span class='ocrx_word' id='word_1_444' title='bbox 742 4631 867 4701; x_wconf 88' lang='lat' dir='ltr'><strong>quia</strong></span> <span class='ocrx_word' id='word_1_445' title='bbox 911 4627 1215 4701; x_wconf 63' lang='lat' dir='ltr'><strong>pervenit,</strong></span> <span class='ocrx_word' id='word_1_446' title='bbox 1260 4624 1555 4682; x_wconf 59' lang='lat' dir='ltr'><strong>interimit.</strong></span> <span class='ocrx_word' id='word_1_447' title='bbox 1592 4623 1729 4677; x_wconf 85' lang='lat' dir='ltr'><strong>Dum</strong></span> 
     </span>
    </p>
   </div>
   <div class='ocr_carea' id='block_1_62' title="bbox 143 4713 1743 4794">
    <p class='ocr_par' dir='ltr' id='par_1_62' title="bbox 143 4713 1743 4794">
     <span class='ocr_line' id='line_1_62' title="bbox 143 4713 1743 4794; baseline -0.007 -13"><span class='ocrx_word' id='word_1_448' title='bbox 143 4723 295 4781; x_wconf 82' lang='lat' dir='ltr'><strong>enim</strong></span> <span class='ocrx_word' id='word_1_449' title='bbox 336 4723 491 4794; x_wconf 72' lang='lat' dir='ltr'><strong>prius</strong></span> <span class='ocrx_word' id='word_1_450' title='bbox 520 4724 641 4782; x_wconf 65' lang='lat' dir='ltr'><strong>base</strong></span> <span class='ocrx_word' id='word_1_451' title='bbox 676 4722 869 4779; x_wconf 76' lang='lat' dir='ltr'><strong>usibus</strong></span> <span class='ocrx_word' id='word_1_452' title='bbox 898 4737 1007 4787; x_wconf 82' lang='lat' dir='ltr'><strong>non</strong></span> <span class='ocrx_word' id='word_1_453' title='bbox 1031 4727 1306 4792; x_wconf 79' lang='lat' dir='ltr'><strong>aptantur,</strong></span> <span class='ocrx_word' id='word_1_454' title='bbox 1340 4727 1395 4774; x_wconf 90' lang='lat' dir='ltr'><strong>et</strong></span> <span class='ocrx_word' id='word_1_455' title='bbox 1423 4731 1520 4773; x_wconf 87' lang='lat' dir='ltr'><strong>sua</strong></span> <span class='ocrx_word' id='word_1_456' title='bbox 1553 4713 1743 4771; x_wconf 65' lang='lat' dir='ltr'><strong>obicit-</strong></span> 
     </span>
    </p>
   </div>
   <div class='ocr_carea' id='block_1_63' title="bbox 145 4811 1743 4885">
    <p class='ocr_par' dir='ltr' id='par_1_63' title="bbox 145 4811 1743 4885">
     <span class='ocr_line' id='line_1_63' title="bbox 145 4811 1743 4885; baseline -0.005 -12"><span class='ocrx_word' id='word_1_457' title='bbox 145 4817 445 4883; x_wconf 88' lang='lat' dir='ltr'><strong>deserunt,</strong></span> <span class='ocrx_word' id='word_1_458' title='bbox 476 4824 533 4871; x_wconf 91' lang='lat' dir='ltr'><strong>et</strong></span> <span class='ocrx_word' id='word_1_459' title='bbox 562 4816 631 4872; x_wconf 89' lang='lat' dir='ltr'><strong>ad</strong></span> <span class='ocrx_word' id='word_1_460' title='bbox 663 4825 924 4873; x_wconf 80' lang='lat' dir='ltr'><strong>extranea</strong></span> <span class='ocrx_word' id='word_1_461' title='bbox 959 4830 1068 4870; x_wconf 89' lang='lat' dir='ltr'><strong>non</strong></span> <span class='ocrx_word' id='word_1_462' title='bbox 1094 4821 1404 4885; x_wconf 79' lang='lat' dir='ltr'><strong>assurgunt.</strong></span> <span class='ocrx_word' id='word_1_463' title='bbox 1444 4811 1548 4866; x_wconf 79' lang='lat' dir='ltr'><strong>Alii</strong></span> <span class='ocrx_word' id='word_1_464' title='bbox 1578 4824 1743 4866; x_wconf 65' lang='lat' dir='ltr'><strong>nemo</strong></span> 
     </span>
    </p>
   </div>
   <div class='ocr_carea' id='block_1_64' title="bbox 144 4907 1731 4981">
    <p class='ocr_par' dir='ltr' id='par_1_64' title="bbox 144 4907 1731 4981">
     <span class='ocr_line' id='line_1_64' title="bbox 144 4907 1731 4981; baseline -0.004 -13"><span class='ocrx_word' id='word_1_465' title='bbox 144 4926 257 4981; x_wconf 77' lang='lat' dir='ltr'><strong>quo</strong></span> <span class='ocrx_word' id='word_1_466' title='bbox 289 4911 453 4967; x_wconf 78' lang='lat' dir='ltr'><strong>datur</strong></span> <span class='ocrx_word' id='word_1_467' title='bbox 487 4925 667 4967; x_wconf 79' lang='lat' dir='ltr'><strong>seruio</strong></span> <span class='ocrx_word' id='word_1_468' title='bbox 708 4910 1005 4981; x_wconf 60' lang='lat' dir='ltr'><strong>sapientia.</strong></span> <span class='ocrx_word' id='word_1_469' title='bbox 1049 4908 1155 4964; x_wconf 86' lang='lat' dir='ltr'><strong>Alii</strong></span> <span class='ocrx_word' id='word_1_470' title='bbox 1183 4920 1362 4965; x_wconf 86' lang='lat' dir='ltr'><strong>sermo</strong></span> <span class='ocrx_word' id='word_1_471' title='bbox 1398 4907 1639 4964; x_wconf 74' lang='lat' dir='ltr'><strong>scientia:</strong></span> <span class='ocrx_word' id='word_1_472' title='bbox 1676 4907 1731 4962; x_wconf 93' lang='lat' dir='ltr'><strong>in</strong></span> 
     </span>
    </p>
   </div>
   <div class='ocr_carea' id='block_1_65' title="bbox 143 5003 1727 5076">
    <p class='ocr_par' dir='ltr' id='par_1_65' title="bbox 143 5003 1727 5076">
     <span class='ocr_line' id='line_1_65' title="bbox 143 5003 1727 5076; baseline -0.005 -12"><span class='ocrx_word' id='word_1_473' title='bbox 143 5007 343 5064; x_wconf 60' lang='lat' dir='ltr'><strong>«idem</strong></span> <span class='ocrx_word' id='word_1_474' title='bbox 382 5004 621 5076; x_wconf 63' lang='lat' dir='ltr'><strong>Spiritus.</strong></span> <span class='ocrx_word' id='word_1_475' title='bbox 670 5006 793 5061; x_wconf 72' lang='lat' dir='ltr'><strong>Alii</strong></span> <span class='ocrx_word' id='word_1_476' title='bbox 824 5006 976 5062; x_wconf 77' lang='lat' dir='ltr'><strong>ﬁdes.</strong></span> <span class='ocrx_word' id='word_1_477' title='bbox 1034 5004 1140 5059; x_wconf 66' lang='lat' dir='ltr'><strong>Alii</strong></span> <span class='ocrx_word' id='word_1_478' title='bbox 1191 5003 1365 5075; x_wconf 82' lang='lat' dir='ltr'><strong>gratia</strong></span> <span class='ocrx_word' id='word_1_479' title='bbox 1414 5003 1727 5058; x_wconf 88' lang='lat' dir='ltr'><strong>sanitatum.</strong></span> 
     </span>
    </p>
   </div>
   <div class='ocr_carea' id='block_1_66' title="bbox 138 5095 1732 5172">
    <p class='ocr_par' dir='ltr' id='par_1_66' title="bbox 138 5095 1732 5172">
     <span class='ocr_line' id='line_1_66' title="bbox 138 5095 1732 5172; baseline -0.005 -15"><span class='ocrx_word' id='word_1_480' title='bbox 138 5099 255 5163; x_wconf 71' lang='lat' dir='ltr'><strong>Alii</strong></span> <span class='ocrx_word' id='word_1_481' title='bbox 280 5099 831 5172; x_wconf 70' lang='lat' dir='ltr'><strong>opomtiovirtutum.</strong></span> <span class='ocrx_word' id='word_1_482' title='bbox 876 5098 983 5155; x_wconf 77' lang='lat' dir='ltr'><strong>Alii</strong></span> <span class='ocrx_word' id='word_1_483' title='bbox 1003 5098 1305 5171; x_wconf 76' lang='lat' dir='ltr'><strong>prophetia.</strong></span> <span class='ocrx_word' id='word_1_484' title='bbox 1333 5097 1443 5152; x_wconf 87' lang='lat' dir='ltr'><strong>Alii</strong></span> <span class='ocrx_word' id='word_1_485' title='bbox 1477 5095 1732 5152; x_wconf 87' lang='lat' dir='ltr'><strong>discretio</strong></span> 
     </span>
    </p>
   </div>
   <div class='ocr_carea' id='block_1_67' title="bbox 144 5186 1749 5266">
    <p class='ocr_par' dir='ltr' id='par_1_67' title="bbox 144 5186 1749 5266">
     <span class='ocr_line' id='line_1_67' title="bbox 144 5186 1749 5266; baseline -0.006 -17"><span class='ocrx_word' id='word_1_486' title='bbox 144 5194 401 5265; x_wconf 48' lang='lat' dir='ltr'><strong>ﬁrmus</strong></span> <span class='ocrx_word' id='word_1_487' title='bbox 438 5193 546 5250; x_wconf 61' lang='lat' dir='ltr'><strong>xlii</strong></span> <span class='ocrx_word' id='word_1_488' title='bbox 595 5206 793 5266; x_wconf 84' lang='lat' dir='ltr'><strong>genera</strong></span> <span class='ocrx_word' id='word_1_489' title='bbox 847 5192 1171 5264; x_wconf 72' lang='lat' dir='ltr'><strong>linguarum;</strong></span> <span class='ocrx_word' id='word_1_490' title='bbox 1214 5188 1316 5244; x_wconf 83' lang='lat' dir='ltr'><strong>Alii</strong></span> <span class='ocrx_word' id='word_1_491' title='bbox 1355 5186 1749 5258; x_wconf 86' lang='lat' dir='ltr'><strong>interpretatio</strong></span> 
     </span>
    </p>
   </div>
   <div class='ocr_carea' id='block_1_68' title="bbox 145 5278 1735 5352">
    <p class='ocr_par' dir='ltr' id='par_1_68' title="bbox 145 5278 1735 5352">
     <span class='ocr_line' id='line_1_68' title="bbox 145 5278 1735 5352; baseline -0.008 -8"><span class='ocrx_word' id='word_1_492' title='bbox 145 5299 463 5343; x_wconf 68' lang='lat' dir='ltr'><strong>mnum</strong></span> <span class='ocrx_word' id='word_1_493' title='bbox 522 5285 798 5342; x_wconf 72' lang='lat' dir='ltr'><strong>tribuitur.</strong></span> <span class='ocrx_word' id='word_1_494' title='bbox 860 5284 1109 5352; x_wconf 74' lang='lat' dir='ltr'><strong>Qualiter</strong></span> <span class='ocrx_word' id='word_1_495' title='bbox 1163 5282 1218 5337; x_wconf 90' lang='lat' dir='ltr'><strong>in</strong></span> <span class='ocrx_word' id='word_1_496' title='bbox 1268 5295 1381 5336; x_wconf 84' lang='lat' dir='ltr'><strong>uno</strong></span> <span class='ocrx_word' id='word_1_497' title='bbox 1437 5278 1735 5346; x_wconf 89' lang='lat' dir='ltr'><strong>eodemque</strong></span> 
     </span>
    </p>
   </div>
   <div class='ocr_carea' id='block_1_69' title="bbox 142 5373 1736 5450">
    <p class='ocr_par' dir='ltr' id='par_1_69' title="bbox 142 5373 1736 5450">
     <span class='ocr_line' id='line_1_69' title="bbox 142 5373 1736 5450; baseline -0.012 -10"><span class='ocrx_word' id='word_1_498' title='bbox 142 5377 474 5450; x_wconf 62' lang='lat' dir='ltr'><strong>spilﬂuiste</strong></span> <span class='ocrx_word' id='word_1_499' title='bbox 507 5378 679 5434; x_wconf 71' lang='lat' dir='ltr'><strong>verba“</strong></span> <span class='ocrx_word' id='word_1_500' title='bbox 711 5377 991 5448; x_wconf 77' lang='lat' dir='ltr'><strong>sepientiie</strong></span> <span class='ocrx_word' id='word_1_501' title='bbox 1024 5373 1243 5446; x_wconf 88' lang='lat' dir='ltr'><strong>polleat,</strong></span> <span class='ocrx_word' id='word_1_502' title='bbox 1281 5387 1385 5428; x_wconf 89' lang='lat' dir='ltr'><strong>nec</strong></span> <span class='ocrx_word' id='word_1_503' title='bbox 1406 5380 1590 5426; x_wconf 89' lang='lat' dir='ltr'><strong>tamen</strong></span> <span class='ocrx_word' id='word_1_504' title='bbox 1619 5382 1736 5424; x_wconf 85' lang='lat' dir='ltr'><strong>ser-</strong></span> 
     </span>
    </p>
   </div>
   <div class='ocr_carea' id='block_1_70' title="bbox 143 5461 1736 5537">
    <p class='ocr_par' dir='ltr' id='par_1_70' title="bbox 143 5461 1736 5537">
     <span class='ocr_line' id='line_1_70' title="bbox 143 5461 1736 5537; baseline -0.007 -10"><span class='ocrx_word' id='word_1_505' title='bbox 143 5483 319 5526; x_wconf 66' lang='lat' dir='ltr'><strong>mne</strong></span> <span class='ocrx_word' id='word_1_506' title='bbox 356 5469 613 5535; x_wconf 64' lang='lat' dir='ltr'><strong>scientia,</strong></span> <span class='ocrx_word' id='word_1_507' title='bbox 656 5468 712 5525; x_wconf 80' lang='lat' dir='ltr'><strong>id</strong></span> <span class='ocrx_word' id='word_1_508' title='bbox 752 5477 845 5526; x_wconf 83' lang='lat' dir='ltr'><strong>est&#39;</strong></span> <span class='ocrx_word' id='word_1_509' title='bbox 870 5467 1146 5533; x_wconf 69' lang='lat' dir='ltr'><strong>doctrinas,</strong></span> <span class='ocrx_word' id='word_1_510' title='bbox 1178 5466 1398 5537; x_wconf 71' lang='lat' dir='ltr'><strong>fulgeat:</strong></span> <span class='ocrx_word' id='word_1_511' title='bbox 1438 5461 1577 5530; x_wconf 81' lang='lat' dir='ltr'><strong>Quia</strong></span> <span class='ocrx_word' id='word_1_512' title='bbox 1613 5476 1736 5517; x_wconf 91' lang='lat' dir='ltr'><strong>sen-</strong></span> 
     </span>
    </p>
   </div>
   <div class='ocr_carea' id='block_1_71' title="bbox 143 5541 1736 5635">
    <p class='ocr_par' dir='ltr' id='par_1_71' title="bbox 143 5541 1736 5635">
     <span class='ocr_line' id='line_1_71' title="bbox 143 5541 1736 5635; baseline -0.008 -14"><span class='ocrx_word' id='word_1_513' title='bbox 143 5564 265 5621; x_wconf 61' lang='lat' dir='ltr'><strong>tit:</strong></span> <span class='ocrx_word' id='word_1_514' title='bbox 285 5571 449 5635; x_wconf 70' lang='lat' dir='ltr'><strong>atque</strong></span> <span class='ocrx_word' id='word_1_515' title='bbox 474 5563 716 5620; x_wconf 78' lang='lat' dir='ltr'><strong>invenite</strong></span> <span class='ocrx_word' id='word_1_516' title='bbox 751 5560 947 5620; x_wconf 75' lang='lat' dir='ltr'><strong>subicit</strong></span> <span class='ocrx_word' id='word_1_517' title='bbox 989 5541 1153 5616; x_wconf 80' lang='lat' dir='ltr'><strong>etiam</strong></span> <span class='ocrx_word' id='word_1_518' title='bbox 1189 5559 1333 5631; x_wconf 90' lang='lat' dir='ltr'><strong>quod</strong></span> <span class='ocrx_word' id='word_1_519' title='bbox 1361 5571 1462 5629; x_wconf 88' lang='lat' dir='ltr'><strong>per</strong></span> <span class='ocrx_word' id='word_1_520' title='bbox 1494 5551 1736 5611; x_wconf 89' lang='lat' dir='ltr'><strong>discendi</strong></span> 
     </span>
    </p>
   </div>
   <div class='ocr_carea' id='block_1_72' title="bbox 145 5647 1737 5727">
    <p class='ocr_par' dir='ltr' id='par_1_72' title="bbox 145 5647 1737 5727">
     <span class='ocr_line' id='line_1_72' title="bbox 145 5647 1737 5727; baseline -0.009 -12"><span class='ocrx_word' id='word_1_521' title='bbox 145 5656 392 5716; x_wconf 82' lang='lat' dir='ltr'><strong>studium</strong></span> <span class='ocrx_word' id='word_1_522' title='bbox 449 5670 561 5714; x_wconf 74' lang='lat' dir='ltr'><strong>non</strong></span> <span class='ocrx_word' id='word_1_523' title='bbox 615 5654 990 5727; x_wconf 63' lang='lat' dir='ltr'><strong>apprehendit:</strong></span> <span class='ocrx_word' id='word_1_524' title='bbox 1044 5652 1138 5709; x_wconf 89' lang='lat' dir='ltr'><strong>Ille</strong></span> <span class='ocrx_word' id='word_1_525' title='bbox 1187 5666 1438 5709; x_wconf 88' lang='lat' dir='ltr'><strong>sermone</strong></span> <span class='ocrx_word' id='word_1_526' title='bbox 1496 5647 1737 5705; x_wconf 58' lang='lat' dir='ltr'><strong>scientiae</strong></span> 
     </span>
    </p>
   </div>
   <div class='ocr_carea' id='block_1_73' title="bbox 144 5744 1731 5824">
    <p class='ocr_par' dir='ltr' id='par_1_73' title="bbox 144 5744 1731 5824">
     <span class='ocr_line' id='line_1_73' title="bbox 144 5744 1731 5824; baseline -0.007 -14"><span class='ocrx_word' id='word_1_527' title='bbox 144 5751 388 5824; x_wconf 75' lang='lat' dir='ltr'><strong>Iulgeat,</strong></span> <span class='ocrx_word' id='word_1_528' title='bbox 429 5764 532 5809; x_wconf 80' lang='lat' dir='ltr'><strong>nec</strong></span> <span class='ocrx_word' id='word_1_529' title='bbox 560 5750 827 5807; x_wconf 73' lang='lat' dir='ltr'><strong>tamenin</strong></span> <span class='ocrx_word' id='word_1_530' title='bbox 854 5750 1020 5806; x_wconf 61' lang='lat' dir='ltr'><strong>Verbo</strong></span> <span class='ocrx_word' id='word_1_531' title='bbox 1054 5747 1331 5819; x_wconf 76' lang='lat' dir='ltr'><strong>sapientia:</strong></span> <span class='ocrx_word' id='word_1_532' title='bbox 1370 5744 1731 5802; x_wconf 88' lang='lat' dir='ltr'><strong>convalescat.</strong></span> 
     </span>
    </p>
   </div>
   <div class='ocr_carea' id='block_1_74' title="bbox 146 5836 1752 5929">
    <p class='ocr_par' dir='ltr' id='par_1_74' title="bbox 146 5836 1752 5929">
     <span class='ocr_line' id='line_1_74' title="bbox 146 5836 1752 5929; baseline -0.006 -20"><span class='ocrx_word' id='word_1_533' title='bbox 146 5847 296 5922; x_wconf 63' lang='lat' dir='ltr'><strong>Qui:</strong></span> <span class='ocrx_word' id='word_1_534' title='bbox 348 5842 547 5908; x_wconf 63' lang='lat' dir='ltr'><strong>inlicit</strong></span> <span class='ocrx_word' id='word_1_535' title='bbox 596 5842 813 5921; x_wconf 65' lang='lat' dir='ltr'><strong>explere</strong></span> <span class='ocrx_word' id='word_1_536' title='bbox 857 5851 1123 5919; x_wconf 75' lang='lat' dir='ltr'><strong>quantum</strong></span> <span class='ocrx_word' id='word_1_537' title='bbox 1153 5841 1319 5913; x_wconf 84' lang='lat' dir='ltr'><strong>dicit,</strong></span> <span class='ocrx_word' id='word_1_538' title='bbox 1358 5846 1414 5898; x_wconf 84' lang='lat' dir='ltr'><strong>et</strong></span> <span class='ocrx_word' id='word_1_539' title='bbox 1447 5846 1630 5929; x_wconf 65' lang='lat' dir='ltr'><strong>trunca</strong></span> <span class='ocrx_word' id='word_1_540' title='bbox 1667 5836 1752 5900; x_wconf 69' lang='grc' dir='ltr'><strong>πᾶ·</strong></span> 
     </span>
    </p>
   </div>
   <div class='ocr_carea' id='block_1_75' title="bbox 1892 1956 3409 2038">
    <p class='ocr_par' dir='ltr' id='par_1_75' title="bbox 1892 1956 3409 2038">
     <span class='ocr_line' id='line_1_75' title="bbox 1892 1956 3409 2038; baseline 0.007 -25"><span class='ocrx_word' id='word_1_541' title='bbox 1892 1956 2199 2015; x_wconf 77' lang='lat' dir='ltr'><strong>LXXXVII.</strong></span> <span class='ocrx_word' id='word_1_542' title='bbox 2243 1956 2335 2016; x_wconf 84' lang='lat' dir='ltr'><strong>Sic</strong></span> <span class='ocrx_word' id='word_1_543' title='bbox 2364 1959 2545 2032; x_wconf 86' lang='lat' dir='ltr'><strong>itaque</strong></span> <span class='ocrx_word' id='word_1_544' title='bbox 2579 1972 2793 2021; x_wconf 89' lang='lat' dir='ltr'><strong>creator</strong></span> <span class='ocrx_word' id='word_1_545' title='bbox 2815 1973 3002 2023; x_wconf 84' lang='lat' dir='ltr'><strong>noster</strong></span> <span class='ocrx_word' id='word_1_546' title='bbox 3026 1981 3091 2023; x_wconf 91' lang='lat' dir='ltr'><strong>ac</strong></span> <span class='ocrx_word' id='word_1_547' title='bbox 3113 1965 3409 2038; x_wconf 85' lang='lat' dir='ltr'><strong>dispositor</strong></span> 
     </span>
    </p>
   </div>
   <div class='ocr_carea' id='block_1_76' title="bbox 1821 2050 3413 2127">
    <p class='ocr_par' dir='ltr' id='par_1_76' title="bbox 1821 2050 3413 2127">
     <span class='ocr_line' id='line_1_76' title="bbox 1821 2050 3413 2127; baseline 0.005 -26"><span class='ocrx_word' id='word_1_548' title='bbox 1821 2052 2011 2101; x_wconf 73' lang='lat' dir='ltr'><strong>Cuncta</strong></span> <span class='ocrx_word' id='word_1_549' title='bbox 2060 2050 2385 2117; x_wconf 86' lang='lat' dir='ltr'><strong>moderatur,</strong></span> <span class='ocrx_word' id='word_1_550' title='bbox 2433 2061 2492 2107; x_wconf 92' lang='lat' dir='ltr'><strong>ut</strong></span> <span class='ocrx_word' id='word_1_551' title='bbox 2533 2054 2626 2123; x_wconf 91' lang='lat' dir='ltr'><strong>qui</strong></span> <span class='ocrx_word' id='word_1_552' title='bbox 2670 2054 2853 2111; x_wconf 78' lang='lat' dir='ltr'><strong>extolli</strong></span> <span class='ocrx_word' id='word_1_553' title='bbox 2890 2065 3103 2127; x_wconf 89' lang='lat' dir='ltr'><strong>poterat</strong></span> <span class='ocrx_word' id='word_1_554' title='bbox 3147 2072 3217 2114; x_wconf 85' lang='lat' dir='ltr'><strong>ex</strong></span> <span class='ocrx_word' id='word_1_555' title='bbox 3262 2058 3413 2114; x_wconf 72' lang='lat' dir='ltr'><strong>dono,</strong></span> 
     </span>
    </p>
   </div>
   <div class='ocr_carea' id='block_1_77' title="bbox 1822 2137 3419 2216">
    <p class='ocr_par' dir='ltr' id='par_1_77' title="bbox 1822 2137 3419 2216">
     <span class='ocr_line' id='line_1_77' title="bbox 1822 2137 3419 2216; baseline 0.004 -25"><span class='ocrx_word' id='word_1_556' title='bbox 1822 2139 1964 2206; x_wconf 87' lang='lat' dir='ltr'><strong>quod</strong></span> <span class='ocrx_word' id='word_1_557' title='bbox 1994 2137 2172 2203; x_wconf 74' lang='lat' dir='ltr'><strong>habet“,</strong></span> <span class='ocrx_word' id='word_1_558' title='bbox 2202 2140 2517 2197; x_wconf 89' lang='lat' dir='ltr'><strong>humilietur</strong></span> <span class='ocrx_word' id='word_1_559' title='bbox 2552 2159 2620 2199; x_wconf 79' lang='lat' dir='ltr'><strong>ex</strong></span> <span class='ocrx_word' id='word_1_560' title='bbox 2640 2145 2841 2201; x_wconf 88' lang='lat' dir='ltr'><strong>virtute</strong></span> <span class='ocrx_word' id='word_1_561' title='bbox 2877 2162 3039 2216; x_wconf 84' lang='lat' dir='ltr'><strong>quam</strong></span> <span class='ocrx_word' id='word_1_562' title='bbox 3076 2162 3185 2202; x_wconf 90' lang='lat' dir='ltr'><strong>non</strong></span> <span class='ocrx_word' id='word_1_563' title='bbox 3214 2147 3419 2202; x_wconf 84' lang='lat' dir='ltr'><strong>habet..</strong></span> 
     </span>
    </p>
   </div>
   <div class='ocr_carea' id='block_1_78' title="bbox 1825 2234 3409 2311">
    <p class='ocr_par' dir='ltr' id='par_1_78' title="bbox 1825 2234 3409 2311">
     <span class='ocr_line' id='line_1_78' title="bbox 1825 2234 3409 2311; baseline 0.002 -20"><span class='ocrx_word' id='word_1_564' title='bbox 1825 2234 1919 2291; x_wconf 90' lang='lat' dir='ltr'><strong>Sic</strong></span> <span class='ocrx_word' id='word_1_565' title='bbox 1981 2245 2178 2292; x_wconf 87' lang='lat' dir='ltr'><strong>cuncta</strong></span> <span class='ocrx_word' id='word_1_566' title='bbox 2234 2238 2582 2303; x_wconf 88' lang='lat' dir='ltr'><strong>moderatur,</strong></span> <span class='ocrx_word' id='word_1_567' title='bbox 2648 2246 2708 2293; x_wconf 89' lang='lat' dir='ltr'><strong>ut</strong></span> <span class='ocrx_word' id='word_1_568' title='bbox 2761 2255 2884 2294; x_wconf 91' lang='lat' dir='ltr'><strong>cum</strong></span> <span class='ocrx_word' id='word_1_569' title='bbox 2942 2240 3183 2311; x_wconf 90' lang='lat' dir='ltr'><strong>impensa</strong></span> <span class='ocrx_word' id='word_1_570' title='bbox 3236 2238 3409 2310; x_wconf 82' lang='lat' dir='ltr'><strong>gratia</strong></span> 
     </span>
    </p>
   </div>
   <div class='ocr_carea' id='block_1_79' title="bbox 1821 2329 3408 2401">
    <p class='ocr_par' dir='ltr' id='par_1_79' title="bbox 1821 2329 3408 2401">
     <span class='ocr_line' id='line_1_79' title="bbox 1821 2329 3408 2401; baseline 0.004 -21"><span class='ocrx_word' id='word_1_571' title='bbox 1821 2340 2259 2398; x_wconf 89' lang='lat' dir='ltr'><strong>unumquemque</strong></span> <span class='ocrx_word' id='word_1_572' title='bbox 2296 2329 2569 2397; x_wconf 88' lang='lat' dir='ltr'><strong>sublevat,</strong></span> <span class='ocrx_word' id='word_1_573' title='bbox 2619 2330 2784 2385; x_wconf 90' lang='lat' dir='ltr'><strong>etiam</strong></span> <span class='ocrx_word' id='word_1_574' title='bbox 2834 2345 2933 2400; x_wconf 89' lang='lat' dir='ltr'><strong>per</strong></span> <span class='ocrx_word' id='word_1_575' title='bbox 2970 2331 3238 2401; x_wconf 89' lang='lat' dir='ltr'><strong>disparem</strong></span> <span class='ocrx_word' id='word_1_576' title='bbox 3279 2346 3408 2401; x_wconf 85' lang='lat' dir='ltr'><strong>gra-</strong></span> 
     </span>
    </p>
   </div>
   <div class='ocr_carea' id='block_1_80' title="bbox 1820 2416 3410 2492">
    <p class='ocr_par' dir='ltr' id='par_1_80' title="bbox 1820 2416 3410 2492">
     <span class='ocr_line' id='line_1_80' title="bbox 1820 2416 3410 2492; baseline 0.003 -19"><span class='ocrx_word' id='word_1_577' title='bbox 1820 2416 1952 2473; x_wconf 83' lang='lat' dir='ltr'><strong>tiam</strong></span> <span class='ocrx_word' id='word_1_578' title='bbox 1994 2418 2147 2473; x_wconf 89' lang='lat' dir='ltr'><strong>alteri</strong></span> <span class='ocrx_word' id='word_1_579' title='bbox 2188 2419 2416 2475; x_wconf 89' lang='lat' dir='ltr'><strong>alterum</strong></span> <span class='ocrx_word' id='word_1_580' title='bbox 2463 2420 2657 2476; x_wconf 90' lang='lat' dir='ltr'><strong>subdat</strong></span> <span class='ocrx_word' id='word_1_581' title='bbox 2680 2462 2696 2486; x_wconf 91' lang='lat'><strong>,</strong></span> <span class='ocrx_word' id='word_1_582' title='bbox 2746 2427 2801 2476; x_wconf 91' lang='lat' dir='ltr'><strong>et</strong></span> <span class='ocrx_word' id='word_1_583' title='bbox 2848 2420 3127 2477; x_wconf 90' lang='lat' dir='ltr'><strong>meliorem</strong></span> <span class='ocrx_word' id='word_1_584' title='bbox 3178 2421 3410 2492; x_wconf 80' lang='lat' dir='ltr'><strong>quisque</strong></span> 
     </span>
    </p>
   </div>
   <div class='ocr_carea' id='block_1_81' title="bbox 1824 2498 3411 2583">
    <p class='ocr_par' dir='ltr' id='par_1_81' title="bbox 1824 2498 3411 2583">
     <span class='ocr_line' id='line_1_81' title="bbox 1824 2498 3411 2583; baseline 0.001 -18"><span class='ocrx_word' id='word_1_585' title='bbox 1824 2509 1966 2566; x_wconf 77' lang='lat' dir='ltr'><strong>deuo</strong></span> <span class='ocrx_word' id='word_1_586' title='bbox 1995 2510 2103 2566; x_wconf 92' lang='lat' dir='ltr'><strong>alio</strong></span> <span class='ocrx_word' id='word_1_587' title='bbox 2136 2525 2260 2566; x_wconf 89' lang='lat' dir='ltr'><strong>eum</strong></span> <span class='ocrx_word' id='word_1_588' title='bbox 2294 2512 2386 2583; x_wconf 86' lang='lat' dir='ltr'><strong>qui</strong></span> <span class='ocrx_word' id='word_1_589' title='bbox 2412 2512 2516 2567; x_wconf 91' lang='lat' dir='ltr'><strong>sibi</strong></span> <span class='ocrx_word' id='word_1_590' title='bbox 2552 2508 2855 2583; x_wconf 76' lang='lat' dir='ltr'><strong>subjicitur,</strong></span> <span class='ocrx_word' id='word_1_591' title='bbox 2887 2512 3152 2567; x_wconf 89' lang='lat' dir='ltr'><strong>attendat.</strong></span> <span class='ocrx_word' id='word_1_592' title='bbox 3178 2511 3257 2569; x_wconf 85' lang='lat' dir='ltr'><strong>Ac</strong></span> <span class='ocrx_word' id='word_1_593' title='bbox 3282 2498 3411 2568; x_wconf 68' lang='lat' dir='ltr'><strong>licet</strong></span> 
     </span>
    </p>
   </div>
   <div class='ocr_carea' id='block_1_82' title="bbox 1822 2601 3410 2676">
    <p class='ocr_par' dir='ltr' id='par_1_82' title="bbox 1822 2601 3410 2676">
     <span class='ocr_line' id='line_1_82' title="bbox 1822 2601 3410 2676; baseline 0.004 -22"><span class='ocrx_word' id='word_1_594' title='bbox 1822 2601 2061 2671; x_wconf 89' lang='lat' dir='ltr'><strong>reperire</strong></span> <span class='ocrx_word' id='word_1_595' title='bbox 2103 2601 2185 2674; x_wconf 87' lang='lat' dir='ltr'><strong>[se</strong></span> <span class='ocrx_word' id='word_1_596' title='bbox 2227 2602 2443 2676; x_wconf 81' lang='lat' dir='ltr'><strong>praeire]</strong></span> <span class='ocrx_word' id='word_1_597' title='bbox 2481 2618 2546 2658; x_wconf 81' lang='lat' dir='ltr'><strong>ex</strong></span> <span class='ocrx_word' id='word_1_598' title='bbox 2585 2602 2706 2660; x_wconf 89' lang='lat' dir='ltr'><strong>aliis</strong></span> <span class='ocrx_word' id='word_1_599' title='bbox 2740 2604 2966 2667; x_wconf 86' lang='lat' dir='ltr'><strong>sentiat,</strong></span> <span class='ocrx_word' id='word_1_600' title='bbox 3014 2604 3189 2660; x_wconf 87' lang='lat' dir='ltr'><strong>eidem</strong></span> <span class='ocrx_word' id='word_1_601' title='bbox 3226 2613 3410 2661; x_wconf 87' lang='lat' dir='ltr'><strong>tamen</strong></span> 
     </span>
    </p>
   </div>
   <div class='ocr_carea' id='block_1_83' title="bbox 1822 2690 3413 2766">
    <p class='ocr_par' dir='ltr' id='par_1_83' title="bbox 1822 2690 3413 2766">
     <span class='ocr_line' id='line_1_83' title="bbox 1822 2690 3413 2766; baseline 0.003 -19"><span class='ocrx_word' id='word_1_602' title='bbox 1822 2706 1984 2762; x_wconf 88' lang='lat' dir='ltr'><strong>quem</strong></span> <span class='ocrx_word' id='word_1_603' title='bbox 2010 2701 2231 2762; x_wconf 86' lang='lat' dir='ltr'><strong>superat</strong></span> <span class='ocrx_word' id='word_1_604' title='bbox 2275 2706 2333 2750; x_wconf 90' lang='lat' dir='ltr'><strong>se</strong></span> <span class='ocrx_word' id='word_1_605' title='bbox 2370 2694 2427 2748; x_wconf 92' lang='lat' dir='ltr'><strong>in</strong></span> <span class='ocrx_word' id='word_1_606' title='bbox 2457 2694 2577 2749; x_wconf 90' lang='lat' dir='ltr'><strong>aliis</strong></span> <span class='ocrx_word' id='word_1_607' title='bbox 2601 2703 2910 2766; x_wconf 90' lang='lat' dir='ltr'><strong>postponat.</strong></span> <span class='ocrx_word' id='word_1_608' title='bbox 2956 2690 3049 2751; x_wconf 92' lang='lat' dir='ltr'><strong>Sic</strong></span> <span class='ocrx_word' id='word_1_609' title='bbox 3072 2702 3269 2751; x_wconf 89' lang='lat' dir='ltr'><strong>cuncta</strong></span> <span class='ocrx_word' id='word_1_610' title='bbox 3295 2711 3413 2751; x_wconf 84' lang='lat' dir='ltr'><strong>mo—</strong></span> 
     </span>
    </p>
   </div>
   <div class='ocr_carea' id='block_1_84' title="bbox 1822 2784 3411 2861">
    <p class='ocr_par' dir='ltr' id='par_1_84' title="bbox 1822 2784 3411 2861">
     <span class='ocr_line' id='line_1_84' title="bbox 1822 2784 3411 2861; baseline 0.002 -20"><span class='ocrx_word' id='word_1_611' title='bbox 1822 2784 2063 2841; x_wconf 83' lang='lat' dir='ltr'><strong>deratur.</strong></span> <span class='ocrx_word' id='word_1_612' title='bbox 2109 2784 2174 2840; x_wconf 87' lang='lat' dir='ltr'><strong>Et</strong></span> <span class='ocrx_word' id='word_1_613' title='bbox 2203 2786 2330 2841; x_wconf 90' lang='lat' dir='ltr'><strong>dum</strong></span> <span class='ocrx_word' id='word_1_614' title='bbox 2373 2785 2584 2856; x_wconf 81' lang='lat' dir='ltr'><strong>singula</strong></span> <span class='ocrx_word' id='word_1_615' title='bbox 2620 2803 2741 2857; x_wconf 70' lang='lat' dir='ltr'><strong>qua:</strong></span> <span class='ocrx_word' id='word_1_616' title='bbox 2788 2796 3033 2857; x_wconf 74' lang='lat' dir='ltr'><strong>qmerunt</strong></span> <span class='ocrx_word' id='word_1_617' title='bbox 3063 2786 3264 2861; x_wconf 88' lang='lat' dir='ltr'><strong>[erant]</strong></span> <span class='ocrx_word' id='word_1_618' title='bbox 3290 2804 3411 2844; x_wconf 90' lang='lat' dir='ltr'><strong>om-</strong></span> 
     </span>
    </p>
   </div>
   <div class='ocr_carea' id='block_1_85' title="bbox 1823 2875 3419 2947">
    <p class='ocr_par' dir='ltr' id='par_1_85' title="bbox 1823 2875 3419 2947">
     <span class='ocr_line' id='line_1_85' title="bbox 1823 2875 3419 2947; baseline 0.003 -17"><span class='ocrx_word' id='word_1_619' title='bbox 1823 2875 1993 2941; x_wconf 90' lang='lat' dir='ltr'><strong>nium,</strong></span> <span class='ocrx_word' id='word_1_620' title='bbox 2044 2875 2361 2946; x_wconf 87' lang='lat' dir='ltr'><strong>interposita</strong></span> <span class='ocrx_word' id='word_1_621' title='bbox 2402 2879 2633 2947; x_wconf 88' lang='lat' dir='ltr'><strong>quadam</strong></span> <span class='ocrx_word' id='word_1_622' title='bbox 2681 2878 2962 2935; x_wconf 85' lang='lat' dir='ltr'><strong>charitatis</strong></span> <span class='ocrx_word' id='word_1_623' title='bbox 2990 2879 3419 2947; x_wconf 68' lang='lat' dir='ltr'><strong>necessitudine,</strong></span> 
     </span>
    </p>
   </div>
   <div class='ocr_carea' id='block_1_86' title="bbox 1822 2966 3423 3042">
    <p class='ocr_par' dir='ltr' id='par_1_86' title="bbox 1822 2966 3423 3042">
     <span class='ocr_line' id='line_1_86' title="bbox 1822 2966 3423 3042; baseline 0.004 -21"><span class='ocrx_word' id='word_1_624' title='bbox 1822 2967 1961 3022; x_wconf 81' lang='lat' dir='ltr'><strong>ﬂant</strong></span> <span class='ocrx_word' id='word_1_625' title='bbox 2000 2968 2182 3022; x_wconf 88' lang='lat' dir='ltr'><strong>omnia</strong></span> <span class='ocrx_word' id='word_1_626' title='bbox 2230 2966 2583 3039; x_wconf 88' lang='lat' dir='ltr'><strong>singulorum.</strong></span> <span class='ocrx_word' id='word_1_627' title='bbox 2627 2968 2695 3025; x_wconf 85' lang='lat' dir='ltr'><strong>Et</strong></span> <span class='ocrx_word' id='word_1_628' title='bbox 2725 2972 3095 3042; x_wconf 88' lang='lat' dir='ltr'><strong>unusquisque</strong></span> <span class='ocrx_word' id='word_1_629' title='bbox 3140 2971 3219 3027; x_wconf 91' lang='lat' dir='ltr'><strong>sic</strong></span> <span class='ocrx_word' id='word_1_630' title='bbox 3269 2970 3423 3042; x_wconf 84' lang='lat' dir='ltr'><strong>quod</strong></span> 
     </span>
    </p>
   </div>
   <div class='ocr_carea' id='block_1_87' title="bbox 1824 3059 3411 3134">
    <p class='ocr_par' dir='ltr' id='par_1_87' title="bbox 1824 3059 3411 3134">
     <span class='ocr_line' id='line_1_87' title="bbox 1824 3059 3411 3134; baseline 0.001 -19"><span class='ocrx_word' id='word_1_631' title='bbox 1824 3074 1932 3115; x_wconf 89' lang='lat' dir='ltr'><strong>non</strong></span> <span class='ocrx_word' id='word_1_632' title='bbox 1963 3059 2177 3129; x_wconf 79' lang='lat' dir='ltr'><strong>accepit</strong></span> <span class='ocrx_word' id='word_1_633' title='bbox 2203 3059 2259 3113; x_wconf 90' lang='lat' dir='ltr'><strong>in</strong></span> <span class='ocrx_word' id='word_1_634' title='bbox 2286 3059 2457 3116; x_wconf 90' lang='lat' dir='ltr'><strong>altero</strong></span> <span class='ocrx_word' id='word_1_635' title='bbox 2484 3060 2776 3130; x_wconf 88' lang='lat' dir='ltr'><strong>possideat,</strong></span> <span class='ocrx_word' id='word_1_636' title='bbox 2806 3071 2865 3117; x_wconf 91' lang='lat' dir='ltr'><strong>ut</strong></span> <span class='ocrx_word' id='word_1_637' title='bbox 2898 3063 3013 3134; x_wconf 83' lang='lat' dir='ltr'><strong>ipse</strong></span> <span class='ocrx_word' id='word_1_638' title='bbox 3039 3060 3211 3118; x_wconf 68' lang='lat' dir='ltr'><strong>alteri</strong></span> <span class='ocrx_word' id='word_1_639' title='bbox 3231 3062 3411 3132; x_wconf 90' lang='lat' dir='ltr'><strong>possi-</strong></span> 
     </span>
    </p>
   </div>
   <div class='ocr_carea' id='block_1_88' title="bbox 1828 3150 3417 3225">
    <p class='ocr_par' dir='ltr' id='par_1_88' title="bbox 1828 3150 3417 3225">
     <span class='ocr_line' id='line_1_88' title="bbox 1828 3150 3417 3225; baseline 0.001 -19"><span class='ocrx_word' id='word_1_640' title='bbox 1828 3150 2061 3206; x_wconf 86' lang='lat' dir='ltr'><strong>dendum</strong></span> <span class='ocrx_word' id='word_1_641' title='bbox 2095 3150 2238 3222; x_wconf 90' lang='lat' dir='ltr'><strong>quod</strong></span> <span class='ocrx_word' id='word_1_642' title='bbox 2275 3152 2491 3221; x_wconf 88' lang='lat' dir='ltr'><strong>accepit</strong></span> <span class='ocrx_word' id='word_1_643' title='bbox 2525 3151 2804 3209; x_wconf 89' lang='lat' dir='ltr'><strong>humiliter</strong></span> <span class='ocrx_word' id='word_1_644' title='bbox 2840 3154 3130 3225; x_wconf 88' lang='lat' dir='ltr'><strong>impendat.</strong></span> <span class='ocrx_word' id='word_1_645' title='bbox 3169 3153 3259 3210; x_wconf 89' lang='lat' dir='ltr'><strong>Sic</strong></span> <span class='ocrx_word' id='word_1_646' title='bbox 3287 3161 3417 3210; x_wconf 88' lang='lat' dir='ltr'><strong>sunt</strong></span> 
     </span>
    </p>
   </div>
   <div class='ocr_carea' id='block_1_89' title="bbox 1802 3240 3410 3314">
    <p class='ocr_par' dir='ltr' id='par_1_89' title="bbox 1802 3240 3410 3314">
     <span class='ocr_line' id='line_1_89' title="bbox 1802 3240 3410 3314; baseline 0.001 -17"><span class='ocrx_word' id='word_1_647' title='bbox 1802 3304 1805 3309; x_wconf 17' lang='grc'><em>⁴</em></span> <span class='ocrx_word' id='word_1_648' title='bbox 1831 3241 2288 3313; x_wconf 67' lang='lat' dir='ltr'><strong>diversaegratiae,</strong></span> <span class='ocrx_word' id='word_1_649' title='bbox 2320 3242 2461 3298; x_wconf 88' lang='lat' dir='ltr'><strong>sicut</strong></span> <span class='ocrx_word' id='word_1_650' title='bbox 2488 3248 2551 3299; x_wconf 85' lang='lat' dir='ltr'><strong>et&#39;</strong></span> <span class='ocrx_word' id='word_1_651' title='bbox 2567 3242 2798 3309; x_wconf 89' lang='lat' dir='ltr'><strong>diversa,</strong></span> <span class='ocrx_word' id='word_1_652' title='bbox 2834 3252 2891 3298; x_wconf 91' lang='lat' dir='ltr'><strong>ut</strong></span> <span class='ocrx_word' id='word_1_653' title='bbox 2922 3240 3179 3309; x_wconf 82' lang='lat' dir='ltr'><strong>diximus,</strong></span> <span class='ocrx_word' id='word_1_654' title='bbox 3212 3257 3410 3314; x_wconf 86' lang='lat' dir='ltr'><strong>corpo—</strong></span> 
     </span>
    </p>
   </div>
   <div class='ocr_carea' id='block_1_90' title="bbox 1828 3334 3413 3406">
    <p class='ocr_par' dir='ltr' id='par_1_90' title="bbox 1828 3334 3413 3406">
     <span class='ocr_line' id='line_1_90' title="bbox 1828 3334 3413 3406; baseline 0.002 -17"><span class='ocrx_word' id='word_1_655' title='bbox 1828 3348 1949 3389; x_wconf 90' lang='lat' dir='ltr'><strong>rum</strong></span> <span class='ocrx_word' id='word_1_656' title='bbox 2001 3334 2262 3390; x_wconf 83' lang='lat' dir='ltr'><strong>membra.</strong></span> <span class='ocrx_word' id='word_1_657' title='bbox 2317 3334 2387 3389; x_wconf 83' lang='lat' dir='ltr'><strong>Et</strong></span> <span class='ocrx_word' id='word_1_658' title='bbox 2433 3348 2554 3406; x_wconf 79' lang='lat' dir='ltr'><strong>quae</strong></span> <span class='ocrx_word' id='word_1_659' title='bbox 2613 3342 2864 3406; x_wconf 88' lang='lat' dir='ltr'><strong>putamus</strong></span> <span class='ocrx_word' id='word_1_660' title='bbox 2916 3335 3234 3406; x_wconf 77' lang='lat' dir='ltr'><strong>ignobilium</strong></span> <span class='ocrx_word' id='word_1_661' title='bbox 3290 3350 3413 3392; x_wconf 82' lang='lat' dir='ltr'><strong>esse</strong></span> 
     </span>
    </p>
   </div>
   <div class='ocr_carea' id='block_1_91' title="bbox 1827 3422 3419 3498">
    <p class='ocr_par' dir='ltr' id='par_1_91' title="bbox 1827 3422 3419 3498">
     <span class='ocr_line' id='line_1_91' title="bbox 1827 3422 3419 3498; baseline -0.003 -14"><span class='ocrx_word' id='word_1_662' title='bbox 1827 3428 2191 3484; x_wconf 85' lang='lat' dir='ltr'><strong>membrorum</strong></span> <span class='ocrx_word' id='word_1_663' title='bbox 2233 3428 2493 3498; x_wconf 82' lang='lat' dir='ltr'><strong>corporis,</strong></span> <span class='ocrx_word' id='word_1_664' title='bbox 2537 3428 2637 3483; x_wconf 88' lang='lat' dir='ltr'><strong>his-</strong></span> <span class='ocrx_word' id='word_1_665' title='bbox 2666 3427 2928 3484; x_wconf 90' lang='lat' dir='ltr'><strong>honorem</strong></span> <span class='ocrx_word' id='word_1_666' title='bbox 2959 3422 3419 3483; x_wconf 83' lang='lat' dir='ltr'><strong>abundantiorem</strong></span> 
     </span>
    </p>
   </div>
   <div class='ocr_carea' id='block_1_92' title="bbox 1828 3516 3413 3588">
    <p class='ocr_par' dir='ltr' id='par_1_92' title="bbox 1828 3516 3413 3588">
     <span class='ocr_line' id='line_1_92' title="bbox 1828 3516 3413 3588; baseline -0.004 -11"><span class='ocrx_word' id='word_1_667' title='bbox 1828 3520 2248 3577; x_wconf 83' lang='lat' dir='ltr'><strong>circumdamus.</strong></span> <span class='ocrx_word' id='word_1_668' title='bbox 2286 3518 2363 3572; x_wconf 70' lang='lat' dir='ltr'><strong>Et</strong></span> <span class='ocrx_word' id='word_1_669' title='bbox 2396 3531 2516 3588; x_wconf 61' lang='lat' dir='ltr'><strong>quae</strong></span> <span class='ocrx_word' id='word_1_670' title='bbox 2543 3516 2830 3574; x_wconf 87' lang='lat' dir='ltr'><strong>inhonesta</strong></span> <span class='ocrx_word' id='word_1_671' title='bbox 2862 3526 2988 3573; x_wconf 90' lang='lat' dir='ltr'><strong>sunt</strong></span> <span class='ocrx_word' id='word_1_672' title='bbox 3018 3527 3204 3573; x_wconf 89' lang='lat' dir='ltr'><strong>nostra</strong></span> <span class='ocrx_word' id='word_1_673' title='bbox 3239 3518 3413 3572; x_wconf 87' lang='lat' dir='ltr'><strong>abun-</strong></span> 
     </span>
    </p>
   </div>
   <div class='ocr_carea' id='block_1_93' title="bbox 1831 3608 3414 3669">
    <p class='ocr_par' dir='ltr' id='par_1_93' title="bbox 1831 3608 3414 3669">
     <span class='ocr_line' id='line_1_93' title="bbox 1831 3608 3414 3669; baseline -0.001 -2"><span class='ocrx_word' id='word_1_674' title='bbox 1831 3611 2503 3669; x_wconf 51' lang='lat' dir='ltr'><strong>dantiommohonestatem‘</strong></span> <span class='ocrx_word' id='word_1_675' title='bbox 2519 3610 2737 3665; x_wconf 88' lang='lat' dir='ltr'><strong>habent.</strong></span> <span class='ocrx_word' id='word_1_676' title='bbox 2761 3608 2997 3665; x_wconf 78' lang='lat' dir='ltr'><strong>Honesta</strong></span> <span class='ocrx_word' id='word_1_677' title='bbox 3023 3618 3201 3665; x_wconf 88' lang='lat' dir='ltr'><strong>autem</strong></span> <span class='ocrx_word' id='word_1_678' title='bbox 3225 3614 3414 3666; x_wconf 80' lang='lat' dir='ltr'><strong>nostra</strong></span> 
     </span>
    </p>
   </div>
   <div class='ocr_carea' id='block_1_94' title="bbox 1830 3698 3412 3773">
    <p class='ocr_par' dir='ltr' id='par_1_94' title="bbox 1830 3698 3412 3773">
     <span class='ocr_line' id='line_1_94' title="bbox 1830 3698 3412 3773; baseline -0.003 -12"><span class='ocrx_word' id='word_1_679' title='bbox 1830 3705 2121 3761; x_wconf 76' lang='lat' dir='ltr'><strong>honestate</strong></span> <span class='ocrx_word' id='word_1_680' title='bbox 2140 3702 2343 3759; x_wconf 81' lang='lat' dir='ltr'><strong>nullius</strong></span> <span class='ocrx_word' id='word_1_681' title='bbox 2368 3709 2545 3773; x_wconf 74' lang='lat' dir='ltr'><strong>egent;</strong></span> <span class='ocrx_word' id='word_1_682' title='bbox 2589 3698 2742 3757; x_wconf 85' lang='lat' dir='ltr'><strong>Sicut</strong></span> <span class='ocrx_word' id='word_1_683' title='bbox 2778 3700 2963 3773; x_wconf 82' lang='lat' dir='ltr'><strong>iniqui&#39;</strong></span> <span class='ocrx_word' id='word_1_684' title='bbox 2996 3703 3122 3759; x_wconf 89' lang='lat' dir='ltr'><strong>dum</strong></span> <span class='ocrx_word' id='word_1_685' title='bbox 3164 3703 3412 3773; x_wconf 87' lang='lat' dir='ltr'><strong>increpa-</strong></span> 
     </span>
    </p>
   </div>
   <div class='ocr_carea' id='block_1_95' title="bbox 1830 3794 3417 3865">
    <p class='ocr_par' dir='ltr' id='par_1_95' title="bbox 1830 3794 3417 3865">
     <span class='ocr_line' id='line_1_95' title="bbox 1830 3794 3417 3865; baseline -0.003 -11"><span class='ocrx_word' id='word_1_686' title='bbox 1830 3798 1979 3854; x_wconf 90' lang='lat' dir='ltr'><strong>tione</strong></span> <span class='ocrx_word' id='word_1_687' title='bbox 2003 3796 2156 3852; x_wconf 81' lang='lat' dir='ltr'><strong>feriri</strong></span> <span class='ocrx_word' id='word_1_688' title='bbox 2187 3810 2296 3851; x_wconf 91' lang='lat' dir='ltr'><strong>non</strong></span> <span class='ocrx_word' id='word_1_689' title='bbox 2333 3802 2601 3865; x_wconf 61' lang='lat' dir='ltr'><strong>possunt”,</strong></span> <span class='ocrx_word' id='word_1_690' title='bbox 2632 3795 2786 3864; x_wconf 88' lang='lat' dir='ltr'><strong>quasi</strong></span> <span class='ocrx_word' id='word_1_691' title='bbox 2812 3794 3036 3851; x_wconf 82' lang='lat' dir='ltr'><strong>honoris</strong></span> <span class='ocrx_word' id='word_1_692' title='bbox 3073 3794 3305 3865; x_wconf 86' lang='lat' dir='ltr'><strong>tegmine</strong></span> <span class='ocrx_word' id='word_1_693' title='bbox 3324 3807 3417 3850; x_wconf 88' lang='lat' dir='ltr'><strong>ve-</strong></span> 
     </span>
    </p>
   </div>
   <div class='ocr_carea' id='block_1_96' title="bbox 1830 3876 3418 3958">
    <p class='ocr_par' dir='ltr' id='par_1_96' title="bbox 1830 3876 3418 3958">
     <span class='ocr_line' id='line_1_96' title="bbox 1830 3876 3418 3958; baseline -0.003 -11"><span class='ocrx_word' id='word_1_694' title='bbox 1830 3888 2029 3947; x_wconf 62' lang='lat' dir='ltr'><strong>lentur.</strong></span> <span class='ocrx_word' id='word_1_695' title='bbox 2087 3888 2193 3945; x_wconf 67' lang='lat' dir='ltr'><strong>sed</strong></span> <span class='ocrx_word' id='word_1_696' title='bbox 2235 3884 2727 3944; x_wconf 59' lang='lat' dir='ltr'><strong>ii&#39;mcdeoccultis1</strong></span> <span class='ocrx_word' id='word_1_697' title='bbox 2749 3876 3031 3958; x_wconf 85' lang='lat' dir='ltr'><strong>potentum</strong></span> <span class='ocrx_word' id='word_1_698' title='bbox 3072 3884 3312 3957; x_wconf 87' lang='lat' dir='ltr'><strong>peccatis</strong></span> <span class='ocrx_word' id='word_1_699' title='bbox 3336 3884 3418 3942; x_wconf 89' lang='lat' dir='ltr'><strong>Io-</strong></span> 
     </span>
    </p>
   </div>
   <div class='ocr_carea' id='block_1_97' title="bbox 1833 3980 3419 4063">
    <p class='ocr_par' dir='ltr' id='par_1_97' title="bbox 1833 3980 3419 4063">
     <span class='ocr_line' id='line_1_97' title="bbox 1833 3980 3419 4063; baseline -0.002 -24"><span class='ocrx_word' id='word_1_700' title='bbox 1833 3985 2066 4055; x_wconf 83' lang='lat' dir='ltr'><strong>quimur.</strong></span> <span class='ocrx_word' id='word_1_701' title='bbox 2118 3982 2269 4038; x_wconf 83' lang='lat' dir='ltr'><strong>Nam</strong></span> <span class='ocrx_word' id='word_1_702' title='bbox 2295 3982 2509 4055; x_wconf 81' lang='lat' dir='ltr'><strong>quandb</strong></span> <span class='ocrx_word' id='word_1_703' title='bbox 2554 3991 2617 4038; x_wconf 84' lang='lat' dir='ltr'><strong>et</strong></span> <span class='ocrx_word' id='word_1_704' title='bbox 2645 3980 2767 4039; x_wconf 87' lang='lat' dir='ltr'><strong>aiii‘s</strong></span> <span class='ocrx_word' id='word_1_705' title='bbox 2796 3980 3259 4063; x_wconf 84' lang='lat' dir='ltr'><strong>cognoscentibus</strong></span> <span class='ocrx_word' id='word_1_706' title='bbox 3293 3996 3419 4051; x_wconf 89' lang='lat' dir='ltr'><strong>pec-</strong></span> 
     </span>
    </p>
   </div>
   <div class='ocr_carea' id='block_1_98' title="bbox 1833 4072 3414 4146">
    <p class='ocr_par' dir='ltr' id='par_1_98' title="bbox 1833 4072 3414 4146">
     <span class='ocr_line' id='line_1_98' title="bbox 1833 4072 3414 4146; baseline -0.004 -13"><span class='ocrx_word' id='word_1_707' title='bbox 1833 4084 1977 4143; x_wconf 79' lang='lat' dir='ltr'><strong>cant,</strong></span> <span class='ocrx_word' id='word_1_708' title='bbox 2023 4074 2144 4131; x_wconf 86' lang='lat' dir='ltr'><strong>aliis</strong></span> <span class='ocrx_word' id='word_1_709' title='bbox 2186 4076 2349 4132; x_wconf 90' lang='lat' dir='ltr'><strong>etiam</strong></span> <span class='ocrx_word' id='word_1_710' title='bbox 2394 4072 2844 4146; x_wconf 80' lang='lat' dir='ltr'><strong>cognoscentibus</strong></span> <span class='ocrx_word' id='word_1_711' title='bbox 2881 4072 3193 4146; x_wconf 81' lang='lat' dir='ltr'><strong>increpandi</strong></span> <span class='ocrx_word' id='word_1_712' title='bbox 3244 4081 3414 4129; x_wconf 90' lang='lat' dir='ltr'><strong>sunt:</strong></span> 
     </span>
    </p>
   </div>
   <div class='ocr_carea' id='block_1_99' title="bbox 1833 4163 3412 4238">
    <p class='ocr_par' dir='ltr' id='par_1_99' title="bbox 1833 4163 3412 4238">
     <span class='ocr_line' id='line_1_99' title="bbox 1833 4163 3412 4238; baseline -0.004 -16"><span class='ocrx_word' id='word_1_713' title='bbox 1833 4183 1922 4233; x_wconf 93' lang='lat' dir='ltr'><strong>ne,</strong></span> <span class='ocrx_word' id='word_1_714' title='bbox 1949 4167 1994 4222; x_wconf 92' lang='lat' dir='ltr'><strong>si</strong></span> <span class='ocrx_word' id='word_1_715' title='bbox 2019 4167 2341 4237; x_wconf 65' lang='lat' dir='ltr'><strong>praedicator</strong></span> <span class='ocrx_word' id='word_1_716' title='bbox 2367 4174 2530 4235; x_wconf 88' lang='lat' dir='ltr'><strong>tacet,</strong></span> <span class='ocrx_word' id='word_1_717' title='bbox 2553 4167 2766 4238; x_wconf 89' lang='lat' dir='ltr'><strong>cuipam</strong></span> <span class='ocrx_word' id='word_1_718' title='bbox 2791 4166 3116 4237; x_wconf 82' lang='lat' dir='ltr'><strong>approbasse</strong></span> <span class='ocrx_word' id='word_1_719' title='bbox 3138 4163 3412 4228; x_wconf 83' lang='lat' dir='ltr'><strong>videatur;</strong></span> 
     </span>
    </p>
   </div>
   <div class='ocr_carea' id='block_1_100' title="bbox 1834 4254 3416 4327">
    <p class='ocr_par' dir='ltr' id='par_1_100' title="bbox 1834 4254 3416 4327">
     <span class='ocr_line' id='line_1_100' title="bbox 1834 4254 3416 4327; baseline -0.004 -15"><span class='ocrx_word' id='word_1_720' title='bbox 1834 4265 1998 4326; x_wconf 83' lang='lat' dir='ltr'><strong>atque</strong></span> <span class='ocrx_word' id='word_1_721' title='bbox 2026 4258 2415 4313; x_wconf 55' lang='lat' dir='ltr'><strong>haecmmscens</strong></span> <span class='ocrx_word' id='word_1_722' title='bbox 2452 4257 2509 4312; x_wconf 91' lang='lat' dir='ltr'><strong>in</strong></span> <span class='ocrx_word' id='word_1_723' title='bbox 2540 4255 2848 4327; x_wconf 83' lang='lat' dir='ltr'><strong>exemplum</strong></span> <span class='ocrx_word' id='word_1_724' title='bbox 2878 4254 3081 4323; x_wconf 82' lang='lat' dir='ltr'><strong>veniat,</strong></span> <span class='ocrx_word' id='word_1_725' title='bbox 3122 4254 3285 4325; x_wconf 85' lang='lat' dir='ltr'><strong>quam</strong></span> <span class='ocrx_word' id='word_1_726' title='bbox 3318 4266 3416 4322; x_wconf 88' lang='lat' dir='ltr'><strong>pa-</strong></span> 
     </span>
    </p>
   </div>
   <div class='ocr_carea' id='block_1_101' title="bbox 1836 4347 3422 4418">
    <p class='ocr_par' dir='ltr' id='par_1_101' title="bbox 1836 4347 3422 4418">
     <span class='ocr_line' id='line_1_101' title="bbox 1836 4347 3422 4418; baseline -0.004 -14"><span class='ocrx_word' id='word_1_727' title='bbox 1836 4347 2207 4418; x_wconf 69' lang='lat' dir='ltr'><strong>stoﬁslingua</strong></span> <span class='ocrx_word' id='word_1_728' title='bbox 2232 4362 2341 4403; x_wconf 91' lang='lat' dir='ltr'><strong>non</strong></span> <span class='ocrx_word' id='word_1_729' title='bbox 2368 4355 2534 4403; x_wconf 87' lang='lat' dir='ltr'><strong>secat.</strong></span> <span class='ocrx_word' id='word_1_730' title='bbox 3419 4395 3422 4398; x_wconf 82' lang='lat'><strong>.</strong></span> 
     </span>
    </p>
   </div>
   <div class='ocr_carea' id='block_1_102' title="bbox 1905 4432 3416 4511">
    <p class='ocr_par' dir='ltr' id='par_1_102' title="bbox 1905 4432 3416 4511">
     <span class='ocr_line' id='line_1_102' title="bbox 1905 4432 3416 4511; baseline 0.001 -19"><span class='ocrx_word' id='word_1_731' title='bbox 1905 4436 2232 4493; x_wconf 71' lang='lat' dir='ltr'><strong>LXXXVIII;</strong></span> <span class='ocrx_word' id='word_1_732' title='bbox 2273 4437 2469 4495; x_wconf 85' lang='lat' dir='ltr'><strong>Sancta</strong></span> <span class='ocrx_word' id='word_1_733' title='bbox 2492 4453 2622 4511; x_wconf 86' lang='lat' dir='ltr'><strong>ergo</strong></span> <span class='ocrx_word' id='word_1_734' title='bbox 2646 4436 2886 4496; x_wconf 81' lang='lat' dir='ltr'><strong>Ecclesia</strong></span> <span class='ocrx_word' id='word_1_735' title='bbox 2913 4454 3011 4510; x_wconf 86' lang='lat' dir='ltr'><strong>per</strong></span> <span class='ocrx_word' id='word_1_736' title='bbox 3034 4432 3416 4510; x_wconf 69' lang='lat' dir='ltr'><strong>prasdicatores</strong></span> 
     </span>
    </p>
   </div>
   <div class='ocr_carea' id='block_1_103' title="bbox 1837 4528 3423 4602">
    <p class='ocr_par' dir='ltr' id='par_1_103' title="bbox 1837 4528 3423 4602">
     <span class='ocr_line' id='line_1_103' title="bbox 1837 4528 3423 4602; baseline -0.004 -15"><span class='ocrx_word' id='word_1_737' title='bbox 1837 4544 1996 4595; x_wconf 85' lang='lat' dir='ltr'><strong>suos,</strong></span> <span class='ocrx_word' id='word_1_738' title='bbox 2041 4530 2288 4600; x_wconf 75' lang='lat' dir='ltr'><strong>quidam</strong></span> <span class='ocrx_word' id='word_1_739' title='bbox 2316 4530 2457 4586; x_wconf 78' lang='lat' dir='ltr'><strong>facta</strong></span> <span class='ocrx_word' id='word_1_740' title='bbox 2486 4530 2628 4586; x_wconf 85' lang='lat' dir='ltr'><strong>mala</strong></span> <span class='ocrx_word' id='word_1_741' title='bbox 2666 4532 2767 4587; x_wconf 88' lang='lat' dir='ltr'><strong>sub</strong></span> <span class='ocrx_word' id='word_1_742' title='bbox 2793 4528 3127 4602; x_wconf 89' lang='lat' dir='ltr'><strong>dispectione</strong></span> <span class='ocrx_word' id='word_1_743' title='bbox 3165 4529 3423 4598; x_wconf 59' lang='lat' dir='ltr'><strong>increpa-v</strong></span> 
     </span>
    </p>
   </div>
   <div class='ocr_carea' id='block_1_104' title="bbox 1836 4608 3425 4693">
    <p class='ocr_par' dir='ltr' id='par_1_104' title="bbox 1836 4608 3425 4693">
     <span class='ocr_line' id='line_1_104' title="bbox 1836 4608 3425 4693; baseline -0.002 -16"><span class='ocrx_word' id='word_1_744' title='bbox 1836 4623 1998 4679; x_wconf 79' lang='lat' dir='ltr'><strong>tionis</strong></span> <span class='ocrx_word' id='word_1_745' title='bbox 2042 4622 2360 4692; x_wconf 64' lang='lat' dir='ltr'><strong>increpant,</strong></span> <span class='ocrx_word' id='word_1_746' title='bbox 2408 4621 2547 4678; x_wconf 90' lang='lat' dir='ltr'><strong>labia</strong></span> <span class='ocrx_word' id='word_1_747' title='bbox 2603 4623 2758 4693; x_wconf 88' lang='lat' dir='ltr'><strong>quasi</strong></span> <span class='ocrx_word' id='word_1_748' title='bbox 2796 4635 3025 4693; x_wconf 85' lang='lat' dir='ltr'><strong>parcens</strong></span> <span class='ocrx_word' id='word_1_749' title='bbox 3059 4626 3258 4675; x_wconf 90' lang='lat' dir='ltr'><strong>movet.</strong></span> <span class='ocrx_word' id='word_1_750' title='bbox 3308 4608 3425 4674; x_wconf 75' lang='lat' dir='ltr'><strong>Sed</strong></span> 
     </span>
    </p>
   </div>
   <div class='ocr_carea' id='block_1_105' title="bbox 1832 4708 3415 4786">
    <p class='ocr_par' dir='ltr' id='par_1_105' title="bbox 1832 4708 3415 4786">
     <span class='ocr_line' id='line_1_105' title="bbox 1832 4708 3415 4786; baseline -0.006 -15"><span class='ocrx_word' id='word_1_751' title='bbox 1832 4723 2015 4771; x_wconf 72' lang='lat' dir='ltr'><strong>tamen</strong></span> <span class='ocrx_word' id='word_1_752' title='bbox 2058 4714 2332 4784; x_wconf 73' lang='lat' dir='ltr'><strong>parcendo</strong></span> <span class='ocrx_word' id='word_1_753' title='bbox 2365 4729 2474 4769; x_wconf 93' lang='lat' dir='ltr'><strong>non</strong></span> <span class='ocrx_word' id='word_1_754' title='bbox 2507 4714 2712 4786; x_wconf 84' lang='lat' dir='ltr'><strong>parcit,</strong></span> <span class='ocrx_word' id='word_1_755' title='bbox 2757 4713 2886 4784; x_wconf 87' lang='lat' dir='ltr'><strong>quia</strong></span> <span class='ocrx_word' id='word_1_756' title='bbox 2939 4714 3008 4767; x_wconf 91' lang='lat' dir='ltr'><strong>ab</strong></span> <span class='ocrx_word' id='word_1_757' title='bbox 3050 4708 3415 4782; x_wconf 89' lang='lat' dir='ltr'><strong>increpatione</strong></span> 
     </span>
    </p>
   </div>
   <div class='ocr_carea' id='block_1_106' title="bbox 1832 4798 3337 4877">
    <p class='ocr_par' dir='ltr' id='par_1_106' title="bbox 1832 4798 3337 4877">
     <span class='ocr_line' id='line_1_106' title="bbox 1832 4798 3337 4877; baseline -0.005 -15"><span class='ocrx_word' id='word_1_758' title='bbox 1832 4806 2005 4877; x_wconf 61' lang='lat' dir='ltr'><strong>culpa</strong></span> <span class='ocrx_word' id='word_1_759' title='bbox 2028 4805 2355 4877; x_wconf 79' lang='lat' dir='ltr'><strong>generaliter</strong></span> <span class='ocrx_word' id='word_1_760' title='bbox 2382 4820 2491 4861; x_wconf 88' lang='lat' dir='ltr'><strong>non</strong></span> <span class='ocrx_word' id='word_1_761' title='bbox 2521 4813 2665 4859; x_wconf 85' lang='lat' dir='ltr'><strong>tacet</strong></span> <span class='ocrx_word' id='word_1_762' title='bbox 2691 4818 2811 4874; x_wconf 73' lang='lat' dir='ltr'><strong>qua:</strong></span> <span class='ocrx_word' id='word_1_763' title='bbox 2846 4798 3151 4874; x_wconf 88' lang='lat' dir='ltr'><strong>specialiter</strong></span> <span class='ocrx_word' id='word_1_764' title='bbox 3176 4807 3337 4855; x_wconf 88' lang='lat' dir='ltr'><strong>tacet.</strong></span> 
     </span>
    </p>
   </div>
   <div class='ocr_carea' id='block_1_107' title="bbox 1902 4894 3418 4970">
    <p class='ocr_par' dir='ltr' id='par_1_107' title="bbox 1902 4894 3418 4970">
     <span class='ocr_line' id='line_1_107' title="bbox 1902 4894 3418 4970; baseline -0.003 -17"><span class='ocrx_word' id='word_1_765' title='bbox 1902 4896 2190 4953; x_wconf 59' lang='lat' dir='ltr'><strong>LXXXIX.</strong></span> <span class='ocrx_word' id='word_1_766' title='bbox 2230 4898 2429 4954; x_wconf 82' lang='lat' dir='ltr'><strong>Sancta</strong></span> <span class='ocrx_word' id='word_1_767' title='bbox 2475 4912 2604 4970; x_wconf 84' lang='lat' dir='ltr'><strong>ergo</strong></span> <span class='ocrx_word' id='word_1_768' title='bbox 2633 4894 2895 4964; x_wconf 77' lang='lat' dir='ltr'><strong>Ecclesia,</strong></span> <span class='ocrx_word' id='word_1_769' title='bbox 2932 4897 3077 4967; x_wconf 89' lang='lat' dir='ltr'><strong>quod</strong></span> <span class='ocrx_word' id='word_1_770' title='bbox 3109 4910 3305 4966; x_wconf 89' lang='lat' dir='ltr'><strong>corpus</strong></span> <span class='ocrx_word' id='word_1_771' title='bbox 3331 4900 3418 4949; x_wconf 88' lang='lat' dir='ltr'><strong>est</strong></span> 
     </span>
    </p>
   </div>
   <div class='ocr_carea' id='block_1_108' title="bbox 1833 4984 3427 5063">
    <p class='ocr_par' dir='ltr' id='par_1_108' title="bbox 1833 4984 3427 5063">
     <span class='ocr_line' id='line_1_108' title="bbox 1833 4984 3427 5063; baseline -0.003 -16"><span class='ocrx_word' id='word_1_772' title='bbox 1833 4991 2030 5047; x_wconf 69' lang='lat' dir='ltr'><strong>mmini</strong></span> <span class='ocrx_word' id='word_1_773' title='bbox 2067 4991 2260 5063; x_wconf 84' lang='lat' dir='ltr'><strong>capitis</strong></span> <span class='ocrx_word' id='word_1_774' title='bbox 2293 4989 2537 5056; x_wconf 85' lang='lat' dir='ltr'><strong>Christi,</strong></span> <span class='ocrx_word' id='word_1_775' title='bbox 2584 4989 2638 5044; x_wconf 93' lang='lat' dir='ltr'><strong>in</strong></span> <span class='ocrx_word' id='word_1_776' title='bbox 2677 4998 2936 5060; x_wconf 89' lang='lat' dir='ltr'><strong>quantum</strong></span> <span class='ocrx_word' id='word_1_777' title='bbox 2986 5004 3043 5045; x_wconf 84' lang='lat' dir='ltr'><strong>se</strong></span> <span class='ocrx_word' id='word_1_778' title='bbox 3073 4987 3315 5044; x_wconf 84' lang='lat' dir='ltr'><strong>sublevat</strong></span> <span class='ocrx_word' id='word_1_779' title='bbox 3347 4984 3427 5043; x_wconf 78' lang='lat' dir='ltr'><strong>ad</strong></span> 
     </span>
    </p>
   </div>
   <div class='ocr_carea' id='block_1_109' title="bbox 1833 5081 3418 5155">
    <p class='ocr_par' dir='ltr' id='par_1_109' title="bbox 1833 5081 3418 5155">
     <span class='ocr_line' id='line_1_109' title="bbox 1833 5081 3418 5155; baseline -0.003 -15"><span class='ocrx_word' id='word_1_780' title='bbox 1833 5099 2085 5155; x_wconf 78' lang='lat' dir='ltr'><strong>superna,</strong></span> <span class='ocrx_word' id='word_1_781' title='bbox 2114 5085 2169 5139; x_wconf 88' lang='lat' dir='ltr'><strong>in</strong></span> <span class='ocrx_word' id='word_1_782' title='bbox 2200 5092 2425 5139; x_wconf 82' lang='lat' dir='ltr'><strong>tantum</strong></span> <span class='ocrx_word' id='word_1_783' title='bbox 2442 5082 2672 5155; x_wconf 88' lang='lat' dir='ltr'><strong>amplius</strong></span> <span class='ocrx_word' id='word_1_784' title='bbox 2711 5083 2921 5138; x_wconf 86' lang='lat' dir='ltr'><strong>laborat</strong></span> <span class='ocrx_word' id='word_1_785' title='bbox 2948 5086 3027 5144; x_wconf 71' lang='lat' dir='ltr'><strong>ut&#39;,</strong></span> <span class='ocrx_word' id='word_1_786' title='bbox 3056 5081 3296 5137; x_wconf 90' lang='lat' dir='ltr'><strong>membra</strong></span> <span class='ocrx_word' id='word_1_787' title='bbox 3321 5096 3418 5138; x_wconf 83' lang='lat' dir='ltr'><strong>ca-</strong></span> 
     </span>
    </p>
   </div>
   <div class='ocr_carea' id='block_1_110' title="bbox 1832 5172 3420 5247">
    <p class='ocr_par' dir='ltr' id='par_1_110' title="bbox 1832 5172 3420 5247">
     <span class='ocr_line' id='line_1_110' title="bbox 1832 5172 3420 5247; baseline -0.001 -18"><span class='ocrx_word' id='word_1_788' title='bbox 1832 5176 1931 5246; x_wconf 87' lang='lat' dir='ltr'><strong>piti</strong></span> <span class='ocrx_word' id='word_1_789' title='bbox 1961 5177 2244 5247; x_wconf 84' lang='lat' dir='ltr'><strong>conquirat</strong></span> <span class='ocrx_word' id='word_1_790' title='bbox 2270 5190 2392 5247; x_wconf 71' lang='lat' dir='ltr'><strong>qum</strong></span> <span class='ocrx_word' id='word_1_791' title='bbox 2416 5186 2614 5243; x_wconf 81' lang='lat' dir='ltr'><strong>corpus</strong></span> <span class='ocrx_word' id='word_1_792' title='bbox 2644 5173 2758 5244; x_wconf 85' lang='lat' dir='ltr'><strong>ejus</strong></span> <span class='ocrx_word' id='word_1_793' title='bbox 2783 5174 2934 5241; x_wconf 80' lang='lat' dir='ltr'><strong>ﬁant,</strong></span> <span class='ocrx_word' id='word_1_794' title='bbox 2961 5173 3255 5229; x_wconf 89' lang='lat' dir='ltr'><strong>secundum</strong></span> <span class='ocrx_word' id='word_1_795' title='bbox 3277 5172 3420 5245; x_wconf 84' lang='lat' dir='ltr'><strong>Apo-</strong></span> 
     </span>
    </p>
   </div>
   <div class='ocr_carea' id='block_1_111' title="bbox 1834 5264 3419 5341">
    <p class='ocr_par' dir='ltr' id='par_1_111' title="bbox 1834 5264 3419 5341">
     <span class='ocr_line' id='line_1_111' title="bbox 1834 5264 3419 5341; baseline -0.006 -12"><span class='ocrx_word' id='word_1_796' title='bbox 1834 5271 2030 5329; x_wconf 85' lang='lat' dir='ltr'><strong>stolum</strong></span> <span class='ocrx_word' id='word_1_797' title='bbox 2059 5270 2163 5341; x_wconf 83' lang='lat' dir='ltr'><strong>qui</strong></span> <span class='ocrx_word' id='word_1_798' title='bbox 2177 5269 2307 5326; x_wconf 88' lang='lat' dir='ltr'><strong>dicit</strong></span> <span class='ocrx_word' id='word_1_799' title='bbox 2351 5283 2368 5324; x_wconf 87' lang='lat'><strong>:</strong></span> <span class='ocrx_word' id='word_1_800' title='bbox 2417 5264 2668 5323; x_wconf 78' lang='lat' dir='ltr'><strong>Vos&#39;estis</strong></span> <span class='ocrx_word' id='word_1_801' title='bbox 2698 5284 2886 5339; x_wconf 79' lang='lat' dir='ltr'><strong>corpus</strong></span> <span class='ocrx_word' id='word_1_802' title='bbox 2921 5267 3135 5334; x_wconf 81' lang='lat' dir='ltr'><strong>Christi,</strong></span> <span class='ocrx_word' id='word_1_803' title='bbox 3172 5275 3218 5320; x_wconf 88' lang='lat' dir='ltr'><strong>et</strong></span> <span class='ocrx_word' id='word_1_804' title='bbox 3251 5280 3419 5320; x_wconf 77' lang='lat' dir='ltr'><strong>mem-</strong></span> 
     </span>
    </p>
   </div>
   <div class='ocr_carea' id='block_1_112' title="bbox 1836 5344 3545 5429">
    <p class='ocr_par' dir='ltr' id='par_1_112' title="bbox 1836 5344 3545 5429">
     <span class='ocr_line' id='line_1_112' title="bbox 1836 5344 3545 5429; baseline -0.005 -9"><span class='ocrx_word' id='word_1_805' title='bbox 1836 5364 1931 5420; x_wconf 69' lang='lat' dir='ltr'><strong>bra</strong></span> <span class='ocrx_word' id='word_1_806' title='bbox 1962 5364 2026 5417; x_wconf 78' lang='lat' dir='ltr'><strong>de</strong></span> <span class='ocrx_word' id='word_1_807' title='bbox 2055 5361 2303 5416; x_wconf 74' lang='lat' dir='ltr'><strong>membro.</strong></span> <span class='ocrx_word' id='word_1_808' title='bbox 2333 5359 2493 5415; x_wconf 85' lang='lat' dir='ltr'><strong>Aliud</strong></span> <span class='ocrx_word' id='word_1_809' title='bbox 2522 5368 2605 5415; x_wconf 90' lang='lat' dir='ltr'><strong>est</strong></span> <span class='ocrx_word' id='word_1_810' title='bbox 2635 5360 2935 5415; x_wconf 88' lang='lat' dir='ltr'><strong>membrum</strong></span> <span class='ocrx_word' id='word_1_811' title='bbox 2960 5358 3205 5429; x_wconf 86' lang='lat' dir='ltr'><strong>corporis</strong></span> <span class='ocrx_word' id='word_1_812' title='bbox 3229 5398 3244 5423; x_wconf 92' lang='lat'><strong>,</strong></span> <span class='ocrx_word' id='word_1_813' title='bbox 3273 5350 3425 5412; x_wconf 85' lang='lat' dir='ltr'><strong>aliud</strong></span> <span class='ocrx_word' id='word_1_814' title='bbox 3536 5344 3545 5349; x_wconf 69' lang='grc'><strong>’</strong></span> 
     </span>
    </p>
   </div>
   <div class='ocr_carea' id='block_1_113' title="bbox 1833 5450 3421 5525">
    <p class='ocr_par' dir='ltr' id='par_1_113' title="bbox 1833 5450 3421 5525">
     <span class='ocr_line' id='line_1_113' title="bbox 1833 5450 3421 5525; baseline -0.008 -9"><span class='ocrx_word' id='word_1_815' title='bbox 1833 5457 2138 5516; x_wconf 87' lang='lat' dir='ltr'><strong>membrum</strong></span> <span class='ocrx_word' id='word_1_816' title='bbox 2173 5454 2423 5510; x_wconf 86' lang='lat' dir='ltr'><strong>membri.</strong></span> <span class='ocrx_word' id='word_1_817' title='bbox 2484 5452 2786 5510; x_wconf 84' lang='lat' dir='ltr'><strong>Membrum</strong></span> <span class='ocrx_word' id='word_1_818' title='bbox 2831 5454 3027 5525; x_wconf 89' lang='lat' dir='ltr'><strong>quippe</strong></span> <span class='ocrx_word' id='word_1_819' title='bbox 3053 5450 3296 5521; x_wconf 80' lang='lat' dir='ltr'><strong>corporis</strong></span> <span class='ocrx_word' id='word_1_820' title='bbox 3334 5452 3421 5505; x_wconf 91' lang='lat' dir='ltr'><strong>est</strong></span> 
     </span>
    </p>
   </div>
   <div class='ocr_carea' id='block_1_114' title="bbox 1833 5541 3416 5623">
    <p class='ocr_par' dir='ltr' id='par_1_114' title="bbox 1833 5541 3416 5623">
     <span class='ocr_line' id='line_1_114' title="bbox 1833 5541 3416 5623; baseline -0.006 -17"><span class='ocrx_word' id='word_1_821' title='bbox 1833 5566 1960 5623; x_wconf 81' lang='lat' dir='ltr'><strong>pars</strong></span> <span class='ocrx_word' id='word_1_822' title='bbox 1994 5551 2061 5603; x_wconf 87' lang='lat' dir='ltr'><strong>ad</strong></span> <span class='ocrx_word' id='word_1_823' title='bbox 2095 5555 2266 5603; x_wconf 90' lang='lat' dir='ltr'><strong>totum</strong></span> <span class='ocrx_word' id='word_1_824' title='bbox 2308 5547 2628 5602; x_wconf 89' lang='lat' dir='ltr'><strong>membrum.</strong></span> <span class='ocrx_word' id='word_1_825' title='bbox 2665 5545 2962 5602; x_wconf 78' lang='lat' dir='ltr'><strong>Membrum</strong></span> <span class='ocrx_word' id='word_1_826' title='bbox 3005 5560 3134 5600; x_wconf 89' lang='lat' dir='ltr'><strong>vero</strong></span> <span class='ocrx_word' id='word_1_827' title='bbox 3181 5541 3416 5598; x_wconf 90' lang='lat' dir='ltr'><strong>membri</strong></span> 
     </span>
    </p>
   </div>
   <div class='ocr_carea' id='block_1_115' title="bbox 1836 5632 3429 5721">
    <p class='ocr_par' dir='ltr' id='par_1_115' title="bbox 1836 5632 3429 5721">
     <span class='ocr_line' id='line_1_115' title="bbox 1836 5632 3429 5721; baseline -0.005 -22"><span class='ocrx_word' id='word_1_828' title='bbox 1836 5650 1920 5700; x_wconf 82' lang='lat' dir='ltr'><strong>est</strong></span> <span class='ocrx_word' id='word_1_829' title='bbox 1947 5640 2225 5713; x_wconf 18' lang='lat' dir='ltr'><strong>particular</strong></span> <span class='ocrx_word' id='word_1_830' title='bbox 2244 5639 2311 5694; x_wconf 90' lang='lat' dir='ltr'><strong>ad</strong></span> <span class='ocrx_word' id='word_1_831' title='bbox 2337 5648 2565 5710; x_wconf 87' lang='lat' dir='ltr'><strong>partem.</strong></span> <span class='ocrx_word' id='word_1_832' title='bbox 2595 5639 2892 5721; x_wconf 84' lang='lat' dir='ltr'><strong>Membrum</strong></span> <span class='ocrx_word' id='word_1_833' title='bbox 2928 5650 3161 5710; x_wconf 88' lang='lat' dir='ltr'><strong>namque</strong></span> <span class='ocrx_word' id='word_1_834' title='bbox 3186 5632 3429 5691; x_wconf 68' lang='lat' dir='ltr'><strong>membri</strong></span> 
     </span>
    </p>
   </div>
   <div class='ocr_carea' id='block_1_116' title="bbox 1834 5722 3420 5810">
    <p class='ocr_par' dir='ltr' id='par_1_116' title="bbox 1834 5722 3420 5810">
     <span class='ocr_line' id='line_1_116' title="bbox 1834 5722 3420 5810; baseline -0.008 -13"><span class='ocrx_word' id='word_1_835' title='bbox 1834 5739 2145 5810; x_wconf 77' lang='lat' dir='ltr'><strong>est&#39;digitus</strong></span> <span class='ocrx_word' id='word_1_836' title='bbox 2174 5737 2255 5792; x_wconf 87' lang='lat' dir='ltr'><strong>ad</strong></span> <span class='ocrx_word' id='word_1_837' title='bbox 2282 5750 2530 5803; x_wconf 88' lang='lat' dir='ltr'><strong>manum,</strong></span> <span class='ocrx_word' id='word_1_838' title='bbox 2575 5753 2767 5794; x_wconf 88' lang='lat' dir='ltr'><strong>manus</strong></span> <span class='ocrx_word' id='word_1_839' title='bbox 2793 5738 2862 5793; x_wconf 89' lang='lat' dir='ltr'><strong>ad</strong></span> <span class='ocrx_word' id='word_1_840' title='bbox 2908 5736 3211 5793; x_wconf 89' lang='lat' dir='ltr'><strong>brachium.</strong></span> <span class='ocrx_word' id='word_1_841' title='bbox 3250 5722 3420 5795; x_wconf 53' lang='lat' dir='ltr'><strong>Mem-,-</strong></span> 
     </span>
    </p>
   </div>
   <div class='ocr_carea' id='block_1_117' title="bbox 1834 5824 3429 5924">
    <p class='ocr_par' dir='ltr' id='par_1_117' title="bbox 1834 5824 3429 5924">
     <span class='ocr_line' id='line_1_117' title="bbox 1834 5824 3429 5924; baseline -0.001 -34"><span class='ocrx_word' id='word_1_842' title='bbox 1834 5834 1994 5895; x_wconf 79' lang='lat' dir='ltr'><strong>brum</strong></span> <span class='ocrx_word' id='word_1_843' title='bbox 2021 5838 2258 5891; x_wconf 76' lang='lat' dir='ltr'><strong>veroest</strong></span> <span class='ocrx_word' id='word_1_844' title='bbox 2296 5832 2559 5905; x_wconf 85' lang='lat' dir='ltr'><strong>corporis,</strong></span> <span class='ocrx_word' id='word_1_845' title='bbox 2610 5840 2719 5890; x_wconf 86' lang='lat' dir='ltr'><strong>tam</strong></span> <span class='ocrx_word' id='word_1_846' title='bbox 2760 5831 2865 5893; x_wconf 89' lang='lat' dir='ltr'><strong>hoc</strong></span> <span class='ocrx_word' id='word_1_847' title='bbox 2901 5824 3429 5924; x_wconf 29' lang='lat' dir='ltr'><strong>eimmiadeoow</strong></span> 
     </span>
    </p>
   </div>
  </div>
