3950 6312
519 379 657 464 4023

1247 362 1256 368 ’
1293 399 1698 476 nummus,
1738 399 1960 470 FELIX,
2002 371 2348 462 nummus
2385 399 2475 460 ET
2515 365 2572 461 ε.
2614 401 2910 465 BEATUS.

3649 421 3780 480 {09.4

515 519 809 577 diversum.
839 521 993 578 Sicut
1017 522 1163 578 enim
1191 521 1246 578 in
1274 525 1536 595 spirituali
1565 511 1843 581 Dominico
1869 537 2093 594 corpore
2115 521 2171 586 Δ
2193 521 2342 579 ducit
2363 564 2379 591 ν
2415 523 2550 582 duas
2576 523 2781 584 formas
2812 529 3004 588 νῖιθιθε
3036 531 3306 593 “uocans
3343 535 3401 592 ί¹¹
3438 537 3689 611 duobus»
3725 559 3780 605 ³³³

516 613 760 669 membra
786 615 854 670 de
880 616 1124 671 membro
1149 615 1376 671 dicimus
1400 632 1496 674 eos
1517 617 1610 687 qui
1635 617 1690 672 in
1715 617 1830 686 ejus
1857 615 2099 672 Ecclesia

514 703 584 759 ab
622 703 745 760 aliis
782 713 1067 776 reguntur,
1111 705 1187 760 ita
1214 706 1271 760 in
1311 705 1400 762 illa
1447 707 1828 790 haereticorum
1865 707 2096 778 reproba

515 792 946 864 congregatione,
979 809 1097 864 qua:
1126 799 1298 850 totum
1335 811 1532 868 corpus
1559 805 1643 853 est
1671 798 1892 865 diaboli,
1923 813 2097 855 mem-

513 881 612 938 bra
638 891 762 938 sunt
785 885 1060 951 carnium,
1089 885 1182 954 qui
1219 885 1406 956 iniquo
1443 902 1606 959 opere
1639 889 1964 960 quibusdam
1991 905 2092 947 ne-

514 970 836 1041 quitioribus
863 972 1281 1044 conjunguntur.

581 1059 692 1116 XC.
732 1059 861 1117 Dum
907 1062 1091 1134 itaque
1135 1073 1322 1136 partes
1350 1077 1478 1124 sunt
1519 1083 1534 1123 :
1572 1086 1680 1126 una
1712 1087 1833 1142 quae
1865 1082 1951 1130 est
1977 1090 2094 1132 cor-

509 1165 612 1220 pus
639 1149 872 1218 Christi,
903 1160 958 1207 et
985 1152 1156 1210 altera
1194 1172 1316 1227 quae
1348 1167 1432 1214 est
1469 1176 1666 1234 corpus
1699 1163 1930 1233 diaboli,
1969 1182 2091 1238 quas

507 1239 870 1299 Antichristus
897 1245 1116 1302 dicitur.
1167 1247 1304 1318 Quia
1325 1251 1454 1308 dum
1478 1255 1770 1326 bipertitus
1793 1268 1896 1327 est,
1933 1268 2092 1319 vetus

506 1341 562 1388 et
610 1350 802 1403 novus,
851 1341 1149 1396 secundum
1193 1344 1512 1416 Apostolum
1554 1351 1648 1420 qui
1697 1352 1774 1408 ait
1813 1366 1830 1406 :
1871 1353 2086 1412 Primus

507 1423 674 1479 Adam
702 1426 766 1480 de
789 1435 930 1484 terra
957 1439 1194 1502 terrenus
1225 1451 1244 1489 :
1274 1439 1535 1494 secundus
1563 1441 1629 1496 de
1653 1441 1780 1498 cmlo
1810 1444 2034 1502 caelestis
2069 1463 2091 1502 :

503 1515 664 1571 modo
707 1533 837 1574 vero
881 1520 938 1574 in
989 1521 1231 1581 Ecclesia
1280 1527 1387 1582 duo
1429 1527 1602 1586 Adam
1646 1540 1804 1600 sunt,
1843 1539 2090 1622 terrenus

504 1613 559 1660 et
609 1607 866 1666 caelestis.
919 1611 989 1666 Et
1039 1615 1218 1684 qualis
1267 1625 1545 1686 terrenus,
1580 1622 1720 1680 tales
1761 1631 1817 1680 et
1864 1617 2085 1684 terreni.

505 1697 571 1753 Et
599 1701 772 1769 qualis
807 1703 1074 1772 coelestia,
1117 1707 1253 1764 tales
1281 1716 1337 1764 et
1375 1711 1642 1769 caelestes.
1681 1711 1751 1770 Et
1789 1717 1904 1787 ipse
1941 1719 2088 1776 idem

504 1780 791 1860 Apostolus
843 1793 974 1850 dicit
1024 1811 1039 1850 :
1091 1795 1306 1854 Primus
1345 1801 1500 1858 homo
1532 1803 1598 1860 de
1643 1816 1785 1862 terra
1809 1780 2082 1879 terrenus,

503 1881 762 1935 secundus
792 1882 857 1937 de
893 1885 1019 1940 coelo
1047 1886 1282 1958 caelestis,
1331 1907 1453 1963 qua:
1493 1902 1723 1968 utraque
1765 1917 1933 1957 unum
1981 1911 2086 1960 est.
2117 1885 2168 1948 Β

505 1965 643 2036 Quia
685 1972 990 2046 ubicunque
1037 1979 1092 2034 in
1145 1978 1440 2055 Scripturis
1484 1990 1655 2048 sacris
1683 1992 1737 2046 in
1773 1994 1954 2052 Veteri
1986 1996 2093 2054 Te-

505 2069 773 2119 stamento
805 2064 1001 2137 legitur
1033 2069 1225 2137 homo,
1277 2075 1332 2129 in
1377 2075 1606 2137 Hebraeo
1649 2082 1821 2140 Adam
1865 2088 2085 2149 dicitur.

502 2151 638 2210 Nam
667 2173 792 2213 cum
820 2175 918 2216 nos
947 2162 1177 2221 dicimus
1201 2167 1257 2222 in
1283 2168 1476 2229 Latino
1507 2174 1639 2232 illud
1677 2181 1822 2250 quod
1865 2183 1921 2238 in
1948 2186 2090 2254 psal-

503 2263 594 2305 mo
641 2255 1006 2324 octuagesimo
1052 2259 1230 2330 primo
1276 2265 1539 2336 scriptum
1580 2282 1710 2326 est:
1770 2273 1872 2330 Vos
1914 2289 2090 2335 autem

501 2339 635 2395 sicut
687 2344 923 2402 homines
971 2351 1305 2420 moriemini,
1365 2357 1422 2412 in
1469 2358 1698 2420 llebraao
1734 2365 1943 2423 habet:
1990 2369 2086 2426 Vos

501 2431 636 2488 sicut
667 2435 836 2490 Adam
862 2442 1180 2498 moriemini.
1234 2444 1302 2501 Et
1343 2447 1397 2502 in
1428 2459 1620 2510 octavo
1643 2457 1851 2524 psalmo
1885 2477 1898 2514 :
1945 2462 2086 2528 Quid

499 2535 575 2580 est
603 2527 756 2582 homo
789 2531 930 2602 quod
973 2549 1170 2589 memor
1221 2554 1276 2592 es
1321 2539 1477 2610 ejus?
1519 2554 1612 2600 aut
1643 2547 1790 2616 [ilius
1826 2553 2084 2627 hominis,

499 2619 748 2688 quoniam
777 2621 958 2678 visitas
993 2641 1111 2680 eum
1137 2626 1163 2680 ?
1209 2627 1382 2687 Homo
1403 2633 1575 2691 Adam
1605 2641 1954 2713 accipiendas
1979 2661 2082 2718 est,

501 2704 646 2765 ﬁlius
673 2711 908 2770 hominis
946 2715 1206 2775 Dominus
1234 2730 1420 2780 noster
1451 2724 1610 2786 Jesus
1651 2704 1900 2794 Ch-ristus
1927 2740 2087 2800 intel-

498 2799 745 2874 ligendus
789 2817 891 2874 est,
923 2811 1014 2878 qui
1054 2810 1198 2870 illius
1226 2818 1424 2874 veteris
1458 2820 1674 2892 Adami,
1723 2829 1816 2898 qui
1861 2847 1960 2902 per
2004 2837 2088 2894 in-

498 2895 857 2954 ohcdicntiam
885 2903 1174 2974 ceciderat,
1213 2915 1344 2966 tunc
1368 2928 1578 2972 memor
1602 2919 1844 2980 visitavit
1869 2930 2086 2998 quando

499 2985 641 3044 intra
689 2999 904 3049 uterum
929 2995 1194 3068 [Virginis
1255 2997 1480 3060 Verbum
1538 3027 1664 3066 caro
1721 2985 1922 3086 factum
1975 3033 2082 3094 est,

497 3071 555 3132 ut
603 3081 860 3139 habitaret
893 3085 946 3140 in
999 3089 1167 3144 nobis.
1219 3091 1289 3148 Et
1336 3111 1461 3152 cum
1509 3071 1773 3163 Dominus
1818 3071 2082 3171 dicebat:

497 3168 672 3228 Filius
705 3175 932 3235 hominis
974 3183 1212 3240 tradetur
1245 3187 1300 3242 in
1334 3205 1522 3248 manus
1547 3209 1899 3270 peccatorum,
1929 3220 1994 3263 ac
2031 3209 2078 3265 si

499 3265 703 3324 diceret
749 3285 764 3325 :
810 3271 978 3332 Filius
1007 3277 1180 3336 Adam
1207 3284 1452 3343 tradetur
1493 3265 1557 3346 in
1596 3309 1790 3354 manus
1825 3265 2080 3370 peccato-

499 3375 640 3416 rum.
695 3361 853 3421 Modo
871 3365 1018 3438 [cum
1059 3373 1114 3429 in
1162 3374 1460 3448 Scripturis
1499 3385 1698 3458 legitur
1735 3361 1920 3464 homo,
1961 3407 2083 3456 tan-

496 3457 611 3508 tum
659 3454 782 3512 dein
831 3459 976 3517 valet
1021 3479 1086 3520 ac
1121 3467 1168 3522 si
1199 3469 1374 3538 dicat,
1407 3454 1600 3546 Adam,
1629 3484 1780 3553 prior
1819 3454 2092 3556 hornodc-

495 3550 634 3600 terra
683 3556 938 3619 terrenus,
964 3559 1224 3615 secundus
1270 3562 1336 3618 de
1376 3566 1504 3623 caelo
1553 3550 1792 3632 ctelestis.
1839 3553 2082 3648 Quarum

496 3639 724 3706 utraque
761 3647 817 3694 et
850 3656 974 3698 cum
1001 3644 1176 3703 Adam
1201 3651 1464 3714 Dominus
1500 3639 1928 3735 exprimituriet
1956 3639 2082 3735 cum

497 3722 659 3779 homo
689 3727 906 3796 dicitur,
933 3734 998 3789 de
1022 3749 1184 3792 carne
1210 3756 1320 3797 non
1345 3747 1478 3803 exit.

569 3815 702 3872 XCI.
746 3818 854 3876 Sed
905 3821 1046 3880 forte
1100 3828 1296 3901 aliquis
1325 3838 1716 3906 specialitatem
1768 3853 1965 3920 quaerit
2017 3865 2080 3916 ut

495 3905 646 3974 dicit,
673 3911 907 3980 qualiter
929 3915 1130 3974 dicitur
1146 3920 1322 3980 Adam
1340 3934 1627 4003 secnudus,
1653 3939 1699 3994 si
1719 3905 2077 4010 Adam—homo

497 3996 830 4069 intelligitur,
863 4005 989 4074 quia
1008 4015 1134 4066 ante
1161 4011 1338 4085 ipsum
1361 4025 1418 4075 et
1440 4032 1564 4091 post
1585 3996 2078 4100 ipsum

496 4088 670 4146 mines
695 4091 953 4153 fuerunt?

566 4181 721 4240 XCII.
776 4171 1152 4286 Respondebo.
1204 4196 1346 4259 Ante
1394 4202 1572 4277 ipsum
1626 4214 1780 4273 multi
1830 4220 2078 4286 homines

493 4273 734 4342 fuerunt,
782 4279 879 4336 sed
918 4297 1108 4342 omnes
1127 4287 1358 4359 [veteres
1407 4273 1678 4373 dicuntur,
1727 4324 1867 4369 unus
1901 4273 2076 4377 Adam

492 4366 810 4442 intelligitur
835 4384 1008 4434 vetus.
1049 4379 1118 4436 Et
1143 4398 1452 4458 quanquam
1492 4366 1814 4464 patriarchae
1849 4366 1907 4463 et
1929 4366 2076 4481 pro-

1763 4555 1784 4569 ⁵
1814 4555 2071 4576 “””””“⁷⁷
2202 4555 2224 4568 ⁵
2310 4555 2503 4564 ⁷-’”’“’“
2558 4555 2817 4582 “’⁵““¹“⁵Ί’⁵“⁵¹
2877 4555 3180 4581 ινυνισκιΐο
3253 4555 3510 4593 nonnum
3601 4557 3674 4600 ω

492 4560 548 4610 et
597 4555 644 4610 si
683 4571 791 4612 non
829 4561 1100 4622 habebant
1143 4569 1354 4642 culpam
1380 4592 1552 4648 suam,
1586 4591 1770 4645 tamen
1809 4609 1910 4663 pro
1951 4597 2069 4668 ipso
2093 4607 2150 4672 υ
2173 4603 2379 4663 speret,
2431 4614 2722 4670 supernam
2761 4610 3022 4680 patriam',
3076 4620 3392 4690 angelorum
3439 4645 3500 4685 se
3523 4580 3674 4690 ’δορί

492 4643 711 4690 hnminn
739 4660 920 4690 ινριοηι
967 4655 1020 4690 ςη
1069 4658 1278 4690 ς..ι·,.....,.
1329 4673 1509 4690 .-μμ
1567 4684 1578 4690 -
1732 4681 1764 4690 Α
1812 4684 1824 4690 -
1968 4689 1994 4690 η
2237 4685 2248 4690 -

491 4828 592 4885 dus
641 4829 816 4890 Adam
862 4851 1034 4896 novus
1077 4857 1176 4912 pro
1226 4846 1334 4905 illis
1368 4852 1737 4916 descenderet.
1780 4828 1918 4932 Quia
1960 4881 2070 4930 tam

489 4918 734 4978 homines
773 4924 848 4981 illi
877 4943 1012 4998 quos
1037 4947 1068 4987 a
1099 4942 1366 5004 potestate
1395 4941 1594 5002 diaboli
1623 4918 2071 5031 liberavit—,‘quo-s

490 5023 673 5066 secum
721 5014 788 5068 ad
837 5019 1032 5087 caelos,
1084 5026 1226 5082 unde
1272 5031 1388 5088 sine
1431 5035 1648 5096 homine
1697 5014 2067 5124 descenderat,
2124 5090 2127 5093 -

487 5113 584 5169 per
630 5119 826 5161 novum
869 5109 1141 5172 hominem
1193 5123 1444 5195 reduxit,
1499 5145 1660 5200 quam
1700 5137 1864 5196 etiam
1896 5152 1951 5200 et
1988 5147 2069 5204 illi

487 5193 578 5263 qui
620 5208 742 5266 post
771 5205 1142 5265 ascensionem
1184 5211 1300 5282 ejus
1339 5219 1391 5274 ei
1417 5218 1720 5296 junguntur
1749 5247 1848 5304 per
1880 5236 2064 5308 ﬁdem,

363 5318 388 5328 -
485 5299 611 5340 cum
655 5291 906 5350 omnibus
947 5298 1032 5356 his
1086 5318 1258 5362 novus
1300 5311 1474 5371 Adam
1524 5291 1768 5394 dicitur;
1815 5335 1872 5382 et
1923 5291 2066 5390 unus

484 5379 648 5495 homo
673 5383 904 5495 ficitur.
971 5392 1085 5452 Hoc
1138 5415 1244 5457 non
1291 5415 1375 5463 est
1421 5415 1712 5472 carnaliter
1764 5419 2066 5495 intelligen-

1560 5467 1703 5472 Ἥ---
1764 5467 2059 5495 -----...ον..ὴ

483 5467 632 5528 dum.
673 5471 806 5532 Cum
853 5482 1119 5542 rationem
1147 5496 1366 5564 quaeris,
1413 5502 1550 5556 ratio
1579 5505 1669 5563 hic
1709 5525 1816 5565 non
1840 5516 2059 5584 carnis,

486 5564 576 5584 η,
625 5581 708 5584 ,μ
785 5569 820 5584 ,.
901 5573 912 5584 .
1124 5581 1135 5584 -

483 5564 580 5618 sed
617 5569 944 5637 operationis
993 5585 1076 5634 est
1119 5581 1378 5642 intuenda
1401 5629 1416 5654 ,
1447 5608 1608 5662 quam
1637 5595 1925 5668 Apostolus
1953 5564 2061 5664 non

482 5655 735 5715 humanis
762 5664 1012 5726 sensibus
1042 5674 1347 5743 explicavit.
1381 5655 1517 5736 Dum
1551 5695 1605 5740 et
1627 5655 1892 5749 Adamum
1914 5707 2062 5754 vete-

482 5760 600 5805 rem
628 5761 684 5808 ct
715 5753 1005 5818 Dominum
1051 5776 1298 5824 nostrum
1323 5767 1506 5830 Jesum
1545 5776 1820 5839 Christum
1857 5787 1925 5843 ad
1946 5790 2060 5860 pri-

483 5842 666 5906 mitias
693 5863 878 5912 rerum
911 5856 1178 5920 malarum
1214 5863 1586 5952 bonarumque
1619 5886 1840 5941 revocat
1882 5842 2060 5944 ae‘re-
2075 5951 2155 5979 ἢ

2195 615 2401 686 primus
2436 617 2610 674 Adam
2656 621 2920 678 habeatur
2966 626 3210 698 quisquis
3240 644 3339 700 per
3380 635 3620 708 vestigia
3675 639 3780 711 dm

2195 709 2398 764 erroris
2422 713 2741 779 incesserit,
2778 717 3047 774 secundus
3067 719 3240 778 Adam
3261 715 3355 781 ille
3376 727 3452 783 sit
3480 730 3582 800 qui
3609 709 3780 790 Donni-

2195 815 2326 854 num
2363 801 2528 860 fuerit
2568 804 2830 864 imitatus.
2875 809 2944 866 Hi
2990 822 3118 869 sunt
3143 817 3250 874 duo
3289 819 3487 888 Adam,
3515 840 3705 884 novus
3729 837 3778 887 et

2195 899 2370 960 vetus,
2439 896 2580 952 sicut
2634 899 2926 970 Apostolus
2967 906 3046 961 ait
3081 921 3098 962 :
3131 907 3200 964 In
3229 910 3442 970 Christo
3473 918 3628 974 enim
3662 924 3778 980 Ian

2195 1004 2360 1060 neque
2409 990 2736 1049 circumcisio
2778 995 2979 1068 aliquid
3021 1001 3177 1071 ualet,
3224 1023 3388 1078 neque
3434 1017 3772 1086 prta-patina,

2193 1081 2286 1136 sed
2324 1098 2455 1138 nova
2480 1095 2744 1142 creatura.
2773 1089 2892 1146 Non
2937 1094 3082 1150 enim
3109 1099 3288 1169 magni
3316 1110 3400 1158 est
3431 1081 3632 1162 meriti
3660 1111 3774 1180 quid

2192 1175 2328 1233 foris
2361 1187 2555 1252 agatur
2597 1181 2656 1238 in
2701 1199 2928 1256 corpore
2970 1189 3208 1248 hominis
3229 1233 3248 1260 ,
3290 1195 3387 1252 sed

2192 1275 2276 1324 est
2315 1272 2444 1341 quid
2487 1282 2682 1346 agatur
2713 1276 2771 1332 in
2803 1287 3004 1336 mente.
3052 1282 3112 1338 In
3155 1293 3337 1342 mente
3363 1287 3610 1347 edicitur
3651 1311 3776 1353 non

2191 1549 2394 1607 minem
2463 1555 2698 1624 pertinet
2757 1571 3080 1628 praesentem
3132 1569 3389 1626 mundum
3447 1575 3772 1651 despicere,

2191 1643 2504 1701 transitoria
2545 1663 2654 1704 non
2703 1664 2906 1726 amare,
2957 1665 3194 1715 mentem
3228 1643 3631 1724 medullitus—in
3675 1643 3771 1728 hu;

2190 1733 2419 1791 militate
2464 1737 2575 1794 Deo
2627 1749 2684 1796 et
2736 1745 2984 1814 proximo
3039 1757 3300 1818 sternere,
3339 1767 3518 1815 contra
3583 1763 3769 1824 illatas

2193 1829 2546 1886 contumelias
2588 1833 2904 1902 patientiam
2952 1855 3190 1910 servare,
3245 1854 3300 1902 et
3351 1853 3616 1909 custodita
3675 1873 3770 1928 pa-

2195 1919 2378 1975 tientia
2426 1921 2664 1980 dolorem
2711 1927 2933 1988 malitire
2974 1949 3008 1988 a
3049 1936 3214 1994 corde
3258 1942 3543 2012 expellere,

2191 2013 2408 2082 propria
2433 2015 2672 2072 tribucre
2695 2058 2712 2085 ,
2753 2018 2928 2076 aliena
2958 2039 3066 2080 non
3094 2031 3520 2110 concupiscere:
3535 2041 3765 2100 amicum

2191 2103 2246 2158 in
2283 2104 2392 2160 Deo
2429 2107 2651 2178 diligere
2687 2121 2908 2182 propter
2949 2114 3139 2186 Deum,
3184 2105 3248 2176 et-
3287 2139 3384 2180 eos
3430 2129 3529 2196 qui
3565 2131 3767 2190 inimici

2189 2204 2316 2250 sunt
2343 2212 2556 2263 amare,
2601 2201 2668 2257 de
2691 2201 2979 2264 amictione
3007 2211 3241 2279 proximi
3263 2213 3478 2288 lugere,
3505 2221 3574 2277 de
3599 2222 3778 2283 morte

2188 2285 2304 2357 ejus
2326 2288 2418 2360 qui
2445 2291 2694 2350 inimicus
2726 2304 2810 2352 est
2846 2314 2955 2356 non
2998 2305 3290 2364 exsultare.
3343 2307 3445 2369 Hic
3475 2324 3562 2371 est
3591 2333 3769 2375 secun-

2187 2379 2290 2436 dus
2312 2381 2504 2438 Adam.
2537 2384 2644 2444 Iste
2673 2399 2758 2446 est
2783 2406 2954 2450 novus
2990 2397 3154 2455 homo
3195 2416 3360 2472 quem
3403 2407 3664 2469 Christus
3697 2432 3768 2473 re-

2187 2471 2340 2528 duxit
2365 2477 2432 2531 ad
2469 2477 2655 2545 cmlos,
2693 2480 2835 2538 sicut
2859 2484 2975 2554 ipse
2995 2471 3277 2562 discipulis
3302 2497 3422 2554 suis
3445 2501 3530 2558 ait
3557 2521 3572 2558 :
3603 2471 3762 2562 Naso

2186 2566 2419 2622 ascendit
2448 2569 2502 2624 in
2530 2571 2714 2629 mlum
2743 2575 2844 2630 nisi
2885 2579 2976 2648 qui
3002 2579 3267 2641 descendit
3295 2588 3366 2643 de
3405 2592 3562 2661 celo,
3601 2590 3764 2654 Filius

2185 2655 2410 2712 hominis
2449 2661 2540 2732 qui
2575 2673 2651 2719 est
2688 2667 2746 2722 in
2779 2667 2928 2725 calo.
2967 2667 3067 2726 Cui
3103 2679 3388 2736 scutalia:
3647 2703 3767 2744 con-

2187 2747 2374 2803 cordat
2411 2752 2556 2821 quod
2589 2753 2705 2825 ipsa
2748 2759 2962 2818 Veritas
2991 2764 3165 2822 dicit:
3199 2767 3384 2837 Pater,
3433 2775 3554 2831 uolo
3587 2791 3646 2833 ut
3681 2781 3767 2836 ubi

2185 2853 2278 2908 ego
2307 2856 2444 2909 sum,
2473 2853 2522 2898 et
2550 2845 2650 2916 ipsi
2676 2849 2783 2904 sint
2803 2868 3027 2910 mecum.
3065 2857 3202 2926 Quia
3230 2862 3336 2919 sibi
3369 2865 3488 2936 ipse
3509 2869 3770 2929 Dominus

2186 2926 2240 2982 in
2263 2931 2444 2988 verbis
2465 2935 2578 2992 suis
2606 2951 2716 2995 non
2748 2941 3046 3017 discrepat,
3076 2951 3174 3007 sed
3195 2955 3268 3010 ad
3300 2926 3624 3028 inquirenda

2185 3023 2337 3092 quasi
2377 3025 2738 3088 discordantia
2784 3038 3024 3097 studium
3060 3047 3264 3104 mentis
3551 3055 3770 3115 inﬂam-

2185 3125 2316 3172 mat.
2346 3116 2546 3179 Omnes
2577 3127 2725 3183 enim
2767 3145 2866 3189 nos
2887 3135 2983 3205 qui
3013 3137 3071 3192 in
3115 3138 3235 3209 ejus
3267 3141 3364 3200 ﬁde
3395 3147 3506 3202 nati
3546 3163 3765 3219 sumus,

2109 3243 2156 3312 c
2185 3205 2300 3276 eius
2337 3211 2455 3268 sine
2481 3214 2642 3274 dubio
2673 3233 2872 3291 corpus
2904 3205 3213 3289 existimas.
3251 3235 3392 3302 Quia
3423 3237 3592 3308 igitur
3629 3243 3772 3300 min

2179 3579 2271 3648 qui
2297 3579 2560 3639 descendit
2591 3586 2658 3642 de
2683 3589 2830 3646 ctelo.
2859 3593 2998 3662 Quia
3029 3597 3156 3657 dum
3182 3617 3286 3660 nos
3316 3619 3495 3663 unum
3523 3579 3650 3667 arm
3669 3612 3768 3681 :illo

2172 3667 2289 3740 jam
2309 3671 2477 3731 futuri
2510 3692 2715 3747 sumus,
2756 3685 2900 3742 unde
2927 3689 3076 3747 solus
3107 3694 3256 3750 venit
3284 3695 3342 3751 in
3361 3713 3448 3765 se,
3469 3699 3606 3758 illuc

2179 3765 2322 3822 redit
2339 3767 2504 3824 etiam
2535 3771 2592 3827 in
2615 3774 2791 3842 nobis,
2819 3787 2876 3832 et
2911 3779 3004 3836 ille
3028 3783 3124 3854 qui
3154 3785 3212 3842 in
3245 3788 3392 3847 melo
3419 3807 3646 3864 semper
3667 3806 3765 3863 est,

2179 3855 2248 3911 ad
2305 3859 2504 3917 coelum
2549 3867 2792 3935 quotidie
2839 3875 3102 3933 ascendit.
3153 3878 3292 3947 Quia
3337 3885 3439 3955 qui

2179 3960 2342 4016 super
2374 3952 2556 4009 omnia
2598 3971 2892 4029 permanet,
2942 3965 3298 4031 humanitatis
3348 3952 3469 4035 sua
3515 3995 3766 4054 compage

2179 4055 2300 4098 sese
2331 4047 2571 4115 quotidie
2595 4053 2666 4109 ad
2695 4056 2865 4114 ctelos
2891 4061 3076 4118 trahit.
3107 4063 3226 4122 Non
3257 4084 3395 4142 ergo
3421 4088 3485 4130 se

2177 4131 2414 4191 humana
2449 4137 2733 4212 fragilitas.
2784 4146 3055 4222 Unigeniti
3101 4131 3353 4230 sanguini

2176 4227 2410 4296 pretium
2453 4247 2614 4289 suum
2660 4241 2958 4310 conspiciat
2978 4246 3161 4317 gquam
3207 4267 3470 4326 magnum
3507 4273 3601 4318 est
3627 4267 3767 4336 quod

2177 4326 2387 4376 tantum
2412 4322 2570 4380 valet.
2600 4324 2906 4400 Perpendat
2939 4337 3169 4397 sollicite
3204 4322 3500 4421 uhi'caput
3539 4322 3772 4424 pra-tues-

2175 4408 2265 4465 sit.
2298 4411 2367 4467 Et
2397 4429 2522 4484 qua:
2554 4418 2624 4474 ad
2671 4421 2957 4483 vivendum
2995 4438 3281 4506 praeceptis

2176 4503 2503 4568 sperandum
2557 4513 2817 4582 exemplis
2877 4503 3192 4581 mboretur:
3253 4503 3542 4606 Conﬁdatv,

2172 4969 2380 5018 sentem
2425 4969 2686 5027 mundum
2731 4991 2998 5050 qummre,
3031 4969 3361 5048 transitoria
3391 5009 3461 5052 ex

2166 5507 2231 5564 de
2255 5510 2540 5571 amictione
2559 5522 2790 5588 proximi
2811 5528 3068 5599 gaudere,
3103 5533 3170 5588 de
3203 5545 3383 5594 morte
3413 5541 3640 5604 inimici
3671 5507 3776 5610 ex:

2163 5603 2384 5662 sultare.
2425 5608 2628 5667 Cuncta
2662 5614 2778 5672 hmo
2805 5629 3016 5678 vetusta
3045 5634 3190 5696 sunt,
3219 5629 3573 5706 hominisque
3603 5643 3774 5702 vide-

2163 5693 2290 5751 licet
2334 5700 2400 5755 de
2441 5703 2623 5760 radice
2663 5711 2842 5771 trahit,
2867 5693 3286 5788 corruptionem.
3321 5693 3558 5786 interest
3600 5747 3777 5796 vetus

2160 5787 2351 5858 Adam,
2390 5793 2484 5865 qui
2508 5795 2565 5852 in
2585 5796 2881 5874 Scripturis
2903 5787 3070 5867 sacris
3105 5822 3354 5873 terrenus
3374 5787 3623 5879 dicitura

2978 5901 3040 5968 ite
3097 5905 3318 5970 Christi.
3375 5909 3484 5972 Istc
3522 5929 3772 5999 seum
